1912 3073
97 157 165 190 ἇο45

574 158 624 188 DE
640 156 876 189 INYENTIONE
898 155 1050 185 SANCTr‘E
1066 155 1212 185 CRUCIS.

1662 151 1734 184 40ἷῦ

97 212 276 248 ὲκϐακχεύων
303 213 402 244 αὐτοὺς
428 213 442 240 ὁ
457 213 576 249 πονηρὸς
601 214 724 249 δαίμων,
741 214 791 240 οὐκ
800 214 888 240 εἴασεν

944 219 1018 246 pore,
1033 220 1065 239 eo
1083 211 1285 244 conduxerunt,
1295 211 1475 245 celeriterque
1490 210 1588 238 civitas
1600 215 1640 237 est
1650 210 1737 237 anhli-

97 259 192 290 αὖτοὺς
216 259 351 294 ἠρεμεῖν,
371 259 438 285 ἀλλὰ
464 260 634 292 ἀποστάντες
665 260 714 295 τῆς
744 259 889 295 Ῥωμαίων

98 304 234 340 ὑποταγῆς
248 325 255 336 ,
273 305 448 340 κατέστησαν
467 304 576 337 ἑαυτοῖς
591 305 745 340 στασιώτην
763 305 823 332 τινα
841 313 891 331 κα-

98 350 226 386 λούμενον
239 350 430 386 Βαρχωχίϐαν.
445 351 540 378 Ταῦτα
556 351 676 384 ἀκούσας
689 352 702 378 ὁ
716 351 824 386 Καῖσαρ
838 351 890 378 ἀπ-

98 397 216 424 έστειλεν
228 398 270 423 ἐπ’
283 398 382 429 αὐτοὺς
394 397 566 434 στρατόπεδα
580 397 740 433 πάμπολλα,
750 399 797 424 καὶ
810 397 889 423 πολυ-

97 443 212 478 χρονίως
236 443 414 477 ἐπολιόρκουν
442 444 491 478 τὴν
507 443 603 474 πόλιν,
625 443 677 475 ἕως
700 445 730 471 οὐ
758 443 830 478 λιμῷ
843 443 890 470 καὶ

96 489 158 525 δίψῃ
170 489 302 524 διεφθάρη
317 490 369 521 πᾶς
385 489 398 515 ὁ
416 489 480 521 λαὸς
497 490 527 516 ἐν
542 489 623 525 αὐτῇ.

130 575 205 612 Αὕτη
233 576 304 602 ἐστὶν
335 576 351 611 ὴ
376 576 479 611 ἐσχάτη
507 577 649 611 ἐρήμωσις
671 576 722 611 τῆς
747 576 889 609 Ἰουδαίας.

96 622 205 653 Πάντας
227 621 281 656 γὰρ
304 622 368 653 τοὺς
394 621 541 653 Ἰουδαίους
563 621 760 657 ἐξολοθρεύσας
780 622 828 648 καὶ
851 623 890 654 εἰς

97 668 214 703 παντελῆ
235 668 352 703 ἐρημίαν
377 668 553 704 καταστήσας
575 668 625 703 τὴν
648 668 743 699 πόλιν,
763 668 890 695 ἐκέλευσε

96 717 151 747 τοῖς
167 714 282 749 Ἕλλησι
298 714 425 749 κατέχειν
438 714 535 749 αὐτὴν,
550 714 659 750 γράψας
668 714 750 749 νόμον
760 714 890 749 δογματι-

95 761 150 792 κῶς
176 759 333 793 κελεύοντα,
355 760 457 795 μηκέτι
483 760 547 791 τοὺς
573 760 719 790 Ἰουδαίους
740 759 890 794 ὀφθαλμοῖς

95 804 160 838 ὁρᾷν
178 804 230 838 τῆς
251 803 382 838 πατρῴας
402 803 454 838 γῆς
469 803 499 829 τὺ
516 803 625 838 ἔδαφος.
644 803 676 830 Οἱ
698 804 727 830 δὲ
746 804 890 840 οἰκήτορες

96 849 148 876 τῶν
165 850 360 885 Ἰεροσολύμων
371 850 401 882 ἐξ
416 850 573 885 ἀλλοφύλων
584 851 765 886 τυγχάνοντες
789 851 890 886 στήλην

943 262 1013 285 cata.
1049 257 1147 284 Verum
1177 257 1263 285 mulus
1289 258 1388 285 iterum
1416 257 1511 292 genius
1537 257 1589 283 illis
1619 261 1736 283 tuentem

942 302 1072 336 eripiens,
1098 302 1205 336 quietos
1222 309 1284 330 e:se
1299 311 1350 329 nou
1365 302 1439 330 sivit.
1452 303 1549 337 itaque
1570 312 1583 328 a
1600 302 1738 330 llomano-

945 355 1004 374 rutn
1034 348 1193 375 deﬁcientes
1221 348 1347 383 imperio,
1369 348 1419 376 sibi
1435 356 1484 384 pro
1499 356 1562 383 rege
1576 349 1736 376 seditioSum

943 393 1104 426 quemdam,
1132 392 1344 421 Barchoclu-ban
1378 395 1505 427 nomine,
1523 395 1734 421 constituerunt.

942 438 1019 472 Quod
1034 440 1127 466 statim
1150 443 1180 466 ut
1193 439 1287 467 Caesar
1304 441 1417 474 audivit,
1439 448 1536 476 magno
1552 440 1578 467 in
1594 448 1641 467 eos
1657 448 1737 468 exer-

900 492 904 496 ·
943 485 998 511 citu
1027 485 1128 518 misso,
1151 486 1247 514 urbem
1272 494 1366 513 eorum
1392 487 1486 514 tandiu
1511 486 1629 519 obsedit,
1649 487 1736 515 donec

943 538 1049 563 omnes,
1065 533 1110 566 qui
1126 533 1152 560 in
1168 541 1200 560 ea
1219 539 1308 566 erant,
1328 533 1399 560 fante
1421 539 1449 561 et
1463 534 1507 561 siti
1524 534 1734 562 conﬁcerentur.

975 577 1064 611 Atque
1081 578 1138 604 hmo
1155 578 1205 606 fuit
1220 579 1312 606 ultima
1328 579 1449 606 Judatcaa
1466 580 1552 614 gentis
1570 580 1732 608 devastatio.

943 621 1078 651 Omnibus
1097 624 1169 651 enim
1187 624 1288 652 Judaris
1309 626 1495 653 internecione
1508 626 1596 659 czesis,
1615 626 1735 660 urbeqne

942 668 976 694 ad
1002 675 1105 696 meram
1123 669 1298 698 solitudinem
1322 671 1378 706 jam
1406 672 1527 704 redacta,
1555 679 1648 698 rursus
1673 679 1732 698 eam

943 713 1117 748 instauravit,
1142 721 1168 743 et
1184 725 1198 743 a
1223 716 1325 744 Grteeis
1346 717 1465 743 habitari
1488 718 1627 752 praecepit,
1650 718 1733 753 legem

942 760 983 787 eis
1007 761 1199 795 prtescribens,
1228 770 1280 796 qua
1307 770 1438 797 expresse
1463 763 1619 797 cavebatur,
1642 772 1675 791 ne
1690 765 1735 791 cui

941 806 1056 840 posthac
1072 806 1228 834 Iudaeorum
1249 809 1346 842 patriae
1367 809 1457 836 solum
1475 809 1563 837 oculis
1579 809 1679 837 intueri
1699 810 1735 837 ii—

941 857 1028 880 ceret.
1046 852 1146 881 Incolae
1169 859 1262 881 autem
1279 854 1536 891 Hierosolymitani,
1552 861 1671 884 externa:
1688 864 1736 883 na-

95 896 134 931 ἰᾦ
152 896 335 931 αὐτοκράτορι
350 896 462 932 ἵδρυσαν
479 897 509 923 ὲν
528 896 603 932 αὑτῷ
615 897 654 933 τῷ
669 897 734 933 ἱερῷ
748 898 824 932 παρὰ
839 898 888 934 τὴν

944 899 1023 928 tionis
1038 899 1177 932 homines,
1195 901 1352 928 coiunmam
1378 902 1533 936 imperatori
1553 903 1578 930 in
1594 903 1652 938 ipso
1667 909 1735 930 tem-

94 942 200 977 ὡραίαν
216 942 314 977 πύλην,
327 943 372 969 καὶ
381 943 548 978 ἀμείψαντες
564 944 594 970 τὸ
605 943 691 978 ὄνομα
705 943 756 978 τῆς
772 943 887 978 πόλεως,

95 988 228 1015 ἐκάλεσαν
256 989 340 1023 αὐτὴν
371 990 416 1015 ἐπὶ
443 989 483 1024 τῷ
510 989 624 1024 ὀνόματι
643 985 700 1016 ’τοῦ
725 989 889 1025 κρατοῦντος

97 1035 201 1062 Λίλίαν.
225 1035 258 1061 Ἦ
272 1035 300 1061 δὲ
325 1036 378 1070 πρὸ
393 1035 495 1062 τούτων
506 1036 560 1063 τῶν
572 1036 676 1072 χρόνων
692 1037 721 1063 ἐν
742 1037 889 1072 Ἱεροσολύ-

95 1087 157 1112 μοις
167 1079 233 1112 ἁγία
245 1079 395 1113 Ἐκκλησία
403 1080 434 1112 ἐξ
447 1081 582 1116 Ἐϐραίων
595 1082 715 1108 συστᾶσα
728 1082 889 1117 οὑκὲδέχετο

96 1122 247 1149 ἐπίσκοπον
276 1124 474 1159 ἁπερίτμητον.
513 1125 584 1157 Τοὺς
606 1126 635 1152 δὲ
664 1127 778 1161 χρόνους
799 1127 889 1154 αὐτῶν

98 1168 269 1203 συγχωρήσει
286 1176 331 1203 μοι
345 1170 362 1203 ὴ
375 1169 484 1205 ὁσιότης
502 1169 580 1205 ὑμῶν
597 1171 769 1206 ὰπορήσαντι
784 1172 821 1207 μὴ
837 1171 890 1198 δια-

97 1213 228 1247 σημᾶναι,
245 1213 276 1240 οὺ
294 1214 349 1248 γὰρ
373 1213 406 1241 ἂν
419 1215 539 1247 εὐκόλως
549 1215 626 1251 εὖροι
642 1225 685 1248 τις
710 1215 830 1244 πώποτε.
849 1217 889 1244 Τὰ

94 1257 123 1283 δὲ
147 1258 268 1293 ὀνόματα
290 1259 381 1287 αὐτῶν
397 1261 456 1286 ὲστι
480 1261 578 1288 ταῦτα.
599 1262 711 1297 Πρῶτος
730 1263 858 1294 Ἰάκωϐος
876 1264 890 1289 ὸ

95 1303 142 1329 τοῦ
152 1304 257 1339 Κυρίου
271 1305 398 1339 ἀδελφὸς,
414 1306 521 1341 Σιμεὼν
535 1308 549 1334 ό
559 1307 606 1334 τοῦ
618 1309 740 1341 Κλεόπα,
762 1310 889 1341 Ἰοῦστος,

95 1350 212 1385 Ζαχαῐος
229 1351 295 1387 (46),
315 1353 425 1386 Τοϐίας,
441 1354 582 1389 Βενιαμὶν,
601 1355 736 1390 Ἰωάννης,
754 1356 887 1389 Ματθίας,

96 1396 241 1430 Φίλιππος,
272 1399 401 1431 Σενέκας,
439 1399 565 1433 Ἰοῦστος,
581 1401 680 1436 Λεϐῆς,
704 1402 890 1437 Ἐφρῆς,Ὶω-

96 1442 172 1478 σὴφ,
203 1443 315 1476 Ἰούδας.
346 1442 428 1472 Οὗτοι
461 1447 563 1478 πάντες
594 1448 626 1473 ὲκ
660 1449 711 1482 τῆς
738 1450 890 1485 περιτομῆς

94 1489 231 1525 ὑπῆρχον,
251 1491 316 1518 δέκα
334 1492 381 1519 καὶ
398 1493 479 1519 πέντε
496 1493 540 1520 τδν
551 1494 679 1529 ἀριθμόν.
693 1495 746 1521 Καὶ
762 1496 890 1530 συνάγον-

93 1544 140 1562 ται
157 1537 212 1562 ἀπὺ
226 1538 276 1573 τῆς
294 1539 424 1570 ἁλώσεως
445 1540 641 1576 Ἰεροσολύμων
653 1560 660 1573 ,
679 1541 731 1573 ἕως
747 1541 796 1576 τῆς
809 1542 889 1568 ὑστὲ‹

95 1591 146 1616 ρας
164 1583 325 1619 πολιορκίας
340 1585 386 1612 καὶ
404 1587 454 1621 τῆς
462 1587 517 1613 τῶν
538 1587 674 1614 Ἰουδαίων
688 1588 794 1620 τελείας
810 1588 888 1615 ὲκϐο-

94 1627 144 1662 λῆς
157 1627 205 1664 ἐτη
218 1631 388 1665 πεντήκοντα
398 1631 469 1658 ὀκτώ
483 1632 550 1667 (47).

138 1759 170 1786 Ἠ
183 1759 213 1785 δὲ
233 1761 303 1787 κατὰ
320 1760 370 1794 τὴν
392 1761 487 1788 Αἰλίαν
508 1764 630 1790 συστᾶσα
649 1765 716 1798 ἁγία
741 1767 889 1802 Ἐκκλησία

94 1805 125 1837 ἐξ
137 1804 223 1831 ἐθνῶν
246 1807 417 1841 τυγχάνουσα
433 1826 440 1839 ,
469 1808 578 1842 πρῶτον
602 1809 719 1846 moan
738 1812 888 1839 ἐπίσκοπον

92 1849 123 1882 ἐξ
149 1850 235 1876 ἐθνῶν
258 1851 390 1886 Μάρκον,
411 1851 496 1887 ἄνδρα
520 1853 590 1879 κατὰ
612 1854 702 1882 πάντα
725 1856 887 1889 ἁγιώτατον.

92 1894 236 1926 Μαθόντες
247 1895 275 1921 δὲ
288 1896 320 1921 ὲκ
334 1896 513 1931 παραδόσεως
530 1898 554 1923 οί
575 1900 666 1926 πιστοὶ
676 1900 722 1926 τὸν
744 1901 826 1928 τόπον
840 1903 886 1930 τοῦ

91 1941 174 1974 ἁγίου
196 1941 318 1975 Γολγοθᾶ
342 1945 517 1978 κεχωσμένων
537 1945 578 1971 ἔτι
600 1946 647 1972 καὶ
665 1947 756 1983 ἀφανῆ
784 1951 888 1984 τυγχά-

91 1995 184 2018 νοντα,
194 1987 336 2022 ἐρχόμενοι
343 1988 518 2025 καθ’ήμέραν
527 1992 684 2027 σεϐασμίως
693 1996 887 2029 προσεκύνουν·

91 2032 163 2066 ὅπερ
179 2032 346 2067 θεωροῦντες
361 2034 386 2060 οι
403 2034 606 2070 εἰδωλολάτραι,
620 2036 666 2063 τοῦ
682 2037 806 2065 διαϐόλου
820 2040 887 2066 ὑπο-

91 2077 238 2110 ϐἀλλοντος
255 2079 356 2113 αὐτοῖς,
377 2079 557 2117 ᾠκοδόμησαν
568 2083 657 2110 ἐκεῖσε
677 2085 740 2112 ναὸν
751 2086 790 2120 τῷ
805 2086 889 2120 ἁγάλ-

91 2131 160 2157 ματι
176 2123 225 2157 τῆς
239 2123 397 2158 ἀκαθάρτου
410 2124 539 2160 δαίμονος
561 2127 733 2164 Ἀφροδίτης.
757 2130 888 2158 Κωλυθὲν

89 2168 118 2194 δὲ
131 2168 163 2194 τὸ
179 2168 233 2194 τῶν
247 2169 421 2204 Χριστιανῶν
434 2170 536 2206 πλῆθος
557 2170 608 2207 τῆς
621 2175 650 2200 ὲν
662 2173 701 2209 τῷ
721 2175 799 2211 τόπῳ
819 2185 887 2212 προ-

90 2214 155 2240 ὁδου
170 2234 177 2246 ,
197 2215 332 2248 ἄγνωστοι
360 2217 417 2248 τοῖς
439 2217 546 2250 πολλοῖς
561 2218 654 2246 λοιπὸν
671 2221 697 2246 οἱ
715 2221 789 2255 ἅγιοι
810 2222 888 2249 τόποι

89 2262 224 2295 ἐγίνοντο.

132 2352 266 2379 Ἀπέθανε
280 2354 308 2380 δὲ
326 2354 465 2390 Ἀδριανὸς
478 2376 484 2387 ,
505 2355 553 2382 καὶ
566 2356 743 2384 ἐϐασίλευσεν
761 2359 887 2386 Ἄντωνῖ-

87 2407 134 2428 νος
155 2399 170 2424 ὀ
188 2398 311 2435 Εὐσεϐὴς
334 2401 393 2428 ἀντ’
411 2401 495 2428 αὐτοῦ
507 2402 594 2429 εἴκοσι
615 2403 719 2430 καὶδύο
733 2405 792 2442 ἐτη.
809 2408 887 2434 Μετὰ

87 2444 183 2471 τοῦτον
194 2445 222 2471 δὲ
236 2446 513 2483 ΜάρκοςἈουρήλιος
528 2449 643 2484 Οὑῆρος,
655 2450 685 2477 ὃν
699 2452 746 2478 καὶ
766 2452 888 2480 Ἀντωνῖ-

87 2499 135 2522 νος
149 2491 164 2515 ὸ
179 2491 236 2523 υἱὸς
249 2492 333 2519 αὑτοῦ
355 2493 403 2520 σὺν
418 2494 466 2520 καὶ
483 2495 593 2530 Λουκίῳ
608 2497 716 2533 ἀδελφῷ
732 2498 886 2533 διαδέχεται

87 2534 136 2570 ἔτη
149 2537 388 2571 τεσσαρακαίδεκα
400 2539 467 2574 (48).
481 2540 607 2576 Διωγμοῦ
619 2542 647 2568 δὲ
657 2543 815 2578 κινηθέντος
826 2545 889 2572 πολ·

86 2580 130 2606 λοὶ
153 2581 284 2616 γεγόνασι
314 2584 452 2621 μάρτυρες
481 2585 607 2620 θανόντες
634 2589 783 2624 προθύμως
817 2591 888 2628 ὑπὲρ

86 2626 223 2659 Χριστοῦ.
245 2630 352 2665 Σημεῖα
376 2631 404 2657 δὲ
428 2632 535 2666 μεγάλα
569 2634 686 2668 ἐγίνετο,
711 2635 782 2663 ὥστε
807 2626 888 2665 αὐτὸν

86 2672 135 2699 τδν
159 2675 288 2711 Καίσαρα
312 2678 437 2713 Μάρκον,
464 2679 513 2705 σὺν
537 2681 618 2707 παντὶ
640 2682 679 2717 τῷ
702 2684 886 2720 στρατεύματι

85 2719 195 2754 αὐτοῦ,
215 2722 312 2749 σπάνει
340 2722 438 2754 ὓδατος
464 2724 596 2760 μέλλοντα
618 2719 836 2766 διαφθείρεσθαι,
852 2733 885 2767 τῇ

940 946 984 979 pio
1005 950 1170 979 statuerunt,
1197 954 1281 982 prope
1304 953 1410 982 portatur
1427 948 1597 982 Speciosam,
1616 957 1731 976 nomen—

939 999 994 1026 que
1018 992 1197 1020 immutantes
1218 993 1350 1026 civitatis,
1373 995 1407 1020 ab
1431 995 1605 1028 imperatoris
1624 995 1734 1022 nomine

940 1037 1039 1065 .‘Eliam
1066 1038 1250 1078 appellarunt.
1281 1039 1384 1067 Sancta
1414 1046 1517 1072 autem,
1545 1050 1605 1076 qua:
1629 1047 1692 1070 ante
1709 1043 1732 1068 id

941 1084 1048 1115 tempus
1074 1081 1163 1108 fuerat
1197 1082 1392 1118 Hierosolymis
1428 1084 1564 1118 Ecclesia,
1597 1086 1732 1113 neminem

941 1125 993 1152 nisi
1019 1126 1210 1154 circumcisum
1242 1129 1275 1155 ad
1300 1129 1419 1164 episcopi
1447 1138 1545 1158 mtmus
1574 1132 1732 1159 admiserat.

941 1171 1021 1199 Dabit
1049 1179 1138 1200 autem
1167 1175 1273 1200 veniam
1298 1177 1432 1203 sanctitas
1460 1182 1529 1210 tua,
1564 1178 1586 1205 si
1615 1183 1731 1212 tempus.

940 1223 995 1250 quo
1023 1216 1139 1250 quisque
1164 1224 1258 1245 eorum
1290 1219 1350 1252 fuit,
1378 1228 1439 1247 culti
1461 1221 1549 1248 minus
1564 1228 1731 1257 compertum

943 1262 1070 1293 habeam,
1099 1271 1153 1290 non
1179 1264 1417 1299 demonstravero,
1444 1272 1540 1302 utpote
1569 1269 1640 1303 quod
1661 1269 1732 1295 haud

942 1306 1022 1335 facile
1038 1316 1053 1334 a
1068 1316 1206 1344 quoquam
1233 1311 1348 1338 inveniri
1374 1313 1506 1346 potuerit.
1528 1314 1661 1342 Cteterum
1685 1324 1734 1343 no-

942 1354 1016 1381 mina
1044 1355 1152 1382 illortnn
1174 1358 1232 1383 tunc
1261 1362 1349 1385 sunt:
1379 1359 1482 1392 primus
1506 1358 1624 1387 Iacobus
1651 1362 1734 1389 frater

943 1400 1063 1432 Domini,
1091 1401 1152 1428 dein
1172 1402 1282 1430 Simeon
1309 1403 1380 1430 ﬁlius
1399 1403 1538 1440 Clcophrc.
1556 1405 1662 1440 Justus,
1680 1407 1734 1435 Za-

942 1445 1045 1478 chazns,
1060 1446 1174 1481 Tobias,
1196 1449 1347 1483 Benjamin,
1365 1449 1496 1484 Joannes,
1512 1452 1652 1486 Matthias,
1671 1453 1735 1480 Phi-

943 1492 1044 1527 lippus,
1060 1493 1175 1528 Seneca,
1195 1494 1300 1528 Justus,
1317 1495 1393 1529 Levi,
1418 1496 1534 1532 Ephres.
1552 1498 1666 1534 Joscph,
1685 1499 1735 1527 Ju-

945 1539 1014 1572 das;
1039 1540 1085 1574 qui
1107 1549 1204 1568 omnes
1232 1543 1387 1576 quindecim
1403 1544 1662 1573 ett-circumcisione
1678 1547 1736 1574 fue-
1786 1546 1789 1549 ’

941 1591 1017 1613 runt.
1032 1586 1203 1622 Colliguntur
1216 1593 1306 1616 autem
1323 1597 1337 1616 a
1360 1591 1513 1617 vastatione
1531 1590 1735 1628 Hierosolymo-

941 1640 1002 1660 rum
1031 1642 1119 1668 nsque
1147 1635 1180 1661 ad
1211 1637 1281 1663 hanc
1296 1641 1463 1670 postremam
1481 1639 1661 1671 obsidionem,
1686 1639 1736 1667 Ju-

941 1680 1117 1715 dmorumqne
1132 1681 1254 1708 ultimam
1272 1683 1446 1717 ejectionem,
1461 1685 1524 1711 anni
1539 1685 1734 1721 quinquaginta

940 1731 1012 1752 00ῐο-

978 1771 1076 1798 Sancta
1100 1772 1209 1799 interim
1232 1773 1352 1801 Ecclesia
1377 1770 1456 1802 Aillize
1485 1777 1648 1809 constituta,
1673 1785 1736 1804 cum

940 1824 972 1843 ex
989 1817 1115 1852 gentibus
1133 1824 1216 1851 esset,
1243 1820 1360 1853 primum
1384 1829 1416 1848 ex
1435 1823 1562 1857 gentibus
1583 1829 1660 1858 creat
1676 1825 1734 1858 cpi-

940 1870 1051 1898 scopum
1071 1863 1191 1891 Marcum
1218 1866 1339 1898 nomine,
1359 1868 1446 1895 virum
1474 1870 1537 1896 vitae
1552 1871 1735 1899 sanctimonia

941 1910 1100 1944 comprimis
1122 1912 1314 1946 conspicuum.
1337 1914 1473 1942 C:eterum
1502 1916 1608 1950 ﬁdeles,
1626 1926 1687 1945 cum
1701 1926 1735 1946 ex

942 1955 1089 1982 traditione
1106 1956 1239 1988 majorum
1258 1958 1346 1985 Ιο‹·ιιιιι
1376 1961 1446 1987 sacri
1465 1963 1566 1989 montis
1580 1963 1733 1997 Golgothw.

940 2002 985 2036 qui
1007 2001 1063 2036 jam
1092 2002 1227 2030 ohsourus
1254 2012 1285 2030 ac
1312 2005 1426 2033 obrutus
1462 2013 1532 2041 erat,
1562 2009 1733 2042 didicissent,

940 2047 1063 2082 quotidie
1079 2048 1113 2074 ad
1128 2048 1202 2074 illum
1224 2050 1395 2083 accedentes,
1419 2053 1543 2087 religiose
1561 2055 1712 2083 adorabant
1726 2066 1733 2083 :

940 2094 1011 2127 quod
1028 2093 1176 2120 idololatrm
1193 2096 1358 2130 (onspicati,
1381 2098 1492 2126 diabolo
1510 2108 1557 2127 eos
1571 2101 1730 2136 instigante,

940 2139 1024 2166 aedem
1050 2139 1105 2166 iliic
1130 2145 1228 2169 statua:
1264 2143 1457 2178 impurissimo:
1480 2147 1538 2174 deae
1553 2147 1666 2177 Veneris
1694 2150 1735 2177 di-

941 2189 1030 2210 catam
1044 2190 1279 2221 construxerunt;
1303 2189 1438 2223 prohibita
1453 2196 1547 2226 Itaque
1563 2193 1735 2223 Christiano-

942 2237 999 2256 rum
1024 2229 1208 2264 multitudine,
1238 2241 1272 2260 ne
1287 2234 1320 2261 ad
1345 2242 1405 2262 eum
1430 2236 1518 2264 locum
1542 2245 1633 2273 posset
1656 2248 1736 2269 acce-

941 2275 1015 2305 dere.
1045 2275 1164 2310 ignorari
1190 2279 1299 2306 tandem
1321 2287 1336 2307 a
1354 2282 1447 2310 multis
1462 2291 1542 2312 sacra
1570 2285 1628 2313 loca
1642 2295 1735 2323 coepe-

940 2325 1015 2348 runt.

975 2365 1091 2394 Moritur
1115 2374 1205 2397 autem
1230 2371 1377 2405 Adrianus,
1400 2379 1426 2401 et
1443 2374 1502 2403 loco
1516 2377 1575 2412 ejus
1592 2378 1734 2414 imperavit

938 2412 1096 2441 Antoninus
1119 2415 1193 2448 Pius,
1218 2425 1306 2446 annos
1324 2420 1390 2446 duos
1408 2426 1434 2448 et
1449 2422 1543 2456 viginti
1562 2432 1568 2450 :
1584 2412 1645 2458 post
1660 2425 1733 2454 bunt:

939 2466 1004 2486 vero
1020 2459 1128 2488 Marcus
1145 2462 1276 2491 Aurelius
1297 2465 1393 2497 Verus,
1417 2467 1460 2494 cui
1480 2469 1562 2496 etiam
1578 2464 1734 2501 Antoninus

940 2505 1011 2532 [ilius
1027 2514 1088 2533 cum
1109 2507 1194 2536 Lucio
1223 2510 1309 2538 fratre
1335 2514 1460 2540 succedit.
1487 2523 1535 2549 per
1556 2524 1643 2545 annos
1667 2527 1734 2554 qua-

939 2551 1110 2586 tuordecim;
1138 2561 1257 2589 cumque
1281 2555 1376 2591 ingens
1395 2562 1551 2592 persecutio
1565 2569 1638 2591 esset
1660 2551 1732 2596 orta.

939 2597 1016 2624 multi
1042 2600 1176 2634 martyrio
1194 2601 1282 2639 allecti
1302 2610 1376 2636 sunt,
1395 2605 1459 2633 forti
1487 2608 1659 2646 inl'ractoque
1673 2613 1734 2639 ani-

937 2650 981 2668 mo
998 2651 1048 2677 pro
1065 2643 1176 2673 Christo
1190 2649 1350 2677 morientes.
1372 2650 1467 2687 Magna
1490 2660 1581 2682 autem
1597 2643 1673 2691 signa
1690 2659 1730 2684 tic-

941 2688 1019 2721 bant,
1036 2694 1075 2722 ut,
1098 2698 1160 2718 Clllll
1183 2692 1243 2727 ipse
1271 2694 1422 2730 imperator
1445 2698 1564 2734 Marcus,
1590 2688 1651 2729 cuin
1673 2703 1733 2730 uni-

942 2742 1021 2762 verso
1037 2737 1159 2766 exercitu
1180 2739 1207 2766 in
1223 2741 1373 2770 maximum
1397 2744 1544 2774 discrimen
1558 2752 1632 2775 esset
1646 2749 1732 2775 addu-

874 2809 990 2840 NOTAE.

85 2846 182 2910 “35:55)
197 2847 366 2884 Nicapltorus
387 2852 411 2879 in
433 2852 572 2886 Chronico,
590 2853 738 2883 Zacharias
764 2865 812 2892 pro
831 2858 884 2886 Za-

1043 2862 1111 2906 EOIIII.
1125 2865 1218 2906 ϐψω.
1233 2867 1307 2906 Ferr.
1322 2870 1368 2905 ἔτη
1384 2873 1561 2906 πεντήκοντα.

974 2897 1028 2932 (48)
1042 2897 1134 2926 Pollux
1152 2897 1200 2937 ἔτη
1221 2903 1262 2930 t0".
