1912 3073
84 112 156 145 4053

568 116 615 145 DE
632 113 869 163 lNVENTlONE
891 118 1044 147 SANC'I'E
1056 117 1203 147 CRUCIS.

1651 114 1722 147 401-4

85 169 172 201 οὕτως
193 170 323 205 ἄπρακτα
343 169 453 205 ἔμειναν
470 171 502 197 τὰ
522 171 567 197 τοῦ
590 172 724 207 τυράννου
738 173 875 208 προστάγ-

948 173 992 200 isze
1011 178 1086 206 sunt,
1114 173 1141 199 in
1168 177 1282 204 tantum,
1299 177 1328 199 ut
1343 172 1395 199 vivi
1419 171 1583 206 sepeliendis
1607 171 1720 198 mortuis

88 223 174 250 ματα.

935 226 988 245 non
1012 218 1177 246 sntlicerent.
1207 218 1307 245 Crebra
1337 218 1400 244 item
1427 216 1540 244 fulmina
1559 221 1586 244 et
1598 221 1720 251 portenta

86 261 316 292 immittebantur,
339 267 373 287 ex
389 267 444 295 quo
467 259 567 288 factum
591 266 632 289 est
649 268 676 290 ut
702 264 816 297 quilibet
832 262 868 290 de
885 264 967 291 rebus
982 263 1039 292 suis
1065 263 1177 292 solliciti
1194 263 1305 295 fuerint,
1324 262 1487 298 tyrannique
1519 263 1594 297 iussa
1624 262 1722 290 intem-4

87 308 301 343 permanserint.

129 365 160 391 Ὀ
174 365 202 391 δὲ
218 364 253 391 τὰ
278 365 367 392 πάντα
391 366 508 401 χρηστὸς
526 367 731 399 Κωνσταντϊνος
756 367 874 402 διεσώθη

89 411 158 446 προς
165 411 211 437 τὸν
229 412 327 438 οἰκεῖον
335 412 451 447 πατέρα.
461 412 490 439 '0
503 413 531 439 δὲ
545 413 693 448 δεξάμενος
709 413 792 440 αὑτὸν
806 413 882 448 ὑγιῆ,

91 457 138 482 καὶ
149 456 234 483 πολλὰ
244 457 282 490 τῷ
290 457 350 492 Θεῲ
364 458 576 494 εὐχαριστήσας,
594 459 652 493 μετ’
664 460 695 486 οὐ
706 459 774 486 πολὺ
789 459 818 485 δὲ
829 467 883 485 πα-

93 501 191 536 ραδοὺς
204 502 277 536 αὐτῴ
289 502 338 537 τὴν
351 502 500 537 βασιλείαν,
514 504 663 539 μετήλλαξε
678 505 723 531 τὸν
739 504 806 540 βίον.
826 505 883 532 'Av—

90 547 229 583 ηγορεύθη
238 548 266 575 δὲ
274 549 402 584 βασιλεὺς
410 550 424 576 ὁ
432 551 518 584 μέγας
527 552 715 583 Κωνστατῖνος
725 553 753 578 ἐν
760 552 799 586 τῷ
808 552 885 588 πρώ-

91 602 131 628 τῳ
143 594 260 630 ἐνιαυτῷ
275 595 324 629 τῆς
331 595 520 630 διακοσιοστῆς
538 597 741 632 ἑϐδομηκοστῆς
769 598 882 633 πρώτης

94 640 287 674 Ὀλυμπιάδος,
304 642 368 675 μηνὶ
381 642 492 677 Ἰουλίῳ,
506 644 616 678 εἰκοστῇ
637 644 685 670 καὶ
702 644 828 679 πέμπτῃ.
853 644 884 670 ὐ

92 685 120 712 δὲ
138 686 289 719 Μαξέντιος
307 687 491 722 πονηρότατος
515 689 624 716 πάντων
648 690 702 715 τῶν
725 689 777 724 πρὸ
801 689 884 715 αὐτοῦ

92 732 212 766 γεγονὼς
233 733 296 764 τοὺς
318 735 350 768 τῇ
376 732 468 769 Ῥώμῃ
491 735 663 766 ἐνοικοῦντας
683 735 815 770 ἀπέτριῦε
837 736 884 762 καὶ

93 777 214 811 μάλιστα
226 778 289 809 τοὺς
305 779 496 813 Χριστιανούς.
509 780 625 812 Πολλοὺς
636 781 683 807 οὖν
697 780 751 807 τῶν
767 781 885 815 πρώτων

971 367 1165 395 Constantinus
1185 371 1277 393 autem
1295 373 1342 400 per
1354 366 1446 392 omnia
1463 366 1678 393 immanissimus
1692 373 1726 393 ac

936 414 1157 448 benignissimus,
1172 415 1241 447 apud
1268 417 1372 445 patrem
1386 412 1462 439 vivus
1477 416 1519 439 est
1534 417 1725 446 conservatus,

936 467 1016 494 quem
1046 459 1090 486 ille
1116 466 1213 485 sanum
1243 458 1417 492 validumque
1448 458 1600 493 suscipiens
1634 458 1726 486 multis

939 507 992 532 Deo
1004 505 1100 540 gratiis
1123 505 1204 537 actis,
1234 511 1287 530 non
1307 504 1392 531 multo
1409 508 1482 539 post,
1505 512 1566 531 cum
1583 504 1620 531 Illi
1636 504 1724 539 impe-

937 552 1006 578 rium
1031 551 1200 582 tradidisset,
1227 551 1310 576 vitam
1336 554 1397 577 cum
1420 555 1508 578 morte
1535 550 1724 577 commutavit.

936 597 1050 624 Creatus
1066 602 1155 624 autem
1170 601 1212 623 est
1233 597 1382 630 imperator
1398 596 1594 624 Constantinus
1612 603 1726 631 magnus

937 650 1009 669 anno
1035 643 1122 676 primo
1143 641 1312 677 Olympiadis
1338 642 1534 670 ducentesima:
1559 641 1726 677 septuagesi-

938 697 988 716 ma:
1015 689 1108 723 primm
1138 696 1230 715 mense
1267 688 1350 718 Julio.
1381 689 1424 714 die
1454 688 1584 715 vicesimo
1618 688 1724 722 quinto.

938 734 1090 761 Maxentius
1106 742 1179 766 vero,
1202 734 1333 767 omnium,
1353 735 1399 768 qui
1422 739 1485 760 ante
1504 734 1591 768 ipsum
1605 734 1725 768 impera—

939 785 1046 811 verunt,
1083 778 1217 812 pessinttts
1247 786 1278 806 ac
1306 779 1517 807 seelestissimus
1549 788 1610 807 cum
1643 784 1726 812 esset,

93 823 228 856 φονεύσας
244 843 252 856 ,
267 825 314 850 καὶ
342 825 457 855 πολλοὺς
468 826 604 861 ὲξορίσας,
615 827 664 858 τὰς
680 827 773 858 οὐσίας
792 827 883 853 αὐτῶν

943 826 1037 853 multos
1066 825 1157 852 Romae
1180 830 1381 853 commorantes
1396 826 1537 858 exstinxit,
1565 830 1593 853 et
1618 825 1728 860 potissi~

92 868 254 904 διήρπαζεν.
279 870 317 905 Τῇ
351 871 380 897 δὲ
407 871 475 906 αὐτῇ
507 872 554 898 τοῦ
582 872 713 907 Γαλερίαν
741 872 883 908 χρώμενος

92 914 229 950 ἀκολασίᾳ
245 916 345 948 πολλάς
360 917 414 943 τῶν
436 918 587 953 ἐλευθέρων
606 919 745 953 γυναικῶν
762 919 882 954 ἐμίανεν,

91 961 190 997 ἑτέρας
211 962 240 988 δὲ
264 963 365 997 μυρίας
394 964 585 1000 ἀνοσιουργίας
612 966 658 992 καὶ
684 965 883 1001 ἁῤῥητοποιΐας

91 1007 274 1041 ἐπιτηδεύων,
291 1009 426 1044 ἀφόρητος
443 1010 526 1036 πᾶσιν
544 1010 662 1045 ὑπῆρχε,
678 1011 820 1044 γοητικαῖς
831 1019 882 1037 κα-

92 1053 310 1087 κομαγγανείαις
337 1054 489 1089 χρώμενος.
520 1046 578 1081 ηΤοῦ
610 1055 639 1082 δὲ
663 1055 782 1090 μεγάλου
811 1056 890 1082 Κων-

93 1097 235 1124 σταντίνου
253 1099 287 1125 τά
322 1099 415 1134 βόρεια
442 1100 489 1127 καὶ
512 1100 607 1127 δυτικά
633 1101 703 1136 μέρη
725 1101 776 1132 ἕως
806 1101 888 1128 αὑτοῦ

92 1143 140 1169 τοῦ
155 1144 286 1170 Ὠκεανοῦ
315 1145 519 1178 ὑποτάξαντος,
546 1144 580 1182 ἦν
605 1148 700 1183 εἰρήνη
726 1147 812 1182 πολλὴ
841 1147 890 1174 καὶ

93 1188 233 1224 θυμηδεία
249 1189 304 1224 (52)
321 1191 369 1216 καὶ
391 1191 561 1223 κατάστασις
577 1192 606 1218 ὲν
617 1192 665 1228 ὅλῃ
680 1193 714 1227 τῇ
733 1193 794 1219 κατ’
806 1192 887 1219 αὑτὸν

93 1235 250 1272 οἰκουμένῃ.

937 1248 990 1276 que
1017 1237 1215 1266 Constantinus
1249 1244 1374 1270 magnus,

938 879 1009 897 mum
1035 871 1215 898 Christianos.
1256 871 1322 898 Cum
1356 871 1447 905 itaque
1476 871 1574 898 multus
1601 879 1634 899 ex
1664 871 1727 901 illis.

936 926 1037 951 eosque
1060 918 1212 953 praecipuos
1245 918 1405 951 occidisset,
1442 912 1599 952 nmltosque
1634 917 1730 945 exsilio

935 964 1102 995 multasset,
1131 963 1199 991 bona
1231 964 1410 997 fortunasque
1445 965 1576 992 invadens
1608 963 1728 998 diripuit,

935 1013 1016 1043 atque
1043 1010 1148 1042 eadem,
1172 1016 1224 1043 qua
1243 1009 1369 1036 Galerius
1400 1009 1611 1044 intemperantia
1637 1016 1724 1041 usus,

941 1053 1040 1080 multas
1057 1053 1188 1087 ingenuas
1200 1053 1328 1080 mulieres
1343 1053 1414 1080 finde
1434 1052 1642 1084 contaminavit,
1660 1052 1729 1078 alia-

941 1107 995 1134 que
1014 1099 1040 1126 id
1068 1106 1153 1133 genus
1174 1098 1248 1125 mille
1272 1098 1373 1133 ﬂagitia
1400 1105 1571 1133 perpetrans,
1599 1106 1659 1132 qua:
1675 1097 1728 1125 dlci

941 1145 1017 1172 nefas
1030 1145 1078 1176 sit,
1093 1144 1272 1172 intolerabilis
1293 1144 1401 1171 cunctis
1416 1151 1479 1171 esse
1500 1144 1594 1178 cmpit,
1611 1144 1730 1178 magica-

941 1199 1000 1219 rum
1029 1190 1128 1218 artium
1145 1190 1306 1225 imposturis
1327 1190 1493 1224 impotenter
1511 1190 1629 1217 deditus.
1646 1188 1731 1216 Cum-

1414 1236 1614 1270 Septentrionis
1647 1240 1728 1270 atque

93 1283 252 1314 occidentis
290 1289 382 1318 partes
409 1292 494 1319 usque
526 1285 560 1313 ad
587 1284 725 1314 Oceanum
749 1287 910 1322 subegisset,
946 1294 1043 1322 magna
1069 1292 1121 1320 pax
1147 1292 1179 1312 ac
1208 1284 1268 1311 laeta
1298 1283 1480 1318 tranquillitas
1506 1283 1539 1310 iis
1565 1281 1732 1317 regionibus,

96 1337 157 1363 quae
173 1329 223 1362 ipsi
240 1331 381 1363 parebant,
399 1335 440 1357 est
456 1336 567 1364 exorta.

131 1385 164 1412 Οί
174 1385 202 1412 δὲ
212 1385 320 1421 Ῥώμης
330 1387 471 1422 οίκήτορες
479 1388 571 1423 δέησιν
578 1389 646 1424 πρὸς
652 1390 732 1417 αὑτὸν
738 1390 889 1418 ἐστείλαντο

96 1432 332 1468 παρακαλοῦντες,
344 1433 382 1468 μὴ
398 1434 524 1468 παριδεῖν
540 1434 590 1470 τὴν
605 1435 709 1471 μητέρα
726 1436 780 1462 τῶν
811 1437 888 1471 βασι-

97 1479 166 1506 λεων
183 1479 237 1505 ἀπὺ
251 1479 373 1514 ἀπηνοῦς
389 1480 534 1515 τυράννου,
558 1481 658 1516 μᾶλλον
672 1481 700 1507 δὲ
716 1482 884 1517 σαρκοϐόρου

96 1525 193 1560 θηρίου
209 1525 409 1561 ἀπολλυμένην.
427 1527 520 1554 Ταῦτα
543 1527 662 1559 ἀκούσας
676 1528 690 1554 ὁ
709 1528 795 1562 μέγας
810 1529 888 1554 Κων-

99 1572 239 1603 σταντῖνος
269 1572 314 1598 καὶ
338 1572 523 1608 συμπαθήσας
541 1573 645 1605 αὐτοῖς.
674 1574 816 1609 ἐφρόντιζε
843 1575 890 1601 τοῦ

98 1618 281 1654 ἐλευθερῶσαι
314 1620 414 1653 αὐτοὺς
441 1621 473 1647 ἐκ
498 1621 548 1656 τῆς
576 1622 721 1655 δουλείας,
749 1622 843 1649 ἐδεδίει
863 1622 892 1649 δὲ

97 1664 177 1691 τοῦτο
194 1665 238 1691 διὰ
253 1665 303 1697 τὰς
317 1666 445 1700 γοητείας
465 1667 512 1693 καὶ
532 1667 615 1694 αὑτοῦ
640 1668 890 1702 κακομαγγανεῐας.

102 1710 174 1745 Ἤδη
193 1711 249 1745 γὰρ
261 1711 299 1743 ὡς
315 1712 400 1738 πολλὰ
419 1713 536 1748 ἀνέτεμε
559 1713 653 1740 παιδία
680 1715 814 1749 προφάσει
843 1714 892 1749 τῆς

100 1755 232 1790 ἀθεμίτου
248 1758 330 1784 αὐτοῦ
350 1758 492 1792 μαντείας.
527 1759 573 1785 Ἐν
593 1759 678 1794 πολλῇ
697 1757 744 1787 οὖν
771 1761 892 1795 φροντίδι

99 1802 146 1828 καὶ
158 1801 253 1836 σκέψει
265 1803 415 1838 ὑπάρχοντι
428 1803 505 1840 ὤφθη
522 1804 600 1839 αὐτῷ
613 1806 642 1832 ὲν
653 1805 757 1840 κάμπῳ
771 1806 893 1840 διάγοντι

101 1847 170 1881 μετά
189 1847 244 1873 τῶν
265 1849 440 1882 στρατιωτῶν
461 1850 527 1885 περὶ
547 1850 722 1886 μεσημϐρίας
736 1851 892 1886 στηλοειδὴς

101 1892 218 1927 σταυρὸς
236 1894 268 1919 ὲκ
280 1894 369 1927 φωτὸς
390 1896 646 1930 κατεσκευασμένος
666 1896 734 1931 (55),
761 1897 790 1922 ὲν
806 1893 828 1930 ᾧ
843 1898 892 1923 ὲπ-

99 1939 266 1974 εγέγραπτο,
281 1949 291 1965 ‹
303 1941 347 1966 Ἐν
361 1941 447 1976 τούτῳ
459 1942 532 1968 νίκα.
553 1952 562 1967 ι
584 1943 722 1977 Ἔμφοεος
735 1943 764 1969 δὲ
779 1943 893 1978 γενόμε-

99 1993 144 2017 νος
159 1985 174 2010 ὁ
187 1984 325 2020 βασιλεὺς,
340 1986 433 2021 ἠρώτα
448 1986 511 2018 τοὺς
526 1988 573 2014 σὺν
589 1988 662 2023 αὐτῷ
675 2009 681 2020 ,
700 1989 724 2014 εἰ
750 1989 798 2014 καὶ
817 1989 894 2015 αὐτοί

99 2039 126 2057 τι
138 2030 295 2058 ἐθεάσαντο.
309 2033 340 2058 Οί
356 2033 384 2058 δὲ
409 2031 626 2068 ὁμολογήσαντες
643 2034 692 2069 τὴν
715 2033 802 2069 αὐτὴν
818 2034 894 2069 αὑτῷ

100 2078 255 2113 ἑωρακέναι
281 2077 427 2110 ὀπτασίαν,
443 2078 504 2104 τότε
526 2079 540 2104 6
558 2079 685 2113 βασιλεὺς
705 2080 895 2115 ἀναρρωσθεὶς

99 2122 139 2157 τῷ
153 2124 321 2158 φρονήματι,
338 2123 456 2159 θάρσους
472 2133 502 2150 τε
515 2125 563 2151 καὶ
582 2125 737 2161 προθυμίας
751 2126 894 2158 ἀνάπλεως

101 2165 146 2203 ἦν.
161 2168 201 2203 Τῇ
226 2168 254 2194 δὲ
286 2169 400 2205 ἐπιούσῃ
418 2171 496 2196 νυκτὶ
515 2172 629 2202 ἐπιστὰς
645 2173 660 2198 ὁ
688 2171 789 2207 Κύριος
817 2169 894 2198 εἶπεν

100 2213 177 2248 αὐτῷ
193 2221 199 2228 ⁸
221 2215 330 2250 Χρῆσαι
355 2215 393 2250 τῷ
407 2217 518 2250 φανέντι
540 2217 647 2252 σημείῳ
660 2237 666 2249 ,
681 2218 729 2244 καὶ
746 2217 794 2254 ἔσῃ
811 2218 893 2245 νικῶν
909 2228 932 2255 D

104 2259 211 2290 πάντας
236 2260 300 2291 τοὺς
324 2261 438 2296 ἐχθρούς
457 2271 514 2290 σου.
535 2262 658 2298 Ἡμέρας
684 2263 711 2290 δὲ
743 2264 892 2299 γενομένης

101 2304 219 2339 ἀμελητὶ
236 2305 379 2340 σχεδιάσας
394 2307 520 2343 σταυρὸν,
536 2307 624 2343 ὅσπερ
643 2308 724 2343 μέχρι
742 2308 791 2343 τῆς
807 2310 894 2344 σήμε-

103 2357 149 2383 ρον
165 2350 195 2375 ὲν
212 2350 268 2380 τοῖς
289 2350 434 2384 βασιλείοις
460 2352 625 2386 φυλάττεται
644 2373 652 2385 ,
673 2353 799 2380 ἐκέλευσε
827 2362 893 2390 προ-

85 2394 219 2427 λάγεσθαι
252 2396 334 2422 αὑτὸν
357 2397 397 2428 είς
420 2397 465 2423 τὸν
493 2398 621 2433 πόλεμον.
656 2398 685 2425 '0
714 2399 742 2426 δὲ
758 2399 894 2435 δυσσεὸὴς

100 2440 244 2475 τύραννος,
256 2441 397 2478 θαρσήσας
415 2445 471 2474 τοῖς
490 2444 616 2479 δαίμοσιν
635 2445 731 2479 αὐτοῦ,
762 2446 811 2472 καὶ
844 2454 892 2480 γε-

103 2485 235 2520 φυρώσας
250 2487 296 2513 τὺν
313 2489 488 2523 παραρέοντα
513 2490 635 2525 ποταμὸν
654 2490 766 2522 πολλαῖς
783 2491 891 2524 ναυσὶν,

102 2531 218 2566 ἐξῆλθεν
232 2533 271 2564 εἰς
285 2533 412 2569 πόλεμον.

105 2576 167 2610 pius
196 2584 260 2604 vero
294 2584 433 2612 tyrannus.
460 2580 561 2608 auxilio
589 2581 740 2608 damenmn
774 2589 885 2610 suorum
906 2584 1033 2616 conﬁsus,
1062 2582 1184 2615 ﬂuvium,
1211 2583 1257 2616 qui
1303 2582 1512 2616 ttrmtcfﬂtlttbill.

104 2631 173 2658 gens
186 2626 291 2660 magnis
310 2626 417 2653 navium
437 2628 530 2662 copiis,
544 2628 577 2655 ad
593 2635 709 2664 pugnam
729 2631 871 2663 processit.

929 2029 980 2064 ,οὐ
998 2029 1110 2064 modum
1129 2030 1210 2062 facta,
1227 2037 1288 2055 cum
1305 2030 1356 2056 liae
1374 2029 1551 2063 inscriptione
1574 2039 1579 2056 :

978 1391 1057 1419 Cives
1083 1389 1200 1417 Romani
1231 1388 1300 1415 inter
1324 1388 1382 1414 haec
1409 1386 1442 1414 ad
1465 1394 1526 1414 eum
1553 1386 1732 1421 supplicatum

943 1437 1108 1464 mittuntur:
1135 1443 1168 1462 ue
1194 1443 1255 1462 eam
1275 1435 1380 1466 urbem,
1397 1441 1457 1468 qure
1482 1438 1569 1459 mater
1586 1433 1732 1467 imperato-

943 1490 1002 1509 rum
1019 1481 1117 1514 fuerat,
1142 1488 1257 1515 quaeque
1271 1488 1285 1506 a
1305 1479 1423 1514 pessimo
1444 1483 1558 1514 tyranno
1577 1478 1633 1513 jam
1650 1477 1734 1504 ferme

943 1527 1072 1562 perierat,
1105 1527 1245 1562 despectui
1280 1526 1405 1553 haberet.
1438 1526 1542 1559 Quibus
1573 1525 1732 1557 intellectis,

943 1573 1139 1601 Constantinus
1155 1579 1279 1607 magnus,
1297 1571 1473 1599 miseratione
1497 1571 1603 1597 illorum
1623 1571 1733 1602 ductus.

943 1628 976 1648 ex
1003 1619 1135 1647 servitute
1159 1618 1220 1645 illos
1245 1618 1273 1645 in
1302 1610 1457 1644 libertatem
1480 1624 1604 1644 asserere
1623 1617 1650 1644 in
1676 1617 1735 1644 ani-

944 1673 1017 1692 mum
1037 1664 1153 1696 induxit,
1180 1664 1205 1690 in
1222 1670 1276 1698 quo
1298 1668 1389 1690 tamen
1404 1663 1588 1698 aggrediendo
1606 1670 1659 1689 non
1677 1670 1734 1690 me-

944 1710 1074 1737 diocriter
1090 1709 1255 1743 trepidabat,
1281 1713 1390 1742 propter
1401 1709 1511 1743 magica:
1526 1708 1604 1741 artis,
1620 1715 1671 1742 qua
1690 1707 1735 1735 ille

944 1755 1093 1782 instructus
1120 1760 1188 1786 erat,
1216 1754 1355 1788 improbas
1383 1754 1506 1781 teelmas.
1535 1754 1649 1781 Videbat
1661 1753 1733 1780 enim

944 1801 1080 1835 quomodo
1105 1800 1226 1826 inﬁnitos
1251 1807 1350 1833 pueros
1367 1801 1400 1826 ad
1423 1799 1555 1827 nefariam
1571 1800 1735 1826 incantatio-

944 1855 1006 1875 nem
1034 1855 1111 1874 suam
1136 1846 1330 1881 perﬁciendam
1353 1846 1539 1873 tlissecuisset.
1558 1847 1624 1874 Cum
1642 1845 1734 1880 itaque

945 1893 972 1920 in
989 1901 1094 1920 summa
1111 1901 1176 1920 cura
1199 1897 1281 1927 atque
1300 1892 1382 1920 animi
1408 1892 1592 1920 sollicitudine
1609 1900 1734 1920 versare-

946 1944 1000 1972 tur,
1016 1940 1072 1966 visa
1094 1939 1143 1972 ipsi
1173 1944 1214 1966 est
1230 1946 1291 1966 eutn
1318 1939 1453 1970 exercitu,
1480 1939 1506 1966 in
1534 1947 1629 1972 campo
1646 1940 1734 1973 agenti

945 1993 1040 2012 versus
1056 1985 1194 2012 meridiem
1216 1992 1282 2011 crux
1297 1984 1406 2018 exduce
1422 1985 1583 2017 clarissima,
1604 1985 1735 2011 columna:

1606 2039 1614 2054 ι
1638 2028 1666 2056 In
1685 2030 1735 2056 hoc

946 2076 1022 2110 signo
1040 2075 1128 2102 vince.
1161 2085 1170 2100 ι
1187 2075 1244 2108 Qua
1267 2082 1295 2102 re
1312 2075 1444 2102 attonitus
1459 2075 1616 2109 imperator,
1635 2076 1735 2110 quaesi-

946 2122 986 2149 vit
1001 2129 1032 2148 ex
1048 2122 1109 2152 illis,
1127 2123 1172 2156 qui
1190 2130 1250 2148 eum
1276 2122 1335 2156 ipso
1352 2126 1440 2154 erant,
1458 2129 1521 2148 num
1537 2127 1562 2148 et
1581 2122 1632 2156 ipsi
1648 2122 1737 2148 simile

947 2168 1011 2202 quid
1027 2168 1168 2199 vidissent,
1196 2167 1242 2202 qui
1261 2175 1356 2194 omnes
1382 2168 1615 2194 consentientilms
1638 2168 1736 2194 animis

947 2215 1011 2242 fassi
1032 2215 1233 2242 sunteamdem
1250 2214 1300 2240 sibi
1316 2215 1433 2248 speciem
1448 2213 1533 2241 fuisse
1552 2214 1635 2240 visam
1651 2223 1656 2241 :
1674 2219 1737 2240 tum:

946 2262 1093 2295 imperator
1108 2260 1290 2287 sollicitudine
1308 2260 1448 2291 liberatus,
1461 2260 1607 2294 animoque
1623 2269 1653 2287 ac
1667 2260 1735 2287 bona

945 2315 994 2341 spe
1016 2306 1110 2341 plenus
1137 2311 1177 2333 est
1206 2306 1337 2339 redditus,
1362 2305 1405 2332 cui
1433 2306 1515 2332 etiam
1539 2307 1631 2333 eadem
1659 2311 1736 2332 nocte

946 2357 1038 2380 astans
1062 2353 1201 2383 Dominus,
1224 2356 1251 2378 ut
1273 2352 1351 2386 signo
1373 2351 1424 2378 sibi
1449 2352 1506 2378 viso
1531 2356 1664 2382 uteretur,
1681 2359 1736 2377 rno-

948 2399 1016 2432 nuit,
1041 2398 1160 2426 futurum
1192 2398 1263 2425 enim
1288 2401 1317 2424 ut
1341 2399 1461 2425 omnium
1479 2406 1588 2425 suorum
1617 2397 1706 2425 ltostiu
1721 2409 1734 2422 ιι

948 2444 1084 2479 potiretur
1099 2443 1222 2471 victoria.
1243 2443 1419 2470 lllttcescente
1432 2444 1522 2477 itaque
1536 2443 1589 2475 die,
1607 2443 1737 2469 contitttt')

948 2498 1070 2523 crucem,
1100 2498 1159 2525 qua;
1186 2497 1272 2524 usque
1296 2490 1385 2516 adhuc
1409 2489 1435 2516 in
1467 2489 1539 2523 regia
1568 2484 1756 2520 asservatm,

947 2537 1080 2569 construi,
1095 2542 1122 2564 et
1136 2541 1200 2564 ante
1220 2544 1248 2563 se
1266 2536 1292 2562 in
1314 2536 1412 2563 bellum
1440 2535 1561 2570 praeferri
1577 2536 1670 2571 jussit.
1685 2535 1737 2563 lm—

1561 2589 1642 2617 ponte
1673 2583 1735 2618 jun-

861 2719 976 2748 ΝΟΤᾸΕ.

219 2793 312 2832 [’ollux
330 2794 458 2832 θυμηδία,
474 2796 538 2832 cod,
555 2795 618 2823 Bav.
634 2796 778 2832 θυμηδεία.

144 2829 200 2864 (57))
219 2829 255 2857 De
274 2830 325 2857 hac
348 2829 449 2858 visione
469 2831 554 2858 crucis
569 2829 744 2859 Constantino
768 2833 895 2860 divinitus

946 2799 1046 2836 oblata.
1077 2799 1136 2827 vide
1160 2801 1204 2828 lib.
1226 2807 1244 2828 tt
1262 2800 1299 2828 De
1328 2807 1418 2828 sancta
1440 2809 1532 2833 rmw,
1560 2810 1617 2836 (δν.
1644 2800 1677 2828 EG
1710 2806 1736 2825 t't

951 2834 994 2860 37.
