1912 3073
77 107 146 142 4061

564 112 610 141 DE
632 110 869 142 INVENTIONE
890 110 1045 142 SANCTAE
1064 110 1215 140 CRUCIS.

1657 113 1728 146 4062

77 167 105 193 εὶ
126 166 176 192 σὺν
191 165 285 197 αὐτοῖς
301 166 315 192 ὁ
329 164 508 201 πανεύφημος
521 166 568 192 καὶ
589 167 676 201 μέγας
704 168 874 194 Κωνσταντϊ-

959 167 1009 194 iam
1025 166 1146 193 interfuit
1171 167 1228 200 ipse
1245 166 1288 193 illc
1314 173 1430 200 magnus
1461 167 1638 203 omniumque
1654 179 1724 204 pne-

77 219 134 243 νος,
165 210 213 237 καὶ
233 210 266 245 δὴ
286 210 336 245 τῆς
366 211 522 243 ὑποθέσεως
543 211 714 248 κινηθείσης,
740 213 879 248 ἔγγραφον

80 257 200 288 πίστεως
233 255 342 282 ἔκθεσιν
356 256 522 292 ἐξήνεγκαν,
543 257 592 292 τὴν
606 258 676 284 κατὰ
693 258 784 285 πᾶσαν
814 259 878 286 Ἐκ-

79 304 196 339 κλησίαν
221 303 373 339 όρθοδόξως
404 303 452 330 νῦν
468 304 726 340 ἀπαγγελλομένην.
755 306 825 341 Τοὺς
850 306 879 332 δέ

81 351 145 386 περὶ
163 351 273 386 ’Λρεινιν
281 351 463 385 ἐπιμένοντας
477 352 509 386 τῇ
522 351 668 389 κακοδοξίᾳ.
690 346 877 388 ἀπεκήρυξαν,

80 397 130 424 καὶ
142 396 289 432 ἐξώρισαν,
306 397 355 424 καὶ
374 397 620 432 ἐχειροτονήθησαν
643 397 734 434 ἕτεροι
754 399 813 426 ἀντ’
832 400 879 426 αὑ-

78 442 144 469 τῶν.
179 442 431 477 Φιλοτιμησάμενος
455 441 483 468 δὲ
513 443 526 468 6
552 442 680 477 βασιλεὺς
712 444 879 481 ἐπισκόπους

80 490 128 516 καὶ
141 488 339 524 ἀσπασάμενος
355 488 473 515 ἀπέλυσε
490 489 549 524 μετ’
564 490 676 525 εἰρήνης
690 491 730 521 εἰς
748 491 797 522 τὰς
811 491 878 523 ἰδίας

80 535 239 570 παροικίας,
268 534 372 570 χαίρων
397 534 444 561 ἐπὶ
454 535 487 570 τῇ
516 535 659 571 συμφωνίᾳ
678 536 733 562 τῶν
761 536 878 572 Ἐκκλη-

81 590 158 608 σανν.

115 717 343 753 Παρεκελεύσατο
357 717 386 744 δὲ
407 718 447 754 τῷ
458 719 508 754 τῆς
530 718 626 751 Allia;
646 719 791 754 ἐπισκόπῳ
814 720 877 746 Μα-

80 764 172 799 καρίῳ
187 764 304 800 παρόντι
320 765 350 791 ἐν
377 766 411 800 τῇ
425 765 539 800 συνόδῳ,
553 766 599 792 καὶ
614 765 669 792 τῶν
690 765 877 792 ἀποστολικῶν

79 810 226 844 δογμάτων
249 810 466 846 ὑπερμαχοῦντι,
487 811 660 847 ἀναζητῆσαι
679 811 724 838 τὸν
745 811 877 842 ζωοποιὸν

81 855 201 892 σταυρὸν
215 877 222 888 ,
238 857 286 883 καὶ
302 856 333 883 τὸ
351 856 503 891 θεόληπτον
515 857 621 892 μνῆμα,
635 857 682 884 καὶ
694 858 798 888 πάντας
812 857 878 888 τοὺς

81 903 177 936 ἁγίους
193 903 304 934 τόπους,
321 904 371 929 καὶ
395 904 459 935 τοὺς
482 904 580 935 ἀλλους
595 904 763 936 ἐπισκόπους
777 903 878 938 ὁμοίως

81 949 271 985 προετρέψατο
287 950 465 984 αἰτήσασθαι,
485 950 512 976 εἴ
526 959 553 977 τι
578 951 679 986 συνορᾷ
701 951 770 985 πρὸς
785 951 877 985 ἀπαρ-

79 996 181 1030 τισμὸν
193 996 307 1028 ἕκαστος
320 996 371 1032 τῆς
387 996 455 1028 ἰδίας
476 997 638 1032 Ἐκκλησίας
656 1005 662 1012 ·
689 995 723 1032 ἦν
742 996 770 1022 δὲ
785 997 878 1023 ἐννεα-

79 1042 244 1074 καιδέκατος
257 1042 307 1078 τῆς
315 1042 454 1078 βασιλείας
471 1043 555 1070 αὑτοῦ
567 1044 698 1075 ἐνιαυτὸς,
714 1044 758 1070 ὅτε
770 1043 879 1077 ἐγένετο

80 1091 97 1125 ἡ
113 1089 187 1116 κατά
206 1089 325 1116 Νίκαιαν
341 1089 460 1121 σύνοδος.
478 1087 555 1116 Μὲτά
574 1091 662 1117 ταῦτα
681 1090 844 1117 ἀπέστειλεν
863 1090 878 1116 6

82 1136 210 1171 βασιλεὺς
227 1136 325 1163 ἐαυτοῦ
341 1136 450 1172 μητέρα
470 1137 580 1171 Ἑλένην
595 1137 645 1172 τὴν
658 1137 817 1169 ἀξιέπαινον
830 1136 879 1163 καὶ

80 1182 195 1217 θὲοφιλῆ
211 1184 252 1214 εἰς
269 1182 444 1217 Ἰεροσόλυμα
463 1183 533 1217 μετὰ
557 1179 730 1218 γραμμάτων
748 1182 796 1208 καὶ
809 1191 878 1217 χρη-

83 1226 179 1262 μάτων
194 1226 327 1260 ἀφθονίας
350 1227 417 1261 πρδς
433 1227 478 1254 τὸν
492 1227 636 1262 Μακάρων
728 1227 878 1262 Ἱεροσολύ-

83 1282 152 1308 μων,
171 1272 219 1299 ἐπὶ
235 1273 401 1308 ἀναζητήσει
429 1273 475 1299 τοῦ
493 1272 625 1305 ζωοποιοῦ
649 1272 728 1305 ξύλου
751 1273 818 1307 (58),
830 1273 879 1299 καλΙ

83 1319 212 1354 οἰκοδομῇ
232 1318 287 1345 τῶν
303 1318 390 1352 ἁγίων
401 1319 504 1351 τόπων,
525 1319 611 1354 αὐτῆς
628 1319 817 1354 αἰτησαμένης
828 1319 879 1354 τῆς

84 1364 232 1400 βασιλίδος,
257 1364 415 1399 φασκούσης
442 1364 577 1391 ὀπτασίαν
608 1364 686 1391 θείαν
714 1365 878 1401 ἑωρακέναι,

82 1411 250 1438 κελεύουσαν
276 1411 344 1446 αὐτῇ
371 1411 405 1437 τὰ
428 1411 605 1446 Ἰεροσόλυμα
633 1410 808 1443 καταλαϐεῖν,
832 1411 880 1438 καὶ

82 1457 146 1488 τοὺς
162 1457 257 1490 ἁγίους
272 1457 371 1488 τόπους
387 1458 427 1489 είς
444 1457 502 1491 φῶς
522 1458 637 1491 ἀγαγεῖν
656 1457 813 1492 χωσθέντας
827 1456 881 1483 ὑπὸ

81 1502 136 1528 τῶν
153 1501 275 1537 ἀνόμων,
292 1502 339 1528 καὶ
351 1503 465 1536 ἀφανεῖς
480 1503 654 1536 γενομένους,
670 1502 717 1528 ἐπὶ
736 1502 880 1534 τοσούτους
893 1514 915 1543 c

82 1548 207 1584 χρόνους.
232 1547 334 1574 Μαθὼν
356 1547 384 1574 δὲ
406 1549 420 1574 6
447 1548 596 1579 ἐπίσκοπος
628 1548 801 1584 ἀφικομένην
829 1548 880 1583 τὴν

85 1593 221 1628 βασιλίδα,
239 1594 287 1619 συν
300 1594 350 1628 τῆς
367 1593 502 1628 ἐπαρχίας
516 1593 677 1626 ἐπισκόποις
689 1595 831 1629 ἀπήντησε
847 1595 880 1629 τῇ

86 1639 203 1675 βασιλίδι
226 1639 293 1675 (59).
311 1639 420 1671 Εὐθέως
449 1640 477 1666 δὲ
500 1640 723 1676 παρεκελεύσατο
734 1642 791 1672 τοῖς
819 1642 881 1667 ἐπι-

85 1684 198 1716 σκόποις
213 1685 262 1720 τὴν
277 1685 390 1720 ζήτησιν
405 1684 453 1711 τοῦ
474 1685 643 1719 ποθουμένου
668 1686 747 1718 ξύλου
763 1687 881 1721 ποιήσα-

86 1731 161 1758 σθαι.
184 1731 371 1766 Ἀπορούντων
388 1731 417 1757 δὲ
442 1731 552 1758 πάντων
571 1733 636 1767 περὶ
657 1732 704 1758 τοῦ
724 1733 819 1764 τόπου,
835 1733 882 1759 καὶ

85 1777 173 1804 ἄλλων
185 1777 273 1808 ἄλλως
299 1777 328 1810 ἐξ
345 1777 464 1811 ὑποψίας
475 1778 671 1812 διηγουμένων,
686 1777 700 1803 6
714 1778 764 1812 τῆς
778 1778 882 1809 πόλεως

85 1822 233 1854 ἐπίσκοπος
264 1823 368 1854 πάντας
394 1823 545 1858 παρεκάλει
575 1824 690 1859 ἡσυχίαν
719 1824 808 1858 ἄγειν,
834 1825 882 1850 καὶ

86 1867 298 1903 σπουδαιότερον
326 1868 410 1903 εὐχὴν
434 1867 506 1903 ὑπὲρ
527 1867 624 1895 τούτου
648 1868 688 1904 τῷ
713 1868 772 1904 Θεῷ
796 1878 882 1904 προσ-

86 1914 192 1948 φέρειν.

121 1960 226 1986 Τούτου
256 1960 284 1986 δὲ
305 1960 453 1995 γενομένου
478 1960 581 1992 εὐθέως
613 1960 719 1996 ἐδείχθη
749 1960 840 1987 θεόθεν
869 1962 883 1988 6

85 2006 167 2037 τόπος
186 2005 224 2041 τῷ
240 2006 393 2041 ἐπισκόπῳ,
407 2008 435 2033 ἐν
445 2003 467 2040 ᾧ
480 2007 571 2042 ἵδρυτο
586 2006 637 2041 τῆς
654 2006 812 2042 ἀκαθάρτου
825 2007 883 2034 δαί-

87 2060 168 2086 μονος
179 2053 193 2078 ὁ
204 2052 267 2083 ναδς
282 2052 329 2079 καὶ
342 2052 373 2078 τὺ
384 2052 507 2087 ἄγαλμα.
520 2052 587 2079 Τότε
603 2053 619 2088 ἡ
632 2053 777 2087 βασίλισσα
788 2053 820 2088 τῇ
834 2053 884 2087 βα-

87 2096 177 2131 σιλικῇ
194 2096 324 2131 αὑθεντίᾳ
338 2096 479 2131 χρωμένη,
495 2096 687 2131 συναγαγοῦσα
701 2097 803 2133 πλῆθος
818 2097 884 2124 πολ-

85 2142 140 2169 λῶν
159 2142 291 2177 τεχνιτῶν
315 2143 364 2169 καὶ
393 2143 519 2178 ἐργατῶν
549 2143 693 2170 ἐκέλευσεν
717 2145 748 2171 ἐκ
775 2144 884 2180 βάθρων

933 211 1012 238 conio
1047 211 1224 243 dignissimus
1245 210 1451 238 Constanliuus.
1474 212 1597 246 Cumque
1614 222 1657 242 rcs
1674 220 1727 242 tra-

931 255 1003 281 ctari
1020 261 1111 289 empta
1135 260 1217 286 esscl,
1238 255 1299 282 ﬁdei
1313 256 1511 292 expositionem
1533 257 1631 285 litteris
1648 267 1728 287 man-

931 301 1023 326 datam
1050 301 1211 333 ediderunt,
1228 309 1288 335 qua:
1318 309 1391 329 nuuc
1417 302 1466 329 rite
1497 310 1545 338 per
1572 304 1728 333 universam

929 345 1079 373 Ecclesium
1104 347 1304 381 pronuntiatur.
1327 347 1381 374 Eos
1397 352 1489 374 autem
1514 349 1559 383 qui
1590 351 1617 375 ln
1641 357 1725 383 prava

929 392 987 419 Arii
1011 392 1138 427 opinione
1159 398 1382 427 permanserant,
1400 401 1414 419 a
1431 401 1480 420 suo
1502 402 1618 429 corpore
1634 396 1728 423 absci-

930 437 1044 470 derunt,
1074 438 1224 472 exsilioque
1255 439 1442 472 damnarunt,
1488 440 1550 467 aliis
1578 440 1605 467 in
1633 449 1728 469 eorum

929 482 1017 509 locum
1036 484 1156 516 creatis;
1186 484 1307 511 maximo
1334 490 1424 512 autem
1450 485 1553 513 honore
1580 487 1730 522 imperator

929 530 1073 564 episcopos
1106 529 1250 561 alliciens.
1285 539 1388 565 eosque
1418 539 1499 566 quam
1531 533 1729 561 humanissime

929 575 1122 610 complectens,
1151 577 1388 611 congregationem
1413 585 1475 605 cum
1494 585 1561 613 pace
1586 579 1723 613 dissolvit,

929 622 1041 656 gavisus
1071 630 1154 657 supra
1181 622 1291 650 modum
1309 628 1420 658 propter
1448 624 1604 652 unanimem
1632 624 1727 652 Eccle-

928 669 1031 696 siarum
1057 675 1234 696 consensum.

966 714 1106 742 Mandavit
1120 719 1212 742 autem
1240 714 1360 742 Macario
1375 714 1491 742 Eliensi
1519 718 1658 750 episcopo,
1679 716 1724 750 qui

927 765 956 788 et
972 761 1030 796 ipse
1057 761 1163 797 synodo
1186 760 1363 794 interfuerat,
1387 767 1414 788 ct
1431 769 1480 796 pro
1494 762 1654 797 apostolicis
1678 763 1728 790 do‘

929 807 1068 842 gmalibus
1088 807 1190 834 acriter
1215 811 1397 841 pugnaverat,
1415 812 1444 834 nt
1462 808 1487 834 in
1513 807 1621 834 viviﬂca
1647 815 1729 837 cruce
1756 837 1757 842 η

895 844 1079 886 Bqumrenda
1095 852 1281 887 sepulcroquc
1306 852 1399 880 divino
1428 860 1461 880 ac
1481 853 1597 887 reliquis
1626 854 1730 881 sanctis
1756 846 1757 852 ¹

932 898 1124 933 religiosisque
1140 897 1207 925 locis
1225 898 1427 933 investigandis
1437 906 1547 927 omnem
1562 899 1729 934 diligentiam
1750 903 1754 918 ί
1774 894 1777 896 ’

929 944 1083 971 abhiheret.
1098 943 1188 971 Etiam
1206 944 1274 971 alios
1287 945 1432 978 episcopos
1450 949 1495 972 est
1519 945 1681 973 adhortatus
1701 951 1731 973 ut

930 993 1039 1024 peteret
1054 990 1252 1023 unusquisque,
1263 989 1335 1023 quod
1350 990 1383 1016 ad
1397 989 1593 1024 perfectionem
1610 998 1666 1018 suae
1679 990 1730 1018 Ec-

930 1035 1024 1063 clesia:
1039 1035 1225 1063 necessarium
1239 1043 1302 1063 esse
1319 1041 1457 1063 cerneret.
1481 1036 1622 1071 Agebatur
1636 1041 1728 1064 autem

930 1082 1053 1110 decimus
1077 1089 1165 1110 nonus
1181 1082 1289 1117 imperii
1307 1082 1365 1116 ejus
1395 1090 1485 1110 annus
1497 1103 1505 1115 ,
1521 1084 1631 1118 quando
1656 1084 1729 1110 facta

930 1132 971 1155 est
988 1127 1108 1162 synodus
1122 1125 1244 1155 Nicaeua.
1254 1127 1319 1155 Post
1329 1129 1399 1155 hanc
1409 1128 1486 1155 misit
1499 1128 1650 1163 imperator
1671 1137 1730 1156 ma-

930 1177 999 1200 trem
1011 1181 1089 1200 suam
1108 1172 1250 1206 Helenam,
1261 1173 1404 1202 mulierem
1414 1174 1488 1201 omni
1504 1174 1612 1202 laudum
1626 1182 1727 1210 genere

929 1219 1148 1252 ornatissimam,
1168 1227 1233 1246 cum
1251 1220 1359 1253 litteris,
1391 1228 1547 1256 magnaque
1559 1222 1682 1255 pecunia:
1704 1229 1729 1248 νι

931 1265 964 1292 ad
979 1264 1129 1293 Macarium
1148 1265 1300 1293 Eliensem
1313 1267 1485 1301 episcopum,
1505 1271 1535 1294 ut
1551 1275 1603 1294 una
1617 1275 1678 1294 cum
1697 1276 1730 1296 eo

930 1311 1070 1339 viviﬁcum
1085 1312 1188 1347 lignum
1209 1312 1405 1347 investigaret,
1422 1320 1558 1348 sacraque
1569 1313 1626 1340 loca
1642 1313 1731 1340 aediﬁ-

931 1358 982 1386 ciis
1006 1363 1167 1391 exornaret,
1184 1358 1210 1385 id
1235 1358 1324 1392 ipsum
1348 1363 1516 1393 exposcente
1542 1360 1728 1393 imperatrice,

930 1409 1129 1439 assaenthue
1145 1404 1265 1432 divinam
1287 1405 1420 1432 visionem
1444 1405 1497 1432 sibi
1520 1405 1731 1442 ohlatam,qu:e

928 1450 1044 1485 jusserit
1060 1455 1090 1478 ut
1108 1449 1325 1485 Hierosolymam
1347 1458 1409 1478 sese
1431 1451 1583 1486 reciperet,
1611 1455 1730 1480 etsacra

931 1496 991 1524 loca
1004 1495 1038 1523 ab
1053 1495 1185 1530 improbis
1200 1496 1309 1527 obruta,
1326 1500 1353 1522 et
1367 1499 1443 1522 tanto
1458 1501 1580 1530 tempore
1594 1503 1627 1522 ex
1645 1495 1732 1523 homi-

934 1549 998 1569 num
1015 1541 1172 1576 cognitione
1189 1547 1284 1576 ercpta
1302 1541 1328 1568 in
1346 1542 1435 1569 lucem
1458 1541 1600 1569 educeret.
1617 1542 1731 1577 Episco-

933 1595 984 1622 pus
1002 1592 1094 1614 autem
1109 1586 1155 1614 ubi
1177 1586 1311 1614 intellexit
1341 1587 1613 1622 impcratricemjam
1628 1589 1731 1616 adven-

934 1637 1004 1666 tare,
1024 1637 1087 1660 cntn
1100 1632 1380 1668 comprovincialihus
1394 1633 1532 1669 episcopis
1545 1633 1653 1661 obviam
1667 1643 1731 1670 pro-

934 1680 1027 1707 cessit.
1047 1678 1146 1706 Statim
1162 1686 1226 1706 vero
1241 1680 1282 1707 eis
1299 1680 1428 1714 iniunxit,
1447 1685 1475 1708 ut
1486 1681 1520 1709 ad
1535 1680 1730 1708 inveniendum

935 1727 1125 1755 desideratum
1152 1728 1243 1755 crucis
1259 1727 1363 1763 lignum
1387 1736 1417 1755 se
1436 1733 1507 1756 totos
1523 1729 1629 1756 darent.
1648 1729 1731 1756 Dubi-

935 1775 1056 1802 tantibus
1069 1781 1134 1802 vero
1150 1774 1277 1801 omnibus
1294 1781 1378 1809 super
1392 1775 1458 1808 hoc,
1473 1775 1591 1809 aliisque
1610 1776 1683 1802 aliud
1698 1783 1732 1802 ex

934 1820 1093 1855 suspicione
1132 1821 1426 1854 commemorantibus,
1461 1821 1597 1849 Macarius
1636 1829 1732 1855 omnes

934 1866 1029 1901 quieto
1044 1874 1107 1894 esse
1125 1867 1218 1894 animo
1230 1866 1323 1902 jussit,
1341 1872 1368 1894 et
1382 1867 1581 1895 intentissimas
1596 1867 1650 1895 Deo
1667 1875 1730 1902 pre-

935 1920 981 1939 ces
997 1912 1107 1940 oﬂ‘erre.

970 1958 1030 1991 Quo
1044 1958 1129 1991 facto,
1147 1957 1290 1986 confestim
1307 1958 1440 1986 divinitus
1458 1959 1537 1986 locus
1551 1959 1597 1986 ille
1607 1960 1733 1994 episcopo

936 1997 1076 2032 revelatus
1095 2010 1148 2037 est,
1165 2005 1190 2032 in
1204 2012 1259 2040 quo
1278 2005 1366 2032 locata
1382 2009 1442 2032 eral.
1460 2005 1655 2039 impurissime
1678 2007 1735 2032 dea:

935 2051 1048 2085 emgies.
1057 2050 1135 2079 Tunc
1150 2051 1321 2086 imperatrix,
1332 2051 1508 2085 imperatoria
1518 2056 1596 2078 utens
1613 2051 1734 2078 auctori-

937 2102 1004 2131 tate,
1022 2105 1121 2133 magno
1149 2104 1263 2124 numero
1286 2097 1415 2132 opiﬁcum
1440 2101 1467 2124 et
1491 2097 1679 2131 operariorum
1699 2104 1732 2125 ex

937 2143 1122 2170 fundamentis
1136 2143 1267 2170 daemonis
1287 2142 1367 2170 istius
1390 2142 1520 2182 templum
1535 2144 1657 2171 subverti
1671 2142 1733 2177 jus-

85 2189 279 2224 ἀνατραπῆναι
291 2189 337 2216 τὸν
353 2189 403 2225 τῆς
411 2189 538 2224 δαίμονος
559 2189 622 2216 ναὸν
635 2190 704 2225 (60).
721 2190 768 2216 καὶ
786 2190 880 2217 τούτου

963 2194 972 2216 ι
986 2198 992 2216 :
1007 2189 1079 2224 quod
1096 2188 1177 2217 simul
1191 2193 1272 2224 atque
1282 2188 1407 2216 elTectum
1422 2193 1473 2222 est,
1491 2190 1617 2224 apparuit
1629 2190 1677 2218 Dei
1690 2198 1734 2218 se-

86 2236 235 2271 γενομένου
251 2237 374 2271 ἀνεφάνη
389 2237 419 2263 τὸ
433 2237 506 2263 θεῖον
522 2237 628 2272 μνῆμα,
650 2237 697 2263 καὶ
708 2238 721 2263 6
734 2237 817 2270 τόπος
834 2237 881 2264 τοῦ

86 2281 220 2316 Κρανίου,
230 2282 278 2309 καὶ
292 2282 329 2318 μὴ
340 2282 459 2317 μήκοθεν
475 2284 550 2318 τρεῖς
566 2283 679 2318 σταυροὶ
694 2284 878 2318 κεχωσμένοι⁸

86 2327 226 2362 ἐπιμελῶς
251 2328 279 2354 δὲ
307 2328 506 2363 ἐρευνήσαντες
535 2325 614 2363 εὗρον
637 2329 686 2354 καὶ
701 2328 765 2360 τοὺς
788 2328 878 2363 ἥλους.

92 2374 217 2400 Ἐκεῖθεν
233 2373 327 2399 λοιπὸν
342 2373 482 2409 ἀμηχανία
496 2373 544 2400 καὶ
568 2374 658 2409 θλίψις
680 2374 815 2401 κατέλαϐε
833 2375 882 2409 τὴν

87 2420 225 2456 βασιλίδα,
240 2420 426 2455 ἐπιζητοῦσαν
454 2421 529 2452 ποῖος
559 2420 613 2455 ἄρα
632 2419 665 2456 ἦν
684 2421 698 2446 6
717 2419 883 2452 Δεσποτικὸς

89 2467 218 2502 σταυρὸς.
240 2465 270 2494 '0
285 2466 313 2492 δὲ
336 2466 486 2498 ἐπίσκοπος
506 2467 550 2493 διὰ
568 2467 685 2498 πίστεως
700 2467 749 2503 τὴν
764 2467 883 2501 ἀμφιϐο-

87 2512 147 2540 λίαν
165 2513 255 2540 ἔλυσε.
266 2513 380 2540 Γυναικὶ
396 2514 451 2549 γὰρ
464 2513 643 2549 ἀρῤωστούσῃ
658 2513 712 2539 τῶν
731 2513 883 2547 ἐπιφανῶν,

88 2558 137 2584 καὶ
167 2558 370 2594 ἁπεγνωσμένῃ
396 2559 448 2584 ὑπὸ
474 2559 594 2590 πάντων,
617 2560 665 2585 καὶ
690 2558 886 2586 τάτελευταῖα

87 2602 210 2640 πνεούσῃ
224 2603 409 2639 προσαγαγὼν
422 2604 538 2631 ἕκαστον
553 2604 608 2631 τῶν
623 2604 757 2639 σταυρῶν,
776 2604 822 2630 τὸν
840 2603 888 2639 ζη-

937 2235 1061 2270 pulcrum
1085 2240 1112 2262 et
1140 2235 1216 2262 locus
1231 2235 1374 2268 (Ζαινθτίαξ,
1384 2240 1411 2262 et
1423 2243 1476 2262 non
1493 2235 1590 2269 procul
1604 2236 1666 2263 inde
1679 2241 1734 2263 tres

936 2289 1035 2309 cruces
1049 2280 1183 2314 defossae;
1203 2281 1364 2316 diligentius
1373 2281 1456 2308 etiam
1471 2281 1679 2317 investigantes,
1694 2282 1736 2309 in-

938 2332 1075 2355 venerunt
1093 2332 1122 2354 et
1135 2328 1241 2354 clavos.
1257 2326 1308 2354 llic
1318 2334 1383 2354 vero
1393 2327 1446 2354 alia
1456 2327 1660 2362 imperatricem
1670 2335 1734 2354 cura

938 2373 1051 2408 invasit,
1079 2373 1265 2408 inquirentem
1297 2380 1422 2408 quaenam
1441 2373 1475 2401 de
1492 2373 1579 2400 tribus
1596 2380 1659 2400 vere
1680 2371 1735 2399 Do-

938 2419 1040 2447 minica
1053 2427 1120 2448 crux
1130 2424 1202 2448 esset
1213 2429 1219 2446 :
1230 2427 1311 2454 quam
1325 2419 1522 2447 dubitationem
1535 2419 1678 2453 episcopus
1688 2426 1738 2454 per

938 2466 1019 2493 ﬁdem
1036 2465 1172 2493 dissolvit.
1184 2465 1252 2492 Cum
1268 2465 1393 2500 qumdain
1408 2465 1502 2498 primae
1512 2464 1664 2491 nobilitatis
1678 2473 1736 2491 ma-

941 2517 1032 2545 trona,
1049 2511 1210 2546 cunctisque
1226 2517 1299 2542 nota.
1313 2511 1432 2545 graviter
1443 2510 1638 2548 ac_periculose
1647 2518 1735 2544 :egro-

942 2562 1022 2589 tarel,
1043 2557 1132 2592 Letiam
1156 2556 1213 2584 fere
1246 2556 1373 2590 spiritum
1408 2555 1565 2589 exhalaret,
1594 2556 1735 2591 productis

943 2603 1048 2630 duabus
1072 2603 1209 2636 crucibus,
1228 2608 1300 2635 eam,
1324 2609 1386 2636 quae
1399 2601 1587 2636 quaerebatur,
1606 2601 1708 2629 invenit
1725 2608 1734 2628 :

854 2682 973 2711 NOTAE.

127 2727 185 2765 (57)
199 2727 267 2756 Sch.
282 2728 354 2763 Πρὸς
378 2728 425 2755 τὸν
449 2728 611 2764 φερώνυμον
633 2730 679 2756 τὸν
703 2731 752 2765 τῆς
781 2730 886 2762 πόλεως

90 2762 252 2790 ἐπίσκοπον.

125 2798 183 2835 (ᾤδ)
200 2800 267 2835 (gon.
280 2797 344 2826 Sch.
370 2799 443 2825 addit
454 2820 460 2831 ,
475 2798 535 2835 τοῦΔ
547 2799 654 2832 ἐνδόξου
683 2800 812 2835 σταυροῦ.

129 2834 185 2869 (59)
214 2833 285 2861 ldcm
304 2835 364 2862 cod.
398 2833 563 2868 Συναγαγὼν
587 2836 648 2866 τοὺς
665 2836 713 2870 τῆς
746 2833 881 2872 ἐπαρχίας

940 2730 1116 2774 ἐπισκόπους,
1144 2730 1214 2765 μετά
1239 2731 1288 2766 τῆς
1315 2729 1428 2766 δεούσης
1456 2729 1541 2765 τιμῆς
1573 2729 1735 2765 ἀπήντησαν

940 2774 1020 2792 αυτη.

976 2767 1032 2834 (al)
1051 2801 1123 2828 [dcin
1141 2801 1201 2827 ι-οιί.
1227 2801 1265 2838 T6
1281 2802 1402 2838 μυσαρὸν
1419 2800 1600 2835 οἰκοδόμημα,
1616 2797 1661 2826 τὸν
1671 2798 1736 2834 χιῦν

938 2836 1032 2871 πάῥρω
1048 2845 1098 2863 που
1114 2836 1328 2871 ἀπορριφθῇ-και.
