1912 3073
174 149 244 182 406⁸1

789 147 1013 179 ALEXANDRI
1028 147 1204 178 MONACHI

1747 148 1817 180 4068

176 208 258 244 pretii
276 206 472 242 copiosamque
485 205 628 241 pecuniam
640 205 732 240 egenis
743 204 970 238 distribuendam,

1043 204 1143 231 ιάδοσιν
1155 204 1209 229 τῶν
1221 203 1336 238 πτωχῶν
1345 204 1392 230 καὶ
1403 203 1561 239 φιλοτιμίαν
1575 205 1686 232 πάντων
1699 205 1750 232 τῶν
1758 215 1818 233 συν-

175 255 246 282 etin
280 253 431 281 subsidium
452 252 578 280 omnibus
607 252 639 278 ad
668 251 737 278 diem
766 251 841 278 illum
873 251 972 278 festum

176 299 413 327 convenientibus.
430 297 465 325 Ut
488 306 553 324 vero
576 298 680 325 audivit
701 297 802 325 Christi
819 297 974 323 amantissi—

177 353 237 372 mus
258 345 405 378 imperator
420 345 453 370 de
480 348 637 370 sanctorum
656 344 776 370 locorum
793 343 972 374 dedicatione,

178 398 290 425 magnas
315 390 416 424 gratias
448 388 503 415 Deo
529 389 593 423 egit,
625 389 798 423 animumque
825 389 911 423 magis
935 389 968 415 ad

177 435 362 462 Christianam
382 433 543 466 religionem
561 431 671 466 adjecit.

213 480 278 507 Fuit
294 487 358 506 vero
374 479 418 505 hic
434 479 590 506 tricesimus
611 478 715 512 imperii
731 477 788 511 ejus
806 485 906 510 annus,
918 482 975 504 sta-

178 524 280 559 timque
306 525 391 558 legem
417 518 551 558 imperiali
572 525 659 550 forma
680 523 853 558 conscripsit,
871 531 903 550 ne
916 523 974 550 cui-

178 578 258 604 quam
274 569 429 597 Iudaeorum
452 570 521 596 intra
544 573 650 596 sextum
665 570 700 596 ab
719 569 914 605 Hierosolymis
937 571 975 596 la-

177 616 266 650 pidem
293 623 454 650 comparere
478 615 585 647 liceret,
606 624 759 650 magnaque
779 618 813 642 ob
831 616 877 643 Dei
902 617 927 641 in
945 623 974 642 se

179 661 342 689 beneficium
370 661 512 695 voluptate
545 661 670 696 perfusus
695 666 734 688 est
751 683 758 693 ,
783 670 844 689 cum
872 662 974 689 videret

178 709 260 734 etiam
277 707 411 734 barbaras
426 708 550 734 nationes
569 707 602 734 ad
620 708 770 734 doctrinam
795 709 916 735 veritatis
930 716 975 734 ac-

179 759 336 785 currentes,
349 754 487 788 facileque
505 755 621 789 imperio
639 763 687 781 suo
704 755 852 788 subjectus,
869 755 975 781 vivens-

178 809 232 836 que
255 801 341 828 alium
371 792 484 835 insuper
499 809 618 832 annum.
638 809 670 828 ac
695 809 802 828 mensus
818 808 929 835 paucos,
946 801 974 827 in

180 847 305 874 morbum
320 847 428 879 incidit,
442 847 469 873 in
485 854 538 881 quo
552 847 704 881 baptizatus
716 846 881 873 Nicomedia
895 846 972 873 obiit.

1025 250 1182 285 ερχομένων
1198 250 1238 281 εὶς
1264 249 1313 284 τὴν
1334 250 1442 285 ἑορτήν.
1467 251 1511 282 Ὧς
1524 251 1553 278 δὲ
1573 252 1675 286 ἢκουσε
1699 253 1734 279 τὰ
1749 253 1820 280 κατά

1024 297 1058 322 τὰ
1085 295 1211 329 ἑγκαίνια
1234 295 1288 321 τῶν
1314 296 1400 330 ἁγίων
1419 296 1511 323 τόπων
1525 297 1539 323 ὁ
1554 297 1726 332 φιλόχριστος
1741 298 1820 332 βασι-

1025 341 1098 371 λεὺς,
1114 340 1199 367 πολλὰ
1215 341 1413 376 εὐχαρίστησεν
1422 342 1461 377 τῷ
1471 341 1540 377 Θεῷ,
1558 343 1605 369 καὶ
1618 343 1718 377 μᾶλλον
1734 352 1821 379 προσ-

1024 388 1105 421 ετέθη
1121 387 1161 422 τῷ
1175 387 1392 422 Χριστιανισμῷ.

1060 475 1116 504 Ἦν
1131 478 1160 504 δὲ
1175 477 1339 513 τριακοστὸν
1351 477 1430 504 τοῦτο
1442 478 1502 509 ἔτος
1512 479 1561 513 τῆς
1574 478 1714 512 βασιλείας
1723 479 1818 506 αὐτοῦ.

1024 524 1116 559 Νόμον
1143 524 1171 550 δὲ
1204 524 1285 555 εὐθὺς
1316 523 1418 560 ἔγραψε
1447 524 1517 559 μετὰ
1549 524 1690 558 βασιλικοῦ
1716 525 1821 558 τύπου,

1024 570 1095 596 ὥστε
1128 571 1166 606 μὴ
1180 570 1312 597 δύνασθαι
1335 570 1453 605 φανῆναι
1477 570 1621 602 Ἰουδαίους
1641 571 1681 601 εἰς
1706 571 1823 605 Ἱεροσό-

1025 615 1110 650 λυμα,
1125 616 1179 642 ἀπὸ
1195 616 1223 649 ἒξ
1248 616 1368 651 σημείων
1397 616 1498 651 κύκλῳ.
1517 616 1632 651 Ἐχαιρε
1663 617 1691 642 δὲ
1714 617 1761 642 ἐπὶ
1787 618 1820 651 τῇ

1025 661 1118 697 χάριτι
1138 662 1184 688 τοῦ
1200 662 1280 694 Θεοῦ,
1293 662 1400 696 βλέπων
1413 663 1460 689 καὶ
1469 663 1502 689 τὰ
1517 662 1643 697 βάρὸαρα
1655 663 1720 698 ἔθνη
1740 673 1822 698 προσ-

1025 708 1156 742 τρέχοντα
1170 707 1208 742 τῷ
1222 708 1293 741 λόγῳ
1306 710 1355 742 τῆς
1369 708 1510 743 ἀληθείας,
1529 709 1574 735 καὶ
1597 709 1683 744 ἡδέως
1699 709 1821 736 ὑποτασ-

1027 753 1128 788 σόμενοι
1141 753 1180 787 τῷ
1197 753 1305 788 βασιλεῖ
1332 753 1400 787 (70).
1420 753 1588 784 Ἑπιὸιὼσας
1614 754 1642 780 δὲ
1661 754 1700 780 ἔτι
1718 755 1779 786 ἔτος
1792 755 1822 781 ἒν

1025 800 1073 826 καὶ
1092 801 1179 834 μῆνας
1206 800 1314 834 ὀλίγους
1333 801 1496 836 περιέπεσεν
1517 800 1660 835 ἀρρωστίᾳ
1674 802 1742 833 τινὶ,
1759 802 1789 827 ἐν

1025 845 1074 872 καὶ
1091 846 1251 880 βαπτισθεὶς
1266 847 1295 871 έν
1319 846 1490 882 Νικομηδείᾳ
1515 847 1661 874 ἀπέθανεν,
1692 847 1822 874 Ἀνεϐάλ-

182 893 330 920 Distulerat
353 893 439 924 enim,
457 897 486 920 ut
503 893 529 920 in
555 893 684 925 Jordune,
712 893 783 927 quod
801 899 973 927 summopere

1044 899 1086 917 ετο
1099 891 1128 917 δὲ
1139 891 1217 917 τοῦτο
1228 891 1296 921 κὲως
1317 891 1364 918 τοῦ
1383 892 1460 918 τοῦδε
1476 892 1584 925 καιροῦ,
1602 894 1630 919 ὲν
1645 892 1683 928 τῷ
1700 893 1822 928 Ἰορδάνῃ

182 937 397 972 desideraverat,
415 937 609 973 baptizaretur.

217 984 285 1012 Cum
303 989 393 1011 autem
415 985 550 1011 erectiore
573 988 647 1011 esset
671 984 774 1016 animo,
793 990 838 1011 res
852 991 915 1011 suas
931 983 974 1017 pie

181 1030 326 1064 disposuit,
343 1029 446 1057 relictis
462 1030 549 1057 tribus
572 1030 634 1057 filiis
649 1030 755 1064 imperii
771 1030 850 1057 simul
870 1034 898 1057 et
917 1030 974 1064 pie-

181 1075 246 1103 tatis
272 1075 436 1102 haeredibus.
461 1075 609 1102 Maximum
635 1076 746 1110 quidem
765 1080 845 1109 natu,
868 1076 975 1110 sibique

180 1122 370 1156 cognominem
385 1121 595 1149 Constantinum
626 1121 748 1155 prchecit
772 1122 895 1156 partibus
912 1129 973 1156 qua:

181 1171 244 1193 sunt
268 1166 300 1193 ad
317 1173 459 1193 occasum.
478 1165 601 1192 Alterum
625 1173 689 1192 vero
703 1165 825 1199 ejusdem
841 1173 903 1193 eum
924 1173 975 1194 avo

180 1213 343 1240 Constantio
354 1212 477 1243 nomine,
488 1211 807 1246 Orientisimperatorem
821 1213 973 1241 constituit.
1006 1217 1010 1221 ‘

181 1258 320 1285 Minimum
348 1263 425 1290 natu,
451 1257 575 1291 Europae.
593 1257 687 1285 Nullus
702 1266 765 1285 vero
781 1259 860 1286 morti
881 1267 976 1294 parcit-

182 1305 219 1332 lis
244 1305 342 1332 adfuit.
372 1304 447 1331 Obiit
476 1310 567 1331 autem
602 1305 798 1332 celeberrimus
829 1305 976 1339 imperator

181 1351 392 1382 Constantinus,
406 1358 506 1378 annutn
523 1359 606 1386 agens
626 1352 823 1385 sexagesimum
838 1351 973 1386 quintum.

182 1396 330 1431 Imperavit
355 1403 423 1422 vero
441 1397 483 1430 pie
500 1417 507 1429 ,
534 1396 642 1431 Dcuque
662 1402 738 1431 grate
760 1404 845 1424 annos
867 1397 974 1431 triginta

185 1442 264 1472 duos,
279 1445 306 1466 et
319 1440 416 1467 relicto
428 1442 548 1468 terrestri
566 1449 658 1476 regno,
671 1443 783 1470 cteleste
800 1443 913 1475 adeptus
924 1446 974 1469 est.

185 1485 364 1514 Venerandas
382 1493 446 1513 vero
461 1486 519 1520 ejus
542 1487 672 1522 reliquias
691 1492 905 1522 composuerunt
924 1487 976 1514 mi.

185 1531 248 1559 lites
267 1532 291 1559 iu
307 1540 373 1559 urna
389 1540 489 1566 aurea;
507 1533 683 1568 feceruntque
701 1534 837 1569 planctum
847 1541 976 1569 magnum

1027 936 1144 971 ποταμῷ
1157 937 1252 963 τούτου
1264 937 1414 972 ἀξιωθῆναι
1429 938 1530 964 ποθῶν.

1064 981 1187 1016 Εὔθυμος
1200 982 1256 1017 (7i)
1279 983 1307 1009 δὲ
1328 983 1475 1018 γενόμενος
1497 984 1600 1011 διέθετο
1617 985 1749 1017 εὐσεϐῶς,
1760 985 1824 1016 τοὺς

1027 1028 1101 1063 τρεῖς
1117 1028 1192 1059 υἱοὺς
1207 1028 1374 1064 καταλείψας
1389 1029 1440 1064 τῆς
1456 1030 1540 1056 αὑτοῦ
1558 1031 1696 1064 βασιλείας
1713 1031 1761 1057 καὶ
1779 1031 1824 1057 εὗ-

1029 1074 1136 1105 σεϐείας
1154 1075 1351 1110 κληρονόμους,
1369 1076 1415 1102 τὸν
1423 1076 1611 1112 πρεσϐύτερον
1628 1077 1674 1103 τὸν
1688 1078 1737 1104 καὶ
1747 1078 1823 1112 ὁμώ-

1028 1128 1112 1154 νυμον
1141 1121 1223 1146 αὐτοῦ
1250 1122 1455 1148 Κωνσταντῖνον
1479 1122 1598 1157 ἄρχοντα
1614 1123 1757 1156 ἀναδείξας
1768 1123 1825 1151 τῶν

1028 1166 1165 1202 ἐσπερίων
1181 1167 1284 1201 μερῶν,
1299 1168 1351 1194 Τὸν
1365 1168 1391 1194 δὲ
1406 1168 1532 1203 δεύτερον
1549 1169 1595 1195 τὸν
1618 1169 1764 1204 ὁμώνυμον
1775 1170 1822 1196 τοῦ

1028 1212 1143 1238 πάππου
1166 1213 1368 1244 Κωνσταντίου,
1395 1215 1445 1248 τῆς
1463 1214 1609 1248 ’Ᾱνατολῆε
1627 1215 1739 1250 βασιλέα
1753 1217 1824 1250 ἐχει-

1030 1258 1185 1293 ροτόνησεν,
1200 1258 1247 1284 τὸν
1281 1258 1310 1285 δὲ
1331 1260 1464 1294 νεώτερον
1485 1260 1534 1294 τῆς
1554 1260 1700 1295 Εὐρώπης.
1728 1261 1823 1291 Οὐδεὶς

1028 1304 1055 1331 δὲ
1066 1304 1170 1331 τούτων
1189 1305 1279 1339 παρῆν
1304 1305 1346 1336 είς
1370 1305 1419 1340 τὴν
1446 1306 1529 1332 αὑτοῦ
1544 1304 1684 1339 τελευτήν.
1702 1307 1823 1341 Τελευτᾷ

1029 1351 1056 1377 δὲ
1068 1353 1081 1378 ὁ
1093 1352 1273 1386 πανεὺφημος
1304 1352 1508 1384 Κωνσταντῖνος
1527 1353 1541 1378 ὀ
1561 1352 1687 1387 βασιλεὺς
1700 1354 1737 1378 ὢν
1754 1353 1822 1379 ἐτῶν

1029 1397 1161 1432 ἑξήκοντα
1183 1397 1275 1428 πέντε,
1304 1397 1463 1424 ὲὸασίλευσε
1482 1398 1510 1424 δὲ
1529 1398 1649 1430 εὐσεϐῶς
1665 1399 1712 1425 καὶ
1725 1399 1822 1434 θεαρέ-

1031 1451 1100 1473 στως
1112 1442 1159 1476 ἔτη
1174 1442 1321 1477 τριάκοντα
1336 1443 1394 1473 δύο,
1406 1443 1454 1470 καὶ
1465 1443 1630 1478 καταλείψας
1639 1443 1689 1478 τὴν
1701 1444 1823 1477 ἐπίγειον

1031 1487 1183 1523 βασιλείαν,
1211 1488 1262 1523 τῆς
1293 1489 1420 1523 οὐρανίου
1454 1489 1617 1516 ἁπελάϐετο.
1635 1489 1672 1515 Τὸ
1691 1489 1719 1515 δὲ
1733 1490 1824 1524 τίμιον

1030 1534 1112 1561 αὑτοῦ
1126 1534 1252 1569 λείψανον
1281 1536 1311 1562 ἐν
1335 1535 1454 1569 λάρνακι
1470 1535 1635 1570 στρατιῶται
1650 1536 1759 1570 χρυσέῳ
1779 1536 1824 1561 ἑν-

186 1587 269 1614 super
285 1580 359 1613 eum‘,
376 1579 501 1614 lugentes
519 1588 551 1607 ac
569 1580 592 1607 si
611 1580 774 1608 charissimo
788 1585 911 1615 parente,
924 1587 977 1608 non

1042 1580 1134 1611 Ιέντες,
1150 1581 1283 1616 ἐποίησαν
1297 1581 1413 1607 κοπετὸν
1427 1581 1514 1616 μέγαν
1534 1582 1578 1607 ἐπ’
1592 1581 1672 1607 αὑτὸν
1693 1581 1824 1616 θρηνοῦν-

185 1625 357 1652 dominatore
380 1633 443 1660 rege
464 1626 552 1653 orbati
571 1631 674 1654 essent.
698 1627 733 1653 At
747 1627 819 1654 enim
841 1627 979 1654 Constan-

185 1673 240 1699 tius
257 1671 377 1699 Orientis
394 1673 554 1706 imperator,
571 1678 711 1707 acceptum
739 1673 825 1709 patris
846 1674 976 1708 cadaver,

186 1717 322 1752 justisque
337 1718 522 1752 imperatoriis
540 1719 697 1752 persolutis,
716 1719 742 1746 in
758 1720 831 1747 edito
846 1720 904 1747 loco
916 1728 982 1748 con-

186 1763 510 1799 didit,Constantinopoli
523 1784 530 1797 ,
550 1765 576 1791 in
591 1765 693 1798 templo
711 1765 915 1800 Apostolorum,
936 1766 981 1793 ubi

187 1816 276 1837 mater
298 1809 358 1844 ejus
384 1808 485 1838 Helena
515 1811 622 1845 sepulta
646 1811 736 1838 fuerat
751 1820 758 1838 :
776 1812 802 1839 in
828 1820 891 1839 eum
908 1812 981 1839 enim

188 1855 268 1883 finem
282 1861 456 1884 exstruxerat
472 1858 567 1884 beatus
584 1857 785 1886 Constantinus
801 1858 873 1885 illam
889 1859 980 1886 eccle-

187 1903 267 1936 siam,
281 1908 310 1929 ut
322 1903 357 1930 ibi
374 1903 556 1938 imperatores
568 1908 597 1931 et
613 1905 771 1932 sacerdotes
787 1907 980 1939 conderentur,

187 1957 222 1976 ne
235 1949 328 1984 procul
346 1950 474 1977 abessent
485 1951 519 1976 ab
535 1950 693 1984 apostolicis
710 1951 843 1985 reliquiis.
856 1950 982 1978 Mortuus

186 1999 230 2022 est
241 1998 331 2022 autem
343 1995 476 2022 vicesimo
488 1995 575 2029 primo
588 1995 631 2022 die
642 1995 871 2028 Maii,undecinto
882 1995 983 2023 Kalen-

187 2040 238 2069 das
250 2040 338 2074 Junii,
351 2042 401 2069 sub
417 2042 560 2069 consulatu
575 2041 705 2070 Felieiani
723 2048 751 2070 et
765 2041 886 2070 Tatiani.

227 2177 361 2204 Caeterum
380 2176 541 2204 Constantio
554 2176 610 2210 jam
629 2183 716 2209 tiuper
731 2176 757 2202 in
773 2175 919 2210 imperium
939 2176 983 2203 in-

191 2230 293 2257 gresso,
308 2228 484 2250 accesserunt
499 2223 532 2249 ad
547 2230 608 2250 eum
626 2222 735 2249 Arianae
745 2223 863 2250 vesaniae
880 2223 983 2257 princi-

190 2276 248 2304 pes,
264 2268 443 2295 adhortantes
461 2275 523 2295 eum
540 2273 568 2294 ut
582 2268 717 2302 adjectum
734 2268 808 2300 illud,
825 2268 980 2304 ὁμοούσιον,

189 2322 222 2341 ex
237 2314 367 2349 Symbolo
381 2314 443 2342 fidei
458 2314 574 2347 tolleret,
589 2314 747 2342 dictitantes
761 2323 794 2342 ex
818 2315 868 2342 hac
887 2315 982 2342 vocula

1031 1633 1087 1656 τες,
1104 1624 1143 1656 ὡς
1176 1625 1279 1660 πατρὸς
1303 1624 1493 1659 φιλοστόργου,
1510 1625 1557 1651 καὶ
1580 1625 1610 1651 οὐ
1633 1624 1767 1659 βασιλέως
1782 1625 1825 1656 ἐξ·

1031 1670 1176 1697 ουσιαστοῦ
1195 1670 1382 1706 στερηθέντες.
1398 1670 1569 1697 Καταλαὸὼν
1589 1670 1616 1696 δὲ
1633 1671 1825 1702 Κωνστάντιος

1031 1718 1102 1752 ὁτῆς
1118 1717 1203 1753 Ἐῲας
1213 1717 1352 1752 βασιλεὺς,
1364 1718 1411 1743 καὶ
1419 1715 1567 1752 βασιλικῶς
1579 1716 1712 1751 κηδεύσας
1720 1717 1765 1742 τὸν
1775 1725 1826 1743 παι

1031 1763 1098 1798 τέρα
1104 1785 1111 1796 ,
1118 1763 1162 1797 ἐφ’
1170 1763 1273 1798 ὑψηλοῦ
1283 1762 1400 1789 ἀπέθετο
1408 1763 1436 1789 ἐν
1443 1764 1475 1796 τῇ
1485 1762 1538 1788 τῶν
1545 1761 1702 1789 ἀποστόλων
1710 1762 1827 1796 Ἐκκλη-

1034 1809 1079 1845 σίᾳ
1086 1809 1114 1835 ὲν
1129 1809 1334 1836 Κωνσταντίνου
1345 1809 1430 1841 πόλει,
1443 1808 1507 1835 ἔνθα
1515 1808 1638 1844 ἀπετέθη
1648 1809 1664 1843 ὴ
1675 1809 1767 1843 μήτηρ
1776 1809 1827 1835 αὗ-

1032 1855 1192 1890 τοῦἙλένη.
1207 1855 1255 1886 Εἰς
1267 1855 1346 1881 τοῦτο
1365 1855 1419 1890 γὰρ
1436 1855 1450 1880 ὁ
1472 1855 1607 1889 μακάριος
1621 1855 1828 1887 Κωνσταντῖνος

1033 1901 1208 1937 ᾠκοδόμησεν
1227 1901 1335 1936 ἐκείνην
1348 1901 1396 1936 τὴν
1408 1900 1565 1936 ἐκκλησίαν,
1578 1902 1618 1932 είς
1628 1900 1659 1927 τὸ
1675 1901 1828 1928 θάπτεσθαι

1033 1947 1194 1978 ἐκεῖσετοὺς
1209 1946 1329 1982 βασιλεῖς
1350 1947 1397 1974 καὶ
1411 1947 1504 1982 ίερεῖς,
1517 1947 1591 1978 ὅπως
1605 1947 1642 1982 μὴ
1651 1943 1701 1974 ὢσι
1719 1947 1830 1983 μακρὰν

1033 1993 1089 2019 τῶν
1103 1993 1290 2020 ἀποστολικῶν
1304 1993 1448 2028 λειψάνων.
1458 1993 1583 2027 Ἐγένετο
1608 1993 1637 2019 δὲ
1664 1994 1758 2028 ἡμέρα
1781 1993 1830 2028 τῆς

1035 2041 1192 2074 κοιμήσεως
1207 2039 1290 2066 αὑτοῦ
1303 2039 1392 2066 εἰκάδι
1404 2038 1502 2074 πρώτῃ
1521 2039 1610 2065 Μαίου
1622 2038 1706 2073 μηνὸς
1719 2040 1752 2074 τῇ
1776 2039 1831 2073 πρὸ

1034 2085 1170 2120 δεκαμιᾶς
1189 2085 1329 2112 καλανδῶν
1348 2085 1476 2117 Ἱουνίων,
1493 2085 1523 2110 ἐν
1538 2085 1641 2120 ὑπατίᾳ
1665 2085 1831 2120 Φηλικιανοῦ

1035 2131 1083 2158 καὶ
1100 2131 1244 2157 Τατιανοῦ.

1072 2179 1264 2206 Κωνσταντίου
1281 2178 1309 2205 δὲ
1324 2179 1387 2214 ἄρτι
1410 2180 1598 2214 κρατήσαντος
1613 2178 1664 2212 τῆς
1680 2176 1832 2212 βασιλείας.

1037 2223 1191 2259 προσῆλθον
1203 2224 1278 2259 αὐτῷ
1306 2225 1331 2250 οἱ
1358 2225 1408 2259 τῆς
1425 2224 1532 2259 Ἀρείου
1555 2224 1634 2250 νόσου
1666 2222 1831 2258 προστάται,

1036 2269 1260 2304 παρακαλοῦντες
1277 2271 1358 2296 αὑτὸν
1372 2270 1419 2296 τοῦ
1436 2270 1581 2305 ὁμοουσίου
1595 2270 1624 2296 τὸ
1638 2269 1789 2304 πρόσρημα
1801 2269 1833 2294 ὲκ

1036 2313 1083 2340 τοῦ
1094 2315 1230 2350 συμϐόλου
1242 2315 1291 2351 τῆς
1300 2315 1418 2347 πίστεως
1430 2316 1577 2351 περιελεῖν.
1588 2315 1678 2342 Αἴτιον
1690 2315 1745 2349 γὰρ
1754 2314 1834 2341 τοῦτο

963 2391 1082 2420 ΝΟΤΛΕ.

223 2451 276 2482 (7(ὶὶ
291 2451 365 2478 Idem
377 2450 438 2478 cod.
452 2450 509 2477 Καὶ
522 2448 555 2486 ἦν
569 2450 633 2477 ἰδεῖν
647 2450 854 2486 ὑποτασσόμενα
861 2452 894 2486 τῇ
913 2450 981 2478 Ῥω-

190 2489 278 2521 μαίων
291 2486 426 2522 βασιλείᾳ.
438 2486 521 2513 Paulo
530 2492 590 2522 post
599 2495 606 2513 :
616 2486 781 2522 Περιέπεσεν
791 2486 933 2522 ἀρρωστίᾳ
944 2486 979 2512 δι’

187 2523 222 2559 ἦς
235 2523 281 2559 καὶ
293 2521 430 2559 ἀπέβανεν
444 2521 491 2559 κα).
511 2522 540 2547 ὲν
556 2521 724 2559 Νικομηᾷείᾳ
739 2521 841 2559 διὰγῳν
857 2522 885 2559 ὲν
894 2530 981 2559 προα-

169 2553 176 2587 )
190 2553 270 2590 ὀτείῳ
278 2557 331 2582 τινὶ
343 2556 449 2590 δέχεται
462 2557 491 2582 το
504 2553 635 2591 ποινά-ξιοᾶ
649 2553 803 2590 Sail-citauit"
817 2553 981 2583 ἀνεϐάλλετο

188 2593 217 2619 δὲ
228 2591 319 2621 τοῦτο.
337 2597 389 2618 etc.
421 2591 519 2618 Incidit
540 2594 567 2618 in
581 2592 714 2621 morbum.
730 2596 780 2625 quo
792 2596 816 2617 et
847 2590 922 2617 abiit.
944 2591 975 2617 Et

190 2627 355 2654 Nicomedia:
372 2634 451 2661 agens
468 2627 495 2653 in
521 2628 647 2654 suburbio
669 2627 783 2661 quodam
808 2626 919 2660 suscipit
942 2635 982 2653 ,ςα-

189 2667 358 2689 crosanctum
381 2663 521 2696 baptisma,
538 2662 677 2689 distulerat
699 2670 758 2688 vero
785 2661 842 2690 ltnc.
857 2668 911 2689 etc.
931 2662 981 2689 Se—

211 2701 285 2724 uitur
311 2698 465 2724 Alexander
481 2698 637 2731 opinionem
667 2696 776 2723 Eusebii
793 2697 826 2724 de
849 2697 982 2731 baptismo

211 2707 285 2724 Illllll‘
311 2707 465 2724 Alexander
481 2707 637 2731 Opilllflllfilll
667 2707 776 2723 DIISCUII
793 2707 826 2724 (lC
849 2707 980 2731 υῖιριιειιιυ

190 2707 361 2760 ἓοιιειθηιίηἱ
379 2741 387 2764 ς
406 2733 453 2759 sed
471 2733 616 2759 Eusebium
632 2732 724 2765 plures
745 2732 882 2762 refellunt,
897 2733 980 2758 etiam

191 2776 222 2794 ex
253 2768 366 2795 Graecis.
392 2767 471 2794 llunc
496 2766 681 2794 Alexandrum
703 2768 864 2794 nominatim
883 2767 982 2794 refutat

189 2803 300 2837 Glycas,
317 2811 343 2830 tv
359 2807 427 2837 part.
445 2802 600 2828 Annalium.

227 2839 284 2873 (7f)
300 2838 362 2864 Hmc
377 2838 480 2868 omnia,
499 2844 583 2870 usrptc
595 2837 628 2863 ad
646 2837 703 2868 illa.
734 2838 922 2872 κρατήσαντος
930 2837 980 2871 τῆς

192 2873 342 2909 βασιλείας,
360 2873 457 2907 partim
475 2873 610 2904 restituta,
628 2874 727 2907 partim
751 2873 856 2906 adiecta
872 2878 935 2900 sunt
950 2881 984 2899 ex

1033 2458 1156 2478 manusc.
1178 2451 1349 2484 codzcryptze
1369 2449 1445 2476 Ferr.
1465 2448 1530 2475 Nam
1547 2449 1573 2475 in
1590 2447 1722 2474 Bavaricn
1742 2447 1833 2481 plera-

1033 2487 1226 2520 qtte'deerant,
1245 2491 1272 2512 et
1284 2493 1344 2519 qua:
1362 2485 1486 2515 aderant,
1506 2489 1558 2520 tam
1579 2485 1726 2520 depravata
1743 2489 1833 2520 erant,

1034 2517 1118 2548 utvix
1145 2522 1200 2547 veri
1226 2517 1322 2547 sensus
1349 2520 1468 2546 Scintilla
1496 2519 1639 2545 emicaret.
1671 2517 1724 2544 Sed
1741 2518 1834 2551 accipe

1034 2556 1093 2589 ipsa
1109 2557 1191 2583 verba
1213 2565 1219 2582 ε
1238 2555 1391 2582 Κατέλειπε
1410 2555 1437 2580 δὲ
1463 2554 1527 2585 τοὺς
1542 2554 1641 2589 αὐτοὺς
1664 2553 1739 2583 υἱοὺς
1760 2554 1833 2589 τρεῖς

1035 2587 1116 2622 ὄντας
1133 2591 1319 2625 κληρονόμους
1329 2590 1378 2623 τῆς
1395 2588 1543 2624 βασιλείας·
1560 2588 1605 2615 τὸν
1619 2589 1669 2622 μὲν
1681 2587 1832 2625 πρεσϐύτε-

1040 2635 1085 2663 ρον
1100 2628 1140 2658 εἰς
1151 2623 1199 2663 “cdt:
1211 2626 1351 2663 Ἑσπέρη.
1361 2625 1458 2663 filii-3e
1473 2624 1662 2663 ᾷεύτεροντὴν
1682 2623 1775 2663 ὀςρχὴν,
1794 2623 1834 2648 ὲν-

1035 2657 1222 2692 ἑτείλατο.τὸν
1237 2657 1327 2696 τρίτον
1343 2661 1392 2693 τῆς
1406 2657 1559 2696 Εὐρώπης(
1580 2658 1675 2696 esset;
1690 2657 1718 2696 δε
1730 2657 1832 2696 stadim;

1034 2697 1126 2730 παρῆν
1133 2697 1172 2727 εἰς
1181 2696 1228 2731 τὴν
1240 2692 1337 2721 ἑαυτοῦ
1347 2692 1486 2731 τελευτήν.
1495 2692 1614 2731 Τελευτᾷ
1621 2693 1649 2719 δὲ
1658 2692 1697 2731 ζαν
1706 2692 1832 2731 ὲτῷν-ςέ,

1034 2728 1193 2759 ἐϐασίλευσε
1208 2728 1239 2757 δὲ
1258 2730 1305 2765 ἔτη
1330 2728 1378 2756 λ6’.
1390 2728 1553 2764 Ἀνεκόμισε
1568 2728 1604 2765 ’δὲ
1617 2728 1715 2765 τούτου
1743 2728 1832 2765 λείψα-

1034 2777 1078 2794 νον
1094 2768 1108 2793 ὁ
1134 2762 1324 2793 Κωνστάντιος
1349 2766 1388 2796 εἰς
1415 2762 1622 2791 Κωνσταντίνου
1647 2762 1735 2788 πόλιν.
1762 2762 1835 2788 Ἐτε-

1033 2803 1148 2837 λεύτησε
1168 2802 1196 2828 δὲ
1213 2801 1301 2828 εἰκάδι
1315 2801 1432 2835 δευτέρᾳ
1457 2799 1504 2826 τοῦ
1524 2797 1620 2834 μηνός.
1644 2798 1835 2824 Κωνσταντίου

1037 2836 1126 2865 τοίνυν
1140 2837 1190 2872 τῆς
1207 2836 1356 2872 βασιλείας,
1371 2841 1424 2863 etc.
