1912 3073
82 168 154 202 4069

583 160 637 193 ΒΕ
650 159 885 192 INVENTIONE
904 158 1056 189 SANCTA‘Z
1072 159 1220 189 CRUCIS.

1656 159 1728 192 4070

84 229 190 261 ἔφασαν
204 223 345 259 γεγονέναι
361 221 410 256 τῆς
424 220 478 247 τῶν
492 219 662 254 Ἐκκλησιῶν
669 217 839 253 διαιρέσεως.
849 212 885 242 Ob
901 242 902 245 η

957 222 1045 240 mnem
1080 210 1265 240 l‘lt-rlesiarum
1297 213 1457 240 divisionem
1481 217 1605 240 exortam
1635 215 1728 246 fuisse,

82 273 225 309 ἀρθέντος,
243 270 293 297 οὐκ
307 269 346 295 ἔτι
363 268 438 294 ἔσται
459 265 664 302 ἀμφισεήτησις
697 263 762 299 περὶ
780 262 881 309 δογμάη

81 307 148 346 των.
173 317 202 344 '0
216 317 243 343 δὲ
259 315 406 350 κουφότητι
423 313 536 348 γνώμης
560 311 748 342 ἀϐασανίστως
766 307 880 344 δεξάμε-

83 374 128 396 νος
141 365 206 395 τοῦς
234 362 332 396 λόγους
362 359 464 392 αὐτῶν,
489 357 617 385 συνέθετο
640 356 720 384 τοῦτο
748 355 880 390 ποιῆσαι,

83 411 130 436 καὶ
149 409 230 435 πάλιν
246 405 280 442 ἦν
293 408 414 442 τάραχος
438 405 490 432 οὐκ
512 403 602 438 ὀλίγος
618 403 647 429 ὲν
670 402 718 438 ὅλῃ
741 403 774 437 τῇ
791 402 882 428 οἰκου-

86 456 167 491 μένῃ.

122 501 194 529 Κατ’
207 501 311 527 ἐκεῖνον
322 499 350 525 δὲ
364 498 411 525 τδν
429 497 527 533 καιρὸν
551 495 643 531 θαῦμα
658 495 771 529 γέγονεν
786 495 815 520 ἐν
837 494 885 520 ’ῐε-

87 545 250 582 ροσολύμοις
267 545 357 571 πάντα
369 543 449 577 λόγον
471 542 644 578 ὑπερὸαἶνον.
665 539 776 575 Ἐπειδὴ
790 539 844 574 γὰρ
856 539 885 564 ὲν

129 591 186 618 τῶν
194 590 339 624 δογμάτων
349 587 500 623 φιλονεικίᾳ
508 587 614 621 ὲκκοπὴ
627 586 724 620 γέγονε
734 584 789 611 τῶν
800 592 886 619 προσ-

87 636 244 673 ερχομένων
260 637 293 671 τῇ
315 635 416 666 πίστει,
441 632 693 667 σκανδαλιζομένων
716 632 762 656 ἐπὶ
783 631 816 665 τῇ
831 629 886 656 τῶν

88 683 248 718 ἱερωμένων
263 680 409 716 διαφωνία,
424 679 572 714 οὐρανόθεν
595 677 696 710 ἔδειξεν
714 678 728 704 ὁ
749 675 803 702 τῶν
819 676 886 702 ϐαυ-

91 729 198 765 μασίων
210 728 286 760 Θεὸς,
300 728 342 754 ὃτι
354 727 404 762 οὐχ
417 727 432 753 ὁ
442 726 521 760 λόγος
533 724 582 759 τῆς
606 725 647 755 είς
661 723 742 750 αὐτὸν
769 722 888 752 πίστεως

89 776 178 806 αἴτιος
197 774 253 802 τῶν
272 772 440 804 σκανδάλων,
459 771 527 798 ἀλλὰ
536 770 591 797 τῶν
610 769 750 804 ἀδοκίμων
762 767 887 803 ίερέωνή

91 822 224 856 σκαιότης
252 821 298 847 καὶ
321 821 371 855 τῆς
397 817 532 852 κακίστης
550 816 641 844 αὐτῶν
654 814 769 849 γνώμης
783 814 799 847 ή
814 813 888 839 ἀδια-

91 867 205 903 κρασία.
217 865 370 901 Τοιγαροῦν
393 865 471 898 ἄφνω
487 863 615 898 φαίνεται
632 861 725 888 ἐπάνω
744 859 793 886 τοῦ
810 859 888 893 ἁγίου

354 891 436 945 μεσοιὺ
441 891 499 944 σηςι
515 917 554 935 πα
558 917 577 943 μ
581 907 748 942 μεγέστατος
772 891 888 938 σταυρὸς
905 891 925 917 Β

91 961 124 986 ὲκ
139 959 229 993 φωτὸς
259 955 527 991 κατεσκευασμένος,
543 953 690 982 καλύπτων
702 951 750 987 τὴν
761 950 808 977 τοῦ
822 951 891 985 ἠμε-

91 1007 173 1040 τέρου
190 1005 267 1040 ἡλίου
286 1002 470 1037 λαμπρότητα
495 1002 529 1035 τῇ
558 998 697 1034 ὑπερϐολῇ
718 997 766 1024 τοῦ
791 995 890 1031 φωτὸς,

93 1051 211 1078 ἐνώπιον
226 1051 336 1076 πάντων
348 1048 402 1074 τῶν
413 1047 463 1082 τὴν
481 1046 558 1073 πόλιν
567 1044 725 1074 οἰκούντων.
744 1041 850 1078 μικρῶν
861 1049 892 1068 τε

95 1098 141 1124 καὶ
154 1096 291 1132 μεγάλων,
306 1093 411 1120 πιστῶν
422 1102 452 1119 τε
468 1092 514 1118 καὶ
526 1091 659 1118 ἀπίστων.
673 1089 807 1124 Κύριλ).ος
816 1088 845 1114 δὲ
857 1086 892 1124 ἦν

93 1145 154 1170 τοτε
165 1143 179 1168 ὁ
191 1142 246 1169 τῶν
264 1142 297 1168 Ίε
302 1139 398 1177 ροσολύ
403 1147 461 1174 μων
480 1138 639 1170 ἐπίσκοπος,
657 1136 704 1162 τὸν
722 1134 893 1169 ὁμολογητὴν

95 1188 267 1222 Μαξιμωνᾶν
284 1186 487 1220 διαδεξάμενος.
505 1184 608 1210 Τούτου
627 1182 760 1214 σώζονται
774 1180 893 1216 κατηχή-

96 1243 153 1264 est;
168 1231 320 1264 δεκαοκτὼ,
346 1231 497 1265 εὑδοκίμως
525 1228 783 1264 συγγεγραμμέναι,
805 1228 834 1252 ὲν
847 1223 892 1258 αἷς

95 1279 126 1305 τὸ
159 1278 238 1312 ἅγιον
272 1276 412 1312 Σύμὸολον
435 1274 609 1311 ἑρμηνεύσας
637 1273 748 1308 μνήμην
771 1271 821 1306 τῆς
845 1270 892 1296 τοῦ

96 1323 242 1358 ὸμοουσίου
266 1322 365 1354 λέξεως
383 1322 434 1348 οὐκ
463 1322 622 1355 ἐποιήσατο,
656 1319 709 1345 τῶν
740 1317 894 1344 καταδυνα-

97 1371 249 1397 στευόντων
266 1370 326 1395 τότε
341 1369 390 1399 τὰς
407 1367 543 1398 συσκευὰς
573 1364 760 1400 ὑφορώμενος.
781 1364 893 1398 Ἔμεινε

97 1417 126 1444 δὲ
145 1417 220 1451 ὅμως
237 1416 286 1441 σὺν
298 1416 354 1446 τοῖς
371 1414 460 1449 ἁγίοις
485 1413 621 1448 Πατράσι,
637 1412 796 1448 συνηγορῶν
808 1411 894 1445 ἀγρά-

98 1472 156 1498 φως
168 1464 200 1498 τῇ
225 1461 385 1497 Ἐκκλησία.
407 1457 491 1491 Οὗτος
520 1460 624 1495 ἔγραψε
645 1459 684 1494 τῷ
699 1459 802 1494 βασιλεῖ
817 1459 894 1484 Κων-

99 1510 218 1542 σταντίῳ
234 1509 298 1543 περὶ
310 1507 357 1533 τοῦ
376 1507 523 1542 γενομένου
538 1506 664 1540 σημείου.
677 1505 805 1539 Ἄμεινον
819 1503 847 1529 δὲ
861 1502 895 1528 τὰ.

100 1555 166 1590 περὶ
178 1554 274 1581 τούτου
291 1553 392 1585 διδάξει
415 1552 485 1579 αὐτὰ
510 1552 557 1578 τοῦ
581 1552 734 1579 ἐπισκόπου
751 1549 786 1576 τὰ
803 1549 895 1584 γρὰμ·
908 1557 929 1586 ο

101 1609 187 1635 ματα,
201 1599 299 1635 ἔχοντα
316 1598 379 1625 τάδε
396 1606 402 1612 ·

140 1700 149 1715 ι
169 1690 231 1716 Ἐπὶ
247 1688 297 1724 μὲν
313 1687 361 1714 τοῦ
378 1687 516 1722 μακαρίου
533 1687 579 1713 καλ⁴
593 1686 718 1722 ἀοιδίμου
732 1685 835 1721 πατρός
849 1693 896 1711 σου

100 1737 132 1762 τὸ
150 1735 285 1770 σωτήριον
300 1733 415 1769 εὓρηται
432 1732 478 1759 τοῦ
509 1731 643 1764 ζωοποιοῢ
672 1731 791 1767 σταυροῦ
808 1730 898 1762 ξύλον

102 1783 150 1809 ἐπὶ
167 1782 197 1809 δὲ
210 1781 270 1814 σοῦ,
287 1781 466 1807 εὐσεϐέστατε
494 1780 617 1815 βασιλεῦ.
632 1780 799 1815 προγονικὴν
820 1779 898 1806 εὐσέ-

102 1827 180 1854 ϐειαν
196 1827 391 1860 ὲπανάγοντος,
413 1826 526 1857 εἰκότως
545 1827 595 1852 οὐκ
616 1826 648 1852 ἐκ
665 1826 727 1861 γῆς,
738 1825 795 1852 ἀλλ’
806 1825 835 1859 ἐξ
852 1826 897 1851 οὺ-

103 1873 188 1910 ρανοῦ
214 1873 248 1900 τὰ
277 1873 564 1908 θαυματουργήματα.
588 1873 632 1898 Ἔν
657 1873 711 1907 γὰρ
734 1874 794 1903 ταῖς
808 1872 900 1905 ἁγίαις

103 1917 219 1948 ταύταις
249 1917 367 1952 ἡμέραις
395 1917 445 1952 τῆς
470 1917 671 1952 Πεντηκοστῆς,
691 1917 781 1948 νόναις
796 1917 900 1948 Μαῖαις

104 1964 170 1998 περὶ
185 1963 282 1999 τρίτην
300 1962 375 1997 ὥραν
388 1961 622 1997 παμμεγέστατος
635 1962 751 1998 σταυρὸς
771 1963 803 1988 ἐκ
812 1962 901 1996 φωτὸς

104 2008 364 2043 κατεσκευασμένος
375 2009 402 2035 ὲν
413 2008 520 2044 οὐρανῷ
532 2009 659 2044 ὑπεράνω
681 2008 727 2034 τοῦ
745 2009 822 2042 ἁγίου
839 2008 901 2034 Γολ-

105 2054 176 2089 γοθᾶ
190 2054 239 2080 καὶ
250 2055 330 2089 μέχρι
341 2053 387 2080 τοῦ
401 2054 478 2087 ἁγίου
490 2053 570 2089 ὅρους
585 2054 637 2080 τῶν
653 2053 767 2080 Ἐλαιῶν
780 2053 900 2080 ἐκτεινό-

109 2109 190 2136 μενος
206 2100 344 2134 ἐφαίνετο,
359 2100 408 2134 οὐχ
435 2101 475 2126 ὲνί
495 2101 541 2126 καὶ
564 2100 682 2136 δευτέρῳ
700 2100 780 2135 μόνον
796 2100 901 2134 φανεὶς,

109 2146 179 2172 ἀλλὰ
196 2145 277 2172 παντὶ
291 2145 393 2180 τῷιτῆς
409 2145 513 2175 πόλεως
539 2145 635 2180 πλήθει
655 2145 834 2181 φανερώτατα
849 2145 903 2172 δει-

107 2191 195 2227 χθεὶς,
213 2191 267 2217 οὐδ’
285 2191 323 2222 ὡς
340 2191 373 2217 ἄν
398 2199 441 2222 τις
467 2190 589 2226 νομίσαι,
618 2191 701 2223 ὀξέως
723 2192 739 2226 ἢ
769 2191 903 2218 καὶκατὰ

933 268 983 294 qua
1002 259 1118 291 sublata,
1135 259 1235 286 nullam
1249 259 1363 292 {Implith
1375 259 1407 285 de
1424 259 1597 294 dogmatibus
1611 260 1729 287 futuram

933 306 1166 338 Controversiam;
1186 313 1267 340 quem
1295 305 1401 332 illorum
1431 313 1586 333 sermonem
1613 307 1658 333 ille
1689 312 1730 335 te—

936 358 1020 382 nuere,
1035 351 1070 376 ob
1088 350 1187 376 mentis
1198 350 1309 377 nitniam
1325 349 1463 377 levitatem
1482 350 1641 383 admittens,
1663 360 1731 379 con-

934 398 1018 424 cessit
1040 396 1065 422 id
1094 396 1164 429 heri,
1197 398 1326 430 ortusque
1352 395 1415 422 hinc
1429 399 1471 422 est
1496 391 1544 430 per
1574 396 1730 425 universum

935 443 1066 470 munitum
1086 442 1216 468 tumultus
1230 449 1283 467 non
1303 441 1441 468 minimus.

972 489 1051 516 Circa
1072 489 1144 515 idem
1160 495 1225 514 vero
1240 492 1348 522 tempus
1369 495 1413 515 res
1429 487 1551 515 miranda
1573 487 1733 524 Hierosoly-

935 535 988 562 mis
1006 533 1115 566 accidit,
1133 541 1194 568 qua:
1212 540 1322 559 omnem
1336 532 1489 560 orationem
1515 538 1636 567 superat.
1664 533 1731 560 Cum

937 580 1010 607 enim
1025 579 1061 606 ob
1075 578 1145 605 hanc
1161 577 1360 605 sententiarum
1392 577 1592 610 diversitatem,
1612 577 1731 605 variam-

938 633 990 660 que
1006 623 1240 660 digladiationem,
1259 630 1355 658 magna
1379 622 1456 650 ﬁeret
1479 623 1598 650 divulsio
1624 631 1731 660 eorum,

938 659 983 706 qui
999 677 1093 697 recens
1117 670 1150 696 ad
1168 668 1246 695 [idem
1264 674 1406 700 venerant,
1431 669 1502 702 quod
1527 659 1734 697 oﬂ'enderentur

939 718 989 744 hac
1005 716 1177 743 sacerdotum
1196 715 1379 746 dissensione,
1396 714 1518 742 ostendit
1544 715 1654 742 coalitus
1679 716 1733 742 mi-

940 761 1066 788 rabilium
1092 760 1136 787 ille
1152 765 1280 794 operator
1301 759 1390 792 Deus,
1421 767 1593 795 nequaquam
1619 761 1733 788 verbum

941 813 1041 835 nostra:
1070 807 1130 834 lidei
1153 814 1247 833 ansam
1279 806 1472 833 scandalnrum
1497 808 1658 842 praebuisse,
1688 807 1734 834 sed

942 853 1028 880 solum
1048 851 1250 886 improbitaletn
1265 851 1335 877 male
1354 850 1530 884 probatorum
1559 852 1735 879 sacerdotum

942 899 1123 931 stolidamque
1153 897 1252 924 mentis
1269 904 1405 931 perversae
1433 897 1635 931 intemperiem.
1666 896 1736 924 Ecce

942 944 1014 971 enim
1033 945 1180 977 derepente
1204 949 1285 975 supra
1300 946 1424 968 sanctum
1448 947 1570 968 montem
1587 941 1735 976 Golgotba,

943 989 1100 1022 mediojam
1115 987 1168 1019 die,
1187 988 1385 1022 pretiosissima
1410 995 1478 1014 crux
1493 995 1526 1014 ex
1554 988 1675 1015 coruscis
1691 995 1737 1014 ra-

943 1035 996 1062 diis
1011 1034 1135 1062 confecta
1153 1035 1288 1068 apparuit,
1303 1033 1372 1060 solis
1388 1034 1477 1061 nostri
1505 1034 1658 1060 claritatem
1685 1041 1737 1061 suo

944 1080 1088 1116 splendore
1115 1079 1276 1110 obscuratis,
1306 1078 1388 1113 idque
1416 1079 1571 1106 videntibus
1600 1079 1736 1111 omnibus,

944 1126 989 1160 qui
1002 1125 1139 1152 civitatem
1156 1123 1321 1155 incolebant,
1339 1122 1444 1156 pusillis
1457 1127 1484 1149 et
1505 1122 1621 1158 magnis,
1652 1122 1739 1149 tldeli-

944 1173 994 1200 bus
1007 1178 1033 1200 et
1051 1172 1213 1199 infidelibus.
1244 1170 1360 1205 Fuitque
1381 1171 1432 1198 hoc
1450 1175 1576 1204 tempore
1593 1170 1738 1203 episcopus

945 1219 1209 1253 Hicrosolymitanus
1237 1216 1367 1253 Cyrillus,
1398 1224 1541 1244 successor
1568 1215 1737 1243 confessoris

944 1265 1116 1295 Maximonae,
1131 1263 1209 1295 cujus
1226 1263 1375 1289 etiamnum
1395 1262 1486 1288 decem
1499 1264 1526 1287 et
1537 1265 1599 1287 octo
1612 1260 1740 1287 Cateche-

945 1318 989 1337 ses
1005 1314 1150 1336 servantur
1164 1308 1285 1343 legitime
1309 1307 1484 1341 conscriptae.
1507 1306 1534 1333 in
1565 1307 1663 1340 quibus
1688 1313 1739 1333 sa-

945 1363 1020 1381 crum
1035 1354 1175 1388 explicans
1199 1352 1370 1388 Symbolum,
1398 1352 1472 1380 verbi
1503 1352 1738 1380 consubstantialis

946 1401 1111 1427 mentionem
1130 1399 1232 1430 omisit.
1250 1399 1401 1433 principum
1424 1399 1450 1425 in
1476 1405 1516 1431 se,
1532 1399 1584 1425 nisi
1603 1398 1629 1426 id
1649 1398 1732 1425 fecis-

946 1452 998 1479 Sel,
1016 1446 1128 1472 insidias
1141 1449 1250 1480 paratas
1262 1444 1367 1476 videns,
1383 1445 1481 1471 mansit
1500 1449 1587 1472 tamen
1606 1452 1667 1472 cum
1681 1451 1740 1471 san.

947 1491 997 1518 etis
1020 1491 1158 1523 Panibus,
1175 1489 1325 1518 Ecclesiam
1350 1497 1428 1522 voce,
1447 1498 1499 1517 non
1519 1490 1628 1524 scriptis
1643 1489 1740 1518 defen-

948 1538 1024 1565 dens.
1044 1537 1093 1564 Hic
1109 1537 1142 1563 ad
1157 1536 1349 1571 imperatorem
1366 1536 1398 1563 de
1412 1543 1455 1568 eo,
1482 1537 1556 1571 quod
1589 1537 1740 1570 acciderat,

947 1582 1066 1616 scripsit.
1094 1581 1202 1607 Clarius
1222 1585 1311 1607 autern
1339 1580 1458 1615 episcopi
1481 1580 1567 1615 ipsius
1593 1581 1691 1608 litterae
1714 1581 1741 1608 id

947 1629 1120 1658 edocebunt:
1136 1635 1176 1655 ea:
1192 1628 1230 1655 ita
1246 1635 1275 1655 se
1289 1627 1389 1666 habent
1406 1635 1413 1654 :

985 1684 996 1700 ε
1018 1675 1151 1709 Tempore
1163 1667 1384 1709 praestantissimi
1408 1682 1440 1702 ac
1464 1674 1513 1709 piae
1537 1675 1674 1702 memoria!
1693 1682 1742 1710 pa-

949 1721 997 1749 tris
1012 1722 1062 1754 tui,
1094 1721 1215 1748 salutare
1227 1720 1342 1748 vivilicze
1363 1721 1455 1749 crucis
1475 1721 1577 1756 lignum
1602 1721 1742 1748 inventum

949 1773 999 1795 est.
1027 1767 1084 1794 Tuo
1115 1774 1181 1794 vero
1205 1771 1338 1802 tempore,
1364 1767 1487 1801 piissime
1508 1767 1669 1802 imperator,
1695 1767 1743 1794 tibi

950 1816 1049 1841 avitam
1066 1814 1195 1840 virtutem
1219 1812 1363 1844 referenti,
1383 1813 1482 1840 merito
1512 1821 1566 1840 non
1599 1821 1633 1840 ex
1659 1818 1743 1846 terra,

950 1860 997 1887 sed
1015 1867 1049 1886 ex
1075 1859 1144 1886 ccelo
1160 1859 1237 1893 signa
1254 1864 1453 1886 monstrantur.
1472 1859 1563 1886 Sacris
1575 1860 1646 1886 enim
1668 1859 1744 1887 hisce

951 1906 1127 1933 Pentecostes
1141 1905 1256 1939 diebus,
1281 1905 1366 1932 Nonis
1383 1905 1458 1939 Maii,
1480 1906 1553 1934 circa
1575 1907 1671 1934 horam
1694 1912 1745 1934 ter-

953 1953 1028 1986 tiam,
1055 1952 1171 1978 maxima
1185 1959 1251 1978 crux
1272 1959 1305 1978 ex
1326 1951 1387 1978 luce
1401 1951 1483 1983 facta,
1501 1952 1535 1978 de
1553 1952 1634 1985 coelo,
1662 1960 1746 1988 super

953 2006 1061 2026 sacrum
1077 2003 1196 2025 montem
1213 1997 1358 2032 Golgotha,
1372 2005 1458 2032 usque
1477 1998 1513 2025 ad
1528 2005 1654 2026 sanetum
1672 2006 1746 2026 mon-

953 2048 1005 2071 tem
1026 2043 1166 2071 0livarmn
1184 2048 1294 2070 extenta
1317 2044 1464 2078 apparuit;
1491 2052 1544 2071 non
1565 2044 1611 2071 uni
1628 2048 1745 2077 tantum,

953 2092 1001 2116 aut
1020 2089 1097 2116 alteri
1113 2089 1182 2121 visa,
1209 2091 1256 2116 sed
1273 2089 1407 2116 universa:
1422 2090 1542 2117 civitatis
1576 2089 1745 2117 multitudini

954 2134 1127 2169 apertissime
1156 2139 1277 2162 ostensa.
1304 2134 1398 2169 Neque
1414 2139 1442 2161 ut
1467 2134 1566 2170 aliquis
1593 2134 1664 2161 forte
1687 2135 1747 2162 exi-

954 2181 1066 2207 stimare
1096 2186 1198 2215 posset,
1230 2181 1356 2208 celeriter
1395 2181 1545 2208 secundum
1575 2181 1746 2215 phantasiam

108 2237 262 2272 φαντασίαν
289 2235 489 2272 παραδραμὼν,
519 2237 576 2263 ἀλλ’
605 2238 651 2263 ἐπὶ
676 2237 797 2263 πλείοσιν
819 2236 902 2271 ὥραις

957 2233 1131 2261 percurrens,
1149 2228 1196 2254 sed
1214 2227 1306 2254 multis
1332 2227 1406 2254 horis
1425 2233 1506 2261 supra
1533 2232 1632 2254 terram
1658 2227 1748 2255 mani-

107 2284 180 2318 ὐπὲρ
205 2283 257 2318 γῆν
279 2283 497 2318 ὀφθαλμοφανὼς
534 2282 742 2318 Θεωρούμενος,
771 2283 819 2309 καὶ
843 2284 903 2314 ταῖς

109 2328 371 2364 ἁπαστραπτοὺσαις
384 2329 579 2363 μαρμαρυγαῖς
596 2329 645 2359 τὰς
663 2328 778 2362 ἡλιακὰς
793 2329 904 2359 ἀκτῖνας

109 2375 275 2410 νικήσας.Ἣ
290 2377 345 2408 γὰρ
359 2374 391 2400 ἂν
402 2375 552 2409 νικώμενος
563 2375 608 2400 ὑπ’
618 2374 707 2400 αὐτῶν
724 2373 903 2406 ἐκαλύπτετο,

111 2423 190 2458 εἰμὴ
208 2421 399 2456 δυνατωτέρας
422 2421 498 2456 ἡλίου
526 2423 582 2452 τοῖς
606 2421 690 2456 ὁρῶσι
721 2421 834 2455 παρεῖχε
856 2421 905 2452 τὰς

111 2467 298 2503 λαμπηδόνας,
312 2466 349 2497 ὠς
362 2467 435 2492 ἂπαν
459 2465 489 2497 ἐξ
508 2465 593 2499 αὐτῆς
612 2465 661 2500 τῆς
688 2465 767 2498 ἁγίας
787 2464 904 2499 ἰικκλη-

112 2515 174 2546 σίας
186 2513 349 2548 συνδραμεῖν
363 2511 394 2538 τὺ
411 2511 524 2546 πλῆθος,
548 2511 588 2545 τῷ
607 2511 655 2544 τῆς
677 2511 805 2541 θεοπτίας
830 2510 905 2545 φόϐῳ

113 2558 245 2594 συσχεθὲν
260 2558 289 2589 ἐξ
300 2555 414 2592 οὐρανοῦ
425 2556 515 2582 Θεόοεν
526 2555 740 2590 γεγενημένης.)
750 2555 805 2581 Καὶ
819 2554 906 2580 ταῦτα

115 2606 164 2640 μὲν
187 2606 201 2630 ὁ
218 2603 378 2633 ἐπίσκοπος.

155 2651 203 2678 Ἐκ
227 2649 330 2684 ταύτης
357 2649 385 2674 δὲ
406 2647 637 2683 παραδοξοποιίας
665 2647 761 2673 πολλαὶ
790 2646 908 2682 χιλιάδες

113 2694 319 2732 προσετέθησαν
345 2694 377 2728 τῇ
402 2693 503 2719 πίστει.
521 2693 592 2720 "Em:
609 2689 660 2719 ὦδε
682 2692 747 2727 περὶ
767 2692 814 2726 τῆς
828 2691 906 2726 εὑρέ-

114 2751 185 2774 σεως
216 2740 272 2776 (72)
297 2739 346 2766 τοῦ
365 2738 499 2771 ζωοποιοῦ
521 2739 638 2774 σταυροῦ
662 2739 679 2774 ἡ
701 2739 806 2773 ἱστορία
825 2738 905 2769 ἔστω,

955 2272 1025 2300 l'este
1042 2277 1201 2306 conspecta,
1216 2272 1360 2307 splendore
1386 2281 1435 2299 suo
1458 2273 1524 2300 solis
1550 2273 1641 2300 radios
1669 2273 1749 2309 longe

956 2326 1101 2353 superans.
1117 2317 1199 2346 Certe
1211 2319 1284 2346 enim
1302 2319 1335 2346 ab
1351 2319 1405 2346 illis
1420 2325 1558 2355 superata,
1590 2320 1749 2348 abscondita

956 2365 1064 2397 fuisset,
1081 2365 1132 2392 nisi
1148 2365 1319 2392 intuentibus
1336 2366 1424 2400 ipsam
1439 2366 1496 2393 sole
1527 2366 1674 2393 lucidiores
1704 2374 1750 2393 ra-

958 2413 1017 2439 dios
1032 2411 1202 2438 exhibuisset
1219 2420 1226 2438 :
1245 2412 1311 2438 adeo
1338 2416 1368 2438 ut
1391 2412 1463 2439 illico
1477 2413 1604 2440 universa
1633 2414 1751 2443 civitatis

958 2457 1105 2485 multitudo
1120 2457 1153 2484 ad
1167 2462 1290 2484 sanctam
1306 2456 1455 2484 Ecclesiam
1472 2464 1658 2492 concurreret,
1679 2467 1750 2488 metu

958 2506 1043 2533 divini
1059 2505 1138 2533 istius
1152 2505 1267 2540 prodigii
1282 2504 1389 2532 coalitus
1400 2504 1463 2532 facti
1475 2506 1621 2540 perterriti.
1635 2515 1644 2531 ›
1663 2508 1753 2542 Atque

960 2553 1091 2579 hactenus
1107 2551 1216 2586 quidem
1233 2551 1387 2586 episcopus.

997 2641 1036 2668 Ex
1051 2648 1103 2676 quo
1121 2645 1174 2668 tom
1190 2641 1325 2675 stupenda
1338 2641 1471 2668 miraculo
1497 2641 1581 2669 multa
1613 2642 1742 2669 hominnn

963 2687 1043 2714 millia
1063 2687 1095 2714 ad
1111 2687 1190 2715 ﬁdem
1209 2694 1238 2714 se
1264 2687 1463 2722 applicuerunt.
1493 2687 1555 2716 llaec
1585 2690 1617 2715 de
1641 2688 1750 2715 vivitira

962 2734 1051 2761 crucis
1075 2733 1240 2766 inventione,
1263 2738 1373 2768 totaque
1399 2734 1514 2762 historia
1543 2734 1615 2761 dicta
1633 2733 1697 2765 sint,
1727 2739 1754 2761 et

866 2803 989 2831 NOTIE:

152 2857 208 2891 (τε)
225 2856 322 2882 Addita
340 2859 402 2882 sunt
423 2863 455 2882 ex
479 2853 551 2891 cod.»
566 2852 660 2891 Glypt.
689 2852 767 2891 Ferr,
799 2852 912 2891 scripta,

116 2898 146 2920 ut
157 2888 283 2927 apparet,
302 2892 327 2918 in
347 2891 416 2924 illos,
438 2891 485 2925 qui
503 2889 673 2921 Qttit’itteum,
690 2895 736 2916 seu
749 2888 904 2923 (lyriacum,

969 2849 1043 2884 prius
1061 2847 1157 2876 ludam
1170 2847 1347 2882 appellatum,
1359 2848 1634 2882 Hierosolynitannm
1651 2845 1754 2884 episco-

962 2882 1025 2920 pum
1041 2883 1211 2919 constituunt
1228 2891 1235 2916 ;
1252 2883 1363 2918 ejusque
1381 2885 1511 2918 auspiciis
1535 2890 1643 2910 crucem
1662 2882 1758 2910 inven-
