1912 3073
172 128 240 161 I091

763 121 984 163 ΑιΕλΑΝῡιιι
1000 119 1173 151 MONACHI

1742 119 1816 152 (Μ

172 187 288 217 veniret,
304 184 326 212 si
342 184 403 219 quis
416 184 487 211 enim
501 191 595 210 vocem
612 183 692 214 hanc,
712 181 822 215 Ioseph,
839 181 972 214 interpre-
986 185 1007 210 Λ
1026 184 1055 205 ut
1074 179 1241 212 ingressione
1256 181 1301 205 tua
1316 177 1424 204 famulis
1441 177 1495 204 luis
1510 176 1667 205 benedicas.
1687 177 1752 212 Ejus
1769 186 1816 213 po-

175 238 256 265 tetur,
278 230 396 258 inveniet
409 230 477 256 idem
492 229 581 255 valere
595 229 665 262 quod
679 228 724 254 Dei
741 227 967 257 additamentum;

174 278 281 304 additus
301 276 371 303 enim
390 275 440 302 fuit
457 281 471 301 a
487 274 542 301 Deo
556 274 647 309 justus
663 273 707 300 hic
729 273 770 299 vir
784 271 967 306 apostolorum

173 323 267 354 cmtui,
283 326 309 348 et
326 329 406 348 sacro
419 325 576 358 sanctorum
594 319 744 346 consortio.
763 318 803 346 Ad
821 318 878 345 haec
891 324 968 344 eam-

173 369 233 395 dem
260 376 363 399 vocent,
391 367 437 394 Dei
463 366 578 402 gloriam
608 365 781 401 interpretari
813 372 967 399 possumus.

172 413 266 448 Neque
282 414 423 448 quisquam
448 418 523 446 putet
548 413 658 439 verbum
693 411 742 437 hoc
767 409 967 443 exsuperantizc

172 467 253 486 causa
271 459 386 489 tlII'llllll,
404 457 450 484 scd
465 466 479 483 a
492 457 592 484 diiinis
608 456 720 483 Litteris
734 460 870 489 sumptum
887 454 965 480 sciat.

171 506 217 532 Ait
235 504 305 531 enim
322 503 438 530 Paulus:
465 502 511 530 Vir
530 511 581 529 itan
597 502 669 528 drbet
686 506 765 534 caput
788 506 881 535 tegere,
907 507 965 526 cum

171 551 204 578 sit
230 551 318 584 imago
340 555 364 576 et
397 549 482 584 gloria
511 548 559 575 υεί
584 548 605 575 ⁵.
622 548 698 581 Quod
718 547 740 574 si
767 547 853 572 virum
871 552 966 580 qtlt‘lﬂ-

171 605 288 631 cunque,
311 596 455 630 imaginem
484 594 528 621 Dci
560 599 586 620 et
610 593 724 627 gloriam
741 591 967 619 Iectisshuusille

171 643 309 677 apostolus
327 641 481 677 appellavit.
499 640 561 674 quid
585 640 708 667 dicemus
730 640 762 667 de
780 639 832 666 lioc
855 639 913 666 viro
937 638 963 664 iii

172 690 253 716 rebus
272 689 371 715 divinis
389 686 613 722 perfectissimo?

206 735 251 762 Vl.
267 735 333 761 Cum
348 743 411 760 vero
425 734 565 760 Barnabas
577 734 635 766 ipse
648 732 821 762 adolevisset,
836 731 926 758 illum'
938 731 964 758 in

171 783 267 809 urbem
287 780 503 815 Hierosolymam
518 783 646 813 parentes
659 777 855 811 perduxerunt,
871 781 898 803 et
913 775 967 803 Ga-

172 827 273 854 iualieli
305 826 391 860 It-gom
423 833 453 851 ac
483 825 629 858 prophetas
657 823 802 857 diligenter
827 822 966 848 edocendo

174 874 354 903 tradiderunt,
380 872 424 905 qui
449 876 475 897 et
496 869 620 902 Paulum,
638 874 701 895 tunc
718 868 829 894 Saulum
846 867 965 901 appella-

174 924 242 949 tam,
258 917 477 952 'condiseipuluui
500 916 625 942 habebat.
642 913 770 945 Quotidie
785 921 848 940 vero
866 912 968 940 Barna-

174 965 223 991 bas
257 964 343 998 magis
371 958 614 997 proliciebat,'tiiiii
643 960 779 991 doctrina,
803 964 858 986 tum
893 959 968 985 oniui

174 1011 288 1041 virtute,
318 1009 437 1036 nondum
470 1013 560 1034 tamen
593 1007 626 1033 ad
655 1005 812 1033 Levitaruui
844 1005 968 1031 ordinem

174 1060 338 1091 aggregatus
366 1053 512 1085 I'nerat,en
537 1053 608 1087 quod
636 1059 689 1078 non
721 1055 782 1077 erat
805 1054 887 1077 :ctate
911 1048 968 1081 illa,

175 1109 256 1135 quam
273 1109 302 1127 ea
330 1107 372 1126 res
391 1098 547 1133 postulabat
562 1107 569 1124 :
587 1097 675 1123 adhuc
690 1096 763 1123 enim
778 1103 840 1122 cum
856 1094 969 1129 ephebis

176 1146 380 1173 numerabatur.
396 1144 453 1171 Non
467 1149 558 1170 tatiicn
574 1151 587 1169 a
604 1142 705 1176 templo
721 1140 890 1171 discedebat,
904 1147 966 1166 cutii

176 1193 204 1219 in
218 1191 331 1226 jt'jllllils
347 1199 378 1217 ar
394 1190 520 1225 precibus
535 1189 579 1216 die
603 1196 634 1216 ac
655 1194 733 1214 nocte
750 1191 916 1214 versaretur.
931 1186 970 1213 lta

175 1245 241 1264 vero
261 1240 334 1272 leges
351 1242 378 1263 et
394 1236 497 1270 reliqua
513 1235 602 1261 divina
619 1235 720 1268 scripta
739 1233 897 1260 nit-moritor
911 1239 972 1267 pro-

174 1283 331 1313 nuntiabat.
346 1287 375 1309 ut
395 1283 545 1308 litterarum
563 1280 738 1307 monimentis
753 1287 807 1307 non
824 1279 968 1313 indigeret,

173 1329 348 1364 quietemque
369 1328 456 1361 ipsam
475 1333 528 1353 tam
545 1327 655 1353 charani
675 1326 800 1356 habebat.
821 1330 850 1351 ut
866 1330 970 1358 tempe-

173 1375 272 1401 rantiae
293 1379 407 1400 matrem
428 1373 499 1399 illam
516 1381 575 1400 esse
590 1373 711 1399 duceret.
724 1371 895 1398 Perniciosas
905 1378 972 1399 vero

175 1420 314 1447 hominum
323 1419 533 1446 consuetudines
542 1421 747 1450 exsccratiatur,
756 1425 787 1445 ac
797 1418 973 1445 vehementer

176 1467 305 1501 fugiebat,
320 1473 416 1500 purum
429 1470 456 1492 et
471 1473 484 1492 a
500 1465 572 1492 vitiis
591 1465 719 1491 intactum
736 1464 854 1498 seipsum
866 1465 901 1491 ita
912 1470 974 1492 cou‘

1021 225 1110 251 titioni
1126 225 1255 252 Christus
1272 223 1401 251 Dominus
1418 231 1548 250 assensus
1564 228 1626 256 est;
1648 230 1730 258 quem
1755 232 1814 250 niu-

1020 273 1070 300 lier
1093 271 1141 298 illa
1172 271 1249 298 valde
1276 270 1336 297 licta
1367 270 1393 297 in
1414 269 1584 297 cmnaculum
1597 277 1675 296 suum
1698 271 1814 304 accepit.

1020 319 1058 346 Ex
1077 319 1122 345 illo
1142 318 1224 352 igitur
1241 317 1296 349 die,
1320 317 1426 352 quoties
1446 316 1576 344 Dominus
1598 315 1814 352 Hierosolymam

1020 366 1152 397 venisset,
1173 365 1227 391 illic
1241 372 1293 391 una
1305 371 1366 391 cuin
1385 363 1526 397 discipulis
1541 362 1598 390 suis
1613 363 1813 396 diversabatur,

1022 413 1182 447 quibuscum
1197 416 1220 438 cl
1238 410 1342 437 Pascha
1358 409 1413 436 illic
1429 409 1503 441 fecit,
1527 408 1571 436 tibi
1586 414 1612 435 et
1624 410 1815 444 mysteriorum

1019 462 1189 486 sacramenta
1207 458 1316 484 eosdem
1333 455 1482 490 discipulos
1497 464 1563 483 suos
1576 456 1694 483 edocuit.
1715 455 1816 482 Sermo

1018 504 1090 531 enim
1106 503 1214 538 quidam
1233 511 1247 528 a
1264 502 1392 528 I’atrihus
1410 501 1526 527 traditus
1557 501 1589 527 ad
1608 508 1657 527 nos
1679 500 1814 534 pervenit,

1019 548 1148 583 eiitii,qui
1167 548 1290 582 lagonam
1312 554 1390 580 aquae
1412 546 1548 580 portabat,
1572 553 1651 579 quem
1682 545 1815 572 Dominus

1019 595 1076 630 ipse
1090 594 1230 628 discipulis
1244 593 1302 620 suis
1326 591 1455 626 prmct'pil
1471 596 1499 617 ut
1530 596 1722 624 sequerentur,
1741 590 1814 618 Mar-

1018 648 1079 667 cum
1097 640 1180 666 I'uisae
1201 640 1287 666 beatas
1303 639 1374 666 illius
1399 637 1489 665 Maria:
1513 637 1607 664 ﬁlium.
1628 635 1705 670 Quod
1721 642 1813 664 autem

1019 685 1093 712 iIlitui
1109 685 1240 712 Dominus
1255 693 1309 712 non
1334 683 1493 715 nominarit,
1518 683 1564 710 sed
1582 683 1699 711 dixerit:
1715 682 1757 709 Ite
1779 683 1814 709 ad

1018 731 1198 766 quemdam";
1223 731 1392 766 providentia
1418 730 1535 764 quadam
1553 729 1653 756 factum
1677 729 1815 762 est,sicut

1019 778 1116 805 Patres
1131 778 1218 804 sancti
1235 778 1322 804 locum
1355 777 1427 803 hunc
1451 777 1663 809 interpretantes
1675 775 1812 807 dixerunt,

1019 829 1048 850 ut
1061 831 1090 850 re
1110 825 1227 850 obscure
1242 823 1314 850 dicta
1332 823 1382 849 hoc
1398 830 1447 849 nos
1463 822 1586 854 doceret,
1606 821 1751 848 Dominum
1766 819 1814 848 Je-

1020 877 1078 896 sutu
1106 869 1177 902 apud
1205 877 1267 895 eum
1291 869 1435 901 diversari,
1461 868 1618 903 quicunque
1641 875 1673 895 se
1690 872 1814 902 paratum

1020 916 1131 950 pra-bet.
1147 916 1173 941 lu
1189 915 1232 941 illo
1246 915 1327 948 igitur
1340 914 1398 949 ipso
1410 914 1552 942 CtBnacltIO
1567 912 1696 940 Dominus
1710 913 1814 940 Pascha

1020 961 1095 993 fecit,
1115 962 1140 988 in
1157 961 1203 988 illo
1221 961 1347 996 apparuit
1362 960 1472 988 Thnu-a:
1485 960 1618 992 apostolo.
1632 968 1692 986 cum
1708 967 1722 986 a
1741 967 1814 986 mor-

1021 1008 1074 1035 tuis
1093 1007 1282 1035 surrexisset‘
1297 1016 1303 1034 :
1323 1007 1397 1039 illuc,
1416 1012 1560 1041 postquam
1578 1005 1655 1033 Iesus
1669 1007 1694 1033 in
1711 1008 1813 1034 cudum

1021 1058 1177 1087 assumptus
1193 1058 1247 1084 est,
1261 1053 1386 1087 discipuli
1401 1061 1460 1079 cum
1476 1053 1587 1086 reliquis
1603 1052 1733 1079 fratribus
1745 1060 1814 1081 ceu-

1021 1103 1076 1126 tum
1101 1099 1210 1134 viginti,
1234 1099 1259 1124 in
1276 1099 1374 1132 quibus
1394 1103 1473 1125 erant
1497 1097 1636 1124 Barnabas
1651 1104 1677 1125 et
1694 1097 1812 1131 Marcus.

1022 1151 1054 1172 ex
1079 1151 1171 1171 monte
1187 1144 1328 1171 Olivaruin
1355 1149 1540 1171 convenerunt
1554 1145 1583 1170 ἐ
1604 1144 1665 1171 illuc
1694 1144 1815 1179 Spiritus

1022 1195 1133 1217 sanctus
1151 1190 1176 1216 in
1191 1189 1292 1224 linguis
1306 1190 1392 1224 igneis
1411 1189 1444 1216 ad
1466 1189 1612 1223 discipuios
1631 1191 1772 1217 deSceudit
1786 1191 1812 1216 in

1022 1236 1066 1263 die
1090 1235 1266 1263 Pcntecostes
1282 1236 1304 1251 ¹⁰
1320 1244 1328 1269 ;
1344 1235 1401 1263 illic
1416 1235 1545 1262 t-(illticatu
1569 1243 1638 1262 nunc
1655 1241 1694 1263 est
1717 1243 1814 1270 magna

1022 1287 1048 1309 et
1063 1282 1234 1309 sanctissima
1248 1283 1325 1313 Sion,
1340 1283 1461 1309 omnium
1481 1282 1662 1309 Ecclesiaruin
1682 1283 1813 1309 maxima.

1060 1328 1126 1356 VIII.
1148 1328 1223 1356 Tunc
1239 1336 1304 1356 vero
1319 1328 1457 1356 Barnabas
1479 1335 1589 1356 secutus
1605 1333 1647 1356 est
1670 1329 1814 1355 Dominum

1024 1379 1204 1402 revertentem
1223 1375 1257 1402 ab
1270 1374 1465 1410 Hierosolymis
1478 1375 1504 1402 in
1522 1375 1671 1403 Galilaeam.
1687 1375 1755 1402 Cum
1768 1383 1818 1402 au.

1025 1425 1078 1447 tem
1098 1421 1175 1447 uiulti
1201 1421 1322 1454 undique
1351 1422 1384 1448 ad
1416 1421 1558 1448 Dominum
1582 1423 1766 1453 convenirent,
1788 1428 1816 1449 et

1024 1467 1082 1500 eius
1098 1467 1176 1493 ﬁdem
1189 1472 1379 1501 scquerentur,
1394 1466 1462 1493 dixit
1475 1466 1616 1500 discipulis
1630 1468 1705 1494 suis:
1719 1466 1816 1494 Musis

166 1520 297 1546 'scrvans,
313 1518 342 1539 ut
354 1512 461 1539 virtutis
472 1516 544 1539 esset
558 1513 694 1546 specimen
711 1511 857 1546 quoddam.
869 1511 970 1544 Quam-
985 1523 1006 1552 ο
1025 1512 1128 1548 quidem
1144 1512 1237 1543 multa,
1253 1512 1368 1546 operarii
1387 1518 1474 1538 autent
1487 1512 1576 1545 pauci.
1592 1512 1612 1528 ”
1633 1512 1725 1547 Itaque
1744 1512 1816 1540 desi-

175 1561 269 1588 obreui
286 1560 458 1593 apmlomnes
466 1559 666 1586 existimatione
675 1563 700 1585 et
711 1558 795 1593 gloria
811 1557 934 1584 ﬂorebat.

180 1603 182 1606 ’
210 1605 268 1633 VII.
297 1606 404 1633 Accidit
429 1610 532 1636 autem,
561 1609 590 1631 ut
610 1609 730 1638 tempore
759 1604 806 1631 illo
833 1602 964 1630 Dominus

173 1653 252 1680 Jcsus
267 1651 393 1680 Christus
413 1651 629 1686 Hierosolymam
656 1651 773 1682 veniret,
790 1654 818 1677 et
834 1649 964 1685 paralyti-

174 1708 236 1727 cum
263 1700 288 1726 in
319 1698 456 1734 probatica
482 1697 584 1731 piscina
609 1701 730 1728 sanaret,
751 1696 860 1730 aliaque
888 1695 964 1731 signa

175 1747 259 1773 multa
282 1750 310 1773 et
325 1745 446 1779 prodigia
479 1745 505 1771 in
535 1744 634 1778 templo
655 1744 785 1771 ederet‘.
801 1743 847 1769 Illa
873 1742 966 1769 omnia

175 1799 237 1818 cum
267 1790 404 1817 Barnabas
431 1789 553 1820 vidisset.
578 1788 735 1822 obstupuit,
762 1793 790 1814 et
812 1787 905 1814 statim
932 1786 965 1814 ad

173 1836 276 1863 Christi
293 1836 374 1870 pedes
398 1842 428 1862 se
450 1836 559 1870 alijecit,
582 1842 700 1868 eumque
715 1839 843 1868 precatus
859 1837 912 1864 est,
937 1837 966 1859 ut

176 1883 213 1910 illi
231 1882 417 1909 benediCeret.
431 1880 559 1908 Christus
575 1885 677 1912 autem,
695 1879 741 1914 qui
757 1887 805 1907 cor
827 1878 966 1906 hominum

176 1933 205 1955 et
217 1928 322 1955 atiimos
339 1927 461 1960 inspicit,
477 1920 609 1954 Bariiabm
626 1927 705 1953 tidem
728 1930 833 1960 gratam
854 1925 966 1956 habens,

175 1971 307 2000 benevole
334 1972 422 2005 ipsum
447 1971 605 2004 acccpit,et
631 1970 715 1997 divini
739 1970 780 1997 sui
807 1976 968 2004 congressus

174 2017 300 2046 eumdem
319 2017 477 2051 participem
502 2016 563 2044 fecit
580 2025 586 2043 :
605 2024 692 2051 quare
707 2016 739 2042 ad
754 2015 856 2042 Christi
875 2015 968 2041 chari-

178 2068 260 2091 tatcm
292 2063 377 2098 magis
406 2062 616 2089 accendebatur.
645 2061 732 2094 Quam
758 2061 874 2094 primum
903 2068 969 2087 vero

177 2109 245 2136 adiit
270 2109 379 2136 domum
407 2108 499 2135 Maria:
526 2108 622 2135 matris
648 2107 773 2140 Joannis,
799 2107 845 2141 qui
863 2107 969 2134 Marcus

173 2159 272 2191 postea
290 2155 378 2181 dit-tus
402 2160 443 2181 est
463 2162 470 2180 :
489 2161 548 2188 qua:
566 2153 648 2180 Maria
664 2153 721 2186 ejus
744 2158 890 2180 matertera
908 2160 969 2180 esse

1027 1558 1117 1594 guavit
1136 1559 1307 1593 septuaginta
1323 1558 1382 1586 illos
1399 1558 1545 1592 discipulos
1558 1578 1565 1590 ,
1582 1566 1695 1593 quorum
1713 1559 1818 1593 primu!

1022 1606 1086 1636 dux,
1105 1609 1132 1632 et
1148 1612 1270 1632 sunnnus
1291 1609 1350 1632 erat
1368 1612 1482 1638 magnus
1503 1604 1714 1633 Barnabas.Sed
1737 1612 1818 1632 nemo

1016 1650 1128 1677 audiens
1140 1649 1356 1684 apostoloshanc
1377 1650 1582 1683 appellationem
1602 1650 1638 1676 illi
1658 1650 1714 1676 viro
1728 1649 1816 1682 impo-

1016 1695 1117 1726 suisse,
1131 1699 1231 1721 temere
1241 1699 1268 1720 et
1282 1694 1343 1721 sine
1353 1694 1442 1720 divino
1450 1693 1561 1720 consilio
1575 1693 1599 1719 id
1615 1693 1715 1719 factum
1730 1692 1814 1719 fuisse

1017 1741 1160 1774 opinetur:
1174 1749 1235 1767 nam
1250 1739 1457 1774 Petrusipseilli
1472 1747 1569 1767 nomen
1583 1739 1814 1774 Iiocimpos-iit“,

1016 1785 1075 1820 ille,
1085 1786 1207 1820 inquam,
1218 1786 1378 1821 l’etrus.qui
1391 1786 1530 1821 pet-sancti
1546 1785 1663 1820 Spiritus
1674 1786 1817 1813 revelatio-

1019 1838 1080 1858 netn
1094 1831 1154 1858 Filii
1171 1831 1217 1858 Dci
1233 1831 1395 1866 theologiam
1417 1832 1526 1859 edidicit
1542 1832 1574 1858 ¹³.
1592 1831 1624 1858 Ει
1639 1833 1817 1867 quemadmo-

1019 1877 1082 1904 dum
1095 1875 1217 1904 Jacobus
1227 1882 1255 1904 et
1270 1876 1388 1905 Joannes
1403 1882 1514 1912 propter
1531 1877 1669 1910 virtutem,
1682 1877 1728 1904 [itii
1744 1878 1817 1904 toni—

1020 1923 1072 1951 trui
1096 1925 1182 1951 vocati
1212 1929 1276 1951 sunt
1298 1924 1332 1956 ¹³,
1360 1924 1397 1951 ita
1414 1929 1440 1951 et
1455 1923 1594 1950 Barnabas
1625 1923 1735 1951 virtutis
1761 1931 1816 1950 sua:

1027 1977 1109 1997 causa
1127 1970 1197 1997 lilius
1210 1971 1408 1997 consolationis
1426 1970 1576 2004 appellatus
1590 1975 1642 2001 est,
1654 1970 1754 2005 quippe
1769 1971 1816 2005 qui

1021 2020 1132 2050 propter
1148 2016 1303 2043 sanctitatis
1327 2016 1525 2051 prtcstantiaiii_
1536 2015 1662 2043 omnibus
1682 2016 1810 2043 consola-

1021 2060 1087 2087 tioni
1103 2060 1165 2087 fuit.

1058 2105 1103 2134 IX.
1129 2106 1201 2134 Idem
1230 2115 1292 2134 cum
1319 2106 1439 2133 audisset
1469 2106 1613 2134 Dominum
1642 2107 1785 2134 docentem
1809 2117 1814 2134 :

1027 2152 1135 2180 Veiidite
1151 2160 1210 2186 qua:
1225 2153 1375 2186 possidetis,
1396 2158 1420 2181 et
1433 2154 1494 2180 date
1515 2153 1716 2188 eleemorynam,
1731 2159 1758 2180 et
1773 2154 1816 2188 {a-

178 2200 330 2231 dit-otiatur,
346 2199 522 2233 quamobrem
538 2203 565 2224 et
581 2197 699 2224 Marcum
724 2196 854 2224 Barnabm
871 2205 968 2225 conso-
987 2193 1009 2221 D
1026 2199 1076 2226 cite
1100 2199 1174 2227 vobis
1188 2199 1319 2231 sacculos,
1336 2200 1381 2235 qui
1398 2209 1458 2226 non»
1470 2204 1644 2232 veteranum,
1659 2200 1814 2227 thesaurum

175 2245 286 2276 brinum
301 2245 473 2278 appt-llabant
489 2244 509 2273 ‘.
527 2244 600 2271 Illam
617 2252 678 2270 cum
695 2244 824 2271 adiisset:
842 2244 910 2280 Age,
927 2244 970 2270 iii-

174 2292 248 2325 quit,
268 2291 376 2322 mulier,
394 2290 455 2317 veni
470 2295 498 2318 et
510 2290 581 2322 vide,
599 2297 660 2322 qua:
675 2295 764 2324 patres
782 2290 866 2316 nostri
880 2291 971 2317 videre

175 2339 393 2370 concupiverunt
408 2344 414 2363 :
431 2343 495 2362 ecce
511 2335 582 2362 enim
596 2334 675 2362 Jesus
688 2336 796 2370 quidam
812 2337 941 2371 propheta
955 2344 970 2364 e

177 2381 312 2413 Nazarcth
329 2381 445 2409 Galiltea:
460 2382 484 2408 in
508 2381 608 2416 templo
622 2386 673 2413 est,
686 2382 829 2416 magniﬁca
845 2382 969 2417 quredam

178 2426 262 2452 edens
287 2425 427 2458 miracula,
446 2426 491 2460 qui
522 2427 613 2452 multis
638 2426 743 2452 videtur
757 2426 870 2454 Messias
898 2434 969 2459 eSSe,

178 2471 226 2505 qui
244 2475 376 2499 venturus
392 2477 461 2498 erat.
484 2471 550 2499 Cum
576 2472 632 2499 haec
657 2472 779 2500 audisset
801 2473 971 2500 admirabilis

181 2517 226 2547 illa
249 2517 356 2550 mulier,
383 2517 486 2545 relictis
503 2517 629 2545 omnibus
658 2518 710 2550 his,
727 2525 787 2552 qua:
811 2518 926 2545 habebat
945 2519 970 2545 in

181 2563 317 2596 inanibus,
334 2563 460 2598 templum
477 2563 523 2590 llei
541 2565 608 2590 adiit
624 2573 630 2591 :
648 2564 692 2591 tibi
716 2572 776 2592 cum
798 2563 890 2592 Iesum
905 2570 971 2591 tem-

181 2610 219 2644 pli
246 2610 389 2637 Dominum
416 2610 537 2642 vidisset,
555 2611 587 2638 ad
616 2611 674 2644 ejus
699 2611 780 2644 pedes
806 2618 835 2638 se
862 2610 971 2644 alijrcit,

181 2663 297 2690 cumque
319 2656 357 2683 sic
374 2663 483 2692 precata
506 2662 566 2684 est:
586 2656 613 2683 Si
634 2657 748 2692 gratiam
770 2657 871 2689 inveni,
887 2665 902 2683 ο
924 2657 975 2683 Βο-⁴

181 2709 266 2736 nune,
281 2701 307 2729 ia
318 2707 464 2738 conspectu
476 2707 532 2737 tuo,
546 2703 606 2731 vcni
621 2703 653 2730 ad
668 2703 777 2730 domum
793 2703 896 2730 ancilla:
908 2708 970 2736 ttur,

215 2763 250 2790 ⁵1
270 2764 374 2796 Comi,
389 2765 414 2797 7,
428 2765 455 2792 8.
495 2765 504 2780 ⁸
519 2763 597 2791 1min.
612 2765 664 2794 v.2
676 2772 751 2800 seqq.

221 2833 286 2866 Luc,
309 2843 355 2869 xii,
371 2835 415 2864 55,

1021 2253 1154 2280 nunquam
1179 2245 1342 2280 deﬁcientem
1367 2246 1396 2273 iii
1423 2246 1494 2273 uelis
1521 2247 1562 2279 ";
1589 2245 1655 2272 nihil
1681 2252 1814 2278 moratus,

1020 2293 1112 2319 statim
1132 2301 1189 2320 rem
1204 2301 1313 2320 omnem
1327 2294 1475 2328 pretiosam
1491 2301 1505 2320 a
1522 2293 1679 2328 parentibus
1699 2294 1816 2321 niortnis

1020 2338 1071 2365 sibi
1096 2338 1220 2365 relictam
1236 2339 1372 2372 vendidit,
1388 2345 1415 2367 ct
1430 2340 1573 2375 egentibus
1588 2340 1747 2367 distribuit:
1764 2341 1815 2368 sibi

1020 2391 1086 2410 vero
1097 2383 1183 2410 solum
1200 2393 1295 2418 agi-um
1310 2393 1392 2412 unum
1406 2385 1566 2418 reservavit,
1578 2386 1649 2412 unde
1662 2386 1697 2413 ali
1714 2393 1815 2420 posset.

1025 2429 1122 2457 Postea
1138 2438 1202 2458 vero
1222 2439 1302 2465 quam
1324 2431 1455 2459 Dmninus
1474 2440 1580 2460 crucem
1603 2440 1750 2467 perpessus
1763 2438 1815 2465 est,

1025 2481 1053 2502 et
1070 2483 1085 2502 a
1116 2477 1232 2504 mortuis
1251 2478 1409 2508 resurrexit,
1434 2486 1465 2504 ac
1483 2477 1614 2513 Spiritum
1639 2483 1765 2505 sanctum
1782 2480 1816 2506 ad

1026 2521 1174 2556 discipulos
1185 2530 1248 2549 suos
1261 2523 1346 2554 misit,
1361 2529 1426 2550 tunc
1440 2523 1547 2550 divinus
1565 2523 1701 2551 Barnabas
1713 2523 1816 2553 Christi

1026 2567 1159 2595 charitate
1186 2568 1272 2604 magis
1298 2568 1492 2601 inﬂammatus,
1508 2570 1581 2596 illum
1611 2570 1693 2597 etiam
1718 2578 1817 2606 agrum

1027 2612 1158 2644 vendidit,
1177 2620 1294 2648 cumque
1316 2615 1428 2641 multum
1447 2615 1567 2649 pecuniae
1581 2623 1613 2642 ex
1635 2616 1694 2650 ejus
1729 2617 1818 2650 pretio

1027 2659 1187 2693 accepisset,
1202 2667 1310 2687 omnem
1326 2661 1469 2695 pecuniam
1489 2661 1559 2688 illaut
1578 2662 1610 2688 ad
1628 2662 1815 2696 apostolorum

997 2741 999 2743 γ
1027 2705 1108 2739 pedes
1121 2705 1257 2740 deposuit,
1271 2714 1357 2742 neque
1374 2706 1520 2741 quidquam
1536 2707 1647 2734 ouitiiuo
1661 2707 1711 2734 sibi
1728 2715 1818 2735 reser-

790 2765 800 2780 ι
813 2765 906 2780 ΓΑΙημε
932 2773 957 2780 ..ι

215 2765 226 2780 ⁵
242 2765 250 2790 I
270 2765 374 2796 Const,
389 2765 414 2797 7,
428 2765 455 2792 8.
495 2765 504 2780 ⁸
519 2765 597 2791 1min.
612 2765 664 2794 v.2
676 2772 751 2800 seqq.
790 2765 800 2780 ⁶
813 2765 916 2792 Coloss.
932 2773 968 2797 tr,
990 2766 1032 2794 IO.

179 2800 451 2847 9'.i1‘2A.M'°_a-ct.“tt,l
469 2807 544 2834 scqq.
585 2800 604 2816 "
622 2800 704 2828 Matth
734 2809 770 2834 t.\,
786 2801 836 2833 δη
855 2800 920 2827 Luc.
939 2810 964 2832 κ.
979 2801 1005 2828 Ξ.

1088 2767 1195 2803 illam
1212 2769 1318 2803 ιινηίδ
1334 2776 1412 2803 Srqq.
1455 2769 1465 2784 ⁸
1482 2767 1558 2796 Joan.
1581 2776 1627 2800 xx,
1645 2767 1692 2796 26.
1730 2769 1741 2785 ⁹
1755 2769 1816 2796 Art.

1455 2769 1465 2784 ⁸
1482 2767 1558 2796 Ioan.
1581 2776 1627 2800 xx,
1645 2767 1692 2796 26.

999 2821 1005 2828 .
1046 2802 1067 2818 "
1089 2801 1169 2829 Marc.
1188 2811 1228 2836 iit,
1253 2801 1294 2830 I6.
1311 2801 1545 2838 "Matth.n|,l7.
1581 2803 1600 2818 "
1615 2804 1698 2831 Marc.
1713 2812 1755 2834 iit,
1774 2806 1815 2833 I7.
