1912 3073
63 169 127 201 4093

550 144 747 197 LAUDATIO‘
763 166 802 196 IN
824 164 952 194 APOS’I‘.
972 165 1188 196 DARNABAM.

65 226 140 257 raril,
163 230 211 252 suo
229 221 352 256 exemplo
377 228 472 249 mimcs
496 222 643 256 discipulos
666 221 699 248 ad
723 220 846 248 eamdem

905 220 1012 252 sphemo
1026 225 1052 247 et
1066 227 1238 254 persecutore
1263 221 1308 247 illo
1324 222 1406 254 dicta,
1419 223 1566 257 obstupuit,
1584 231 1610 252 et
1632 235 1689 260 pro:

64 271 181 298 virtutem
197 268 318 300 alliciens
334 268 367 294 ¹⁶.
383 266 430 294 lile
453 272 479 293 et
493 273 554 293 cum
572 266 655 294 Sardo
673 266 840 300 disputabat.

64 324 136 352 quem
157 316 189 343 ad
202 315 304 342 Christi
318 314 422 341 Domini
440 313 518 345 lidetn
533 314 683 348 perducere
703 312 842 346 cupiebat.

65 363 156 390 Saulus
167 366 256 388 autem
271 369 332 388 cum
345 360 412 393 legis
425 360 594 386 institutione
606 359 748 393 diligenter
761 362 842 391 atque

65 396 182 434 accurate
204 407 348 437 niteretur,
364 405 517 432 Barnahatn
541 405 627 438 ipsum
650 410 679 430 nt
702 404 843 437 deceptum

65 453 195 484 irridebat,
211 457 238 479 et
260 452 286 479 in
313 451 451 481 Christum
469 451 612 479 maledicta
631 450 747 485 jaciens.
775 448 844 475 fabri

66 500 154 530 tilium,
176 499 289 527 idiotam
309 503 336 525 et
361 502 495 532 agrestem
519 497 656 524 hominem
681 495 844 529 appellabat,

65 554 139 580 quem
166 550 194 573 ut
219 550 246 572 et.
272 549 357 571 morte
382 544 498 571 violenta
528 543 663 569 sublatum
694 541 844 575 deridebat.

63 591 126 620 Cltlll
145 599 206 618 vero
221 590 362 621 miracula,
373 597 431 624 qua:
444 596 490 623 per
501 589 637 622 apostolos
648 586 844 618 eﬂicieltantur,

65 642 90 664 et
112 636 197 670 populi
227 635 427 662 multitudinem
453 635 548 661 indies
568 633 698 668 majorem
727 632 758 658 ad
784 631 844 658 lidei

64 682 275 717 prtedicationem
286 710 288 712 _
301 680 480 707 conﬂuentem
499 680 613 711 videret.
637 679 729 706 animo
739 677 846 704 crucia-

65 729 156 756 batur:
196 734 314 761 etnnquc
337 733 388 753 una
417 733 478 753 cntn
508 725 665 757 Libertinis,
688 723 847 758 Cyrenensi-

64 775 112 801 bus
136 779 215 808 atque
240 773 432 800 Alexandrinis
457 779 584 806 maguum
613 770 687 797 illum
718 769 847 797 Ecclesiae

63 824 193 846 oratorem
209 818 375 852 Stephanum
390 817 503 843 adortus
513 820 597 846 esset,
610 823 697 849 neque
708 815 848 848 sapientiae

63 872 87 892 ct
102 865 223 899 Spiritui,
237 865 281 898 qui
294 872 341 898 per
353 863 522 897 Stephanum
536 863 708 897 loquebatur.
721 862 848 888 resistere

898 265 995 298 gaudio
1016 266 1075 300 ejus
1092 266 1180 293 vultus
1207 266 1346 301 lacrymis,
1365 273 1393 294 nt
1410 268 1545 296 matutino
1564 279 1624 297 rure
1640 273 1690 298 llos

898 309 1006 343 aliquis,
1035 310 1160 344 perfusus
1189 315 1231 338 est
1269 320 1275 338 :
1305 320 1421 347 cumque
1446 314 1520 341 illum
1549 317 1690 350 amplexus

899 359 925 381 et
941 355 1080 382 osculatus
1095 356 1210 383 fuisset:
1228 356 1404 391 Ecquisnam,
1428 358 1526 394 inquit,
1554 361 1646 394 Sanle,
1665 369 1690 390 tt-

898 400 993 427 docuit
1018 401 1081 427 talia
1098 402 1228 430 divinitus
1245 403 1376 438 inspirata
1394 406 1475 433 verba
1494 409 1690 439 pronuntiare?

900 445 999 480 Ecquis
1026 447 1071 473 tibi
1099 450 1249 482 persuaslt,
1279 448 1414 476 utJesmn
1445 451 1612 480 Nazarenam
1642 456 1688 482 Dei

899 491 996 518 Filium
1012 493 1205 521 confitereris?
1219 495 1358 522 Uudenam
1372 497 1523 524 rtelcstinm
1534 499 1689 534 dogmatnm

901 542 954 564 tant
981 538 1128 572 perfectam
1154 541 1294 568 scientiatn
1318 542 1461 570 didicisti?
1479 545 1546 571 Tum
1569 546 1630 578 ille,
1647 547 1691 573 de-

900 584 984 611 misso
1000 585 1086 616 vultu,
1103 590 1130 612 ct
1155 585 1288 621 Iacrymas
1308 586 1435 620 tondens,
1458 597 1490 616 ac
1505 591 1588 617 corde
1613 593 1695 620 valde.

900 636 1088 664 compunctus,
1117 633 1255 666 respondit
1275 641 1283 660 :
1310 633 1355 660 ille
1373 634 1431 669 ipse
1450 635 1579 666 Dominus
1599 638 1690 670 Jesus.

903 685 982 711 quem
1010 685 1060 712 ego
1089 685 1217 712 peccator
1237 681 1389 709 maledictis
1411 683 1535 710 lacessivi
1554 689 1581 711 et
1597 693 1689 718 perse-

900 728 978 749 cntns
1005 731 1075 754 sum,
1099 724 1156 750 haec
1179 726 1270 752 omnia
1301 735 1344 753 tne
1359 728 1460 755 docuit.
1474 728 1542 755 Nam
1560 735 1690 764 tauquam

901 767 1026 794 abortivo
1043 773 1070 795 et
1087 769 1152 796 mihi
1178 771 1313 804 apparuit,
1337 772 1416 805 cujus
1428 774 1516 800 divina
1532 780 1559 801 et
1571 776 1690 810 jucunda

901 821 968 840 voce
993 821 1073 841 aures
1093 814 1164 849 ipsas
1192 816 1281 843 adhuc
1304 825 1481 850 personantes
1509 820 1617 847 habeo:
1643 830 1702 849 sua

902 860 974 886 enim
988 859 1155 894 benignitate
1168 862 1298 896 singulari
1315 868 1342 890 et
1360 865 1481 890 omnium
1497 866 1612 893 maxima
1631 875 1694 901 pro-

63 896 158 944 possiet,
172 896 274 935 insania
288 896 313 935 et
325 908 414 934 furore
428 908 512 934 tttnlto
521 913 672 940 correptus,
684 906 852 933 inordinatos
868 896 889 922 Β
903 910 1013 932 secutus
1037 913 1079 932 me
1092 906 1152 938 fuit,
1171 908 1268 941 quippe
1284 909 1329 943 qui
1354 910 1418 935 mihi
1434 915 1584 943 pruslt'altt,
1597 917 1624 939 ct
1640 913 1692 940 mi-

63 954 149 990 pnpuli
175 955 298 981 homines
322 959 417 981 contra
455 953 625 987 Stephanum
654 953 850 980 concitavit".

63 1003 118 1035 Quo
137 999 292 1031 interfecto,
316 999 532 1034 persecutionem
550 1006 674 1034 magnam
706 999 853 1026 commovit

63 1048 190 1074 adversus
206 1045 368 1077 Ecclesium,
384 1052 443 1079 qua:
460 1049 520 1071 erat
535 1044 743 1079 Hierosolymis.

97 1091 129 1119 Χ.
146 1090 242 1118 Verum
263 1099 324 1118 cum
341 1091 376 1117 ita
397 1091 551 1118 inordinate
579 1090 742 1117 Damascum
768 1089 852 1123 proli-

63 1139 208 1165 cisceretur
233 1137 267 1164 ad
291 1137 430 1165 vexandos
462 1141 544 1170 atque
571 1136 730 1170 amigeudos
759 1135 852 1162 lldnles

62 1184 195 1216 homines,
212 1182 340 1210 Christus
359 1182 491 1208 Dominus
506 1182 579 1207 illum
594 1181 702 1215 dejecit,
718 1182 783 1208 etin
798 1185 852 1207 ter-

62 1238 118 1257 rant
134 1230 259 1264 supinum
274 1229 421 1264 prostravit
434 1237 440 1255 :
453 1227 496 1262 qui
519 1236 579 1255 curn
597 1233 749 1261 prostratus
767 1231 850 1259 esset,

62 1285 123 1304 eum
138 1274 244 1302 tandem
265 1274 392 1308 cognovit
414 1281 495 1308 quem
511 1273 735 1307 persequebatur,
752 1277 779 1300 et
794 1273 851 1300 visu

61 1327 191 1356 corporeo
205 1325 370 1352 excmralus,
388 1319 486 1345 mentis
506 1318 592 1344 aciem
611 1318 643 1344 ad
659 1318 719 1345 εωιί
742 1317 851 1345 εειδῑῑι-

63 1373 114 1395 tem
131 1367 242 1394 omnino
256 1365 353 1392 erexit.
366 1364 434 1391 Cum
452 1371 516 1391 vero
530 1363 744 1398 Hierosolymam
763 1371 853 1390 rever—

60 1421 108 1441 sus
131 1417 213 1445 esset,
231 1412 311 1439 dabat
326 1418 447 1446 operam,
472 1415 503 1437 ut
519 1409 622 1438 Christi
642 1409 782 1444 discipulis
802 1409 852 1436 ad-

60 1457 176 1484 haereret
193 1463 293 1490 :quem
322 1461 411 1482 tamen
428 1461 525 1481 omnes
544 1454 593 1486 illi,
608 1453 720 1480 multam
729 1454 788 1488 ejus
799 1461 852 1485 sat-

60 1504 153 1531 vitiam
172 1502 360 1532 formidantes,
377 1501 527 1536 fugiebant.
540 1500 576 1527 At
588 1507 701 1536 magnus
712 1500 851 1528 Barnabas

903 951 1055 978 serabiliter
1066 950 1180 984 jacenti,
1198 954 1316 986 seipsum
1330 954 1488 988 defendens,
1506 958 1595 990 potius
1611 966 1705 992 quattr

904 997 969 1024 ntihi
994 1006 1157 1026 succensens
1180 1008 1186 1024 :
1219 999 1312 1031 Saule,
1338 1002 1435 1034 inquit,
1468 1001 1558 1034 Snule,
1574 1012 1622 1030 cur
1652 1013 1692 1032 me

903 1042 1165 1081 per:equeris'°?Ego
1174 1053 1238 1071 vero
1252 1046 1367 1073 horrens
1389 1053 1414 1074 et
1431 1055 1564 1082 metuens,
1581 1058 1693 1084 respou-

903 1090 929 1117 di
948 1099 955 1116 :
974 1089 1039 1121 Qui:
1067 1097 1104 1120 es,
1130 1088 1260 1118 Domine?
1276 1090 1345 1118 Tum
1363 1093 1408 1120 ille
1433 1095 1516 1121 multa
1535 1101 1692 1123 Illalta‘IICIUr

903 1139 966 1165 diue
982 1144 1009 1165 et
1030 1139 1204 1166 miseratione
1222 1148 1265 1178 pte
1296 1149 1463 1175 prosequens
1479 1151 1485 1168 :
1510 1143 1576 1176 Ego,
1593 1143 1691 1176 inquit,

902 1193 960 1211 sum
975 1184 1052 1211 Jesus
1082 1184 1250 1217 anm'enus,
1267 1194 1341 1221 quem
1366 1192 1393 1213 tu
1416 1190 1588 1222 persequeris.
1611 1188 1651 1217 0b
1666 1190 1692 1216 id

903 1239 952 1265 ego
986 1231 1149 1265 singularem
1189 1232 1247 1265 ejus
1288 1233 1443 1266 patientiam
1484 1235 1692 1269 obstupesceus,

904 1277 1046 1311 ipsumque
1069 1284 1162 1308 omns,
1190 1277 1244 1304 dixi
1266 1287 1273 1304 :
1296 1279 1429 1311 Quidnam
1448 1288 1494 1315 ego
1511 1281 1625 1318 [ari/rm,
1640 1283 1693 1310 Do~

904 1321 1138 1348 mine“?Tuncil|e
1155 1323 1247 1349 statim
1260 1325 1351 1350 omnia
1364 1324 1430 1358 hate,
1451 1333 1511 1360 qua:
1524 1326 1592 1360 dixi,
1610 1333 1637 1354 et
1651 1328 1694 1356 his

903 1367 979 1402 plura
999 1374 1040 1393 me
1057 1367 1201 1394 instruxit.

939 1411 996 1439 X-ll.
1015 1412 1063 1440 llis
1086 1413 1185 1440 auditis
1201 1421 1314 1448 magnus
1329 1398 1470 1442 Barnabas
1484 1415 1597 1443 Saulqu
1612 1425 1693 1445 manu

903 1457 1100 1492 apprehensum
1109 1458 1224 1485 duxitad
1235 1459 1382 1492 apostolos,
1394 1461 1488 1494 eisque
1501 1461 1569 1488 dixit
1584 1472 1589 1488 :
1606 1463 1696 1495 Quam

903 1507 1038 1536 pastorem
1054 1501 1156 1537 fugitis,
1173 1503 1262 1536 lupum
1278 1505 1482 1532 existimantes?
1497 1506 1696 1546 Quare-suber-

59 1550 96 1578 illi
119 1557 276 1580 occurrens,
292 1549 349 1574 ait:
368 1548 515 1581 Quousque
534 1547 654 1579 tandem,
676 1546 768 1580 Sanle,
785 1554 848 1580 per-
864 1563 887 1594 ο
905 1554 1040 1581 natorem,
1058 1554 1088 1576 ut
1116 1550 1244 1584 piratam,
1261 1550 1449 1585 propulsatis?
1463 1551 1520 1578 Cttr
1534 1552 1694 1580 bellatorem

59 1595 101 1631 gis
118 1602 177 1622 esse
197 1593 282 1621 Sani?
303 1594 393 1628 Quare
416 1593 452 1620 ita
478 1592 631 1627 petulanter
659 1593 852 1624 beneﬁciorum

58 1646 199 1667 auctorem
215 1639 307 1667 Jesuttt
326 1640 627 1674 persequeris?Desine
646 1640 777 1668 horribile
788 1640 851 1667 illud

59 1687 223 1721 mysterium
240 1694 405 1721 oppugnare,
419 1686 491 1721 quod
508 1694 522 1712 a
547 1686 688 1721 prophetis
704 1687 771 1720 ipsis
788 1687 852 1714 olim

58 1733 132 1758 clara
148 1739 213 1760 voce
227 1732 437 1766 praattuutialuut
455 1736 507 1763 est,
523 1732 625 1759 nostris
645 1737 735 1759 autem
749 1737 854 1767 lempo~

59 1778 136 1804 ribus
164 1785 213 1812 pro
237 1783 327 1804 nostra
346 1778 433 1805 salute
449 1778 615 1813 patefactum
631 1777 692 1805 fuit.
710 1777 772 1805 Haec
788 1786 852 1806 cum

58 1825 183 1852 audisset
199 1824 306 1856 Saulus,
324 1825 356 1850 ad
373 1825 455 1858 pedes
470 1823 603 1851 Barnabte
618 1831 647 1852 se
666 1825 775 1859 dejecit,
786 1825 854 1851 mul-

58 1870 150 1903 tisque
177 1870 305 1904 lacrymis
324 1874 351 1896 et.
372 1870 538 1897 clamoribus
558 1880 565 1898 :
584 1869 713 1905 IguOSce,
737 1871 826 1905 inquit
845 1892 852 1904 ,

57 1916 139 1949 tnihi,
158 1916 212 1942 dux
239 1916 348 1943 luminis
365 1921 391 1943 ct
412 1917 536 1944 veritatis
552 1918 681 1952 magister
704 1917 828 1944 Barnaba
845 1928 852 1946 :

55 1968 189 1996 expertus
210 1963 281 1989 enim
303 1970 373 1995 sum,
395 1966 421 1989 et
447 1971 477 1990 re
493 1964 550 1997 ipsa
566 1965 680 1998 cognovi
702 1972 764 1991 vera
787 1971 847 1992 eSse

56 2016 120 2042 qua:
139 2013 167 2034 ttt
193 2008 296 2035 dixisti.
319 2008 405 2041 Quem
425 2009 498 2035 eniut
520 2017 570 2043 ego
594 2010 744 2037 maledictis
760 2018 853 2045 perse-

56 2061 158 2088 quens,
178 2053 246 2080 l'abri
269 2054 352 2081 lilium
373 2054 554 2088 appellabant,
576 2056 650 2082 illttm
677 2065 747 2084 nttnc
769 2057 855 2084 Conli-

56 2106 120 2127 teor
138 2100 185 2126 Dei
208 2100 258 2127 rivi
277 2100 374 2126 Filium
387 2100 567 2135 unigenitum,
580 2100 701 2134 ejusdem
718 2104 853 2135 essentne,

56 2146 155 2181 gloria:
172 2151 198 2173 et
213 2145 272 2172 solii
285 2146 453 2180 participem,
466 2152 641 2178 coreternum,
651 2152 677 2174 et
690 2148 853 2182 principium

57 2200 184 2219 rma-vum
204 2201 210 2219 :
227 2193 271 2226 qui
292 2200 353 2218 cum
373 2193 408 2219 sit
431 2193 560 2227 splendor
579 2193 672 2228 gloria:
685 2215 692 2226 ,
709 2199 735 2221 et
756 2196 853 2222 chara-

905 1595 1048 1629 optimum,
1062 1599 1090 1621 ιιι
1105 1595 1283 1630 proditorem,
1304 1597 1483 1623 exsecramini
1497 1595 1574 1624 ?Cur
1594 1597 1695 1625 Christi

905 1639 1039 1675 Sponsam
1054 1640 1243 1672 deducentem,
1261 1646 1289 1668 ιιι
1305 1641 1417 1669 thalami
1433 1643 1610 1677 diri-plorem,
1629 1644 1693 1679 reji-

905 1687 986 1714 citis?
1023 1687 1193 1721 (Spiritualis
1221 1688 1292 1714 enim
1322 1693 1364 1715 est
1408 1690 1544 1717 thalamus
1573 1691 1694 1718 Ecclesia

905 1730 975 1764 Dei.)
993 1729 1068 1757 Hunc
1091 1737 1139 1764 pro
1167 1735 1284 1764 pastore.
1299 1732 1484 1765 gubernatore
1497 1739 1522 1759 ct
1537 1741 1694 1767 propugna-

906 1779 964 1802 tore
980 1774 1109 1801 Dominus
1130 1774 1181 1801 sibi
1201 1775 1311 1810 delegit.
1338 1774 1415 1803 Tunc
1435 1779 1556 1805 narravit
1569 1778 1609 1805 eis
1626 1777 1696 1805 Pan-

906 1820 958 1852 lus,
984 1827 1152 1854 quarcuuqne
1172 1820 1222 1854 ipsi
1252 1821 1410 1848 accidean
1439 1822 1465 1848 itt
1497 1823 1550 1855 via,
1569 1825 1696 1858 quodque

906 1866 1018 1893 vidisset
1043 1865 1182 1893 Christntn
1205 1865 1358 1898 Dotttinuut,
1385 1871 1413 1892 et
1434 1867 1587 1902 loquentem
1602 1876 1696 1896 secum

905 1912 1064 1943 audivisset,
1091 1919 1122 1938 ac
1156 1912 1384 1946 quemadmodum
1415 1913 1441 1939 in
1469 1914 1535 1941 urbe
1567 1914 1697 1942 Damasco

906 1957 1007 1984 Christi
1024 1965 1121 1984 nomen
1147 1957 1233 1983 libera
1251 1959 1374 1984 oratione
1390 1959 1576 1992 praedicasset.
1602 1960 1704 1995 itaque

907 2010 959 2029 una
976 2011 1036 2029 cum
1054 2003 1107 2029 illis
1124 2003 1150 2029 in
1168 2002 1236 2030 urbe
1253 2002 1438 2039 Hierosolyma
1451 2004 1551 2032 Christi
1566 2006 1702 2040 prtedicae

907 2050 1008 2076 tionem
1031 2050 1187 2076 exercebat.
1215 2049 1278 2076 Erat
1292 2055 1384 2076 autem
1409 2050 1513 2078 Jndmis
1539 2052 1605 2086 ipsis
1620 2053 1704 2080 valde.

906 2097 1036 2124 molestus
1062 2103 1142 2131 atque
1165 2098 1280 2130 invisus,
1295 2098 1367 2133 quod
1393 2099 1438 2133 qui
1467 2101 1522 2126 heri
1539 2105 1566 2127 ct
1585 2101 1698 2128 nudius-

907 2144 1003 2170 tertius
1024 2143 1115 2170 Jesum
1133 2149 1291 2178 persecutus
1321 2144 1421 2177 fuerat,
1439 2146 1482 2173 ille
1507 2146 1574 2180 ipso,
1594 2152 1701 2177 mutato,

1567 2168 1574 2180 ἱ

906 2190 1020 2216 consilio
1059 2195 1122 2217 tunc
1157 2191 1282 2216 eumdem
1307 2191 1381 2217 illttm
1407 2190 1500 2218 Jesnm
1533 2192 1579 2219 Dei
1600 2193 1701 2223 Filium.

55 2244 118 2266 ctet'
135 2239 296 2266 substantia:
314 2238 456 2266 invrsibilis
466 2239 848 2272 Dei”,inuovissitnishisdie-

907 2244 968 2263 esse
994 2236 1162 2270 pral'dicaret.
1190 2237 1340 2264 Consrliutn
1363 2239 1453 2273 itaque
1478 2239 1596 2266 inierunt
1611 2239 1705 2271 Judat'L

55 2286 110 2312 bus
128 2292 242 2319 propter
262 2293 311 2312 nos
327 2290 354 2311 ct
371 2290 491 2312 nostram
517 2285 633 2313 salutem
654 2288 772 2320 seipsum
795 2289 855 2315 exi-

55 2331 179 2362 nanivit,
197 2330 311 2357 formam
328 2331 399 2358 servi
416 2331 552 2366 accipiens
572 2332 611 2364 ‘9,
632 2332 683 2359 hoc
707 2339 749 2360 est
766 2333 856 2368 perfe-

54 2383 134 2404 ctum
161 2376 298 2404 hominem
331 2385 363 2404 ex
387 2384 480 2405 sancta
505 2378 616 2413 Virgine
635 2385 661 2406 et
681 2380 726 2406 Dei
742 2386 855 2414 parente

53 2422 144 2449 Maria
158 2430 187 2449 se
203 2423 277 2455 fecit,
292 2431 343 2451 non
359 2424 559 2456 confusionem,
573 2432 625 2451 non
638 2426 855 2458 conversionem,

54 2476 107 2496 nec
122 2469 298 2501 divisionem,
313 2474 358 2496 aut
373 2470 572 2504 scparatiouem
596 2478 692 2504 passus
707 2480 713 2498 :
732 2477 758 2498 et
772 2472 855 2505 ligura

54 2515 191 2541 inventus
217 2519 245 2540 ut
264 2515 355 2545 homo,
378 2514 531 2540 humiliarit
555 2515 740 2548 semetipsum,
769 2514 856 2542 factus

53 2560 195 2586 obediens
211 2567 295 2594 usque
308 2559 340 2585 ad
354 2565 480 2590 mortem,
491 2565 604 2586 tttortent
615 2565 704 2586 auten
716 2560 854 2587 crucis”:

53 2605 102 2639 qui
122 2610 151 2631 et.
179 2605 329 2631 resurrexit
345 2612 359 2630 a
376 2604 491 2632 mortuis
508 2604 587 2631 tertia
604 2605 657 2636 die,
679 2610 705 2632 et
730 2606 857 2639 apparuit

53 2651 139 2678 \‘otiis
157 2651 288 2685 apuslolis
306 2650 373 2682 suis,
389 2655 416 2677 et
436 2657 591 2685 assmuptus
607 2657 649 2679 est
664 2652 690 2678 itt
710 2652 819 2684 caelum,
830 2659 857 2679 et

53 2697 139 2725 sedet
157 2697 191 2723 ad
202 2696 339 2724 dexteram
351 2695 449 2730 Patris,
458 2702 587 2724 etrurSus
599 2698 686 2725 veniet
701 2705 762 2725 cum
771 2698 856 2732 gloria

50 2743 186 2781 judicare
196 2743 272 2770 vivos
281 2748 308 2770 et
325 2748 455 2775 mortuos,
466 2747 492 2769 et
502 2745 574 2778 regni
583 2744 642 2777 ejus
652 2751 703 2770 non
714 2745 767 2771 erit
782 2744 854 2771 linis.

91 2790 144 2817 X1.
162 2789 224 2817 Haec
239 2798 300 2817 cum
316 2790 462 2818 audivisset
477 2790 585 2817 divinus
606 2790 742 2819 Barnabas
759 2800 772 2818 a
797 2791 854 2818 bla-

93 2849 120 2864 ¹⁶
151 2849 212 2876 Art.
235 2857 260 2874 ιγ
290 2848 323 2874 56
338 2858 411 2880 enim,
453 2849 547 2877 "Act.
567 2856 606 2880 \I,
643 2849 659 2876 8
696 2856 772 2884 seu].

55 2891 98 2918 ιλ,
122 2885 139 2910 λ
162 2892 240 2919 suum.
258 2884 405 2916 “didii,”
428 2885 450 2898 ¹’
467 2886 525 2911 Ᾱιμί.
545 2892 603 2918 xt't,
670 2892 738 2921 ast“.

837 2856 857 2872 η
873 2855 946 2883 Hebr
979 2860 997 2886 ι,
1007 2852 1034 2880 5-

907 2282 940 2309 de
957 2282 1039 2309 Paulo
1065 2283 1263 2311 interficiendo.
1281 2283 1357 2316 Quod
1373 2292 1433 2310 cum
1452 2285 1609 2311 didicissent
1633 2293 1704 2319 apo»

909 2328 984 2361 stoli,
1002 2336 1062 2354 cum
1083 2329 1225 2362 miserunt,
1243 2335 1272 2356 ut
1293 2330 1320 2356 itt
1343 2337 1392 2356 sua
1419 2330 1505 2364 patria
1521 2330 1697 2366 Evangelium

907 2373 1022 2407 ρι’ωιίίίςλι
1028 2379 1067 2400 ret
1078 2393 1085 2402 .

943 2418 1012 2446 Xlll.
1021 2419 1087 2446 Cum
1099 2427 1161 2446 vero
1174 2420 1269 2452 dehis,
1280 2419 1449 2454 qui'propter
1457 2420 1585 2454 Steplfani
1597 2421 1704 2453 cat-deni,

908 2470 991 2498 atque
1016 2465 1158 2498 angustias
1175 2465 1302 2498 dispersi,
1320 2465 1491 2492 Antiochiam
1512 2472 1654 2498 venerant,
1670 2471 1704 2498 et,

907 2509 1009 2536 Christi
1027 2510 1202 2544 Evangelium
1221 2510 1444 2544 prtcilicaverant,
1462 2513 1584 2538 auditum
1602 2512 1697 2542 fuisset

908 2556 941 2582 ab
969 2556 1000 2582 iis
1023 2556 1068 2590 qui
1095 2561 1172 2582 erant
1197 2551 1400 2590 Hierosolymis,
1443 2558 1557 2591 apostoli
1590 2559 1695 2586 beatum

909 2603 1071 2634 Bal-nabant,
1085 2610 1212 2636 maguum
1225 2607 1251 2628 et
1268 2609 1404 2635 potentem
1420 2603 1519 2635 virum,
1534 2606 1567 2630 a.l
1584 2606 1697 2632 Stttlclii-

908 2648 1005 2675 simum
1023 2648 1164 2680 Ert‘lcsittr,
1179 2657 1239 2682 qua:
1265 2648 1320 2674 illic
1338 2654 1407 2678 erat.
1424 2656 1451 2676 et
1474 2650 1574 2677 Christi
1589 2658 1696 2685 gregem

909 2697 1075 2729 pascendum
1103 2695 1234 2721 miserunt
1265 2695 1297 2721 ”.
1321 2695 1371 2728 Qui
1393 2703 1453 2722 cum
1479 2696 1542 2722 illuc
1567 2696 1701 2731 Vit-uisset,L

908 2741 992 2769 tttulto
1014 2740 1169 2774 adiumento
1187 2740 1232 2767 fuit
1256 2741 1411 2768 hominibus
1433 2741 1533 2768 Christi
1558 2741 1636 2768 iidem
1651 2749 1694 2767 se-

908 2789 1052 2824 quentibus
1072 2799 1077 2815 :
1105 2788 1163 2823 ejus
1183 2797 1253 2815 enim
1271 2787 1361 2814 datin-.1
1392 2788 1584 2821 prmdicatiuue
1599 2796 1630 2814 ac
1648 2787 1703 2813 do-.

1090 2851 1110 2866 "
1130 2848 1234 2883 l‘hilipp
1264 2855 1292 2879 tl,
1312 2849 1337 2874 Li.
1378 2847 1475 2874 "ibid.
1489 2847 1514 2883 ὃ,
1530 2845 1556 2879 2).
1595 2845 1615 2860 ¹¹
1633 2845 1700 2878 Aet,

1618 169 1690 201 test.
1723 207 1733 213 _

1778 2378 1784 2415 ἔ
