1912 3073
102 130 172 163 1097

105 234 146 261 Ius
164 235 236 261 enim
256 239 412 262 accuratam
432 243 576 263 censuram
595 237 762 271 requirebat,
782 241 894 272 aposto-

105 281 163 307 licae
179 280 341 314 professioni
357 280 583 310 convenientem:
610 283 749 310 Barnabas
774 291 838 310 vero
861 284 894 310 ad

106 329 301 354 humanitatem
316 329 474 362 propensior
491 334 549 356 erat
563 337 571 361 ;
590 329 768 363 quamobrem
784 335 811 356 et
826 329 895 356 Illar-

105 381 166 401 cum
182 382 273 400 secum
293 375 406 406 habens,
421 376 447 402 in
461 375 579 410 Cyprum
592 376 729 410 navigavit
742 376 776 404 “.

141 419 262 447 XXVIII.
278 419 400 454 Cumque
414 429 473 447 eam
489 421 603 448 insulam
620 425 703 448 totam
714 426 895 456 peragrasset,

106 465 220 500 populos
232 466 331 493 mullos
355 467 388 492 ad
416 465 517 494 Christi
540 467 617 494 [idem
636 467 779 501 convertit,
795 472 824 494 et
848 468 895 493 Sa-

108 511 236 540 laminam
258 513 340 545 venit,
358 513 402 540 ubi
427 513 563 548 paulisper
592 519 713 540 moratus
736 518 787 545 est,
813 515 898 541 edens

109 559 251 591 miracula,
278 565 306 586 et
336 560 488 594 praedicans
518 568 631 594 regnum
660 560 733 586 Dei:
766 568 818 594 quo
838 560 898 587 loco

100 605 194 632 rturba:
210 605 301 632 multa:
320 606 353 633 ad
368 605 469 633 Christi
487 607 565 633 tidem
588 611 774 633 accesserunt.
802 607 898 640 Dispu-

108 651 182 678 tabat
196 656 286 678 autem
300 660 360 679 cum
373 652 473 680 Judmis
489 653 516 679 in
531 660 664 688 synagoga
683 653 808 680 omnibus
829 652 898 679 Sab-

108 697 189 729 batis,
221 698 373 725 divinarum
409 697 574 726 Litterarum
612 698 774 726 testimoniis
805 697 898 725 lesqu

107 742 250 771 Christum
266 744 342 772 illum
360 751 421 772 esse
440 745 570 779 probans,
585 752 665 779 quem
682 744 752 772 Deus
767 745 900 779 prornisc-

109 795 163 816 rat.
179 790 281 818 Omnes
299 795 389 818 autem
407 791 561 818 Barnabam
578 791 773 818 reverebantur
789 796 901 825 propter

107 835 228 862 divinam
255 835 401 869 quamdam
422 836 602 868 honestatem,
626 843 686 869 qua:
711 836 736 861 in
757 835 828 861 illius
855 843 898 861 as-

105 887 186 917 pectu
202 883 320 917 vigebat.
339 882 405 910 Erat
428 883 499 910 enim
516 883 572 909 oris
589 883 680 917 specie
701 882 779 910 valde
794 883 897 916 gravis,

107 929 203 957 habitu
224 937 256 956 ae
272 933 346 956 veste
366 929 509 956 admodum
523 929 608 960 tenui,
625 929 775 962 cujusmodi
790 929 898 956 illorum

103 983 161 1010 est,
173 978 218 1011 qui
231 977 343 1004 delicias
357 977 528 1011 abjicienles.
539 978 565 1004 in
581 977 688 1004 virtutis
703 976 900 1004 exercitatione

108 1027 264 1051 versantur.
295 1023 360 1050 Erat
389 1024 542 1058 superciliis
569 1024 732 1056 contractis,
758 1028 786 1050 et
813 1022 899 1049 oculis

109 1071 274 1098 hilaritatem
292 1077 347 1104 pra:
362 1077 392 1097 se
407 1069 569 1102 ferentibus,
591 1078 644 1097 non
661 1074 767 1096 torvum
784 1069 897 1103 aliquid,

108 1118 156 1144 sed
169 1123 252 1151 grave
268 1116 396 1150 quiddam
412 1117 437 1143 in
455 1123 485 1144 se
509 1116 683 1148 habentibus,
701 1120 726 1142 et
744 1119 900 1142 reverenter

108 1163 255 1189 admodum
282 1163 410 1190 deorsum
437 1162 633 1196 spectantibus.
652 1162 714 1189 Oris
728 1162 857 1188 honestas
874 1165 901 1188 et

109 1209 185 1236 labra
201 1209 312 1241 decora,
329 1207 417 1235 mellis
431 1208 596 1235 suavitatem
619 1207 789 1239 distillantia,
808 1207 834 1233 in
852 1214 899 1234 eo-

109 1255 172 1282 detn
193 1254 240 1282 illo
252 1254 370 1281 inerant.
384 1253 442 1280 Non
470 1253 542 1283 enim
571 1253 671 1288 aliquid
695 1260 814 1287 unquam
837 1261 899 1287 pro-

110 1301 265 1332 nuntiabat,
279 1300 348 1334 quod
363 1301 432 1327 foret
443 1306 688 1334 supervacaneum.
702 1299 765 1333 Ejus
778 1299 901 1325 incessus

106 1346 286 1381 compositus,
303 1350 330 1373 et
345 1345 379 1372 ab
393 1345 577 1372 ostentatione
593 1344 708 1376 alienus,
725 1348 797 1371 totus
814 1344 899 1371 detri—

108 1401 163 1427 que
182 1393 256 1419 muni
271 1400 304 1420 ex
323 1397 401 1427 parte
421 1391 558 1425 apostolus
578 1390 717 1418 Barnabas
745 1395 804 1417 erat
836 1394 899 1419 tan-

108 1447 192 1474 quam
211 1443 282 1466 recta
303 1438 426 1473 quaedam
438 1437 486 1465 Dei
504 1437 643 1469 columna,
664 1436 784 1463 omnium
804 1436 893 1462 virtu-

111 1492 167 1512 lum
182 1485 308 1517 splendor
319 1485 441 1512 illustris.

148 1531 218 1558 XIX.
237 1532 285 1558 llic
304 1539 365 1559 cum
380 1532 405 1558 iu
421 1531 486 1558 urbe
504 1530 642 1558 Salamina
673 1529 773 1556 Christi
800 1528 900 1562 prtedi-
916 1540 938 1568 ο

108 1579 245 1606 cntionem
263 1579 382 1610 doceret,
401 1581 536 1605 venerunt
552 1585 567 1603 e
583 1576 661 1611 Syria
679 1574 763 1602 Judzei
778 1575 900 1609 quidam,

109 1625 158 1660 qui
173 1624 315 1652 maledicta
333 1625 358 1651 in
376 1632 437 1651 eum
455 1624 646 1658 conjicientes,
662 1630 776 1657 qumque
796 1622 829 1649 ab
856 1622 903 1649 illo

109 1672 276 1700 dicebautur
307 1675 504 1705 oppugnantes,
547 1669 652 1696 turbam
684 1674 782 1695 contra
812 1668 900 1702 ipsum

111 1718 314 1748 excitaverunt,
332 1717 509 1744 criminantes
534 1715 600 1742 nihil
629 1715 684 1741 veri
710 1716 743 1741 ab
772 1722 804 1741 eo
830 1714 902 1740 diei:

113 1765 164 1792 sed
180 1771 260 1798 quem
274 1763 332 1797 ipse
350 1762 441 1789 Jesum
457 1762 594 1789 Christum
618 1761 824 1791 l'uissedicerel,
842 1768 903 1787 eum

112 1811 238 1839 fallacem
260 1809 404 1843 quemdam
422 1809 571 1840 hominem,
589 1813 615 1836 et
632 1808 684 1835 Deo
719 1809 767 1842 ipsi
796 1813 904 1836 contra-

111 1857 185 1885 rium
199 1855 293 1887 fuisse,
313 1854 410 1888 legem,
427 1854 573 1888 prophetas
585 1858 611 1880 et
628 1853 738 1879 Sabhati
755 1853 903 1880 observan-

114 1905 186 1931 tiam
204 1901 406 1936 reprobanteln.
427 1900 506 1927 Iidem
524 1905 551 1927 et
568 1901 701 1928 Barnabze
720 1900 903 1932 interﬁciendi

111 1947 347 1984 opportunitatem
371 1946 557 1974 observabant.
576 1946 692 1973 Sanctus
716 1954 778 1973 vero
804 1946 903 1973 Christi

111 1992 256 2028 apostolus
276 1989 427 2021 Barnabas,
441 1997 501 2016 eum
531 1998 627 2017 omnes
660 1991 759 2018 fratres
788 1999 903 2024 congre-

113 2044 207 2074 gasset
222 2047 228 2066 :
243 2037 306 2067 Vos.
323 2036 420 2071 inquit,
437 2036 514 2063 scitis
528 2037 661 2070 quomodo
691 2046 740 2063 una
763 2038 903 2064 vobiscum

112 2085 190 2114 omni
203 2089 324 2118 tempore
335 2087 459 2111 versatus
477 2081 584 2114 luerim,
613 2090 834 2118 unumquemque
848 2084 905 2110 atl—

115 2137 232 2158 ntoneus
244 2135 271 2157 et
289 2129 411 2160 hortans,
428 2132 456 2154 ιιι
470 2127 496 2154 in
530 2127 616 2161 gratia
632 2132 659 2154 et
687 2127 791 2155 Domini
820 2129 904 2156 nostri

114 2178 183 2205 Jesu
200 2176 302 2204 Christi
329 2175 381 2202 ﬁde
404 2177 565 2201 constanter
595 2175 787 2207 permaneatis,
805 2179 831 2202 et
847 2176 904 2209 ejus

115 2228 252 2262 prtecepta
266 2222 430 2253 observetis,
446 2226 474 2248 et.
490 2220 523 2248 ab
537 2219 610 2247 omni
630 2227 713 2254 pravo
729 2229 810 2255 opere
830 2230 904 2249 men-
922 2210 941 2236 θ

116 2278 172 2300 tem
187 2276 214 2298 et
226 2267 492 2297 manuseohibeatis.
521 2265 643 2300 Namque
673 2273 781 2300 oportet
811 2276 904 2296 ornnes

116 2326 169 2346 nos
183 2317 242 2345 sisti
257 2321 321 2343 ante
339 2314 455 2341 tribunal
469 2313 570 2341 Christi
585 2313 618 2345 ³⁸,
647 2317 676 2338 ιιι
694 2313 806 2346 recipiat
825 2322 908 2341 unus-

117 2365 237 2399 quisque
269 2361 378 2397 propria
404 2360 529 2394 corporis
555 2360 607 2391 sui,
633 2365 692 2393 quae
723 2357 824 2391 fecerit,
852 2360 909 2387 sive

117 2411 202 2442 bona,
220 2409 277 2436 sive
292 2407 361 2434 mala
381 2416 386 2434 :
404 2406 526 2441 praeterit
541 2406 613 2432 enim
635 2405 719 2440 ﬁgura
737 2405 827 2431 nnnnli
858 2407 908 2432 hu-

112 2456 175 2491 jus,
189 2460 216 2482 et
233 2453 364 2481 Dominus
384 2456 514 2478 venturus
530 2455 571 2477 est
591 2451 624 2477 de
650 2450 721 2476 coelo
735 2449 858 2482 judicare.
871 2451 911 2476 vi-

117 2508 170 2528 vos
185 2504 212 2527 et
227 2504 359 2526 mortuos.
375 2497 463 2524 Nolite
475 2496 728 2532 igituruegligentes
738 2502 809 2527 esse,
825 2496 913 2522 scien-

120 2554 174 2580 tes,
195 2545 265 2581 quod
283 2552 336 2579 qua
353 2544 419 2571 liora
437 2551 492 2570 non
519 2543 627 2576 putatis,
665 2541 795 2568 Dominus
824 2547 915 2568 noster

119 2593 214 2620 veniet
229 2591 262 2618 ³⁸.
277 2590 426 2618 ίΕιυιιιιιιιε
450 2593 477 2616 et
494 2589 603 2615 labores
620 2587 739 2614 libenter
757 2587 914 2622 perferatis,

120 2640 204 2668 corda
221 2643 309 2666 vestra
327 2644 374 2671 spe
387 2635 595 2666 conﬁrmantes,
611 2634 682 2669 quod
710 2634 844 2660 adventus
861 2634 912 2660 Do-

122 2687 190 2714 mini
204 2692 287 2720 prope
300 2684 345 2711 sit.
364 2681 552 2710 Reeordemini
567 2688 627 2716 qure
640 2680 717 2706 vobis
743 2687 814 2714 saepe
847 2680 914 2711 dixi,

123 2732 267 2767 prs-sentis
289 2731 350 2757 vita:
370 2737 425 2760 res,
454 2728 511 2755 sive
540 2733 688 2762 prosperat,
715 2727 772 2754 sive
798 2727 918 2754 adversm

123 2780 192 2811 sint,
207 2779 302 2805 breves
316 2782 343 2804 et
358 2776 475 2803 caducas
489 2781 560 2807 esse,
589 2774 736 2808 omniaque
767 2773 824 2800 ha‘c
845 2773 918 2800 cele~

159 2868 186 2884 "
198 2867 259 2894 Act.
278 2874 322 2899 xv,
339 2865 373 2894 59
410 2865 431 2882 ³⁵
448 2864 469 2892 ιι
489 2863 552 2892 Cor.
567 2871 592 2896 ν,
614 2863 655 2891 l0.
695 2862 716 2878 ³⁵
743 2863 808 2890 an.
824 2870 872 2895 λιι,
892 2862 932 2890 £0.

595 135 791 165 LAUDATIO
814 136 853 165 IN
874 135 1000 166 APOST.
1024 137 1239 168 BARNABAM.

104 188 231 223 apostolis
246 188 392 216 dissidemli
413 190 491 221 ratio,
516 190 566 217 hoe
581 196 634 224 est,
651 191 696 218 Dei
716 192 802 219 zelus.
818 193 888 218 Pan-
906 196 926 221 A
943 193 1008 220 riter
1040 194 1177 228 przeterire

1668 139 1738 170 400“)

1199 204 1205 220 :
1234 194 1316 220 futuri
1341 201 1404 220 vero
1441 195 1513 222 illius
1545 192 1633 224 sx‘culi
1668 196 1739 223 bona

948 240 1090 273 semperin
1103 240 1197 266 eodem
1211 244 1282 265 statu
1298 247 1472 274 permanere,
1488 247 1589 268 :eterna
1616 246 1642 268 et
1658 242 1739 268 linem

948 285 1050 311 nulltun
1069 285 1207 313 habentia.
1234 285 1328 320 Neque
1355 287 1427 313 enim
1462 295 1576 322 regnum
1609 288 1739 315 cmlornm

948 331 1094 366 aliquando
1107 333 1247 366 praeterire
1268 333 1367 366 poterit
1385 342 1391 359 :
1407 341 1494 367 neque
1522 333 1653 367 judicium
1674 334 1739 360 illud

950 378 1028 404 linem
1046 378 1166 409 habebit,
1185 379 1232 405 sed
1259 386 1366 413 semper
1382 380 1444 410 erit,
1462 379 1503 406 his
1523 380 1569 414 qui
1600 381 1739 414 peccando

949 423 1030 450 vitam
1046 417 1246 457 transegcrunt.
1266 424 1448 451 inunortalem
1471 431 1578 459 poenam
1606 425 1735 453 aliereus.

948 474 975 496 ct
992 470 1070 496 linem
1098 469 1199 496 nnllurn
1220 470 1385 496 habituram.
1407 470 1472 497 Date
1503 470 1586 505 igitur
1616 478 1737 505 operam,

949 520 980 542 ut
994 516 1052 542 sine
1066 517 1143 552 culpa
1158 521 1183 544 et
1199 517 1258 544 labe
1277 517 1304 544 in
1328 517 1370 544 die
1401 517 1447 543 illo
1472 522 1594 543 extremo
1619 517 1741 543 invenia-

950 563 1027 594 mini,
1045 569 1078 589 ne
1095 563 1119 589 in
1137 563 1287 597 gehennam
1308 563 1502 598 sempiternam
1528 562 1670 590 deeidatis.
1687 562 1742 589 Me-

951 609 1036 636 tnoria
1056 610 1179 643 repetite.
1199 615 1263 644 quot
1279 610 1356 644 signa
1371 615 1398 637 et
1415 609 1536 644 prodigia
1552 617 1600 643 per
1624 617 1665 635 me
1682 616 1740 636 ser-

951 662 1012 680 vum
1026 662 1104 680 suum
1124 654 1194 682 Deus
1214 655 1270 689 ipse
1289 656 1360 690 apud
1376 663 1424 681 vos
1435 654 1567 687 eﬂ'ecerit,
1592 660 1619 681 et
1633 663 1680 688 pro
1699 663 1742 681 me

953 700 1034 727 Deum
1049 705 1133 727 orate.
1161 700 1217 735 Ego
1245 702 1317 727 enim
1334 701 1446 735 jamjatn
1467 701 1651 728 immolandus
1668 708 1739 732 sum,

951 750 978 772 et
995 751 1098 780 temptts
1115 747 1178 773 illud
1194 755 1276 781 prope
1289 752 1343 779 est,
1359 755 1413 781 quo
1430 748 1462 774 ab
1481 747 1532 774 hoe
1559 755 1673 781 corpore
1687 747 1742 774 dis-

951 791 1094 818 solvendus
1109 800 1178 823 sum,
1196 790 1265 818 sicut
1282 792 1411 818 Dominus
1425 797 1518 819 noster
1530 791 1607 819 Jesus
1616 792 1742 819 Christus

953 838 1017 863 tttilti
1037 837 1210 872 siguilieavit.
1225 837 1329 865 Bonum
1344 843 1478 864 certamen
1509 839 1618 872 certavi,
1636 846 1742 865 cursum

953 884 1143 915 consummavi,
1155 884 1231 917 (idem
1243 885 1345 911 servavi
1361 893 1369 912 :
1390 893 1459 911 nrutc
1476 885 1592 918 reposita
1618 885 1681 910 mihi
1699 885 1741 910 'est

951 937 1046 957 corona
1059 930 1182 965 jnstitiw,
1200 939 1251 957 non
1265 931 1349 957 solum
1366 936 1455 957 autem
1473 932 1538 957 milii
1555 931 1600 958 sed
1615 936 1640 958 et
1656 932 1742 957 omni-

951 976 997 1003 bus
1012 977 1056 1011 qui
1075 981 1179 1010 propter
1199 975 1298 1003 Christi
1315 977 1503 1011 confessionem
1517 981 1647 1003 certamen
1661 977 1743 1003 susti-

952 1021 1055 1046 nuerint
1071 1021 1103 1047 ³⁷.

987 1067 1046 1093 XX.
1065 1067 1126 1094 Ilaec
1139 1075 1199 1094 cum
1216 1068 1340 1100 dixisset,
1357 1076 1410 1094 tlna
1425 1075 1486 1095 cum
1503 1067 1631 1094 omnibtts
1659 1067 1741 1094 Dettm

951 1113 1231 1147 oravitzmultusque
1259 1113 1338 1140 ﬂetus
1364 1114 1504 1140 hominum
1537 1113 1646 1147 l'uil,eo
1671 1114 1743 1148 quod

953 1159 1094 1194 Apostolus
1111 1160 1154 1186 ille
1170 1160 1280 1187 dixerat
1310 1164 1418 1194 tempus
1445 1167 1528 1194 prope
1558 1167 1629 1192 esse,
1661 1167 1742 1194 quoa

952 1213 1065 1239 corpore
1080 1205 1269 1233 dissolvendus
1285 1206 1365 1234 l'oret.
1385 1206 1524 1233 Barnabas
1539 1214 1603 1233 vero
1619 1214 1680 1233 cum
1694 1214 1743 1241 pa-

952 1259 1012 1278 nem
1030 1256 1057 1278 et
1078 1252 1188 1278 calicem
1203 1253 1206 1254 ⁷
1222 1253 1394 1287 sumpsisset,
1420 1258 1447 1280 et
1480 1253 1563 1279 divini
1593 1252 1741 1279 ministerii

952 1298 1074 1325 ordinem
1104 1303 1187 1325 totum
1208 1299 1410 1332 complevisset,
1440 1307 1493 1326 una
1523 1307 1583 1326 eum
1614 1298 1744 1325 fratribus

953 1344 1086 1377 particeps
1105 1344 1192 1371 factus
1204 1349 1244 1372 est
1272 1344 1449 1371 Eucharistite
1473 1345 1672 1379 mysteriorum.
1687 1343 1744 1376 Quo

953 1390 1024 1416 facto
1045 1390 1164 1417 Marcum
1179 1399 1271 1418 secum
1291 1391 1394 1418 habens
1414 1391 1538 1421 seechil,
1556 1396 1582 1416 et
1606 1390 1655 1423 ipsi
1672 1397 1747 1416 scor-

953 1443 1012 1462 sum
1029 1435 1119 1462 dixit:
1142 1436 1225 1462 llodie
1250 1436 1401 1463 inﬁdelium
1431 1436 1587 1463 .Iudmornm
1623 1435 1747 1461 "nutibus

956 1490 996 1509 me
1012 1483 1194 1510 consummari
1214 1487 1341 1516 oportet:
1361 1487 1388 1508 tu
1408 1490 1471 1509 vero
1498 1486 1574 1507 extra
1607 1471 1746 1507 civitatem

954 1528 1123 1555 occidentem
1142 1536 1236 1554 versus
1258 1528 1396 1561 egredere.
1416 1532 1443 1554 et
1476 1534 1574 1561 Corpus
1596 1534 1687 1552 meum
1704 1525 1747 1552 in—

957 1575 1048 1601 venies
1067 1583 1073 1601 :
1092 1575 1161 1608 quod
1195 1582 1254 1601 cum
1284 1573 1438 1608 sepelieris,
1457 1573 1499 1599 eri
1517 1579 1530 1599 e
1545 1572 1646 1607 Cypro.
1662 1576 1689 1598 et
1714 1570 1748 1597 ad

956 1620 1067 1647 Paulum
1084 1620 1269 1655 proﬁciscere,
1286 1625 1312 1645 et
1332 1624 1391 1645 esto
1410 1626 1470 1644 ettm
1495 1618 1550 1649 illo,
1575 1618 1664 1652 quoad
1696 1617 1747 1643 De-

957 1668 1045 1694 tuinus
1062 1674 1106 1693 res
1142 1672 1202 1693 tuas
1226 1666 1393 1699 disposuerit
1422 1674 1428 1691 :
1452 1665 1572 1690 laturum
1593 1664 1663 1691 enim
1695 1666 1746 1692 est,

957 1719 986 1740 ut
1004 1721 1099 1740 nomen
1116 1720 1267 1746 tn-vumper
1295 1717 1381 1738 tottttn
1417 1711 1511 1738 orbem
1544 1716 1676 1737 terrarqu
1707 1709 1748 1736 di-

957 1760 1091 1794 vulgetur.

993 1806 1062 1832 ΧΧΙ.
1080 1806 1143 1832 Post
1161 1805 1217 1832 lure
1243 1805 1382 1839 ingressus
1395 1808 1433 1830 est
1455 1803 1593 1828 Barnal-as
1612 1802 1638 1828 in
1668 1809 1748 1836 syna-

957 1862 1062 1890 gegam,
1076 1860 1102 1880 et
1125 1853 1233 1879 Judaeos
1257 1853 1328 1886 ipsos
1354 1851 1477 1882 docebat,
1496 1850 1548 1876 illis
1578 1849 1749 1884 persuadere

957 1901 1067 1928 studens
1100 1899 1242 1926 Dominum
1261 1898 1350 1925 Iesum
1379 1905 1440 1924 esse
1469 1896 1606 1923 Cbristutn
1635 1896 1751 1922 viventis

958 1948 1003 1974 Dei
1020 1946 1126 1973 Filium.
1145 1946 1181 1972 Illi
1206 1953 1267 1971 VI‘I‘U
1280 1944 1376 1975 Jndmi,
1396 1944 1442 1977 qui
1457 1943 1563 1977 eSyria
1581 1942 1644 1969 illuc
1671 1948 1749 1968 vene-

959 1999 1029 2027 rant,
1050 1995 1141 2019 lurore
1170 1992 1276 2026 perciti,
1303 1999 1318 2017 e
1351 1999 1488 2025 synagoga
1515 1994 1704 2021 surrexerunt,
1724 1993 1750 2015 et

957 2041 1120 2068 manibusin
1136 2047 1196 2066 cum
1209 2038 1349 2071 conjectis,
1383 2038 1409 2064 in
1440 2037 1584 2064 obscuram
1604 2035 1750 2070 quamdam

960 2094 1104 2122 synagoga:
1120 2085 1191 2112 illius
1210 2084 1303 2111 cellam
1330 2092 1415 2118 usque
1435 2084 1467 2110 ad
1500 2083 1610 2109 mult-nn
1644 2085 1751 2108 nottem

958 2133 1154 2160 custodierunt.
1172 2131 1293 2164 Cumque
1320 2130 1396 2156 illum
1427 2129 1597 2160 eduxissent,
1613 2133 1639 2155 et
1659 2127 1751 2154 multis

959 2178 1125 2205 cruciatibus
1138 2176 1304 2207 all‘eeissenl,
1331 2181 1467 2209 pOstrento
1499 2175 1596 2202 nefarii
1628 2174 1752 2200 homines

957 2225 1082 2250 eumdem
1098 2223 1298 2256 lapidaverunt,
1333 2226 1364 2248 et.
1393 2229 1509 2247 accenso
1538 2228 1602 2254 rogo
1635 2219 1751 2254 quodam

959 2277 1066 2304 magno,
1085 2269 1192 2296 beatum
1208 2268 1342 2295 Barnaba:
1361 2275 1463 2301 corpus
1477 2268 1503 2293 in
1530 2274 1591 2292 eum
1627 2265 1753 2298 conject--

959 2321 1032 2347 runt,
1047 2320 1075 2341 ut
1095 2314 1175 2341 nulla:
1193 2314 1279 2348 ipsius
1297 2313 1421 2348 reliquiae
1457 2316 1644 2346 superessent.
1661 2310 1754 2337 Dirina

961 2369 1023 2388 vero
1034 2361 1208 2388 Providentia
1224 2359 1327 2387 factum
1343 2365 1398 2389 est,
1413 2364 1442 2385 ut
1457 2358 1570 2393 apostoli
1601 2365 1700 2391 corpus
1717 2357 1756 2383 itt-

963 2412 1064 2442 lcgrum
1077 2413 1263 2441 permaneret,
1283 2415 1369 2442 neque
1387 2407 1421 2432 ab
1441 2406 1502 2440 igne
1524 2406 1582 2439 ipso
1601 2405 1754 2431 lietlcretur.

965 2453 1070 2480 Marcus
1085 2454 1176 2488 igitur,
1195 2459 1224 2480 ut
1239 2453 1379 2480 Barnabas
1413 2456 1591 2486 przcceperal,
1618 2455 1694 2477 extra
1711 2458 1756 2476 nr-

970 2498 1028 2523 bctu
1047 2507 1171 2533 egressus
1198 2499 1370 2527 occidentem
1389 2507 1482 2525 versus
1507 2506 1567 2526 cum
1593 2498 1756 2532 quibusdam

969 2544 1106 2576 fratribus,
1124 2547 1251 2581 reliquias
1275 2546 1362 2574 sancti
1397 2545 1527 2572 Darnabm
1546 2545 1616 2572 clam
1634 2544 1755 2576 abstulit,

969 2589 1030 2615 etin
1044 2590 1169 2623 spelunca
1183 2593 1311 2625 quadam,
1322 2592 1418 2618 stadiis
1431 2592 1487 2618 fere
1504 2592 1624 2625 quin-pte
1641 2591 1673 2617 ab
1690 2591 1730 2616 nr‘.
1743 2598 1756 2615 ί·

969 2634 1095 2667 distante,
1112 2637 1244 2669 sepelivit.
1261 2637 1319 2664 Mox
1346 2638 1371 2663 in
1392 2638 1486 2664 urbem
1517 2636 1629 2668 reversi,
1648 2636 1744 2670 planen

971 2686 997 2704 et
1013 2679 1137 2715 Iaeryrnis
1151 2688 1209 2708 cum
1228 2683 1363 2716 prosecuti
1381 2687 1454 2709 sunt.

1011 2724 1088 2751 XXII.
1115 2725 1161 2752 Illo
1179 2734 1266 2755 autem
1287 2734 1406 2763 tempore.
1428 2734 1522 2756 contra
1547 2727 1691 2754 Salaminia
1711 2733 1756 2752 ur—

973 2772 1013 2798 his
1028 2771 1173 2798 ενοιεῖεῖειηι
1194 2775 1345 2806 ltersrcntio
1374 2782 1471 2809 magna
1488 2778 1622 2801 commota
1636 2776 1687 2804 est,
1702 2779 1756 2799 om-

973 2864 991 2879 ³⁷
1015 2863 1034 2890 Ii
1049 2863 1118 2890 Τίιιῐ.
1133 2871 1167 2897 tv,
1188 2864 1216 2898 7,
1232 2863 1258 2893 8.
