1912 3073
113 172 182 206 4101

613 172 805 204 LAUDATIO
820 172 862 203 ΙΝ
882 172 1013 203 APOST.
1034 173 1253 203 BARNADAM.

1686 174 1765 222 nos,

114 232 187 262 gitiﬂ,
211 228 258 256 ud
276 227 391 255 meridie
415 227 472 262 ipso
489 227 515 254 in
536 226 597 253 luce
613 226 766 253 clarissima
779 226 907 253 universo
922 228 944 255 Α
960 225 1077 252 insulam
1096 226 1227 256 manavit.
1247 226 1282 253 ob
1304 227 1330 253 id
1349 227 1429 262 Cypri
1447 229 1596 258 Ecclesiam
1623 233 1673 259 sub
1698 235 1753 261 An-

111 273 422 308 Constantinopolitanae
437 272 513 300 urbis
526 272 624 307 populo
634 272 736 299 Christi
752 272 908 298 amantissi-

114 327 158 347 mo
175 320 245 346 facta
261 325 314 351 cst,
335 326 389 354 quo
405 323 527 352 tempore
553 317 729 344 beatissimus
750 316 831 343 Pater
853 316 908 350 epi-

111 373 211 399 scopus
237 371 266 392 et
293 365 423 400 magister
445 372 505 391 curn
530 364 625 398 primis
648 364 778 398 probatus
796 362 910 390 Proeliis

111 412 425 446 Constantinopolitanae
438 411 494 438 sedi
512 411 685 444 praesidebat.
699 410 835 444 Quidquid
858 417 908 437 ali-

113 463 166 485 tem
183 458 279 485 divina
296 458 384 491 gratia
401 461 562 491 Suggerenle
577 457 709 483 divinitus
734 456 813 483 nobis
832 464 909 483 reve-

111 504 196 530 latum
207 508 258 535 est,
278 504 342 530 illud
358 503 429 530 nulla
446 511 477 530 ex
490 509 566 537 parte
587 511 724 534 mancum,
741 504 786 530 sed
798 503 909 530 omnino

111 549 260 583 perfectum
279 555 331 581 est,
355 554 382 577 et
409 550 442 576 ad
464 550 579 577 salutem
596 549 734 579 idoneum,
760 558 812 576 non
840 549 908 575 indi-

109 606 177 632 geos
191 597 371 624 humanarum
391 598 658 632 argumentationum
673 597 801 629 inventis,
820 605 909 630 neque,

110 646 316 676 additamenta,
338 645 381 672 rel
401 645 592 672 subtractione
614 644 715 678 aliqua,
751 649 780 671 nt
811 645 908 671 divina:

107 689 222 717 Littera:
238 691 354 722 docent,
380 698 442 717 cum
465 690 581 717 dicunt:
602 689 739 722 Verbum,
761 691 831 724 quod
859 697 907 724 ego

109 736 240 770 pmcipio
259 736 307 764 tibi
330 736 422 770 hodie,
441 737 504 764 vide
530 741 558 763 ιιι
584 736 649 764 illud
670 736 749 763 valde
765 736 906 768 observes,

108 789 199 817 neque
213 782 362 817 quidquam
384 783 480 814 addas,
501 789 588 816 neque
601 783 635 809 ab
653 789 684 809 eo
695 782 797 816 aliquid
812 782 905 808 immi-

108 835 188 860 nnas,
208 835 270 854 eum
294 836 389 855 revera
417 828 520 856 divinis
533 828 651 862 eloquiis
666 828 771 863 aliquid
788 828 900 860 addere,

109 874 149 900 vel
174 875 329 906 detrahere,
348 875 546 908 periculosum,
575 875 665 906 ait,et
684 874 834 908 perniciem
861 874 904 907 iis,

107 919 154 953 qui
175 920 232 946 hac
249 918 364 951 faciunt,
378 927 503 954 magnam
520 919 615 946 afferat
632 928 640 946 :
660 926 713 946 non
730 919 802 945 enim
822 918 839 945 ii
858 927 905 946 su-

108 972 186 996 mus,
206 966 251 1000 qui
272 965 411 992 (‘hristnm
437 965 580 1000 corrigere
604 965 761 1000 possimus,
787 965 834 992 sed
859 965 905 999 qui

105 1011 219 1039 Christo
233 1011 331 1046 subjici
343 1015 371 1039 et
387 1011 500 1039 obedire
519 1011 681 1039 debeamus.
697 1010 770 1044 Haec,
785 1015 813 1038 et
821 1011 905 1038 multa

106 1057 162 1084 alia
184 1058 247 1085 licet
265 1057 299 1085 de
322 1057 373 1086 hac
393 1065 423 1086 re
447 1058 540 1085 dicere
565 1057 667 1085 nostris
690 1057 848 1085 hominibus
866 1057 903 1084 ita

106 1103 300 1136 sentientibus,
326 1111 397 1138 quos
410 1104 508 1131 edoceri
524 1103 660 1138 cupimus,
676 1108 805 1131 extrema:
820 1102 904 1132 insci-

109 1148 152 1175 tiae
165 1156 237 1179 esse,
250 1148 370 1175 lmrctici
389 1148 510 1176 hominis
523 1148 672 1175 novitatem
685 1148 842 1176 admittere.
854 1148 905 1176 De-

107 1195 201 1222 sinant
217 1195 299 1230 igitur
320 1203 382 1224 cum
409 1196 538 1223 baretlco
555 1195 673 1223 homine
689 1195 818 1230 deinceps
840 1203 905 1223 sen-

107 1240 171 1268 tiro.

145 1285 251 1314 XXVII.
268 1287 362 1321 itaque
384 1294 446 1314 cum
462 1285 557 1313 Petrus
580 1286 627 1314 ille
651 1287 685 1315 ab
700 1287 828 1316 omnibus
843 1288 903 1322 epi-

106 1333 198 1366 scopis
212 1334 262 1360 sub
273 1333 446 1359 anathemate
462 1332 502 1367 (nt
515 1332 643 1367 diximus)
658 1334 803 1360 damnatus
816 1339 899 1366 esset,

104 1382 133 1404 et
158 1375 237 1404 Zeno
258 1382 367 1412 propter
390 1378 556 1405 invasionem
577 1377 699 1406 Basilisci
728 1379 763 1406 ab
789 1379 903 1414 imperia

106 1421 270 1457 aufugisset.
285 1423 341 1456 ipse
359 1430 468 1457 quoque
487 1423 593 1457 fugiens
621 1424 654 1450 ad
671 1424 764 1458 ignota
779 1425 902 1456 quaedam

106 1469 163 1495 loca
186 1476 215 1495 se
231 1468 355 1496 contulit.
372 1468 471 1495 Postea
486 1476 551 1495 vero
565 1477 646 1502 quam
666 1469 741 1497 Zeno
757 1470 789 1496 ad
814 1470 902 1504 impc-

105 1514 176 1540 rium
199 1521 325 1541 reversus
341 1518 392 1547 est,
418 1513 527 1541 Petrum
546 1514 686 1541 Fullonem
705 1515 856 1549 requisitit,
875 1520 902 1542 et

104 1559 283 1587 Antiocheam
319 1559 450 1587 Ecclesiae
480 1560 639 1595 episcopum
675 1561 813 1594 restitttil,
837 1569 934 1602 cumc

105 1605 226 1632 nondum
247 1606 422 1632 anathemate
448 1605 578 1633 liberatus
595 1610 668 1633 esset
682 1615 689 1633 :
703 1607 811 1634 beatum
836 1614 900 1634 vero

100 1650 296 1678 Calendionem
313 1652 498 1685 patriarcbam
514 1652 540 1678 in
553 1652 649 1680 Oalim
662 1653 783 1680 exsulem
798 1655 901 1688 relega-

105 1697 154 1729 vit,
172 1696 284 1724 Fullone
305 1697 351 1724 illo
364 1697 542 1724 Antiochenam
570 1698 643 1725 sedis
668 1699 853 1733 episcopatum
875 1699 899 1725 vi

101 1743 238 1777 capiente.
256 1743 307 1776 Qui
332 1748 362 1770 ut
381 1743 491 1778 impius,
505 1749 532 1771 et
552 1744 652 1770 nullam
671 1752 747 1779 spem
767 1745 898 1779 reliquam

101 1788 218 1821 habens,
236 1790 406 1824 tyrannidem
438 1790 525 1824 ipsam
548 1790 669 1825 impune,
701 1791 742 1818 vel
768 1792 900 1819 scelerate

103 1835 195 1869 potius
210 1836 367 1869 exercebat,
393 1836 574 1870 interficiens,
592 1837 778 1871 proscribcns,
799 1842 826 1865 et
840 1846 899 1865 om-

104 1888 154 1908 ncs
176 1888 224 1908 eos
248 1880 356 1915 fugatis,
377 1882 422 1916 qui
439 1882 570 1909 nolebant
593 1890 656 1910 cum
680 1882 738 1917 ejus
760 1883 899 1917 impietate

102 1927 317 1956 communicare.
337 1928 391 1955 Sed
414 1928 469 1955 hinc
483 1929 594 1962 quidem
611 1929 692 1956 missa
711 1929 820 1961 faciatn,
835 1937 897 1956 cum

102 1971 188 1998 multa
202 1973 268 2005 sint,
285 1978 312 2000 et
329 1974 468 2007 propriam
494 1973 638 2001 historiam
657 1975 809 2008 requirant.
825 1975 897 2002 Con-

102 2017 174 2043 feret
188 2023 278 2044 autent
294 2026 324 2045 se
337 2019 426 2046 oratio
443 2025 538 2046 nostra
552 2020 584 2046 ad
607 2020 644 2052 id,
662 2021 733 2054 quod
746 2022 832 2056 magis
850 2029 897 2048 ur-

102 2067 160 2097 get,
174 2067 203 2089 nt
221 2065 309 2091 sancti
333 2065 447 2099 apostoli
476 2064 610 2093 Bnl‘nlliHB
633 2067 748 2100 gratiam
771 2067 897 2094 omnibus

101 2114 194 2136 nolam
220 2109 362 2143 faciamus,
385 2116 413 2139 et
436 2117 535 2146 quanta
557 2114 673 2146 patriam
689 2122 765 2141 suam
788 2122 852 2141 cura
870 2118 897 2140 (tl.

100 2156 268 2193 benignitate
280 2163 469 2193 prosequatur,
486 2159 667 2187 declarcmus.

138 2190 259 2229 XXi’lll.
293 2203 360 2230 Cum
392 2205 509 2231 nondum
535 2212 678 2234 contentus
701 2212 773 2235 esset
801 2209 896 2237 Petrus

963 272 1095 299 tiocbeua:
1109 273 1180 300 sedis
1201 273 1355 307 patriarcha
1373 282 1434 303 esse
1448 282 1566 310 oportet,
1581 280 1754 315 quandoqui-

961 319 1022 345 dem
1037 319 1184 352 apostolica
1204 324 1228 345 et
1244 320 1426 352 patriarchica
1444 323 1522 350 sedes
1541 329 1593 351 est.

997 363 1093 391 XXIX.
1115 365 1179 393 Haec
1195 365 1240 392 ille
1254 371 1335 393 recta:
1352 367 1414 394 ﬁdei
1429 372 1455 394 ct
1471 371 1613 397 sentcntiae
1631 371 1755 400 desertor

960 411 1153 444 contendebat,
1177 416 1343 439 cumtamen
1367 421 1420 439 non
1442 413 1580 449 ignoraret
1598 424 1628 443 ca
1645 425 1704 451 qua:
1728 421 1754 445 in

960 457 1028 483 urbe
1044 457 1149 491 Epheso
1161 461 1254 484 sancta
1272 457 1315 484 illa
1329 459 1457 493 synodus,
1470 459 1571 495 Cyrillo
1583 462 1754 495 pratsidentc,

960 502 1111 535 definit-rat,
1128 511 1142 529 a
1158 510 1188 530 sc
1206 504 1300 530 violari
1316 508 1396 538 atqtte
1408 506 1558 540 corrumpi.
1577 507 1628 533 Sed
1642 507 1753 541 pietatis

959 556 1058 583 praeco,
1076 553 1104 576 et
1127 549 1318 577 sanctissimus
1344 551 1484 585 apostolus
1501 551 1639 579 Barnabas
1661 555 1755 588 patria:

960 601 1014 621 sua:
1038 601 1192 629 opportuno
1222 599 1344 630 tempore
1372 597 1553 628 SililVCilil'nS,
1585 597 1657 625 illius
1682 599 1754 626 Petri

959 640 1103 667 stultitiam
1118 641 1158 667 vel
1175 641 1305 667 malitiam
1323 642 1413 675 potius
1432 643 1581 676 redarguit.
1594 643 1660 670 Cum
1680 646 1753 672 enim

958 688 1101 721 episcopus
1119 687 1264 714 Salamina:
1277 687 1368 720 jussus
1386 687 1482 714 fuisset
1494 689 1527 715 ad
1545 691 1644 723 regiam
1660 693 1765 720 urbem,

958 739 988 758 se
1002 731 1137 763 conferre,
1155 737 1183 759 et
1213 733 1342 758 adversus
1372 733 1557 760 Antiochenos
1586 742 1679 761 coram
1705 743 1753 769 pa-

959 777 1076 803 triarcha
1097 784 1207 803 causam
1235 778 1336 809 dicere,
1362 785 1416 811 pne
1443 779 1541 805 timore
1568 781 1752 814 torpescebat,

958 821 1081 849 Fullonis
1100 822 1173 849 illius
1190 823 1302 850 insidias
1318 829 1458 858 suspectas
1475 825 1587 852 habens.
1602 825 1674 860 'Exat
1691 833 1753 854 tunc

959 865 1105 893 Salamina;
1125 866 1200 893 urbis
1212 868 1357 902 episcopus
1372 869 1545 899 Anthemius,
1558 869 1605 895 'vir
1621 877 1683 896 cum
1698 872 1753 904 pri-

960 913 1011 939 mis
1032 912 1213 945 admirabilis,
1229 914 1300 948 quod
1319 913 1352 940 ad
1365 919 1467 941 rectam
1485 914 1563 941 fidem
1581 920 1608 941 ct
1631 916 1692 942 vita:
1713 916 1753 942 in-

959 961 1112 988 nocentiam
1136 961 1296 996 pertineret,
1323 961 1370 987 sed
1395 960 1428 987 ad
1454 960 1665 995 disputationem
1690 970 1752 990 etnn

957 1007 1129 1034 adversariis
1141 1006 1340 1039 sustinendam,
1358 1013 1454 1041 parum
1475 1007 1592 1035 valebat.
1607 1008 1675 1036 Cum
1700 1010 1751 1043 igi-

958 1057 1002 1080 tur
1026 1053 1139 1088 ancipiti
1162 1054 1328 1087 cogitatione
1361 1053 1515 1087 fluctuaret,
1531 1063 1619 1090 neque
1643 1062 1755 1083 certum

958 1097 1081 1131 haberet,
1100 1097 1164 1132 quid
1182 1103 1286 1133 ageret,
1302 1106 1366 1125 num
1383 1099 1511 1127 videlicet
1524 1100 1751 1137 Constantinopo-

957 1142 1002 1170 lim
1029 1143 1166 1178 proficisci
1199 1143 1323 1176 deberet,
1349 1152 1436 1172 necne
1462 1154 1470 1172 :
1492 1151 1570 1173 noete
1597 1146 1623 1175 in
1647 1149 1750 1175 somnis

955 1190 1042 1217 astitit
1055 1190 1092 1216 illi
1108 1189 1229 1224 quidam,
1248 1191 1368 1217 divinam
1384 1191 1529 1226 quamdam
1551 1193 1668 1227 speciem
1694 1203 1750 1229 prie

955 1243 984 1264 se
996 1237 1097 1269 ferens,
1110 1242 1137 1263 et
1151 1236 1262 1263 luminis
1276 1237 1423 1271 splendore
1448 1240 1532 1265 multo
1547 1239 1687 1275 effulgens.
1706 1241 1749 1267 lu-

954 1281 1069 1315 cidaque
1094 1287 1167 1309 veste
1192 1281 1313 1314 indutus,
1336 1290 1368 1309 ac
1410 1291 1487 1309 sacro
1508 1284 1600 1310 habitu
1620 1286 1747 1316 decernis,

954 1327 1042 1361 quiet
1058 1326 1114 1353 lucc
1131 1326 1219 1353 dixit:
1236 1326 1291 1353 Cur
1306 1327 1341 1354 ita
1360 1327 1446 1355 tristis
1462 1337 1491 1356 es
1508 1337 1590 1361 nunc,
1602 1331 1748 1365 cpisgopc?

954 1371 1094 1404 Quomodo
1105 1376 1196 1399 tantus
1213 1372 1264 1400 iste
1279 1377 1371 1407 torpor
1385 1378 1410 1400 te
1424 1375 1576 1410 corripuit?
1587 1375 1643 1402 Cur
1657 1377 1745 1404 Vultus

955 1421 1017 1444 tuus
1046 1417 1082 1444 ita
1113 1418 1257 1445 concidit?
1276 1418 1348 1446 Nihil
1366 1420 1428 1446 ntali
1456 1420 1489 1447 ab
1510 1421 1676 1450 adversariis
1694 1425 1746 1450 tttis

954 1465 1077 1498 patieris.
1097 1464 1160 1492 llmc
1177 1473 1238 1492 curn
1255 1466 1378 1499 dixisset,
1392 1468 1426 1493 ab
1440 1467 1588 1495 Anthemio
1605 1469 1747 1502 discessit;

954 1508 998 1543 qui
1023 1514 1212 1543 ettperrectus,
1232 1515 1259 1537 et
1280 1512 1377 1537 timore
1406 1513 1567 1545 perterritus
1593 1515 1746 1549 episcopus,

955 1555 980 1582 in
995 1555 1090 1582 faciem
1107 1563 1137 1583 se
1153 1557 1299 1591 prostravit
1318 1563 1346 1584 et
1359 1557 1451 1584 multis
1466 1557 1592 1594 lacrymis
1609 1559 1692 1587 Deum
1711 1562 1746 1587 ita

953 1606 1078 1636 precatus
1093 1606 1135 1629 est
1154 1610 1161 1629 :
1190 1604 1302 1630 Domine
1324 1603 1388 1630 Jesn
1407 1603 1527 1637 Christe,
1545 1605 1595 1632 Fili
1619 1607 1664 1634 Dei
1681 1608 1745 1640 vivi,

953 1649 1049 1682 adjuva
1067 1649 1214 1677 Ecclesiatn
1230 1650 1310 1677 hanc.
1321 1651 1383 1677 Scio
1400 1656 1502 1683 atttettt,
1516 1654 1586 1686 quod
1605 1654 1677 1680 illam
1695 1655 1744 1681 ad-

949 1695 1036 1728 juvas.
1056 1696 1082 1722 Si
1098 1696 1166 1723 visio
1184 1696 1241 1724 haec
1265 1704 1278 1722 τι
1307 1701 1333 1723 te
1358 1697 1478 1731 profecta
1498 1702 1551 1729 est,
1570 1698 1621 1728 fac,
1640 1707 1743 1733 qiueso,

951 1746 979 1768 ut
995 1742 1089 1769 eadem
1115 1744 1224 1774 iterum,
1245 1750 1277 1769 ac
1305 1745 1384 1770 tertio
1407 1743 1472 1770 mihi
1501 1745 1661 1772 ostendatur
1678 1751 1705 1772 ut
1721 1752 1746 1773 te

951 1794 1056 1814 mecum
1075 1794 1135 1814 esse
1149 1793 1227 1814 certo
1243 1788 1314 1815 scire
1331 1789 1442 1821 possim.

988 1832 1071 1860 XXX.
1082 1832 1188 1860 Interea
1204 1833 1399 1868 episcopusille
1409 1834 1506 1861 divinis
1519 1836 1644 1868 precibus
1656 1841 1744 1864 atten-

951 1878 1003 1905 tius
1025 1878 1147 1911 vacabat,
1164 1879 1197 1905 ab
1209 1879 1328 1905 omnium
1346 1879 1484 1906 hominum
1496 1883 1689 1916 congressione
1701 1891 1743 1909 re-

950 1930 1048 1953 motus.
1057 1924 1141 1952 Nocte
1154 1930 1255 1956 autent,
1263 1933 1322 1960 qum
1329 1925 1456 1961 deinceps
1465 1934 1609 1954 consecuta
1618 1934 1669 1961 est,
1681 1937 1741 1956 cum

949 1972 1083 1999 astitisset
1105 1972 1174 1998 idem
1193 1971 1238 1999 ille
1256 1972 1297 1998 vir
1310 1972 1405 1999 eadem
1424 1973 1510 2000 forma
1526 1979 1553 2000 et
1567 1975 1670 2005 habi:u,
1690 1984 1742 2010 quo

950 2021 1028 2044 antea
1056 2018 1130 2045 visus
1154 2013 1244 2044 fuerat
1267 2027 1274 2044 :
1296 2017 1368 2050 Jam,
1393 2020 1491 2054 irqnit,
1526 2020 1573 2046 tibi
1598 2020 1652 2047 dixi
1675 2021 1741 2048 nihil

950 2064 1012 2090 mali
1032 2069 1057 2091 le
1075 2073 1216 2099 passurum
1232 2073 1266 2092 ex
1280 2067 1312 2092 iis
1325 2074 1385 2100 qua:
1401 2067 1447 2093 tibi
1467 2067 1616 2094 adversarii
1636 2068 1740 2094 minan—

950 2115 1003 2138 tttr.
1019 2110 1090 2138 Nihil
1109 2111 1191 2145 igitur
1213 2113 1365 2146 suspicans,
1380 2117 1505 2146 prompto
1525 2114 1616 2140 animo
1642 2115 1674 2140 ad
1695 2123 1740 2141 tir-

949 2157 1009 2184 bem
1037 2158 1298 2193 Constantinopolim
1322 2159 1425 2186 venias.
1450 2159 1513 2187 llazc
1541 2169 1601 2188 ctttn
1617 2161 1740 2193 dixisset,

948 2205 1085 2232 discessit.
1104 2205 1253 2240 Episcopus
1264 2213 1328 2232 vero
1340 2214 1435 2233 rursus
1449 2207 1562 2233 Domino
1575 2208 1675 2240 gratias
1686 2209 1741 2241 egit

105 2247 183 2275 Fullo
201 2249 445 2278 innumerabilibus
464 2252 519 2278 illis
545 2252 633 2283 malis,
650 2253 747 2288 quibus
773 2255 894 2283 υνίυηιίε
913 2242 934 2270 Ῐ)
950 2259 1036 2285 ncqtte
1047 2252 1192 2286 quidquam
1207 2253 1286 2280 alicui
1303 2254 1383 2286 dixit,
1397 2255 1443 2280 sed
1457 2255 1634 2287 exspectabat
1647 2261 1738 2282 tatnen

101 2298 193 2327 partes
206 2293 305 2327 aﬂecit,
324 2295 351 2321 in
378 2297 533 2329 provincias
560 2298 641 2324 etiam
659 2298 728 2330 illas,
747 2307 806 2337 quae
827 2301 893 2327 nihil

99 2338 134 2365 ad
144 2347 206 2365 eum
229 2341 416 2374 pertinebant,
435 2344 533 2369 ma‘hus
548 2343 651 2378 injecit.
669 2344 736 2371 Cum
752 2345 827 2372 enim
843 2347 893 2372 int-

100 2385 247 2419 peratoris,
273 2391 300 2413 et
321 2394 415 2415 eorum
431 2389 477 2424 qui
507 2394 585 2416 erant
608 2391 677 2424 apud
701 2391 891 2426 imperatorem

98 2431 224 2465 gratiosi,
245 2425 388 2460 ienitatem
414 2441 482 2461 auro
504 2435 559 2462 silit
578 2425 784 2470 comparasset,
806 2438 893 2471 ipsius

99 2477 183 2503 ctiattt
209 2477 254 2503 Dei
275 2478 363 2512 legero
380 2479 509 2514 deinceps
533 2483 706 2516 contempsit,
731 2489 756 2509 et
776 2483 891 2518 Cyprios

100 2523 224 2550 homines
241 2523 289 2550 Dei
308 2531 335 2552 et
349 2525 411 2552 lidei
423 2532 569 2558 amatores,
587 2535 618 2554 ac
636 2534 709 2555 recta
724 2530 888 2562 sentientes,

98 2570 226 2597 omnibus
244 2571 332 2598 modis
346 2579 446 2599 vexare
465 2573 605 2607 cogitarit,
621 2575 750 2608 quoniam
774 2576 832 2609 ejus
847 2577 891 2602 in-

97 2616 163 2643 sulae
179 2617 348 2645 habitatores
365 2618 493 2652 pietatem
509 2626 524 2644 a
541 2619 663 2652 patribus
678 2621 736 2648 suis
763 2622 889 2648 traditam

97 2667 252 2694 servantes,
272 2665 436 2691 recusabant
453 2672 515 2692 cum
533 2665 592 2698 ejus
608 2666 746 2700 impietate
764 2675 889 2694 commu-

98 2709 201 2736 nicare.
218 2710 309 2745 Itaque
324 2710 406 2746 Cypri
422 2711 512 2738 sedem
531 2711 778 2744 sanctissimant,ct
794 2721 807 2738 a
819 2714 891 2748 prin-

97 2754 170 2789 cipio
187 2755 248 2781 inde
268 2763 352 2788 usque
370 2757 403 2781 ab
417 2755 602 2790 apostolorum
621 2760 742 2790 tempore
763 2757 887 2788 liberam,

98 2801 156 2834 ipse
168 2801 293 2835 arripere
313 2805 340 2828 et
352 2801 402 2828 sibi
424 2801 557 2835 subjicere
576 2809 717 2837 aggressos
737 2808 789 2835 est,
808 2804 889 2838 idque

98 2847 131 2873 ad
144 2847 335 2878 imperatorem
350 2848 450 2878 retulit,
464 2847 560 2874 falsum
578 2848 701 2875 deferens
720 2857 750 2875 ac
769 2850 861 2876 dict-ns
879 2859 885 2876 :

99 2890 234 2923 Quoniam
249 2892 358 2918 verbum
375 2892 419 2919 Dei
437 2891 470 2918 ab
482 2891 547 2918 urbe
561 2892 701 2919 Antiochia
717 2894 749 2919 ad
769 2894 886 2929 Cyprum

947 2298 1139 2325 rcvelntionem
1150 2300 1270 2326 tertiam.
1283 2299 1368 2327 Nocte
1382 2300 1460 2334 igitur
1470 2305 1654 2334 COHSCQIICniC
1668 2300 1740 2327 idem

945 2343 987 2371 vir
1004 2345 1138 2378 apparuit,
1152 2344 1197 2378 qui
1215 2345 1324 2379 gravius
1338 2353 1398 2372 eum
1413 2347 1554 2380 increpans
1570 2355 1576 2372 :
1594 2346 1738 2380 Quonsnue

944 2390 1042 2424 inquit,
1058 2399 1111 2417 non
1129 2391 1169 2417 vis
1184 2391 1297 2418 credere
1311 2391 1402 2418 verbis
1419 2393 1494 2424 meis,
1513 2399 1572 2426 qua:
1589 2394 1682 2419 diebus
1697 2394 1739 2420 his

944 2436 1103 2470 corripienda
1133 2437 1217 2463 sunt?
1241 2437 1416 2464 Proficiscere
1449 2439 1474 2464 in
1508 2439 1602 2466 nrbent
1633 2441 1734 2471 regiam

944 2489 1069 2517 prompto
1084 2488 1108 2509 et
1122 2483 1205 2510 alacri
1223 2484 1313 2509 animo
1329 2493 1337 2511 :
1356 2483 1411 2510 illic
1426 2485 1498 2510 enim
1517 2493 1577 2511 cum
1593 2485 1678 2518 gloria
1695 2493 1737 2511 rc-

945 2530 1061 2556 vcrtrris
1074 2549 1081 2561 ,
1099 2537 1187 2564 neque
1204 2529 1349 2563 quidquam
1366 2529 1429 2557 ntali
1443 2530 1477 2556 ab
1491 2531 1657 2559 adversariis
1674 2541 1737 2567 pas-

944 2583 990 2601 sus
1007 2575 1101 2606 fueris,
1128 2583 1189 2601 cum
1221 2574 1304 2601 Deum
1324 2575 1410 2608 ipsum
1430 2581 1539 2610 propter
1557 2584 1600 2603 tne
1624 2586 1737 2606 servum

943 2627 1021 2646 suum
1054 2621 1090 2646 tui
1120 2625 1297 2653 pugnatorein
1323 2621 1434 2647 Italicas.
1467 2620 1543 2648 Tune
1566 2623 1734 2659 episeopus:

943 2665 1048 2698 Qttzcso,
1071 2666 1168 2700 inquit,
1189 2666 1298 2693 domine
1318 2666 1365 2698 mi,
1391 2667 1445 2700 dic,
1479 2668 1541 2703 quis
1563 2677 1593 2696 cs
1618 2674 1663 2701 to,
1687 2670 1736 2704 qui

945 2712 1000 2738 haec
1014 2719 1118 2738 mecum
1136 2711 1280 2746 loqueris?
1295 2712 1361 2739 Tum
1377 2713 1422 2740 ille
1440 2715 1475 2740 ait
1493 2723 1499 2740 :
1515 2714 1571 2749 Ego
1593 2723 1652 2741 sum
1669 2715 1735 2742 [iar-

943 2757 1036 2789 nabas,
1050 2758 1199 2790 discipulus
1218 2758 1321 2786 Domini
1336 2760 1418 2786 nostri
1431 2760 1494 2787 Jcsu
1510 2759 1623 2792 Christi,
1640 2769 1733 2796 segre-

942 2808 1019 2836 gatus
1036 2811 1049 2829 a
1067 2803 1167 2837 Spiritu
1191 2810 1297 2837 saneto,
1323 2809 1351 2832 ut
1368 2814 1419 2832 tina
1437 2815 1497 2833 cum
1511 2806 1594 2833 Paulo
1609 2809 1735 2838 apostolo

941 2848 1084 2876 electionis
1095 2858 1155 2877 vase
1167 2859 1264 2878 mttntts
1279 2853 1457 2886 apostolicum
1474 2854 1545 2879 inter
1555 2858 1734 2887 gt‘ltlI‘SC'.('l‘-

941 2901 1043 2922 cerem.
1072 2895 1155 2930 Hujus
1182 2898 1218 2924 t‘t-i
1243 2898 1348 2933 signum
1375 2900 1423 2925 hoc
1452 2900 1551 2925 habeas
1571 2906 1577 2924 ε
1595 2899 1733 2933 Egredere
