1912 3073
193 113 265 145 “($3

158 183 174 202 τ,
195 174 272 195 cura
288 167 382 193 urbem
406 166 574 193 occidentem
591 173 686 192 versus
700 165 794 192 staliis
810 166 941 200 quinque,
958 165 982 190 iu
1001 166 1019 193 Α

193 223 254 240 eam
274 213 420 248 regionem,
446 219 505 245 qum
522 211 652 237 Sanilatis
667 211 741 238 locus
758 211 909 245 appellatur
929 211 987 244 (per

193 268 237 288 me
251 259 323 288 enlm
343 260 412 285 Deus
429 259 484 292 ipse
510 257 608 284 inloco
630 257 674 283 illo
691 257 821 284 miracula
837 257 942 289 edicit),
954 263 987 284 'et

193 307 244 333 sub
261 306 359 332 arbore
379 304 480 338 Siliqua
496 303 608 330 effodias
625 313 632 331 :
648 303 805 337 speluncam
819 304 891 330 enim
905 307 986 337 atque

194 361 284 380 arcani
301 351 433 382 invenies,
464 350 590 384 quoniam
606 349 662 376 illic
679 354 764 376 totum
779 357 878 384 corpus
896 356 986 375 meum

194 397 331 424 conditum
348 400 401 426 cst,
411 400 436 421 et
449 395 622 429 Evangelium
640 402 719 421 manu
734 394 843 428 propria
852 393 984 428 scriptum

192 443 262 477 quod
280 449 293 468 ει
312 446 406 468 sancto
428 441 551 475 apostolo
569 447 594 467 et
613 441 778 474 evangelista
792 440 918 467 Matlhteo
936 447 986 467 ex-

192 489 262 523 cepi.
273 488 403 520 Quoniam
415 495 481 514 vero
492 487 640 514 adversarii
653 487 689 512 tui
701 495 807 513 sursum
820 492 847 513 et
858 487 984 514 deorsum

192 535 338 561 miscentes
357 530 460 564 omnia,
476 539 502 560 ct
522 534 582 568 jura
609 534 731 567 quaedam
755 533 926 567 objicientes,
946 538 985 560 te-

190 589 251 608 cum
266 581 431 614 disceptant,
446 580 597 607 Antiorhim
617 580 708 607 sedem
732 580 907 614 apostolicam
924 587 984 606 esse

191 628 400 658 contendentes,
416 631 441 653 et
465 632 490 653 tu
510 626 660 660 contrajus
677 632 752 652 tuum
772 626 824 653 illis
837 633 956 660 opponas
974 634 982 651 ι

191 674 225 700 ΙΞι
245 681 319 703 mea,
345 673 489 706 inquiens,
519 673 596 700 sedes
622 673 769 707 apostolica
789 677 852 699 est:
878 680 940 698 nam
957 677 984 698 et

193 717 344 752 apostolum
361 717 447 744 habeo
461 718 486 744 in
500 718 586 751 patria
600 725 668 743 mea.
682 717 728 743 llis
740 717 828 748 dictis,
847 715 984 743 Barnabas

191 764 326 792 discessit.

227 820 323 847 XXXI.
340 819 489 853 Episcopus
505 826 571 845 vero
584 824 772 852 experrectus,
786 818 869 845 Deum
884 819 983 845 adora-
1000 838 1021 864 Β

191 868 240 899 vit,
270 870 379 900 totoque
402 865 473 891 clero
492 869 518 891 et
541 865 638 898 populo
663 865 763 891 Christi
790 865 979 891 amantissimo

195 917 372 946 congregato,
399 910 465 937 exiit
480 911 506 936 in
521 918 582 936 eum
605 910 704 941 lorum,
723 918 800 944 quem
817 918 864 944 per
880 910 983 937 revela-

182 959 293 989 _tiunem
322 957 472 988 didicerat,
495 956 579 983 multo
604 962 745 990 apparatu,
770 961 796 982 et
820 964 899 984 cruce
925 957 982 990 ipsa

191 1005 313 1039 praelata.
336 1004 457 1038 Cumque
481 1011 575 1038 preces
596 1003 627 1029 ad
643 1003 724 1030 Deum
750 1003 879 1035 misissat,
901 1003 983 1037 jussit

191 1051 279 1077 locum
305 1049 409 1076 effodi:
429 1056 508 1082 quem
533 1052 675 1082 postquam
699 1047 808 1082 pauhnn
834 1047 982 1079 ιυιιὶειοιιι,

191 1097 354 1124 invenerunt
373 1096 529 1130 speluncatn
564 1095 700 1130 lapidibus
719 1095 895 1122 obslt'ltt‘tnttl.
927 1094 984 1121 illis

192 1149 281 1171 autem
296 1142 423 1175 sublatis,
439 1142 566 1177 apparuit
582 1149 646 1168 arca
657 1141 699 1168 illa
717 1149 723 1167 :
742 1150 794 1176 qua
811 1141 926 1172 detecta,
942 1141 983 1166 iu—

192 1194 327 1217 vcucrunt
347 1189 520 1216 venerandus
540 1189 626 1215 sancti
644 1193 672 1215 et
686 1187 852 1214 venerabilis
867 1187 982 1222 apostoli

198 1235 328 1262 Iiarnaba:
349 1235 487 1269 reliquias,
510 1242 620 1261 suavem
637 1234 731 1268 gratiae
751 1234 902 1268 spiritualis
918 1234 984 1260 odo-

194 1291 249 1309 rem
263 1281 411 1316 spirantes,
432 1281 595 1308 invenerunt
612 1282 693 1307 etiam
710 1279 886 1314 Evangelium
901 1286 984 1313 supra

193 1327 324 1355 liarnahte
341 1332 436 1362 peetus
449 1327 615 1360 impositum.
630 1325 704 1352 Illam
713 1334 778 1353 vero
792 1334 881 1353 arcam
899 1325 985 1360 plum-

192 1376 243 1402 beo
256 1374 344 1408 sigillo
362 1374 527 1401 munierunt.
544 1374 665 1408 Cumque
679 1373 760 1399 Deum
774 1373 875 1407 precati
894 1377 986 1400 essent

193 1425 220 1447 et
237 1420 410 1451 adorasscnt,
428 1419 623 1450 discesserunt,
642 1419 707 1446 viris
726 1419 860 1453 religiosis
883 1420 909 1446 in
926 1420 985 1447 loco

195 1467 241 1494 illo
259 1466 292 1493 ab
307 1466 364 1500 ipso
379 1466 507 1500 episcopo
523 1465 690 1497 constitutis,
713 1466 757 1500 qui
776 1466 936 1499 vespertinis
958 1471 985 1493 et

195 1513 334 1540 matutinis
352 1512 460 1547 hymnis
476 1511 561 1538 Deum
575 1511 772 1538 collaudarcnt.
788 1511 833 1538 Ille
845 1512 926 1546 igitur
942 1514 983 1539 in-
999 1509 1020 1537 C

194 1559 329 1592 signiorcs
343 1557 485 1592 episcopos
496 1565 589 1584 secum
613 1557 726 1590 habens,
747 1557 822 1584 venit
841 1558 866 1584 in
887 1557 983 1584 urbem

195 1606 296 1640 regiam
311 1604 591 1638 Constantinopolim,
605 1609 631 1630 ct
643 1604 676 1630 ad
694 1605 855 1639 patriarcha:
871 1605 981 1632 dotnum

194 1652 326 1678 deductus
339 1658 391 1678 est.
410 1652 446 1678 De
461 1652 538 1686 cujus
555 1651 671 1678 adventu
689 1659 749 1677 cum
770 1651 920 1685 imperator
935 1659 986 1678 auo

193 1698 316 1730 divisset,
329 1698 490 1732 patriai-clue
506 1697 555 1731 ipsi
573 1697 723 1730 mamlavit,
739 1702 766 1723 ut
780 1706 841 1724 cum
869 1697 983 1732 synodo,

193 1753 252 1779 qum
270 1745 334 1772 illuc
357 1750 531 1775 convenerat,
555 1744 676 1770 omnium
696 1744 810 1778 partitun
826 1747 986 1770 controver-

193 1793 261 1818 siam
285 1791 409 1822 audiret,
429 1796 455 1817 et
485 1790 557 1824 quod
580 1790 616 1817 illi
641 1791 782 1817 videretur
815 1791 983 1818 decerneret.

193 1838 294 1865 Cuacto
321 1838 402 1871 igitur
419 1836 544 1868 concilio,
560 1844 621 1863 cum
642 1844 723 1863 causa
747 1837 789 1863 illa
808 1841 985 1867 tractaretur,

194 1884 342 1910 :ultersarii
366 1883 515 1910 alfetebant
540 1890 587 1908 sua
602 1883 674 1916 jura,
690 1887 718 1908 ul
740 1882 790 1909 sibi
810 1882 983 1914 videbantur,

194 1931 264 1964 qunti
290 1930 460 1957 Antiochcua
485 1928 563 1956 sedes
584 1929 730 1962 apostolica
754 1934 780 1955 et
803 1928 983 1962 patriarehica

194 1976 270 2002 sedes
285 1980 354 2002 esset
371 1984 376 2001 :
392 1974 427 2001 ob
442 1974 522 2008 idque
539 1974 740 2000 contendebant
755 1979 781 2000 et
794 1972 861 1999 alias
875 1973 985 2006 provin-

193 2022 249 2052 tias
267 2022 316 2047 sibi
334 2021 469 2054 subiectas
481 2028 541 2047 esse
558 2021 667 2047 debere.

228 2067 336 2095 XXXII.
355 2067 416 2094 Ilaec
443 2075 502 2093 cum
520 2071 684 2098 assert-rent,
706 2067 758 2098 iis,
772 2065 816 2099 qui
837 2068 984 2099 prmscult‘s

192 2119 279 2146 erant,
299 2114 396 2141 rationi
413 2120 593 2141 consentanea
617 2114 707 2140 dicere
725 2113 896 2139 videbantur.
918 2111 985 2138 Bea-

195 2167 239 2188 tus
251 2169 316 2188 vcro
335 2161 496 2187 Anthemius
522 2160 629 2194 paulum
655 2165 786 2192 moratus,
801 2164 895 2185 contra
916 2158 983 2192 obji-

193 2208 287 2234 ciens:
307 2206 340 2233 Iit
350 2214 419 2238 mea,
434 2205 532 2240 inquit,
547 2206 625 2233 sedes
636 2205 781 2239 apostolica
798 2204 847 2231 fuit
862 2204 923 2231 imle
939 2211 982 2230 us-

193 2261 245 2287 que
263 2261 276 2278 a
295 2252 428 2287 principio
453 2257 480 2278 ct
500 2251 625 2278 libertate
644 2252 785 2283 honorata,
802 2250 846 2285 qui
861 2254 888 2277 et
919 2257 984 2284 apo-

195 2300 293 2326 stolum
313 2299 399 2326 habeo
416 2300 441 2325 in
457 2299 543 2332 patria
569 2305 627 2324 mea
656 2299 761 2332 integro
790 2305 902 2331 corpore
920 2304 985 2323 con-

194 2353 322 2379 stantem,
350 2346 545 2377 beatissimum,
571 2345 691 2378 inquam,
723 2344 797 2370 illum
821 2343 983 2375 Barnaham,

194 2400 351 2421 sanctarum
380 2393 487 2418 landum
517 2391 660 2426 praeconiis
687 2389 905 2418 celeberrimum.
929 2389 985 2416 Iloc

196 2450 258 2468 cum
277 2441 438 2466 Anthemius
454 2437 634 2472 opposuisset,
659 2435 725 2463 nihil
749 2435 800 2462 loci
821 2434 985 2462 adversariis

196 2488 320 2514 ICIIIIIIIII
343 2490 395 2517 est,
412 2492 474 2512 cum
496 2483 626 2518 episcopi,
650 2482 696 2517 qui
719 2485 869 2517 praiseutcs
895 2484 984 2511 erant,

196 2533 305 2560 silentio
319 2530 455 2558 Anthemii
471 2530 622 2556 orationem
640 2527 858 2554 conﬁrmassent.
882 2525 984 2552 Adver—

195 2579 260 2607 sarii
283 2585 347 2604 vero
365 2576 415 2611 ipsi
437 2576 535 2602 rubore
560 2573 672 2608 perfusi.
697 2572 763 2600 mttti
784 2576 984 2603 remanserunt,

197 2632 328 2660 rnspouso
347 2623 391 2650 illo
407 2627 461 2649 tam
483 2621 554 2655 justo
567 2619 694 2654 perculsi.
713 2618 775 2645 Ilaec
792 2625 852 2644 cum
869 2617 986 2651 impera-

196 2677 237 2698 tur
256 2669 414 2699 audivisset,
431 2667 585 2702 t-piscoptnu
603 2665 684 2700 Cypri
702 2664 734 2690 ad
747 2671 776 2690 se
790 2661 985 2695 accersirijus-

196 2718 243 2749 ait,
264 2722 291 2744 ct
304 2716 336 2742 de
360 2714 525 2741 revelatione
544 2709 635 2738 sancti
649 2709 761 2745 apostoli
779 2708 908 2735 ISarualue
924 2707 985 2734 dili-

194 2769 289 2798 genter
314 2762 347 2788 ab
368 2769 399 2788 eo
412 2759 545 2795 qumsivit.
563 2758 609 2784 Ille
624 2757 689 2783 nihil
709 2763 741 2782 cx
762 2755 813 2787 his,
842 2762 901 2787 qum
923 2760 984 2779 \cra

195 2814 371 2846 cognoverat,
387 2806 542 2837 occultavit,
557 2805 602 2832 sed
615 2804 711 2830 ordine
732 2809 787 2828 rem
804 2808 912 2827 onmem
933 2799 985 2825 im-

195 2855 314 2890 peratori
334 2854 462 2881 Larravit.
484 2852 528 2878 Illc
554 2851 609 2877 lucc
625 2849 746 2880 audiens,
773 2848 850 2874 Val-30
875 2846 983 2880 BI‘ISlls

801 111 1023 142 ALEXANDRI
1046 111 1217 142 MOKACIII

1036 171 1088 196 est,
1105 167 1206 192 divinzc
1221 167 1315 200 εει-μιὶιῑ·
1339 168 1446 195 divitias
1463 168 1614 205 admirans,
1638 170 1709 203 quod
1725 170 1832 205 imperii

1041 212 1081 237 sui
1100 213 1267 244 temporibus
1290 217 1393 239 tantum
1415 214 1580 241 .miraculum
1607 223 1621 242 a
1648 215 1704 243 Deo
1730 215 1832 244 factum

1039 264 1226 291 cognose-eret.

1076 303 1195 332 XXXIII.
1214 305 1289 332 ’I‘unc
1306 307 1481 334 Antiocheam
1493 308 1567 334 uultis
1585 308 1741 343 episcopum
1759 309 1834 337 illinc

1038 350 1151 384 expulit,
1172 355 1198 377 ct
1219 351 1311 385 jllssil,
1339 357 1366 378 ut
1389 353 1414 378 in
1435 358 1572 387 posterqu
1591 354 1670 389 Cypri
1693 356 1831 390 Opimum),

1037 397 1110 430 quod
1121 399 1154 424 ad
1169 405 1228 424 eam
1245 406 1356 424 causam
1373 400 1537 432 pertinebat,
1560 401 1626 427 nihil
1642 402 1755 429 omnino
1776 411 1834 429 ino-

1037 442 1123 470 lestus
1145 444 1232 471 esset.
1257 444 1369 471 Beatum
1395 453 1458 472 vero
1482 446 1655 473 Anthemium
1676 449 1832 483 episcopum

1038 489 1074 515 ita
1091 490 1216 524 rogavit:
1233 489 1367 522 Quoniam
1389 492 1475 518 sancti
1501 493 1673 526 pontificatus
1697 494 1735 521 tui
1762 500 1832 522 tem-

1037 537 1149 571 poribus
1178 537 1294 564 Dotnino
1309 543 1404 564 nostro
1428 538 1493 565 Jesu
1510 538 1621 566 Christo
1644 541 1834 574 placuil,san-

1038 586 1111 608 ctum
1131 589 1210 609 suum
1246 584 1397 617 apostolum
1422 584 1571 611 Barnabam
1601 586 1739 618 revelare,
1755 587 1831 620 jube,

1036 635 1140 661 qumSo,
1155 628 1282 655 celeriter
1306 629 1481 664 Evangelium
1504 630 1578 662 illud,
1595 632 1667 666 quod
1690 632 1830 659 invrntum

1035 679 1086 705 est,
1104 674 1180 700 nobis
1200 673 1302 701 afferri.
1326 674 1353 701 Id
1377 676 1399 702 si
1425 675 1532 707 feceris,
1550 677 1615 703 mihi
1639 677 1694 703 (Ilio
1709 683 1753 704 tuo
1771 686 1830 713 gra-

1036 718 1170 745 ιῐεςῐιιιιιιιι
1191 720 1241 746 erit
1261 729 1267 746 :
1285 720 1397 747 habebis
1422 722 1494 748 enim
1511 726 1538 748 et
1560 723 1693 756 meipsum
1717 726 1830 758 posthac

1037 763 1095 795 tibi,
1117 769 1204 797 pater,
1230 765 1255 791 in
1275 766 1402 792 ninnihus
1425 768 1670 802 obtemperantem.
1692 770 1829 798 Assensus

1035 815 1079 835 est
1098 810 1157 843 ejus
1180 811 1301 844 petitioni
1323 812 1477 846 cpisropus,
1498 818 1524 838 et
1548 815 1692 847 quemdam
1724 823 1756 841 ex
1780 816 1828 847 iis,

1035 862 1105 888 quos
1121 863 1211 882 secum
1235 857 1361 887 habebat,
1380 865 1432 884 una
1451 866 1514 884 cum
1538 858 1696 886 fidelissimo
1710 860 1828 894 impera-

1036 902 1103 927 toris
1120 903 1245 929 ministro
1259 903 1415 938 episcopum
1432 905 1516 937 misit,
1537 905 1583 940 qui
1599 906 1775 940 Evangelium
1796 908 1829 934 il-

1037 946 1079 971 Iud
1104 947 1128 972 in
1153 948 1247 973 urbem
1269 948 1535 984 Constantinopolim
1563 951 1720 978 attulerunt.
1745 951 1828 979 Erant

1036 997 1125 1018 autem
1143 992 1203 1018 libri
1225 993 1328 1020 lahellte
1344 994 1445 1028 thyinis
1461 994 1542 1029 lignis
1553 997 1722 1030 compositae.
1739 998 1827 1024 Evan-

1036 1038 1133 1072 gelitun
1152 1038 1215 1064 illud
1231 1039 1381 1072 imperator
1396 1040 1423 1066 itt
1445 1048 1540 1068 mantts
1555 1043 1680 1076 sumpsit,
1702 1047 1729 1069 et
1747 1043 1827 1070 deos-

1035 1083 1141 1110 CItIalItS
1152 1089 1204 1111 est.
1219 1091 1341 1118 auroque
1356 1086 1439 1112 multo
1455 1091 1616 1114 exornatum
1626 1088 1653 1114 in
1667 1088 1766 1122 palatio
1779 1097 1827 1116 suo

1038 1130 1171 1163 reposuit,
1194 1131 1238 1157 ubi
1263 1131 1296 1158 ad
1313 1131 1474 1158 hodiernum
1502 1133 1670 1167 usquedlem
1690 1140 1826 1166 servatur,

1036 1182 1063 1202 et
1079 1176 1104 1202 in
1118 1185 1213 1212 magna
1235 1177 1331 1212 quinta
1349 1177 1461 1205 Pascha!
1477 1179 1544 1205 feria
1565 1180 1712 1214 quotannis
1730 1181 1761 1207 ‘in
1779 1188 1828 1214 pa-

1037 1222 1092 1248 latii
1108 1224 1227 1250 oratorio
1241 1223 1416 1259 Evangelium
1430 1232 1462 1252 ex
1479 1232 1512 1253 eo
1524 1226 1592 1252 lihro
1605 1227 1744 1254 recitatur.
1764 1227 1829 1262 Epi-

1037 1276 1147 1303 scopum
1165 1277 1228 1296 vero
1245 1269 1418 1297 Anthemium
1438 1271 1545 1306 magnis
1563 1272 1710 1300 honoribus
1733 1280 1828 1307 prose-

1037 1320 1126 1346 cutus.
1145 1315 1269 1349 pecuniis
1285 1317 1378 1344 multis
1388 1317 1527 1349 donatum,
1542 1318 1574 1344 ad
1586 1318 1700 1345 insulam
1710 1319 1828 1354 Cyprum

1039 1361 1155 1394 remisit,
1175 1362 1254 1396 eique
1269 1363 1408 1390 mandavit
1427 1368 1457 1390 ut
1474 1370 1569 1391 sancto
1581 1361 1702 1398 apostolo
1724 1365 1812 1391 Barna
1824 1379 1830 1383 η

1039 1408 1080 1435 lue
1103 1409 1233 1442 templum
1259 1409 1285 1435 in
1307 1416 1340 1436 eo
1360 1409 1420 1436 loco
1444 1409 1578 1444 erigeret,
1601 1411 1645 1437 ubi
1670 1411 1830 1437 venerandae

1040 1455 1124 1489 ipsius
1138 1455 1259 1488 reliquize
1277 1455 1392 1481 inventae
1405 1455 1521 1482 fuerant.
1537 1455 1610 1482 Multi
1627 1461 1716 1482 attlem
1733 1464 1766 1482 ex
1782 1463 1831 1490 op-

1039 1500 1161 1527 timatum
1179 1507 1292 1527 munero
1316 1508 1365 1535 pro
1381 1500 1452 1528 illius
1469 1501 1559 1535 templi
1580 1501 1761 1528 zedilicatione
1785 1509 1832 1536 pe-

1038 1546 1146 1572 cuniam
1162 1550 1224 1572 εοιιι
1231 1544 1351 1573 lIICI‘IInI.

1073 1591 1194 1618 XXXIV.
1217 1591 1262 1618 Ille
1286 1591 1368 1627 igitur
1385 1591 1410 1618 in
1429 1591 1548 1626 Cyprum
1568 1599 1706 1625 reversus,
1728 1592 1830 1619 multos

1038 1637 1159 1664 artilices
1173 1642 1255 1670 atque
1269 1637 1410 1671 operarios
1421 1637 1539 1672 collegit,
1549 1643 1575 1663 et
1589 1637 1761 1664 :cdilicationi
1778 1645 1830 1664 non

1038 1684 1202 1710 mediocrem
1218 1691 1328 1718 operam
1342 1683 1426 1715 dedit,
1441 1688 1467 1710 et
1479 1683 1601 1717 apostolo
1620 1683 1749 1710 Baruahse
1761 1689 1831 1710 tem-

1039 1729 1112 1763 plum
1139 1730 1218 1755 valde
1244 1737 1370 1761 magnum
1396 1734 1451 1756 tum
1475 1729 1601 1761 mililieio,
1627 1734 1682 1755 tntn
1702 1729 1787 1755 multo
1805 1733 1833 1755 et

1039 1775 1116 1801 vario
1129 1779 1228 1801 ornatu
1247 1775 1353 1809 insigne
1369 1775 1535 1802 construxit.
1551 1775 1591 1801 Ad
1612 1782 1671 1800 eam
1687 1782 1751 1801 vero
1767 1780 1833 1801 tem-

1039 1821 1074 1856 pli
1087 1827 1271 1855 partem.qu:e
1285 1822 1317 1848 ad
1329 1822 1440 1858 Iibyam
1453 1826 1571 1856 spectat,
1586 1821 1831 1855 aulamquaunlam

1037 1868 1204 1902 composuit,
1231 1873 1345 1902 quatuor
1374 1869 1496 1903 porticus
1518 1869 1679 1900 habentem,
1703 1873 1731 1894 ct
1748 1868 1832 1894 cellas

1039 1915 1102 1942 hinc
1119 1919 1201 1949 atque
1220 1914 1294 1942 illiue
1315 1923 1330 1941 e
1346 1915 1458 1949 regione
1479 1915 1530 1941 sibi
1556 1914 1695 1948 oppositas
1723 1914 1749 1939 in
1770 1912 1832 1938 aula

1038 1962 1202 1993 construxit,
1220 1966 1247 1986 ut
1267 1961 1312 1994 qui
1336 1961 1427 1987 divina
1443 1960 1530 1987 ol'Iicia
1552 1961 1577 1987 in
1597 1960 1696 1994 templo
1712 1960 1759 1986 illo
1772 1967 1833 1986 mo-

1038 2006 1117 2033 nachi
1141 2007 1324 2035 celebrarent.
1343 2007 1369 2033 iu
1394 2007 1446 2033 illis
1467 2007 1542 2034 cellis
1569 2007 1692 2033 habitare
1707 2010 1830 2040 possent.

1038 2053 1109 2085 Quin
1126 2054 1207 2079 etiam
1233 2059 1248 2079 e
1265 2052 1408 2086 longinqua
1432 2054 1542 2087 regione
1561 2060 1638 2087 aqua:
1656 2054 1766 2078 ducttnn
1785 2052 1833 2078 dir

1039 2099 1120 2125 rivari
1144 2098 1217 2131 fecit,
1235 2102 1262 2125 et
1286 2099 1312 2124 in
1333 2099 1421 2125 medio
1441 2099 1512 2125 atrio
1528 2098 1659 2125 concham
1682 2097 1831 2131 quamdam

1038 2145 1247 2180 pulcherrimam
1263 2145 1427 2177 construxit,
1444 2145 1469 2171 in
1487 2153 1567 2178 quam
1581 2152 1650 2178 aqua
1670 2143 1714 2170 illa
1727 2142 1832 2169 deﬂue—

1039 2197 1090 2224 ret,
1115 2197 1145 2218 ut
1171 2197 1224 2219 tam
1247 2193 1293 2226 qui
1322 2199 1353 2219 eo
1372 2191 1398 2218 in
1420 2192 1478 2218 loco
1500 2192 1764 2223 habitahant,quam
1784 2190 1831 2223 qui

1035 2246 1149 2274 peregre
1168 2239 1320 2270 venissent,
1341 2238 1448 2265 aliunde
1465 2238 1543 2272 aquis
1563 2238 1617 2264 illis
1630 2237 1682 2263 frui
1705 2241 1830 2271 possent.

1036 2286 1119 2314 Multa
1133 2286 1216 2313 etiam
1230 2286 1282 2312 alia
1307 2286 1425 2320 hospitia
1442 2284 1495 2311 illic
1511 2284 1666 2315 :edillcavit,
1683 2283 1711 2309 in
1727 2283 1831 2317 quibus

1035 2333 1172 2368 peregrini
1187 2338 1214 2359 et.
1228 2333 1349 2367 hospites
1361 2332 1478 2359 recreari
1496 2335 1616 2366 possent,
1633 2329 1668 2356 ita
1683 2334 1711 2356 ut
1729 2329 1775 2363 qui
1792 2329 1831 2356 lo-

1036 2387 1098 2405 cum
1115 2378 1188 2405 illum
1209 2378 1331 2409 vidisset,
1345 2386 1434 2412 parvae
1454 2377 1568 2411 alicujus
1585 2379 1610 2403 et
1626 2375 1756 2415 juquutltc
1781 2383 1832 2402 ur-

1037 2425 1078 2451 bis
1104 2425 1217 2459 ﬁguram
1235 2425 1326 2451 videre
1354 2424 1405 2450 sibi
1431 2417 1612 2450 visusresset.
1641 2423 1708 2450 Dein
1737 2429 1831 2448 arcam

1037 2471 1127 2502 illam,
1155 2471 1180 2496 in
1201 2478 1254 2505 qua
1282 2470 1413 2497 Barnaba:
1437 2470 1550 2505 apostoli
1566 2469 1687 2504 reliquiae
1711 2469 1833 2496 condita:

1036 2523 1126 2549 erant,
1150 2517 1177 2544 in
1200 2518 1311 2543 dextera
1338 2525 1422 2543 sacra:
1444 2525 1497 2543 anc
1513 2521 1590 2551 parte
1602 2516 1762 2548 collocavit,
1785 2516 1833 2550 qui

1037 2565 1113 2592 locus
1126 2564 1210 2591 multo
1229 2569 1342 2598 argento
1357 2569 1384 2590 et
1401 2563 1561 2590 marmoreis
1573 2563 1708 2590 columnis
1717 2567 1834 2589 ornatus

1037 2617 1105 2638 erat.
1123 2610 1197 2637 Diem
1215 2618 1279 2637 vero
1291 2609 1401 2642 festum,
1419 2617 1472 2643 quo
1489 2609 1559 2636 beati
1576 2608 1689 2643 apostoli
1708 2613 1734 2635 et
1747 2615 1834 2642 gene-

1040 2659 1091 2684 rosi
1112 2657 1238 2692 martyris
1255 2656 1385 2683 Barnabze
1404 2656 1534 2682 memoria
1561 2654 1760 2685 celebraretur,
1779 2653 1835 2680 Pa-

1038 2710 1094 2732 trcs
1121 2706 1163 2737 agi
1194 2712 1242 2738 per
1274 2703 1395 2736 singulos
1428 2710 1513 2728 annos
1542 2700 1770 2731 constituerunt,
1805 2707 1835 2726 ιιι

1038 2751 1097 2778 Ilus
1121 2750 1205 2782 Junii,
1227 2754 1254 2775 ιιι
1280 2749 1394 2775 Ilnmaui
1419 2751 1563 2774 numerant
1580 2755 1586 2773 :
1603 2751 1632 2772 ιιι
1652 2753 1716 2772 vero
1739 2746 1836 2779 Cyprii

1038 2793 1274 2828 (Inustanticnses',
1292 2796 1335 2822 die
1355 2795 1500 2821 undecimo
1522 2793 1580 2827 ejus
1608 2793 1719 2823 mensis,
1736 2791 1783 2825 qui
1800 2791 1838 2818 ab

1039 2845 1091 2872 illis
1118 2843 1218 2870 stitur
1240 2841 1375 2874 M‘SOI'L‘S,
1403 2846 1428 2867 ct
1451 2840 1573 2867 dccitnus
1594 2843 1755 2866 nuutcratur
1775 2846 1782 2864 :
1807 2841 1838 2864 ut
