1912 3073
99 162 170 196 “05

596 157 790 192 LAUDATIO
807 159 847 189 IN
868 155 1000 188 APOST.
1015 155 1234 187 BERNABAM.

1666 151 1736 183 “06

101 229 191 252 autent
207 222 301 250 Asiani
316 221 451 251 homines.
469 219 510 248 vel
524 219 618 254 Paphii
637 222 793 250 numerant,
817 216 890 244 dcci-
905 215 931 244 Α
945 214 1032 241 monis
1043 218 1230 255 paupertatem
1242 211 1366 248 exiguam
1377 210 1450 238 illam
1463 210 1583 245 quidem,
1595 211 1640 238 sed
1650 218 1736 246 prom-

101 277 146 296 mo
157 276 229 295 nono
245 267 358 299 mensis,
386 266 431 300 qui
453 265 614 300 Phthipalus
626 264 736 296 dicitur,
755 267 782 290 et
804 268 892 289 nouus

101 318 271 342 numeratur.
288 312 344 339 Hoc
358 312 440 347 igitur
457 311 522 338 anni
537 316 659 346 tempore
671 311 699 338 in
717 317 778 337 eum
789 308 891 340 locant,

100 369 182 395 quem
194 368 277 395 supra
292 359 422 393 diximus,
443 358 558 393 gentiles
574 356 700 392 plurimm
713 355 890 386 conveniunt,

101 412 129 434 et
143 407 235 434 divina
250 405 336 433 oﬂicia
354 405 546 433 concelebrant
561 404 588 431 in
601 403 715 439 gloriam
730 401 829 433 Patris,
845 400 891 428 Fi-

102 450 142 483 lii,
155 455 180 478 et
198 450 317 486 Spiritus
338 450 439 483 sancti,
457 449 500 478 cui
517 449 630 477 debetur
642 448 727 484 gloria
745 447 772 474 in
796 446 893 474 stecula

101 497 277 524 saeculorum.
289 495 385 524 Amen.

139 542 249 570 XXXV.
273 542 461 575 Reliquiarum
475 542 564 569 sancti
578 540 696 576 apostoli
709 539 841 567 Barnabas
854 546 895 566 re-

104 589 204 618 velatio
218 589 254 616 ita
271 597 300 617 se
311 589 416 621 habuit,
433 593 463 616 ut
475 588 605 616 diximus.
624 588 689 622 Quae
703 594 768 614 vero
776 587 895 614 miracu-

104 636 128 663 la
143 636 265 672 quotidie
292 643 306 662 a
327 635 501 663 sanctissimo
527 634 612 669 ipsius
635 633 763 668 sepulcro
788 631 896 660 abunde

105 682 328 717 proliciscunlur,
345 689 375 708 ea
388 681 409 708 si
424 681 487 715 quis
503 680 676 708 conscribere
690 679 764 710 velit,
779 686 812 705 ne
827 677 897 705 mul-

104 728 140 755 tis
154 727 262 762 quidem
289 727 471 755 voluminibus
497 727 539 763 (nt
562 726 671 761 opinor)
693 725 737 752 illa
753 723 895 758 complecti

88 807 91 812 _
106 774 216 809 poterit.
234 773 290 802 Nos
312 774 395 809 igitur
415 774 447 800 ad
463 781 571 806 eorum,
586 780 646 807 qua:
669 779 750 806 supra
765 770 894 801 diximus,

88 813 263 847 ‘n-emoriam
289 819 457 852 redeuntes,
478 821 566 847 virum
588 820 659 846 hunc
683 817 794 853 pietatis
815 822 896 843 causa

102 867 232 893 omnibus
253 866 447 894 certaminibus
467 866 577 901 egregie
600 864 733 897 functum,
754 863 790 891 ob
815 862 897 897 idque

106 912 210 940 cmlcsti
230 920 332 939 corona
339 911 480 944 donatum,
490 911 599 947 hymnis
615 911 714 939 divinis
724 917 896 945 prosequan-

105 966 175 988 mur.
192 963 218 985 et
238 958 362 985 ettmdem
374 949 482 985 beatum
496 958 687 992 praedicantes,
699 957 806 984 laudum
826 963 895 990 prae-

104 1004 191 1031 coniis
207 1004 389 1032 celebremus.
407 1004 457 1031 Hic
477 1003 562 1038 enim,
581 1008 711 1037 tanquam
733 1002 804 1030 oliva
822 1010 896 1037 quae-

107 1051 169 1078 dam
186 1050 337 1082 lructil‘era,
351 1050 377 1078 in
389 1050 469 1078 domo
483 1050 529 1078 Dei
548 1049 686 1085 plantatus
698 1048 820 1084 quotidie
840 1048 895 1075 frn-

102 1101 164 1124 ctns
181 1103 291 1123 suavem
311 1096 423 1124 odorem
442 1097 579 1131 spirantes
599 1095 656 1122 Deo
668 1095 719 1129 ipsi
736 1094 824 1122 oll'erl.
837 1093 896 1130 Illic

103 1142 299 1176 imperatorum
318 1141 418 1177 gloria,
437 1143 609 1169 sacerdotum
623 1140 792 1176 iucunditas,
808 1147 894 1176 popu-

102 1188 190 1216 lorum
205 1188 363 1220 exsultatio,
385 1195 491 1221 eorum,
508 1188 554 1223 qui
571 1187 705 1223 angustiis
721 1191 894 1222 premuntur,

103 1234 266 1267 consolatio,
282 1235 448 1262 alllictorum
461 1234 618 1270 profugium
636 1241 668 1261 ac
684 1233 831 1265 recreatio,
847 1232 894 1260 de-

102 1286 272 1315 speratorum
296 1289 359 1316 spes
380 1287 462 1317 atque
483 1281 601 1316 adjutor,
623 1281 828 1316 peregrinorum
851 1287 895 1308 re-

103 1327 194 1361 quies,
207 1327 400 1362 aegrotantium
417 1327 564 1361 medicina,
578 1335 708 1355 sanorum
719 1332 822 1359 custos,
838 1327 895 1361 spi-

101 1373 250 1400 ritualium-
263 1373 412 1408 gratiarum
427 1373 499 1406 l'ons,
526 1373 655 1400 Ecclesia:
681 1380 786 1404 murus,
804 1372 893 1400 ortho-

105 1421 239 1447 doxorum
265 1420 478 1453 ﬁrmamentum,
500 1419 619 1447 ﬁdelium
642 1419 782 1446 hominum
797 1427 895 1454 propu-

102 1467 207 1501 gnatio,
223 1467 306 1494 totius
317 1467 392 1495 orbis
405 1471 539 1494 terrarum
555 1467 647 1494 decus.
664 1466 798 1494 Caeterum
817 1469 856 1492 tot
869 1469 896 1492 et

103 1518 190 1540 tantae
201 1517 276 1545 sunt,
292 1512 451 1540 beatissime
465 1513 587 1548 apostole
601 1512 666 1540 Jesu
678 1511 778 1540 Christi
795 1511 896 1538 Barna-

102 1559 147 1592 ba,
163 1559 257 1586 laudes
270 1564 331 1592 tuae,
349 1564 377 1586 ut
391 1559 513 1586 ontnium
527 1559 669 1588 hominum
684 1562 801 1587 mentem
813 1563 896 1595 alque

107 1606 260 1634 orationem
275 1610 418 1642 Superent.
433 1604 614 1635 Nihilominus
627 1611 717 1635 tamen
732 1607 818 1634 nostri
835 1614 892 1634 ser-

262 2911 398 2943 Parnm.
421 2912 479 2944 Gn.
505 2913 694 2946 lXXXYll.

944 265 1017 294 ptam
1032 265 1117 292 certe,
1132 261 1271 294 acceptam
1288 257 1403 289 habens,
1421 264 1469 291 pro
1485 257 1564 284 nobis
1572 257 1642 290 apud
1659 264 1734 287 eum,

944 313 1025 340 quem
1040 305 1169 338 dilexisti,
1184 305 1323 332 Christum
1340 303 1510 337 unigenitum
1527 302 1573 330 Dei
1586 301 1686 330 Filium
1708 308 1736 329 ct

945 353 1076 385 Verbum,
1094 351 1263 379 intercedere
1279 359 1331 379 non
1343 351 1477 386 graveris,
1492 355 1522 378 ut
1535 350 1580 378 ille
1590 358 1604 377 a
1618 358 1740 385 praesen-

947 401 965 428 ti
988 404 1015 427 et
1039 400 1176 427 laborioso
1202 399 1253 426 hoc
1277 398 1377 426 sarculo
1399 405 1449 426 nos
1471 398 1580 432 eripiat,
1605 398 1740 432 nobisque

946 446 1086 478 concedat,
1100 450 1129 472 ut
1145 443 1333 472 remissi0nem
1356 447 1543 478 peccatorum,
1560 443 1737 470 clementiam

947 498 974 519 et
1002 491 1219 520 misericordiam
1243 491 1355 518 multam
1383 497 1565 525 assequantnr
1587 489 1614 517 in
1635 489 1680 517 illo
1695 489 1738 516 die

948 537 1077 570 terribili,
1098 545 1159 565 cum
1173 537 1279 564 venerit
1292 536 1419 571 judicare
1434 537 1510 563 vivos
1525 541 1552 563 et
1565 541 1699 564 mortuos.

982 584 1104 612 XXXVI.
1131 583 1216 611 Tuum
1239 591 1302 611 vero
1327 591 1532 616 successorem,
1554 583 1599 618 qui
1615 588 1738 611 sanctam

947 632 1039 658 sedem
1061 635 1134 658 tuam
1156 630 1301 666 gubernat,
1325 629 1432 657 ﬁrmant
1455 635 1537 665 atque
1562 629 1740 661 immobilem,

948 677 1025 711 cujus
1038 682 1065 704 et
1078 681 1105 704 tu
1128 681 1311 711 propugnator
1332 675 1420 710 fuisti,
1441 676 1519 703 iidem
1541 675 1637 703 eodem
1659 683 1740 703 sensu

950 729 1081 755 tuentem,
1105 723 1264 750 orthodoxa:
1281 723 1405 750 veritatis
1422 722 1572 757 legitimum
1593 726 1621 749 et
1643 729 1739 750 verum

948 770 1101 802 doctorem,
1125 767 1276 796 Salvatoris
1292 769 1378 796 nostri
1403 768 1581 800 imitatorem,
1603 773 1739 803 pastorem

949 821 976 844 et
998 815 1106 842 Patrem
1128 820 1263 847 nostrum,
1287 815 1333 849 qui
1359 821 1478 848 pl'KESCDS
1493 819 1544 846 εει,
1572 818 1599 841 et
1617 819 1740 841 sanctam

950 862 989 890 tui
1008 862 1167 890 mermoriam
1190 862 1323 890 illustrem
1337 865 1524 897 repraesentat,
1543 861 1628 888 Deum
1641 867 1738 892 exora.

949 915 977 937 ut
993 909 1086 937 multis
1100 916 1234 937 annorum
1250 908 1359 936 circulis
1375 908 1402 935 in
1421 907 1596 936 sanetissima
1613 911 1658 934 tua
1677 908 1742 934 sede

948 960 1091 983 conservet
1111 956 1258 987 valentem,
1279 960 1307 982 et
1330 953 1457 990 populutn
1479 954 1565 989 ipsius
1582 954 1607 981 in
1625 961 1693 989 pace
1712 959 1742 981 et.

949 1002 1146 1038 tranquillitate
1170 1006 1321 1037 regentem,
1336 1002 1381 1036 qui
1397 1007 1424 1029 et
1441 1001 1563 1028 veritatis
1581 1001 1739 1029 doctrinatn

947 1049 1021 1077 omni
1037 1057 1098 1077 cum
1120 1049 1265 1076 sanctitate
1279 1053 1306 1076 et
1318 1048 1425 1084 justitia
1440 1047 1549 1082 dirigat.
1566 1046 1605 1075 Te
1618 1048 1732 1082 insuper

946 1103 1068 1128 oramus,
1090 1100 1120 1123 ut
1133 1103 1185 1131 qua
1211 1103 1274 1122 cura
1294 1095 1410 1130 patriam
1423 1100 1496 1122 tuam
1518 1102 1628 1129 semper
1642 1102 1738 1129 prose-

947 1145 1027 1170 cutus
1041 1149 1081 1174 es,
1097 1143 1191 1169 eadem
1206 1146 1233 1169 et
1247 1149 1319 1170 nunc
1332 1141 1405 1168 illam
1416 1142 1603 1176 prosequaris,
1623 1149 1740 1176 eantque

948 1189 1002 1216 tuis
1023 1189 1126 1216 sanctis
1148 1189 1217 1224 apud
1235 1188 1318 1216 Deum
1342 1188 1468 1223 precibus
1491 1188 1649 1220 custodias,
1672 1194 1699 1216 et
1724 1197 1738 1214 a

948 1233 1088 1262 scandalis
1116 1234 1287 1268 operantium
1312 1233 1485 1269 iniquitatem
1513 1233 1625 1268 eripias,
1657 1239 1686 1261 ut
1713 1234 1739 1261 in

947 1289 1025 1317 pace,
1040 1281 1174 1309 modestia
1196 1289 1229 1308 ac
1245 1281 1345 1316 pietate
1367 1281 1449 1308 vitam
1463 1280 1489 1308 in
1510 1280 1562 1308 hoc
1579 1281 1679 1309 saeculo
1691 1282 1742 1308 du-

946 1335 1050 1360 camus,
1065 1331 1092 1354 et
1105 1327 1321 1354 misericordiam
1336 1327 1444 1354 Domini
1457 1327 1544 1354 nostri
1555 1325 1619 1355 Jesu
1634 1326 1738 1355 Christi

947 1379 1138 1408 exspectantes
1153 1395 1160 1407 ,
1179 1374 1212 1401 ad
1238 1378 1369 1401 aeternam
1387 1373 1460 1401 illam
1490 1374 1574 1401 vitam
1599 1374 1741 1409 pervenire

947 1420 1095 1455 possimus,
1114 1419 1192 1455 cujus
1205 1427 1255 1447 nos
1271 1427 1367 1447 omnes
1381 1420 1529 1455 participes
1545 1419 1604 1448 ﬁeri
1616 1425 1741 1455 optamus

947 1465 1046 1502 gratia,
1075 1466 1267 1494 misericordia
1289 1471 1315 1494 et
1335 1466 1503 1501 benignitate
1525 1465 1633 1493 Domini
1655 1466 1742 1493 nostri

947 1512 1012 1541 Jesu
1035 1512 1138 1540 Christi
1159 1521 1165 1540 :
1186 1512 1229 1541 cui
1256 1512 1342 1548 gloria
1365 1512 1410 1544 sit,
1437 1511 1569 1547 Patrique
1595 1516 1624 1540 et
1646 1517 1742 1540 sancto

951 1559 1077 1596 Spiritui,
1099 1567 1170 1590 nunc
1190 1564 1217 1590 et
1232 1567 1350 1597 semper,
1367 1563 1395 1589 et
1410 1560 1435 1587 in
1450 1559 1546 1588 saecula
1567 1559 1741 1589 εωρυιοιυιη,

945 1609 1042 1636 Amen.

1522 2917 1577 2947 120
