3970 6300
314 319 454 383 9803

1624 326 1980 388 PROCOPII
2029 331 2269 390 GAZ/EI

3412 330 3554 396 280.5

314 441 429 485 tum
459 434 634 504 caligo
665 434 929 509 dissipata
959 444 1064 492 est.
1120 436 1370 491 Divinum
1425 456 1550 495 vere
1601 442 1870 512 quoddam

1980 461 2069 507 νες
2110 445 2448 516 ἐλευθέριονο
2519 445 2745 499 κάκεῖνα
2806 444 2982 516 πέρας
3038 440 3219 518 εἶχενο
3267 449 3301 519 ἡ
3338 447 3394 501 δὲ
3446 449 3552 504 τῶν

311 524 576 591 placitum
621 541 814 581 versus
871 535 925 581 te
982 529 1234 584 movebat
1294 530 1571 601 suffragia,
1608 544 1660 587 ct
1714 535 1876 604 quasi

312 627 424 666 uno
451 628 547 669 ore
577 616 631 669 in
664 624 718 671 te
753 617 986 687 populus
1012 618 1299 676 universus
1327 622 1617 678 clamando
1645 640 1881 682 consen-

312 706 501 770 tiebat,
531 723 779 765 summus
806 718 1030 765 senatus
1062 714 1483 782 assentiebatur,
1509 716 1751 789 Augusta
1782 736 1881 775 an-

311 799 537 859 nuebat,
563 808 617 854 et
641 800 859 857 comitia
886 803 1122 871 perfecta
1158 817 1302 861 sunt.
1332 807 1388 862 ld
1422 816 1621 865 nostra:
1652 810 1881 867 felicita-

311 887 384 941 tis
413 888 764 959 principium,
801 891 914 946 haec
944 894 1116 964 prima
1141 896 1330 964 quies;
1359 896 1461 952 hoc
1488 914 1705 955 omnem
1729 904 1878 957 exci-

312 979 463 1033 tabat
492 980 678 1035 urbem
706 981 982 1039 felicitatis
999 1002 1182 1045 sensu.
1209 988 1292 1042 Ab
1311 989 1401 1042 illo
1420 997 1664 1061 tempore
1684 992 1881 1046 florent

310 1083 399 1123 res
430 1080 632 1124 nostra:
655 1079 707 1126 et
738 1083 955 1129 mutatae
980 1087 1107 1133 sunt
1135 1096 1148 1131 :
1187 1087 1353 1150 atque
1388 1080 1535 1136 nulla
1574 1096 1762 1136 eorum
1797 1081 1879 1137 vi‘s

311 1169 415 1223 est,
457 1163 550 1230 qui
590 1178 687 1218 nos
717 1165 994 1220 lzeserant.

384 1249 465 1302 Vl.
514 1249 852 1316 Quibusdam
882 1255 1007 1311 inde
1038 1272 1064 1309 a
1099 1257 1273 1327 primo
1318 1264 1583 1317 nascendi
1632 1272 1879 1335 tempore

311 1337 442 1407 ipsae
481 1339 664 1397 fasciae
699 1342 767 1398 de
795 1360 1038 1416 purpura
1079 1358 1228 1415 sunt,
1259 1365 1322 1406 ac
1361 1353 1547 1408 statim
1581 1370 1737 1424 reges
1779 1370 1875 1410 vos

308 1438 506 1483 cantur
541 1434 857 1504 priusquam
905 1438 1184 1493 fortunam
1233 1442 1441 1509 experti
1479 1452 1630 1499 sunt.
1681 1443 1873 1498 Postea

307 1534 435 1572 vero
462 1524 662 1591 saepius
694 1539 759 1577 eo
792 1526 939 1578 dono
980 1525 1191 1596 indigni
1224 1528 1327 1583 visi
1364 1530 1606 1586 excitant
1648 1546 1875 1586 accusa-

308 1622 459 1668 tores
498 1622 690 1667 contra
722 1615 900 1682 deant,
936 1620 1091 1687 quasi
1139 1619 1270 1674 nihil
1300 1622 1366 1675 de
1418 1622 1486 1677 iis
1518 1638 1639 1692 quae
1684 1622 1871 1683 futura

219 1716 240 1734 ο
308 1707 584 1759 occultent
642 1707 884 1769 sciverit,
946 1724 1123 1780 neque
1173 1713 1491 1769 discornere
1514 1715 1721 1783 possit,
1778 1714 1872 1769 sed

308 1803 514 1851 temere
558 1796 789 1854 honores
819 1800 1044 1865 tribuat,
1094 1811 1148 1859 et
1177 1819 1236 1859 se
1287 1804 1467 1871 dedat,
1523 1822 1632 1862 non
1671 1807 1870 1877 quibus
1906 1834 1944 1887 Β

308 1894 579 1955 oporteat,
607 1888 700 1943 sed
744 1889 944 1959 quibus
983 1890 1186 1947 lubeat.
1233 1894 1375 1959 Quin
1429 1895 1473 1950 si
1514 1896 1662 1967 digni
1705 1912 1871 1966 appa-

306 1982 459 2029 reant
485 1989 549 2029 eo
582 1977 835 2045 culmine,
873 1987 1054 2035 tamen
1089 1982 1311 2038 honoris
1350 1985 1556 2050 studio,
1597 1995 1651 2040 et
1682 2001 1751 2041 ne
1782 1986 1870 2040 in-

304 2064 385 2117 fra
436 2065 582 2120 hunc
624 2067 1027 2139 relinquantur,
1084 2072 1315 2129 virtutes
1362 2076 1543 2131 colere
1590 2077 1867 2133 videntur.

303 2156 407 2212 Sed
434 2159 487 2214 in
516 2167 567 2214 te
592 2160 843 2226 eligendo
867 2171 1063 2233 prater
1100 2168 1565 2237 exspectationem
1596 2168 1867 2238 judicium

301 2248 552 2304 adhibuit
582 2248 805 2306 fortuna
833 2260 888 2307 et
930 2253 1144 2324 justum
1191 2256 1513 2327 sulfragium
1567 2260 1708 2314 tulit.
1765 2259 1866 2314 Se-

299 2343 570 2407 quebatur
606 2346 750 2400 enim
785 2349 1015 2406 virtutes
1063 2351 1353 2421 imperium
1402 2353 1613 2425 praemii
1647 2355 1767 2409 loco
1814 2363 1871 2411 et

298 2435 487 2502 gratiae
537 2436 770 2503 donans,
816 2447 872 2494 et
923 2441 1270 2497 incruentum
1312 2445 1554 2510 quidem,
1613 2454 1668 2500 et
1718 2447 1863 2499 omni

298 2521 489 2580 fraude
520 2536 751 2583 remota.
792 2527 911 2584 Non
945 2532 1111 2599 enim,
1142 2542 1203 2588 ut
1243 2534 1384 2599 aliis,
1433 2550 1606 2599 arma,
1632 2544 1686 2590 et
1724 2550 1872 2606 prm-

300 2613 395 2682 lia,
428 2623 482 2671 et
515 2627 874 2688 cognatorum
915 2621 1114 2687 cades,
1138 2631 1190 2678 et
1218 2623 1377 2680 dolus
1428 2624 1619 2680 fraude
1643 2627 1868 2682 vincens

301 2714 512 2761 tantum
550 2708 649 2763 tibi
680 2710 832 2766 dedit
871 2712 1152 2769 honorem.
1195 2714 1319 2772 [late
1372 2716 1607 2773 infelicis
1653 2717 1866 2788 imperii

299 2795 538 2852 infelicia
575 2799 728 2854 init-ia
763 2810 920 2867 sunt,
954 2811 1010 2857 et
1039 2818 1229 2859 eorum
1253 2806 1471 2877 propria
1503 2808 1594 2878 qui
1629 2824 1866 2879 purpura

301 2886 367 2939 ad
403 2890 726 2958 explendam
759 2892 896 2947 lucri
929 2895 1283 2965 cupiditatem
1310 2896 1631 2954 induuntur.
1664 2900 1743 2954 'l‘u
1768 2901 1866 2955 tibi

299 2974 536 3031 debitam
562 2979 655 3048 pie
686 2983 967 3052 accepisti,
1001 3000 1202 3056 neque,
1230 3003 1316 3043 me
1345 2987 1596 3055 Hercule,
1639 2991 1867 3046 frustra-

301 3079 388 3122 tus
419 3083 478 3124 es
502 3079 553 3125 te
574 3070 890 3143 eligentium
913 3078 1312 3143 testimonium,
1334 3081 1427 3136 sed
1453 3082 1615 3136 etiam
1646 3082 1862 3138 illorum

298 3174 424 3228 spes
456 3164 748 3232 superasti.

287 3286 290 3289 Α
371 3250 484 3307 νιι.
529 3253 806 3312 Hactenus
835 3260 1084 3316 oratione
1116 3276 1463 3333 progressus,
1500 3272 1651 3320 tanta
1682 3280 1862 3320 rerum

302 3341 651 3401 multitudine
689 3360 1004 3419 conspecta,
1032 3350 1174 3407 idem
1210 3353 1344 3407 mihi
1384 3355 1632 3411 accidere
1653 3357 1866 3412 videtur

299 3432 443 3500 quod
493 3434 602 3491 illis
645 3437 738 3508 qui
773 3448 997 3507 pontum
1047 3452 1424 3511 prospectant.
1468 3444 1679 3520 Stepius
1717 3448 1861 3503 enim

301 3523 489 3581 oculos
520 3539 586 3579 eo
624 3535 915 3596 vertentes,
948 3545 1099 3589 mare
1139 3531 1316 3586 solum
1346 3533 1570 3590 vident:
1604 3534 1736 3589 nihil
1800 3551 1862 3589 a-

300 3626 543 3685 spectant
570 3619 915 3683 determinat.
935 3622 1299 3682 Nihilominus
1332 3626 1631 3696 periculum
1666 3636 1751 3682 est
1785 3628 1866 3683 fa-

299 3711 597 3766 ciendum:
642 3728 820 3785 neque
861 3715 1005 3775 enim
1050 3717 1125 3771 illi
1167 3718 1569 3789 navigationem
1609 3704 1866 3776 reformi—

299 3803 449 3867 dant,
493 3818 670 3872 neque
699 3819 800 3861 nos
826 3805 1148 3861 orationem.
1176 3804 1310 3862 Nam
1338 3822 1462 3863 cum
1486 3811 1723 3880 primum
1747 3826 1867 3866 sce-

300 3905 417 3963 ptra
449 3896 775 3964 accepisses,
807 3894 1001 3953 decere
1046 3899 1371 3963 existimans
1413 3917 1576 3957 oinne
1614 3903 1863 3971 peregri-

298 4001 428 4038 num
458 3993 513 4040 et
544 3985 838 4047 barbarum
890 3989 1080 4058 procul
1110 4003 1139 4047 ει
1174 3998 1269 4045 tuo
1305 3990 1538 4061 imperio
1574 4006 1784 4057 arcere,
1812 4002 1865 4045 et

300 4092 404 4131 una
437 4092 561 4131 cum
601 4077 853 4134 libertate
902 4074 1138 4134 subditis
1161 4094 1448 4150 apparere.
1476 4080 1592 4137 fieri
1618 4083 1858 4151 iussisti.

298 4176 353 4221 et
381 4170 635 4238 protinus
659 4185 746 4227 res
778 4171 844 4227 ad
870 4170 1077 4229 exitum
1107 4173 1275 4229 venit.
1306 4173 1552 4244 Namque
1583 4189 1867 4249 compere-

302 4275 392 4341 ras
414 4258 725 4322 Orientem.
756 4263 1191 4337 praestantiorem
1225 4264 1441 4336 imperii
1484 4272 1714 4337 partem.
1738 4266 1863 4336 qui-

300 4351 529 4409 busdam
583 4353 835 4409 ﬁnitimis
885 4353 1141 4411 barbaris
1175 4356 1509 4425 perturbari,
1546 4355 1865 4411 hominibus

1888 3152 1937 3214 C

1980 537 2322 607 πραγμάτων
2358 537 2521 607 ἀχλὺς
2543 535 2804 591 διελύετο.
2840 538 3027 609 Δόγμα
3055 556 3109 592 τι
3144 538 3287 592 θεῖον
3316 539 3392 604 ὡς
3423 541 3555 612 ἀλη-

1982 627 2088 690 θῶς
2122 627 2215 680 ἐπὶ
2240 626 2321 680 σοὶ
2359 626 2459 696 τὴν
2501 626 2680 697 ψῆφον
2720 627 2923 680 ἐκίνειο
2968 629 3064 681 καὶ
3107 626 3296 699 ὥσπερ
3324 631 3389 683 ἐκ
3426 628 3555 699 μιᾶς

1979 720 2206 789 γνώμης
2246 721 2275 771 ὀ
2310 718 2476 787 δῆμος
2506 719 2652 782 ἄπας
2694 718 2858 772 ἐϐόα·
2908 719 3121 788 μεγάλη
3174 718 3335 789 βουλὴ
3383 736 3553 790 προσ-

1979 810 2186 863 ετίθετο
2205 826 2218 842 ·
2255 808 2464 879 βασιλὶς
2493 809 2744 863 ἐπένευεν
2768 810 2878 881 (ll)
2897 828 2911 843 ·
2944 812 2976 882 ἡ
3006 810 3060 863 δὲ
3085 809 3262 881 ψῆφος
3301 808 3551 877 ἐφέρετο.

1981 899 2130 973 Αὕτη
2178 902 2276 971 τῆς
2325 902 2597 973 ἡμετέρας
2650 896 2994 970 εὐδαιμονίας
3030 902 3180 972 ἀρχὴ
3234 904 3329 954 καὶ
3384 902 3552 955 κατά-

1983 1012 2168 1057 στασις
2213 993 2324 1064 (12)
2357 992 2569 1065 πρώτη,
2605 991 2762 1046 τοῦτο
2798 995 2978 1047 πᾶσαν
3021 993 3210 1063 ἤγειρε
3246 992 3401 1045 πόλιν
3432 994 3550 1053 ταῖς

1979 1085 2329 1155 εὐπραγίαις,
2379 1082 2627 1138 ἐντεῦθεν
2684 1084 2922 1154 ἀκμάζει
2972 1083 3041 1136 τὰ
3095 1082 3216 1136 καθ’
3256 1084 3405 1151 ἡμᾶς
3457 1082 3550 1134 καὶ
3644 1126 3659 1141 ,

1979 1173 2404 1245 μεταϐέϐληται,
2436 1173 2529 1227 καὶ
2555 1172 2661 1227 τῶν
2681 1170 2993 1225 λυπούντων
3029 1170 3184 1239 λόγος
3209 1170 3403 1235 οὐδείς.

2048 1262 2142 1331 εἶ’.
2175 1264 2389 1326 Ἀλλοις
2419 1264 2518 1332 μὲν
2546 1263 2639 1316 οὖν
2670 1264 2732 1316 ἐκ
2759 1262 2982 1333 πρώτης
2997 1262 3263 1331 γενέσεως
3293 1262 3548 1331 amp?“

1972 1353 2065 1420 δες
2081 1356 2173 1408 καὶ
2200 1355 2267 1410 τά
2299 1356 2625 1424 σπάργανα·
2657 1353 2750 1406 καὶ
2782 1352 3019 1424 βασιλεῖς
3036 1352 3197 1415 εὐθὺς
3232 1352 3544 1417 καλοῦνται,

1976 1446 2106 1517 πρὶν
2154 1445 2438 1500 αἰσθέσθαι
2497 1448 2598 1515 τῆς
2648 1445 2836 1516 τύχης.
2871 1445 3137 1516 ’Υστερον
3178 1445 3235 1498 δὲ
3287 1444 3546 1508 πολλάκις

1976 1533 2185 1599 ἀνάξιοι
2224 1535 2482 1602 φανέντες
2522 1534 2622 1602 τῆς
2651 1533 2861 1605 δωρεάς
2900 1534 3240 1604 κατηγόρους
3283 1534 3547 1603 ἐφιστῶσι

1977 1629 2042 1696 τῇ
2107 1626 2347 1696 δαίμονι,
2403 1626 2479 1688 ὡς
2539 1625 2692 1678 οὐδὲν
2735 1623 3004 1694 ἠπίστατο
3053 1624 3162 1680 τῶν
3221 1624 3549 1693 μελλόντων,

1976 1716 2098 1769 οὐδὲ
2160 1715 2366 1784 κρίνειν
2425 1710 2535 1767 οἶδε
2582 1714 2779 1778 καλῶς,
2822 1714 2938 1768 ἀλλ’
2983 1714 3103 1784 εἰκῆ
3157 1713 3541 1786 φιλοτιμεῖται,

1978 1809 2073 1860 καὶ
2098 1808 2315 1861 δίδωσιν
2346 1806 2542 1877 ἑαυτὴν
2590 1806 2688 1876 οὐχ
2714 1807 2859 1870 ὃσοις
2903 1806 3077 1873 ἄξιον,
3128 1806 3243 1860 ἀλλ’
3279 1806 3425 1870 ὅσοις
3450 1806 3547 1861 καί

1980 1897 2251 1967 βούλεται’
2285 1899 2334 1952 εί
2378 1899 2433 1953 δὲ
2471 1900 2565 1952 καὶ
2595 1894 2734 1962 ἄξιοι
2787 1899 3007 1965 φανεῖεν
3050 1897 3144 1951 τοῦ
3194 1899 3541 1969 πράγματος,

1973 1990 2089 2044 ἀλλ’
2100 1987 2195 2043 οὖν
2211 1990 2424 2043 δοκοῦσι
2451 1992 2517 2060 τῇ
2536 1990 2635 2059 τῆς
2659 1989 2824 2059 τιμῆς
2842 1990 3097 2044 ἀνατάσει
3119 1990 3139 2021 ³
3162 1988 3330 2061 (ΙΨ),
3346 1992 3441 2045 καὶ
3463 1990 3545 2061 τῷ

1976 2081 2052 2151 μὴ
2082 2082 2308 2134 κατόπιν
2322 2081 2551 2150 ὀφθῆναι
2572 2079 2793 2149 ταύτης,
2820 2080 3155 2149 ἐπιτηδεύειν
3193 2081 3289 2145 τὰς
3320 2083 3542 2152 ἀρετάς.

1987 2170 2109 2224 Ἐπὶ
2140 2171 2198 2224 δὲ
2233 2171 2327 2226 σοῦ
2379 2170 2695 2241 παραδόξως
2725 2171 2906 2243 κρίσιν
2931 2170 3087 2241 έσχεν
3115 2173 3148 2242 ὴ
3177 2171 3335 2242 τύχη,
3357 2171 3541 2242 ψῆφον

1973 2264 2112 2333 ἔγνω
2143 2264 2376 2319 δικαίαν.
2408 2264 2721 2319 Ἠκολούθει
2739 2264 2848 2336 γάρ
2874 2268 2992 2329 ταῖς
3017 2267 3235 2335 ἀρεταῖς
3256 2284 3272 2299 ·
3304 2266 3539 2337 ἀμοιϐὴν

1972 2356 2067 2409 καὶ
2133 2356 2291 2426 χάριν
2331 2355 2429 2426 τὴν
2486 2355 2765 2425 βασιλείαν
2817 2355 3161 2422 ἀποδιδοῦσα,
3210 2357 3305 2412 καὶ
3335 2356 3541 2425 ταύτην

1970 2444 2324 2515 ἀναίμακτον,
2367 2447 2461 2500 καὶ
2478 2445 2657 2517 πάσης
2694 2446 3124 2517 ἀπηλλαγμένην
3163 2446 3381 2516 ἀπάτης
3413 2462 3429 2478 ο
3476 2447 3537 2500 οὐ

1969 2537 2077 2606 γὰρ
2104 2536 2295 2607 ὥσπερ
2320 2538 2526 2607 ἑτέροις
2547 2537 2688 2590 ὅπλα
2714 2537 2809 2591 καὶ
2841 2538 3010 2608 μάχαι
3038 2537 3129 2591 καὶ
3150 2528 3538 2608 προσηκόντων

1971 2628 2198 2696 σφαγαὶ,
2230 2628 2323 2680 καὶ
2364 2626 2514 2689 δόλος
2547 2626 2730 2697 ἀπάτῃ
2758 2625 2943 2689 νικῶν,
2972 2625 3238 2694 τοσαύτην
3271 2642 3357 2680 σοι
3377 2642 3537 2697 περι-

1968 2718 2181 2773 τέθεικε
2205 2718 2302 2789 τὴν
2327 2718 2512 2790 τιμήν.
2544 2716 2850 2788 Δυστυχοῦς
2882 2716 3057 2771 ταῦτα
3083 2716 3360 2788 βασιλείας
3405 2717 3535 2771 δυσ-

1966 2813 2103 2882 τυχῆ
2152 2812 2219 2867 τὰ
2260 2811 2554 2882 προοίμια,
2595 2810 2690 2865 καὶ
2727 2808 2838 2863 τῶν
2874 2809 2989 2863 ὅσοι
3024 2808 3335 2875 πλεονεξίας
3367 2808 3531 2879 ἀφορ-

1970 2902 2076 2973 μὴν
2100 2901 2198 2971 τὴν
2222 2898 2518 2970 ἁλουργίδα
2551 2899 2915 2971 περίκεινται.
2952 2897 3117 2952 Ἀλλά
3152 2899 3534 2967 προσήκουσαν

1969 2988 2183 3061 ταύτην’
2220 2991 2609 3062 προσηκόντως
2651 2989 2965 3062 δεξάμενος,
3028 2990 3130 3044 οὐκ
3174 2987 3428 3060 ἧλεγξας,
3460 2988 3543 3058 μάη

1968 3083 2088 3145 Δία,
2123 3081 2232 3140 τῶν
2269 3097 2327 3136 σε
2357 3080 2713 3152 ψηφισμένων
2736 3079 2758 3113 ⁵
2795 3079 2892 3151 τὴν
2922 3078 3250 3151 μαρτυρίαν,
3281 3076 3419 3135 ἀλλά
3441 3078 3540 3130 καὶ

1967 3172 2242 3243 παρῆλθες
2272 3172 2371 3236 τὰς
2400 3173 2625 3226 ἐκείνων
2666 3170 2889 3235 ἐλπίδας
2920 3170 3110 3225 νικῶν.

2035 3267 2109 3319 Ζ’.
2157 3263 2427 3319 Ἐνταῦθα
2467 3263 2524 3317 δὲ
2567 3262 2660 3316 τοῦ
2719 3261 2879 3330 λόγου
2925 3261 3236 3330 γενόμενος,
3273 3260 3370 3313 καὶ
3400 3260 3536 3330 πρὸς

1965 3357 2217 3410 τοσοῦτον
2265 3354 2467 3426 πλῆθος
2516 3353 2860 3423 πραγμάτων
2904 3351 3065 3424 ὀρῶν,
3127 3351 3323 3406 ταυτὸν
3382 3350 3539 3404 ἔοικα»

1966 3449 2197 3517 πάσχειν
2223 3450 2333 3508 τοῖς
2363 3446 2477 3499 ὅσοι
2521 3446 2588 3499 τά
2624 3443 2833 3514 πελάγη
2865 3443 3279 3513 περισκοποῦσι.
3327 3444 3534 3500 Πολλά-

1967 3557 2056 3603 κις
2084 3540 2192 3609 γάρ
2225 3539 2353 3602 τοὺς
2392 3536 2703 3605 ὀφθαλμοὺς
2730 3537 3084 3607 ἐπιφέροντες
3103 3535 3236 3606 (15),
3264 3535 3543 3589 θάλατταν

1969 3631 2137 3701 μόνην
2180 3628 2408 3699 ὁρῶσιν·
2460 3627 2615 3681 οὐδὲν
2661 3626 2720 3679 δὲ
2754 3624 2965 3690 τούτοις
3011 3625 3186 3695 ὁρίζει
3239 3625 3341 3697 τὴν
3382 3625 3539 3685 θέαν.

1970 3722 2157 3790 Ὅμως
2193 3717 2490 3789 τολμητέον
2550 3716 2651 3784 τὴν
2705 3717 2898 3785 πεῖραν
2926 3730 2939 3745 ·
2990 3712 3115 3769 οὔτε
3176 3716 3284 3783 γὰρ
3337 3715 3533 3768 ἐκεῖνοι

1966 3811 2133 3865 πλοῦν
2188 3809 2485 3863 ἀποκνοῦσι
2515 3826 2526 3840 ·
2577 3809 2716 3877 μήτε
2759 3806 2850 3860 τὸν
2898 3806 3057 3875 λόγον
3100 3808 3278 3877 ἡμεῖς.
3314 3792 3533 3875 Ἐπειδὴ

1965 3904 2075 3973 γὰρ
2112 3900 2304 3955 θᾶττον
2337 3902 2659 3971 ἀπειλήφεις
2685 3904 2753 3957 τά
2791 3904 3068 3974 σκῆπτρα,
3111 3903 3340 3974 πρέπειν
3366 3902 3532 3974 ἠγού·

1968 4012 2130 4063 μενος
2152 3996 2257 4048 πᾶν
2290 3995 2319 4046 ὅ
2350 4011 2401 4047 τι
2425 3994 2577 4047 νόθον
2604 3995 2698 4048 καὶ
2730 3995 3005 4066 βάρϐαρον
3056 3997 3244 4066 πόρρω
3283 3979 3382 4063 τῆς
3434 3993 3533 4062 σῆς

1964 4085 2140 4154 ἀρχῆς
2169 4083 2515 4145 ἀπελαύνειν,
2552 4084 2650 4137 καὶ
2697 4083 2836 4152 μετά
2864 4086 2964 4152 τῆς
3000 4083 3311 4157 ἐλευθερίας
3335 4085 3532 4152 ἐπιφα-

1966 4177 2122 4244 νῆναι
2166 4176 2278 4236 τοῖς
2324 4172 2603 4242 ὑπηκόοις,
2659 4174 2960 4237 ἐπένευσας
3013 4172 3206 4238 ταῦτα,
3261 4174 3533 4243 καὶπρὸς

1965 4266 2140 4336 πέρας
2169 4264 2413 4333 ἀφίκετο.
2442 4265 2652 4332 Ἔγνως
2684 4264 2813 4335 γὰρ,
2844 4265 2920 4329 ὼς
2940 4265 3037 4336 τὴν
3063 4264 3204 4336 ἑῴαν
3225 4262 3394 4334 λῆξιν,
3433 4265 3539 4334 τῆς

1967 4357 2141 4425 ἀρχῆς
2172 4354 2233 4408 τὸ
2266 4355 2589 4426 σεμνότερον
2611 4396 2626 4419 ,
2664 4356 2942 4426 πρόσοικοι
2987 4373 3129 4419 τινες
3169 4356 3532 4425 ὲπετάραττον

301 4443 554 4513 superbis
583 4453 637 4499 et
677 4442 975 4507 ferocibus,
1018 4445 1112 4514 qui
1147 4445 1375 4498 aliorum
1400 4445 1541 4498 bona
1598 4443 1863 4498 infestare

1975 4446 2266 4516 βάρϐαροι,
2309 4446 2499 4513 ἄνδρες
2546 4444 2796 4513 ὑϐρισταὶ
2835 4446 2929 4498 καὶ
2980 4445 3221 4514 θρασεῖς,
3263 4446 3356 4497 καὶ
3403 4444 3533 4513 μίαν

297 4537 457 4592 unice
485 4551 585 4606 pro
607 4536 810 4591 virtute
830 4544 1216 4605 agnoscerent;
1239 4544 1296 4592 et
1330 4537 1546 4607 quidem
1614 4536 1863 4591 celeriter

1975 4534 2165 4605 ἀρετὴν
2204 4533 2402 4596 εἰδότες
2435 4536 2546 4596 τοῖς
2572 4533 2871 4604 ἀλλοτρίοις
2900 4534 3123 4601 ἀγαθοῖς
3155 4531 3491 4587 ἐπιτίθεσθαι
3512 4547 3526 4563 ·

299 4624 630 4695 tngruenles,
660 4626 911 4682 celeriter
949 4640 1165 4696 quoque
1186 4627 1523 4690 recedentes,
1543 4635 1614 4692 et,
1639 4641 1746 4696 quo
1804 4642 1863 4681 se

298 4715 683 4778 contulissent,
721 4714 877 4769 facile
908 4714 1178 4770 latentes:
1212 4716 1412 4784 quippe
1444 4715 1643 4784 quibus
1686 4729 1862 4781 neque

296 4822 452 4881 iocus
468 4823 641 4878 neque
656 4807 791 4865 urbs
802 4807 869 4862 ad
885 4805 1237 4867 habitandum
1254 4807 1476 4862 deliima
1490 4815 1593 4870 est,
1606 4807 1699 4863 sed
1712 4809 1863 4878 quis-

1968 4625 2062 4677 καὶ
2079 4625 2270 4678 θᾶττον
2304 4624 2401 4693 μὲν
2420 4623 2685 4688 ἐπιόντες,
2710 4623 2901 4677 θᾶττον
2920 4623 2975 4676 δὲ
3002 4622 3409 4693 μεθιστάμενοι,
3439 4622 3537 4675 καὶ

1964 4716 2090 4767 ὅποι
2138 4714 2267 4768 ποτε
2298 4713 2401 4781 γῆς
2432 4713 2538 4765 είσι
2570 4712 2767 4783 ῥᾳδίως
2800 4712 3178 4776 λανθάνοντεςο
3201 4706 3283 4776 οἷς
3320 4711 3422 4785 γὰρ
3457 4711 3532 4782 μὴ

1967 4806 2174 4877 χῶρος,
2208 4803 2282 4875 μὴ
2315 4804 2468 4867 πόλις
2507 4804 2586 4867 εἰς
2625 4804 2943 4875 οἰκητήριον
2968 4802 3219 4876 ὥρισται,
3264 4802 3377 4858 ἀλλ’
3405 4802 3533 4872 ὅλην

1598 4978 1832 5036 ΫΑΒΙΔΕ
1863 4979 2036 5034 LECT
2046 4978 2265 5038 IONES.

369 5076 391 5107 ³
415 5075 520 5139 ἀνᾷ
544 5076 693 5141 cod.,
718 5076 974 5132 ἀνατάσει
1001 5074 1146 5144 conj.
1183 5073 1395 5130 Yillois.
1473 5072 1498 5103 ⁸
1524 5072 1654 5143 Leg.
1684 5071 2069 5143 ἐψηφισμένων
2100 5072 2182 5127 vel
2206 5070 2624 5143 ψηφισαμένων.

1455 5185 1679 5245 ΑΝεειι
1703 5185 2136 5244 VILLOISONIS
2158 5184 2388 5241 ΝΟΤΛΕ.

373 5286 482 5355 (Η)
534 5283 797 5355 Ariadna,
846 5301 986 5352 quae,
1009 5284 1276 5340 referente
1318 5284 1569 5339 Cedreno
1614 5299 1667 5351 p.
1728 5284 1855 5349 355,

300 5354 516 5412 vivente
542 5354 785 5419 Zenone,
817 5369 918 5417 suo
969 5357 1144 5425 primo
1183 5356 1399 5425 marito,
1420 5356 1538 5425 jam
1572 5361 1685 5425 tum
1721 5356 1860 5408 Ana-

302 5428 528 5482 stasium
557 5426 798 5494 amabat,
827 5435 887 5494 et
907 5421 984 5478 de'
1004 5440 1109 5494 qua
1135 5441 1186 5478 v.
1222 5424 1320 5494 Cl._
1331 5425 1380 5479 le
1414 5421 1576 5485 Beau,
1620 5421 1859 5494 Histoire

298 5496 371 5548 du
397 5493 694 5564 ,Bas-Emp.
750 5502 790 5549 t.
843 5491 983 5558 VIII,
1015 5491 1065 5561 ᾖ.
1095 5495 1245 5564 ,509;
1292 5492 1613 5563 Thenphan.
1652 5493 1858 5564 p.117,

300 5574 350 5619 et
391 5563 658 5634 Zonaram
693 5564 731 5621 ι.
782 5579 893 5629 xrv,
927 5580 978 5634 p.
1012 5563 1135 5634 511,
1166 5574 1219 5620 et
1274 5582 1326 5634 p.
1361 5565 1471 5619 518
1513 5580 1627 5632 seq.
1654 5563 1856 5631 ’Supra

301 5643 543 5688 nostrum
573 5630 899 5703 ProcOpinm
928 5630 1252 5688 'audiv-imus
1274 5630 1686 5702 praedicantem,
1750 5630 1856 5685 non

302 5704 519 5776 quidem
548 5704 824 5761 Anastasii
865 5704 1061 5775 gentis,
1093 5703 1185 5758 sed
1231 5705 1475 5757 omnium
1521 5717 1730 5766 eorum,
1764 5703 1858 5774 qui

1965 5280 2259 5352 Epidamni,
2278 5280 2391 5352 nati
2417 5277 3033 5352 snnt,_ant_iquis_s_i‘mum
3050 5285 3106 5352 et
3131 5277 3538 5352 nobilissimum

1964 5347 2155 5439 genus.
2189 5351 2251 5405 ν.
2305 5348 2502 5418 Ενοκτ.
2560 5347 2766 5403 Εοειοε.
2819 5347 3025 5404 Hister.
3078 5348 3114 5406 Ι.
3153 5364 3234 5415 ιιι,
3280 5347 3446 5413 c.29,
3478 5365 3536 5419 ι).

1962 5420 2149 5560 ὖοῖίὲ)
2180 5489 2273 5544 Sic
2303 5488 2584 5560 emendavi
2613 5504 2716 5560 pro,
2744 5489 3011 5553 κατάστα,
3048 5488 3195 5559 quod
3222 5489 3277 5544 in
3298 5487 3422 5560 cod.

1963 5560 2169 5683 ﬁgi-3")
2206 5560 2297 5615 Sic
2344 5559 2492 5630 (ἀνά)
2539 5559 2592 5613 ἰιι
2624 5559 2745 5615 cod.
2800 5559 2881 5616 An
2913 5562 3228 5625 ἀναστάσει,
3286 5559 3368 5614 vel
3401 5559 3537 5614 ἀνας

2036 5700 2147 5770 (l5)
2181 5695 2394 5756 Mallem
2429 5697 2840 5771 περιφέροντες.
