3970 6300
360 362 494 431 2805

1276 371 1518 431 PANEG
1533 373 1803 434 YlilCUS
1836 370 1915 431 ΙΝ
1953 372 2110 432 ΙΜΡ.
2144 370 2651 433 ANASTASIUM.

3457 362 3595 427 £836

359 476 588 540 ἕκαστος
621 477 888 543 ἐπάγεται
926 479 1025 547 τὴν
1071 480 1279 546 οἰκίαν,
1322 481 1662 552 αὐτοσχέδιον
1689 481 1928 553 καλύὸην

2035 499 2140 553 que
2166 491 2331 537 totam
2357 483 2574 538 domum
2601 493 2781 535 secum
2807 477 2972 541 velit,
2998 475 3401 529 tumultuariam
3415 489 3594 529 casam

360 567 470 641 ὅπη
496 567 633 639 τύχῃ
667 568 1130 638 συμπηγνύμενος
1164 569 1301 641 (id).
1333 574 1382 625 οί
1419 572 1481 643 δὴ
1529 574 1761 626 τοιοῦτοι
1792 573 1932 638 τίνος

360 659 426 714 ἂν
470 659 790 728 ἀπόσχοιντο
832 658 1064 729 τόλμης.
1107 660 1333 726 Τούτοις
1365 665 1443 727 είς
1482 664 1734 735 ἁρπαγὴν
1764 663 1933 736 πρού-

360 766 539 803 κειντο
570 748 777 812 πόλεις,
799 748 858 801 τὸ
885 750 1016 819 πρὶν
1048 749 1147 819 μὲν
1178 750 1495 821 εὐδαίμονες
1529 754 1621 806 καὶ
1654 753 1930 824 λαμπραὶ,

356 841 477 893 τότε
511 840 568 894 δὲ
596 840 703 894 τῶν
756 836 1093 912 βοηθούντων
1125 842 1237 913 (15)
1262 842 1455 913 ἔρημοι
1484 843 1578 897 καὶ
1622 843 1934 914 συμμαχίας

357 930 718 999 ἐστερημέναι
734 931 900 998 ’καὶὴ
930 931 1026 999 μὲν
1043 929 1241 998 εἴχετο,
1267 933 1298 1001 ἡ
1330 931 1387 985 δὲ
1413 929 1653 1002 ἔμελλεν,
1674 935 1707 1002 ἠ
1731 933 1787 985 δέ
1808 949 1934 1001 μετ-

355 1019 640 1072 ανίστατο·
667 1020 761 1072 καὶ
820 1018 1022 1089 μᾶλλον
1060 1018 1153 1073 τοῦ
1211 1019 1416 1083 πάθους
1443 1022 1470 1073 ὁ
1490 1023 1599 1075 τῶν
1635 1020 1934 1091 μελλόντων

358 1108 516 1175 φόϐος
538 1109 753 1164 ἐλύπει·
774 1110 928 1179 φήμη
954 1108 1010 1163 δέ
1029 1126 1112 1175 τις
1135 1112 1234 1165 οὐκ
1258 1110 1487 1183 εὐτυχὴς
1509 1111 1609 1175 τὰς
1633 1112 1743 1164 τῶν
1761 1111 1936 1166 ἁπάν-

354 1220 463 1252 των
484 1200 713 1255 διέσειεν
742 1202 880 1254 ἀκοὰ
898 1222 929 1266 ·,
966 1202 1053 1255 ἐπ’
1089 1203 1270 1267 ἅλλοις
1293 1203 1427 1258 ἄλλα
1447 1204 1801 1276 διηγουμένη,
1842 1204 1933 1256 καὶ

359 1292 534 1344 πάντα
569 1291 739 1346 δεινά.
788 1287 898 1345 Ἷῐν
941 1291 1050 1362 γὰρ
1088 1292 1306 1345 ἀκούειν
1349 1293 1504 1348 πόλιν
1534 1295 1930 1365 ἁλισκομένην,

356 1377 744 1449 ἁρπαζομένην
768 1379 1135 1447 εὐδαιμονίαν,
1172 1382 1530 1452 ἐλαυνομένας
1555 1385 1821 1450 γυναῖκας
1853 1386 1932 1448 εἰς

356 1467 641 1536 ἀσέλγειαν
663 1469 774 1537 (16)
805 1470 1245 1542 ὴναγκασμένας,
1281 1471 1666 1542 ὑϐριζομένους
1716 1474 1928 1539 παῖδας,

355 1557 710 1628 αἰκιζομένην
738 1560 950 1625 πολιὰν,
972 1563 1269 1635 ἑλκομένην
1286 1564 1396 1634 (17)
1418 1566 1768 1635 νεότητα,καὶ
1794 1582 1932 1633 παρ-

354 1649 540 1714 θένους
580 1651 871 1721 ἀγομένας,
899 1654 958 1705 οὐ
991 1654 1127 1724 πρὸς
1156 1656 1357 1725 εὐτυχῆ
1390 1656 1637 1709 παστάδα
1670 1654 1764 1708 καὶ
1792 1673 1930 1727 νυμ-

2036 573 2348 642 nbicunque
2378 571 2541 626 fuerit
2570 570 2947 637 compingens.
2987 565 3147 621 Tales
3176 580 3306 620 vero
3351 562 3597 618 homines

2033 678 2144 735 quo
2178 660 2420 718 facinore
2470 659 2819 716 abstineant?
2867 654 2960 712 llis
2996 658 3063 711 ad
3117 646 3468 728 praedandum
3505 670 3598 709 ex-

2036 759 2211 826 posita
2241 764 2398 812 erant
2428 752 2626 825 oppida
2669 753 2823 823 prius
2867 750 3140 806 fortunata
3189 757 3244 804 et
3289 744 3596 820 splendida,

2038 856 2150 902 tum
2221 861 2347 901 vero
2403 844 2623 899 auxiliis
2678 842 2939 897 destituta
2997 842 3051 895 et
3103 836 3599 909 propugnatoribus

2037 941 2281 1010 privata;
2314 953 2344 994 e
2376 937 2578 1007 quibus
2610 935 2715 990 hoc
2761 933 2977 1006 quiden
3025 932 3137 1004 jam
3187 942 3406 1002 captum
3457 933 3595 992 erat,

2036 1031 2169 1086 illud
2195 1031 2249 1085 in
2282 1044 2370 1094 eo,
2405 1036 2463 1083 ut
2503 1033 2814 1097 caperetur,
2848 1032 2965 1079 erat
3015 1025 3180 1077 etiam
3225 1037 3255 1076 e
3299 1034 3409 1091 quo
3444 1020 3591 1072 cives

2035 1125 2354 1196 migrarent.
2386 1122 2450 1176 Et
2494 1120 2669 1191 magis
2720 1133 2884 1190 quam
2923 1116 3041 1187 ipsa
3089 1108 3374 1170 calamitas
3430 1109 3598 1165 futuri

2035 1223 2213 1268 metus
2254 1210 2518 1282 angebat;
2553 1223 2743 1263 rumor
2771 1215 2954 1262 autem
3000 1204 3188 1259 infelix
3225 1201 3469 1257 omnium
3502 1213 3600 1250 au-

2037 1319 2124 1360 res
2160 1302 2582 1373 perstringebat,
2607 1299 2709 1353 alia
2739 1313 2906 1367 super
2938 1296 3043 1351 alia
3075 1294 3358 1359 nuntians,
3394 1299 3595 1346 cuneta

2038 1395 2328 1451 torrenda.
2361 1392 2568 1448 Audire
2606 1400 2821 1462 poteras
2866 1389 3056 1445 urbem
3105 1387 3432 1459 expugnari,
3460 1382 3599 1438 divi—

2034 1487 2138 1540 tias
2163 1483 2387 1549 auferri,
2424 1483 2679 1537 mulieres
2710 1480 2822 1551 rapi
2859 1480 2925 1535 ad
2953 1488 3229 1549 stuprum.
3272 1489 3472 1548 pueros
3502 1489 3599 1528 nc-

2035 1576 2196 1631 fande
2231 1574 2478 1641 tractari,
2516 1572 2709 1628 ftedari
2740 1571 3027 1636 canitiem,
3059 1570 3199 1624 trahi
3222 1568 3596 1638 juventutem,

2032 1677 2085 1722 et
2110 1667 2345 1740 virgines
2382 1664 2531 1733 duci,
2564 1681 2674 1719 non
2703 1663 2769 1718 ad
2802 1662 3071 1733 genialem
3112 1661 3312 1715 lectum
3353 1666 3407 1713 et
3434 1656 3601 1710 fortu-

364 1741 484 1808 φίον
548 1742 858 1812 εὐδαίμονα,
916 1744 1056 1797 κατὰ
1112 1745 1211 1808 τὰς
1263 1744 1453 1816 πρώην
1502 1745 1743 1809 ἐλπίδας,
1795 1747 1928 1801 ἀλλὰ

2035 1767 2221 1814 natum
2254 1772 2541 1828 sponsum,
2575 1755 2876 1812 secundum
2908 1766 3034 1824 spes
3061 1762 3221 1809 antea
3278 1755 3597 1819 conceptas.

354 1832 490 1902 πρὸς
520 1831 679 1906 ὕϐριν
708 1830 905 1905 ἐχθροῦ
931 1835 1023 1889 καὶ
1053 1833 1329 1907 βαρϐάρου
1353 1837 1446 1889 καὶ
1478 1837 1637 1920 μέχρι
1668 1837 1766 1906 τῆς
1800 1836 1926 1901 Θέας

2035 1849 2126 1904 sed
2190 1849 2253 1901 ad
2287 1823 2572 1902 libidinem
2626 1847 2800 1901 hostis
2840 1823 3055 1899 barbari
3108 1852 3163 1899 et
3212 1843 3332 1913 ipso
3371 1852 3595 1912 aspectu

352 1923 650 1987 λυποῦντος
672 1941 686 1955 ·
736 1926 915 1979 πάντα
941 1926 1052 1997 γὰρ
1085 1925 1378 1996 προῦκειτο
1409 1927 1639 1990 τούτοις.
1683 1928 1742 1981 ὀ
1768 1928 1822 1981 δὲ
1857 1927 1931 1999 μὴ

358 2014 546 2067 παθὼν
598 2015 792 2086 πρώην
829 2016 931 2087 μὲν
983 2016 1117 2088 μόνη
1145 2019 1211 2088 τῇ
1253 2014 1396 2089 τύχῃ
1424 2019 1584 2089 χάριν
1621 2018 1890 2088 ἠπίστατο
1913 2034 1929 2050 ·

354 2104 451 2156 νῦν
486 2105 542 2156 δὲ
578 2104 637 2158 σὲ
677 2106 876 2170 πάντες
910 2105 1137 2177 ὑμνοῦσι
1181 2107 1319 2177 μετὰ
1360 2107 1585 2177 ταύτης,
1611 2102 1656 2161 ὧ
1684 2106 1929 2178 βασιλεῦ,

353 2197 403 2248 οι
436 2196 534 2264 μὲν
564 2198 587 2228 ⁸
626 2196 714 2249 διὰ
741 2196 802 2250 σὲ
837 2197 911 2267 μὴ
948 2196 1061 2270 (18)
1096 2196 1385 2261 παθόντες,
1420 2201 1467 2253 οί
1501 2199 1559 2254 δὲ
1592 2198 1666 2273 μὴ
1705 2200 1932 2269 προσδο-

366 2284 572 2347 κῶντες
602 2286 765 2339 πάλιν
794 2286 1008 2339 παθεῖν.
1047 2286 1106 2340 Ὀ
1138 2287 1244 2358 γὰρ
1303 2286 1600 2359 βάρϐαρος,
1635 2287 1734 2359 τὴν
1769 2306 1934 2360 προσ-

355 2375 599 2445 ήκουσαν
637 2375 853 2446 πληγὴν
879 2376 1219 2447 δεδεγμένος,
1246 2377 1398 2431 κάτω
1420 2378 1585 2440 νεύει,
1618 2380 1713 2433 καὶ
1737 2379 1933 2434 δεσπό-

351 2482 455 2534 την
491 2465 802 2527 ἐπίσταται,
847 2468 942 2519 καὶ
999 2470 1272 2537 σωφρονεῖ
1301 2468 1374 2538 μὴ
1405 2468 1747 2540 βουλόμενος.
1776 2472 1843 2524 Αἱ
1874 2472 1931 2524 δὲ

353 2557 541 2620 πόλεις
589 2560 700 2613 τῶν
754 2557 1047 2631 δραμάτων
1076 2561 1099 2593 ⁸
1136 2559 1418 2632 ἐλεύθεραι
1444 2577 1458 2591 ο
1502 2560 1597 2615 καὶ
1636 2562 1817 2635 τείχη,
1862 2566 1932 2618 τὰ

355 2653 453 2721 μὲν
479 2653 831 2722 γεγηρακότα
847 2653 1048 2718 νεάζει,
1073 2653 1142 2707 τὰ
1163 2653 1218 2711 δὲ
1242 2654 1337 2708 νῦν
1365 2653 1580 2727 πρῶτον
1604 2656 1928 2711 ἀνίσταται*

350 2744 445 2796 καὶ
475 2743 847 2816 σωφρονοῦσιν
891 2745 947 2799 αἱ
986 2746 1190 2813 πόλεις,
1232 2746 1444 2816 ἀσφαλῆ
1474 2748 1679 2819 κόσμον
1721 2749 1926 2804 ἐπιδει-

351 2834 618 2905 κνύμεναι
641 2839 753 2900 τοϊς
783 2833 1080 2908 βαρϐάροις
1109 2854 1122 2868 '
1155 2838 1393 2910 φρούρια
1417 2840 1474 2893 δέ
1506 2842 1787 2912 πανταχοῦ
1818 2842 1930 2896 τῶν

352 2927 612 2995 ὑπηκόων
637 2926 1025 2999 προὸἐϐληται,
1057 2930 1151 2983 καὶ
1184 2929 1535 3001 στρατιωτῶν
1557 2933 1739 3004 ἡλικία
1769 2933 1929 3007 ῥώμῃ

352 3020 448 3072 καὶ
476 3018 671 3089 πλήθει
703 3020 1248 3097 συμπεφραγμένωνο
1278 3022 1470 3094 ἄνδρες
1506 3025 1657 3097 ἀκμῇ
1694 3026 1927 3092 ζέοντες,

352 3108 445 3162 καὶ
475 3108 766 3179 βλέποντές
796 3128 848 3164 τι
887 3093 1156 3180 νεανικόν,
1178 3110 1284 3166 ’καὶ
1306 3093 1388 3175 ὡς
1408 3110 1474 3168 ἂν
1504 3093 1751 3186 Ὅμηρος
1780 3113 1924 3181 εἷπε,

351 3200 685 3272 θεράποντες
749 3202 954 3274 Ἄρηος
988 3220 1002 3235 ο

352 3292 446 3344 καὶ
475 3290 873 3360 γεγηρακότες,
900 3296 957 3346 ἐν
982 3297 1095 3358 τοῖς
1112 3294 1307 3359 δεινοῖς
1326 3295 1647 3366 ὑπότρομοι,
1680 3299 1776 3351 καὶ
1807 3298 1927 3369 μεθ’

351 3384 382 3450 ή
395 3381 515 3451 μῶν
558 3382 810 3448 δεδιότες,
851 3384 944 3437 καὶ
987 3384 1084 3437 τοῦ
1115 3383 1379 3449 σώζοντος
1413 3385 1613 3456 μᾶλλον
1644 3387 1926 3463 δεόμενοι·

350 3475 445 3528 καὶ
472 3476 683 3545 μάρτυς
709 3479 844 3548 ἡμῖν
863 3475 1095 3547 ἐγγύθεν
1113 3478 1277 3542 αὐτὸς
1304 3479 1439 3548 (19),
1468 3480 1691 3534 τοιαῦτα
1712 3480 1929 3537 διατάτ-

350 3562 549 3635 τωντῷ
575 3563 802 3635 βασιλεῖ,
823 3568 918 3619 καὶ
938 3566 1164 3637 πρέπων
1187 3567 1381 3639 ἐκείνῳ
1402 3570 1538 3639 πρὸς
1559 3570 1744 3640 κοινὴν
1768 3572 1928 3640 εὐερ-

353 3653 541 3720 γεσίαν
573 3656 885 3726 ὑπηρετεῖν.
944 3656 1108 3710 Ὅθεν
1154 3671 1218 3726 γε
1269 3656 1329 3709 σὲ
1375 3658 1587 3727 πατέρα
1619 3659 1803 3720 καλεῖ,
1833 3661 1929 3715 καὶ

353 3743 542 3798 πιστὸν
563 3745 800 3817 ἡγεῖται.
851 3744 945 3798 καὶ
987 3744 1192 3808 πάσαις
1214 3745 1416 3817 ψήφοις
1453 3748 1685 3812 ἐπαινεῖ,
1718 3748 1810 3803 καὶ
1836 3765 1928 3801 τε-

351 3833 599 3903 θαύμακε
618 3835 713 3888 καὶ
741 3832 939 3888 οὖποτε
972 3834 1264 3890 παύσεται.

419 4031 502 4087 fl'.
541 4032 701 4086 Ἀλλά
728 4032 835 4104 γάρ
868 4035 896 4088 ό
928 4033 1105 4102 λόγος,
1170 4035 1259 4089 ἀεὶ
1287 4036 1386 4105 τῆς
1441 4034 1549 4087 τῶν
1587 4034 1928 4104 πραγμάτων

345 4124 668 4188 ἀκολουθίας
698 4125 981 4195 ἐχόμενος,
1041 4125 1234 4200 ὥσπερ
1277 4145 1332 4180 τι
1390 4126 1566 4197 ῥεῦμα
1605 4126 1923 4198 φερόμενον,

345 4212 581 4269 ἐνταῦθά
630 4232 734 4268 που
786 4217 1103 4286 παρήνεγκε
1128 4216 1237 4290 βίᾳ.
1292 4218 1593 4289 Τοιγαροῦν
1646 4219 1929 4273 ἐπανιτέον

343 4305 465 4357 ὅθεν
503 4304 792 4375 ἐξέϐημεν.
853 4305 1089 4376 Ὁμοίως
1139 4308 1248 4379 γὰρ
1303 4308 1535 4376 πρέπειν
1582 4307 1811 4376 ἐλογίσω
1858 4312 1924 4378 τῇ

347 4398 614 4469 μελλούσῃ
640 4398 822 4461 καλῶς
849 4399 998 4471 ἔχειν
1030 4402 1196 4472 ἀρχῇ,
1234 4399 1308 4472 μὴ
1336 4401 1497 4471 μόνον
1527 4398 1633 4452 τῶν
1680 4399 1922 4466 ἀλλοφύο

2035 1940 2185 1995 findi.
2220 1939 2316 1995 liis
2343 1939 2490 1994 enim
2518 1938 2704 1993 omnia
2745 1938 3020 2009 patebant.
3060 1936 3160 2001 Qui
3211 1951 3340 1990 vero
3372 1948 3401 1987 a
3438 1933 3598 1987 malis

2035 2030 2294 2084 immunis
2322 2038 2461 2095 erat,
2513 2029 2560 2084 is
2598 2029 2757 2098 prius
2804 2026 3023 2097 quidem
3061 2025 3161 2081 soli
3213 2024 3447 2080 fortuna:
3474 2038 3599 2094 gra-

2035 2121 2163 2172 tiam
2193 2118 2498 2182 referebat,
2534 2133 2681 2172 nunc
2705 2132 2832 2172 vero
2864 2122 2938 2180 te,
2972 2116 3236 2185 Auguste.
3277 2129 3472 2169 omnes
3504 2128 3601 2167 ca-

2034 2219 2168 2264 mmt
2200 2225 2320 2263 eum
2351 2208 2466 2272 illa,
2503 2209 2590 2262 alii
2633 2216 2686 2263 te
2718 2219 2940 2262 auctore
2987 2206 3125 2260 nihil
3172 2206 3464 2275 patientes,
3500 2204 3593 2257 alii

2035 2299 2279 2367 persuasi
2331 2313 2391 2352 se
2427 2296 2561 2351 nihil
2606 2313 2794 2352 rursus
2836 2310 3093 2367 passuros
3132 2310 3272 2351 esse.
3324 2292 3600 2349 Barbarus

2031 2389 2176 2443 enim
2208 2389 2432 2443 vulnere
2477 2388 2671 2442 merito
2706 2396 2931 2457 accepto
2959 2386 3153 2442 oculos
3209 2386 3506 2449 submittit,
3547 2395 3603 2441 et

2031 2480 2314 2533 dominum
2357 2479 2627 2549 agnoscit,
2669 2486 2723 2532 et
2755 2476 3001 2532 modeste
3035 2476 3146 2548 agit
3174 2476 3423 2548 quamvis
3463 2477 3604 2531 invi-

2034 2583 2158 2636 tus;
2195 2575 2360 2626 urbes
2385 2578 2566 2624 autem
2603 2569 2863 2624 aerumnis
2897 2569 3081 2624 liberae
3103 2576 3261 2635 sunt;
3295 2578 3349 2625 et
3377 2571 3602 2632 muenia,

2033 2677 2152 2733 quae
2180 2668 2584 2717 consenuerant
2613 2662 3000 2731 juvenescunt,
3042 2661 3149 2715 alia
3177 2676 3328 2716 nunc
3362 2661 3601 2731 primum

2032 2751 2388 2816 exoriuntur;
2427 2749 2679 2805 civitates
2705 2750 2953 2804 modeste
2980 2758 3171 2821 agunt,
3207 2764 3465 2806 securum
3506 2765 3602 2804 or-

2033 2849 2220 2896 natum
2254 2842 2605 2911 ostendentes
2643 2841 2927 2907 barbaris;
2979 2841 3207 2896 castella
3257 2841 3461 2912 ubique
3501 2856 3601 2911 0p:-

2032 2933 2208 3004 posila
2247 2943 2376 2987 sunt
2421 2933 2488 2986 ad
2544 2933 2778 2987 tuendos
2827 2932 3210 3002 provinciales,
3264 2942 3320 2988 et
3370 2934 3603 2988 militum

2027 3023 2287 3090 juventus
2315 3020 2510 3074 robore
2536 3028 2590 3074 et
2618 3021 2972 3075 multitudine
3018 3021 3223 3076 inunita
3258 3039 3273 3075 :
3308 3021 3409 3076 viri
3447 3030 3607 3077 aetate

2033 3110 2310 3176 ﬂorentes,
2347 3116 2400 3165 et
2447 3117 2661 3165 torvum
2695 3112 2993 3177 intuentes,
3047 3120 3124 3179 et,
3170 3112 3445 3183 quomodo
3490 3110 3605 3166 llo-

1060 3204 1158 3274 οὐχ
1201 3202 1394 3275 ὥσπερ
1437 3203 1631 3276 πρώην
1679 3207 1927 3272 ἀσθενεῖς

2035 3218 2218 3259 merus
2256 3202 2425 3266 dicat,
2463 3198 2651 3256 Martis
2682 3204 2946 3259 satellites
2981 3222 2996 3259 :
3028 3219 3135 3258 non
3167 3213 3228 3259 ut
3264 3212 3422 3259 antea
3450 3205 3601 3258 intir-

2032 3295 2128 3357 mi,
2178 3300 2232 3347 et
2287 3293 2440 3347 senio
2484 3290 2745 3358 confecti,
2799 3292 2851 3345 in
2900 3292 3068 3348 rebus
3105 3293 3318 3362 asperis
3360 3299 3603 3347 tremen-

2031 3396 2133 3453 tes,
2162 3393 2214 3441 et
2241 3384 2523 3441 nobiscum
2560 3385 2755 3438 timore
2785 3385 3046 3453 perculsi,
3075 3392 3129 3440 et
3155 3385 3258 3455 ipsi
3293 3399 3604 3458 propugna-

2031 3486 2149 3531 tore
2197 3476 2524 3545 indigentes.
2576 3473 2640 3529 Et
2687 3474 2845 3530 testis
2889 3476 3050 3531 nobis
3081 3491 3247 3547 prope
3278 3476 3434 3531 adest
3488 3478 3606 3546 ipse

2029 3568 2325 3630 exercitus.
2376 3566 2610 3637 principi
2647 3566 2774 3620 talia
2833 3566 3143 3635 perﬁciens,
3184 3574 3239 3623 et
3290 3581 3605 3623 accommo-

2028 3664 2189 3716 datus
2225 3661 2431 3715 servire
2460 3660 2537 3713 illi
2570 3658 2637 3712 ad
2681 3674 3029 3714 communem
3078 3659 3335 3715 .salutem
3394 3674 3599 3731 augen-

2028 3753 2171 3809 dam.
2214 3754 2393 3819 Qnare
2439 3759 2491 3806 te
2521 3761 2727 3821 patrem
2765 3750 3021 3820 appellat,
3056 3757 3110 3806 et
3142 3750 3238 3806 tibi
3270 3750 3517 3812 conlidit.
3549 3762 3604 3806 et

2032 3860 2139 3897 uno
2166 3857 2261 3897 ore
2296 3842 2500 3906 laudat,
2535 3851 2588 3896 et
2609 3840 2936 3907 admiratur,
2955 3852 3008 3897 et
3036 3854 3314 3912 nunquam
3341 3840 3602 3897 admirari

2028 3933 2263 3988 desinet.

2098 4024 2234 4079 VIII.
2278 4024 2381 4079 Sed
2419 4023 2623 4087 oratio,
2671 4037 2888 4093 semper
2927 4039 3109 4079 rerum
3154 4025 3352 4081 seriem
3414 4039 3604 4095 proso-

2029 4130 2175 4183 cuta,
2207 4116 2364 4188 quasi
2392 4113 2636 4170 ﬂuminis
2670 4117 2717 4169 vi
2762 4116 2869 4170 huc
2897 4115 3077 4171 delata
3111 4124 3235 4197 est;
3261 4116 3603 4172 redeundum

2030 4214 2193 4284 igitur
2217 4214 2361 4269 unde
2395 4212 2632 4282 digressi
2660 4227 2874 4267 sumus.
2916 4211 3182 4267 Similiter
3210 4213 3355 4267 enim
3388 4211 3455 4266 ad
3499 4213 3604 4265 im-

2030 4305 2242 4373 perium
2294 4305 2433 4359 bene
2482 4301 2929 4358 constituendum
2981 4313 3236 4373 oportere
3270 4302 3601 4357 existimasti

2032 4412 2138 4451 non
2170 4394 2345 4448 solum
2386 4410 2415 4447 a
2451 4394 2758 4464 peregrinis
2797 4393 2847 4447 id
2881 4402 3168 4464 purgatum
3195 4409 3338 4459 esse,
3373 4401 3428 4449 et
3462 4393 3600 4449 libe—

342 4488 449 4539 λων
483 4488 843 4558 κεκαθάρθαι,
877 4489 970 4543 καὶ
994 4488 1104 4542 τῶν
1129 4489 1337 4542 ἐκεῖθεν
1363 4489 1665 4558 ἀφεστάναι
1693 4488 1907 4552 δεινῶν,

2035 4495 2207 4539 ratum
2241 4483 2397 4538 malis
2447 4483 2572 4536 inde
2624 4483 2997 4549 nascentibus,
3048 4482 3141 4536 sed
3177 4474 3377 4548 etiam,
3403 4481 3449 4536 si
3481 4497 3602 4552 qua)

343 4578 478 4632 ἀλλὰ
505 4581 618 4645 καὶ,
653 4582 710 4634 et
734 4597 788 4633 τι
829 4579 996 4653 μέρος
1022 4580 1197 4652 αὐτῆς
1232 4580 1422 4634 νοσοῦν
1476 4583 1627 4636 ἐστιν
1672 4581 1774 4654 ἤδη
1825 4582 1920 4635 καὶ

2029 4578 2202 4649 Ipsius
2239 4591 2366 4648 pars
2391 4574 2640 4630 merbida
2679 4580 2827 4631 esset
2855 4583 2909 4629 et
2936 4575 3206 4643 ulcerosa,
3236 4580 3401 4647 atque
3431 4590 3468 4630 θ.
3495 4589 3595 4629 eae-

1609 4756 1844 4814 VARDE
1883 4756 2173 4812 ιειιτιυΝ
2183 4754 2284 4808 ES.

426 4849 511 4904 ὀἱ
539 4851 698 4924 δὲμὴ
724 4852 810 4908 ed.
902 4853 925 4885 ⁸
952 4850 1292 4923 πραγμάτων
1314 4853 1458 4922 cenj.
1492 4852 1555 4904 11.
1582 4866 1682 4921 pro
1711 4851 2061 4923 δραγμάτων.

1489 4988 1714 5046 ANSSll
1744 4984 2185 5048 VlLLOlSONiS
2215 4982 2448 5046 NOTAE.

407 5084 519 5153 tu)
552 5085 636 5138 Cf.
696 5084 779 5140 Cl.
842 5085 890 5140 le
921 5084 1088 5150 Beau,
1115 5084 1352 5141 Histoire
1391 5085 1463 5138 du
1517 5085 1812 5155 Bas-Emp.
1860 5094 1904 5141 t.

337 5155 470 5219 Vlll,
508 5170 559 5222 p.
592 5155 714 5214 539.
750 5169 865 5222 seq.
898 5157 1071 5220 Quam
1104 5156 1326 5221 quidem
1359 5158 1624 5210 adversus
1656 5155 1909 5212 Scenitas

335 5224 734 5295 expeditionem
764 5226 832 5279 ad
856 5241 1063 5280 annum
1078 5225 1204 5285 4:98.
1227 5227 1392 5295 refert
1422 5226 1586 5280 idem.
1610 5224 1681 5295 κν.
1710 5226 1904 5294 Evagr.

336 5293 538 5367 Hister.
570 5293 865 5367 ecclesiast.
905 5297 943 5351 i.
976 5311 1064 5367 ut.
1094 5310 1145 5348 c.
1184 5294 1281 5362 56,
1323 5310 1377 5365 p.
1409 5295 1535 5350 366.
1581 5294 1905 5367 Tlieopban.

336 5367 389 5418 in
420 5364 846 5434 Chonographia,
879 5379 932 5433 ρ.
967 5364 1089 5418 121.

405 5434 517 5504 (lii)
544 5432 683 5504 Diale
712 5435 769 5487 in
795 5432 918 5488 cod.
953 5432 1280 5504 βηθούντων.

407 5502 517 5571 (16)
554 5502 665 5556 Hoc
691 5505 773 5558 sic
794 5502 1042 5560 imitatur
1067 5504 1355 5560 Cborieius
1387 5503 1633 5561 Oration.
1687 5506 1740 5560 in
1766 5522 1912 5560 smn-

337 5588 481 5642 mum
517 5572 724 5636 ducem,
780 5574 924 5642 apud
977 5574 1192 5630 Fabric.
1248 5573 1503 5628 Biblioth.
1561 5574 1731 5631 Graec.
1798 5577 1911 5631 vol.

339 5641 472 5716 _Vlit,
495 5658 564 5716 _p.
743 5660 759 5697 :
799 5641 876 5696 Οὐ
901 5643 1170 5716 γὰρ-ἐστι,
1202 5645 1658 5716 γλυκεῖανὴᾶγειν
1689 5646 1913 5716 εἰρήνην

339 5712 545 5782 ὑποψίᾳ.
585 5713 824 5782 πολέμου
850 5730 862 5743 ·
901 5715 935 5782 ἡ
977 5712 1085 5781 γὰρ
1130 5713 1284 5776 ἐλπὶς
1327 5712 1571 5769 εἰσιοῦσα
1612 5715 1703 5768 τὸν
1742 5712 1911 5782 ’λογι-

339 5783 494 5851 cum,
524 5781 650 5836 κᾶν
700 5781 957 5854 βούληταί
1011 5800 1093 5846 τις
1144 5784 1305 5846 αὐτὸς
1370 5784 1560 5839 ἑαυτὸν
1618 5781 1907 5855 ἀπατήσας

2013 5087 2364 5155 ψυχαγωγεῖν
2410 5084 2548 5154 αὕτη
2590 5078 3054 5155 παρακαθημένη,
3102 5082 3203 5155 κοιλἐ
3244 5080 3471 5155 θύουσα,
3499 5073 3598 5155 καὶ

2017 5151 2265 5225 ᾡοόερὰς
2302 5151 2720 5209 ἀναπλάττουσα
2770 5151 3092 5220 φαντασίας,
3137 5151 3314 5221 γῆρας
3343 5151 3598 5217 οὐδαμῶς

2014 5227 2361 5296 ἐλεούμενον,
2387 5223 2976 5296 κόρηνΜριζομένην,
3008 5220 3301 5296 ἑλκόμενον
3346 5222 3425 5282 είς
3471 5220 3598 5296 δον-

2017 5277 2483 5357 iudiearem“,
2510 5277 2522 5294 ’
2549 5277 2826 5360 ἀγομένην
2892 5277 2972 5344 Exi
3034 5277 3594 5360 naetd50;_juvat’xa

2018 5384 2073 5420 κ.
2108 5384 2158 5418 τ.
2189 5365 2238 5417 λ.
2273 5364 2496 5419 Scilicet
2528 5379 2560 5418 e
2592 5358 2866 5419 communi
2898 5362 3046 5416 fonte
3078 5363 3139 5416 ll'.
3170 5378 3242 5419 nt.
3272 5358 3396 5413 692.

2090 5435 2201 5505 (17)
2238 5434 2329 5488 Sie
2355 5436 2419 5487 ad
2443 5435 2739 5505 marginem
2767 5433 3116 5487 mnendatqu
3144 5433 3240 5485 καὶ
3266 5428 3591 5499 ἑλκομένην,

2020 5506 2074 5558 in
2102 5503 2256 5557 textu
2300 5503 2601 5573 ἐλωμένην.

2096 5574 2206 5643 (18)
2267 5568 2429 5627 Prius
2459 5568 2559 5641 μὴ,
2612 5580 2670 5624 ιιι
2712 5586 3131 5643 supervacuum,
3187 5569 3320 5643 mihi
3380 5568 3594 5643 videtur

2020 5636 2353 5707 tenendum;
2413 5636 2531 5696 ni'si'
2562 5650 2746 5697 vertas
2774 5636 2798 5694 ξ
2822 5642 2925 5707 Qui
2957 5658 3060 5697 non
3115 5642 3262 5710 passi
3312 5648 3454 5704 sunt,
3496 5636 3592 5690 tibi

2024 5713 2228 5771 debent.
2252 5712 2388 5779 quod
2421 5712 2551 5766 nihil
2583 5714 2825 5783 perpessi
2838 5714 3057 5783 fuerint.

2090 5784 2202 5853 (l9)
2240 5783 2430 5847 Αὐτός.
2468 5785 2547 5837 An
2578 5785 2605 5837 ὁ
2637 5782 2907 5854 στρατόςῖ
