3970 6300
320 400 457 463 2809

1241 413 1772 479 PANEGYRICUS
1803 419 1886 481 IN
2114 420 2622 483 ANASTASIUM.

3427 420 3567 484 2510

503 508 643 579 (26),
694 512 890 578 σώζειν
947 515 1204 572 ἐκέλευε·
1255 522 1350 575 καὶ
1396 523 1616 579 διπλοῦν
1658 526 1873 597 ἔστησας

2003 529 2156 599 prius
2185 532 2443 587 vincitur.
2480 533 2709 590 Vincere
2736 533 2879 589 enim
2917 534 3112 591 hostes
3146 532 3378 589 fortasse
3402 535 3566 588 etiam

317 597 600 667 τρόπαιον,
635 600 728 653 τοῦ
775 603 1032 676 δευτέρου
1068 607 1329 674 νικῶντος
1380 612 1441 665 τὸ
1467 614 1761 686 πρότερον.
1814 616 1889 669 Τὸ

323 686 421 756 μὲν
444 687 555 759 γὰρ
588 693 864 763 κρατῆσαι
890 694 1193 766 πολεμίων,
1237 700 1365 765 ἴσως
1394 701 1460 756 ἂν
1482 705 1575 758 καὶ
1599 704 1769 776 τύχης
1795 706 1889 774 γέν

314 793 458 831 νοιτο
491 779 662 851 μόνης
692 798 707 813 ο
739 781 800 836 τὸ
822 785 878 837 δὲ
906 787 1020 850 τοῖς
1046 787 1411 859 προλαϐοῦσιν
1437 793 1703 848 ἀκόλουθα
1725 812 1892 866 προσ-

316 866 485 924 θεῖναι
516 871 581 924 τὰ
607 872 855 945 δεύτερα,
885 875 1045 932 τοῦτο
1069 881 1162 934 καὶ
1184 882 1283 952 τὴν
1317 884 1418 953 τῆς
1470 886 1648 957 μάχης
1698 887 1892 942 ἐπεκὰ-

315 973 501 1028 σμησε
528 960 704 1031 νίκην,
721 965 816 1018 καὶ
850 967 1022 1039 μόνης
1045 970 1243 1041 ἀρετῆς
1266 973 1423 1028 τοῦτό
1450 991 1515 1044 γε
1545 976 1607 1029 τὸ
1628 978 1904 1047 τρόπαιον,

313 1050 424 1120 Οὐχ
460 1050 646 1123 ῶσπερ
668 1055 936 1122 Φίλιππος
968 1061 997 1112 ὁ
1024 1060 1293 1117 Μακεδὼν
1308 1065 1480 1130 ὅντως
1504 1067 1615 1138 (27)
1641 1069 1737 1122 καὶ
1760 1068 1892 1139 βάρ-

312 1139 478 1210 ϐαρος
512 1144 607 1197 καὶ
638 1147 757 1208 ταῖς
822 1146 1166 1218 Ἑλληνικαῖς
1214 1158 1520 1225 συμφοραῖς
1565 1157 1890 1228 ὲνακμάζων

307 1230 493 1305 ἀπάτῃ
520 1234 615 1288 καὶ
645 1236 784 1308 δόλῳ
834 1237 929 1292 δύο
962 1242 1059 1294 καὶ
1084 1244 1379 1313 τριάκοντα
1410 1247 1746 1313 Χαλκιδικὰς
1792 1250 1890 1303 πό-

305 1320 420 1385 λεις
447 1324 603 1390 ἑλὼν,
631 1326 802 1392 οὕτως
839 1329 1047 1396 ἀνεῖλες
1078 1333 1265 1404 ὠμῶς,
1292 1337 1371 1399 ὡς
1417 1337 1691 1392 διαλαθεῖν
1716 1341 1764 1393 εί
1788 1357 1887 1408 γε-

304 1415 496 1481 γόνασι
525 1417 760 1488 πρόσθεν
786 1435 803 1451 ⁶
837 1424 932 1477 καὶ
967 1426 1158 1479 σιωπῶ
1177 1428 1304 1491 τοὺς
1337 1430 1687 1498 σοφωτάτους
1737 1433 1888 1504 Ἀθη-

302 1508 512 1573 ναίους,
541 1510 691 1575 ὅπως
729 1513 978 1583 Μηλίους
1035 1518 1131 1570 καὶ
1196 1518 1527 1584 Σκιωναίους
1560 1523 1581 1554 ⁹
1607 1522 1883 1593 διέθηκαν.

299 1598 376 1651 Σὺ
410 1598 489 1666 δὲ,
521 1600 739 1669 δικαίας
771 1605 1033 1679 ἀφορμὰς
1059 1612 1158 1681 τῆς
1190 1611 1332 1666 κατὰ
1386 1613 1496 1667 τῶν
1551 1615 1885 1670 ἀδικούντων

299 1690 468 1762 ὀργῆς
501 1693 761 1766 εἰληφὼς,
797 1698 897 1769 οὐχ
942 1699 1117 1766 οὔτως
1180 1704 1471 1775 μετῆλθες,
1503 1700 1549 1761 ὧ
1607 1707 1832 1778 βασιλεῦ
1863 1724 1879 1738 ⁸

298 1784 435 1849 ἀλλ’,
475 1779 565 1838 οἷα
591 1787 765 1858 πατὴρ
798 1790 1004 1856 ἀγαθὸς
1034 1792 1170 1861 (28;,
1230 1794 1306 1859 ὡς
1359 1799 1585 1852 σεαυτὸν
1637 1799 1874 1864 ἐκάλεις,

299 1879 603 1944 σωφρονεῖν
644 1879 804 1946 μόνον
832 1882 1150 1948 παιδεύσας,
1183 1886 1277 1939 καὶ
1311 1887 1465 1941 πόλιν
1520 1889 1631 1959 (29)
1666 1861 1874 1954 ἐδίδου-ς
1911 1861 1950 1918 Β

293 1966 362 2035 ἦν
400 1968 564 2033 αὐτὸς
596 1970 1057 2045 ἐδημιούργησας,
1100 1978 1194 2030 καὶ
1252 1978 1437 2050 χώραν
1490 1981 1783 2053 εὐδαίμονα
1824 1983 1868 2015 ¹⁰

293 2058 387 2111 καὶ
423 2059 518 2112 νῦν
539 2060 768 2127 δεόντως
802 2066 1040 2136 χρῶνται
1058 2070 1124 2141 τῇ
1158 2069 1267 2141 (50)
1302 2070 1511 2143 Ῥώμῃ,
1537 2076 1629 2127 καὶ
1650 2074 1760 2127 τῶν
1779 2075 1878 2129 ἀλ-

290 2147 404 2202 λων
447 2150 660 2223 (ὅθ-51)
704 2156 1122 2227 προϐέϐληνται.
1179 2160 1413 2230 Πρέπων
1461 2157 1615 2228 οὗτος
1669 2165 1880 2235 βασιλεῖ

291 2242 499 2310 κόσμος
548 2246 643 2299 καὶ
694 2248 876 2319 πάσης
907 2251 1170 2320 κρείττων
1199 2254 1434 2317 ἐλπίδος.
1460 2257 1568 2309 Καί
1595 2275 1685 2327 μοι
1704 2257 1880 2323 δοκεῖς

302 2330 654 2406 Ἀλέξανδρον
683 2337 894 2391 ἐκεῖνον
920 2338 1183 2412 βασιλικῷ
1203 2348 1508 2415 φρονήματι
1541 2349 1830 2419 παρελθεῖν
1864 2368 1876 2381 ’

288 2423 367 2487 ὃς.
388 2425 575 2497 ἐπειδὴ
599 2427 692 2481 τὸν
728 2429 887 2483 Ἰνδὸν
913 2435 1139 2503 νικήσας
1160 2431 1273 2506 εἶχε
1308 2437 1421 2509 (52)
1452 2440 1517 2509 τῇ
1548 2441 1715 2512 μάχῃ,
1743 2442 1880 2511 σύμ-

288 2517 482 2571 ϐουλον
508 2518 654 2590 αὐτῷ
684 2523 978 2594 ἐπεποίητο
1005 2526 1096 2579 τὸν
1125 2528 1405 2601 πολέμιον,
1423 2532 1568 2596 ὅπως
1598 2533 1746 2603 αύτῷ
1772 2534 1879 2588 δέοι

287 2608 597 2678 κεχρῆσθαι
626 2628 641 2643 ’
698 2613 792 2666 τοῦ
826 2614 883 2668 δε
914 2634 931 2666 ι
975 2618 1270 2687 βασιλικῶς
1303 2638 1324 2670 ι
1377 2622 1643 2687 εἰπόντος,
1691 2626 1878 2696 ἠρώτα

289 2699 365 2767 μή
396 2715 447 2752 τι
482 2700 829 2770 προστιθέναι
874 2705 1058 2774 μέλλει
1089 2710 1156 2780 τῇ
1211 2709 1523 2783 συμϐουλῇ·
1568 2712 1645 2775 ὡς
1689 2714 1747 2767 δὲ
1802 2715 1868 2768 δι’

286 2791 411 2855 ἐνὸς
455 2793 700 2863 ῥήματος
745 2798 927 2852 πᾶσαν
1131 2800 1231 2872 τὴν
1271 2803 1473 2874 ἀρετὴν
1515 2805 1867 2874 δεδηλῶσθαι,

286 2882 583 2950 αἰδεσθεὶς,
618 2880 794 2957 οἶμαι,
826 2889 925 2960 τὴν
958 2893 1301 2963 παραίνεσιν,
1328 2895 1460 2955 ἴσως
1505 2895 1655 2949 ἄκων
1713 2894 1867 2965 ὤφθη

285 2972 697 3045 φιλάνθρωπος.
730 2979 802 3032 Σὺ
857 2980 913 3033 δὲ
948 2981 1110 3049 φύσει
1165 2982 1227 3036 τὸ
1271 2983 1433 3038 καλὸν
1483 2985 1870 3055 ἐπιστάμενος,

1994 638 2092 691 per
2113 623 2283 678 solam
2316 623 2590 680 fortunam
2634 627 2963 698 contigerit;
2995 628 3088 683 sed
3120 627 3395 698 prioribus
3425 626 3566 691 ahe-

1995 728 2053 767 ra
2086 713 2341 783 adjicere,
2389 715 2494 772 hoc
2531 732 2727 787 pugna:
2758 717 3046 772 victoriam
3086 728 3271 782 ornat,
3312 724 3369 774 et
3398 718 3565 774 unius

1995 804 2214 861 virtutis
2268 806 2371 861 hoc
2420 813 2686 877 tropaeum
2740 816 2845 864 est.
2899 808 3043 877 Non,
3101 808 3561 880 quemadmodum

1995 892 2300 965 Philippus,
2330 912 2454 952 vere
2494 896 2717 953 Macedo
2749 907 2804 953 et
2834 899 3124 964 barbarus,
3160 909 3216 955 et
3243 899 3558 956 Grazcorum

1993 981 2398 1038 calamitatibus
2445 983 2666 1053 ﬂorens,
2717 985 2911 1043 fraude
2960 1000 3014 1043 et
3061 987 3188 1044 dolo
3232 987 3559 1059 expugnatis

1992 1073 2212 1128 duobus
2239 1081 2294 1129 et
2320 1075 2547 1147 triginta
2577 1077 2795 1150 oppidis
2830 1064 3180 1148 Chalcidicis,
3212 1080 3293 1135 sic
3321 1082 3561 1136 crudeli-

1992 1171 2077 1216 ter
2122 1162 2251 1220 illos
2300 1167 2615 1232 sustulisti,
2658 1176 2718 1222 ut
2756 1170 3025 1225 incertum
3076 1170 3184 1237 sit,
3215 1187 3343 1226 num
3399 1181 3557 1227 antea

1993 1252 2215 1308 fuerint.
2263 1254 2444 1311 Taceo
2483 1258 2920 1327 sapientissimos
2977 1259 3370 1329 Athenienses,
3415 1280 3558 1334 quo-

1992 1344 2151 1400 modo
2223 1344 2511 1403 Melieuses
2558 1358 2613 1403 et
2672 1348 3003 1405 Sciouenses
3055 1353 3427 1407 tractaverint.
3474 1351 3556 1407 Τιι

1988 1451 2141 1502 vero,
2173 1452 2334 1507 quem
2380 1438 2447 1493 ad
2494 1438 2628 1494 iram
2659 1440 2925 1497 adversus
2957 1443 3143 1498 hostes
3168 1443 3329 1512 iusta:
3369 1446 3557 1514 impel-

1989 1525 2173 1580 lehant
2231 1540 2429 1596 causan,
2491 1544 2601 1584 non
2673 1530 2856 1596 talem,
2924 1532 3243 1600 imperator,
3296 1532 3553 1601 ultionem

1988 1617 2293 1686 sumpsisti.
2331 1617 2435 1673 Sed
2466 1619 2925 1689 quemadmodum
2956 1628 3112 1692 pater
3134 1621 3331 1689 bonus,
3361 1634 3419 1676 ut
3439 1625 3556 1693 ipse

1987 1715 2041 1761 te
2071 1707 2403 1776 appellabas,
2446 1715 2656 1763 tantum
2689 1710 2938 1767 modeste
2965 1726 3124 1782 agere
3163 1725 3259 1766 eos
3294 1712 3555 1779 docuisti,

1986 1807 2038 1852 et
2066 1798 2251 1852 urbem
2284 1814 2311 1852 a
2345 1807 2397 1854 te
2439 1799 2759 1855 aediﬁcatam
2812 1801 3025 1857 donasti
3070 1810 3123 1856 ct
3153 1804 3426 1873 regionem
3471 1804 3552 1857 fe-

1980 1888 2240 1943 cundam.
2294 1887 2360 1944 Et
2389 1890 2523 1960 jam,
2572 1898 2631 1945 ut
2685 1899 2924 1961 oportet,
2956 1882 3279 1947 fortitudine
3301 1903 3548 1959 utuntur,

1980 1987 2032 2032 ct
2071 1979 2208 2034 alios
2253 1990 2565 2051 protegunt.
2618 1980 2782 2036 Decet
2831 1982 2920 2036 hic
2954 1983 3336 2051 imperatorem
3386 1999 3550 2037 orna-

1979 2080 2067 2125 tus
2129 2080 2184 2125 et
2253 2073 2399 2126 omni
2456 2087 2554 2142 spe
2617 2072 2791 2141 major
2854 2081 2957 2127 est.
3020 2071 3085 2125 Et
3169 2072 3300 2126 mihi
3349 2072 3550 2127 videris

1981 2165 2345 2219 Alexandrum
2370 2165 2520 2218 illum
2540 2166 2719 2219 animo
2753 2164 2902 2234 regio
2925 2179 3218 2233 superare;
3251 2164 3363 2234 qui,
3403 2173 3551 2234 post-

1982 2273 2145 2327 quam
2198 2257 2386 2311 lndum
2425 2272 2605 2327 pugna
2651 2257 2877 2321 vicerat,
2939 2255 3150 2310 hostem
3205 2257 3547 2324 consulebat,

1983 2348 2256 2417 quomodo
2290 2362 2350 2402 se
2387 2348 2612 2401 tractari
2650 2343 2968 2417 oporteret?
2993 2359 3103 2415 quo
3141 2345 3544 2413 respondente:

1988 2456 2006 2489 ι
2047 2437 2247 2507 ltegie,
2285 2456 2304 2489 ι
2360 2438 2556 2491 iterum
2591 2437 2892 2506 qiizerebat,
2945 2452 3073 2489 num
3122 2436 3251 2505 quid
3311 2434 3548 2503 adjicere

1979 2530 2139 2584 vellet
2197 2530 2327 2583 huic
2373 2530 2644 2583 consilio?
2692 2529 2825 2582 Cum
2873 2544 3001 2583 vero
3052 2530 3099 2582 is
3131 2545 3238 2582 uno
3279 2529 3445 2582 verbo
3488 2545 3548 2584 se

1978 2620 2427 2674 totamxirtutcm
2462 2619 2740 2673 indicasse
2775 2618 3001 2683 diceret,
3026 2628 3230 2682 motus,
3264 2626 3413 2687 puto,
3450 2634 3549 2672 ex-

1979 2710 2309 2765 hortationis
2339 2707 2567 2780 pudore,
2600 2706 2834 2762 fortasse
2880 2707 3086 2762 invitus
3125 2707 3422 2763 humanum
3469 2708 3547 2763 illi

1978 2817 2037 2857 se
2079 2802 2333 2871 praebuit.
2361 2800 2442 2853 Tu
2474 2814 2604 2853 vero
2625 2814 2691 2852 ex
2723 2800 2941 2870 ingenio
2968 2808 3062 2853 tuo
3080 2799 3292 2869 pulchri
3318 2815 3546 2870 gnarus,

1980 2892 2201 2962 proprio
2227 2906 2360 2945 usus
2387 2905 2447 2945 es
2476 2889 2730 2944 consilio.
2762 2889 2826 2942 Et
2852 2891 2993 2958 grati
3028 2899 3157 2944 sunt
3189 2891 3338 2957 victi,
3367 2899 3419 2944 et
3443 2892 3549 2945 hoc

1981 2997 2150 3036 unum
2178 2981 2388 3042 dolent,
2432 2979 2594 3034 talem
2624 2994 2653 3032 a
2689 2994 2748 3035 se
2784 2980 2971 3034 laesum
3011 2996 3154 3035 esse.

286 3064 506 3119 οἴκοθεν
565 3063 711 3139 εἶχες
758 3070 858 3139 τὴν
909 3071 1260 3145 συμϐουλήν⁵
1317 3076 1414 3132 κα).
1470 3079 1632 3152 χάριν
1690 3078 1871 3132 ἴσασιν
1910 3074 2254 3146 ἡττηθέντες,
2283 3069 2460 3143 οἶμαι,
2512 3071 2605 3125 καὶ
2649 3070 2776 3142 μίαν
2809 3069 3068 3140 ἡγοῦνται
3147 3070 3433 3142 συμφορὰν
3488 3077 3550 3131 τὸ

284 3160 535 3215 τοιοῦτον
562 3162 689 3218 ὅντα
719 3164 1110 3237 λελυπηκέναι.

356 3253 466 3310 IA'.
499 3251 668 3326 Οἶμαι
698 3259 796 3329 μὲν
830 3256 925 3313 οὖν
958 3264 1007 3315 εἰ
1054 3263 1149 3316 κα).
1183 3262 1321 3332 μόνα
1353 3263 1526 3318 ταῦτα
1559 3266 1739 3335 λέγειν
1796 3260 1864 3337 ἦν

2047 3257 2141 3312 XI.
2173 3256 2351 3312 Credo
2377 3251 2653 3322 equidem,
2683 3250 2729 3305 si
2775 3249 2889 3304 haec
2918 3257 3127 3303 tantum
3174 3248 3403 3304 dicenda
3452 3250 3550 3303 ha-
3580 3268 3585 3275 ν

284 3346 434 3416 ἐμοὶ,
468 3350 604 3419 πρὸς
638 3351 823 3406 ἱκανὸν
863 3354 1038 3424 πέρας
1073 3355 1302 3425 ἀφῖχθαι
1332 3357 1424 3410 τὸν
1452 3358 1630 3425 λόγον,
1671 3360 1763 3412 καὶ
1804 3359 1867 3411 οὑ

287 3437 530 3508 μετρίως
558 3442 672 3504 τοῖς
686 3443 1001 3514 εἰρημένοις
1035 3445 1455 3517 φιλοτιμεῖσθαι.
1490 3448 1626 3502 Νυνὶ
1653 3449 1711 3502 δὲ
1733 3450 1868 3519 πρὸς

283 3534 384 3600 τὴν
424 3532 522 3584 τοῦ
556 3532 824 3603 βασιλέως
852 3535 1054 3609 ἀρετὴν
1115 3537 1551 3605 φιλονεικοῦντες
1607 3540 1658 3592 οἱ
1718 3539 1867 3608 λόγοι

281 3624 459 3676 δεινὸν
500 3625 762 3695 ἡγοῦνται
798 3628 894 3681 καὶ
917 3629 1100 3700 πάσης
1122 3630 1413 3701 ἀνανδρίας
1442 3630 1661 3701 μεστὸν,
1692 3633 1740 3684 εί
1760 3649 1864 3702 μη-

281 3713 339 3766 δὲ
361 3712 547 3781 λέγειν
580 3714 752 3785 ψιλῶς
775 3717 1156 3788 καρτεροῦσιν,
1185 3718 1221 3773 ἃ
1248 3722 1361 3784 τοῖς
1392 3720 1577 3790 ἔργοις
1607 3716 1665 3775 εὗ
1696 3721 1865 3775 ποιῶν

281 3807 493 3869 ἐκεῖνος
520 3806 581 3859 οὐ
605 3807 954 3880 δυσχεραίνει
984 3809 1061 3882 τῷ
1078 3810 1270 3881 πλήθει.
1307 3812 1399 3866 καὶ
1420 3811 1675 3872 παύεται.
1709 3815 1867 3867 Δυοῖν

280 3895 393 3968 γὰρ
422 3896 597 3952 ὄντοιν
623 3900 683 3952 ὲν
730 3898 1038 3971 ἀνθρώποις
1100 3904 1332 3972 καιροῖν,
1387 3905 1610 3975 εἰρήνης
1655 3922 1713 3958 τε
1770 3905 1866 3958 καὶ

280 3987 546 4058 πολέμου,
580 3991 717 4061 πρὸς
754 3992 1045 4064 ἀμφότερα
1097 3992 1310 4065 μερίζει
1364 3992 1461 4065 τὴν
1494 3993 1715 4066 ἀρετὴν,
1772 3996 1866 4048 καὶ

286 4077 538 4144 μέτεισιν
563 4079 848 4149 ἑκάτερον,
874 4081 951 4143 ὡς
1000 4082 1135 4134 αὐτὸ
1191 4082 1353 4151 μόνον
1404 4082 1581 4149 εἰδὼς,
1636 4084 1863 4156 θατέρου

275 4164 333 4217 δὲ
387 4165 559 4236 μηδὲν
606 4168 990 4241 ἐπιστάμενος.
1055 4172 1165 4225 Καὶ
1200 4173 1297 4244 τῆς
1361 4174 1460 4243 μὲν
1503 4177 1559 4227 ἐν
1608 4176 1864 4247 πολέμοις

274 4256 644 4328 ἀνδραγαθίας
677 4261 840 4314 ἰκανά
866 4261 1137 4333 δείγματα
1173 4266 1300 4334 περὶ
1346 4258 1422 4319 ὧν
1458 4265 1633 4333 λέγων
1687 4269 1862 4322 ἐπαυ-

277 4349 459 4418 σάμην
480 4349 720 4421 ἀρτίως
768 4352 876 4407 τῶν
899 4354 957 4407 δὲ
1005 4356 1126 4409 κατ’
1159 4358 1382 4428 εἰρήνην
1440 4358 1659 4427 ἀγαθῶν
1711 4360 1865 4430 μέγι-

274 4454 400 4491 στον
430 4440 642 4505 ἐκεῖνο,
675 4441 769 4494 καὶ
792 4441 1004 4496 πολλῶν
1028 4443 1138 4497 τῶν
1166 4443 1309 4498 κατά
1339 4444 1502 4515 μέρος
1527 4445 1717 4508 αττιον,
1768 4447 1861 4499 καὶ

271 4529 299 4581 δ
329 4528 570 4598 μάλιστα
614 4530 754 4600 πρὸς
782 4531 1134 4602 εὐδαιμονίαν
1164 4532 1286 4600 ἄγει
1332 4531 1430 4596 τὰς
1461 4533 1647 4597 πόλεις
1671 4548 1685 4562 θ
1723 4535 1780 4598 ἐξ
1796 4526 1856 4587 οὗ

270 4620 380 4691 γὰρ
410 4621 676 4692 ἄρχεσθαι
729 4624 1040 4692 πεφύκασιν
1089 4625 1393 4695 ἄνθρωποι,
1428 4626 1522 4678 καὶ
1584 4625 1850 4696 βασιλέως

270 4710 541 4780 προῆλθεν
567 4710 739 4783 ὄνομά
775 4730 835 4766 τε
893 4716 987 4768 καὶ
1039 4717 1293 4787 πρᾶγμα,
1351 4716 1460 4770 τῶν
1500 4717 1851 4788 κρατούντων

268 4802 499 4865 ἕκαστος
521 4843 536 4867 ,
570 4804 791 4876 ἀπορῶν
806 4806 873 4860 δι’
898 4808 1014 4872 ἑνὸς
1042 4807 1557 4880 σώματοςπανταχῆ
1596 4813 1849 4881 παρεῖναι

1971 3352 2179 3417 berem,
2219 3347 2287 3402 ad
2341 3345 2702 3400 suﬂlcieutem
2752 3342 2915 3395 linem
2965 3342 3177 3397 venisse
3220 3344 3546 3406 orationem.

1971 3444 2136 3499 rebus
2153 3441 2417 3510 expositis
2440 3452 2547 3492 non
2569 3432 2915 3491 mediocriter
2943 3444 3213 3489 ornatam.
3238 3434 3391 3489 Nunc
3422 3450 3549 3489 vero

1970 3535 2321 3604 imperatoris
2362 3535 2618 3588 virtutem
2665 3530 2930 3590 aemulans
2960 3545 3068 3582 non
3100 3527 3379 3583 ferendum
3424 3542 3549 3583 esse

1968 3624 2291 3690 arbitratur,
2336 3640 2559 3694 remque
2607 3625 2850 3679 omnium
2909 3620 3344 3691 ignavissimam,
3391 3619 3436 3673 si
3481 3634 3549 3672 ne

1970 3716 2148 3786 eloqui
2181 3716 2400 3785 quidem
2429 3715 2607 3769 valeat
2628 3729 2713 3778 ea,
2756 3730 2878 3783 quae
2899 3713 2990 3766 ille
3015 3711 3144 3764 dum
3178 3710 3286 3776 agit
3328 3717 3549 3777 propter

1967 3806 2373 3859 multitudinem
2427 3819 2535 3858 non
2588 3804 2871 3872 fatigatur.
2929 3801 3064 3855 Nam
3105 3816 3229 3856 cum
3279 3802 3388 3853 duo
3438 3800 3549 3854 sint

1968 3896 2112 3967 apud
2146 3895 2393 3950 homines
2422 3903 2691 3964 tempora,
2718 3910 2818 3964 pax
2848 3902 2902 3949 et
2932 3893 3154 3958 bellum,
3185 3894 3257 3946 ita
3292 3890 3381 3944 ille
3407 3890 3547 3944 divi-

1967 3989 2046 4042 dit
2085 3988 2365 4050 virtutem.
2418 3994 2478 4041 ut
2539 3995 2831 4056 utrumque
2880 3984 3432 4053 administret,quasi
3487 3983 3543 4036 id

1968 4081 2145 4134 solum
2187 4079 2458 4145 didicerit,
2494 4080 2717 4133 alterius
2749 4080 2996 4148 ignarus.
3034 4075 3097 4129 Et
3126 4075 3465 4129 fortitudinis
3492 4075 3544 4128 in

1965 4172 2123 4227 bellis
2164 4171 2488 4227 documenta
2540 4173 2672 4227 satis
2728 4172 2895 4224 multa
2936 4184 2997 4223 ea
3048 4168 3418 4238 suppeditant,
3474 4167 3542 4221 de

1965 4264 2164 4333 quibus
2223 4264 2384 4318 modo
2429 4264 2535 4318 dixi
2572 4278 2587 4329 ;
2664 4278 2808 4316 nunc
2854 4277 2983 4315 vero
3012 4262 3078 4313 de
3112 4276 3176 4314 eo
3230 4258 3539 4322 dicendmn,

1964 4353 2110 4421 quod
2162 4354 2312 4423 pacis
2341 4354 2606 4407 bonorum
2655 4353 2949 4405 maximum
2999 4361 3101 4413 est,
3152 4357 3206 4403 et
3245 4350 3540 4400 multorum

1965 4443 2221 4513 deinceps
2275 4459 2463 4509 causa,
2510 4451 2563 4498 ct
2617 4441 2761 4512 quod
2816 4442 3048 4495 maxime
3106 4439 3170 4494 ad
3221 4438 3540 4494 felicitatem

1965 4534 2479 4590 adducitcivitatcs.
2511 4533 2643 4587 Nam
2671 4550 2735 4589 ex
2765 4549 2873 4604 quo
2928 4532 3182 4601 imperari
3225 4532 3543 4587 hominibus

1960 4635 2222 4696 coeptum,
2272 4638 2327 4681 et
2381 4629 2523 4697 regis
2563 4641 2760 4681 nomen
2790 4634 2844 4680 et
2885 4626 3171 4693 imperium
3217 4632 3406 4678 natum
3436 4633 3539 4688 est,

1961 4720 2337 4788 unusquisque
2359 4720 2723 4789 regnantium,
2748 4733 2870 4772 cum
2900 4732 3009 4771 uno
3032 4731 3264 4786 corpore
3285 4714 3541 4769 omnibus

1962 4810 2064 4865 sibi
2108 4810 2372 4879 subjectis
2395 4813 2588 4866 adesse
2608 4827 2712 4865 non
2736 4810 2930 4879 possit,
2955 4824 3048 4878 per
3078 4822 3174 4863 eos
3200 4807 3294 4877 qui
3328 4806 3541 4876 imperii

1654 4967 1890 5024 VARUE
1934 4969 2340 5027 LECTIONES.

312 5076 332 5105 ’
366 5077 696 5143 Σκιωναίους
737 5081 825 5147 IL,
850 5085 1219 5148 Σικυωναίους
1247 5086 1334 5140 ed.
1432 5089 1473 5117 ⁸⁸
1496 5087 1730 5157 δαίμονα
1762 5089 1853 5143 ed.

1425 5196 1642 5252 ANSSII
1676 5195 2106 5256 VILLOISONIS
2142 5199 2378 5256 ΝΟΤΑΞ.

336 5282 450 5366 [26)
507 5282 642 5345 Ταῖς
692 5285 969 5353 ἀδελφαῖς,
1034 5289 1089 5343 id
1132 5302 1219 5344 est
1269 5291 1390 5351 ταῖς
1437 5288 1654 5355 λοιπαῖς
1710 5293 1843 5362 ἁρε-

266 5367 404 5412 ταις.

338 5421 447 5493 t2?)
480 5420 618 5493 Male
651 5424 706 5479 in
738 5425 861 5493 cod.
894 5428 1070 5493 ὄντος.

269 5558 279 5566 ι
338 5491 449 5562 (28)
489 5492 630 5562 Lege
665 5490 1039 5569 goiaAzatth
1079 5500 1301 5566 ἀγαθὸς,
1350 5501 1423 5563 ὡς
1459 5502 1683 5555 σεαυτὸν
1716 5503 1841 5557 ἐκα-

267 5578 317 5609 ι-Ξ
332 5568 737 5650 ξςῃσωιρρονεῖν.
752 5566 911 5647 μόνον
942 5566 1256 5633 παιδεύσας.

338 5631 461 5705 (29)
503 5631 666 5688 Forte
725 5631 813 5689 hic
866 5654 965 5691 vox
1013 5631 1230 5694 omissa
1277 5648 1381 5700 est.
1427 5650 1486 5694 ut
1532 5641 1705 5705 πόλιν,
1761 5642 1841 5695 vel

267 5701 393 5781 quid
419 5704 635 5769 simile;
669 5709 755 5760 vel
789 5710 967 5774 potius
995 5709 1280 5778 legendum
1316 5712 1405 5763 καὶ
1440 5712 1587 5764 πόλιν
1627 5701 1721 5781 pro
1756 5714 1845 5765 καὶ

268 5783 371 5822 τα).
378 5788 444 5826 ιν.

2026 5293 2234 5365 (ΞΟ-51)
2290 5292 2519 5349 Rcstitui
2544 5296 2631 5365 τῇ,
2655 5293 2797 5364 quod
2831 5293 2882 5346 ἰιι
2940 5291 3061 5348 cod.
3118 5301 3246 5346 ante
3292 5291 3401 5344 τῶν
3442 5290 3538 5344 ἅλ’

1951 5364 2059 5417 λων
2084 5364 2381 5417 exciderat.

2023 5435 2135 5505 (52)
2164 5431 2328 5505 Forte
2378 5428 2488 5487 εἷλε
2520 5448 2618 5501 pro
2652 5428 2784 5505 εἶχε.
2836 5429 3162 5499 Suspicarcr
3200 5430 3537 5505 Procopium

1951 5503 2055 5558 hoc
2092 5504 2212 5557 Pori
2260 5505 2570 5571 exemplum
2628 5504 2748 5557 ideo
2801 5504 3140 5570 potissimum
3201 5503 3528 5571 protulisse,

1953 5575 2098 5641 quod
2138 5589 2279 5626 unus
2302 5590 2364 5626 cx
2400 5575 2711 5626 Isaurorqu
2751 5572 2981 5625 ducibus
3014 5571 3311 5624 vocabitur
3338 5571 3532 5635 ludus,

1956 5646 2057 5697 nisi
2129 5644 2215 5697 hic
2274 5644 2542 5709 supplicio
2606 5643 2834 5697 alTeutus
2903 5653 2954 5695 et
3019 5642 3244 5696 minimc
3319 5641 3531 5709 βασιλι-

1956 5715 2064 5776 κῶς
2096 5720 2358 5767 tract-itus
2402 5712 2615 5767 luisset.
