3982 6310
411 389 548 454 2811

1717 394 2070 456 PROCOPII
2129 397 2371 460 GAZ/EI

3526 409 3666 475 2812

413 509 621 572 partem
657 499 1068 567 administrant,
1101 501 1299 558 civitas
1321 501 1563 557 continet
1597 519 1612 568 ;
1648 511 1701 557 et
1731 520 1830 574 per
1857 503 1978 559 illos

2114 511 2192 572 οῖς
2208 509 2496 581 ὑπηκόοις,
2533 513 2622 566 διὰ
2658 515 2762 568 τῶν
2777 516 2916 570 κατὰ
2940 517 3104 588 μέρος
3139 521 3412 590 ἀρχόντων
3453 524 3664 594 συνέχει

411 591 694 668 benefacta
714 592 963 648 tribuens
988 593 1241 648 omnibus
1276 593 1467 648 adesse
1489 595 1722 657 videtur,
1756 606 1807 650 et
1831 597 1978 666 quod

2118 599 2180 663 ὰς
2200 602 2402 666 πόλεις,
2423 605 2510 657 διὰ
2529 607 2730 660 τούτων
2749 608 3054 679 εὐεργετῶν
3095 612 3229 665 πᾶσι
3273 617 3530 682 παρεῖναι

414 681 608 741 natura
647 682 858 738 eﬂicere
899 697 1006 737 non
1041 692 1240 754 potest,
1273 685 1324 740 id
1369 686 1549 740 facere
1583 695 1814 740 conatur
1847 701 1981 755 pru-

2114 692 2188 743 ;s!°
2209 692 2300 743 καὶ
2323 695 2458 764 ὅπερ
2473 695 2712 750 ἐκλείπει
2740 699 2805 768 τῇ
2837 699 3017 766 φύσει,
3041 681 3430 774 μηχανᾶταιίτῇ
3449 704 3664 776 γνώμῃ.

415 772 618 826 deutia.
660 770 785 826 Haec
819 771 984 842 igitur
1017 773 1086 827 ab
1121 774 1277 827 initio
1303 773 1441 829 bene
1471 775 1772 829 constituta
1807 775 1980 843 spurii

415 864 634 931 quidam
667 863 916 920 homines
955 872 1007 919 et
1054 864 1120 918 ad
1164 867 1364 934 regiam
1416 866 1734 938 dignitatem
1790 875 1986 938 praeter

411 959 502 1029 jus
535 955 731 1018 evecti,
777 955 984 1008 lucrum
1019 956 1288 1026 privatmn
1335 972 1366 1012 e
1404 973 1463 1011 re
1511 958 1726 1024 publica
1771 959 1985 1028 imperii

381 1036 390 1048 ’
415 1054 742 1116 quaerentes,
771 1056 1169 1114 pet-verterunt,
1190 1053 1243 1101 et
1262 1047 1411 1100 utilia
1432 1047 1690 1102 damnosa
1716 1047 1983 1104 fecerunt.

415 1136 698 1205 Tanquam
731 1137 873 1190 enim
911 1138 1249 1202 negotiantes
1272 1137 1584 1192 vendebant
1609 1141 1960 1209 magistratus

415 1237 469 1281 et
497 1227 680 1281 videre
716 1235 934 1296 poteras
963 1228 1066 1281 sub
1107 1228 1463 1296 magistratus
1495 1229 1650 1282 titulo
1678 1230 1838 1285 vendi
1870 1247 1989 1302 pre-

419 1320 625 1374 vincias
663 1320 756 1382 iis,
803 1319 896 1388 qui
935 1319 1196 1388 pecunias
1233 1321 1364 1374 dare
1393 1328 1447 1375 et
1489 1323 1739 1390 accipere
1767 1323 1989 1386 vellent,

421 1426 526 1463 non
571 1413 663 1479 qui
718 1419 862 1466 recte
919 1427 1078 1480 agere
1145 1413 1369 1466 scirent.
1417 1411 1760 1483 Quapropter
1828 1414 1992 1470 simul

420 1505 661 1573 atquein
695 1505 1028 1572 provinciam
1059 1507 1360 1573 venissent,
1392 1506 1443 1561 id
1473 1510 1703 1576 agebant
1724 1509 1884 1578 cujus
1913 1511 1987 1563 rei

420 1612 585 1650 causa
628 1596 878 1664 aderant,
913 1605 966 1652 et
993 1613 1025 1653 e
1049 1599 1264 1668 publica
1287 1599 1596 1656 calamitate
1633 1603 1992 1672 magistratus

425 1687 912 1754 locupletabuntur.

492 1777 608 1833 XII.
643 1779 748 1833 Sed
781 1795 848 1834 ex
886 1794 995 1849 quo
1032 1787 1089 1833 tu
1119 1781 1372 1837 civitates
1409 1781 1570 1836 nobis
1605 1790 1738 1836 nutu
1774 1792 1996 1838 susten-

425 1879 530 1936 tas,
566 1870 944 1941 cognovimus,
971 1871 1286 1925 divitiarum
1320 1871 1684 1927 insatiabilem
1729 1887 1992 1938 amorem,

423 1965 515 2032 qui
540 1963 808 2033 justitiam
837 1965 976 2034 apud
1012 1965 1261 2020 homines
1294 1965 1545 2021 habitare
1581 1983 1687 2020 non
1711 1967 1862 2032 sinit,
1889 1983 1994 2020 non

2091 781 2278 836 Ταῦτα
2295 784 2470 838 τοίνυν
2485 787 2543 853 ἐξ
2557 789 2734 858 ἀρχῆς
2757 790 2897 843 οὕτω
2907 791 3086 852 καλῶς
3107 794 3423 866 ἐγνωσμένα
3439 799 3669 854 νόθοιτι-

2091 873 2179 936 νές
2208 874 2480 946 ἄνθρωποι
2509 881 2604 931 καὶ
2632 881 3048 953 παρέγγραπτοι
3075 889 3150 956 τῇ
3177 886 3446 962 βασιλείᾳ,
3471 893 3663 964 κέρδος

2093 965 2222 1018 ίδιον
2266 967 2363 1038 τὴν
2391 970 2574 1041 κοινὴν
2602 972 2876 1027 πολιτείαν
2931 979 3322 1048 πεποιημένοι,
3353 983 3668 1052 διέφθειράν

2090 1073 2152 1108 τε
2189 1059 2282 1111 καὶ
2317 1059 2448 1129 πρὸς
2477 1063 2788 1116 τούναντίον
2811 1065 2909 1134 τῆς
2935 1067 3128 1137 χρείας
3166 1069 3466 1139 μετέϐαλον
3509 1073 3621 1144 (55)
3647 1089 3665 1105 ⁶

2095 1148 2170 1210 ὡς
2195 1149 2300 1221 γὰρ
2331 1154 2379 1204 ot
2408 1154 2680 1224 ἐμπορίας
2708 1155 2853 1220 τινὸς
2895 1161 3320 1230 προεπηκὸτες,
3359 1165 3456 1226 τὰς
3491 1165 3665 1236 ἀρχὰς

2097 1239 2288 1304 ὠνίους
2335 1241 2552 1296 ἐποίουν
2579 1260 2593 1274 '
2640 1247 2734 1299 καὶ
2761 1243 2829 1318 ἧν
2862 1249 2990 1302 ἰδεῖν
3014 1251 3074 1304 ἐν
3099 1252 3274 1322 ἀρχῆς
3307 1255 3550 1324 σχήματι
3576 1275 3669 1310 πι-

2099 1333 2489 1401 πρασκομένοις
2530 1335 2630 1398 τὰς
2664 1337 2848 1401 πόλεις
2874 1341 2988 1402 τοῖς
3035 1343 3294 1410 χρήματα
3342 1343 3525 1398 δοῦναι
3573 1348 3670 1401 καὶ

2101 1422 2278 1474 λαϐεῖν
2308 1425 2626 1492 ἐγνωκόσιν,
2652 1429 2712 1481 οὑ
2739 1433 2850 1494 τοῖς
2876 1427 2934 1486 εὖ
2976 1437 3149 1486 ποιεῖν
3173 1435 3512 1506 δυναμένοις.
3544 1439 3670 1490 Τοι-

2097 1513 2302 1583 γαροῦν
2327 1514 2442 1585 ἅμα
2469 1533 2530 1568 τε
2553 1521 2674 1581 ταῖς
2701 1519 2919 1573 πόλεσιν
2941 1523 3270 1593 ἐπεδήμουν,
3329 1527 3422 1579 καὶ
3482 1530 3566 1596 ἐφ’
3626 1521 3671 1596 ᾧ

2100 1605 2353 1672 παρῆσαν
2386 1604 2690 1674 ἐπράττετο
2721 1609 2860 1679 (54),
2895 1611 2990 1664 καὶ
3029 1614 3130 1682 τῆς
3174 1615 3215 1646 “
3251 1615 3436 1683 κοινῆς
3464 1634 3672 1686 συμφο-

2102 1697 2202 1766 ρᾶς
2235 1695 2284 1748 οἱ
2317 1696 2422 1748 τῶν
2455 1697 2756 1766 ἀνθρώπων
2793 1700 3057 1768 ἡγεμόνες,
3087 1702 3406 1757 ἐπλούτουν.

2173 1781 2268 1833 ΙΒ’.
2315 1781 2405 1846 Ἐξ
2430 1777 2499 1836 οὗ
2531 1784 2586 1836 δὲ
2626 1786 2756 1854 ἡμῖν
2777 1787 2871 1849 τὰς
2906 1787 3090 1850 πόλεις
3115 1788 3329 1859 ἀνέχεις
3345 1790 3422 1860 τῷ
3447 1791 3673 1860 νεύματι

2103 1871 2346 1942 ἔγνωμεν
2367 1873 2441 1938 ὡς
2474 1877 2502 1927 ὁ
2535 1875 2641 1928 τῶν
2673 1876 2972 1946 χρήματων
3004 1879 3282 1949 ἄπληστος
3323 1881 3484 1952 ἔρως,
3519 1883 3547 1934 ὁ
3573 1885 3672 1947 τὴν

2101 1961 2566 2032 δίκηνὰπείργων
2623 1966 2752 2034 παρ’
2809 1965 3117 2036 ἀνθρώποις
3175 1968 3566 2036 ἐνδιαιτᾶσθαι,
3609 1971 3672 2024 οὐ

424 2057 628 2120 nuntia,
663 2067 719 2110 ut
751 2057 1056 2122 videbatur,
1097 2059 1334 2122 vincere,
1375 2059 1484 2114 imo
1511 2076 1639 2114 vero
1663 2044 1858 2129 praeter
1892 2077 1989 2116 ex-

2114 2053 2273 2105 τὰντα
2301 2054 2478 2122 νικᾷν,
2519 2053 2595 2115 ὡς
2616 2053 2812 2120 ἔοικεν,
2842 2053 3006 2126 εἶχεν,
3075 2059 3212 2114 ἀλλὰ
3254 2063 3363 2132 γάρ
3405 2079 3536 2116 ποτε
3579 2065 3675 2116 καὶ

425 2149 812 2219 spectationem
859 2165 984 2204 eum
1039 2151 1334 2218 aliquando
1385 2152 1656 2221 superari.
1706 2151 1772 2205 Et
1821 2161 1996 2207 tamen

2114 2144 2417 2214 παραδόξως
2445 2145 2729 2215 ἡττᾶσθαι.
2761 2147 2953 2202 Καίτοι
2996 2151 3084 2206 διὰ
3111 2153 3271 2207 τοῦτο
3314 2155 3426 2225 (55)
3485 2155 3673 2224 πατὴρ

424 2249 646 2309 prepter
696 2240 841 2294 hunc
891 2250 1045 2310 pater
1078 2242 1246 2296 lilium
1293 2241 1498 2312 prodit,
1532 2257 1680 2296 utor
1707 2245 1906 2309 virum,
1947 2253 2001 2298 et

2114 2235 2204 2305 μὲν
2251 2235 2544 2303 προδίδωσι
2600 2239 2791 2302 παῖδα,
2841 2240 3062 2308 γύναιον
3097 2243 3154 2296 δὲ
3206 2245 3298 2297 τὸν
3353 2245 3542 2316 ἄνδρα,
3578 2245 3676 2298 καὶ

426 2340 616 2399 gentes
653 2331 882 2384 invicem
920 2346 1071 2386 arma
1097 2333 1342 2402 capiunt.
1377 2331 1607 2402 'I'nverp
1635 2349 1758 2387 eum
1793 2333 2002 2390 assides

2114 2326 2170 2380 τὰ
2199 2331 2328 2398 γένη
2357 2329 2476 2382 κατ’
2502 2329 2745 2402 ἀλλήλων
2777 2334 3077 2398 ὁπλίζεται.
3120 2334 3222 2388 Σοῦ
3249 2335 3306 2388 δὲ
3356 2337 3676 2408 παρακαθη-

426 2422 707 2484 tribunali,
735 2430 860 2475 ante
891 2423 1080 2475 oculos
1117 2431 1368 2478 vet-Satur
1388 2423 1625 2491 justitia,
1656 2409 1710 2478 et
1743 2433 2003 2494 tanquam

2114 2417 2267 2486 μένου
2294 2415 2368 2486 τῷ
2401 2416 2604 2490 βήματι
2632 2420 2765 2490 (36),
2783 2424 2885 2492 πρδ
2911 2423 3008 2493 μὲν
3032 2423 3442 2494 τῶνόφθαλμῶν
3477 2426 3674 2496 ήδίκη.

425 2525 484 2562 ea
507 2517 786 2573 cernente,
808 2508 1022 2576 judices
1047 2510 1099 2562 in
1136 2509 1392 2580 suffragia
1415 2512 1605 2566 mittis.
1638 2515 1816 2584 Atque
1849 2525 1996 2570 tuam

2114 2507 2318 2578 Ὥσπερ
2356 2507 2412 2562 δὲ
2445 2510 2648 2580 ταύτης
2677 2511 2892 2582 ὁρώσης
2924 2514 3177 2582 μέλλουσι
3211 2515 3497 2578 δικασταῖς
3553 2518 3676 2570 ἐπι-

427 2603 752 2656 sententiam
795 2601 898 2655 sibi
939 2601 1196 2654 conciliat
1249 2617 1361 2655 non
1407 2603 1500 2672 qui
1561 2617 1755 2658 aurum
1793 2604 2005 2671 oﬁerat,

2114 2598 2296 2667 φέρεις
2329 2600 2426 2670 τὴν
2453 2602 2631 2671 ψῆφον
2653 2619 2666 2633 ·
2705 2605 2798 2656 καὶ
2823 2597 2934 2657 εἷλέ
2972 2605 3063 2658 σού
3091 2623 3178 2668 τις
3203 2605 3303 2678 τὴν
3330 2605 3556 2677 γνώμην
3614 2609 3675 2659 οὐ

429 2695 523 2751 sed
553 2697 754 2747 virtute
789 2694 966 2760 dives,
1001 2694 1094 2762 qui
1145 2693 1396 2750 homines
1428 2693 1614 2750 felices
1642 2697 1872 2752 reddere
1907 2714 2005 2754 no-

2114 2691 2306 2760 χρυτὸν
2336 2693 2774 2764 προτεινόμενος,
2803 2695 2917 2748 ἀλλ’
2947 2696 3118 2766 ἀρετῇ
3153 2697 3421 2762 πλουτῶν,
3457 2697 3552 2750 καλ¹
3583 2714 3682 2766 με·

431 2788 591 2842 verit.
649 2785 930 2857 Lysander
973 2801 1124 2851 vero,
1175 2786 1304 2840 licet
1341 2785 1669 2856 Spartanus,
1698 2797 1754 2844 et
1782 2799 2014 2860 propter

431 2895 522 2934 res
549 2878 779 2932 feliciter
809 2883 993 2947 gestas
1025 2877 1208 2932 animo
1254 2877 1452 2942 elatus,
1489 2875 1649 2932 factis
1681 2877 2012 2950 Spartanum

437 2972 701 3025 mentitus
738 2977 824 3024 est
868 2993 882 3024 :
915 2985 1038 3022 cum
1063 2969 1208 3024 enim
1261 2969 1617 3040 magistratus
1665 2987 1774 3028 non
1826 2983 1887 3028 ut
1920 2989 2020 3044 par

435 3071 554 3114 erat
590 3061 893 3124 conterret,
939 3061 1086 3115 ctede
1129 3067 1182 3114 et
1213 3060 1390 3115 turbis
1430 3059 1744 3118 Graecorum
1789 3074 2012 3134 gentem

439 3146 704 3218 implevit,
742 3159 797 3208 et
850 3151 1012 3206 unius
1065 3151 1302 3208 consilio
1350 3153 1602 3210 civitates
1637 3155 1838 3211 misere
1870 3157 2019 3212 vive-

440 3245 592 3299 banL

513 3409 654 3466 XllI.
697 3411 803 3466 Sed
839 3428 1005 3467 unum
1048 3413 1132 3467 vel
1159 3415 1416 3481 alterum,
1452 3429 1562 3484 quo
1591 3421 1758 3469 totam
1807 3415 2015 3485 adjuvit

447 3520 560 3559 rem
598 3505 896 3581 publicam,
929 3504 1018 3558 ubi
1045 3503 1258 3569 dixero,
1291 3515 1421 3560 tunc
1452 3506 1520 3561 ad
1551 3521 1614 3562 ea
1647 3523 1863 3577 quoque
1893 3521 2016 3563 ora-

450 3599 649 3651 tionem
679 3605 1018 3660 convertam,
1057 3611 1178 3666 quae
1213 3598 1265 3650 in
1299 3598 1546 3666 singulos
1579 3599 1832 3653 munilice
1863 3597 2012 3654 fecit.

447 3687 696 3756 Namque
731 3689 886 3742 scitis
919 3687 1042 3757 ipsi,
1073 3717 1142 3728 —
1168 3696 1330 3760 atque
1379 3697 1437 3746 ut
1468 3690 1764 3760 tranquilla
1800 3705 1884 3744 me
1912 3706 2014 3744 au-

449 3781 611 3836 diatis
639 3788 820 3837 mente
851 3797 947 3836 vos
987 3797 1137 3852 rogo,
1167 3814 1236 3824 —
1266 3783 1530 3838 tributum
1565 3782 1836 3854 quoddam
1866 3797 2018 3838 acer-

452 3876 578 3927 bum
619 3873 774 3943 quasi
832 3873 1030 3928 malum
1075 3873 1406 3928 horrendum
1453 3875 1622 3931 certis
1674 3875 2016 3944 temporibus

454 3965 721 4019 invasisse
771 3963 1042 4025 civitates,
1079 3963 1434 4034 singulosque
1480 3965 1632 4020 cives
1659 3963 2016 4034 corripuisse,

453 4055 688 4108 alienum
749 4070 778 4108 a
830 4055 1066 4124 justitia,
1125 4055 1422 4110 infaustqu
1491 4055 1730 4112 subditis
1797 4071 2016 4121 nomen,

453 4163 646 4200 aurum
683 4155 736 4201 et
787 4155 1070 4217 argentum
1119 4163 1228 4201 uno
1262 4149 1428 4203 verbo
1458 4149 1872 4218 comprehensa.
1911 4147 2020 4204 ﬂo-

454 4239 631 4294 mines
657 4239 800 4292 enim
837 4239 1095 4306 operarii,
1131 4239 1274 4293 victu
1303 4239 1620 4309 quotidiano
1646 4251 1888 4310 egentes,
1920 4242 2018 4310 qui

456 4343 668 4382 omnem
701 4327 823 4380 vitae
850 4341 998 4394 spem
1032 4327 1084 4380 in
1125 4329 1376 4382 manibus
1410 4329 1704 4398 repositam
1733 4329 2017 4398 baberent,

455 4421 508 4474 1ιί
533 4419 688 4489 quasi
713 4419 927 4474 sudoris
943 4427 996 4473 et
1014 4419 1354 4475 miseriarum
1381 4421 1682 4474 mercedem
1706 4421 2018 4476 solvebant:

457 4521 512 4566 et
547 4512 646 4564 hoc
678 4522 872 4578 pneter
914 4509 1184 4565 fortunam
1236 4511 1361 4564 illos
1415 4512 1716 4580 premebat.
1768 4514 2022 4584 Agricola

457 4603 606 4657 circa
641 4603 862 4659 arbores
889 4601 1280 4674 ingemiscebat
1312 4617 1326 4654 :
1376 4600 1577 4670 duplici
1607 4603 1752 4656 enim
1789 4604 2024 4660 infortu-

2113 2783 2395 2836 ταϐἀλλειν
2421 2785 2740 2854 ἀνθρώπους
2765 2789 2844 2850 είς
2875 2787 3220 2859 εὐδαιμονίαν
3254 2787 3430 2852 εἰδώς.
3504 2787 3562 2844 Ὀ
3618 2787 3678 2841 δὲ

2115 2873 2440 2942 Λύσανδρος,
2471 2877 2521 2927 εί
2545 2876 2639 2928 καὶ
2663 2877 3010 2946 Σπαρτιάτης
3047 2873 3136 2948 ἦν,
3171 2877 3265 2930 καὶ
3295 2877 3490 2946 σεμνὸν
3517 2877 3681 2947 ἐφρό-

2115 2982 2194 3018 νει
2225 2965 2312 3018 διὰ
2354 2965 2422 3019 τὰ
2477 2964 2666 3036 πρώην
2720 2963 3104 3038 εὐτυχηθέντα,
3149 2968 3282 3021 ἀλλὰ
3323 2971 3432 3030 τοῖς
3500 2970 3684 3036 ἔργοις

2116 3056 2206 3111 τὸν
2235 3058 2580 3127 Σπαρτιάτην
2635 3057 2923 3127 ἐψεύδετο⁸
2965 3059 3060 3128 τὴν
3115 3061 3224 3129 γὰρ
3249 3059 3357 3111 τῶν
3409 3059 3685 3128 ἀρχόντων

2119 3148 2329 3219 αἵρεσιν
2360 3148 2421 3201 οὗ
2458 3147 2844 3219 προσηκόντως
2871 3149 3195 3218 ποιούμενος
3230 3149 3394 3218 φόνου
3438 3149 3531 3203 καὶ
3588 3165 3686 3200 ταν·

2121 3239 2295 3311 ραχῆς
2323 3239 2383 3292 τὸ
2409 3239 2518 3292 τῶν
2557 3238 2826 3310 Ἑλλήνων
2863 3239 3124 3310 ἐνέπλησε
3149 3240 3212 3292 τὸ
3243 3240 3418 3309 γένος,
3466 3239 3560 3292 καὶ
3614 3237 3686 3291 δι’

2121 3329 2239 3392 ἐνὸς
2263 3329 2486 3400 γνώμην
2523 3330 2844 3400 ἐδυστύχουν
2879 3332 2936 3383 at
2969 3330 3171 3392 πόλεις.
3392 3333 3396 3335 ’

2186 3421 2284 3476 II".
2347 3421 2505 3473 Ἀλλὰ
2540 3420 2648 3491 γὰρ
2681 3421 2737 3472 ἐν
2762 3420 2794 3492 ἢ
2825 3421 3074 3492 δεύτερον
3126 3417 3316 3486 εἰπὼν,
3345 3419 3423 3473 ἔτι
3451 3419 3546 3490 τῆς
3571 3435 3690 3473 κοι-

2115 3513 2211 3582 νῆς
2243 3510 2504 3564 καὶκατὰ
2568 3511 2787 3564 πάντων
2837 3510 3156 3582 εὐεργεσίας
3218 3511 3496 3581 ἐχόμενον,
3545 3509 3690 3563 οὕτω

2117 3601 2210 3654 καὶ
2241 3601 2374 3672 πρὸς
2397 3601 2494 3672 τὴν
2520 3602 2661 3656 κατὰ
2705 3603 2871 3674 μέρος
2901 3601 3310 3672 φιλανθρωπίαν
3343 3603 3544 3672 πέμψω
3595 3601 3690 3654 τὸν

2115 3689 2292 3758 λόγον.
2331 3693 2476 3746 Ἶστε
2508 3693 2638 3764 γὰρ,
2664 3723 2738 3734 -
2769 3693 2861 3746 καί
2895 3711 2982 3765 μοι
3011 3694 3199 3764 μηδεὶς
3215 3693 3568 3765 ταραττέσθω
3590 3693 3692 3765 τὴν

2115 3783 2362 3852 γνώμην,
2393 3813 2458 3826 -
2490 3783 2564 3848 ώς
2596 3785 2760 3855 φόρος
2793 3801 2874 3847 τις
2931 3785 3197 3858 δυσχερὴς
3233 3784 3424 3856 ὥσπερ
3485 3802 3539 3839 τι
3579 3785 3690 3838 τῶν

2116 3875 2302 3931 δεινῶν
2337 3879 2400 3936 ἐκ
2431 3877 2678 3950 περιόδου
2709 3881 2828 3944 ταῖς
2866 3878 3088 3933 πόλεσιν
3121 3877 3421 3943 ἐπετίθετο,
3451 3879 3544 3932 καὶ
3599 3879 3692 3933 διὰ

2117 3967 2336 4022 πάντων
2376 3969 2584 4036 ἐφοίτα,
2620 3969 2894 4040 πρόφασιν
2927 3971 3140 4024 δικαίαν
3171 3971 3272 4023 οὐκ
3303 3969 3464 4040 ἔχων,
3518 3969 3692 4040 ὄνομα

2117 4060 2374 4132 δυστυχὲς
2401 4064 2511 4125 τοῖς
2555 4062 2837 4132 ὑπηκόοις,
2894 4063 3093 4134 χρυσὸς
3146 4063 3240 4116 καὶ
3278 4061 3516 4132 ἄργυρος
3577 4059 3694 4132 (37)

2119 4155 2200 4216 εἰς
2232 4154 2360 4222 μίαν
2393 4151 2637 4216 ἐλθόντες
2669 4155 3056 4226 προσηγορίαν.
3084 4155 3360 4224 Ὀσοιγὰρ
3389 4153 3694 4225 ἀνθρώπων

2119 4243 2433 4312 αὐτουργῶν
2465 4245 2508 4274 ⁸⁵
2537 4261 2594 4296 τε
2628 4245 2722 4297 καὶ
2749 4245 2856 4297 τῶν
2884 4246 3006 4298 καθ’
3037 4245 3248 4316 ἡμέραν
3323 4244 3543 4310 ἐνδεεῖς,
3595 4247 3698 4298 καὶ

2119 4335 2237 4395 ταῖς
2264 4335 2418 4404 χερσὶ
2456 4336 2636 4388 πᾶσαν
2659 4335 2846 4388 ἐλπίδα
2892 4335 3251 4406 πεποιημένοι
3288 4333 3383 4388 τοῦ
3417 4334 3558 4405 βίου,
3582 4333 3697 4389 ῶσ-

2121 4441 2226 4494 περ
2262 4424 2498 4492 ἱδρώτων
2554 4426 2650 4479 καὶ
2697 4426 2980 4496 δυστυχίας
3039 4426 3230 4496 μισθὸν
3271 4426 3524 4479 ἐτέλουν·
3599 4429 3700 4481 καὶ

2121 4515 2277 4568 τοῦτο
2301 4516 2441 4586 μετὰ
2470 4517 2564 4586 τῆς
2588 4516 2950 4587 τύχηςαύτοῖς
2971 4518 3496 4572 ἐπετίθετο.”Εστενε
3521 4535 3702 4589 γεωρ-

2122 4605 2216 4674 γὸς
2243 4607 2368 4676 περὶ
2395 4605 2464 4659 τὰ
2493 4607 2687 4678 δένδρα
2719 4609 2832 4678 (58)
2859 4624 2872 4638 °
2903 4608 3097 4679 διπλῆν
3129 4609 3237 4678 γὰρ
3271 4604 3388 4678 εἶχε
3419 4608 3517 4679 τὴν
3559 4625 3702 4678 συμ-

459 4696 552 4750 nio
577 4694 935 4758 adiciebatur,
972 4703 1028 4746 et
1073 4693 1291 4746 labores
1332 4705 1561 4760 corpore
1597 4691 1941 4762 perferendo,
1971 4715 1999 4750 e

2131 4697 2322 4769 φορὰν,
2353 4700 2443 4752 καὶ
2473 4699 2649 4752 πονῶν
2682 4698 2760 4770 τῷ
2793 4699 3024 4768 σώματι,
3067 4699 3160 4753 καὶ
3191 4699 3540 4769 μεμνημένος
3589 4699 3708 4750 τῶν
3767 4706 3778 4720 ⁸

461 4797 753 4862 aerumnas,
783 4799 968 4841 secum
1027 4783 1529 4839 commemorando.
1579 4781 1829 4841 Piscator
1882 4787 2024 4856 apud

2131 4786 2389 4858 λυπηρῶν
2420 4804 2434 4817 ’
2484 4789 2668 4854 ἁλιεὺς
2710 4790 2857 4862 παρὰ
2899 4789 3012 4860 τῆν’
3027 4789 3294 4843 θάλατταν
3347 4787 3496 4858 ἠφίει
3523 4789 3584 4840 τὸ
3617 4787 3703 4841 δί-

1754 4959 1991 5016 νΑιιιιΕ
2032 4961 2434 5021 LECTIONES.

539 5053 578 5086 ¹¹
607 5053 700 5108 καὶ
723 5051 810 5123 διὴ
838 5051 937 5122 τῆς
959 5049 1103 5120 conj.
1129 5047 1196 5104 N.
1269 5049 1693 5121 αὐτουργοῦντες
1725 5049 1818 5104 καὶ
1846 5049 1911 5104 Ν.

1609 5167 1839 5224 ANSSII
1869 5169 2302 5232 VILLOISONIS
2332 5177 2563 5234 NOTAti.

541 5266 649 5337 (55)
707 5260 784 5318 De
837 5263 940 5318 hoc
985 5261 1057 5317 cl'.
1111 5263 1194 5319 Cl.
1223 5263 1276 5320 le
1321 5262 1568 5338 Beau’t.
1619 5259 1768 5326 Vill,
1827 5279 1881 5333 p.
1927 5261 2030 5317 547

469 5353 562 5391 500
574 5377 586 5391 ο

539 5355 651 5473 r('34)
690 5401 1054 5473 Vendebatur.

545 5469 660 5541 t55)
721 5472 863 5542 Lege
889 5472 978 5526 διὰ
1009 5471 1220 5534 τοῦτον,
1261 5485 1477 5538 nempe,
1507 5469 1686 5540 ἔρωτα
1710 5470 2033 5542 χρημάτων,

545 5539 656 5612 (ὄϐἱ
711 5543 766 5596 In
801 5539 924 5613 cod.
967 5542 1194 5613 ῥήματι,
1249 5551 1304 5598 et
1349 5543 1453 5595 alia
1484 5539 1646 5594 tnanu
1678 5539 1844 5609 supra
1904 5539 1964 5592 τὸ
2000 5541 2032 5608 ῤ

475 5613 732 5676 scriptum
764 5621 849 5667 est
885 5612 934 5682 β.

549 5675 657 5754 «⁵⁷)
695 5675 912 5764 scitae"
950 5684 1258 5764 νοεεξὶξαιυτ.
1299 5681 1712 5764 Χρῖσάξτυθθῆι
1737 5675 1950 5764 .9':
1979 5676 2043 5764 le

478 5747 650 5820 Beau,’
679 5763 716 5810 t.
755 5751 896 5822 VIII,
933 5769 986 5824 p.
1016 5753 1140 5820 545,
1171 5753 1262 5824 qui
1303 5747 1808 5806 '{idcndosindicat
1851 5747 2041 5814 Evagr.

2135 5269 2172 5321 l.
2201 5287 2282 5331 Ill,
2313 5286 2362 5325 c.
2393 5271 2482 5332 59.
2518 5289 2568 5338 p.
2600 5269 2735 5334 568;
2770 5269 3137 5339 Theodorum,
3161 5269 3199 5326 l.
3230 5266 3711 5339 xxi;'l‘heophan.

2134 5353 2188 5410 ρ.
2223 5341 2324 5393 1‘25
2349 5358 2364 5406 ;
2393 5337 2647 5410 Anastas.
2679 5357 2728 5406 p.
2763 5340 2830 5394 5t)
2855 5357 2879 5410 ;i
2904 5337 3150 5410 Cedren.‘
3171 5355 3228 5410 ι)Ι
3250 5338 3378 5410 ὃξίῖ,
3405 5337 3710 5410 ὃξὶβζὸϋδς

2135 5407 2338 5480 Zonar.
2377 5427 2430 5480 ρ,
2466 5409 2830 5480 '54;Glycam,
2869 5409 2904 5462 l.
2936 5424 3096 5480 ινα).
3125 5407 3250 5480 265,
3281 5407 3408 5480 266;
3450 5407 3712 5480 Illaiiass.

2135 5493 2189 5546 p.
2221 5479 2337 5545 63;
2380 5478 2620 5532 Suidam
2656 5478 2808 5534 voce
2865 5478 3174 5548 Τιμόθερς;
3231 5478 3356 5548 I‘agi
3414 5478 3482 5532 ad
3543 5478 3716 5533 Baro-

2137 5548 2288 5670 giﬁqpt
2321 5566 2336 5616 ;
2380 5552 2669 5615 Asscman,
2702 5545 3008 5602 Bibliolltrr.
3047 5545 3329 5603 Orientat.’
3351 5557 3392 5600 t.
3429 5549 3472 5612 I,
3505 5548 3713 5618 p.208,

2145 5619 2272 5671 9.69.

2219 5686 2330 5760 (⁸58)
2361 5686 2570 5760 Mallem
2621 5687 2771 5757 παρὰ
2803 5688 2870 5742 τὰ
2912 5687 3124 5760 δένδρα,
3173 5696 3230 5742 ιιι
3277 5687 3418 5742 intra
3451 5687 3478 5738 ό
3527 5687 3718 5752 ἁλιεὺς

2156 5757 2302 5826 παρᾶ
2338 5755 2434 5828 τὴν
2465 5755 2756 5812 θάλασσαν.
