3970 6300
206 406 338 468 Ξὲιῖ

1074 405 1600 467 PANEGYRICUS
1635 407 1714 466 IN
1754 408 1910 468 1MP.
1940 411 2440 472 ANAbTASIUM.

3309 419 3452 485 2818

204 523 299 585 νῆς
324 516 515 587 χρείας
540 516 636 587 τὴν
660 516 1069 589 φιλανθρωπίαν
1117 516 1397 581 ἐκτείνειν,
1425 512 1540 569 ἀλλ’
1585 515 1773 587 ὥσπερ

1890 521 2182 591 :omplecti,
2216 520 2308 577 sed
2336 521 2489 592 quasi
2520 528 2773 590 perpetuo
2822 520 3194 579 benefaciendi
3242 525 3456 581 deside-

205 608 511 677 εὐεργετεῖν
544 609 631 660 ἀεὶ
657 606 838 660 ποθῶν
868 609 1182 670 ἐπισκοπεῖς
1203 608 1330 670 τοὺς
1355 602 1415 662 εὖ
1445 607 1635 661 παθεῖν
1659 609 1776 660 δεο-

210 700 422 769 μένους,
479 700 574 751 καὶ
630 701 731 752 ὅσα
794 698 937 752 κατὰ
972 699 1136 767 μέρος
1185 698 1373 750 ἐλύπει
1433 699 1524 759 τὰς
1568 699 1775 761 πόλεις.

205 790 368 851 Γνοὺς
401 791 458 842 δὲ
489 788 662 842 ταῦτα
710 789 1048 858 προσετίθεις
1076 788 1137 841 τὸ
1171 788 1376 852 λεῖπον,
1423 790 1515 840 καὶ
1546 789 1682 859 πρὸς
1716 787 1777 840 τὸ

207 883 454 950 κρεῖττον
486 879 842 943 μεταΰάλλειν
862 879 1048 948 ἠξίους
1072 896 1083 910 ·
1117 879 1210 932 καὶ
1234 878 1645 947 μετεϐάλλοντο.
1676 873 1776 931 Ὧν

205 972 270 1023 τά
308 972 537 1024 πλεῖστα
569 974 765 1042 παρεὶς
789 970 989 1041 (μείζω
1010 969 1118 1045 γάρ
1146 970 1321 1023 ταῦτα
1344 971 1437 1023 καὶ
1468 969 1561 1023 τοῦ
1586 968 1775 1038 καιροῦ

206 1062 463 1128 νικῶντος
490 1065 587 1132 τὴν
643 1062 876 1133 χρείαν),
912 1061 1101 1132 ὥσπερ
1149 1060 1210 1126 ἐξ
1250 1062 1409 1133 ἱερῶν
1462 1064 1776 1132 πρέπουσαν

207 1155 381 1225 ἀρχὴν
422 1154 683 1224 ποιοῦμαι
713 1156 792 1225 τῷ
817 1154 981 1222 λόγῳ.

277 1338 387 1390 ιιῐν.
424 1337 583 1400 Πόλις
619 1336 767 1389 ἐστὶν
820 1336 942 1404 ἱερά
1001 1335 1137 1405 (49),
1180 1335 1288 1389 τῶν
1320 1336 1454 1406 πρὸς
1485 1337 1633 1406 ἥλιον
1693 1336 1781 1389 ἀν-

217 1428 495 1497 ισχόντων,
522 1427 968 1499 πολυάνθρωπος,
999 1430 1062 1481 ὲκ
1086 1429 1183 1497 τῆς
1222 1428 1499 1491 εὐσεϐείας
1543 1428 1780 1498 φέρουσα

207 1518 512 1593 γνώρισμα,
538 1518 635 1571 καὶ
660 1520 780 1579 ταῖς
813 1517 986 1580 θείαις
1027 1518 1273 1580 τελεταῖς
1300 1516 1408 1569 τῶν
1439 1518 1614 1571 ἄλλων
1646 1535 1780 1589 προ-

210 1609 515 1678 εεόλημένη
534 1625 548 1639 ⁸
576 1610 698 1661 ὅθεν
720 1610 802 1672 εἰς
824 1608 1027 1678 ταύτην
1059 1607 1315 1677 φοιτῶσιν
1346 1608 1496 1660 Ἰνδοὶ
1515 1611 1608 1662 καὶ
1635 1611 1778 1678 Πέρ-

212 1717 296 1753 σαι
326 1701 419 1752 καὶ
456 1699 703 1761 Φοίνικες
732 1700 823 1751 καὶ
852 1698 1075 1752 Σκυθῶν
1108 1700 1239 1768 γένη
1267 1699 1360 1751 καὶ
1384 1699 1451 1751 τὰ
1480 1717 1535 1752 σε
1547 1699 1653 1769 μνὰ
1681 1701 1779 1769 τῆς

219 1789 485 1852 Ἑλλάδος.
536 1789 712 1843 Ἰωνία
743 1806 803 1842 τε
838 1790 986 1844 πᾶσα
1009 1806 1023 1821 ο
1079 1791 1173 1842 καί
1200 1788 1387 1859 ὥσπερ
1419 1788 1512 1842 τοῦ
1546 1790 1654 1843 τῶν
1683 1792 1777 1843 ἀν-

209 1881 436 1953 θρώπων
461 1882 653 1949 γένους
698 1881 887 1950 κοινήν
938 1897 1022 1943 τις
1077 1879 1144 1933 ἂν
1177 1880 1318 1934 εἴποι
1349 1881 1604 1951 πατρίδα,
1633 1880 1779 1951 Αὕτη

208 1973 312 2025 τῶν
344 1972 557 2025 ὑδάτων
607 1971 787 2040 ἐνδείᾳ.
836 1971 972 2040 μετὰ
1014 1970 1122 2023 τῶν
1150 1971 1452 2040 οἰκητόρων
1504 1971 1598 2023 καὶ
1652 1970 1779 2033 τοὺς

211 2060 542 2130 πανταχόθεν
560 2059 717 2122 ῦντας
742 2058 948 2112 ἐλύπει.
980 2057 1229 2113 Τοσαῦτα
1254 2061 1362 2131 γὰρ
1384 2062 1663 2129 παρεῖχεν,
1683 2061 1781 2112 ὃτα

208 2152 312 2203 τῶν
337 2149 565 2221 ὄμϐρων
595 2151 628 2220 ή
684 2150 823 2219 τύχη
844 2165 857 2177 ·
896 2150 992 2203 καὶ
1027 2150 1139 2202 ἀντ’
1172 2149 1333 2202 ἄλλου
1394 2147 1537 2210 τινός
1578 2149 1781 2201 ὑδάτων

209 2243 515 2312 θησαυροὺς
545 2240 874 2309 ἐπεποίηντο
901 2255 916 2269 ⁸
963 2240 1058 2293 καὶ
1086 2240 1182 2311 τὴν
1203 2239 1408 2292 ἔνδειαν
1439 2238 1780 2308 σοφιζόμενοι

211 2336 342 2407 πρὸς
371 2335 432 2387 τὸ
461 2333 638 2387 δεινὸν
689 2332 834 2386 οὕτω
871 2335 1023 2403 μόλις
1085 2335 1354 2403 ἀντεῖχον.
1402 2332 1560 2386 Ἀλλά
1623 2333 1783 2403 μέχρι

210 2423 299 2476 σοῦ
333 2424 378 2454 ³³
406 2422 506 2475 καὶ
541 2420 698 2474 τοῦτο
727 2420 889 2474 πάλιν
919 2422 1109 2475 ἐλύπει
1127 2440 1140 2455 ο
1163 2424 1262 2493 τήν
1284 2439 1343 2474 τε
1366 2423 1472 2493 γὰρ
1504 2420 1656 2476 πόλιν
1676 2422 1782 2492 ᾤου

210 2513 313 2563 δεῖν
343 2510 614 2580 τιμᾶσθαι
658 2509 726 2563 τὰ
756 2511 1089 2583 ’πρέποντα⁹
1129 2512 1224 2566 καὶ
1267 2512 1437 2566 δεινὸν
1481 2512 1785 2582 ἡγούμενος

208 2600 288 2653 διὰ
321 2604 449 2671 μιᾶς
489 2600 695 2669 ταύτης
727 2602 936 2665 πάντας
972 2601 1301 2673 ἀνθρώπους
1352 2603 1644 2675 πειρᾶσθαι
1676 2602 1785 2655 τῶν

208 2691 510 2763 δυσχερῶν,
528 2692 750 2761 ὀχετοὺς
780 2693 987 2746 ὑδάτων
1008 2696 1089 2757 εἰς
1123 2694 1256 2765 ὐψος
1302 2695 1511 2765 ἐπάρας
1534 2695 1667 2765 (50),
1692 2695 1786 2747 καὶ

210 2787 282 2851 εἰς
309 2787 513 2841 ταυτὸν
539 2785 763 2854 ἀγαγὼν
786 2786 854 2839 τά
886 2786 961 2858 μὴ
979 2786 1022 2818 ¹⁶
1043 2785 1435 2856 διανεστηκότα
1450 2789 1561 2850 τοῖς
1586 2783 1787 2854 μετεώ-

214 2892 343 2943 ροις,
382 2877 481 2930 καὶ
527 2876 597 2928 δι’
635 2876 922 2944 ἀνωμάλου
976 2875 1071 2927 καὶ
1115 2874 1375 2946 τραχείας
1419 2873 1521 2943 γῆς
1572 2872 1787 2925 εὐθεῖαν

209 2966 323 3020 ὁδὸν
376 2964 733 3029 διατυπώσας
792 2964 872 3034 τῷ
926 2966 1193 3034 ῥεύματι,
1252 2964 1433 3035 πηγάς
1463 2964 1550 3017 διὰ
1586 2962 1789 3030 ταύτης

210 3057 497 3129 πόρρωθεν
524 3057 793 3126 συνῆπτες
811 3074 824 3086 ’
848 3056 940 3110 καὶ
962 3056 1022 3110 ’ὲν
1044 3058 1227 3119 αὐτοῖς
1253 3056 1488 3125 διαφανῆ
1509 3058 1604 3109 καὶ
1625 3055 1789 3123 ἄφθοι

1883 612 1964 665 rio
2018 621 2215 676 motus,
2272 612 2361 682 qui
2411 612 2709 668 benefactis
2769 613 3097 683 indigerent,
3147 616 3458 686 quibusque

1879 712 2257 771 premerentur
2283 704 2495 773 singula
2549 704 2741 772 oppida
2786 704 3148 761 incommodis
3217 707 3451 761 circnm-

1879 792 2138 861 spiciens,
2172 795 2314 864 quod
2346 795 2560 850 deesset
2596 795 2964 864 suppeditare,
2996 805 3159 865 atque
3191 798 3243 851 in
3269 798 3458 852 melio-

1879 895 1991 934 rem
2022 891 2222 935 statum
2254 898 2441 936 eorum
2474 899 2587 936 rem
2618 893 2940 938 convertere
2987 886 3249 941 statuisti.
3280 885 3459 955 Atque

1879 980 2106 1024 eventus
2139 971 2469 1027 voluntatem
2514 983 2844 1029 consecutus
2868 982 2967 1030 est.
3001 974 3242 1041 Quarum
3271 993 3455 1031 rerum

1882 1061 2130 1127 plurimis
2176 1065 2581 1132 praetermissis,
2611 1063 2894 1135 (amphora
2942 1069 3087 1121 enim
3146 1069 3261 1123 hrec
3307 1076 3456 1132 sunt,

1879 1153 2079 1221 quibus
2112 1154 2434 1211 cnarrandis
2479 1168 2693 1225 tempus
2722 1174 2829 1211 non
2856 1157 3136 1230 suﬂiciat,)
3169 1161 3326 1229 quasi
3391 1174 3458 1215 ex

1880 1244 2053 1299 sacris
2078 1245 2291 1298 initinnt
2331 1247 2563 1300 orationi
2591 1249 2850 1302 decorum
2886 1258 3089 1318 petam.

1950 1332 2135 1390 XVIII.
2165 1334 2306 1390 Urbs
2334 1346 2416 1390 est
2439 1352 2615 1404 sacra,
2639 1339 2691 1391 in
2711 1338 2952 1394 Orientis
2983 1342 3299 1410 regionibus
3330 1343 3457 1410 sita,

1881 1421 2158 1492 frequens,
2193 1426 2393 1492 pietate
2423 1427 2660 1494 cognita,
2691 1442 2755 1479 ac
2788 1429 2986 1482 divinis
3019 1433 3291 1501 mysteriis
3322 1433 3452 1487 aliis

1879 1523 2166 1584 prtestaus.
2227 1514 2415 1584 Itaque
2468 1516 2607 1569 hanc
2647 1517 2847 1572 adeunt
2904 1516 3042 1581 Indi,
3076 1529 3128 1573 et
3159 1520 3374 1587 Persae,
3400 1529 3456 1575 et

1880 1604 2054 1669 Potui,
2082 1616 2129 1658 et
2158 1603 2485 1676 Scytharum
2513 1606 3120 1678 ttationes,Grtecia-que
3150 1617 3337 1676 gentes
3364 1626 3460 1663 no-

1881 1696 2038 1756 biles.
2075 1705 2129 1750 et
2156 1705 2271 1749 tota
2310 1693 2457 1751 lonia
2481 1715 2496 1751 :
2523 1713 2752 1767 eamque
2786 1701 2940 1768 quasi
2978 1714 3320 1753 communem
3352 1699 3457 1753 hu-

1882 1787 2024 1839 mani
2055 1788 2269 1856 generis
2297 1789 2527 1858 patriam
2566 1789 2791 1843 dixeris.
2817 1789 2988 1855 Quam
3024 1806 3176 1859 aqum
3231 1791 3458 1859 penuria

1818 1862 1856 1915 Β
1893 1878 2158 1939 laborare,
2193 1876 2245 1932 id
2291 1889 2486 1947 praeter
2518 1879 2665 1935 cives
2721 1884 2885 1934 etiam
2911 1882 3149 1935 advenas
3209 1883 3448 1951 undique

1880 1965 2157 2020 afﬂuentes
2191 1968 2442 2021 vexabat.
2467 1969 2698 2021 Tantum
2716 1971 2860 2025 enim
2900 1971 3169 2039 przrbebat
3195 1985 3459 2041 quantum

1883 2057 2084 2111 imbres
2114 2059 2251 2110 forte
2275 2058 2621 2112 demitterent
2655 2079 2669 2115 :
2694 2075 2925 2127 cumque
2954 2068 3111 2114 terra:
3136 2077 3269 2114 vena
3303 2064 3461 2115 dces-

1883 2157 1985 2211 ερι,
2020 2148 2213 2216 pluviae
2246 2148 2532 2201 thesauros
2573 2156 2909 2215 struxerant,
2935 2166 3039 2216 qua
3071 2152 3285 2205 ratione
3341 2152 3460 2206 ino-

1885 2239 2024 2306 piam
2080 2250 2195 2291 arte
2231 2241 2479 2292 vincente
2509 2255 2651 2310 {egre
2680 2256 2738 2295 se
2795 2244 3197 2296 sustentabant.
3257 2240 3361 2295 Sed
3395 2250 3451 2295 et

1885 2328 1986 2383 hoc
2011 2345 2199 2384 rursus
2231 2346 2404 2400 usque
2441 2330 2508 2383 ad
2534 2340 2586 2383 te
2614 2332 2865 2400 angebat.
2897 2331 3032 2385 Cum
3083 2333 3227 2387 enim
3267 2347 3460 2387 cense-

1885 2433 1972 2472 res
2015 2419 2200 2473 urbem
2231 2420 2375 2471 illaut
2432 2420 2613 2474 debito
2672 2421 2875 2475 honore
2925 2423 3261 2477 alliciendam
3314 2439 3455 2487 esse,

1887 2508 2231 2576 graviterque
2258 2507 2429 2561 ferres
2459 2524 2552 2577 per
2596 2507 2735 2561 hanc
2766 2524 2929 2562 unam
2986 2526 3179 2565 omnes
3215 2511 3461 2567 homines

1887 2596 2247 2652 incommodis
2275 2598 2542 2666 laborare,
2588 2613 2743 2668 aqua;
2773 2600 3028 2655 ductibus
3056 2602 3110 2654 in
3156 2601 3320 2655 altum
3367 2617 3462 2657 ex-

1888 2689 2116 2741 structis
2160 2695 2214 2742 et
2271 2688 2517 2743 rolleetis
2564 2679 2827 2757 fontibus,
2862 2693 2952 2759 qui
3004 2691 3056 2744 in
3087 2692 3461 2760 superioribus

1888 2777 2018 2831 locis
2044 2781 2394 2844 sraturircnt,
2431 2786 2485 2833 et
2541 2796 2635 2850 per
2690 2781 3028 2836 salebrosum
3093 2797 3457 2852 asperumque

1892 2873 2046 2916 terrae
2073 2865 2248 2917 solum
2283 2866 2447 2919 ducto
2474 2865 2716 2922 ﬂuminis
2748 2869 3271 2940 alveo,longinquos
3314 2870 3457 2925 rivos

1897 2953 2255 3022 conjttnxisti,
2286 2955 2377 3024 qui
2406 2972 2502 3026 per
2523 2957 2645 3011 illos
2675 2958 2872 3014 doetus
2922 2959 3243 3029 pelluridatn
3275 2972 3326 3014 et
3350 2961 3459 3013 Iar-

1890 3061 2008 3115 gum
2069 3061 2220 3116 aqua!
2277 3049 2488 3116 cupiant
2545 3048 2858 3114 effundunt,
2894 3049 3133 3106 ﬂuminis
3183 3053 3460 3107 celeritate

211 3163 269 3198 να
296 3146 554 3216 ῥεύματα
577 3145 871 3214 τέμπουσι,
897 3147 961 3215 τῇ
984 3145 1085 3213 τῆς
1119 3146 1288 3215 φορᾶς
1317 3143 1533 3212 ὀξύτητι
1554 3143 1782 3196 νικῶντα

1892 3146 2167 3206 aspectum
2199 3147 2513 3207 superante,
2534 3141 2609 3193 ita
2650 3148 2705 3193 ιιι
2728 3156 2872 3194 nunc
2904 3142 3124 3195 advena:
3159 3143 3226 3195 ad
3254 3143 3454 3195 volun-

211 3234 299 3307 τὴν
332 3235 462 3288 θέαν
489 3249 503 3260 ·
551 3233 625 3296 ὡς
681 3233 774 3286 καὶ
808 3235 933 3296 τοὺς
987 3233 1420 3304 ἀφικνουμένους
1456 3232 1550 3285 ἐπ’
1595 3231 1778 3295 ἀδείας

213 3316 607 3392 πανηγυρίζειν
636 3322 730 3374 καὶ
761 3322 856 3374 σὺν
889 3322 1048 3393 ἡδονῇ
1081 3322 1290 3384 πάντας
1322 3322 1708 3376 ἐνδιαιτᾶσθαι.

277 3412 373 3467 ΙΘ’.
405 3413 584 3468 Πάλιν
615 3415 683 3466 τὰ
707 3412 824 3467 καθ’
856 3413 1023 3482 ἡμᾶς.
1055 3411 1163 3465 Τοῦ
1194 3413 1473 3484 Καίσαρος
1501 3413 1654 3466 πόλιν
1683 3414 1784 3465 ἐπ·-

213 3503 439 3574 ὡνυμον,
482 3505 852 3575 ἀπειρηκότος
897 3505 1033 3574 αὐτῇ
1077 3502 1171 3556 τοῦ
1213 3503 1430 3574 λιμένος
1459 3503 1536 3575 τῷ
1583 3505 1779 3575 χρόνῳ,

213 3596 303 3650 καὶ
328 3595 463 3665 πρὸς
504 3596 683 3647 πᾶσαν
708 3593 936 3665 ἀπειλὴν
967 3594 1240 3663 θαλάττης
1278 3595 1647 3665 ἠνεῳγμένου,
1690 3595 1783 3647 καὶ

219 3687 411 3754 μηκέτι
441 3684 710 3748 σώζοντος
744 3686 855 3754 ,τὴν
906 3683 1239 3754 κατηγορίαν
1276 3688 1389 3745 τοῖς
1435 3683 1636 3755 ἔργοις,
1668 3684 1783 3736 ἀλλ’

217 3778 277 3828 ὲκ
313 3777 409 3844 τῆς
433 3775 675 3839 παλαιᾶς
705 3774 874 3846 τύχης
899 3774 1054 3844 ψιλὸν
1073 3774 1309 3844 τούνομα
1340 3774 1697 3844 κεκτημένου,
1722 3773 1782 3826 οὐ

217 3867 479 3936 περιεῖδες
502 3866 767 3936 δεομένην
799 3866 893 3917 καὶ
938 3864 1239 3936 θρηνοῦσαν
1278 3866 1368 3918 ἀεὶ
1392 3864 1490 3928 τὰς
1529 3863 1782 3929 ὁλκάδας,

217 3959 269 4011 οἳ
321 3959 588 4021 πολλάκις
638 3954 998 4026 διαφυγοῦσαι
1053 3957 1114 4009 τὸ
1137 3957 1373 4026 πέλαγος
1413 3958 1471 4010 ιν
1500 3956 1575 4025 τῷ
1606 3958 1785 4026 λιμένι

216 4051 308 4118 τὴν
337 4051 608 4118 ναυαγίαν
637 4050 957 4118 ὑπέμειναν.
994 4050 1102 4103 Καὶ
1138 4043 1189 4111 οἱ
1223 4049 1466 4120 δεόμενοι
1506 4048 1613 4101 τῶν
1655 4064 1788 4118 φορ-

216 4139 341 4192 τίων
362 4142 728 4208 ὲλεεινότερον
753 4135 899 4209 εἶχον
926 4140 989 4193 τὸ
1016 4140 1187 4204 πάθος
1202 4155 1217 4171 ·
1239 4139 1660 4210 διαφθειρόμενα
1680 4139 1788 4211 γὰρ

124 4256 127 4263 ι
218 4231 399 4301 ἑώρων
419 4226 497 4285 ὧν
525 4233 586 4285 ὲν
616 4232 780 4303 χρείᾳ
814 4233 1175 4301 τυγχάνοντες
1208 4230 1464 4301 ἀνόνητον
1514 4227 1660 4301 εῖχον
1690 4231 1788 4300 τὴν

219 4322 363 4377 θέαν.
401 4323 566 4378 Ἀλλά
606 4322 715 4394 γάρ
747 4320 841 4375 σοῦ
881 4321 1234 4394 βουληθέντος
1281 4319 1482 4385 νεάζει,
1515 4323 1610 4375 καὶ
1660 4319 1789 4392 θαρ-

1886 3239 2053 3281 tatem
2081 3229 2198 3284 dies
2230 3229 2398 3286 festos
2438 3232 2739 3298 celebrent,
2768 3247 3068 3302 omnesque
3095 3233 3341 3287 hilariter
3374 3233 3449 3288 ibi

1889 3327 2096 3369 ι’ριςιιιιι
2110 3334 2139 3370 ιι
2149 3333 2193 3372 1⁵.

1959 3405 2098 3460 XIX.
2134 3410 2213 3462 Ad
2237 3419 2457 3465 nostras
2516 3410 2766 3480 regiones
2823 3419 3083 3466 revertor.
3147 3409 3312 3478 Urbs,
3338 3428 3458 3481 quae

1885 3497 2137 3555 Caesareo
2163 3501 2378 3555 nomine
2411 3512 2658 3567 ornatur,
2693 3516 2753 3556 re
2791 3500 2908 3572 ipsa
2941 3503 3145 3557 nomini
3184 3519 3287 3559 non
3344 3520 3461 3559 am-

1888 3590 2028 3658 plius
2056 3591 2438 3662 respondebat,
2468 3592 2578 3647 imo
2601 3592 2732 3647 nihil
2761 3602 2957 3663 praeter
3004 3592 3207 3647 nudum
3261 3603 3459 3647 nomen

1886 3696 1950 3736 ex
1979 3683 2147 3736 veteri
2173 3681 2390 3735 fortuna
2419 3692 2772 3750 servaverat;
2799 3699 2923 3737 cum
2958 3691 3149 3752 portus
3190 3692 3456 3740 vetustate

1889 3771 2197 3834 defecisset,
2224 3773 2585 3842 omnibusque
2608 3772 2866 3828 ﬂuctuum
2893 3773 3053 3829 minis
3067 3782 3293 3843 pateret.
3320 3776 3448 3830 Eam

1890 3870 1949 3917 tu
1980 3880 2085 3919 non
2115 3864 2489 3933 contempsisti
2511 3852 2851 3926 orantem,et
2878 3866 3138 3919 continuo
3167 3863 3452 3919 deﬂentem

1892 3954 2128 4025 navigia,
2156 3970 2289 4025 quae
2310 3970 2451 4025 saepe
2503 3962 2626 4024 post
2654 3962 2909 4025 superata
2932 3954 3097 4011 maris
3125 3955 3365 4025 pericula
3402 3956 3458 4010 in

1892 4056 2052 4118 portu
2109 4047 2470 4101 elidebantur.
2510 4044 2653 4112 Quin
2704 4044 2882 4101 adhuc
2926 4046 3100 4115 magis
3155 4047 3456 4103 miserandi

1888 4136 2154 4207 erantqui
2199 4135 2473 4191 mercibus
2502 4136 2809 4205 indigerent
2845 4155 2861 4192 :
2902 4139 3079 4207 perire
3105 4138 3251 4192 enim
3314 4138 3463 4191 vide-

1890 4227 2162 4297 bautqure
2187 4241 2325 4297 opus
2354 4235 2561 4293 essent,
2596 4227 2872 4283 incassum
2906 4227 3081 4283 oculis
3118 4229 3317 4282 oblata.
3356 4224 3463 4281 Sed

1893 4326 1944 4373 te
1977 4319 2191 4371 volente
2233 4317 2364 4372 urbs
2404 4316 2728 4386 juvenescit,
2765 4325 2819 4371 et
2873 4318 3218 4373 conﬁdenter
3270 4318 3496 4387 recipit,

222 4415 383 4468 σοῦσα
410 4415 626 4485 δέχεται
651 4414 751 4478 τὰς
775 4419 910 4478 ναῦς
931 4431 944 4446 ·
974 4414 1069 4467 καλ⁵
1099 4412 1315 4483 πλήρης
1335 4411 1442 4465 τῶν
1470 4410 1782 4481 ἐπιτηδείων

1896 4422 2059 4461 uavrs
2084 4425 2097 4460 :
2124 4415 2176 4462 et
2199 4405 2440 4461 abundat
2471 4405 2633 4461 rebus
2668 4406 3014 4461 necessarlis.

219 4508 251 4576 ἡ
280 4507 799 4665 Ἐῗιίίαραπλήσιον
820 4593 877 4648 δέ
904 4610 958 4646 τι
985 4592 1157 4655 πάθος
1189 4590 1384 4663 μικροῦ
1414 4589 1524 4643 δεῖν
1567 4588 1663 4642 καὶ
1693 4588 1792 4658 τὴν

233 4684 587 4758 Ἀλεξάνδρου
615 4688 931 4759 κατείληφε.
981 4686 1198 4754 Πύργος
1235 4682 1345 4753 γὰρ
1396 4682 1535 4748 ἄγαν
1570 4680 1794 4750 ὑψηλὸς,

1971 4587 2087 4643 XX.
2114 4585 2231 4643 Non
2263 4588 2488 4642 multum
2529 4585 2725 4654 abfuit,
2761 4587 2891 4657 quin
2919 4586 3117 4641 similis
3147 4598 3313 4641 casus
3338 4585 3466 4639 Ale-

1892 4679 2178 4734 xandriam
2212 4694 2429 4750 quoque
2457 4678 2779 4748 corriperet.
2814 4676 3006 4733 Turris
3032 4675 3175 4731 enim
3216 4676 3461 4744 prtralta,

223 4775 459 4838 παλαιᾶς
487 4775 647 4846 ἔργον
694 4775 1065 4845 εὐδαιμονίας,
1110 4771 1199 4825 ἐπ’
1244 4771 1415 4840 άκρου
1442 4769 1536 4823 τοῦ
1582 4770 1782 4841 λιμένος

1896 4770 2138 4840 pristinae
2166 4769 2452 4839 opulentia:
2477 4783 2635 4839 opus,
2654 4777 2900 4823 extremo
2935 4767 2989 4821 itt
3019 4775 3173 4837 portu
3211 4779 3270 4818 se
3301 4762 3465 4815 attol-

222 4865 449 4937 ἀνέχων,
503 4866 708 4938 ἐγείρει
739 4866 915 4935 φλόγα
962 4866 1077 4926 τοῖς
1103 4864 1169 4917 ἐκ
1207 4860 1478 4929 πελάγους
1508 4860 1796 4929 σωτήριον.

224 4957 328 5008 Καὶ
386 4958 797 5027 παραμυθεῖται
839 4957 967 5019 τοὺς
1019 4956 1085 5007 ἐκ
1137 4951 1431 5021 θαλάττης,
1467 4949 1798 5021 προμηνύων

224 5047 316 5117 τὴν
354 5048 537 5101 πόλιν.
569 5048 712 5119 Πρὸς
741 5047 931 5101 τοῦτον
957 5044 1294 5116 κυϐερνήτης
1337 5040 1480 5111 ὀρῶν
1528 5040 1695 5094 ἰθύνει
1721 5041 1793 5101 ,τὺ

226 5140 455 5208 σκάφος,
504 5138 599 5193 καὶ
631 5137 731 5209 τὴν
761 5137 894 5194 ναῦν
924 5136 1185 5207 ἀπείρατι
1215 5133 1261 5164 ¹⁶
1292 5130 1455 5196 σώζει
1481 5131 1589 5184 τῶν
1617 5148 1796 5202 παρα·

226 5228 497 5297 κειμένων
525 5227 816 5281 κινδύνωνο
851 5227 903 5279 οἱ
929 5225 988 5279 δὲ
1018 5223 1210 5278 ναῦται
1238 5223 1375 5292 πρὸς
1399 5221 1500 5294 τὴν
1529 5220 1658 5274 θέαν
1674 5221 1798 5290 ἡδό-

228 5334 375 5383 μενοι
403 5317 695 5390 κροτοῦσιν
714 5318 896 5380 εὐθὺς,
923 5316 1017 5372 καὶ
1044 5316 1314 5369 δείκνυσιν
1333 5313 1489 5376 ἄλλος
1516 5312 1682 5383 ἄλλῳ,
1701 5313 1798 5364 καὶ

1896 4864 2031 4929 lens,
2062 4864 2263 4917 excitat
2286 4861 2559 4917 ﬂammam
2590 4876 2622 4917 e
2651 4860 2787 4915 mari
2819 4857 3228 4916 advenientibus
3257 4853 3465 4910 saluta-

1896 4970 2034 5017 rem,
2060 4955 2313 5009 solatium
2341 4953 2747 5023 navigantibus,
2773 4952 2961 5007 urbem
2991 4948 3183 5005 adesse
3214 4958 3465 5017 praenun-

1902 5047 2068 5100 tians.
2092 5043 2284 5099 Oculis
2310 5044 2364 5099 in
2392 5044 2534 5101 hanc
2554 5044 2836 5099 conversis
2862 5041 3198 5112 gubernator
3240 5051 3466 5093 cursum

1903 5133 2106 5204 dirigit,
2140 5142 2194 5188 et
2221 5149 2414 5188 navem
2446 5143 2629 5190 servat
2649 5139 2922 5203 expertem
2951 5129 3273 5185 instantium
3325 5124 3469 5197 peri-

1903 5221 2174 5280 culorum.
2203 5224 2389 5281 Nauta
2416 5241 2542 5281 vero
2581 5226 2688 5279 laeti
2715 5232 2935 5293 aspectu
2967 5221 3151 5277 statim
3182 5218 3464 5289 plaudunt,

1903 5325 1956 5369 et
1990 5316 2131 5370 alius
2153 5317 2243 5370 alii
2277 5332 2396 5372 eam
2425 5317 2663 5373 ostendit
2694 5324 2745 5371 et
2789 5315 2854 5369 ad
2905 5314 3093 5369 urbem
3143 5327 3202 5365 se
3254 5309 3468 5364 venisse

1495 5427 1732 5483 \‘AItIIE
1773 5426 2181 5483 LECTIONES.

264 5530 301 5564 ·⁴
338 5531 505 5601 ,μέχρι
540 5529 632 5583 σοῦ
669 5535 927 5598 corrupta
948 5542 1073 5583 esse
1100 5541 1255 5596 susp.
1287 5524 1352 5578 N.
1431 5525 1475 5557 “
1504 5525 1577 5595 μὴ
1611 5532 1738 5578 ante
1775 5523 2166 5592 διανεστηκότα
2187 5526 2293 5579 del.
2322 5542 2441 5581 esse
2477 5534 2627 5597 putat
2653 5523 2718 5577 N.
2796 5523 2840 5554 ¹⁸
2872 5522 3163 5590 ἀπείρατον
3185 5512 3250 5568 Ν.

1386 5619 1604 5674 ANSSII
1642 5617 2074 5675 \‘ILLOISONES
2106 5620 2327 5676 NOT/E.

294 5712 404 5781 (49)
431 5711 588 5782 Hiera
597 5712 755 5782 ports.

292 5774 408 5852 (50')
436 5781 512 5837 De
545 5774 646 5839 hoc
681 5783 849 5836 altum
875 5780 1020 5850 apud
1046 5795 1234 5835 omnes
1266 5779 1516 5834 Historia’
1546 5778 1856 5848 Byzantium
1891 5777 2184 5845 scriptores
2206 5774 2499 5831 silentium.
