3970 6300
468 364 607 426 2819

1790 360 2137 420 PROCOPII
2183 359 2424 418 cum
2530 432 2539 439 _

3586 350 3727 411 283K)

469 474 572 527 sibi
601 473 828 528 invicem
860 480 1109 537 narrant,
1143 480 1305 542 atque
1331 482 1389 527 ut
1410 488 1518 528 uno
1555 474 1722 527 verbo
1745 473 1941 533 dicam,
1962 489 2039 526 vo-

2154 472 2251 541 τὴν
2281 473 2434 524 πόλιν
2482 470 2623 540 ἔχειν
2673 465 3204 535 κατεπαγγέλλονται
3230 481 3241 493 ·
3290 462 3384 515 καὶ
3428 462 3617 525 ἁπλῶς
3647 466 3727 515 εἰσ·

469 564 731 633 luptatem
784 563 945 617 simul
1000 574 1052 616 et
1075 564 1304 618 salutem
1345 564 1548 632 prabet
1599 563 2044 633 appropinquan-

472 653 641 708 tibus.
695 652 845 706 llauc
898 655 1068 708 maris
1103 652 1301 709 ﬂuctus
1341 668 1370 706 a
1419 662 1570 723 tergo
1619 655 1920 710 assultans.
1982 666 2046 705 ac

469 746 733 798 nudatum
764 745 1021 814 paulatim
1069 745 1422 800 munimentis
1459 745 1570 814 jam
1603 744 1855 799 cominus
1886 745 2044 797 inva‘

469 832 608 888 deus
630 835 981 888 concutiehat
1008 843 1062 887 et
1094 837 1146 888 in
1168 850 1233 888 eo
1262 842 1401 899 erat,
1429 842 1486 888 ut
1523 834 1575 888 in
1609 835 1784 889 solum
1844 835 2046 903 dejice-

468 932 571 977 ret.
604 922 710 977 Sed
744 931 800 975 ιιι
848 938 967 976 eam
1018 924 1387 975 calamitatem
1445 924 1654 977 medela
1708 923 2042 993 praevenisti.

469 1012 983 1069 Subslructionibus
1022 1016 1167 1068 enim
1217 1013 1711 1080 indissolubilihus,
1740 1030 1858 1083 quae
1913 1014 2041 1070 saevi

409 1121 425 1135 ι
466 1104 635 1158 maris
683 1104 791 1158 vim
828 1104 1188 1166 sustinerent,
1226 1104 1584 1166 communita,
1615 1104 1668 1156 in
1721 1111 2042 1173 perpetuum

467 1209 776 1248 mansuram
812 1195 931 1249 urbi
963 1194 1270 1248 restituisti.

534 1283 676 1339 XXI.
706 1284 809 1340 Sed
833 1287 961 1355 quid
998 1301 1137 1355 opus
1192 1292 1280 1339 est
1341 1284 1656 1354 singulatim
1719 1300 2045 1340 enumerare

463 1376 666 1430 mienia
725 1385 779 1430 et
832 1387 1043 1446 portus,
1080 1376 1543 1445 aedificiorumque
1585 1377 2040 1446 pulchritudinem

464 1481 529 1520 ac
572 1468 923 1535 pecuniarum
978 1467 1190 1534 copiam
1254 1467 1319 1519 ad
1361 1468 1728 1537 comparanda
1786 1468 2044 1522 alimenta

463 1554 762 1608 liberaliter
785 1555 1116 1624 insumptam
1138 1555 1161 1608 ί
1183 1555 1309 1624 quid
1332 1556 1552 1608 maximi
1580 1556 1727 1610 illius
1743 1563 1797 1611 et
1827 1572 2042 1610 omnem

463 1647 849 1715 cogitationem
893 1649 1210 1715 superantis
1262 1647 1402 1699 muri
1462 1650 1913 1713 exstructionem,
1948 1651 2042 1718 qui

463 1738 609 1790 altus
639 1747 693 1791 et
724 1752 954 1804 magnus
986 1752 1083 1806 per
1141 1744 1308 1790 totam
1344 1736 1458 1791 fere
1508 1736 1798 1791 Thraciam
1843 1736 2043 1792 ductus

2154 561 2297 621 πεῖν,
2327 560 2518 629 ἡδονὴν
2551 558 2665 629 άμα
2701 557 2796 610 καὶ
2834 555 3107 625 σωτηρίαν
3149 555 3259 612 τοῖς
3307 553 3729 621 ἀφικνουμένοις

2148 651 2452 721 χαρίζεται.
2483 649 2682 703 Τοῦτον
2725 649 2757 718 ἡ
2796 647 3034 701 θάλαττα
3087 644 3227 698 κατά
3265 642 3435 697 νώτου
3487 643 3731 714 προσδα·

2146 742 2314 795 λοῦσα
2338 742 2435 796 καὶ
2469 740 2750 812 γυμνοῦςα
2781 740 2903 792 κατ’
2938 737 3116 806 ὀλίγον
3155 737 3262 791 τῶν
3299 735 3727 805 προὸλημάτων,

2148 832 2375 903 πλησίον
2412 833 2512 902 ἤδη
2570 831 2860 901 γενομένη,
2914 830 3110 883 διέσειέ
3139 846 3196 881 τε
3237 830 3330 881 καὶ
3369 827 3565 899 μικροῦ
3612 825 3729 882 δεῖν

2147 920 2396 976 καθεῖλεν
2426 925 2519 984 είς
2568 920 2782 989 ἔδαφος.
2839 919 2979 973 Ἀλλ’
3015 918 3256 984 ἔφθασας
3280 922 3345 986 τῇ
3376 916 3643 987 θεραπείᾳ
3664 916 3729 967 τὸ

2147 1011 2341 1074 πάθος.
2390 1011 2687 1083 ’Λρῤαγέσι
2728 1010 2835 1079 γὰρ
2857 1007 3141 1079 προϐόλοις
3176 1006 3365 1060 τοῦτον
3412 1007 3728 1075 ἀποφραξά-

2150 1118 2309 1170 μενος
2343 1102 2436 1154 καὶ
2482 1101 2745 1171 δυσμάχῳ
2793 1101 3032 1171 θαλάττῃ
3069 1099 3337 1168 μάχεσθαι
3379 1099 3723 1168 δυναμένοις,

2144 1191 2414 1263 ἀθάνατον
2437 1192 2727 1255 ἀπέδωκας
2756 1191 2866 1259 (51)
2886 1193 2952 1261 τῇ
2988 1191 3139 1243 πόλει
3161 1189 3220 1241 τὸ
3246 1189 3452 1257 κτῆμα.

2216 1283 2346 1334 KA'.
2382 1284 2490 1335 Καὶ
2512 1283 2564 1336 τί
2590 1284 2671 1335 δεῖ
2700 1282 2824 1336 καθ’
2852 1282 3083 1335 ἕκαστον
3110 1278 3543 1349 ἁπαριθμεῖσθαι
3567 1280 3720 1350 τείχη

2145 1374 2241 1426 καὶ
2269 1374 2513 1443 λιμένας,
2541 1373 2989 1445 οἰκοδομημάτων
3010 1391 3067 1425 τε
3096 1372 3267 1440 κάλλη
3299 1371 3393 1423 καὶ¹
3424 1370 3722 1441 χρημάτων

2144 1465 2406 1531 ἀφθονίαν
2451 1466 2586 1534 (5‘2),
2620 1467 2700 1529 εἰς
2757 1465 3112 1536 παρασκευὴν
3157 1465 3363 1535 τροφῆς
3411 1463 3722 1533 φιλοτιμού-

2147 1572 2310 1625 μενα;
2339 1555 2467 1609 τίδὲ
2500 1555 2561 1607 τὸ
2595 1556 2852 1625 μέγιστον
2884 1556 2979 1607 καὶ
3009 1557 3255 1626 κρεῖττον
3299 1555 3479 1624 πάσης
3514 1555 3724 1618 ἐννοίας

2142 1647 2319 1715 τεῖχος
2352 1646 2702 1715 ἐγειρόμενον
2739 1646 2872 1717 (55),
2899 1646 3100 1716 ὑψηλόν
3125 1663 3184 1698 τε
3219 1645 3313 1699 καὶ
3339 1648 3478 1716 μέγα
3495 1646 3562 1698 δι’
3594 1646 3725 1714 ὅλης

2146 1739 2202 1790 ὲν
2249 1739 2406 1807 μέρει
2442 1738 2542 1808 τῆς
2578 1738 2799 1811 Θρᾴκης
2831 1739 3136 1807 άγόμενον;
3180 1741 3242 1797 ὲκ
3300 1739 3571 1808 θαλάττης
3613 1740 3724 1809 γὰρ

461 1835 548 1881 est
573 1826 597 1879 ?
619 1825 752 1879 Nam
784 1841 813 1878 a
845 1826 980 1880 mari
1006 1842 1181 1896 usque
1222 1826 1288 1880 ad
1333 1842 1483 1882 mare
1515 1828 1880 1896 protenditur,
1917 1829 2039 1881 bar-

2150 1831 2224 1892 είς
2258 1830 2525 1883 θάλατταν
2556 1829 2796 1891 ἕλκεται,
2828 1835 2939 1895 τοῖς
2973 1831 3265 1902 βαρϐάροις
3306 1832 3593 1884 ἀποκλεῖον
3624 1831 3724 1901 τὴν

464 1916 626 1970 baros
675 1915 824 1968 aditu
857 1930 1072 1978 arcens,
1102 1931 1431 1986 omnemque
1476 1917 1717 1972 hostium
1773 1925 2038 1987 impetum

459 2007 749 2076 repellens.
781 2006 965 2075 Itaque
989 2021 1189 2076 parvus
1212 2021 1321 2075 prae
1342 2008 1442 2061 hoc
1465 2010 1627 2061 etiam
1657 2007 2043 2062 Themistoclis

462 2113 653 2152 murus
707 2107 813 2161 est,
876 2100 1000 2153 licet
1051 2098 1170 2168 ejus
1220 2101 1448 2154 latitudo
1516 2101 1843 2167 celebratur,
1894 2102 2040 2171 quod

380 2240 385 2247 ,
461 2188 570 2243 duo
588 2188 826 2257 plaustra
852 2189 954 2243 sibi
982 2190 1325 2244 occurrentia
1355 2190 1580 2260 ceperit.
1603 2189 1862 2261 Equidem
1893 2192 2043 2246 exis-

461 2278 595 2330 timo
622 2275 935 2338 Homerum,
964 2278 1010 2331 si
1035 2277 1238 2333 viveret
1259 2286 1313 2332 et
1340 2278 1453 2332 haec
1486 2292 1650 2347 opera
1675 2279 2039 2349 conspiceret,

459 2368 642 2422 valere
657 2367 812 2438 jussa
844 2369 1069 2425 Achillis
1101 2370 1180 2423 ira
1221 2379 1275 2424 et
1312 2371 1436 2424 navi
1462 2386 1569 2425 una
1595 2371 1838 2435 incensa,
1861 2370 2043 2428 MuSus

462 2473 606 2527 saepe
656 2458 1067 2520 advocaturum,
1126 2475 1195 2514 ne
1272 2461 1486 2530 poetica
1556 2462 1852 2517 verborum
1924 2479 2042 2517 ma-

460 2547 774 2619 gniﬁcentia
836 2550 1000 2605 nimis
1045 2548 1189 2604 infra
1234 2565 1416 2605 rerum
1473 2550 1790 2622 dignitatem
1848 2552 2038 2609 subsi-

462 2651 591 2696 stat.

529 2824 698 2881 XXII.
728 2825 941 2881 Etenim
978 2834 1175 2897 praeter
1227 2833 1424 2881 caetera
1450 2826 1748 2883 clementer
1778 2826 1938 2883 audis
1972 2827 2040 2882 ad

462 2928 516 2975 te
546 2919 947 2984 ascendentem,
972 2919 1063 3002 qui
1098 2919 1219 2974 sine
1246 2918 1440 2973 timore
1465 2919 1532 2973 de
1565 2919 1730 2974 rebus
1752 2934 1873 2989 qua:
1901 2934 2040 2988 opus

461 3016 590 3063 sunt
642 3015 821 3062 tecum
858 3008 1120 3077 loquitur,
1150 3006 1432 3077 dignitatis
1485 3006 1916 3077 magnitudinem
1972 3006 2041 3061 ab

2145 1917 2354 1986 ἔφοδον,
2388 1920 2479 1972 καὶ
2511 1921 2691 1973 πᾶσαν
2750 1921 3024 1991 πολεμίων
3055 1920 3440 1989 άπωθτῦμενον
3495 1920 3724 1989 προσϐο-

2146 2008 2243 2079 λήν
2268 2025 2281 2039 ·
2329 2009 2404 2073 ὡς
2440 2010 2636 2082 μικρὸν
2682 2012 2818 2081 πρὸς
2864 2012 3021 2065 τοῦτο
3059 2013 3152 2064 καὶ
3198 2012 3257 2063 τὸ
3287 2010 3721 2079 Θεμιστοκλέους

2146 2097 2287 2153 εἶναι
2321 2101 2559 2166 πλάτους
2589 2102 2748 2155 ἕνεκα
2790 2102 2901 2173 (54)
2934 2104 3026 2156 καὶ
3051 2102 3150 2167 τὰς
3170 2102 3382 2172 ἀμάξας
3407 2102 3720 2175 ἀμφοτέρας

2148 2189 2372 2260 φέρειν,
2426 2194 2474 2245 εἰ
2513 2192 2608 2245 καὶ
2664 2193 2799 2262 πρὸς
2838 2194 3149 2247 τούναντίον
3203 2191 3464 2263 ἀλλήλαις
3499 2194 3593 2245 ἐπὶ
3625 2191 3718 2245 τοῦ

2145 2281 2359 2350 τείχους
2391 2281 2650 2352 ἐχώρουν.
2686 2268 2857 2353 Οἶμαι
2889 2283 3101 2352 γὰρᾶν,
3132 2285 3179 2336 εί
3221 2283 3415 2353 περιῆν
3446 2282 3717 2352 Ὄμηρος,

2146 2374 2241 2425 καὶ
2265 2372 2521 2425 τοιούτων
2541 2372 2717 2443 ἔργων
2742 2373 3037 2427 καθίστατο
3069 2374 3286 2445 θεατὴς,
3321 2373 3593 2442 ἀφέμενον
3619 2372 3719 2426 αὐο

2143 2460 2234 2513 τὸν
2260 2462 2357 2530 τῆς
2395 2462 2613 2532 μήνιδος
2634 2462 2737 2530 τῆς
2774 2463 3062 2531 Ἀχιλλέως
3092 2463 3186 2516 καὶ
3213 2464 3341 2533 μιᾶς
3367 2463 3721 2533 ἐμπιπλαμέ-

2143 2568 2242 2620 νης
2273 2551 2315 2581 ¹⁶
2339 2550 2583 2615 ὁλκάδος,
2611 2551 2871 2615 πολλάκις
2900 2551 3136 2605 ἐνταῦθα
3163 2538 3391 2605 καλέσαι
3438 2554 3535 2615 τάς
3571 2553 3720 2606 Mozi-

2145 2657 2262 2704 σας,
2289 2641 2437 2704 ὅπως
2468 2644 2725 2712 ποιητικῇ
2760 2643 3140 2713 μεγαλοφωνίᾳ
3173 2642 3248 2714 μὴ
3274 2643 3370 2715 τῆς
3403 2644 3560 2710 ἀξίας
3583 2646 3720 2712 ἄγαν

2145 2730 2403 2802 ὑστερίζῃ
2428 2731 2536 2784 τῶν
2558 2733 2753 2803 ἔργων.

2213 2820 2344 2876 ΚΒ’.
2376 2824 2517 2894 Πρὸς
2541 2823 2649 2895 γὰρ
2680 2818 2747 2877 αὖ
2777 2826 2891 2888 τοῖς
2941 2825 3123 2889 ἄλλοις
3179 2826 3275 2880 καὶ
3309 2826 3386 2896 τῷ
3440 2830 3721 2897 προσιόντι

2144 2912 2522 2983 φιλάνθρωπον
2552 2915 2775 2985 ὑπέχεις
2799 2916 2898 2987 τὴν
2923 2916 3112 2987 ἀκοήν.
3143 2916 3251 2970 Καὶ
3276 2918 3586 2985 διαλέγεται
3637 2937 3722 2983 τις

2144 3005 2315 3070 ἀδεῶς
2349 3006 2460 3075 (55)
2492 3006 2621 3078 περὶ
2648 3007 2757 3061 τῶν
2808 3011 3217 3079 προσηκόντων,
3250 3010 3390 3079 ὁρῶν
3418 3010 3491 3074 ὼς
3517 3011 3580 3062 τὸ
3620 3011 3720 3078 τῆς

460 3099 611 3154 omni
679 3099 820 3155 fastu
879 3100 1175 3154 immunem
1233 3099 1631 3169 conSpiciens:
1677 3113 1798 3165 quae
1856 3104 2036 3152 tamen

2150 3096 2301 3161 ἀξίας
2322 3096 2524 3168 ὑψηλὸν
2554 3098 2783 3170 σοϐαρὸν
2811 3100 2961 3153 οὐδὲν
2978 3101 3346 3154 ἐπιδείκνυται
3365 3117 3378 3131 ⁸
3408 3103 3503 3154 ὅπε
3514 3120 3544 3171 ρ
3570 3105 3714 3155 Παυ-

460 3190 788 3246 Pausaniam
818 3189 1143 3260 Spartanum
1177 3189 1373 3244 stolide
1399 3189 1464 3243 ad
1483 3189 1800 3259 jactantiam
1819 3189 2033 3254 extulit,

460 3280 638 3349 qualis
690 3288 858 3345 esset,
917 3278 1210 3334 Persarum
1271 3279 1488 3334 luxuria
1552 3281 1888 3336 convictum.
1952 3279 2035 3335 'l‘u

464 3385 593 3426 vero
627 3371 919 3425 clementer
954 3380 1009 3425 et
1038 3371 1301 3441 loqueris,
1334 3380 1388 3427 et
1410 3372 1651 3429 dicentes
1688 3373 1884 3438 audis;
1913 3375 2036 3427 vul-

461 3471 551 3516 tus
586 3461 843 3517 terribilis
869 3470 923 3517 et
953 3463 1206 3529 superbia
1256 3462 1518 3519 adversus
1545 3465 1807 3521 barbaros
1848 3474 1905 3520 et
1935 3468 2034 3523 ho-

463 3562 894 3612 stesservantur.
930 3551 1098 3607 Nobis
1131 3553 1338 3622 judicia
1368 3570 1592 3611 exerces
1644 3557 1925 3625 benevole,
1959 3558 2036 3612 le-

463 3642 620 3711 gibus
650 3641 815 3711 jubes
842 3646 1155 3699 necessaria
1185 3662 1198 3698 :
1234 3660 1469 3716 cumque
1500 3655 1556 3700 tu
1598 3647 1840 3717 legitime
1873 3650 2034 3705 time-

464 3734 563 3800 ris,
591 3735 740 3801 justa
768 3743 895 3788 sunt
952 3738 1300 3802 commercia,
1331 3747 1386 3792 et
1435 3736 1631 3808 pudica
1687 3740 2033 3795 subditorum

463 3826 828 3891 matrimonia,
863 3828 1216 3897 cognationes
1249 3829 1519 3899 genuinae,
1562 3845 1737 3901 neque
1789 3832 2032 3902 ambigui

461 3922 682 3982 propter
703 3915 1068 3985 suspicionem
1102 3918 1346 3988 patribus
1379 3918 1493 3972 lilii.

528 4107 719 4164 XXIII.
743 4109 915 4166 Nobis
935 4127 1067 4167 sane
1091 4128 1314 4168 aureum
1344 4114 1474 4169 illud
1503 4119 1758 4173 smeulum
1784 4121 2037 4176 oratione

456 4201 814 4265 celebratum,
864 4201 1039 4270 reipsa
1081 4203 1296 4257 tandem
1331 4220 1505 4259 aevum
1552 4210 1813 4264 ostendit.
1848 4209 2038 4280 Neque

456 4291 602 4345 enim
631 4291 844 4362 legibus
889 4300 1101 4348 tantum
1136 4295 1291 4351 nobis
1329 4297 1513 4351 sancis
1547 4299 1770 4368 optima,
1807 4302 1909 4356 sed
1958 4302 2038 4356 vi-

2147 3189 2336 3241 σανίαν
2364 3189 2454 3242 τὸν
2491 3190 2836 3263 Σπαρτιάτην
2875 3193 3256 3263 ἀπειροκάλως
3288 3194 3366 3254 είς
3397 3193 3722 3258 ἀλαζονείαν

2145 3281 2369 3351 ἐπῆρεν,
2402 3282 2507 3335 ὑπὸ
2544 3284 2818 3353 Περσικῆς
2864 3284 3076 3355 τρυφῆς
3120 3285 3496 3355 ἐλεγχόμενον.
3539 3288 3609 3341 Σὺ
3661 3287 3720 3341 δὲ

2141 3373 2323 3443 λέγεις
2350 3392 2407 3427 τε
2429 3374 2845 3445 φιλανθρώπως,
2867 3378 2959 3430 καὶ
2981 3377 3246 3445 λεγόντων
3275 3379 3492 3442 ἀκούεις
3514 3397 3526 3409 ·
3556 3379 3718 3450 βλέμο

2148 3483 2224 3537 μα
2259 3467 2317 3520 δὲ
2345 3467 2515 3520 δεινὸν
2547 3467 2640 3520 καὶ
2669 3469 2924 3538 φρόνημα
2953 3470 3094 3538 μέγα
3120 3472 3260 3523 κατὰ
3290 3470 3396 3522 τῶν
3424 3470 3720 3542 βαρϐάρων

2144 3556 2238 3608 καὶ
2260 3555 2368 3611 τῶν
2423 3555 2753 3610 ἀδικούντων
2810 3559 3125 3628 τετήρηται.
3165 3559 3273 3612 Καὶ
3324 3559 3563 3622 δικάζεις
3618 3553 3719 3627 μὲν

2143 3647 2274 3715 ἡμῖν
2305 3646 2585 3717 εὐμενῶς*
2631 3647 2940 3717 νομοθετεῖς
2993 3650 3050 3702 δὲ
3084 3648 3153 3702 τὰ
3204 3651 3573 3721 προσήκοντα.
3607 3653 3717 3705 Καὶ

2140 3738 2227 3791 διά
2254 3738 2345 3790 τὸν
2381 3738 2473 3791 σὸν
2502 3739 2724 3810 ἔννομον
2749 3740 2915 3809 φόϐον
2942 3739 3123 3793 δίκαια
3155 3740 3255 3808 μὲν
3286 3742 3351 3794 τά
3382 3741 3712 3808 συμϐόλαιαδ

2143 3827 2417 3899 σώφρονες
2440 3829 2496 3882 δὲ
2517 3831 2628 3892 τοῖς
2674 3830 2937 3898 ὑπηκόοις
2986 3830 3036 3882 οἱ
3069 3830 3275 3899 γάμοι·
3324 3832 3524 3898 γνήσια
3561 3832 3614 3883 δὲ
3648 3833 3713 3886 τά

2139 3920 2270 3990 γένη
2295 3937 2308 3951 °
2336 3922 2430 3974 καὶ
2451 3922 2552 3975 οὐκ
2577 3921 2872 3993 ἀμφίϐολοι
2898 3923 3010 3985 τοῖς
3042 3921 3284 3993 πατράσι
3329 3920 3416 3973 διὰ
3455 3920 3552 3992 τὴν
3581 3923 3715 3975 ὑπι-

2136 4009 2264 4081 ψίαν
2298 4014 2345 4064 οἱ
2376 4013 2580 4075 παῖδες.
3224 3996 3233 4011 ’

2208 4126 2336 4180 Kl".
2380 4126 2539 4180 Ἀλλά
2580 4126 2689 4198 γάρ
2723 4129 2854 4198 ἡμῖν
2875 4126 2934 4180 τὸ
2969 4125 3204 4196 χρυσοῦν
3236 4127 3412 4179 ἐκεῖνο
3444 4125 3622 4193 γένος,
3649 4126 3711 4178 τδ

2143 4214 2301 4284 μέχρι
2326 4215 2498 4282 λόγων
2514 4215 2793 4286 ᾀδόμενον,
2846 4216 2999 4285 μόλις
3032 4213 3279 4279 ἀπέδειξε
3321 4216 3435 4276 τοῖς
3463 4214 3647 4284 ἔργοις
3682 4217 3712 4267 ὁ

2139 4304 2349 4375 χρόνος.
2384 4305 2458 4357 Οὐ
2491 4307 2650 4375 μόνον
2679 4307 2788 4377 γὰρ
2817 4308 2946 4378 ἡμῖν
2971 4306 3038 4359 τὰ
3072 4304 3321 4375 βέλτιστα
3364 4304 3452 4359 διὰ
3484 4305 3593 4360 τῶν
3621 4307 3710 4361 νό-

1739 4470 1979 4527 VARle
2021 4468 2420 4532 LEC'IIONES.

554 4577 1021 4650 ’ἐμπιπραμένης
1050 4578 1196 4649 conj.
1225 4589 1279 4636 et
1310 4592 1447 4636 vert.
1485 4578 1581 4647 ἢ,
1605 4582 1814 4641 scilicet
1844 4583 2147 4655 Odysseam
2176 4605 2236 4657 μ.
2264 4589 2372 4644 M5
2394 4589 2711 4661 respiciens.

1598 4738 1824 4795 ANSSII
1861 4739 2289 4800 VILLOISONIS
2321 4745 2556 4804 ΝΟΤίΕ.

524 4869 635 4947 (Si)
663 4868 829 4947 Forte
888 4870 1201 4947 ἀπέδωκας,
1265 4873 1371 4927 nisi
1430 4872 1900 4947 dnoopaﬁdpsvoc
1962 4877 2034 4931 sit
2068 4882 2110 4938 ι)

454 4942 824 4996 nominativus
859 4941 1166 4997 absolutus.

522 5009 632 5079 (52)
664 5011 864 5081 (Πηω.
892 5010 1139 5081 Alelieau',
1183 5019 1220 5065 t.
1266 5009 1406 5081 VIII,
1436 5028 1487 5081 p.
1537 5012 1783 5081 415-417
1810 5030 1825 5079 ;
1857 5013 2032 5066 Mala—

449 5079 579 5152 lam,
612 5077 663 5147 p.
690 5078 807 5152 _46,
841 5079 926 5133 ed.
964 5077 1245 5152 Venel.,et
1268 5077 1527 5152 Cangium
1559 5082 1614 5136 in
1650 5077 1819 5137 CPoli
1863 5083 2029 5137 Clari-

448 5150 648 5219 ειὶαηρ,
674 5148 725 5219 _l.
760 5164 817 5219 ιι,
849 5164 970 5219 pag.
1002 5149 1121 5205 Ili.

520 5217 631 5284 (55)
661 5217 864 5291 CILCI.
903 5217 952 5274 Ie
999 5222 1166 5291 Beati,
1202 5229 1241 5274 t.
1285 5218 1421 5291 VH1,
1455 5237 1510 5291 p.
1555 5222 1846 5276 455.-ct
1892 5219 2025 5277 vide

450 5283 642 5366 ἕψει.
704 5285 905 5366 fictor.
948 5283 1251 5366 meum;
1286 5290 1322 5342 Ι.
1367 5283 1535 5353 ιιι,ὀ.
1572 5292 1687 5366 59,Δ
1712 5307 1788 5366 p._
1807 5291 1932 5356 367,
1966 5303 2027 5348 et

454 5353 668 5435 ﬂetuum
700 5354 931 5435 (Exilium
961 5360 1014 5412 in
1061 5361 1099 5413 l.
1148 5376 1167 5415 ι
1212 5359 1286 5412 De
1331 5369 1530 5428 topogr.
1569 5353 2027 5435 urbis-Constan-

454 5425 613 5491 tinop.
645 5439 696 5479 c.
718 5425 808 5479 21.
840 5425 937 5480 Hic
969 5437 1147 5483 autem
1185 5444 1397 5490 murus,
1429 5425 1488 5483 ut
1531 5429 1787 5484 observat
1820 5430 2025 5485 Henri-

454 5508 549 5546 cus
578 5491 829 5547 Valesius
873 5495 942 5547 ad
990 5498 1310 5547 Evaarium.
1365 5514 1428 5547 ex
1482 5499 1785 5547 eorrditoris
1834 5502 2025 5547 nmui-

451 5508 549 5546 cus
578 5495 829 5549 Valesius
873 5495 942 5550 ad
990 5498 1310 5567 Evagrium,
1365 5514 1428 5551 ex
1482 5499 1785 5554 conditoris
1834 5502 2026 5554 nomi-

453 5576 523 5614 ne
548 5563 724 5643 ilictus
748 5572 841 5647 est
867 5563 1413 5647 AnastasianusNid.
1454 5579 1507 5647 et
1533 5567 2026 5647 Procopiumﬂtjae-

452 5633 779 5757 sgrlilenls’engé
794 5632 871 5688 Dc
892 5637 1153 5705 (adiﬁciis,
1186 5638 1225 5692 l.
1266 5652 1337 5703 tv,
1367 5653 1415 5691 c.
1452 5640 1504 5703 9,
1545 5654 1596 5708 p.
1643 5632 1730 5703 86,
1763 5651 1817 5694 et
1852 5643 2030 5698 Zum-

456 5714 593 5765 raiu,
627 5717 678 5771 p.
713 5714 799 5757 58.

2208 4881 2318 4961 (ει)
2346 4882 2634 4961 _l"orte_hic
2663 4888 2815 4961 deest
2847 4890 2941 4943 καὶ
2965 4901 3092 4945 ante
3124 4890 3355 4954 πλάτους
3376 4892 3571 4961 ἓνεκα;
3621 4900 3703 4953 vel

2137 4954 2318 5033 potius
2345 4954 2626 5033 legendum
2654 4958 2836 5033 _cpépov
2867 4974 2965 5029 pro
3010 4961 3216 5033 φέρειν,
3248 4970 3309 5015 ut
3335 4954 3604 5019 referatur
3636 4969 3703 5021 ad

2135 5020 2565 5099 Θεμιστοκλέους
2590 5020 2788 5099 τεῖχος.

2367 5095 2567 5170 Contra
2628 5091 2857 5170 Photinus
2905 5099 2957 5153 in
3025 5099 3381 5170 Bibliotheca,
3444 5111 3545 5156 art.
3610 5106 3702 5170 69,

2134 5173 2188 5227 p.
2213 5161 2349 5244 I04,
2394 5169 2608 5244 nescire
2646 5183 2704 5222 se
2734 5167 2912 5244 ξιξ-οἰιζ
2958 5184 3056 5244 cur
3104 5161 3406 5244 Hesychius
3443 5161 3701 5244 illustiis,

2134 5237 2225 5297 qui
2254 5237 2308 5285 in
2342 5243 2495 5290 sexto
2517 5251 2629 5291 sua:
2654 5237 2951 5307 καθολικῆς
2976 5237 3234 5309 Ἱστορίας
3268 5241 3407 5295 libro
3426 5240 3700 5298 Anastasii

2133 5309 2283 5371 gesta
2339 5315 2689 5371 narraverat,
2738 5322 2863 5360 eum
2914 5309 3100 5363 multis
3148 5310 3273 5363 aliis
3318 5312 3602 5366 clementia
3647 5324 3702 5367 et

2135 5370 2469 5452 benignitate
2497 5370 2819 5452 praestitisse
2850 5378 3135 5452 scripserit
3165 5395 3179 5430 :
3219 5374 3497 5452 Ὃνοῦτος
3523 5383 3550 5433 ὀ
3572 5400 3703 5452 συγ-

2134 5441 2674 5518 γραφεὺςμπραὸτητί
2703 5447 2879 5518 τεκαὶ
2919 5441 3252 5518 ἡμερότητι,
3277 5450 3376 5502 οὐκ
3404 5445 3500 5501 οἷδ’
3529 5441 3699 5517 ὅπως,

2106 5545 2113 5551 -
2135 5509 2346 5563 πολλῶν
2368 5509 3048 5592 ἀποσεμνύνει-διενεγκεῖν
3069 5534 3081 5547 ·
3114 5509 3257 5592 quod
3285 5519 3501 5592 quidem
3525 5509 3702 5592 Chr}:

2419 5584 2632 5641 sublato
2688 5586 3035 5641 tribuendum
3103 5584 3418 5657 suspicatur
3455 5584 3701 5648 Andreus

2226 5666 2277 5702 ιο
2329 5665 2413 5702 us.

2226 5665 2413 5706 ιοιιιιε.
