3970 6300
482 333 623 397 29,39

1794 347 2147 411 PROCOPII
2184 353 2428 415 GAZEI

3614 353 3749 420 2840

485 446 821 539 (ξζξιιίυητςιη,
855 461 885 531 e
914 448 1145 539 tumulo,
1174 466 1281 519 quo
1315 450 1597 536 Eabricius
1629 458 1915 517 universas
1954 461 2218 530 condidit,
2254 465 2567 532 excitatam,
2602 464 2939 536 protulerim.
2976 464 3151 536 ipsam
3209 482 3338 522 vero
3385 466 3500 538 jam
3548 483 3739 539 super-

485 517 692 571 stitem.
722 518 830 584 iam
869 517 1204 576 incolumem
1229 524 1438 591 aspice.

557 606 678 661 Fuit
734 609 903 680 igitur
941 612 1228 670 calamitas
1275 617 1610 685 calamitate,
1647 622 1804 677 dolor
1850 622 2047 687 dolore,

2236 622 2343 679 Ἦν
2362 626 2472 697 ἄρα
2487 628 2581 681 καὶ
2599 627 2853 700 συμφορά
2874 630 3179 699 συμφορᾶς,
3200 628 3293 681 καὶ
3315 627 3487 691 πάθος
3512 629 3740 694 πάθους,

483 705 668 758 lui-tus
700 704 886 772 luctu,
933 708 1169 777 gemitus
1215 714 1418 781 gemitu
1456 754 1471 779 ,
1519 725 1574 770 et
1617 716 1937 773 lamentatio
1991 722 2063 775 la-

483 782 820 848 mentatione
849 795 1026 866 major
1048 806 1104 852 et
1128 786 1329 853 acrior.
1349 801 1568 859 Caetera:
1595 808 1816 876 quidem
1849 808 2064 864 aﬂlicti-

484 900 639 951 ones,
679 888 869 956 quales
897 888 1021 944 libri
1049 901 1103 946 et
1129 896 1406 950 memoria:
1428 895 1633 961 ferunt,
1666 901 1882 957 urbium
1905 917 2061 957 ever-

483 976 690 1041 siones,
723 978 1054 1049 templorum
1098 984 1463 1051 vastationes,
1508 989 1796 1045 domorum
1844 993 2063 1048 destru-

480 1066 713 1128 ctiones,
758 1077 1065 1123 statuarum
1112 1073 1350 1141 excidia,
1392 1081 1923 1149 transmigrationes,
1962 1084 2060 1137 ab-

478 1157 790 1223 ductiones,
834 1162 1180 1230 Captivitates
1235 1166 1491 1223 novimus
1539 1178 1593 1224 et
1638 1170 1867 1229 scimus.
1903 1172 2060 1227 Vidi-

480 1258 602 1301 mus
629 1260 752 1315 quae
783 1263 893 1303 non
920 1254 1285 1321 speravimus,
1323 1271 1433 1311 non
1460 1262 1926 1329 exspectavimus,
1951 1280 2057 1318 non

478 1345 661 1393 mente
685 1353 926 1410 unquam
949 1345 1303 1413 concepimus
1331 1362 1351 1407 .'
1376 1348 1537 1418 cujus
1567 1351 1856 1408 calamitas
1886 1356 2062 1425 major

477 1429 579 1483 fuit
629 1432 750 1486 visu
798 1444 964 1503 quam
1026 1437 1241 1503 auditu,
1286 1441 1430 1509 quod
1492 1451 1620 1497 ante
1674 1460 1867 1501 omnes
1920 1449 2058 1502 mori

474 1521 834 1589 eupivissent.
871 1523 1013 1589 Quid
1093 1535 1177 1583 est
1211 1528 1316 1583 hoc
1370 1530 1394 1583 ?
1453 1533 1718 1589 mundum
1784 1546 2056 1603 nostrum,

474 1621 724 1666 nostrum
782 1617 1009 1682 ccelunt,
1043 1619 1236 1686 solem,
1281 1628 1507 1689 tectum,
1562 1626 1848 1695 effugium,
1880 1645 2055 1700 spem,

473 1703 652 1757 solum
698 1705 1183 1775 delertamentum,
1239 1713 1417 1769 solum
1453 1715 1737 1786 jnvmnen,
1766 1722 2054 1789 auxilium,

474 1796 940 1868 propitiatorium,
973 1795 1080 1856 hoc
1111 1803 1460 1874 magniﬁcum
1486 1808 1766 1878 templum,
1794 1810 1937 1869 hanc
1967 1816 2056 1869 in-

472 1888 896 1957 comparabilem
910 1891 1133 1947 domum
1150 1909 1315 1966 quam
1336 1898 1625 1956 aediﬁcavit
1643 1902 1848 1971 top/tia,
1872 1903 1934 1965 id
1971 1915 2057 1961 est

2166 717 2258 770 καὶ
2290 717 2432 788 λύπη
2464 718 2661 787 λύπης,
2681 720 2775 772 καὶ
2813 719 3027 790 οἰμωγὴ
3071 719 3318 789 οἰμωγῆς
3347 759 3362 782 ,
3405 719 3500 772 καὶ
3552 714 3747 789 θρῆνος

2165 811 2362 882 θρήνου
2406 812 2609 881 μείζων
2651 829 2711 873 τε
2763 813 2858 866 καὶ
2901 809 3350 883 ἀργαλεώτερος·
3384 812 3481 865 καὶ
3531 812 3599 866 τά
3649 814 3747 883 μὲν

2162 900 2300 954 ἄλλα
2331 900 2440 954 τῶν
2471 902 2810 973 παθημάτων
2837 903 2937 956 ὅσα
2959 904 3052 956 καὶ
3078 902 3250 973 βίϐλοι
3285 903 3380 955 καὶ
3410 902 3620 973 μνῆμαι
3649 904 3747 971 φέ-
3786 915 3795 925 ’

2174 1009 2363 1064 ρουσιο
2398 994 2608 1048 πόλεων
2650 996 3032 1064 κατασκαφάς,
3079 994 3223 1048 ναῶν
3258 993 3592 1064 ἐρημώσεις,
3661 997 3748 1047 οἰ-

2163 1086 2299 1137 κιῶν
2366 1085 2722 1156 ἐρειπὼσεις,
2777 1087 3112 1158 ἀγαλμάτων
3178 1086 3569 1156 συμπτώσεις.
3621 1104 3749 1157 μετ-

2162 1178 2524 1244 αναστάσεις,
2572 1179 2908 1246 ἀπαγωγὰς,
2965 1178 3344 1249 αἰχμαλωσίας
3393 1178 3642 1247 ἔγνωμέν
3685 1196 3745 1231 τε

2161 1270 2256 1320 καὶ
2287 1269 2508 1339 οἴδαμεν
2526 1287 2538 1300 ο
2570 1269 2782 1339 εἴδομέν
2810 1287 2871 1324 τε
2898 1269 2933 1324 ἃ
2958 1272 3058 1324 οὐκ
3089 1270 3155 1324 ἂν
3179 1270 3489 1341 ἠλπίσαμεν
3512 1287 3525 1300 ·
3553 1273 3655 1323 οὐκ
3681 1268 3745 1325 ἂν

2161 1362 2679 1432 προσεδοκήσαμενο
2711 1363 2815 1416 οὒκ
2844 1365 2911 1417 ἂν
2941 1365 3020 1428 είς
3055 1364 3181 1417 νοῦν
3214 1380 3346 1418 ποτε
3381 1363 3744 1417 ἀνετυπώσα-

2164 1472 2263 1523 μεν
2282 1472 2293 1482 -
2326 1456 2417 1508 καὶ
2443 1450 2503 1509 οὗ
2537 1456 2721 1524 μεῖζον
2750 1458 2851 1510 οὐκ
2891 1453 2958 1527 ἦν
2992 1458 3163 1510 κακδν
3194 1456 3227 1527 ἢ
3261 1456 3387 1509 ἰδεῖν
3418 1457 3449 1525 ἢ
3475 1457 3740 1510 ἀκοῦσαν

2160 1546 2256 1598 καὶ
2293 1540 2352 1600 οὗ
2378 1547 2781 1617 προαποθανεῖν
2825 1552 2933 1613 πᾶς
2974 1550 3039 1603 ἂν
3083 1548 3310 1620 ηῦξατο·
3349 1549 3403 1603 τί
3432 1550 3620 1616 τοῦτο;
3651 1551 3745 1602 τὸν

2160 1639 2366 1711 κόσμον
2390 1640 2567 1711 ήμῶν,
2593 1642 2684 1693 τὸν
2715 1641 2943 1713 οὐρανὸν
2974 1643 3152 1712 ἡμῶν,
3185 1642 3278 1696 τὸν
3305 1642 3479 1713 ἥλιον,
3504 1642 3604 1712 τὴν
3628 1642 3747 1696 σκέ-

2161 1750 2290 1802 πην,
2325 1732 2425 1804 τὴν
2460 1733 2806 1803 καταφυγὴν,
2838 1735 2938 1805 τὴν
2976 1734 3200 1796 ἐλπίδα,
3236 1734 3338 1804 τὴν
3373 1735 3542 1803 μόνην
3600 1732 3744 1803 ψυχ-

2160 1824 2371 1892 γωγίαν
2394 1867 2408 1891 ,
2433 1823 2532 1897 τὴν
2561 1825 2730 1896 μόνην
2751 1826 3056 1895 ἀντίληψιν,
3079 1824 3141 1877 τὸ
3170 1822 3492 1894 ἔρεισμα,τδ
3526 1824 3749 1893 ἱλαστή-

2161 1933 2297 1987 ριον,
2343 1914 2434 1968 τὸν
2475 1915 2781 1987 περικαλλῆ
2825 1915 3081 1980 ναὶν,τὺν
3128 1908 3465 1983 ἀσύγκριτον
3506 1909 3652 1966 οἶκον
3686 1913 3748 1965 ἃν

472 1979 739 2048 sapientia
793 1983 895 2038 sub
926 1985 1148 2041 nomine
1196 2002 1320 2054 suo,
1346 2005 1511 2061 super
1539 2007 1702 2063 quam
1735 1999 1930 2052 statuit
1952 1998 2047 2055 has

2161 1979 2173 1987 ’
2191 1979 2607 2077 ᾠκοδόμησενυὴ
2639 1979 2829 2076 Σοφία
2859 2005 3057 2076 ἐπὶ-τῷ
3081 1979 3278 2073 ἑαυτῆς
3305 1979 3527 2072 όνόματι
3546 2019 3560 2033 ’
3579 2007 3676 2054 καὶ

384 2144 395 2155 ⁸
470 2079 681 2142 septem
707 2074 1017 2141 columnas,
1050 2076 1103 2131 in
1135 2095 1241 2148 qua
1273 2096 1403 2138 suas
1446 2083 2046 2154 immolavitvietimas,

468 2172 521 2215 et
548 2162 813 2245 scyphum
847 2165 1105 2236 miscuit;
1135 2185 1169 2224 o
1201 2171 1475 2229 dolorem!
1514 2191 1547 2231 ο
1577 2178 1946 2235 calamitatem
1973 2182 1985 2235 ι
2016 2198 2049 2237 o

472 2255 740 2330 malorum
775 2259 1209 2327 magnitudinem
1243 2264 1255 2316 !
1293 2277 1326 2319 ο
1356 2263 1618 2322 Iliadem!
1652 2271 1777 2340 quis
1806 2271 2046 2344 linguam

469 2360 579 2398 non
623 2345 843 2404 laederet
877 2349 1147 2407 dicendo?
1176 2354 1302 2423 quis
1332 2355 1509 2411 libens
1543 2374 1653 2414 non
1683 2359 2050 2418 suﬂ'ocaretur

467 2447 762 2510 antequam
798 2441 1119 2513 loqueretur
1147 2445 1215 2501 de
1245 2446 1347 2503 hac
1368 2448 1532 2505 domo
1566 2467 1728 2521 quam
1769 2453 1875 2509 sibi
1905 2455 2048 2512 Deus

466 2529 785 2601 selegerat?
834 2548 997 2603 quam
1066 2536 1469 2607 frequentabat,
1529 2556 1694 2617 quam
1750 2552 1806 2597 ut
1874 2548 2048 2614 magis

463 2620 663 2685 dicant,
702 2630 763 2675 ut
808 2624 1039 2692 patriam
1072 2625 1372 2692 habitabat,
1417 2629 1472 2683 in
1500 2646 1602 2700 qua
1640 2635 1912 2705 propitius
1935 2635 2046 2689 cm-

463 2709 732 2778 clebatnr,
765 2728 873 2784 qua
898 2714 1298 2779 delectabatur.
1335 2721 1391 2775 in
1433 2737 1539 2792 qua
1572 2726 2048 2781 conservabantur

464 2802 890 2872 pretiosissima,
946 2808 1149 2872 oleum,
1206 2809 1468 2875 chrisma,
1514 2814 1725 2884 regium
1797 2816 1926 2873 dico
1995 2829 2050 2873 et

462 2897 882 2963 sacramentale,
915 2899 1304 2956 miraculosum
1334 2902 1544 2960 Christi
1581 2920 1783 2976 corpus
1816 2916 1870 2964 et
1919 2923 2048 2964 san-

457 2986 606 3056 guis,
670 2988 726 3044 in
793 3005 896 3060 qua
970 2992 1354 3050 immolabatur
1406 2997 1598 3066 ipse?
1665 3001 1791 3070 quis
1866 3000 2048 3057 dicere

460 3078 689 3136 audebit
741 3084 888 3153 quod
959 3082 1166 3139 factum
1223 3088 1359 3143 est?
1396 3088 1523 3159 quis
1588 3090 1756 3148 ferret
1830 3094 2048 3150 animus

459 3185 652 3228 vocem
694 3173 997 3244 proferre?
1034 3179 1293 3248 templum
1338 3179 1445 3236 hoc
1477 3180 1771 3249 famosum,
1807 3185 2049 3241 celebra-

460 3273 600 3328 tum,
656 3264 980 3327 inviolatum
1012 3269 1232 3336 cecidit,
1277 3278 1456 3342 puto;
1506 3273 1709 3329 cecidit
1735 3283 2045 3331 terrasmotu
2082 3282 2087 3287 '

2154 2097 2423 2168 ὑπήρεισε
2454 2097 2583 2160 τοὺς
2610 2096 2750 2150 ἑπτὰ
2800 2095 3028 2160 στύλους
3053 2095 3297 2157 ἐκείνους
3317 2112 3331 2125 ·
3378 2094 3518 2164 ὑπὲρ
3556 2087 3618 2148 οὗ
3644 2094 3749 2146 καὶ

2151 2187 2221 2241 τὰ
2250 2188 2447 2258 ἑαυτῆς
2479 2186 2679 2256 ἔσφαξε
2708 2186 2929 2258 θύματα
2951 2203 2966 2218 ·
3004 2186 3099 2240 καὶ
3136 2184 3233 2238 τὸν
3260 2184 3515 2255 κρατῆρα
3543 2182 3749 2253 ἐκέρα-

2154 2293 2269 2330 σεν.
2301 2278 2367 2330 Ὢ
2403 2276 2499 2330 τοῦ
2531 2276 2770 2340 πάθουςί
2807 2275 2852 2329 ὣ
2882 2277 2984 2344 τῆς
3018 2276 3305 2346 συμφορᾶς
3331 2276 3344 2329 ι
3372 2272 3418 2326 ὣ
3447 2273 3541 2328 τοῦ
3572 2273 3746 2342 μεγέ⁴

2153 2365 2278 2429 θους
2299 2354 2408 2419 τῶν
2431 2365 2617 2420 κακῶν
2641 2368 2653 2421 !
2684 2365 2729 2418 ὣ
2756 2367 2856 2435 τῆς
2896 2365 3144 2429 Ἰλιάδοςῑ
3177 2364 3272 2428 Τίς
3297 2364 3395 2417 οὐκ
3427 2362 3491 2416 ἂν
3524 2363 3622 2415 καὶ
3639 2364 3748 2431 τὴν

2193 2452 2447 2520 γλῶσσαν
2472 2453 2686 2507 ἐνδάκοι
2738 2453 2882 2506 ὥστε
2914 2456 2987 2524 μὴ
3022 2455 3236 2518 είπεῖν;
3270 2452 3353 2517 τίς
3378 2452 3478 2505 οὐκ
3504 2451 3569 2505 ἂν
3595 2450 3748 2506 ἐκὼν

2151 2539 2483 2610 ἀποπνιγείη
2510 2542 2641 2610 πρὶν
2679 2540 2976 2611 ἐκλαλῆσαι
3001 2541 3189 2594 τοῦτον
3219 2542 3429 2595 ἐκεῖνον
3454 2540 3515 2594 δν
3544 2541 3572 2594 ό
3603 2540 3748 2605 Θεδς

2151 2631 2455 2696 ἐξελέξατο,
2501 2624 2546 2699 ᾧ
2575 2632 2873 2699 ἐπεφοίτα,
2915 2625 2959 2699 ᾧ
3011 2630 3214 2701 μᾶλλον
3246 2631 3421 2685 εἰπεῖν
3459 2631 3749 2703 ἐνεδήμει,

2148 2713 2194 2788 ᾧ
2229 2722 2519 2792 ἠρέσκετο,
2569 2714 2615 2790 ᾧ
2652 2722 3004 2794 ἐπετέρπετο,
3065 2722 3143 2785 είς
3179 2721 3239 2774 ὃν
3276 2722 3537 2775 ἀπέκειτο
3561 2722 3634 2775 τὰ
3656 2739 3744 2778 ἰιι⁵

2128 2812 2421 2883 ’μιώτατα,
2454 2812 2518 2867 τὸ
2549 2814 2745 2886 μύρον,
2789 2814 2852 2867 τὸ
2883 2814 3111 2885 χρίσμα,
3152 2814 3214 2867 τὸ
3249 2813 3531 2883 βασιλικὸν
3563 2815 3747 2884 λέγω,

2151 2905 2244 2959 καὶ
2278 2904 2341 2958 τδ
2378 2905 2657 2976 ἱερατικὸν
2676 2945 2692 2969 ,
2713 2904 2854 2958 εἴπω
2873 2906 2933 2959 τὸ
2955 2904 3257 2977 παράδοξον
3275 2905 3337 2958 τὸ
3365 2904 3460 2960 τοῦ
3491 2906 3748 2975 Χριστοῦ

2153 2992 2311 3064 σῶμα
2353 2995 2449 3049 καὶ
2487 2990 2647 3065 αἷμα,
2679 2996 2738 3048 ἐν
2768 2988 2814 3063 ᾧ
2840 2993 3029 3049 ἐθύετο
3057 2987 3246 3058 οὗτοςς
3279 2995 3376 3057 Τίς
3409 2996 3583 3048 εἰπεῖν
3618 2996 3751 3051 τολ-

2153 3087 2316 3157 μήσει
2343 3086 2405 3140 τὸ
2437 3088 2695 3156 γεγονόςς
2732 3088 2817 3150 τίς
2842 3087 3057 3156 ἐνέγκοι
3076 3086 3222 3157 ψυχὴ
3253 3090 3607 3159 προενεγκεῖν
3631 3089 3745 3159 τὴν

2150 3179 2365 3248 φωνήν;
2417 3173 2573 3242 οὗτος
2624 3176 2928 3249 διώνυμος·
2982 3180 3010 3231 ό
3056 3177 3409 3250 περιϐόητος,
3459 3180 3488 3232 ὁ
3534 3178 3743 3242 ἄσυλος

2151 3265 2569 3340 Επεσεν,οῐμαιί
2604 3268 2770 3323 ἔπεσε
2804 3268 3015 3339 σεισμῷ
3042 3268 3327 3339 κλονηθεὶς
3364 3269 3459 3324 καὶ
3498 3268 3742 3343 βρασμῷ

458 3372 777 3425 excussum,
815 3369 976 3417 terrae
1003 3374 1243 3420 tremore
1268 3363 1562 3435 dejectum.
1598 3365 1660 3421 Et
1686 3368 1780 3439 qui
1814 3368 2047 3439 despicit

2152 3362 2253 3431 γῆς
2299 3361 2608 3432 τιναχθείς’
2645 3363 2740 3415 καὶ
2785 3363 2815 3414 δ
2863 3361 3173 3415 ἐπιϐλέπων
3209 3361 3303 3415 ἐπὶ
3343 3360 3443 3432 τὴν
3490 3362 3595 3430 γῆν
3636 3363 3740 3419 καὶ

458 3450 517 3504 in
569 3459 773 3507 terram
798 3462 854 3508 et
893 3453 1024 3510 facit
1055 3469 1177 3510 eam
1226 3463 1464 3513 tremere
1513 3473 1621 3513 non
1668 3467 1721 3517 te
1753 3461 2044 3525 reveritus,

458 3548 568 3595 non
603 3542 970 3599 collahentem
1000 3553 1068 3616 .te
1101 3545 1396 3603 miseratus
1453 3548 1583 3603 est?
1618 3550 1684 3604 ad
1717 3557 1769 3604 te
1811 3550 1979 3613 enim,
2014 3572 2047 3604 u

460 3634 746 3705 templum,
786 3633 880 3697 Dei
933 3652 1116 3694 sermo
1160 3653 1175 3705 ;
1228 3646 1284 3693 et
1324 3641 1609 3695 ruinarum
1658 3656 1913 3696 acervum
1970 3643 2047 3701 fa-

463 3732 610 3777 ctum
645 3732 699 3778 et
725 3724 1018 3795 disjectum
1050 3734 1105 3783 et
1134 3727 1418 3798 pulverem
1454 3728 1522 3784 ad
1560 3739 1761 3785 terram
1789 3731 2047 3787 delaben-

460 3824 568 3867 tem
634 3823 799 3886 atque
844 3816 1120 3871 sublatum
1177 3832 1287 3873 non
1351 3820 1625 3875 attendit!
1687 3822 1833 3875 nulla
1872 3823 1940 3878 de
1993 3831 2047 3880 te

457 3889 779 3975 compnnnit
818 3907 1145 3963 miseratio!
1191 3909 1313 3966 sine
1371 3910 1665 3968 sacriliciis
1695 3920 1749 3967 et
1801 3914 2045 3982 pulchris

459 3993 657 4051 ritibus
686 3995 813 4063 erit,
840 3996 962 4053 sine
984 3999 1241 4055 cantibus
1271 4000 1521 4055 manebit
1546 4018 1562 4069 ;
1622 4016 1724 4056 nec
1754 4000 2041 4074 propterea

456 4088 660 4158 aliquid
694 4104 893 4160 passus
908 4101 992 4148 est
1014 4093 1069 4147 in
1100 4103 1190 4147 tua
1211 4093 1517 4161 eversione,
1554 4095 1648 4150 sed
1674 4095 1866 4151 faciem
1885 4112 2041 4153 suam

461 4188 518 4233 ut
544 4178 737 4234 duram
792 4188 1006 4250 petram
1055 4183 1410 4254 composuit!
1447 4183 1591 4240 istud
1635 4186 1680 4240 si
1733 4187 1934 4254 adhuc,
1984 4196 2043 4243 ut

457 4272 690 4339 \idetnr,
722 4273 929 4329 oblitus
953 4282 1071 4342 est;
1106 4275 1345 4334 humano
1376 4277 1559 4346 modo,
1586 4276 1788 4339 dicam,
1817 4290 1872 4335 et
1895 4295 2043 4335 com-

432 4372 641 4421 ‘taotus
670 4373 727 4419 ut
759 4366 925 4420 homo
959 4365 1134 4423 factus
1156 4377 1260 4433 est,
1290 4375 1345 4424 et
1369 4371 1677 4440 corporalia
1709 4371 1918 4439 induit;
1942 4388 2041 4428 vos

455 4463 669 4523 autem,
699 4465 754 4512 ut
780 4456 874 4512 lilii
930 4456 1064 4521 Sion
1096 4459 1281 4514 decori
1303 4467 1358 4515 et
1395 4472 1547 4521 auro‘
1580 4463 1905 4531 comparati,
1939 4464 2041 4517 mi-

459 4553 647 4618 nistri,
690 4553 1010 4609 sacerdotes
1047 4563 1102 4609 et
1145 4555 1554 4613 sacrificatores
1586 4558 1768 4627 magni
1818 4565 1871 4612 et
1913 4559 2039 4636 novi

454 4641 738 4708 sacrificii,
790 4650 845 4699 et
887 4643 933 4699 si
965 4644 1094 4715 quid
1131 4646 1278 4701 aliud
1311 4655 1397 4702 est
1446 4647 1502 4701 in
1532 4646 1779 4703 diaconis
1810 4654 1867 4702 et
1911 4648 2040 4703 sub-

454 4736 722 4813 diaconis,
759 4743 814 4791 et
865 4736 951 4792 his
997 4748 1175 4793 vestes
1219 4737 1486 4799 tolluntur
1515 4746 1569 4793 et
1618 4738 2034 4809 disperduntur,

452 4838 507 4880 t-t
548 4840 837 4883 cantorum
882 4839 934 4884 et
973 4831 1307 4887 musicorum
1371 4841 1430 4887 et
1485 4833 1785 4903 psallat-um
1838 4835 2040 4889 cohors

458 4933 774 4981 numerosa,
805 4920 921 4989 qui,
958 4927 1017 4974 ut
1040 4917 1309 4977 Jeremias
1341 4921 1498 4988 dicit,
1532 4922 1723 4977 molles
1774 4931 1827 4978 et
1868 4925 2037 4978 malu-

459 5023 576 5061 rum
600 5018 873 5077 expertes,
893 5019 947 5063 et
973 5008 1065 5064 Dei
1091 5011 1494 5081 magnitudines
1516 5026 1647 5067 voce
1669 5014 2033 5077 celebrantes,

455 5103 732 5171 quomodo
746 5120 890 5159 nunc
916 5106 1290 5177 transmigrati
1323 5107 1498 5162 estis?
1519 5123 1628 5178 quo
1654 5109 1993 5165 convenietis
2017 5113 2041 5173 ﬁt

453 5193 729 5263 quomodo
758 5210 1022 5251 conversa
1056 5204 1141 5251 est
1168 5210 1354 5253 nostra
1388 5198 1572 5255 facies
1593 5199 1645 5252 in
1678 5199 2038 5269 squalorem?

455 5285 730 5355 quomodo
757 5287 890 5341 I‘esta
920 5288 977 5343 in
1023 5288 1444 5346 lamentationes
1473 5290 1496 5343 ?
1524 5308 1710 5346 nonne
1744 5291 2034 5361 pulchrum

456 5379 652 5444 [uisset
679 5381 837 5435 nobis
857 5392 910 5438 et
929 5381 1165 5452 justum,
1193 5391 1252 5441 ut
1281 5384 1412 5443 mihi
1438 5384 1654 5449 videtur
1677 5395 1730 5440 et
1756 5385 2033 5451 etnnibus,

456 5473 597 5528 tueri
636 5482 933 5544 antequam
968 5490 1436 5533 commurcremnr
1468 5477 1523 5531 in
1554 5477 1658 5533 hac
1696 5478 1981 5533 eversione
2014 5480 2037 5532 ?

456 5566 591 5619 tium
620 5574 802 5621 autem
837 5567 980 5623 Deus
1009 5566 1195 5623 vivere
1232 5569 1391 5625 nobis
1428 5569 1581 5623 dedit
1608 5578 1661 5625 et
1697 5586 1794 5625 vos
1838 5570 2033 5626 rudera

459 5666 668 5719 tantum
704 5658 864 5715 nobis
893 5659 1130 5730 reliquit,
1184 5677 1371 5731 quaero
1408 5663 1499 5717 ubi
1555 5665 1741 5719 sedeat
1789 5672 2028 5718 vestrum

456 5750 738 5829 tt'tttpltttti,
764 5750 852 5806 ubi
876 5760 981 5811 stet
1011 5752 1379 5814 \cnet‘andum
1406 5754 1909 5823 concionatm'iunt;l
1939 5756 2028 5812 ubi

2151 3453 2322 3507 ποιῶν
2340 3454 2508 3526 αὐτὴν
2530 3454 2777 3525 τρέμειν,
2800 3453 2900 3507 οὐκ
2927 3452 3127 3524 ᾐδέσθη
3149 3469 3209 3506 σε
3234 3452 3342 3523 ἄρα
3365 3469 3381 3518 ;
3412 3454 3514 3506 οὐκ
3539 3453 3738 3524 ἐλέησε

2151 3545 2417 3599 πίπτοντα
2442 3562 2456 3611 ;
2487 3546 2625 3616 πρὸς
2660 3545 2719 3598 σὲ
2753 3544 2857 3614 γὰρ
2909 3547 2937 3598 ὁ
2963 3545 3139 3613 λόγος,
3172 3544 3269 3597 ναέ
3300 3543 3393 3597 τοῦ
3423 3544 3560 3598 Θεοῦ
3583 3562 3598 3576 ·
3635 3546 3739 3598 καὶ

2149 3637 2313 3713 χῶμα
2332 3638 2618 3707 γινόμενον
2639 3638 2733 3690 καὶ
2759 3636 3112 3707 διαλυόμενον
3135 3653 3148 3668 ·
3172 3637 3267 3690 καὶ
3289 3638 3566 3708 κονιορτὸν
3594 3638 3737 3708 πρὸς

2152 3728 2324 3797 αὐτὴν
2361 3727 2524 3789 πάλιν
2562 3726 2850 3796 αἰρόμενον
2898 3726 2994 3780 καὶ
3043 3727 3450 3798 ἀναφερόμενον
3489 3727 3591 3780 οὐκ
3636 3731 3739 3781 ἐπ-
3788 3770 3799 3775 -

2149 3819 2417 3889 εστράφη.
2442 3818 2574 3871 Οὐδὲ
2595 3817 2868 3888 κατενῦγη
2899 3817 2991 3870 ἐπὶ
3015 3818 3074 3871 σὲ
3104 3820 3133 3871 ό
3157 3816 3734 3889 εὖσπλαγχνος.”Λθυ-

2150 3926 2241 3972 τος
2271 3910 2327 3962 δέ
2357 3908 2513 3971 ἔσται
2541 3910 2637 3971 καὶ
2679 3908 3107 3983 ἀκαλλιέργητος
3127 3925 3140 3940 ο
3172 3911 3267 3964 καὶ
3297 3909 3545 3980 διαμενεῖ
3560 3908 3738 3977 ἀμελ-

2152 3999 2391 4071 ᾠδητοςι
2427 3998 2545 4053 ἀνθ’
2601 3994 2677 4057 ὧν
2739 4000 2840 4063 οὐκ
2891 3999 3061 4061 ἔπαθέ
3112 4016 3164 4053 τι
3206 4001 3303 4053 ἐπὶ
3349 4002 3413 4071 τῇ
3467 3998 3734 4072 συντριϐῇ

2147 4108 2243 4144 σου
2262 4107 2277 4121 ⁶
2311 4091 2425 4145 ἀλλ’
2449 4091 2611 4163 ἔθηκε
2643 4091 2703 4145 τὸ
2751 4091 3039 4162 πρόσωπον
3080 4090 3246 4155 αὑτοῦ
3277 4090 3353 4155 ὡς
3384 4090 3611 4161 στερεὰν
3640 4090 3737 4144 πέ-
3758 4149 3769 4157 _

2145 4199 2312 4253 τραν·
2353 4182 2421 4234 ἵν’
2454 4182 2533 4252 ἰδῇ
2566 4184 2660 4236 καὶ
2692 4183 2825 4236 αὐτὸ
2876 4185 2924 4236 εί
2958 4185 3051 4237 καὶ
3091 4184 3185 4237 νῦν
3210 4183 3286 4245 ὡς
3324 4183 3503 4237 ἔοικεν
3548 4182 3736 4237 ἐπιλέ·

2151 4275 2383 4346 λησται·
2438 4276 2505 4327 ἶν’
2543 4275 2901 4346 ἀνθρωπίνως
2935 4277 3095 4341 εἴπω,
3140 4277 3237 4330 καὶ
3286 4274 3608 4346 περιπαθῶς
3654 4275 3736 4338 ὡς

2145 4366 2430 4438 ἄνθρωπός
2460 4383 2519 4420 τε
2552 4369 2771 4437 ἐγένετο
2796 4384 2811 4399 ·
2857 4369 2952 4421 καὶ
2977 4369 3044 4421 τὰ
3072 4367 3362 4437 σωματικὰ
3402 4366 3695 4431 ἀνεδέξατο
3715 4382 3730 4397 ·

2146 4459 2303 4529 ὑμεῖς
2327 4460 2384 4513 δὲ
2416 4459 2491 4524 ὡς
2523 4460 2628 4512 υἱοὶ
2654 4458 2794 4514 Σιὼν
2826 4462 2874 4513 oi
2903 4460 3078 4529 τίμιοι
3112 4461 3207 4521 καὶ
3228 4458 3568 4529 ἀντιθέμενοι
3598 4475 3735 4529 χρυ-

2149 4552 2249 4623 σίῳ
2269 4568 2285 4583 ·
2307 4553 2357 4605 οἱ
2377 4553 2705 4623 λειτουργοὶ,
2733 4554 2826 4607 καὶ
2848 4555 3031 4626 ἱερεῖς,
3058 4552 3150 4606 καὶ
3172 4551 3330 4605 θύται
3363 4550 3454 4603 τοῦ
3488 4551 3731 4620 μεγάλου

2152 4646 2243 4696 καὶ
2273 4643 2462 4697 καινοῦ
2485 4645 2727 4714 θύματος
2743 4662 2757 4676 ·
2789 4646 2881 4699 καὶ
2904 4643 2959 4696 εῐ
2978 4661 3029 4696 τι
3051 4643 3237 4715 ἕτερον
3262 4646 3319 4696 ἐν
3339 4643 3609 4707 διακόνοις
3638 4643 3735 4696 καὶ

2154 4737 2557 4801 ὑποδιακόνοις·
2593 4738 2687 4789 καὶ
2716 4739 2829 4801 τοῖς
2858 4736 3073 4806 αἴρουσι
3106 4737 3172 4788 τὰ
3204 4734 3375 4805 σκεύη
3404 4736 3499 4789 καὶ
3522 4735 3732 4788 Δκαθαι-

2149 4830 2330 4901 ροῦσι*
2364 4832 2459 4882 καὶ
2514 4829 2858 4900 μελουργοῖς,
2891 4831 2986 4882 καὶ
3034 4828 3321 4899 ὑμνῳδοῖς,
3348 4827 3444 4881 καὶ
3496 4826 3733 4900 ψάλταις

2154 4926 2322 4995 σύστη
2334 4924 2410 4993 μά
2429 4941 2487 4976 τε
2518 4923 2615 4976 καὶ
2635 4922 2906 4993 πλήρωμα
2927 4924 2939 4975 !
2960 4921 3028 4985 οἳ,
3049 4921 3123 4984 ὠς
3141 4919 3408 4990 Ἱερεμίας
3428 4919 3584 4988 φησὶ,
3602 4934 3734 4988 τρυ-

2144 5017 2301 5087 φεροί
2327 5034 2386 5069 τε
2421 5016 2517 5070 καὶ
2562 5016 2748 5070 κακῶν
2782 5014 3043 5079 ἀπαθεῖςο
3082 5014 3176 5067 καὶ
3224 5014 3326 5077 τὰς
3365 5012 3603 5083 ὑψώσεις
3634 5012 3732 5065 τοῦ

2144 5109 2282 5164 Θεοῦ
2315 5112 2373 5164 ἐν
2399 5109 2476 5180 τῷ
2518 5110 2757 5180 λάρυγγι
2795 5108 3202 5179 περιφέροντες,
3228 5106 3345 5171 πῶς
3375 5105 3469 5160 νῦν
3504 5105 3729 5175 μετατὲ-

2140 5203 2353 5263 θεισθε;
2384 5201 2484 5255 ποῦ
2524 5201 2880 5273 ἁθροίζεσθε;
2911 5200 3028 5263 πῶς
3049 5199 3298 5269 ἐστράφη
3329 5200 3362 5270 ἡ
3394 5202 3537 5269 χαρά
3571 5196 3730 5267 ἡμῶν

2139 5297 2220 5359 είς
2250 5293 2480 5360 πένθος;
2512 5295 2629 5356 πῶς
2671 5294 2727 5346 αἱ
2757 5292 2943 5363 ἑνιρταὶ
2972 5293 3049 5354 εἰς
3077 5290 3339 5361 θρήνους;
3364 5290 3437 5342 Οὐ
3471 5287 3635 5342 καλὸν
3660 5283 3731 5358 ἦν

2140 5389 2272 5459 ἡμῖν
2302 5388 2396 5440 καὶ
2423 5388 2592 5455 ὅσιον,
2613 5386 2687 5449 ὡς
2721 5388 2814 5449 καὶ
2846 5385 2970 5454 ἐμοὶ
2994 5382 3139 5451 ἔδοξε
3180 5384 3272 5437 καὶ
3294 5385 3449 5443 πᾶσι,
3478 5396 3729 5452 προαπο-

2142 5478 2402 5549 θανεῖν,ῆ
2436 5478 2826 5535 συναποθανεῖν
2848 5476 2923 5547 τῷ
2957 5476 3246 5545 πτώματι;
3286 5473 3440 5527 Ἐπεὶ
3463 5473 3519 5526 δὲ
3549 5472 3731 5535 685b,-

2141 5569 2240 5640 ζῇν
2273 5570 2404 5638 ἡμῖν
2436 5567 2604 5621 ἔδωκε
2641 5568 2734 5620 καὶ
2787 5566 3202 5635 ἐγκατάλειμμα
3245 5565 3376 5634 ἡμῖν
3420 5562 3564 5630 ὑμᾶς
3625 5562 3729 5614 ὑπ-

2143 5662 2410 5728 ελείπετο,
2426 5660 2573 5732 ζητῶ
2603 5659 2705 5713 ποῦ
2723 5659 2781 5713 τὸ
2814 5661 2956 5730 ἱερὸν
2981 5661 3009 5713 ὖ
3019 5660 3135 5731 μῶν
3155 5658 3388 5728 κάθηται
3412 5655 3562 5726 νῦνῆ
3585 5655 3733 5709 ἵστα-

2142 5771 2230 5817 ται
2264 5751 2666 5829 σεμνολόγημα·
2703 5752 2797 5806 ποῦ
2830 5755 2857 5821 ἡ
2896 5751 3101 5815 ςύἰν.δο;
3135 5768 3144 5778 ·
3184 5749 3282 5801 ποῦ
3319 5749 3350 5819 ἡ
3395 5746 3723 5810 συνέλευσις
