3982 6310
333 264 478 333 ειιι

1353 265 1695 329 MONODIA
1726 268 1809 328 IN
1862 269 2206 330 SANCTAM
2257 270 2612 330 SOPHIAM.

3468 273 3611 336 2’35“).

335 380 448 434 ποῦ
476 377 509 448 ἡ
542 373 849 446 συζήτησις
872 374 980 427 τῶν
1030 372 1318 445 Γραφικῶν
1366 376 1543 446 ῥητῶν
1571 392 1623 427 τι
1662 374 1794 446 περ).
1829 375 1919 444 τῆς

2029 375 2418 445 congregatio?
2433 374 2527 428 ubi
2555 374 2831 429 aﬂluentia
2856 375 2880 428 ‘P
2904 374 2994 429 ubi
3020 375 3293 446 expositio
3311 370 3606 448 Scriptura:

340 467 636 536 σιμφορᾶς
690 463 904 533 ἐκείνης
944 462 1223 531 φιλοσοφεῖ
1249 480 1330 529 τε,
1376 464 1503 535 περὶ
1546 464 1883 532 εὐδοκήσεως
1911 479 1924 492 °

339 560 474 630 περὶ
524 557 1016 628 παραχωρήσεως,
1082 557 1209 626 περὶ
1259 555 1593 626 οἰκονομίας,
1649 555 1778 626 περὶ
1818 555 1927 608 τῶν

342 652 658 720 ἁνεφίκτων
704 650 1036 720 χρημάτων·
1073 648 1127 700 εἴ
1155 666 1240 712 τις
1288 649 1444 719 ἐδόθη
1485 648 1674 718 ὑμῖνῆ
1714 651 1927 701 ἀπεκα-

341 742 522 811 λύφθη
568 741 761 810 λόγος·
793 742 982 795 εἴπατε
1017 742 1292 812 καὶὴμίν·
1329 743 1423 795 καὶ
1450 739 1524 811 μὴ
1554 740 1749 809 ἐάσητε
1781 740 1927 810 μόνῳ

340 834 422 905 τῷ
452 833 852 902 ἀποσπάσματι
898 830 992 884 τοῦ
1028 830 1173 902 ἱεροῦ
1203 830 1374 902 ὕμνου
1405 833 1762 902 προσανέχειν
1782 848 1796 863 ’
1825 833 1926 886 οὐκ

341 926 490 979 ἐστιν
513 927 573 978 ἐν
594 923 673 995 τῷ
699 923 878 995 καιρῷ
901 921 1486 994 τοὺτῳ,λὲγων,ἅρχων
1519 922 1552 993 ἧ
1581 925 1867 995 προφήτης
1889 925 1922 996 ἦ

344 1019 646 1090 ἡγούμενος
670 1032 685 1048 °
708 1017 830 1071 οὑδὲ
845 1004 1210 1079 ὁλοκαύτωσις
1231 1033 1244 1046 ο
1262 1016 1384 1069 οὐδὲ
1404 1016 1583 1080 θυσία,
1602 1017 1721 1069 οὐδὲ
1750 1033 1922 1087 προσ-

347 1112 509 1181 φορὰ,
549 1111 671 1163 οὑδέ
727 1110 996 1180 θυμίαμα.
1028 1109 1103 1162 Οὐ
1150 1108 1316 1172 τόπος
1359 1107 1454 1162 τοῦ
1505 1107 1795 1178 καρπῶσαι
1839 1110 1926 1161 ἐν-

341 1202 519 1256 ὠπιόν
549 1220 643 1256 σου
685 1203 780 1256 καὶ
821 1204 1004 1274 εὑρεῖν
1036 1201 1209 1265 ἔλεος·
1236 1200 1348 1255 ἀλλ’
1374 1202 1531 1273 ὑμεῖς
1563 1201 1662 1270 μὲν
1691 1202 1785 1254 καὶ
1814 1199 1921 1253 σώ-

341 1296 528 1361 ζοισθε
569 1296 663 1350 καὶ
695 1295 857 1349 ἴδοιτε
888 1295 986 1365 τὴν
1016 1294 1145 1347 νέαν
1185 1294 1543 1366 Ἰερουσαλὴμ
1579 1293 1923 1363 ἀναγομένην

335 1405 397 1441 τε
427 1388 510 1451 εἰς
557 1387 689 1457 ὕψος
730 1387 826 1439 καὶ
875 1384 1388 1455 ἀνακαινιζομένην,
1435 1385 1529 1438 καὶ
1571 1387 1692 1447 ταῖς
1734 1384 1924 1454 εὐχαῖς

339 1481 709 1550 συγκάμοιτε,
754 1481 847 1532 καὶ
892 1477 1315 1549 δοξασθήσοισθε
1343 1479 1423 1530 ’ἐν
1475 1477 1611 1547 αὑτῇ
1644 1477 1739 1528 καὶ
1794 1475 1926 1544 λαμ-

339 1571 747 1644 πρυνθήσοισθε
766 1587 779 1602 σ
814 1571 877 1623 σὺ
910 1569 988 1636 δὲ,
1018 1568 1157 1639 ἥλιε,
1184 1567 1281 1621 καὶ
1317 1567 1536 1638 σελήνη,
1566 1567 1658 1619 καὶ
1691 1565 1924 1636 ἀστέρες

336 1664 522 1733 ὑμεῖς,
558 1659 665 1715 ποῦ
695 1677 826 1714 ποτε
867 1661 993 1729 ἄρτι
1044 1657 1297 1727 φαίνε-τε;
1329 1655 1434 1709 ποῦ
1476 1655 1773 1722 αὑγάζετες
1818 1653 1921 1707 ποῦ

2031 466 2323 519 verborum
2360 463 2385 517 ?
2420 474 2602 518 utrum
2635 464 2840 534 aliquid
2889 464 2956 519 de
2995 464 3097 519 hac
3159 465 3469 521 Calamitate
3497 469 3608 525 dis-

2029 565 2175 612 serat
2225 574 2240 624 ;
2278 557 2345 612 de
2405 557 2827 633 benevolentia,
2865 556 2934 611 de
2980 559 3324 622 remissione,
3375 558 3442 615 de
3485 560 3603 615 dis-

2030 650 2370 719 pensatione,
2419 650 2487 704 de
2542 648 2844 704 inaccessis
2898 649 3126 716 divitiis,
3181 658 3362 704 utrum
3403 652 3604 722 aliquis

2027 740 2190 796 datus
2239 741 2311 797 sit
2359 738 2515 794 vobis
2566 747 2661 793 aut
2699 737 3059 793 absconditus
3117 754 3304 794 sermo
3362 741 3387 794 Ἰ
3436 742 3604 798 dicite

2026 834 2207 895 nobis.
2234 848 2414 904 neque
2433 832 2596 887 sinite
2627 830 2721 885 uni
2751 846 2781 885 e
2809 829 2994 900 templi
3025 829 3344 900 fragmentis
3371 832 3604 903 hymnos

2027 927 2324 981 adhaerere.
2358 923 2479 979 Non
2527 932 2612 979 est
2656 924 2713 977 in
2740 923 2845 978 hoc
2895 932 3137 993 tempore
3171 924 3399 994 loquens
3448 925 3606 994 prin.

2025 1033 2177 1089 ceps,
2223 1017 2489 1088 prepheta
2515 1024 2608 1069 aut
2636 1014 2747 1069 dux
2782 1030 2802 1083 ;
2856 1029 2969 1070 non
3005 1015 3386 1070 holocaustum
3426 1034 3442 1083 ;
3496 1032 3602 1072 non

2024 1110 2354 1167 sacriﬁcium
2384 1124 2560 1179 neque
2588 1107 2841 1175 oblatio;
2870 1124 2981 1162 non
3013 1107 3604 1170 iucensum,neclocus

2022 1199 2311 1273 colligendi
2368 1214 2550 1255 coram
2609 1209 2659 1253 te
2691 1206 2746 1253 et
2791 1198 3110 1252 inveniendi
3145 1198 3602 1252 misericordiam.

2028 1290 2135 1347 Vos
2172 1299 2352 1345 autem
2396 1295 2726 1343 mementote
2756 1297 2810 1342 et
2842 1287 3019 1342 videte
3065 1301 3263 1343 novam
3299 1286 3603 1344 Jerusalem

2022 1384 2410 1441 ascendentem
2451 1382 2505 1435 in
2540 1382 2708 1434 altum
2736 1387 2787 1433 et
2820 1388 3137 1434 renovatam
3175 1398 3189 1445 ;
3227 1381 3480 1450 precibus
3512 1382 3606 1435 ad-

2019 1469 2227 1545 iuvate,
2251 1480 2305 1528 et
2334 1472 2777 1545 glm'ilicabimini
2812 1471 2868 1524 in
2904 1471 2995 1524 illa
3020 1481 3074 1525 et
3101 1472 3601 1541 tuagnilicahimini.

2024 1564 2104 1620 Tu
2133 1574 2336 1632 autem,
2362 1565 2444 1637 sol
2474 1573 2529 1619 et
2561 1563 2710 1626 luna,
2733 1577 2832 1617 vos
2854 1562 3047 1624 stellae,
3081 1561 3170 1617 ubi
3196 1578 3342 1617 nunc
3368 1563 3608 1637 lucetis?

2024 1656 2116 1711 ubi
2176 1655 2446 1726 fulgetis?
2504 1654 2595 1708 ubi
2648 1652 2832 1707 radios
2885 1654 3103 1708 mittitis
3164 1653 3623 1723 orientes?quae

332 1756 438 1818 τὰς
465 1757 695 1819 ἀκτῖνας
734 1754 1043 1823 ἀνίσχοντες
1070 1750 1353 1820 πέμπετες
1386 1751 1537 1812 ποῖος
1566 1748 1710 1818 ὑμᾶς
1732 1748 1919 1818 ἕτερος

2026 1763 2120 1803 vos
2159 1748 2329 1802 altera
2362 1745 2558 1801 domus
2586 1745 2791 1815 excipit
2833 1755 2888 1800 et
2941 1745 3248 1815 hospitatur
3282 1747 3432 1814 ?qua
3460 1763 3606 1803 nunc

331 1845 486 1913 οἶκος
505 1847 786 1918 ἐκδέχεται
802 1846 890 1898 καὶ
916 1844 1231 1914 ὑποδέχεται
1249 1859 1266 1910 ;
1283 1841 1388 1895 τίνι
1410 1839 1769 1912 ἐναϐρύνεσθε
1791 1839 1915 1904 νῦνς

330 1941 442 1995 τίνι
472 1940 874 2008 ἀντιλάμπετες
906 1935 1043 2007 ποίῳ
1068 1936 1213 2007 ἔργῳ
1237 1931 1662 2003 ἐνσεμνύνεσθε;
1686 1931 1770 1993 τίς
1793 1930 1918 1984 ἰδεῖν

332 2032 484 2103 ὑμᾶς
527 2030 641 2085 ἄνω
671 2030 883 2101 βλέπων
907 2028 1117 2094 ἐθέλοις
1152 2026 1233 2091 τίς
1260 2026 1384 2098 οὑχὶ
1424 2024 1624 2097 μᾶλλον
1672 2023 1918 2080 κατακύ-

270 2150 279 2159 -
334 2142 490 2179 πτων
521 2127 579 2177 ἐν
610 2123 790 2177 σκότει
831 2120 1236 2191 διαπορεύεται,
1272 2118 1367 2173 καὶ
1418 2117 1532 2187 φῶς
1577 2117 1917 2187 ἀποστρέφε-

330 2233 462 2283 ταις
492 2217 608 2269 Οὑκ
630 2214 738 2291 ἐδει
764 2230 824 2266 σε
866 2210 1253 2282 περιϐαλέσθαι
1285 2209 1476 2272 σκότος
1519 2210 1581 2261 τὸ
1621 2207 1915 2278 πένθιμον;

334 2309 519 2361 ἐκεῖνο
544 2305 703 2359 τοῦτο
725 2305 824 2375 ἢδη
849 2303 1124 2373 δεύτερον,
1154 2301 1342 2371 φωστή
1354 2317 1461 2372 ρων
1486 2300 1673 2371 ἄριστε
1698 2300 1794 2353 καὶ
1825 2299 1919 2369 μέ-

333 2418 493 2469 γιστε
525 2399 674 2470 ἧλιες
713 2398 833 2469 οὑχὶ
872 2398 964 2451 καὶ
1010 2396 1092 2460 σὲ,
1134 2395 1459 2464 πανσέληνε,
1495 2394 1771 2447 κωνοειδεί
1810 2411 1918 2447 τινι

337 2491 639 2560 σκιάσματι
666 2489 998 2559 ὑποδραμεῖν
1032 2488 1130 2542 καὶ
1161 2486 1535 2558 ὑποκρυὸἧναι
1564 2487 1597 2556 ἢ
1632 2484 1875 2555 ἐκλεῖψκι
1901 2504 1914 2553 ;

347 2580 485 2634 Ἀλλ’
513 2578 657 2632 οὑτω
707 2578 989 2648 παρείδετε
1017 2579 1077 2629 τὺ
1108 2575 1338 2645 γεγονὸς
1365 2575 1439 2638 ὼς
1465 2574 1730 2646 ἀγένητον
1752 2591 1763 2604 ο
1824 2578 1918 2627 καὶ

335 2670 441 2724 ποῦ
460 2662 821 2739 ἐνδοξασθήσε
831 2667 923 2722 σθε
943 2687 960 2736 ;
979 2668 1181 2736 Ἐγωγ’
1203 2663 1298 2722 οὖν
1318 2666 1576 2727 πολλάκις
1609 2667 1750 2737 ὑμᾶς
1777 2662 1917 2720 εἶδον

332 2760 395 2813 ἐν
432 2758 515 2829 τῷ
558 2758 877 2827 σελασφόρῳ
922 2758 1324 2829 περιγνάμπτῳ
1374 2757 1486 2829 ναῷ
1531 2758 1726 2826 ἐκείνῳ
1757 2776 1770 2790 ο
1822 2757 1918 2811 καὶ

337 2849 465 2905 ἰδὼν
490 2849 782 2920 ἐθαύμασα
800 2851 894 2902 καὶ
918 2849 1015 2919 τὴν
1037 2849 1217 2902 αἰτίαν
1237 2847 1516 2919 ἠρεύνησε.
1536 2886 1552 2912 ,
1583 2848 1648 2901 δι’
1671 2851 1739 2920 ἢν
1759 2848 1918 2901 τοῦτο

333 2941 636 3010 ὑπέστητε.
665 2940 775 2994 Καὶ
800 2940 861 2992 τὸ
886 2938 979 2993 τοῦ
1001 2939 1132 2993 ναοῦ
1160 2937 1358 3000 κάλλος
1390 2941 1562 2993 αἴτιον
1593 2938 1794 3009 ἔμαθον
1817 2939 1916 3008 τῆς

333 3033 624 3104 διατρισῆς
677 3031 909 3104 ἐκείνης.
950 3031 1142 3086 Καίτοι
1187 3031 1496 3104 δυσέρωτας
1539 3032 1685 3103 ὑμᾶς
1758 3031 1917 3104 ᾤμην

333 3123 477 3180 εἶναι
506 3126 541 3197 ἦ
583 3126 857 3197 ἀνέρωτας
878 3141 893 3157 ⁸
937 3126 1065 3178 ποτὲ
1095 3125 1151 3179 δέ
1192 3141 1284 3195 μοι
1325 3125 1419 3177 καῖ
1449 3126 1515 3178 δι’
1544 3125 1672 3194 ὅλης
1713 3127 1918 3197 ἐφάνης

334 3218 434 3289 τῆς
464 3219 702 3290 ἡμέρας,
724 3216 859 3287 ἥλιε,
892 3216 1284 3288 ἐμφιλοχωρῶν
1314 3217 1494 3270 ἐκεῖσε
1516 3233 1530 3247 ·
1565 3217 1657 3270 καὶ
1688 3216 1922 3288 στρεφό-

339 3327 500 3380 μενος
531 3312 624 3363 καὶ
654 3308 862 3378 φαίνων
904 3310 997 3362 καὶ
1022 3309 1256 3379 λάμπων
1277 3324 1289 3337 ·
1326 3307 1424 3362 καὶ
1468 3306 1611 3362 ἐκὼν
1659 3309 1760 3362 οὑκ
1811 3310 1921 3377 ἀφ-

337 3400 534 3462 ίστασο
568 3401 601 3473 ἢ
631 3400 953 3470 μεθίστασο·
979 3401 1083 3464 ἕως
1112 3404 1144 3471 ή
1177 3400 1275 3465 νὺξ
1307 3399 1508 3471 ἐπῆλθε
1551 3399 1649 3472 τὴν
1679 3400 1920 3471 διάδοχόν

338 3512 420 3548 σοι
454 3494 690 3564 σελήνην
734 3494 997 3563 φέρουσα.
1022 3494 1131 3548 Καὶ
1174 3493 1322 3547 τοῦτο
1348 3492 1459 3562 ἐγὼ
1498 3492 1711 3563 βλέπων
1744 3491 1920 3560 ἐλογι-

339 3585 515 3655 ζύμην
541 3585 625 3637 ὅτι
669 3585 760 3637 καὶ
786 3583 1019 3652 γίγαντα
1064 3586 1158 3637 καὶ
1190 3585 1423 3653 νυμφίον
1474 3585 1539 3637 ὲκ
1567 3583 1660 3638 τοῦ
1709 3584 1916 3637 παστοῦ

339 3677 696 3746 ἐξερχόμενον
744 3677 774 3729 ό
833 3676 1069 3746 μελῳδὸς
1130 3676 1292 3729 Δαυϊδ
1352 3693 1413 3730 σε
1467 3674 1913 3747 προανεφὼνησε.

339 3770 564 3839 Προεῖδε
599 3769 710 3837 γάρ
748 3786 808 3821 σε
839 3770 1046 3833 ἐκεῖνος
1081 3770 1175 3823 τοῦ
1207 3768 1503 3840 παμφαοῦς
1545 3769 1754 3823 ἐκείνου
1785 3769 1915 3823 ναοῦ

338 3860 573 3930 ἐρῶντα.
605 3861 716 3914 Καὶ
748 3855 868 3912 εἷπε
898 3860 954 3913 δέ
980 3877 1060 3914 σοι
1092 3859 1284 3914 ταῦτα.
1315 3860 1429 3914 Καὶ
1467 3859 1562 3914 νῦν
1592 3860 1782 3912 τοῦτον
1816 3861 1918 3914 οὑκ

338 3952 453 4002 ἐνετ
465 3949 940 4020 ράπης,πίπτοντα
961 3949 1031 4001 δι’
1058 3942 1131 4001 ὧν
1153 3944 1220 4021 ἦς
1248 3950 1448 4019 μείζων
1475 3965 1491 3981 ’
1519 3949 1587 4003 δι’
1608 3942 1683 4003 ὧν
1717 3950 1919 4015 ἐνδοξό⁴

339 4059 497 4113 τερος
522 4082 538 4106 ,
566 4041 636 4094 δι’
656 4035 733 4093 ὧν
761 4041 1113 4113 φαιδρότερος
1147 4040 1276 4113 ἔσῃ’
1309 4042 1403 4094 καὶ
1437 4042 1500 4094 σὺ
1535 4041 1754 4096 πάντων
1787 4042 1913 4096 ἁδό-

339 4132 531 4197 ξαστος
549 4132 936 4204 ταπεινωθήσῃ
981 4134 1175 4204 μικρὸν
1205 4134 1302 4187 καὶ
1343 4136 1667 4202 στυγνάςεις
1712 4135 1806 4187 ἐπὶ
1837 4134 1916 4205 τῷ

338 4227 631 4305 πτώματι·
679 4227 766 4279 ἵνα
800 4226 979 4297 μάθῃς
1018 4228 1307 4290 ἁλλοιωτὸς
1342 4229 1437 4280 καὶ
1467 4228 1627 4290 αὑτὸς
1669 4228 1763 4281 καὶ
1789 4245 1915 4299 τρε-

338 4317 467 4380 πτδς
501 4317 778 4385 γεγονὼς,
817 4319 912 4370 καὶ
949 4316 1125 4389 φθορᾷ
1155 4319 1545 4389 ὑποκείμενος·
1582 4314 1737 4383 οὗτος
1767 4319 1824 4371 δὲ
1866 4320 1914 4372 εί

337 4409 433 4480 μὲν
470 4411 865 4479 ἀναστήσεται,
902 4409 995 4462 καὶ
1027 4409 1395 4483 ὑψωθήσεται,
1422 4412 1518 4464 καὶ
1550 4411 1915 4483 ἐδραιωθήσε-

334 4518 440 4563 ται,
463 4501 495 4572 ἢ
521 4500 1038 4571 συντελεσθήσεται,
1062 4502 1162 4555 οὑκ
1186 4503 1320 4573 ἐμὸν
1362 4503 1562 4558 εἰδέναι
1584 4521 1598 4535 ·
1630 4502 1764 4556 τὸδ’
1785 4503 1917 4574 ἐμὸν

332 4595 379 4646 εἰ
417 4594 727 4657 ἐπιϐιώσω,
757 4595 807 4648 εί
840 4593 1087 4661 εἰσέλθω,
1114 4597 1163 4649 εί
1200 4595 1344 4661 εἴδω,
1370 4598 1418 4650 εἰ
1445 4597 1831 4668 προσκυνήσω,
1864 4598 1916 4650 εί

332 4685 697 4763 θεοκλυτήσω,
724 4686 864 4743 Θεοῦ
890 4684 996 4757 ἄρα
1031 4686 1187 4740 τοῦτο
1221 4689 1442 4741 κᾶκεῖνο
1480 4688 1704 4751 εἰδότος,

2026 1839 2333 1910 gloriamini
2363 1838 2387 1891 ἲ
2419 1836 2550 1907 quid
2575 1837 2899 1893 illuminatis
2917 1837 2943 1891 ’ἒ
2966 1854 3076 1908 quo
3099 1846 3292 1894 ornatu
3318 1839 3607 1909 gaudetis?

2028 1933 2152 2003 quis
2186 1945 2411 1986 cernere
2442 1946 2539 1985 vos
2577 1947 2814 2002 superne
2848 1933 3119 2002 aspiciens
3149 1932 3318 1986 velit?
3344 1932 3466 2001 quis
3497 1948 3603 1987 non

2019 2026 2204 2096 potius
2232 2032 2396 2093 caput
2442 2022 2713 2079 inclinans
2738 2025 2793 2078 in
2814 2024 3057 2078 tenebris
3086 2008 3371 2094 graditur?
3402 2023 3606 2080 Lucem

2025 2115 2171 2169 enim
2197 2113 2505 2169 abhorrens
2520 2129 2627 2168 non
2648 2113 2827 2167 timuit
2845 2113 3174 2169 circumdari
3190 2116 3428 2170 tenebris
3447 2117 3608 2186 lugu»

2025 2207 2235 2262 hribus.
2289 2205 2403 2262 Hoc
2427 2206 2694 2274 idemjam
2732 2208 2973 2261 secundo
3003 2206 3301 2272 illuminas,
3322 2209 3525 2276 optime
3551 2218 3607 2263 ρι

2024 2298 2258 2354 maxime
2269 2297 2349 2354 sol
2365 2315 2379 2352 :
2395 2311 2501 2350 non
2516 2297 2671 2366 plena
2691 2297 3034 2360 luna,conica
3054 2297 3156 2351 sub
3170 2298 3360 2352 umbra
3376 2299 3608 2352 submit-

2031 2389 2183 2455 teris,
2216 2389 2510 2443 occultaris
2524 2400 2578 2443 et
2595 2387 2784 2444 deﬁcis
2806 2404 2819 2454 ;
2842 2389 2936 2443 sed
2967 2389 3039 2443 ita
3066 2390 3318 2459 apparuit
3345 2389 3490 2459 quod
3519 2389 3606 2444 fa-

1996 2494 1997 2497 ‘
2023 2491 2169 2536 ctum
2200 2488 2283 2535 est
2315 2487 2375 2534 ut
2402 2496 2510 2534 non
2538 2483 2834 2543 factum,et
2875 2482 2964 2535 ubi
2985 2481 3236 2536 colemini
3262 2481 3417 2552 ?Ego
3438 2481 3606 2551 igitur

2023 2585 2166 2641 saepe
2196 2584 2293 2624 vos
2332 2568 2442 2622 vidi
2503 2569 2556 2623 in
2590 2569 2695 2623 hoc
2727 2569 2953 2639 fulgenti
2982 2568 3250 2638 sphazrico
3278 2568 3477 2637 templo
3506 2586 3521 2635 ;
3550 2575 3605 2623 et

2024 2665 2214 2718 videns
2245 2664 2527 2734 obstupui,
2555 2674 2610 2719 et
2648 2678 2872 2720 causam
2907 2662 3173 2732 quasivi,
3212 2676 3312 2716 cur
3344 2661 3422 2716 ibi
3449 2661 3606 2716 habi-

2023 2758 2217 2815 taretis
2255 2774 2273 2825 ;
2314 2764 2369 2812 et
2415 2758 2601 2827 templi
2655 2756 3122 2827 pulchritudinem
3143 2769 3371 2810 causam
3435 2753 3605 2810 didici

2024 2850 2188 2920 hujus
2238 2850 2586 2905 morationis.
2638 2849 2705 2906 Et
2753 2866 2849 2906 vos
2905 2850 3128 2921 quidem
3186 2849 3508 2920 reputabam
3544 2849 3602 2905 in

2024 2958 2210 2999 amore
2238 2943 2485 3000 infelices
2518 2953 2612 2999 aut
2640 2944 2844 2999 amoris
2873 2952 3127 3014 expertes
3152 2959 3297 3009 esse,
3327 2945 3414 2999 hic
3467 2944 3601 2999 mihi

2024 3044 2137 3093 toto
2157 3036 2245 3090 die
2260 3036 2412 3092 visus
2434 3051 2515 3101 es,
2536 3036 2638 3102 sol,
2653 3052 2717 3091 ex
2741 3038 2919 3091 amica
2951 3036 3080 3092 sede
3101 3038 3276 3101 exsul,
3295 3045 3349 3090 et
3378 3037 3605 3094 volvens

2022 3137 2076 3185 et
2122 3130 2299 3184 lucem
2333 3137 2387 3185 et
2433 3129 2674 3198 fulgens,
2708 3137 2764 3184 ct
2801 3129 2979 3184 libens
3016 3144 3122 3183 non
3155 3129 3460 3185 abcedehas
3502 3147 3604 3185 nec

2024 3219 2204 3274 locum
2237 3219 2509 3279 mutahas.
2547 3218 2850 3288 usquedum
2882 3235 2987 3274 nox
3010 3219 3217 3274 venerit
3245 3220 3602 3275 alternantem

2023 3310 2120 3365 tibi
2167 3310 2354 3365 lunam
2398 3310 2625 3381 ducens.
2661 3308 2728 3362 Et
2771 3309 2902 3364 illud
2935 3325 3164 3371 cernens
3214 3312 3517 3381 cogitabam
3550 3319 3602 3367 te

2025 3408 2083 3455 ut
2128 3401 2420 3471 gigantem,
2474 3415 2532 3456 ut
2553 3416 2815 3471 sponsum
2875 3416 2906 3456 e
2956 3403 3197 3456 thalamo
3235 3403 3601 3473 egredientem

2022 3500 2198 3548 vatem
2226 3493 2394 3547 David
2421 3494 2690 3549 cecinisse
2717 3509 2731 3545 :
2770 3493 2860 3548 hic
2891 3497 3034 3549 enim
3064 3495 3313 3564 praevidit
3342 3504 3395 3549 te
3438 3496 3603 3566 hujus

2022 3585 2286 3655 fulgentis
2311 3586 2495 3654 templi
2529 3601 2717 3640 amore
2747 3595 2989 3655 captum,
3014 3597 3068 3642 et
3094 3589 3208 3641 haec
3242 3587 3309 3641 de
3359 3597 3410 3641 te
3450 3588 3603 3641 loeu-

2022 3684 2108 3731 tus
2140 3677 2323 3731 est.Et
2350 3691 2495 3730 nunc
2516 3676 2593 3730 illi
2621 3677 2862 3745 collapso
2889 3692 2995 3730 non
3022 3677 3268 3732 adhaeres
3300 3678 3314 3731 ι
3350 3675 3453 3732 Per
3480 3694 3601 3765 qua:

2022 3767 2199 3836 major
2231 3783 2383 3822 esses
2412 3769 2552 3837 ?per
2591 3783 2711 3837 qua:
2747 3767 3016 3822 illustrior
3044 3767 3067 3821 ?
3115 3784 3209 3838 per
3257 3783 3378 3839 qua:
3412 3770 3598 3838 splen-

2020 3861 2201 3917 didior
2229 3862 2338 3915 eris
2361 3860 2463 3916 ?Et
2488 3868 2544 3915 tu
2572 3861 2817 3915 omnium
2843 3864 3077 3916 maxime
3109 3862 3373 3931 inglorius
3396 3863 3597 3916 dentit-
3656 3857 3660 3860 ⁴

2019 3954 2152 4009 teris
2190 3953 2341 4009 brevi
2383 3960 2437 4008 et
2495 3952 2881 4010 obscuraberis
2931 3956 3032 4008 hac
3081 3954 3475 4018 destructione,
3540 3964 3599 4009 ut

2020 4046 2204 4103 discas
2238 4054 2293 4101 et
2329 4056 2385 4101 tu
2423 4047 2742 4103 inconstans
2779 4056 2834 4103 et
2866 4046 3124 4102 volubilis
3170 4045 3371 4111 factus,
3408 4048 3596 4103 eadem

2020 4140 2177 4194 ruina
2207 4150 2529 4208 prostratus.
2557 4137 2668 4192 Hoc
2686 4146 2865 4193 autem
2891 4139 3147 4209 templum
3178 4141 3595 4206 restaurabitur,

2017 4231 2393 4295 aedilicabitur,
2458 4230 2766 4285 ﬁrmabitur
2840 4239 2934 4285 aut
3005 4231 3367 4300 perﬁcietur?
3415 4248 3593 4286 meum

2019 4321 2159 4376 scire
2200 4337 2307 4375 non
2343 4330 2469 4387 est;
2506 4337 2684 4376 meum
2731 4329 2936 4385 autem,
2966 4322 3015 4376 si
3052 4331 3331 4391 superstes
3363 4335 3506 4385 sum,
3547 4323 3593 4374 si

1951 4447 1994 4501 ο
2026 4417 2319 4488 ingredior,
2346 4417 2391 4472 si
2417 4416 2591 4481 video,
2617 4415 2662 4469 si
2686 4415 2879 4477 adoro,
2907 4419 2953 4470 si
2977 4414 3161 4469 divina
3176 4415 3390 4486 eloquia
3410 4414 3595 4484 audio,

2028 4509 2137 4565 Deo
2166 4509 2330 4581 igitur
2359 4509 2460 4564 hoc
2493 4516 2547 4564 et
2569 4508 2702 4563 illud
2736 4508 2963 4563 sciente.
2998 4547 3013 4563 .
3053 4547 3071 4563 .
3098 4546 3116 4563 .
3149 4547 3166 4564 .
