3970 6300
317 311 462 372 ⁵2849
1070 315 1386 377 PRATUM
1415 316 1889 391 SPIRlTUALE.
1936 344 2006 355 ·-
2042 320 2479 383 LlPOMANUS
2510 324 2852 385 LECTORI.
3453 334 3596 397 985i)
3662 289 3672 292 μ

314 416 603 490 σολὺμων,
636 421 742 477 hoc
782 430 886 489 est,
918 439 983 478 ex
1013 440 1185 494 parvo
1218 427 1385 481 Prata
1413 430 1591 483 sancti
1623 429 1801 483 l'atris
1834 427 2007 481 nostri
2037 427 2333 500 Sophronii
2365 433 2761 503 archiepiscopi
2794 433 3319 506 hierosolymorum.
3349 435 3593 496 Joannes

309 516 586 581 praeterea
634 511 929 579 diaconus,
968 524 1157 584 postea
1202 515 1487 574 Romanus
1532 518 1809 585 Pontifex,
1852 519 1906 573 in
1954 526 2155 591 quarto
2204 519 2367 582 libro,
2403 536 2566 589 quem
2607 521 2674 575 de
2708 522 2849 575 beati
2895 521 3141 591 Gregorii
3183 521 3302 577 Vita
3344 524 3588 595 scripsit,

310 611 440 666 cap.
474 597 570 663 65;
603 600 772 669 hujus
804 602 1104 657 voluminis
1153 600 1485 661 mentionem
1538 606 1691 675 fecit,
1722 609 1851 662 dum
1896 609 2152 662 mirabile
2209 608 2357 660 illius
2412 610 2588 662 sancti
2635 608 2917 664 Pontificis
2961 611 3161 663 factum
3210 622 3482 676 recenset,
3513 619 3592 668 sic

309 683 579 754 inquiens
616 705 629 740 :
665 707 684 739 ι
725 688 829 744 Sed
876 707 941 743 ne
974 692 1108 747 solis
1141 694 1325 748 verbis
1363 696 1499 748 tanti
1541 696 1793 764 praesulis
1823 697 2106 751 hmnilitas
2140 696 2407 750 inculcari
2442 698 2723 761 credatur,
2760 707 3032 766 superest,
3079 708 3135 751 ut
3179 714 3242 752 ex
3275 699 3587 755 Graecorum

288 774 683 838 relationibus
727 793 755 830 a
804 794 889 833 me
935 794 1111 847 nuper
1165 782 1566 851 interpretatis,
1600 785 1788 838 eadem
1824 787 1998 854 patris
2032 785 2315 840 humilitas
2347 787 2486 842 vivis
2517 788 2779 855 operibus
2822 787 3256 850 demonstretur,
3297 788 3349 841 iu
3388 792 3589 858 quibus

309 860 580 935 videlicet
613 864 685 917 ita
716 864 977 920 refertur.
1012 867 1305 923 anrravit
1344 870 1506 925 nobis
1535 871 1706 925 abbas
1734 870 1975 926 Joannes
2016 870 2204 936 Persa,
2245 883 2473 929 sanctus
2516 882 2568 928 et
2606 874 2960 928 venerandus
2992 874 3073 925 \ir
3101 875 3377 928 exsistens
3409 877 3521 947 (a);
3561 896 3580 927 ι

288 958 368 1027 et
399 959 623 1013 caetera,
657 968 779 1021 quae
814 966 1147 1022 sequuntur,
1186 970 1346 1027 prout
1396 961 1448 1012 in
1499 959 1668 1013 Prata
1722 960 1826 1013 hoc
1875 962 2169 1028 spirituali,
2221 976 2343 1030 cap.
2399 962 2851 1025 lSlpbabentur.
2901 961 3004 1015 Sed
3036 969 3180 1031 quod
3215 963 3301 1017 bis
3329 967 3585 1030 omnibus

307 1036 497 1105 majus
528 1049 633 1101 est,
663 1041 717 1093 in
748 1042 991 1096 secunda
1022 1045 1246 1099 Niczcna
1277 1047 1511 1117 synodo,
1543 1063 1664 1116 quae
1695 1062 1792 1116 pro
1833 1050 1987 1101 cultu
2028 1050 2428 1103 venerabilium
2475 1048 2775 1117 imaginum
2812 1061 3002 1103 contra
3047 1050 3413 1105 lconoclnslas
3445 1056 3586 1107 cele-

304 1122 471 1177 brata
517 1134 625 1189 est,
659 1130 878 1184 actione.
910 1141 1104 1200 quarta
1159 1134 1230 1188 ita
1280 1135 1484 1203 legitur
1523 1153 1537 1189 :
1581 1155 1600 1187 ι
1640 1135 1972 1190 Eustachius
2014 1135 2350 1190 venerabilis
2397 1138 2727 1201 monachus,
2772 1138 3059 1207 presbyter
3098 1147 3149 1190 et
3189 1153 3391 1204 praeses
3431 1155 3582 1192 mau-

254 1222 259 1227 ’
307 1212 493 1269 sionis
542 1211 790 1280 Maximi,
840 1217 1028 1273 dixit:
1070 1219 1134 1273 Et
1167 1237 1288 1290 ego,
1330 1221 1540 1289 Patres,
1585 1224 1761 1277 sancti
1798 1222 2112 1293 Sophronii
2166 1220 2345 1275 Patris
2402 1223 2602 1275 librum
2651 1222 2819 1277 affero
2870 1224 3242 1276 continentem
3285 1227 3579 1279 multormn

305 1309 638 1356 sanctorum
674 1306 847 1372 vitas;
882 1314 935 1361 et
964 1308 1007 1360 si
1039 1309 1240 1377 placet,
1274 1300 1604 1366 adducatur.
1653 1292 1852 1365 Sancta
1887 1292 2133 1381 synodus
2160 1309 2301 1361 dixit
2343 1328 2354 1361 :
2388 1308 2658 1382 Legatur;
2703 1309 3015 1379 Stephanus
3059 1312 3246 1379 itaque
3278 1315 3580 1370 monachus

302 1401 604 1459 acceptum
659 1393 856 1447 librum
922 1395 1051 1465 legit
1095 1414 1107 1448 :
1164 1415 1183 1447 σ
1223 1396 1498 1472 Ejusdem
1532 1399 1710 1453 Patris
1763 1399 1936 1452 nostri
1986 1396 2280 1465 Sophronii
2331 1412 2361 1451 e
2414 1397 2767 1464 Limonario;
2819 1400 2956 1452 dixit
3009 1398 3334 1455 Theodorus
3386 1403 3577 1468 abbas,

302 1477 571 1539 Eliotes.
607 1482 750 1549 quod
782 1489 903 1535 erat
936 1484 1160 1551 quidam
1203 1484 1453 1539 inclusus
1484 1485 1598 1555 (b);
1642 1504 1661 1537 ι
1697 1494 1751 1541 et
1779 1494 1996 1539 cratera.
2041 1483 2138 1537 Ubi
2175 1492 2549 1553 totum‘caput
2591 1484 2682 1547 45,
2716 1485 2862 1554 quod
2907 1486 2960 1538 in
2995 1485 3097 1539 hoc
3142 1487 3284 1539 libro
3324 1488 3574 1549 habetur.

303 1566 375 1619 ad
412 1569 639 1621 verbum
682 1571 953 1626 redditur.
999 1570 1146 1626 Nihil
1178 1583 1261 1628 est
1292 1590 1422 1644 ergo
1454 1576 1597 1644 quod
1630 1574 1697 1628 de
1734 1575 1836 1627 fide
1880 1571 2004 1627 Ηυξπί
2057 1571 2334 1639 ambigere
2370 1573 2574 1641 possis.
2611 1570 2837 1635 Verum,
2870 1572 2988 1626 scio
3019 1574 3202 1624 statim
3246 1576 3573 1638 ineveberis,

302 1661 360 1706 et
391 1653 590 1710 dices:
621 1656 754 1722 Quae
785 1658 1066 1714 adduxisti
1114 1677 1214 1732 pro
1266 1663 1388 1716 libri
1435 1662 1934 1724 commendatione,
1975 1676 2231 1733 magnum
2283 1663 2607 1731 scrupulum
2649 1663 2816 1715 menti
2860 1661 3139 1728 injiciunt.
3185 1660 3432 1730 Namque
3465 1672 3573 1716 tam

304 1737 690 1818 Damascenus
715 1761 880 1813 quam
914 1748 1159 1818 synodus
1187 1749 1383 1803 librum
1407 1748 1714 1819 Sophronio
1741 1749 2061 1817 patriarchae
2091 1749 2593 1819 Hierosolymitano
2622 1749 2954 1811 inscribunt,
2976 1759 3032 1802 tu
3063 1764 3188 1803 vero
3222 1751 3322 1803 sub
3354 1751 3574 1803 nomine

296 1826 839 1899 Joanniscujusdam
871 1835 1069 1889 Evirat’i
1103 1837 1171 1888 ad
1198 1834 1564 1906 Sophronium
1597 1836 1899 1905 sopbistam
1933 1836 2085 1890 illum
2117 1837 2410 1891 scribentis
2430 1837 2674 1905 evulgas.
2694 1835 2979 1901 Quomodo
2997 1851 3126 1907 ergo
3146 1839 3257 1889 haec
3278 1840 3573 1892 convenire

296 1924 546 1983 possunt
577 1918 721 1973 inter
756 1921 847 1975 se?
884 1909 1114 1975 Dubium
1145 1938 1278 1978 sane
1305 1924 1446 1978 hami
1479 1922 1967 1985 contemnendum,
2000 1932 2054 1977 et
2092 1924 2238 1994 quod
2276 1940 2361 1978 me
2395 1926 2574 1994 ipsum
2605 1939 2825 1993 quoque
2860 1924 3035 1993 prima
3069 1923 3208 1976 facie
3237 1923 3393 1976 valde
3421 1940 3571 1975 com-

299 2005 501 2058 movit.
568 2004 673 2060 Sed
710 2008 1041 2076 profundius
1077 2012 1564 2083 postea'cogitanti
1610 2011 1792 2065 omnis
1825 2011 2187 2066 dubitationis
2235 2011 2411 2078 caligo
2452 2010 2714 2080 perfacile
2755 2011 2965 2065 dimota
3011 2020 3118 2064 est.
3160 2008 3412 2079 Scriptor
3447 2011 3571 2065 libri

296 2109 540 2162 prorsus
571 2095 813 2154 Joannes
862 2104 1199 2156 anachoreta
1245 2102 1369 2157 fuit.
1411 2102 1467 2156 ld
1500 2102 1597 2156 tibi
1640 2118 1706 2156 ex
1746 2103 1925 2171 capite
1972 2099 2036 2151 ’Π
2081 2099 2377 2153 voluminis
2411 2099 2584 2167 ipsius
2628 2098 2841 2167 liquido
2875 2108 3132 2153 constare
3164 2100 3386 2167 poterit.
3428 2097 3570 2153 Plio-

294 2185 413 2239 tius
441 2201 666 2253 quoque
694 2185 842 2242 hunc
871 2189 1049 2258 ipsum
1080 2200 1358 2245 auctorem
1380 2191 1512 2253 libri
1536 2188 1803 2244 Joannem
1842 2187 2123 2241 Moschum
2156 2187 2403 2253 (natione
2430 2184 2691 2252 fortasse)
2722 2185 2894 2239 fuisse
2924 2187 3147 2250 asserit,
3175 2186 3334 2254 cujus
3362 2200 3569 2255 cogno-

295 2286 427 2324 men
464 2272 740 2342 interpres
774 2273 1006 2331 Latinus
1038 2276 1226 2333 forsan
1255 2277 1537 2332 Eviratum
1572 2275 1829 2331 reddidit.
1861 2274 2064 2330 Verum
2097 2273 2412 2342 Sophronio
2460 2272 2544 2326 his
2572 2272 2639 2325 de
2678 2273 2866 2327 causis
2900 2273 3226 2326 attribuitur
3259 2290 3272 2326 :
3307 2278 3388 2327 vel
3435 2276 3566 2344 quia

292 2357 362 2410 ad
406 2357 590 2427 ipsum
621 2376 718 2429 per
751 2363 1142 2417 charissimam
1176 2366 1385 2419 socium
1421 2363 1767 2425 inscribitur,
1805 2371 1885 2427 ut,
1913 2361 2375 2435 quemadmodum
2409 2370 2463 2413 et
2490 2357 2914 2413 Rhetoricorum
2942 2358 3229 2414 Ciceronis
3262 2361 3328 2435 ad
3364 2359 3569 2416 Heren-

294 2446 482 2509 nium,
519 2455 574 2501 et
600 2449 849 2515 ejusdem
889 2448 956 2503 ad
986 2450 1227 2505 Atticum
1262 2451 1505 2520 epistola:
1537 2451 1604 2504 ad
1640 2449 1998 2514 Herennium;
2027 2434 2081 2503 et
2113 2449 2180 2502 ad
2209 2448 2452 2501 Atticum
2504 2447 2629 2501 libri
2672 2456 3062 2517 nuncupantur
3094 2465 3108 2500 :
3151 2449 3233 2502 sic
3261 2434 3567 2521 Sophronii

292 2532 446 2587 liber
487 2533 578 2591 hic
622 2537 861 2602 dicatur,
909 2542 1036 2610 quia
1071 2540 1139 2600 ad
1189 2538 1556 2609 Sophronium
1604 2539 1884 2609 dirigitur,
1908 2548 2075 2607 atque
2118 2552 2184 2592 ex
2225 2551 2292 2591 eo
2336 2535 2575 2590 maxime
2603 2534 2753 2604 quod
2788 2534 2855 2587 ad
2898 2550 3060 2588 usum
3107 2534 3253 2589 illius
3296 2536 3567 2605 imprimis

292 2623 662 2692 conscriptus
694 2635 797 2680 est.
842 2625 1085 2698 Namque
1118 2636 1314 2683 auctor
1350 2629 1465 2699 ipse
1502 2628 1555 2682 in
1585 2628 1840 2698 epistola,
1893 2642 2057 2696 quam
2098 2625 2241 2679 libro
2289 2622 2590 2694 praemittit,
2626 2622 2826 2676 fatetur
2860 2636 2920 2675 se
2953 2637 3019 2675 ex
3058 2621 3160 2675 hoc
3199 2621 3368 2676 Prata
3407 2640 3567 2678 coro-

294 2724 424 2763 nam
463 2709 778 2780 Sephronio
824 2716 1195 2781 contexuisse,
1231 2731 1293 2772 ac
1333 2732 1429 2786 per
1458 2732 1581 2771 eum
1630 2718 1752 2772 aliis
1795 2716 2056 2783 deinceps
2084 2712 2354 2768 obtulisse
2385 2730 2398 2766 :
2430 2726 2526 2765 seu
2567 2712 2698 2780 quia
2736 2710 2791 2763 in
2825 2711 2928 2763 hoc
2958 2708 3103 2763 libro
3140 2710 3292 2764 dicta
3323 2718 3377 2766 et
3412 2719 3564 2780 gesta

295 2797 477 2866 ipsius
509 2796 806 2868 Sophronii
838 2816 937 2871 pro
962 2803 1157 2872 majori
1185 2813 1341 2873 parte
1373 2804 1751 2859 continentur.
1803 2801 1937 2856 Nam
1967 2801 2014 2857 is
2040 2801 2210 2854 totius
2242 2798 2459 2853 itineris
2487 2797 2608 2852 libri
2638 2797 2806 2866 hujus
2834 2797 3079 2851 auctoris
3111 2796 3213 2849 fuit
3246 2796 3566 2851 individuus

293 2901 512 2952 comes,
538 2897 594 2941 et
624 2904 969 2959 quaecunque
1008 2891 1278 2947 ambobus
1309 2893 1716 2947 ambulantibus
1745 2896 2126 2952 occurrerunt,
2156 2887 2240 2940 vel
2270 2886 2648 2957 quaerentibus
2690 2885 3015 2954 responderi
3046 2885 3300 2954 contigit,
3330 2885 3565 2953 diligen-

293 2975 516 3029 tissime
565 2978 843 3047 descripta
890 2987 1039 3032 sunt.
1078 2977 1261 3045 Quare
1305 2981 1469 3034 etiam
1507 2981 1622 3034 haec
1656 2980 1818 3033 verba
1853 2977 2157 3046 saepissime
2196 2974 2392 3028 iterata
2433 2971 2646 3027 videbis
2684 2990 2699 3026 :
2735 2969 2999 3026 Venimus
3040 2987 3163 3042 ego,
3208 2980 3262 3026 et
3302 2968 3565 3028 Dominus

293 3077 453 3123 meus
492 3062 837 3133 Sophronias
866 3067 1110 3135 sepliista
1158 3066 1224 3120 ad
1270 3067 1519 3123 abbatem
1562 3068 1746 3131 talem,
1778 3078 1832 3121 et
1873 3079 2089 3120 cratera.
2125 3062 2193 3116 Et
2227 3062 2350 3117 ideo
2387 3075 2607 3131 semper
2640 3061 2806 3115 etiam
2847 3059 3043 3129 plurali
3088 3060 3363 3114 locutione
3395 3061 3564 3114 utitur

294 3152 494 3224 dicens
528 3169 543 3206 :
589 3171 609 3204 ε
649 3151 1023 3219 Perreximus,
1074 3155 1435 3222 accessimus,
1466 3155 1725 3210 vidimus.
1760 3154 2013 3209 Narravit
2055 3151 2218 3206 nobis
2264 3165 2431 3205 senex
2483 3149 2807 3203 monasterii
2853 3150 2983 3202 dux.
3018 3165 3036 3199 ι
3073 3148 3177 3202 Per
3219 3163 3340 3217 quae
3372 3148 3560 3201 omnia

293 3239 548 3307 conspici
578 3238 760 3305 datur,
793 3242 1124 3312 scriptorem
1166 3259 1445 3314 nunquam
1491 3245 1667 3299 solum
1717 3244 1885 3297 fuisse
1921 3243 1974 3307 in
2011 3241 2097 3296 his
2130 3254 2250 3309 quae
2283 3245 2475 3292 narrat
2501 3238 2906 3307 perquirendis.
2944 3236 3100 3290 Sicut
3136 3251 3269 3305 ergo
3317 3233 3562 3292 Platonis

292 3323 585 3392 Phaedrus,
613 3325 873 3392 Timaeus,
902 3327 1153 3400 Gorgias,
1199 3339 1253 3385 et
1299 3330 1686 3397 Parmenides;
1738 3341 1792 3383 et
1828 3328 1991 3384 Tullii
2038 3327 2177 3382 liber
2229 3326 2302 3380 De
2345 3335 2626 3389 senectute,
2674 3325 2811 3380 Cato
2846 3324 3046 3392 major,
3081 3324 3486 3388 inscribuntur,
3528 3338 3562 3379 ι

296 3415 578 3482 personis,
607 3432 728 3486 quzr
763 3418 837 3472 ibi
865 3419 1245 3489 colloquentes
1274 3431 1326 3478 et
1357 3422 1703 3492 diSputantes
1737 3419 2096 3481 inducuntur,
2135 3415 2268 3485 quid
2316 3415 2557 3470 obstabit
2603 3414 2732 3469 huic
2772 3414 2937 3476 libro,
2974 3413 3108 3482 quin
3147 3411 3438 3481 Sophronii
3475 3411 3572 3466 di-

292 3512 473 3565 catur,
507 3518 632 3557 cum
684 3505 739 3559 in
783 3520 848 3560 eo
900 3506 946 3562 is
1000 3507 1313 3575 ambulans,
1354 3510 1610 3575 visitans,
1643 3521 1903 3578 operans,
1939 3504 2309 3572 interrogans,
2345 3512 2400 3557 et
2448 3501 2816 3573 respondens,
2858 3502 3061 3567 ubique
3096 3500 3208 3554 fere
3241 3499 3562 3555 asseratur?

293 3590 400 3642 Aut
448 3589 674 3644 demum
707 3607 774 3647 ex
805 3592 897 3647 illa
931 3609 1097 3649 causa
1127 3594 1441 3666 Sophronio
1472 3596 1789 3659 ascribitur,
1821 3593 2079 3664 quoniam
2112 3607 2219 3647 una
2255 3607 2380 3644 cum
2421 3589 2634 3645 Joanne
2669 3590 2931 3660 praedicto
2970 3588 3317 3657 eonscriptor
3355 3587 3440 3657 (ut
3484 3587 3558 3641 ita

294 3672 502 3747 dicam)
535 3675 677 3731 forte
707 3677 957 3747 ejusdem
992 3679 1130 3734 ~libri
1177 3680 1296 3735 fuit.
1346 3680 1488 3750 Lege
1516 3680 1686 3750 hujus
1714 3679 2012 3734 voluminis
2053 3687 2218 3748 caput
2257 3678 2344 3743 77,
2374 3685 2429 3733 et
2477 3678 2530 3731 in
2570 3676 2693 3746 ejus
2733 3676 3006 3745 principio
3040 3677 3112 3728 ita
3146 3676 3416 3743 scriptum
3467 3688 3557 3729 re-

292 3764 478 3831 peries
517 3783 529 3818 :
571 3781 589 3815 ι
623 3765 739 3834 Ego
766 3775 821 3820 et
851 3765 1117 3823 Dominus
1158 3785 1310 3824 meus
1347 3769 1691 3838 Sophronias
1733 3770 2078 3839 perreximus
2109 3770 2174 3822 ad
2209 3767 2518 3837 philosophi
2557 3765 2823 3836 Stephani
2858 3766 3079 3819 domum
3118 3764 3387 3819 doctrinae
3427 3778 3555 3833 gra-

293 3852 389 3912 tia,
436 3869 457 3902 ›
496 3861 602 3905 etc.
654 3852 862 3929 Deinde
915 3855 969 3909 in
1011 3855 1118 3911 fine
1165 3857 1412 3927 ejusdem
1458 3859 1655 3929 capitis
1706 3857 1811 3912 hoc
1857 3858 2022 3912 modo
2067 3856 2333 3925 scriptum
2375 3856 2573 3920 legitur
2608 3875 2619 3909 :
2661 3873 2679 3904 ε
2715 3854 2820 3907 ista
2860 3868 2983 3907 cum
3012 3851 3346 3916 audivimus,
3376 3852 3558 3907 innuit

295 3939 430 3992 mihi
470 3939 743 3996 Dominus
790 3957 947 3997 meus
977 3941 1344 4013 Sophronias,
1375 3951 1428 3999 et
1466 3947 1817 4010 recessimus,
1856 3951 1911 3999 et
1955 3944 2097 3999 dixit
2136 3944 2269 3998 mihi
2309 3961 2320 3996 :
2352 3941 2516 4006 Vere,
2549 3940 2691 3996 abba
2723 3940 2984 4007 Joannes,
3022 3941 3186 3996 hodie
3229 3941 3366 3994 nihil
3411 3941 3556 3996 ultra

296 4026 623 4083 studeamus
656 4047 669 4082 :
701 4030 836 4084 satis
868 4031 1012 4084 enim
1061 4031 1316 4086 aedificati
1367 4047 1577 4088 sumus.
1630 4031 1756 4087 Haec
1798 4046 1933 4102 ergo
1981 4033 2329 4103 scripsimus,
2369 4039 2426 4084 ut
2470 4039 2526 4086 et
2564 4042 2666 4085 vos
2710 4032 2921 4099 pariter
2954 4028 3324 4083 :edillcemini.
3363 4047 3383 4080 ι
3432 4027 3554 4084 Una
3591 4052 3605 4062 -

294 4129 421 4184 ergo
468 4132 535 4170 ex
585 4116 671 4171 his
715 4118 1049 4183 rationibus,
1084 4135 1181 4175 seu
1231 4120 1414 4190 potius
1458 4119 1716 4175 onmibus
1764 4121 1926 4174 simul
1981 4119 2394 4185 accedentibus,
2429 4118 2555 4187 jure
2596 4118 2902 4185 meritoque
2936 4117 3076 4172 liber
3110 4117 3217 4171 iSte
3258 4114 3552 4184 Sophronii

298 4203 521 4257 nomine
567 4204 872 4274 inscriptus
906 4205 1139 4261 videtur.
1181 4205 1294 4261 Nec
1328 4218 1380 4262 te
1413 4215 1651 4275 moveat,
1687 4206 1835 4278 quod
1868 4207 1925 4261 in
1959 4208 2064 4262 hoc
2103 4208 2243 4261 libro
2274 4206 2622 4276 SOphronius
2672 4204 2761 4258 hic
2803 4221 2913 4258 non
2950 4203 3261 4274 appellatur
3295 4201 3552 4258 Hieroso-

297 4288 571 4358 lymorum
623 4293 980 4362 patriarcha,
1037 4294 1132 4349 sed
1182 4295 1453 4364 sophista.
1486 4293 1622 4348 Nam
1661 4295 1992 4350 vocabulum
2041 4295 2147 4348 hoc
2189 4309 2301 4350 non
2349 4295 2403 4371 in
2451 4295 2646 4347 malam
2679 4292 2809 4346 olim
2850 4300 3081 4361 partem,
3110 4291 3253 4345 sicut
3286 4290 3345 4344 ﬁt
3387 4292 3550 4345 modo

294 4378 523 4444 passim,
561 4378 655 4433 sed
702 4379 758 4434 in
806 4380 1002 4436 bonam
1038 4382 1456 4451 accipiebatur:
1492 4396 1595 4435 nec
1616 4380 1769 4435 aliud
1815 4382 2161 4453 designabat,
2209 4398 2372 4454 quam
2417 4381 2744 4450 sapientem,
2777 4387 2832 4433 et
2870 4378 3192 4448 prudentem
3226 4376 3543 4436 hominem:

296 4466 478 4532 qualis
526 4464 629 4520 fuit
673 4474 726 4522 et
772 4466 1039 4525 Libanius
1082 4468 1197 4533 ille,
1232 4469 1298 4523 ad
1349 4484 1510 4538 quem
1560 4469 1747 4523 multa:
1789 4468 1971 4539 Magni
2015 4469 2203 4526 Basilii
2247 4469 2498 4540 epistolae
2539 4467 2764 4522 directae
2805 4465 3048 4530 fuerunt,
3083 4465 3259 4534 ipsum
3294 4467 3546 4523 maximis

297 4553 587 4621 praeconiis
621 4553 934 4610 eﬂ‘erentes.
968 4554 1155 4611 Potuit
1184 4570 1315 4627 ergo
1349 4556 1433 4609 vir
1466 4556 1571 4611 iste
1602 4555 1753 4625 prius
1786 4562 1839 4610 ct
1870 4558 2173 4612 monachus
2213 4572 2355 4621 esse,
2390 4563 2444 4611 et
2473 4555 2721 4626 sophista
2764 4554 3097 4623 nuncupari,
3147 4553 3272 4608 Inde
3309 4569 3436 4609 vero
3478 4557 3545 4610 ad

295 4648 541 4696 sanctam
573 4640 1084 4715 Hierosolymorum
1117 4643 1299 4700 sedem
1339 4645 1574 4711 assumi,
1606 4659 1670 4700 ex
1699 4659 1826 4714 qua,
1856 4652 2116 4716 tanquam
2154 4642 2395 4714 digniori
2433 4638 2577 4708 loco,
2609 4649 2800 4712 postea
2844 4640 3343 4695 denominationem
3384 4657 3544 4697 acce-

297 4734 456 4799 perit.
495 4731 616 4797 Quo
640 4742 820 4789 autem
854 4741 1102 4804 tempore
1133 4734 1230 4790 viri
1256 4735 1337 4798 hi,
1367 4736 1461 4806 qui
1500 4735 1702 4789 librum
1730 4736 2207 4803 conscripserunt,
2235 4729 2555 4795 claruerint,
2585 4744 2684 4799 pro
2717 4736 2870 4782 certo
2904 4743 3012 4782 non
3062 4728 3314 4782 habetur.
3340 4725 3541 4783 Verum

295 4833 413 4872 cum
463 4822 645 4891 magni
689 4820 937 4893 Gregorii
966 4821 1198 4878 Romani
1230 4824 1509 4895 pontificis
1537 4822 1702 4896 hujus
1729 4822 1967 4877 nominis
1990 4817 2156 4892 primi
2185 4818 2389 4873 factum
2421 4822 2665 4883 narrent,
2690 4823 2744 4869 et
2772 4814 3209 4886 synchronorum
3237 4813 3538 4877 Caesarum,

294 4907 545 4962 videlicet
565 4910 869 4978 Anastasii,
895 4910 1124 4976 Tiberii,
1151 4911 1387 4965 Mauritii
1410 4920 1463 4966 et
1488 4911 1730 4966 Zenonis
1755 4911 2088 4966 mentionem
2117 4907 2342 4967 faciant,
2370 4912 2419 4959 el
2453 4906 2504 4958 in
2534 4914 2685 4958 sexta
2711 4903 2919 4972 synodo
2939 4902 3025 4956 hic
3051 4901 3188 4956 liber
3211 4901 3538 4969 adducatur,

297 4996 611 5066 conjectura
660 5001 882 5068 assequi
936 5014 1260 5068 possumus,
1293 5000 1442 5053 circa
1492 5015 1693 5054 annum
1740 4997 1956 5052 Domini
2005 4992 2493 5057 sescentesimum,
2532 4990 2684 5044 illum
2743 4988 2916 5043 fuisse
2956 4988 3349 5057 conscriptum.
3398 4988 3541 5060 Lege

295 5095 418 5151 ergo
455 5082 648 5137 libenti
680 5085 884 5149 animo,
916 5095 970 5139 et
1014 5084 1119 5139 fide
1159 5095 1305 5140 certa
1337 5100 1477 5157 Opus
1522 5085 1691 5149 istud,
1724 5084 1955 5139 candide
2004 5085 2198 5145 lector,
2228 5081 2387 5150 cujus
2430 5079 2739 5149 exetnplum
2775 5093 2841 5132 ex
2872 5076 3174 5146 apostolica
3212 5077 3539 5135 bibliotheca

295 5170 602 5238 accepimus
632 5189 645 5224 :
679 5179 733 5224 et
778 5173 853 5225 ita
895 5187 1100 5239 mores,
1142 5181 1197 5226 et
1238 5172 1402 5227 vitam
1433 5183 1578 5227 tuam
1626 5174 1691 5227 ad
1734 5171 1856 5242 ejus
1891 5171 2181 5226 lectionem
2216 5183 2505 5238 compone,
2534 5175 2594 5220 ut
2622 5165 2812 5219 talium
2854 5173 3241 5235 tantorumque
3269 5167 3535 5231 virorum,

296 5271 427 5324 quos
459 5259 546 5311 hic
577 5258 885 5328 descriptos
916 5261 1183 5326 invenies,
1221 5260 1420 5331 dignus
1461 5260 1750 5314 aemulator
1790 5261 2029 5314 t-xsistas
2060 5277 2073 5313 :
2107 5258 2456 5330 postmodum
2508 5270 2636 5310 vero
2682 5269 2871 5308 eorum
2914 5258 3194 5309 consortio
3237 5254 3290 5308 in
3336 5265 3539 5309 aeterna

296 5342 621 5415 beatitudine
651 5347 885 5402 feliciter
913 5348 1237 5419 adjungare.
1271 5348 1426 5414 Quod
1460 5349 1556 5403 tibi
1592 5357 1645 5403 et
1679 5349 1809 5403 mihi
1844 5349 2110 5402 Dominus
2145 5352 2407 5417 praestare
2440 5345 2716 5414 dignetur,
2745 5351 2798 5398 et
2825 5343 3079 5399 omnibus
3114 5342 3208 5412 qui
3245 5342 3536 5399 Dominum

294 5427 468 5488 Jesum
502 5435 740 5506 diligunt
770 5435 823 5488 in
857 5435 1197 5491 sinceritate.
1230 5433 1385 5490 Vale.

1797 5588 2023 5646 NOT/E.

360 5684 433 5755 (a)
474 5683 617 5738 Idem
651 5683 999 5750 miraculum,
1031 5685 1083 5739 iu
1110 5685 1234 5740 aliis
1264 5686 1443 5751 libris,
1474 5686 1855 5742 haereticorum
2041 5680 2117 5750 (b)
2149 5679 2340 5755 Ejusd.
2367 5690 2622 5755 syn.__a_ct.
2654 5681 2708 5746 5,
2737 5681 2923 5755 inqua
2953 5679 3116 5755 etiam
3141 5680 3383 5735 citantur
3406 5694 3541 5736 cou-

248 5806 254 5823 .
304 5749 689 5809 dolo’vihatum
724 5755 940 5821 legitur.
988 5749 993 5750 ί
1435 5749 1438 5751 ⁷
1968 5763 2263 5821 sequenter
2291 5749 2454 5822 hujus
2488 5751 2584 5808 lib.
2621 5767 2742 5823 cap.
2776 5751 2838 5807 Si
2880 5759 2933 5805 et
2967 5750 3090 5823 18,0.
