3970 6300
453 342 592 406 2855

461 452 554 506 sed
583 451 633 506 id
672 465 774 503 non
801 448 944 516 fecit,
969 463 1034 504 ne
1054 461 1234 504 contra
1258 463 1485 503 canones
1519 448 1704 502 fecisse
1727 447 2018 501 videretur.
2072 433 2114 488 Α
2147 443 2173 476 ’τ

460 541 647 596 Conon
671 555 797 594 vero
841 542 1138 609 presbyter,
1170 547 1377 607 sumpta
1421 541 1610 592 tnelutc
1640 552 1753 601 sua,
1779 539 2018 599 recessit,

462 632 645 686 dicens
673 647 692 685 :
723 632 837 686 Jam
880 645 980 683 non
1003 631 1226 697 amplius
1255 631 1307 684 in
1335 630 1434 685 boe
1473 632 1587 684 loco
1619 630 1864 690 manebo.
1893 629 2021 683 Cum

463 736 590 792 ergo
618 722 836 776 exiisset
875 721 937 773 ad
967 722 1151 784 colles,
1181 736 1306 776 ect-e
1351 732 1561 773 sanctus
1586 720 1816 774 Joannes
1845 721 2017 787 B-tptl-

466 820 544 867 sta
589 813 774 864 obvius
820 812 891 863 illi
927 811 1090 864 factus
1117 822 1216 876 est,
1249 820 1303 866 et
1334 811 1612 879 tranquilla
1653 825 1782 863 voce
1836 809 2023 865 affatus

466 909 551 954 est
581 900 747 962 illum,
773 900 990 953 dicens:
1024 899 1311 954 Revertere
1340 900 1404 952 ad
1436 899 1812 953 monasterium
1857 908 2022 961 tuum,

468 999 523 1045 et
543 991 641 1043 hoc
665 999 715 1042 te
744 989 883 1043 bel'o
915 988 1120 1042 levabo.
1142 988 1315 1042 Abbas
1343 1003 1470 1042 vero
1499 989 1679 1043 Conon
1711 988 1785 1039 ait.
1810 987 1883 1040 illi
1910 1001 2027 1039 cum

469 1078 830 1147 indignatione
858 1092 872 1131 :
907 1075 1041 1130 Vere
1064 1092 1166 1136 non
1189 1084 1446 1129 revertar.
1483 1078 1617 1130 Ecce
1642 1077 1781 1129 enim
1808 1075 1915 1143 jam
1944 1081 2024 1126 to.

470 1170 569 1222 ties
600 1167 863 1234 pollicitus
889 1181 945 1219 es
972 1167 1097 1218 mihi
1120 1165 1278 1230 istud,
1320 1180 1416 1220 nec
1442 1165 1628 1219 fecisti.
1650 1165 1798 1219 Tunc
1821 1172 2029 1218 sanctus

464 1258 698 1314 Joannes
746 1273 865 1311 eum
914 1257 1101 1311 sedere
1150 1257 1273 1311 fecit
1301 1299 1315 1322 ,
1362 1256 1653 1323 amotisqne
1700 1257 2031 1309 vestimentis

466 1349 599 1423 ejus,
630 1328 857 1416 signavit
880 1361 997 1399 eum
1032 1353 1113 1400 ter
1150 1347 1300 1414 signo
1322 1346 1492 1399 crucis
1521 1346 1618 1398 sub
1652 1345 1919 1412 umbilico,
1947 1346 2027 1401 di-

465 1446 644 1509 xitque
665 1441 714 1497 ei
747 1457 760 1494 :
795 1438 962 1496 Crede
992 1438 1139 1507 mibi,
1167 1438 1444 1510 presbyter
1477 1437 1678 1501 Conon,
1711 1439 1951 1493 volebant
1984 1449 2035 1493 te

466 1548 562 1602 pro
591 1534 688 1585 hac
717 1546 885 1598 pugna
942 1532 1183 1583 metcede
1229 1532 1442 1595 donari;
1490 1530 1580 1582 sed
1623 1529 1745 1597 quia
1782 1544 1882 1583 nou
1925 1530 2034 1593 vis,

467 1639 591 1679 ecce
635 1624 826 1678 abstuli
860 1633 966 1677 ate
997 1622 1097 1675 hoc
1128 1622 1344 1685 bellum,
1378 1621 1623 1674 mercede
1670 1628 1844 1673 autem
1885 1619 2037 1685 hujus

468 1717 648 1783 Operis
675 1714 901 1768 catrebis.
932 1713 1195 1767 Reversus
1221 1713 1498 1779 presbyter
1519 1709 1569 1763 in
1601 1710 1924 1765 emnobium,
1946 1707 2031 1759 ubi

471 1805 743 1875 baptizare
770 1815 1142 1865 consneverat,
1175 1803 1227 1856 in
1258 1803 1543 1856 crastinum
1572 1812 1781 1854 unctam
1810 1798 2032 1865 puellam
2064 1787 2102 1840 Β

473 1897 774 1961 baptizavit,
798 1892 972 1963 fteque
1016 1895 1224 1963 penitus
1269 1893 1645 1946 animadvertit
1666 1906 1779 1944 eam
1803 1904 1920 1944 esse
1943 1904 2039 1942 na-

474 2006 586 2044 tura
619 1991 916 2045 mulierem.
943 1987 1185 2055 Implevit
1206 1998 1379 2040 autem
1413 1993 1467 2039 et
1494 1986 1628 2038 alios
1646 1996 1812 2037 annos
1840 1981 2040 2036 duode-

472 2083 574 2134 cim
635 2080 688 2134 in
745 2078 1046 2145 baptizandi
1122 2077 1417 2131 ministerio
1466 2082 1608 2130 tanta
1657 2073 2039 2140 tranquillitate

472 2170 635 2223 animi
678 2179 729 2224 et
759 2167 1019 2235 corporis,
1054 2175 1112 2220 ut
1162 2167 1362 2220 nullum
1406 2166 1539 2218 ultra
1595 2166 1816 2218 sentiret
1863 2166 2040 2218 carnis

477 2270 701 2324 motum,
737 2272 906 2326 neque
929 2257 1200 2310 mulierem
1233 2265 1421 2309 natura
1451 2254 1673 2308 videret.
1702 2253 1874 2322 Atque
1897 2251 1965 2306 ita
1990 2253 2042 2305 in

479 2362 609 2416 ιλιιοο
634 2355 1033 2402 consummatus
1056 2352 1157 2398 est.

1760 322 2080 388 JOANNIS
2141 316 2423 378 MOSCHI

3579 311 3719 374 28.76

2961 418 3343 488 ἀνεχώρησεν,
3403 418 3575 475 εἰπὼν
3637 425 3719 476 ὃτι

2142 516 2215 568 Ub
2275 515 2419 586 μενῶ
2472 515 2552 577 είς
2607 511 2696 567 τὸν
2752 512 2917 566 τόπον
2979 510 3189 564 τοῦτον.
3242 512 3365 574 .Ὤ;
3415 507 3510 566 οὖν
3566 513 3723 586 ὲξῆλ-

2127 608 2218 661 θεν
2279 607 2373 660 ἐπὶ
2441 607 2569 669 τοὺς
2622 603 2886 673 βουνοὺς,
2954 601 3064 655 ίδοὺ
3136 604 3355 673 ἀπαντᾷ
3409 606 3563 673 αύτῷ
3594 608 3623 659 ὁ
3653 607 3721 661 ἃ·

2127 717 2246 768 γιος
2309 699 2562 767 Ἰωάννης
2615 700 2643 750 ὁ
2694 694 3027 766 Βαπτιστὴς,
3079 697 3172 750 καὶ
3214 698 3422 769 πραεῖα
3452 700 3519 768 τῇ
3568 701 3721 771 φωνῇ

2127 793 2275 860 λέγει
2329 791 2505 858 αὐτῷ·
2553 786 2926 859 ’Υπόστρεψον
2983 790 3063 853 είς
3092 790 3151 840 τὸ
3182 790 3549 860 μοναστήριόν
3600 808 3717 855 σου,

2130 884 2223 935 καὶ
2248 883 2497 951 κουφίσω
2531 899 2589 934 σε
2614 880 2710 933 τοῦ
2745 880 2991 950 πολέμου
3012 895 3025 908 ⁵
3058 877 3119 932 '0
3145 879 3319 943 ἀὸϐᾶς
3349 881 3538 933 Κόνων
3568 878 3720 949 λέγει

2130 975 2280 1045 αύτῷ
2315 976 2433 1044 μετ’
2457 973 2651 1044 ὀργῆςο
2684 973 2939 1049 Πίστευε,
2973 971 3074 1024 οὐκ
3097 971 3430 1041 ἐπιστρέψω,
3460 971 3720 1035 πολλάκις

2129 1070 2236 1139 γὰρ
2264 1067 2490 1119 συνέθου
2546 1083 2657 1135 μοι,
2686 1065 2780 1117 καὶ
2808 1062 2962 1117 οὐδὲν
2986 1064 3272 1134 ἐποίησας.
3306 1065 3604 1134 Κρατήσας
3624 1062 3719 1120 οὖν

2130 1160 2293 1212 αὐτὸν
2325 1159 2353 1210 6
2389 1157 2542 1225 ἆγιος
2587 1156 2839 1226 Ἰωάννης
2902 1154 3162 1208 ἐκάθισεν
3184 1155 3348 1207 αὑτὸν
3367 1156 3451 1225 ἐφ’
3477 1155 3576 1209 ἕνα
3604 1156 3718 1209 τῶν

2133 1249 2357 1319 βουνῶν,
2388 1250 2483 1303 καὶ
2519 1246 2837 1315 ἁνασκέῴας
2863 1246 2931 1299 τὰ
2970 1247 3162 1315 ἱμάτια
3196 1245 3365 1298 αὑτοῦ
3396 1246 3474 1316 τῷ
3501 1244 3567 1317 σὴ
3580 1247 3719 1317 μείῳ

2129 1343 2222 1396 τοῦ
2280 1341 2514 1412 σταυροῦ
2559 1340 2740 1410 τρίτον
2772 1340 3214 1411 κατεσφράγισεν
3270 1339 3432 1393 αὑτὸν
3460 1340 3723 1395 ὑποκάτω

2131 1433 2224 1487 τοῦ
2254 1432 2524 1503 ὀμφαλοῦ,
2552 1432 2646 1485 καὶ
2676 1427 2829 1486 εἶπεν
2845 1429 2995 1500 αὐτῷ
3019 1447 3033 1462 ο
3069 1429 3299 1483 Πίστευέ
3324 1447 3436 1500 μοι,
3476 1430 3723 1499 πρεσϐύ-

2130 1542 2255 1598 τερε
2280 1526 2506 1597 Κόνων·
2530 1523 2650 1595 Δτῇθε)
2663 1523 2721 1575 όν
2751 1535 2834 1576 σοι
2870 1521 3015 1590 ἔχειν
3040 1521 3229 1591 μισθὸν
3250 1523 3315 1574 ἐκ
3344 1520 3437 1574 τοῦ
3456 1521 3719 1592 πολέμου,

2132 1618 2355 1672 ἐπειδὰν
2383 1617 2439 1670 δὲ
2495 1617 2557 1670 ού
2598 1616 2795 1679 Θέλεις,
2852 1614 3114 1684 ὲκούφισο
3170 1614 3264 1668 τὸν
3315 1614 3575 1685 πόλεμον,
3626 1618 3725 1668 καὶ

2136 1711 2326 1781 μισθὸν
2372 1710 2473 1764 οὐκ
2505 1709 2650 1779 ἔχεις
2687 1707 2783 1761 τοῦ
2815 1709 3143 1777 πράγματος
3181 1705 3395 1761 τούτου.
3432 1708 3544 1761 Καὶ
3583 1708 3721 1761 ὐπο-

2134 1798 2371 1869 στρέψας
2404 1800 2484 1862 εἰς
2541 1798 2601 1850 τὸ
2635 1795 2903 1850 κοινόϐιον
2953 1796 3049 1849 τοῦ
3110 1794 3492 1867 βαπτίσματος
3518 1799 3546 1850 ὁ
3582 1814 3722 1868 πρεο

2136 1891 2631 1962 σϐύτεροςΚόνων,
2654 1892 2721 1960 τῇ
2763 1888 3028 1959 ἐπαύριον
3057 1889 3253 1962 χρίσας
3306 1888 3601 1942 ἐϐάπτισεν
3621 1888 3724 1960 τὴν

2134 1983 2433 2052 Πέρσισαν,
2466 1981 2539 2052 μὴ
2575 1981 2861 2054 θεωρήσας
2911 1981 3047 2043 ὅλως
3099 1980 3184 2033 ὅτι
3236 1977 3374 2049 γυνὴ
3418 1979 3521 2050 τὴν
3555 1980 3724 2048 φύσιν

2133 2075 2416 2146 ὑπῆρχεν·
2440 2074 2699 2146 ἐποίησεν
2733 2075 2790 2127 δὲ
2818 2075 2914 2128 καὶ
2945 2073 3082 2127 ἄλλα
3114 2073 3324 2126 δώδεκα
3385 2073 3482 2142 ἐτη
3524 2073 3721 2144 χρίων,

2132 2168 2225 2220 καὶ
2258 2166 2560 2236 βαπτίζων,
2616 2169 2754 2238 μήτε
2819 2167 3059 2237 κινηθεὶς
3086 2166 3148 2218 τὸ
3176 2165 3358 2237 σῶμα,
3426 2167 3564 2237 μήτε
3618 2181 3727 2233 γυ-

2134 2262 2297 2312 ναῖκα
2322 2259 2605 2331 θεωρήσας
2645 2259 2724 2312 ἔτι
2755 2260 2898 2312 κατὰ
2922 2259 3019 2329 τὴν
3054 2257 3236 2327 φύσιν.
3265 2259 3375 2312 Καὶ
3398 2256 3573 2320 οὕτως
3594 2257 3723 2311 ἔτεα

2130 2347 2359 2420 λειώθη.
2387 2362 2392 2367 “

2147 425 2207 476 τὸ
2262 422 2606 493 μηλωτάριον
2680 417 2845 473 αυτοῦ
2891 457 2906 483 ,

1922 2460 2151 2516 CAPUT
2185 2464 2275 2519 IV.

1767 2577 1909 2629 Visia
1933 2577 2145 2633 abbatis
2174 2579 2405 2636 Leontii.

558 2696 807 2751 Narravit
832 2695 984 2752 nobis
1012 2693 1175 2748 abbas
1200 2693 1472 2756 Leontius,
1494 2692 1720 2747 emnobii
1745 2693 1916 2746 sancti
1951 2692 2035 2748 Pa-

2207 2695 2514 2766 Διηγήσατο
2554 2698 2687 2766 ἡμῖν
2720 2698 2748 2750 ὁ
2777 2696 2951 2759 ἀϐϐᾶς
3010 2696 3264 2761 Λεόντιος
3296 2698 3393 2752 τοῦ
3444 2699 3728 2755 κοινυόίου

490 2788 585 2841 tris
614 2786 782 2839 nostri
812 2783 1097 2838 Theodosii
1124 2784 1365 2848 antistes,
1384 2782 1569 2837 dicens
1595 2801 1607 2836 :
1641 2784 1923 2852 Postquam
1975 2784 2035 2838 fu

2139 2784 2231 2839 τοῦ
2262 2786 2419 2855 ἁγίου
2452 2784 2663 2856 Πατρδς
2699 2788 2731 2857 ἡ
2742 2787 2857 2856 μῶν
2905 2786 3208 2855 Θεοδοσίου,
3226 2788 3432 2857 λέγων,
3456 2791 3539 2844 ὅτι
3566 2792 3732 2847 Μετὰ

489 2877 595 2943 gati
627 2885 743 2926 sunt
775 2874 841 2927 ab
871 2874 1169 2927 infidelibus
1189 2873 1610 2942 persecutionem
1636 2873 1779 2942 passi
1804 2872 2030 2928 tuonacli

2139 2879 2196 2931 τὸ
2210 2878 2507 2949 διωχθῆναι
2537 2880 2665 2943 τοὺς
2683 2880 2835 2943 νέους
2866 2879 3166 2953 λαυρήτας,
3197 2882 3262 2935 ἐκ
3293 2882 3393 2951 τῆς
3423 2882 3552 2947 νέας
3589 2882 3735 2937 λαύ-

478 2967 699 3030 prupter
747 2974 940 3013 novum
993 2965 1392 3028 monasterium,
1424 2967 1563 3035 quod
1616 2968 1809 3022 dicitur
1854 2968 2022 3023 Laura

2142 2986 2261 3040 ρας,
2290 2968 2542 3024 ἀπελθὼν
2569 2969 2823 3023 ἐκάθισεν
2849 2974 2931 3035 εἰς
2956 2971 3055 3043 τὴν
3100 2973 3273 3042 αὐτὴν
3314 2972 3542 3044 λαύραν.
3582 2976 3734 3028 Κατ·

478 3044 603 3103 illnc
642 3063 743 3118 ego
772 3056 1038 3119 prolectus
1082 3068 1219 3118 sum,
1253 3056 1524 3123 mansiqne
1560 3058 1609 3110 in
1643 3059 1826 3112 eadem
1856 3058 2035 3114 Lanra.

2140 3060 2308 3115 ελθὼν
2341 3056 2435 3115 οὖν
2467 3062 2525 3115 έν
2546 3062 2647 3133 μιᾷ
2681 3062 2956 3134 Κυριακῇ,
3018 3064 3259 3134 ἀπῆλθον
3283 3064 3342 3117 ἐν
3373 3066 3438 3136 τῇ
3492 3064 3731 3136 Ἐκκλη-

481 3138 718 3203 Quodam
744 3156 869 3195 veru
898 3141 985 3196 die
1013 3143 1281 3198 Dominico
1308 3145 1557 3200 descendi
1586 3149 1636 3201 in
1668 3150 1969 3214 ecclesiam,
1996 3165 2027 3202 u

2139 3150 2227 3222 σίᾳ
2256 3151 2606 3221 μεταλαϐεῖν·
2634 3151 2730 3206 καὶ
2763 3153 3021 3207 εἰσελθὼν
3040 3154 3148 3208 ἴδον
3169 3155 3408 3223 ἄγγελον
3427 3157 3729 3227 παρεστῶ-

477 3230 776 3298 acciperem
800 3247 947 3287 sacra
979 3238 1250 3305 mysteria.
1270 3237 1649 3309 Ingressusque
1664 3241 1768 3295 vidi
1791 3242 2035 3312 Angelurt

2139 3257 2201 3296 τα
2222 3247 2279 3296 ὲν
2300 3243 2378 3315 τῷ
2399 3242 2559 3315 δεξιῷ
2600 3243 2756 3315 μέρει
2802 3246 2898 3298 τοῦ
2925 3244 3338 3318 θυσιαστηρίου,
3365 3247 3462 3306 καὶ
3489 3247 3728 3319 ληφθεὶς

475 3326 705 3376 stantem
751 3323 815 3377 ad
849 3325 1098 3378 dextrum
1135 3327 1317 3382 altaris
1348 3342 1536 3393 cornu,
1556 3346 1602 3384 et
1632 3347 1825 3401 magno
1854 3346 2035 3400 ρωποι-ε

2139 3333 2458 3407 ἀνεχώρησα
2481 3338 2539 3390 ὲν
2572 3337 2650 3407 τῷ
2703 3337 2900 3408 κελλίῳ
2947 3356 3048 3407 μου
3071 3354 3085 3368 ο
3124 3339 3218 3392 καὶ
3242 3335 3406 3411 ἦλθέν
3449 3356 3539 3410 μοι
3567 3344 3726 3412 φωνὴ

473 3420 775 3482 correptus,
802 3431 1048 3471 reversus
1076 3432 1191 3471 sum
1214 3419 1268 3472 in
1298 3420 1541 3475 cellulam
1586 3437 1779 3475 meam.
1810 3422 1878 3475 Et
1906 3422 2035 3476 veuil

2139 3427 2365 3492 λέγουσα
2386 3467 2400 3488 ,
2438 3428 2519 3481 ὅτι
2553 3428 2767 3495 Ἐξότου
2797 3429 3033 3502 ἡγιάσθη
3054 3431 3114 3484 τὸ
3140 3430 3527 3504 θυσιαστήριον
3541 3432 3726 3502 τοῦτο,

475 3500 605 3555 mihi
636 3518 733 3557 vnit
766 3506 833 3559 de
862 3506 1019 3569 cmlo,
1050 3506 1269 3561 dicens:
1299 3509 1375 3563 Ex
1400 3525 1504 3577 quo
1550 3510 1936 3565 sanctificatum
1968 3526 2035 3565 est

2139 3514 2248 3585 ἐγὼ
2273 3516 2602 3590 ἐπιστεύθην
2634 3520 2973 3590 παραμένειν
3005 3524 3064 3574 ἐν
3092 3521 3257 3594 αύτῷ.
3448 3540 3451 3541 ⁷

473 3594 641 3651 altare
665 3596 826 3663 istud,
848 3612 945 3666 ego
971 3598 1164 3667 jugiter
1202 3601 1275 3653 illi
1297 3612 1473 3657 astare
1491 3605 1675 3670 {assus
1695 3616 1837 3656 sum.
1964 3663 1967 3667 γ

1921 3717 2153 3780 CAPUT
2195 3716 2257 3778 ν.

1411 3831 1618 3890 Relatio
1659 3836 1869 3893 abbatis
1900 3838 2241 3911 Polycltronii
2267 3840 2332 3897 de
2360 3838 2529 3897 tribus
2549 3841 2845 3898 monachis.

556 3927 726 3984 Abbas
759 3929 1143 4002 Polychronius
1174 3934 1410 4002 ejusdem
1441 3951 1592 3991 novae
1614 3937 1802 3994 Laurte
1834 3941 2035 4012 presby~

479 4031 579 4089 ter,
612 4024 845 4078 narravit
888 4026 1049 4090 mihi,
1076 4026 1264 4080 dicens
1294 4044 1306 4078 :
1336 4028 1467 4082 Cum
1497 4030 1738 4087 sederem
1768 4033 2052 4102 aliquando

478 4110 534 4166 in
589 4116 912 4168 monasterio
940 4115 1186 4168 'l‘urrium
1214 4116 1496 4184 Jordanis,
1529 4135 1690 4174 unum
1722 4123 1830 4176 illic
1855 4139 1919 4178 ex
1945 4124 2052 4178 fra-

475 4203 647 4258 tribus
699 4205 1046 4260 animadverti
1095 4209 1174 4261 sui
1216 4208 1377 4275 ipsius
1436 4214 1808 4282 negligentem,
1833 4224 1887 4269 et
1917 4233 2049 4271 nun-

472 4308 631 4361 quam
677 4304 877 4349 sancta:
912 4296 1019 4350 diei
1064 4297 1343 4353 dominica:
1396 4317 1653 4357 canonem
1703 4305 2042 4375 itnplentem;

471 4394 592 4452 post
640 4384 906 4438 modicum
941 4401 1065 4442 vero
1122 4393 1374 4459 temporis
1412 4394 1658 4449 eumdem
1699 4399 1886 4467 aspexi
1925 4413 2046 4456 cum

467 4476 613 4530 omni
652 4477 826 4531 studio
851 4488 904 4532 et
951 4481 1225 4538 alacritate
1278 4500 1337 4539 se
1364 4496 1727 4543 exercentem.
1757 4491 1906 4547 Tunc
1946 4509 2046 4564 ego

465 4565 575 4619 dixi
603 4568 650 4621 ei
676 4606 689 4619 .
722 4566 870 4622 Nune
898 4572 1102 4639 optime
1134 4572 1281 4641 facis,
1312 4590 1494 4630 curam
1522 4578 1593 4631 tui
1624 4594 1836 4648 gerens,
1861 4581 2067 4639 frater.~

2223 3958 2282 4010 Ὀ
2310 3957 2487 4021 assa;
2531 3958 2890 4031 Πολυχρόνιος
2946 3961 3250 4035 διηγήσατο
3288 3968 3445 4038 ἡμῖν,
3502 3965 3680 4040 λέγων
3703 4010 3720 4034 ,

2138 4048 2219 4100 ὃτι
2251 4049 2343 4112 Εἰς
2368 4044 2467 4120 τὴν
2528 4048 2733 4121 λαύραν
2755 4050 2864 4103 τῶν
2889 4052 3143 4124 Πυργίων
3163 4054 3257 4109 τοῦ
3299 4056 3590 4130 Ἰορδάνου,
3620 4062 3720 4116 ἕνα

2139 4139 2248 4193 τῶν
2266 4142 2445 4194 ἐκεῖσε
2487 4139 2763 4211 ἀδελφώνί
2794 4142 3022 4197 ἕόλεπον
3041 4146 3348 4216 ἀμελοῦντα
3376 4151 3597 4219 ἑαυτοῦ,
3624 4157 3719 4209 καὶ

2142 4230 2413 4302 μηδέποτε
2438 4232 2549 4303 πλη
2558 4234 2753 4305 ροῦντα
2773 4236 2862 4289 τὸν
2884 4232 2981 4307 τῆς
3000 4239 3162 4307 ἁγίας
3187 4240 3470 4312 Κυριακῆς
3489 4248 3715 4304 κανόνα.

2138 4314 2273 4374 Εἶτα
2302 4322 2377 4387 ὡς
2403 4322 2542 4393 μετὰ
2603 4325 2793 4395 χρόνον
2815 4327 2958 4393 τινὰ,
3011 4328 3204 4399 θεωρῶ
3233 4331 3324 4384 τὸν
3351 4331 3524 4398 οὕτως
3580 4336 3721 4405 ἁμε.

2137 4412 2356 4481 λοῦντα,
2401 4416 2540 4488 μετὰ
2566 4420 2746 4489 πάσης
2785 4419 3021 4491 σπουδῆς
3053 4420 3404 4491 σχολάζοντα,
3438 4426 3537 4491 σὺν
3578 4444 3718 4498 προσ

2137 4506 2306 4577 θυμία
2335 4508 2525 4580 πολλῇ.
2550 4511 2709 4578 Λέγω
2740 4506 2833 4565 οὖν
2865 4511 3034 4581 αὐτῷ,
3065 4512 3148 4566 ὅτι
3172 4510 3369 4580 Καλῶς
3389 4516 3485 4570 νῦν
3516 4523 3715 4586 ποιεῖς,

2138 4599 2439 4671 φροντίζων
2485 4603 2584 4672 τῆς
2618 4602 2811 4656 ἑαυτοῦ
2854 4604 3056 4676 ψυχῆς,
3125 4604 3344 4675 ἀδελφέ.
3389 4606 3447 4661 '0
3477 4606 3535 4664 δὲ
3566 4610 3717 4681 λέγει

463 4656 563 4721 Qui
593 4658 667 4713 ait
698 4660 823 4715 mibi
849 4678 862 4715 :
896 4662 1117 4718 Domine
1153 4664 1326 4733 Pater,
1343 4667 1502 4724 modo
1524 4671 1810 4726 moriturus
1825 4690 1964 4744 sum,
1988 4688 2035 4732 et

465 4759 576 4774 ....-n
613 4750 720 4774 11--
755 4761 862 4774 ι---
888 4764 1126 4774 ____.-_,-_
1171 4766 1240 4774 _c-

2139 4656 2249 4762 μοι·
2279 4656 2424 4763 Κύρι
2453 4656 2618 4759 ἁόύα,
2645 4694 2771 4765 ἄρτι
2796 4656 2903 4765 ἔχω

465 4759 581 4817 post
609 4750 723 4805 dies
755 4761 863 4807 tres
888 4764 1130 4809 mortuus
1161 4766 1267 4811 est.

533 4842 734 4897 Rursus
759 4845 897 4899 idem
920 4845 1082 4901 abbas
1117 4847 1500 4919 Polycbronins
1531 4858 1762 4911 narravit
1792 4859 1941 4927 mihi,
1960 4863 2031 4914 di-

458 4947 586 4987 cens
611 4953 628 4988 :
658 4934 791 4990 Cum
820 4939 872 4991 in
904 4938 1092 4993 eodem
1125 4946 1448 4999 monasterio
1477 4945 1720 5003 Turrium
1758 4952 2036 5008 defunctus

455 5033 600 5078 esset
641 5028 897 5095 quispiam
928 5029 1169 5099 fratrum,
1202 5033 1333 5087 dixit
1359 5037 1489 5091 mihi
1523 5038 1895 5106 diapensator:
1933 5045 2035 5100 Fac

454 5116 518 5168 cb
538 5117 789 5184 .ritatem,
818 5127 874 5173 et
901 5122 1047 5187 veni,
1074 5133 1131 5177 ut
1160 5124 1340 5181 fratris
1369 5144 1491 5183 vasa
1525 5130 1575 5183 in
1615 5133 1785 5187 locum
1811 5135 2029 5204 dispen-

451 5205 674 5263 sationis
721 5208 1041 5268 deferamus.
1066 5214 1197 5270 Cum
1229 5233 1357 5287 ergo
1388 5218 1529 5276 ferre
1555 5224 1922 5294 cmpissemus,
1947 5242 2033 5281 as-

2131 4785 2345 4855 ἡμέρας
2383 4786 2647 4857 ἁνεπάηί.

2213 4865 2272 4916 ’0
2305 4861 2469 4925 αὐτὸς
2532 4861 2706 4924 άϐὅᾶς
2764 4861 3294 4937 Πολυχρύνιοςότῆς
3335 4866 3465 4930 νέας
3508 4866 3717 4937 λαύρας

2136 4951 2508 5022 πρεσϐύτερος
2555 4950 2855 5023 διηγήσατό
2905 4972 2996 5025 μοι
3039 4955 3243 5025 λέγων,
3271 4956 3355 5009 ὅτι
3385 4956 3716 5027 Καθημένου

2141 5044 2244 5115 μού
2298 5061 2427 5097 ποτε
2454 5046 2510 5098 ἐν
2543 5048 2609 5116 τῇ
2651 5046 2825 5120 λαύρα
2870 5051 2979 5103 τῶν
3034 5049 3284 5121 πυργίων
3340 5048 3438 5120 (b),
3480 5049 3716 5119 ἀδελφοῦ

2144 5144 2589 5216 τελευτήσαντος.
2620 5143 2769 5212 λέγει
2793 5159 2886 5213 μοι
2919 5145 2948 5196 ὁ
2984 5141 3294 5216 οἰκονόμος·
3325 5142 3563 5216 Ποίησον
3586 5145 3724 5215 ἀγά-

2147 5254 2276 5304 πην,
2308 5236 2528 5306 ἀδελφέ,
2549 5235 2671 5290 ἐλθὲ
2710 5234 2800 5288 ἴνα
2821 5233 2886 5286 τὸ
2932 5232 3087 5305 ςκεύη
3104 5237 3198 5288 τοῦ
3227 5236 3458 5306 ἀδελφοῦ
3486 5238 3721 5308 ἀπενέγ-

1770 5360 2004 5419 νΑιιιλΕ
2042 5364 2445 5422 LECTIONES.

538 5442 671 5495 'Al.
710 5445 875 5501 inser.
930 5449 1278 5522 καθημένων.
1356 5453 1487 5507 ἈΙ.
1527 5453 1801 5508 ἀπέθανεν
1865 5463 1919 5510 et
1973 5456 2261 5530 ἐκοιμήθη.

1949 5548 2176 5605 NOTAE.

521 5611 825 5717 ρλίὶαιξρᾳ
853 5634 975 5717 τῶις
1003 5638 1296 5717 Πυργίωζ.
1340 5636 1740 5717 Λαιῖραζῆτῶν
1759 5640 2031 5717 ’πυργίων

454 5704 559 5759 rm?
601 5704 922 5773 Ἰορδάνου.
950 5707 1069 5761 Act.
1090 5704 1211 5764 iet
1239 5710 1273 5764 6
1299 5704 1517 5763 ςοηςίξίὶ
1549 5707 1655 5764 CP.
1687 5709 1792 5762 sub
1826 5704 1977 5763 Mena
2008 5724 2021 5759 :

2140 5641 2519 5729 Πρεσϐύτερος
2535 5646 2658 5729 ’θεαὶ
2698 5648 3006 5729 ἡγούμενος
3026 5653 3141 5729 τῶν
3177 5655 3433 5729 Πυργίων
3457 5656 3555 5711 τοῦ
3598 5659 3731 5713 100-

2135 5710 2315 5765 δάνουο
2378 5710 2758 5788 Πὲλεσδύτερόὲ
2805 5710 2911 5773 τὶῖδν
2965 5710 3219 5796 Πυργίων
3266 5710 3723 5798 ὶὸῡ““ἰορδά;ροα.
