3970 6300
513 383 656 451 2859

1803 371 2122 436 JOANNIS
2150 370 2430 431 MOSCHI

3627 369 3766 436 2860

1970 477 2198 535 CAPUT
2239 478 2329 534 IX.

1541 604 1614 658 De
1641 603 1778 657 mira
1808 599 2087 669 cujusdam
2122 595 2295 650 sancti
2327 574 2510 647 Patris
2549 594 2832 648 charitate.

591 695 644 749 In
670 697 785 764 ipso
815 695 1139 750 monasterio
1185 693 1455 762 Turrium,
1507 709 1668 750 senex
1715 697 1925 764 quidam
1971 707 2086 754 erat
2117 699 2162 755 Α

514 798 714 840 sancta:
741 786 992 841 nuditatis
1013 795 1066 840 et
1092 786 1446 854 eleemosynaa
1471 785 1624 840 valde
1645 787 1913 841 studiosus
1933 801 2082 840 ama-

513 885 614 928 tur.
644 876 888 942 Quadam
913 891 1041 945 ergo
1079 875 1166 929 die
1205 875 1349 928 venit
1386 890 1584 943 pauper
1609 876 1675 930 ad
1705 877 1818 942 ejus
1841 877 2083 930 cellulam

511 966 906 1038 eleemosynam
954 974 1176 1036 petens;
1232 979 1392 1021 senex
1443 983 1603 1034 vero,
1651 982 1770 1022 cum
1833 983 1938 1022 non
1988 969 2088 1024 nisi

511 1071 672 1110 unum
703 1071 895 1124 panem
955 1056 1194 1123 haberet,
1241 1056 1518 1126 prole-reus
1548 1061 1742 1127 ipsum,
1774 1057 1922 1113 dedit
1958 1073 2088 1127 pau-

510 1147 647 1214 peri.
699 1147 849 1202 Tunc
875 1147 1003 1202 dicit
1029 1147 1078 1202 ei
1126 1161 1363 1215 pauper:
1396 1146 1528 1200 Nolo
1556 1162 1764 1216 panem,
1805 1149 1904 1202 sed
1938 1149 2088 1204 indu-

512 1247 773 1291 mentum.
810 1223 1006 1293 Volens
1046 1243 1224 1292 autem
1273 1236 1452 1290 senior
1478 1250 1667 1291 curare
1696 1237 1865 1304 illum,
1897 1253 2086 1307 appre-

514 1326 679 1381 hensa
710 1341 866 1380 manu
892 1325 1030 1394 eius,
1061 1325 1358 1379 introduxit
1388 1325 1438 1379 in
1468 1325 1713 1380 cellulam
1741 1341 1913 1380 suam.
1955 1327 2087 1380 Pau-

507 1432 602 1486 per
630 1427 806 1472 autem
847 1431 968 1470 cum
993 1415 1102 1470 illic
1133 1415 1260 1468 nihil
1281 1417 1497 1470 omnino
1523 1416 1846 1480 invenisset,
1877 1415 1979 1471 nisi
1999 1431 2086 1471 so-

503 1510 612 1564 lum
641 1507 782 1577 quod
812 1508 900 1563 ille
925 1507 1212 1572 induebat,
1253 1515 1395 1560 tanta
1425 1506 1570 1560 senis
1601 1507 1794 1561 virtute
1814 1521 2078 1574 compun-

501 1606 642 1660 ctus,
673 1597 832 1671 solvit
878 1598 1149 1650 sacculum
1201 1608 1395 1663 suum,
1449 1604 1503 1650 et
1545 1597 1598 1657 in
1649 1596 1829 1650 medio
1875 1596 2083 1651 cellulae

496 1705 838 1761 quaecunque
868 1691 1094 1746 habebat
1132 1706 1417 1755 evacuans,
1447 1691 1578 1745 dixit
1607 1710 1618 1744 :
1655 1690 1817 1746 Sume
1844 1690 1966 1758 ista,
1999 1706 2086 1748 se-

509 1779 625 1835 nior
649 1783 866 1849 optime,
897 1789 952 1836 et
979 1795 1076 1852 ego
1101 1781 1224 1836 alibi
1252 1796 1485 1851 quaeram
1520 1797 1639 1852 qua
1683 1783 1814 1839 mihi
1838 1791 1964 1840 sunt
1985 1799 2081 1840 ne-

499 1885 762 1926 ωεεπιο,

2273 686 2359 738 Ἐν
2413 686 2547 756 αὐτῇ
2574 688 2640 756 τῇ
2674 684 2850 756 λαύρᾳ
2901 684 3010 738 τῶν
3077 685 3354 757 Πυργίων,
3408 656 3645 746 ἐκάθητό
3682 703 3768 750 τις

2149 863 2152 866 λ
2185 795 2380 864 γέρων.
2410 789 2519 847 Ἦν
2547 794 2603 847 δὲ
2623 794 2888 862 ἀκτήμων
2947 795 3086 848 πάνυ
3114 811 3127 825 ·
3179 793 3325 865 εἶχεν
3350 793 3407 848 δὲ
3431 795 3525 848 καὶ
3562 796 3622 848 τὸ
3657 796 3764 866 χά-

2189 901 2359 954 ρισμα
2385 884 2484 954 τῆς
2535 882 2930 954 ἔλεημοσύνης.
2976 885 3065 938 Ἐν
3099 888 3197 956 μιᾷ
3245 881 3339 940 οὖν
3379 887 3489 939 τῶν
3517 889 3768 959 ἡμερῶν,

2184 968 2347 1042 ἦλθεν
2378 973 2592 1042 πτωχὸς
2619 973 2698 1034 είς
2728 973 2786 1025 τὸ
2814 973 3044 1043 πυργίον
3065 974 3231 1027 αὐτοῦ
3261 975 3427 1029 αἰτῶν
3461 977 3768 1047 ἐλεημοσύ-

2187 1079 2303 1131 νην.
2341 1062 2400 1115 '0
2432 1062 2489 1114 δὲ
2520 1063 2695 1133 γέρων
2719 1065 2821 1116 οὐκ
2889 1060 3036 1134 εἶχεν
3070 1067 3120 1117 εί
3160 1065 3234 1136 μὴ
3281 1067 3378 1121 ἕνα
3432 1067 3619 1138 ἄρτον,
3672 1070 3771 1123 καὶ

2186 1152 2479 1222 ἐξενέγκας
2509 1144 2739 1226 δέδρακεν
2766 1154 2930 1207 αὐτὸν
2957 1155 3034 1226 τῷ
3069 1156 3290 1227 πτωχῷ.
3344 1157 3511 1226 Λέγει
3553 1159 3700 1229 αὐτῷ
3741 1161 3770 1212 6

2188 1240 2403 1311 πτωχός
2427 1257 2440 1271 ·
2475 1241 2548 1294 Ού
2587 1239 2727 1294 θέλω
2757 1242 2941 1313 ἄρτον,
3013 1243 3126 1297 ἀλλ’
3175 1245 3410 1315 ἱμάτιον.
3448 1246 3629 1299 Θέλων
3664 1249 3772 1300 δὲό

2186 1332 2364 1402 γέρων
2422 1331 2873 1402 ἀποθεραπεῦσαι
2904 1333 3066 1387 αὐτὸν
3128 1335 3331 1397 πιάσας
3355 1335 3397 1366 ¹⁰
3438 1336 3606 1390 αὐτὸν
3668 1339 3772 1406 τῆς

2187 1423 2387 1491 χειρὸς,
2453 1424 2774 1494 εἰσήνεγκεν
2825 1424 2988 1478 αὑτὸν
3035 1427 3118 1489 είς
3149 1427 3209 1480 τὸ
3241 1427 3476 1498 πυργίον
3499 1429 3539 1459 ¹¹
3575 1429 3770 1482 αὑτοῦ.

2198 1515 2256 1565 '0
2277 1514 2332 1566 δὲ
2365 1514 2578 1583 πτωχὸς
2626 1515 2795 1586 μηδὲν
2839 1515 2976 1579 ὅλως
3027 1515 3298 1587 εὑρηκὼς,
3330 1520 3380 1572 εί
3415 1520 3490 1589 μὴ
3519 1519 3547 1571 ὃ
3580 1521 3774 1589 ἐφόρει

2197 1607 2376 1674 μόνον,
2409 1608 2738 1674 κατανυγεὶς
2765 1609 2858 1661 ἐπὶ
2873 1611 2939 1679 τῇ
2953 1609 3122 1680 ἀρετῇ
3146 1609 3240 1663 τοῦ
3271 1610 3548 1681 γέροντος,
3575 1611 3775 1662 ἔλυσεν

2195 1695 2313 1746 τδη
2347 1694 2477 1747 ἴδιον
2533 1694 2741 1764 σακκὴν
2762 1697 2856 1766 (ε),
2887 1697 2982 1748 καὶ
3027 1698 3109 1759 είς
3137 1697 3196 1750 τὸ
3223 1698 3388 1768 μέσον
3414 1700 3509 1751 τοῦ
3550 1699 3777 1752 κελλίου

2195 1785 2357 1837 αὑτοῦ
2382 1786 2647 1840 ἐκένωσεν
2671 1789 2770 1840 ὅσα
2797 1782 2930 1857 εῖχε,
2960 1787 3134 1856 λέγων
3163 1806 3175 1818 °
3206 1789 3350 1843 Λάϐε
3384 1789 3579 1858 ταῦτα,
3610 1791 3781 1844 καλό-

2194 1891 2354 1944 γηρε,
2371 1875 2525 1944 κάγὼ
2546 1875 2781 1947 ἀλλαχοῦ
2812 1879 3226 1950 οίκονομοῦμαι.

1980 1984 2209 2042 CAPUT
2248 1985 2312 2040 Χ.

1743 2085 1864 2141 Vita
1899 2082 2162 2140 Barnaba:
2192 2077 2551 2134 anachorctw.

595 2173 928 2226 Anacltoreta
956 2173 1168 2238 quidam
1200 2184 1314 2229 erat
1343 2175 1395 2229 in
1416 2179 1684 2246 speluncis
1715 2180 1880 2233 sancti
1903 2179 2091 2235 .lorda-
2130 2205 2170 2258 Β

523 2260 629 2326 nis,
663 2261 931 2315 Barnabas
962 2261 1195 2318 nomine.
1229 2263 1324 2318 Hie
1347 2265 1436 2318 die
1472 2267 1697 2335 quadam
1721 2283 1838 2323 eum
1864 2269 2091 2335 descen-

516 2348 674 2402 deret
700 2350 887 2404 bibere
923 2364 1112 2420 aquam
1141 2352 1209 2405 de
1237 2351 1490 2421 Jordane,
1520 2356 1674 2409 inﬁxa
1697 2367 1788 2411 est
1820 2360 1940 2428 pedi
1979 2361 2098 2431 ejus

520 2453 584 2491 ex
629 2439 887 2494 arundine
932 2440 1153 2508 festuca,
1214 2445 1610 2515 permansitque
1657 2448 1928 2506 stimulum
1975 2453 2100 2520 pedi

523 2526 742 2582 inlixum
777 2536 970 2586 tenens
987 2531 1206 2601 jugiter,
1236 2547 1407 2600 neque
1434 2549 1620 2604 passus
1643 2547 1726 2592 est
1755 2549 1810 2593 ut
1835 2554 1957 2596 eum
1987 2557 2100 2598 me-

519 2619 672 2675 dicus
699 2623 928 2685 videret;
983 2626 1160 2694 itaque
1201 2631 1542 2696 computruit
1569 2646 1662 2700 pes
1707 2633 1842 2702 ejus.
1873 2637 2100 2698 Coactus

521 2723 649 2762 vero
673 2719 754 2764 est
779 2711 1069 2766 ascendere
1089 2714 1155 2768 ad
1179 2722 1556 2774 monasterium
1583 2720 1858 2790 Turriutn,
1890 2725 2098 2796 sibique

518 2813 676 2851 unam
706 2800 946 2854 cellulam
992 2804 1256 2872 accipere.
1291 2807 1454 2864 Porro
1491 2825 1582 2878 pes
1623 2811 1738 2881 ejus
1766 2815 1818 2868 in
1848 2815 1963 2873 dies
2002 2834 2097 2888 pu-

522 2890 786 2944 trescebat
815 2893 1000 2960 magis.
1053 2893 1270 2950 Dicebat
1305 2907 1479 2954 autem
1513 2899 1594 2955 bis
1634 2905 1723 2971 qui
1754 2905 1819 2959 ad
1852 2921 1972 2962 eum
2003 2925 2094 2966 ve-

519 2976 760 3044 niebant,
792 2982 933 3048 quod
956 2994 1154 3052 quanto
1187 2988 1357 3058 magis
1406 2990 1568 3046 homo
1607 2997 1842 3050 exterior
1867 2999 2085 3070 patitur,

521 3074 665 3119 tanta
686 3069 910 3132 amplius
941 3070 1160 3125 interior
1191 3076 1344 3130 viret.
1459 3102 1543 3125 -

601 3203 879 3273 Postquam
911 3222 1039 3263 vero
1063 3214 1303 3270 ascendit
1329 3217 1493 3274 abbas
1539 3222 1803 3284 Barnabas
1852 3245 1920 3284 ex
1970 3245 2093 3302 spc-

526 3289 677 3346 lmca
727 3309 818 3348 sua
847 3297 912 3350 ad
944 3299 1159 3368 Turres,
1195 3319 1313 3360 cum
1365 3307 1551 3366 fuisset
1597 3314 1666 3368 ibi
1706 3289 2084 3386 aliquantulum

523 3387 794 3454 temporis,
837 3391 1158 3447 anachoreta
1201 3396 1410 3465 quidam
1463 3402 1598 3457 alius
1627 3406 1753 3460 abiit
1779 3411 1839 3464 ad
1875 3412 2093 3478 spelun-

2263 2186 2375 2243 *Ην
2408 2209 2493 2256 τις
2550 2194 2913 2266 άναχωρητὴς
2969 2199 3048 2262 είς
3082 2199 3151 2253 τὰ
3199 2201 3438 2272 σπήλαια
3493 2203 3588 2257 τοῦ
3615 2206 3778 2273 ἁγίου

2201 2281 2494 2352 Ἰορδάνου,
2533 2285 2762 2355 ὀνόματὶ
2800 2286 3113 2360 Βαρνάϐης.
3151 2284 3321 2356 Οὗτος
3337 2294 3394 2347 ὲν
3432 2298 3531 2366 μιᾷ
3568 2314 3774 2368 κατερ-

2187 2371 2418 2442 χόμενος
2461 2375 2604 2426 πιεῖν
2653 2375 2716 2427 ὲκ
2754 2377 2850 2429 τοῦ
2919 2379 3219 2450 Ἰορδάνου,
3249 2382 3499 2452 ἐμπαγὲν
3546 2387 3627 2448 είς
3683 2388 3779 2440 τὸν

2189 2461 2327 2514 πόδα
2357 2461 2522 2514 αὐτοῦ
2545 2479 2599 2515 τι
2629 2463 2817 2534 ἔσχεν,
2843 2469 2937 2520 καὶ
2961 2468 3176 2538 ἔμεινεν
3216 2471 3356 2540 ἔχων
3387 2473 3479 2526 τὸν
3509 2474 3777 2540 σκόλοπα,

2191 2551 2266 2622 μὴ
2296 2553 2620 2623 ἀνεχόμενος
2656 2555 2741 2608 ἵνα
2787 2557 2969 2626 ἰατρὸς
3024 2558 3108 2632 ἴδῃ
3155 2561 3338 2618 αὐτόν.
3385 2565 3494 2618 Καὶ
3521 2567 3704 2637 ἐσάπη
3749 2571 3778 2621 6

2190 2643 2325 2706 ποῦς
2383 2645 2570 2711 αὑτοῦ,
2602 2649 2695 2700 καὶ
2721 2643 3042 2721 ἡᾮαγκάσθη
3100 2651 3282 2706 λαϐεῖν
3330 2655 3508 2727 ἑαυτῷ
3545 2658 3778 2728 πυργίον

2189 2734 2269 2796 εἰς
2298 2735 2366 2787 τὰ
2418 2736 2654 2805 Πυργία.
2705 2739 2762 2790 Ὁ
2797 2739 2853 2791 δὲ
2897 2740 3032 2804 ποῦς
3084 2743 3247 2796 αὐτοῦ
3294 2747 3610 2819 πρόσκαιρα
3642 2751 3777 2822 ἐσή-

2190 2841 2339 2877 πετο.
2372 2827 2561 2894 Ἔλεγε
2601 2827 2658 2880 δὲ
2683 2830 2811 2882 πᾶσι
2851 2833 2962 2893 τοῖς
3003 2831 3138 2900 πρὸς
3169 2835 3329 2888 αὐτὸν
3387 2838 3776 2910 παραϐάλλου-

2194 2931 2301 2976 σιν,
2375 2918 2456 2970 ὃτι
2525 2919 2659 2971 ὅσον
2703 2919 2808 2984 ἔξω
2849 2923 3049 2994 πάσχει
3111 2925 3420 2996 ἄνθρωπος,
3453 2930 3713 2984 τοσοῦτον
3751 2933 3778 2983 6

2191 3007 2295 3074 ἔξω
2319 3007 2524 3063 θάλλει.
2543 3018 2549 3024 ’

2260 3219 2414 3271 Μετὰ
2443 3221 2502 3272 τὸ
2540 3222 2784 3276 ἀνελθεῖν
2817 3223 2906 3275 τὸν
2939 3226 3114 3306 άϐϐἄν
3148 3229 3436 3302 Βαρνάϐαν
3487 3233 3579 3286 τὸν
3645 3237 3781 3292 ἀνα-

2189 3308 2438 3377 χωρητὴν
2473 3313 2535 3362 ἐκ
2579 3310 2672 3364 τοῦ
2708 3312 2969 3384 σπηλαίου
2997 3318 3163 3370 αὑτοῦ
3195 3320 3276 3383 είς
3308 3321 3378 3374 τὰ
3411 3323 3647 3392 Πυργία,
3677 3329 3779 3380 καὶ

2194 3397 2416 3466 ποιῆσαι
2446 3400 2636 3471 χρόνον
2665 3403 2808 3470 τινὰ,
2840 3405 3029 3476 ἕτερός
3058 3425 3140 3472 τις
3188 3413 3553 3485 ἁναχωρητὴς
3588 3417 3775 3486 ἀπέρ-

520 3489 636 3528 cain
673 3478 856 3546 ipsius,
904 3483 1276 3556 ingressusque
1303 3493 1435 3547 vidit
1465 3500 1707 3571 angelum
1738 3499 1830 3553 Dei
1864 3511 2090 3557 stantem

2200 3503 2344 3555 χεται
2385 3491 2465 3551 είς
2493 3490 2553 3542 τὸ
2585 3493 2848 3563 σπήλαιον
2873 3495 3037 3550 αὑτοῦ
3067 3515 3078 3527 ·
3114 3500 3207 3552 καὶ
3255 3478 3520 3557 ειάεᾶοὼᾴ
3578 3478 3780 3575 θεωρεί

518 3577 678 3630 super
724 3566 888 3623 altare
931 3573 1070 3639 quod
1102 3574 1298 3630 fecerat
1338 3581 1517 3634 senior
1559 3569 1716 3652 atque
1763 3601 2085 3646 sacraverat.

2200 3576 2421 3646 ἄγγελον
2469 3579 2604 3633 Θεοῦ
2656 3583 2864 3638 ἑστῶτα
2910 3587 3003 3640 ἐπὶ
3049 3587 3142 3642 τοῦ
3179 3590 3601 3664 θυσιαστηρίου,
3633 3566 3780 3666 ὅπερ

515 3657 709 3725 Aitque
738 3659 803 3712 ad
847 3664 1090 3730 angelum
1120 3669 1437 3725 anachoreta
1471 3691 1484 3728 :
1515 3675 1648 3740 Quid
1682 3676 1766 3731 hic
1804 3679 1961 3748 agis?
1987 3680 2084 3737 Cui

2200 3665 2257 3739 ῆν
2303 3671 2537 3740 ποιήσας
2581 3675 2608 3727 6
2661 3676 2840 3747 γέρων
2871 3679 2958 3731 ἐπ’
2987 3681 3152 3734 αὐτοῦ
3201 3683 3296 3736 τοῦ
3330 3657 3617 3755 σπηλαίου,
3679 3657 3780 3741 κοὶι

516 3749 733 3814 angelus
779 3751 865 3806 ille
896 3768 910 3807 :
944 3755 1017 3808 Ex
1069 3773 1172 3827 quo
1219 3763 1540 3819 sanctiﬁcata
1587 3777 1708 3823 sunt
1754 3769 1884 3840 ista,
1917 3786 1945 3826 a
1976 3772 2087 3829 Deo

2200 3760 2447 3848 ὶγιάσας.
2495 3765 2606 3817 Καὶ
2636 3765 2784 3834 λέγει
2811 3769 2839 3819 6
2881 3770 3242 3844 άναχωρητὴς
3267 3775 3342 3845 τῷ
3375 3749 3640 3848 ἀγγέλῳγ·
3707 3783 3781 3833 Τί

511 3840 629 3902 ipso
654 3841 777 3894 mihi
806 3845 1004 3899 credita
1035 3859 1159 3904 sunt
1191 3853 1232 3906 ¹..

2191 3852 2364 3913 ποιεῖς
2393 3845 2526 3940 ὧδες
2565 3855 2729 3925 Λέγει
2759 3860 2931 3930 αὐτῷ,
2970 3863 3236 3931 Ἀγγελὸς
3278 3867 3393 3936 είμι
3422 3867 3515 3920 τοῦ
3540 3845 3777 3940 Κυρίου,
3829 3845 3832 3847 ⁵

2192 3940 2288 3993 καὶ
2315 3942 2409 4009 ἀφ’
2437 3936 2496 3996 οἶ)
2525 3945 2784 4019 ἡγιάσθη,
2813 3950 2937 4020 ἐμοὶ
2956 3953 3250 4024 ἐπιστεύθη
3287 3954 3392 4007 ὑπὸ
3415 3957 3509 4010 τοῦ
3539 3936 3696 4014 Θεοῦ.

1971 4040 2202 4108 CAPUT
2239 4050 2331 4108 XI.

1833 4163 1953 4220 Vita
1983 4165 2504 4237 abbatisHagioduli.

605 4254 781 4307 Ablias
829 4256 1012 4312 Petrus
1061 4264 1332 4332 presbyter
1374 4269 1675 4323 monasterii
1727 4273 1893 4326 sancti
1935 4271 2096 4340 patris

532 4343 703 4433 nostri
741 4344 916 4412 Sabar,
951 4354 1182 4404 narravit
1211 4353 1363 4412 nobis
1391 4357 1461 4411 de
1488 4358 1676 4414 abbate
1699 4361 1956 4431 Agiodulo
1977 4360 2102 4433 [lla-

530 4431 766 4504 giodulo]
792 4435 973 4491 dicens
999 4452 1014 4491 :
1046 4438 1178 4496 Cum
1207 4444 1251 4498 is
1279 4456 1419 4500 esset
1440 4451 1662 4504 antistes
1685 4450 1793 4505 dux
1827 4431 2098 4511 tnunaste-

527 4519 602 4578 rii
631 4521 770 4578 beati
790 4524 1072 4595 Gerasimi,
1099 4535 1322 4605 contigit
1350 4539 1564 4596 fratrem
1599 4546 1880 4612 quemdam
1910 4549 1978 4604 de
1999 4550 2105 4605 illic
2143 4561 2152 4575 ‘

535 4612 894 4701 residentibus
919 4620 1075 4676 mori.
1099 4622 1248 4690 Quod
1280 4641 1399 4682 cum
1422 4644 1583 4687 senex
1610 4635 1900 4705 ignoraret,
1929 4645 2108 4712 pulsa-

529 4710 721 4771 retque
751 4706 1029 4773 praefectus
1051 4715 1272 4770 canonis
1298 4718 1520 4791 lignum,
1568 4727 1710 4794 quod
1741 4706 1946 4786 fratres
1977 4748 2105 4790 con-

531 4794 809 4851 venientes
832 4810 1096 4857 mortuum
1124 4807 1394 4876 elferrent,
1430 4822 1488 4867 ut
1515 4817 1645 4873 vidit
1671 4833 1833 4875 senex
1873 4825 2102 4881 cadaver

532 4883 586 4938 in
608 4887 848 4944 ecclesia!
872 4893 1046 4948 medio
1062 4896 1263 4963 jacere,
1294 4906 1640 4963 contristatus
1662 4922 1742 4965 est
1768 4913 1939 4981 valde,
1964 4918 2100 4983 quod

527 4988 636 5029 non
683 4977 832 5035 illum
865 4987 1146 5043 salutasset
1195 4994 1496 5064 priusquam
1526 5000 1777 5069 migraret
1818 5019 1849 5059 e
1878 4977 2098 5060 saeculo.

2277 4276 2336 4331 '0
2367 4279 2541 4342 άϐϐἇς
2585 4282 2793 4352 Πέτρος
2829 4286 2857 4337 6
2902 4285 3274 4357 πρεσϐύτερος
3299 4288 3398 4357 τῆς
3431 4288 3638 4360 λαύρας
3679 4295 3782 4347 τοῦ

2194 4368 2253 4422 ὲν
2276 4368 2452 4436 ἁγίοις
2474 4371 2688 4442 [ἰατρὸς
2721 4373 2878 4444 ἡμῶν
2909 4375 3079 4440 Σάϐα,
3135 4376 3433 4447 διηγήσατο
3482 4381 3615 4449 ἡμῖν
3647 4385 3785 4454 περὶ

2207 4459 2570 4530 Ἀγιοδούλου,
2593 4464 2792 4531 λέγων,
2823 4467 2906 4518 ὅτι
2946 4468 3136 4531 Ὄντος
3167 4469 3330 4522 αὐτοῦ
3349 4463 3657 4542 ἡγουμένου
3674 4476 3781 4544 τῆς

2195 4551 2400 4623 λαύρας
2429 4555 2524 4608 τοῦ
2554 4557 2824 4626 μακαρίου
2882 4559 3214 4629 Γερασιμου,
3279 4563 3477 4634 συνέϐη
3547 4565 3788 4634 ἀδελφόν

2194 4659 2317 4696 τινα
2352 4645 2462 4698 τῶν
2485 4647 2603 4700 ἐκεῖ
2630 4647 2972 4718 τελευτῆσαι,
3006 4651 3100 4702 καὶ
3153 4652 3256 4705 οὐκ
3287 4651 3538 4721 ἔμαθε·νό
3574 4658 3784 4724 γέρων.

2195 4734 2307 4788 Καὶ
2353 4736 2682 4807 κρούσαντος
2744 4738 2839 4792 τοῦ
2897 4742 3233 4812 κανονάρχου
3281 4743 3343 4794 τὸ
3379 4743 3555 4810 ξύλον,
3599 4747 3691 4815 ἐφ’
3740 4741 3790 4813 ᾧ

2197 4823 2406 4889 πάντας
2435 4827 2563 4891 τοὺς
2597 4828 2865 4896 ἀδελφοὺς
2898 4830 3254 4900 συναχθῆναι,
3305 4833 3400 4886 καὶ
3450 4835 3789 4905 προπέμψαι

2197 4913 2288 4967 τὸν
2309 4916 2727 4988 τελευτήσαντα,
2762 4921 2930 4976 ἐλθὼν
2963 4925 2990 4976 6
3028 4925 3229 4996 γέρων,
3287 4927 3381 4979 καὶ
3417 4927 3537 4981 ἰδὼν
3561 4929 3622 4981 τὸ
3673 4929 3791 4981 λεί-

2198 5001 2367 5071 ψανον
2391 5005 2482 5057 τοῦ
2515 5008 2746 5078 ἀδελφοῦ
2770 5015 3020 5082 κείμενον
3055 5017 3112 5067 ἐν
3139 5018 3205 5085 τῇ
3239 5017 3527 5088 ἐκκλησίᾳ,
3573 5020 3790 5091 ἐλυπή-

529 5062 908 5175 rProfectusque
953 5065 1107 5132 Secus
1161 5062 1413 5138 lectulum
1472 5088 1557 5142 ubi
1600 5062 1834 5158 jacebat,
1889 5097 1964 5149 ait
2007 5095 2098 5150 de-

2213 5062 2224 5071 -
2657 5062 2668 5078 ι
2731 5062 2734 5063 ν
2773 5062 2826 5063 πί
2862 5062 3012 5082 [ν’-⁷
3057 5062 3102 5067 -’
3151 5062 3205 5085 'u
3240 5062 3527 5088 "'-""'t"‘t"
3573 5062 3752 5091 "'""'t

2203 5092 2291 5163 θη,
2329 5095 2414 5148 ὅτι
2473 5097 2573 5151 οὐκ
2597 5099 2882 5168 ἠσπάσατο
2912 5103 3074 5157 αὐτὸν
3123 5105 3229 5175 πρὸ
3272 5105 3384 5158 τοῦ·
3422 5106 3658 5172 ἐξελθεῖν
3718 5113 3791 5163 ὲ.;

518 5149 704 5208 l'ttncto
737 5175 751 5210 :
778 5159 963 5231 Surge,
998 5165 1176 5232 frater,
1209 5182 1263 5225 et
1291 5171 1354 5224 da
1384 5175 1512 5231 mihi
1534 5149 1792 5236 osculum.
1836 5183 1935 5250 Qui
1977 5200 2098 5253 pro-

523 5244 666 5272 ﬂuas
712 5261 927 5272 -.._.___,
1133 5260 1144 5272 .
1189 5269 1197 5272 -
1678 5271 1712 5272 ψ

2200 5149 2292 5237 τού
2338 5185 2475 5254 βίου.
2543 5149 3073 5265 ’ᾉπελθῶν-ϐὲπρὺς
3129 5149 3228 5265 «ci-1v
3283 5149 3479 5266 κλίνην
3501 5197 3652 5266 λέγει
3706 5201 3795 5272 τῷ

523 5244 667 5334 linus
711 5261 952 5334 surgens,
1001 5260 1266 5344 osculatus
1308 5275 1390 5344 est
1416 5281 1624 5325 senem.
1674 5271 1808 5329 Tum
1850 5244 1990 5332 dixit
2011 5294 2096 5336 se-

2200 5269 2485 5344 τεθνεῶτι,
2532 5279 2804 5351 Ἐγείρου,
2840 5283 3058 5353 ἀδελφὲ,
3087 5284 3174 5348 δός
3222 5302 3313 5356 μοι
3366 5286 3676 5358 ἀσπασμόν.

1833 5375 2063 5435 VARUE
2094 5382 2493 5444 manemus.

621 5464 666 5498 ‘°
697 5465 770 5520 al.
801 5467 1102 5540 κρατήσας.

1182 5472 1223 5502 ¹¹
1259 5471 1331 5524 al.
1357 5473 1414 5526 ὲν
1441 5473 1520 5544 τῷ
1551 5474 1767 5547 κελλίῳ,
1847 5479 1888 5509 ³⁸
1937 5479 2007 5532 al.
2031 5480 2139 5536 τόν.

2038 5571 2270 5628 NOTAE.

535 5623 768 5733 in“)!
801 5652 956 5733 ιδίον
993 5657 1254 5733 σακλςήν.
1379 5662 1577 5733 σακκὶν
1600 5677 1698 5733 pro
1728 5667 1975 5719 σακκίον.
2011 5623 2096 5720 Avi.

525 5718 627 5772 Ίὺν
651 5721 797 5794 -ίδιον
827 5724 1049 5788 σάκκον,
1091 5718 1344 5794 σάρκινον
1380 5718 1762 5788 σάκκον’όὶκίι
1794 5718 2097 5790 Germanus

527 5791 858 5860 patriarcha,
877 5795 1098 5848 Auctar.
1124 5791 1414 5854 Cbmbclis.
1433 5809 1473 5855 t.
1497 5802 1534 5865 Ι,
1560 5819 1610 5856 e.
1633 5803 1769 5856 1516
1792 5808 1860 5860 Α.
1884 5815 1936 5860 et
1960 5807 2095 5874 σάγ-

2208 5682 2360 5719 κινον
2403 5665 2490 5741 xtj
2525 5665 2780 5741 σᾲκκινον
2827 5669 3229 5739 καταπέτασμα
3277 5670 3546 5723 succinum
3593 5671 3806 5741 uelum,

2205 5752 2258 5790 c.
2287 5735 2419 5788 1561
2454 5734 2512 5788 Β.
2538 5733 2654 5793 Nisi
2685 5739 2810 5809 quis
2839 5755 3050 5795 mecum
3079 5733 3336 5796 maluerit
3376 5740 3634 5812 σάρκινον
3663 5733 3806 5796 car;

2204 5820 2381 5862 neum.
