3970 6300
288 360 433 429 2861

292 569 328 620 ὁ
381 568 560 640 γέρων
592 586 608 602 ·
666 569 853 641 Κοίμα
872 571 932 624 τὸ
980 550 1174 627 λοιπὸν
1204 575 1310 642 ἕως
1342 578 1512 635 ἐλθὼν
1550 550 1728 651 ὁ’Υίδς
1772 550 1868 644 τού

292 657 435 712 Θεοῦ
465 660 661 731 ἐγείρῃ
697 678 780 715 σε.
872 672 895 687 ⁸

284 755 289 759 ‘
349 745 435 834 _'0
457 747 623 811 αὐτὸς
678 748 853 813 assa;
911 750 1250 819 Ἀγιόδουλος
1301 757 1670 831 ἀνερχόμενος
1724 764 1876 834 παρὰ

287 832 395 900 τὰς
438 837 605 909 ὄχθας
631 839 726 894 τοῦ
779 842 939 910 ἁγίου
980 843 1269 914 Ἰορδάνου,
1323 850 1382 902 ἐν
1414 851 1490 920 τῷ
1517 851 1761 926 λογισμῷ
1794 832 1873 911 θι-

290 931 520 995 ενοεῖτο,
562 931 746 1001 τιάρα
768 936 1058 1003 γεγόνασιν
1081 939 1132 991 οί
1157 938 1292 993 λίθοι
1323 943 1373 995 oi
1414 943 1662 1000 ἐκλεκτοὶ
1696 951 1744 1002 οἱ
1771 950 1875 1021 ἐμ-

287 1020 585 1092 ϐληθέντες
608 1023 719 1111 ὑπὸ,
749 1026 925 1095 Ἰησοῦ
955 1028 1050 1081 τοῦ
1076 1030 1254 1101 Ναυῆ,
1295 1033 1416 1087 ἀντὶ
1442 1035 1554 1090 τῶν
1588 1020 1870 1111 ἀρχόντων
1964 1044 2045 1100 his

286 1112 388 1186 ὑπ’
439 1113 626 1180 αὐτοῦ,
670 1104 766 1170 καὶ
792 1116 869 1181 ὡς
933 1118 1107 1173 τιῦτα
1134 1120 1464 1192 διελογίζετο
1499 1104 1862 1204 παραχρῆμα,

283 1202 475 1275 διέστη
514 1204 644 1258 ἔνθα
688 1206 783 1260 καὶ
822 1207 950 1261 ἔνθα
981 1210 1049 1262 τὰ
1070 1209 1261 1277 ὕδατα,
1303 1216 1399 1269 καὶ
1445 1218 1704 1275 ἐθεάσατο
1742 1202 1867 1290 τοὺς
1957 1226 2233 1288 duodecim
2283 1235 2330 1290 la

284 1293 498 1348 δώδεκα
538 1295 744 1364 λίθους,
791 1299 884 1354 καὶ
906 1298 1112 1391 ,βαλὼν
1155 1305 1446 1373 μετάνοιαν
1483 1310 1566 1382 ,τῷ
1597 1312 1737 1386 Θεῷ,
1770 1318 1865 1372 ἀν-

282 1383 590 1455 εχώρησεν.

1499 381 1815 447 PRATUM
1852 388 2331 459 SPIRITUALE.

3401 402 3545 469 2862

2224 525 2338 591 irmr
2385 523 2515 581 jam,
2561 530 2833 590 quousque
2864 523 3038 579 veniat
3084 525 3325 611 Christus
3375 535 3540 593 Filius

1981 598 2099 668 Det,
2126 610 2178 657 et
2204 604 2483 661 resuscitat
2505 615 2573 661 te.
3047 615 3051 621 '

2046 776 2185 833 ldem
2206 778 2368 836 abbas
2391 783 2681 855 Agiodulus
2704 803 2823 847 cum
2851 797 3100 853 transiret
3117 799 3267 868 juxta
3288 802 3537 860 Jordanis

1967 865 2151 935 ripas,
2199 884 2379 927 secum
2431 877 2611 932 animo
2663 887 2718 934 et
2760 885 3075 953 cogitatione
3119 865 3374 949 vvolvehatl
3411 900 3536 966 quid

1962 968 2136 1060 actum
2168 959 2352 1019 fuisset
2399 966 2465 1022 de
2513 969 2776 1039 lapidibus
2804 976 3013 1046 injectis
3037 996 3067 1034 a
3105 984 3229 1039 .lesu
3259 986 3399 1044 Nave
3429 959 3536 1060 'pm

2072 1063 2204 1118 quos
2227 1052 2351 1109 inde
2377 1059 2686 1117 sustulerat.
2718 1063 2955 1137 Cumque
2976 1072 3073 1125 ista
3103 1076 3381 1146 cogitaret,
3405 1052 3530 1135 con-

1961 1134 2135 1193 festim
2162 1140 2284 1197 hinc
2311 1153 2366 1198 et
2394 1145 2515 1202 hinc
2536 1149 2717 1205 divisa:
2737 1134 3056 1229 sunt—aqum.
3083 1134 3232 1218 7me
3257 1134 3385 1222 vidii
3413 1170 3530 1225 illos

2339 1238 2506 1330 pides,
2553 1233 2955 1320 prostratusque
3003 1252 3149 1309 humi
3196 1255 3306 1313 Deo
3331 1263 3528 1330 gratias

1953 1319 2082 1388 egit,
2116 1332 2169 1378 et
2193 1328 2431 1383 recessit.

1742 1502 1967 1561 CAPUT
1993 1505 2108 1565 XII.

1564 1599 1775 1657 Dictum
1805 1604 2014 1663 abbatis
2045 1608 2299 1681 Olympii.

378 1674 624 1770 ᾎδελφὸς
644 1679 900 1752 ἠρώτησε
930 1684 1024 1738 τὸν
1072 1686 1248 1741 ἀόὄᾶν
1283 1688 1582 1761 Ὀλύμπιον
1615 1696 1707 1749 τὸν
1737 1716 1871 1770 πρε-

282 1764 546 1856 ᾒύτερον
578 1771 681 1841 τῆς
708 1771 919 1842 λαύρας
945 1775 1038 1828 τοῦ
1076 1777 1220 1832 άϐϐά
1282 1781 1618 1853 Γερασίμου,
1642 1764 1816 1856 λέγων
1851 1808 1864 1820 ·

274 1847 457 1922 Εῐπόν
500 1874 591 1926 μοι
666 1860 940 1930 ρἦα.’“0
977 1864 1035 1916 δὲ
1081 1866 1230 1935 λέγει
1284 1847 1453 1940 αὐτῷ*
1489 1847 1868 1951 *Μὴτκαθίσῃς

2029 1703 2214 1759 Frater
2243 1704 2589 1775 interrogavit
2616 1708 2862 1765 abbatem
2885 1711 3209 1784 Olympium,
3251 1720 3526 1792 presbyte-

1958 1810 2073 1849 rum
2122 1798 2429 1854 monasterii
2476 1801 2648 1856 sancti
2697 1800 2980 1871 Gcrasimi,
3018 1805 3244 1862 dicens:
3277 1809 3370 1866 Dic
3399 1814 3526 1869 mihi

1896 1933 1908 1942 .
1956 1885 2198 1941 verbum.
2248 1887 2347 1953 Qui
2376 1888 2509 1945 dixit
2558 1892 2605 1944 ei
2637 1909 2650 1943 :
2680 1892 2757 1947 Ne
2785 1894 2973 1950 sedeas
3000 1912 3122 1952 eum
3154 1899 3439 1968 haereticis,
3470 1917 3525 1960 et

278 1944 424 2014 μετὰ
485 1948 800 2019 αίρετικῶν,
824 1954 918 2008 καὶ
942 1956 1130 2025 κράτει
1185 1958 1437 2031 γλώσσης
1491 1966 1584 2018 καὶ
1633 1944 1857 2038 κοιλίας,

2256 1944 2293 1953 __
2682 1944 2695 1945 κ
2735 1944 2754 1947 -
2786 1944 2969 1950 —~—v—~
3004 1944 3122 1952 v—-—-
3154 1944 3252 1954 --w-
3268 1944 3439 1968 v--v-.-s
3471 1944 3517 1960 ιι·

1957 1977 2168 2031 coutine
2196 1978 2429 2047 linguam
2475 1989 2530 2034 et
2559 1991 2832 2058 ventrem;
2878 2000 2941 2039 ac
2970 1986 3270 2058 ubicunque
3297 1992 3517 2058 sederis,

277 2035 383 2090 καὶ
402 2037 536 2092 ὅπου
572 2040 740 2113 κάθῃ,
773 2046 1011 2116 συνεχῶς
1041 2047 1186 2117 λέγε,
1217 2050 1299 2127 ὅτι
1342 2051 1502 2119 Ξένος
1526 2058 1665 2126 εἰμί.

1868 2114 1873 2117 Α
1954 2063 2040 2121 die
2058 2067 2271 2123 assidue
2299 2086 2311 2121 :
2346 2051 2663 2139 Peregrian
2691 2087 2829 2144 sum.

1694 2172 1945 2233 'CAPUT
1984 2183 2123 2241 Xlll.

1429 2281 1544 2335 Vita
1582 2284 1789 2342 abbatis
1834 2288 2008 2351 Marci
2054 2291 2406 2356 anachoretm.

360 2364 583 2434 Ἔλεγον
642 2367 899 2438 περὶτοῦ
948 2369 1095 2423 άῦδᾶ
1114 2371 1342 2442 Μάρκου
1365 2373 1458 2425 τοῦ
1506 2376 1861 2449 ἀναχωρητοῠ

275 2446 463 2527 (οὗτος
480 2459 536 2512 δὲ
566 2459 801 2531 ἐκάθητο
819 2460 1045 2531 πλησίον
1075 2464 1173 2533 τῆς
1205 2464 1373 2535 μονῆς
1411 2466 1503 2519 τοῦ
1533 2446 1884 2546 Πενθουκλᾶ),

272 2554 367 2606 ὅτι
393 2554 484 2607 ἐπὶ
508 2552 769 2623 ἐξήκοντα
796 2555 957 2609 ἐννέα
984 2555 1078 2627 ἔτη
1100 2557 1307 2629 ταύτην
1338 2559 1501 2630 ἔσχεν
1554 2563 1654 2634 τὴν
1695 2566 1861 2637 ἐργα-

275 2644 425 2711 σίαν,
449 2646 551 2708 τὰς
589 2645 890 2716 ἑϐδομάδας
912 2648 1212 2717 νηστεύων,
1236 2649 1381 2704 ’ὥστε
1398 2652 1638 2723 νομίζειν
1671 2658 1845 2721 τινάς,

270 2735 364 2787 ὅτι
396 2734 636 2805 ἄσαρκος
656 2738 823 2790 ἐστιν.
864 2737 1166 2807 Ἦργάζετο
1198 2740 1255 2792 δὲ
1285 2739 1455 2795 νύκτα
1506 2744 1602 2796 καὶ
1642 2745 1860 2816 ἡμέραν

274 2823 541 2893 περὶτῶν
573 2825 919 2893 ἐπαγγελιῶν
953 2825 1049 2879 τοῦ
1080 2820 1343 2898 Χριστοῦ,
1370 2830 1465 2884 καὶ
1493 2831 1661 2885 ἐδίδου
1689 2834 1858 2899 αὑτὰς

270 2916 549 2984 πτωχοῖς,
580 2916 702 2969 οὐδὲ
763 2918 915 2987 παρά
958 2933 1105 2981 τινος
1155 2918 1348 2972 ἔλαϐεν
1386 2921 1641 2975 τιποτοῦν
1670 2939 1685 2953 ·
1730 2926 1856 2994 περὶ

267 3004 472 3058 τούτου
506 3006 841 3070 ἀκούσαντες
890 3008 1223 3080 φιλόχριστοι
1268 3002 1432 3080 ἦλθον
1475 3011 1659 3066 δοῦναι
1701 3014 1850 3087 αὐτῷ

267 3096 379 3167 τὴν
440 3097 660 3168 ἀγάπην
694 3115 706 3128 ·
760 3099 789 3151 ὁ
829 3099 886 3152 δὲ
949 3100 1164 3169 ἔλεγεν
1197 3103 1271 3154 Οὐ
1305 3101 1565 3172 λαμϐάνω
1587 3121 1602 3136 ο
1632 3105 1694 3158 τὸ
1734 3106 1845 3178 γὰρ

268 3189 296 3239 ὲ
306 3187 411 3257 μὸν
445 3187 729 3259 χείρεργον
750 3190 938 3262 τρέφει
985 3209 1075 3263 με,
1110 3195 1349 3257 καὶτοὺς
1369 3196 1698 3266 ἐρχομένους
1717 3199 1855 3269 πρός

272 3295 350 3349 με
382 3277 471 3333 διὰ
497 3280 589 3334 τὸν
618 3280 770 3338 Θεὸν.
1011 3302 1019 3309 ·

2019 2394 2275 2450 Dicebant
2301 2397 2366 2452 de
2405 2397 2595 2453 abbate
2641 2399 2817 2455 Marco
2855 2402 3197 2473 anachoreta,
3228 2409 3316 2476 qui
3346 2424 3521 2462 mora-

1947 2485 2100 2542 batur
2120 2503 2284 2558 prope
2305 2493 2681 2545 monasterium
2708 2493 3031 2550 Penthucula
3058 2512 3151 2566 per
3173 2514 3341 2554 annos
3362 2517 3517 2555 sexa-

1948 2577 2091 2646 ginta
2124 2589 2252 2643 tres,
2284 2582 2424 2650 quod
2449 2583 2591 2637 hanc
2616 2584 2859 2640 habuerit
2881 2587 3129 2642 virtutem
3158 2587 3516 2645 hebdomadas

1944 2666 2174 2738 integras
2196 2670 2491 2740 jejunaudi,
2521 2673 2591 2727 ita
2616 2686 2671 2727 ut
2702 2684 2950 2742 putarent
2977 2677 3189 2747 quidam
3235 2692 3358 2733 eum
3403 2682 3516 2735 sine

1932 2764 2102 2813 carne
2130 2772 2271 2813 esse.
2296 2761 2626 2829 Operabatur
2649 2771 2824 2818 autem
2847 2765 2932 2820 die
2957 2780 3019 2820 ac
3052 2779 3227 2835 nocie,
3260 2778 3310 2823 et
3332 2763 3509 2824 distri-

1943 2847 2134 2905 buebat
2162 2853 2482 2919 pauperibus
2502 2854 2700 2918 omnia,
2730 2869 2899 2925 neque
2928 2858 2992 2909 ah
3022 2859 3196 2927 a!iquo
3237 2860 3504 2928 quidpiam

1942 2937 2252 3006 accipiebat.
2285 2940 2359 2995 De
2386 2940 2486 2995 hoc
2524 2944 2802 2999 audientes
2851 2944 3036 3000 fideles
3066 2947 3185 3013 Viri,
3227 2960 3505 3013 venerunt,

1943 3036 2000 3082 ut
2022 3028 2210 3082 darent
2233 3030 2283 3084 ei
2302 3044 2544 3101 agapen),
2576 3043 2630 3090 et
2648 3035 2722 3090 ait
2745 3036 2810 3090 ad
2838 3052 2929 3092 eos
2955 3054 2967 3092 :
2994 3039 3105 3094 Non
3136 3042 3359 3112 accipio,
3385 3045 3508 3112 quia

1942 3129 2129 3173 manus
2160 3135 2290 3176 meae
2331 3125 2568 3181 nutriunt
2617 3142 2702 3183 me
2731 3136 2785 3183 et
2823 3144 2915 3185 eos
2943 3132 3031 3201 qui
3083 3144 3298 3205 preptcr
3345 3139 3507 3192 Deum

1941 3205 2009 3263 ad
2034 3222 2122 3266 me
2148 3212 2379 3269 veniunt.

1718 3349 1948 3433 CA'PUT
1993 3377 2130 3433 xw.

757 3460 838 3517 De
865 3461 1035 3531 fratre
1066 3465 1157 3534 qui
1185 3480 1217 3517 a
1257 3466 1451 3534 spiritu
1490 3466 1863 3536 fornicationis
1895 3470 2324 3541 impugnabatur,
2366 3484 2415 3528 et
2447 3477 2680 3544 leprosus
2708 3476 2921 3546 effectus
2949 3487 3048 3535 est.

365 3571 423 3626 '0
478 3572 653 3637 άϐϐἄς
706 3574 1068 3645 Πολυχρόνιος
1121 3577 1286 3631 πάλιν
1338 3580 1469 3649 ἡμῖν
1535 3581 1857 3651 διηγήσατο,

265 3664 411 3733 ἡμῖν
457 3662 651 3732 λέγων,
697 3662 780 3716 ὅτι
814 3661 903 3716 Ἐν
954 3662 1032 3734 τῷ
1088 3665 1337 3737 κοινοὸίῳ
1392 3666 1485 3720 τοῦ
1529 3668 1858 3735 Πενθουκλᾶ,

267 3752 506 3820 ἁδελφὸς
570 3749 638 3823 ἦν
684 3752 825 3806 πάνυ
881 3754 1165 3824 προσέχων
1206 3756 1389 3821 αὑτὸν,
1440 3759 1535 3812 καὶ
1585 3760 1854 3830 ἀσκητὴς.

283 3841 646 3913 Ἐπολεμήθη
684 3841 743 3895 δὲ
779 3844 860 3906 είς
898 3845 1177 3915 πορνείαν,
1211 3846 1305 3899 καὶ
1330 3844 1406 3919 μὴ
1427 3847 1750 3916 εἰσενεγκὼν
1766 3850 1856 3902 τὸν

271 3932 541 4001 πόλεμον,
610 3933 834 4002 ἐξῆλθεν
873 3934 968 3988 τοῦ
1011 3936 1406 4007 μοναστηρίου,ο
1451 3938 1546 3992 καὶ
1602 3939 1845 4009 ἀπῆλθεν

265 4025 355 4086 εἰς
397 4020 607 4094 Ἰεριχὼ
644 4020 928 4093 πληρῶσαι
957 4024 1054 4096 τὴν
1087 4024 1382 4095 ἐπιθυμίαν
1416 4025 1604 4081 αὐτοῦ.
1641 4027 1747 4080 Καὶ
1774 4028 1849 4087 ὡς

214 4147 226 4155 -
268 4113 524 4184 εἰσῆλθεν
569 4115 651 4179 εἰς
687 4115 748 4185 το
778 4116 1121 4184 καταγώγιον
1169 4116 1269 4187 τῆς
1314 4118 1589 4189 πορνείας,
1646 4117 1849 4182 εὐθέως

265 4207 563 4279 ἑλεπρώοη
590 4208 727 4272 ὅλως
766 4225 780 4238 ·
819 4209 915 4262 καὶ
939 4192 1276 4279 θεαιάμενος
1323 4210 1518 4263 ἑαυτὸν
1543 4213 1600 4263 ἐν
1620 4211 1848 4281 τοιούτῳ

266 4297 536 4367 σχήματι,
589 4298 790 4362 εὐθέως
840 4298 1175 4369 ἐπέστρεψεν
1252 4300 1332 4362 είς
1389 4298 1450 4352 τὸ
1485 4300 1846 4369 μοναστήριον

264 4387 459 4455 αὑτοῦ,
490 4387 826 4458 εὐχαριστῶν
847 4388 925 4459 τῷ
959 4388 1098 4459 Θεῷ,
1131 4391 1225 4443 καὶ
1277 4390 1473 4459 λέγων,
1506 4392 1587 4444 ὅτι
1635 4390 1692 4443 Ὁ
1717 4390 1847 4453 Θεὸς

262 4479 549 4548 ὲπήγαγέν
584 4496 674 4548 μοι
702 4479 801 4550 τὴν
826 4480 1084 4550 τοιαύτην
1113 4480 1287 4546 νόσον,
1347 4481 1436 4535 ἵνα
1472 4484 1505 4552 ἡ
1535 4481 1682 4552 ψυχή
1743 4498 1844 4550 μου

2018 3580 2197 3637 Abhas
2223 3583 2605 3654 Polychronius
2629 3601 2837 3642 rursum
2863 3590 3016 3643 nobis
3035 3593 3268 3646 narravit
3289 3592 3425 3659 quod
3456 3593 3507 3647 iu

1946 3673 2191 3727 cmnohio
2247 3674 2574 3730 Penthucula
2623 3677 2786 3733 frater
2831 3680 3050 3746 quidam
3103 3691 3215 3736 erat
3261 3683 3362 3738 sibi
3412 3685 3511 3752 ipsi

1953 3760 2104 3814 valde
2144 3762 2379 3819 intentus
2413 3777 2466 3820 et
2492 3754 2787 3823 continens.
2833 3769 2964 3824 Cum
3011 3782 3188 3826 autem
3227 3774 3514 3844 aliquando

1948 3847 2349 3920 impugnaretur
2367 3871 2398 3909 a
2427 3857 2613 3924 spiritu
2636 3856 3017 3927 fornicationis,
3046 3876 3151 3917 non
3177 3865 3356 3920 valens
3378 3866 3515 3922 hanc

1947 3950 2173 4006 pugnam
2203 3942 2492 4011 sustinere,
2520 3959 2767 4015 egressus
2811 3948 2878 4004 de
2916 3955 3258 4020 monasterio,
3304 3958 3514 4024 profec-

1947 4033 2033 4078 tus
2059 4034 2143 4082 est
2166 4027 2411 4097 Jericbo,
2485 4041 2542 4087 ut
2608 4031 3063 4103 concupiscentiae
3124 4053 3237 4094 suae
3305 4045 3511 4105 satisfa-

1946 4123 2113 4170 ceret.
2142 4116 2365 4188 Moxque
2410 4128 2469 4175 ut
2517 4125 2814 4181 meretricis
2854 4127 3040 4183 cellam
3091 4130 3358 4201 ingressus
3408 4147 3511 4201 est,

1944 4202 2185 4274 leprosus
2206 4208 2377 4266 factus
2400 4221 2483 4266 est
2505 4222 2665 4269 torus.
2705 4216 2897 4272 Videas
2924 4229 3100 4276 autem
3130 4222 3349 4292 lepram,
3380 4240 3511 4280 eon-

1945 4295 2093 4373 tinuo
2144 4299 2303 4353 rediit
2340 4301 2405 4354 ad
2440 4306 2841 4376 monasterium,
2883 4309 2993 4365 Deo
3039 4314 3233 4380 gratias
3277 4319 3512 4371 referens

1943 4391 1999 4438 et
2026 4385 2206 4442 dicens
2236 4405 2251 4443 :
2282 4389 2484 4447 Idcirco
2511 4393 2651 4449 Deus
2681 4398 2779 4452 hac
2805 4414 2891 4454 me
2916 4402 3261 4479 castigatione
3292 4421 3510 4474 percus-

1941 4476 2034 4542 sit,
2063 4487 2117 4532 ut
2137 4480 2312 4535 anima
2341 4496 2460 4539 mea
2490 4486 2636 4541 salva
2672 4489 2761 4555 sit,
2795 4500 2849 4545 et
2876 4494 3154 4563 magnifice
3182 4476 3513 4567 gloritlcahat

1944 4565 2130 4622 Deum.

264 4568 440 4640 σωθῇ.
478 4570 589 4622 Καὶ
631 4572 879 4641 μεγάλως
911 4569 1161 4639 ἐδόξαζεν
1201 4572 1292 4626 τὸν
1321 4572 1474 4628 Θεόν.

1699 4658 1930 4720 CAPUT
1972 4662 2087 4720 XV.

1317 4755 1545 4809 Factum
1585 4754 1831 4809 mirabile
1887 4756 2093 4812 abbatis
2132 4757 2379 4814 Cononis.

345 4867 572 4936 Ἔλεγον
611 4868 740 4941 περ)⁸
794 4866 892 4923 τοῦ
920 4868 1064 4922 assa
1107 4869 1356 4934 Κόνωνος
1397 4869 1490 4923 τοῦ
1542 4871 1840 4940 ἡγουμένου

2009 4876 2264 4934 Dicebant
2309 4878 2375 4935 de
2420 4879 2611 4936 abbate
2648 4870 2866 4938 Conone
2908 4883 3143 4939 antistite
3196 4891 3501 4941 monasterii

260 4956 362 5012 τοῦ
393 4956 728 5022 Πενθουκλᾶ,
751 4958 834 5012 ὅτι
877 4959 969 5013 Ἐν
1004 4960 1103 5030 μιᾷ
1145 4960 1520 5031 ἀπερχομένου
1550 4961 1715 5016 αὐτοῦ
1748 4962 1841 5015 ἐπὶ

1957 4966 2288 5034 Pentbucala,
2334 4971 2472 5039 quod
2514 4971 2599 5026 die
2626 4972 2853 5041 quadam
2883 4989 3002 5027 cum
3032 4974 3131 5028 iret
3161 4973 3499 5039 Betamarim,

262 5047 440 5101 Βίτων
496 5049 653 5115 ἅγιον
676 5049 739 5101 τὸ
788 5049 988 5119 χωρίον
1049 5051 1366 5121 ὑπήντησαν
1393 5050 1542 5120 αὐτῷ
1574 5051 1835 5123 Ἑϐραῖοι,

1957 5043 2124 5112 >hvios
2151 5056 2336 5113 habuit
2376 5059 2648 5116 Hebraeos.
2681 5062 2781 5130 Qui
2825 5078 2941 5118 cum
2969 5079 3089 5119 eum
3113 5063 3358 5118 occidere
3397 5065 3507 5120 vel-

261 5138 363 5191 καὶ¹
413 5138 687 5210 ἠθέλησαν
748 5140 908 5194 αὐτὸν
954 5141 1213 5211 φονεῦσαι
1245 5158 1259 5173 ο
1317 5143 1411 5196 καὶ
1431 5143 1837 5214 γυμνωσάντων

1957 5153 2074 5227 ient,
2123 5146 2375 5213 districtis
2424 5152 2614 5222 gladiis
2652 5166 3000 5213 occurrerunt
3061 5163 3245 5209 contra
3299 5168 3505 5210 senem.
3540 5220 3557 5227 _

262 5229 447 5285 αὐτῶν
498 5230 570 5284 τὰ
615 5228 768 5299 ξίφη,
824 5229 1058 5302 ἔδραμον
1115 5232 1254 5303 πρὸς
1284 5233 1376 5286 τὸν
1426 5233 1680 5303 γέροντα,
1740 5237 1836 5289 καὶ

1957 5220 2183 5305 Cumque
2206 5220 2736 5308 appropinquassent,
2772 5242 3143 5311 vihrarentque
3167 5245 3222 5299 in
3249 5259 3373 5300 eum
3401 5246 3512 5314 gla-

259 5320 686 5392 πλησιάσαντες,
714 5322 993 5377 ἀνέτειναν
1026 5323 1127 5387 τὰς
1165 5328 1354 5395 χεῖρας
1397 5325 1579 5380 αὐτῶν
1610 5327 1703 5380 ἐπὶ
1761 5327 1839 5398 τῷ

1964 5320 2064 5386 ios,
2092 5337 2281 5378 manus
2305 5339 2487 5380 eorum
2517 5327 2568 5380 in
2599 5329 2829 5385 sublime
2860 5347 3130 5401 suspensas
3160 5341 3505 5406 perstiterunt

218 5404 227 5411 ’
256 5411 443 5469 δοῦναι
490 5414 642 5487 αὐτῷ
668 5430 682 5444 ·
750 5416 841 5469 καὶ
871 5415 1089 5486 ἔμειναν
1141 5418 1198 5469 αἱ
1226 5421 1405 5490 χεῖρες
1432 5418 1610 5473 αὐτῶν
1667 5421 1723 5472 ὲν
1760 5419 1838 5491 τῷ

1957 5414 2251 5471 mmobiles.
2286 5416 2441 5472 Facta
2470 5433 2595 5473 vero
2625 5422 2888 5488 oratione,
2933 5426 3089 5480 solvit
3114 5443 3206 5483 eos
3232 5443 3415 5499 senex,
3442 5439 3501 5484 et

259 5503 521 5575 μετεώρῳ
574 5504 846 5573 ἀκίνητοι.
911 5506 1020 5559 Καὶ
1075 5506 1331 5578 εποίησεν
1391 5508 1831 5579 αύτοῖςόγὲρων

1957 5504 2149 5562 limisit.
2183 5510 2248 5563 Et
2279 5510 2519 5567 abierunt
2548 5517 2747 5582 gratias
2769 5528 2986 5585 agentes
3017 5521 3143 5575 Deo.

252 5594 436 5678 εὐχηκί,
484 5594 585 5650 καὶ
629 5594 874 5666 ἀπῆλθον
915 5596 1197 5667 χαίροντες
1251 5599 1345 5653 καὶ
1389 5598 1704 5664 δοξάζοντες
1739 5600 1830 5652 τὸν

253 5685 409 5744 Θειῖν.Δ
