3970 6300
250 278 402 345 2365

1458 285 1776 346 PRATUM:
1803 287 2287 349 SPIRITUALE.

3357 277 3501 339 2366

252 390 487 460 ημένου,
511 387 596 441 δτι
642 387 980 458 πεντήκοντα
1006 389 1102 461 ἔτη
1127 389 1400 462 ἐποίησεν,
1425 393 1729 464 καθήμενος
1760 397 1838 460 εἰς

1978 402 2079 457 iuta
2111 415 2280 457 annos
2319 401 2516 473 egisset
2551 403 2601 456 in
2648 400 2899 471 spelunca
2928 411 3043 464 sua,
3103 408 3276 466 neque
3309 393 3493 448 vlnum

253 479 318 532 τὸ
361 477 626 549 σπήλαιον
663 478 854 542 αὑτοῦ,
926 481 1065 550 μήτε
1091 475 1234 534 οῐνον
1278 481 1470 547 πίνων,
1508 484 1644 551 μήτε
1673 485 1837 552 ἀρτον

1978 491 2144 556 ibens,
2169 505 2342 560 neque
2384 505 2572 560 panem
2603 488 2922 552 comedens,
2967 484 3068 539 nisi
3111 493 3315 537 tantum
3347 481 3513 534 furfu-

257 569 475 634 ἐσθίων,
500 571 550 622 εί
573 569 649 640 μὴ
698 571 900 640 πίτυρα
930 587 942 599 °
973 571 1381 642 μετελάμϐανεν
1415 573 1675 643 δέ-τρίτον
1733 575 1832 645 τῆς

261 661 579 732 ἑϐδομάδος.
1648 680 1660 694 ~

1933 594 2106 634 reutu.
2149 579 2330 636 Tertio
2377 586 2553 635 autem
2611 579 2830 650 singulis
2885 572 3306 630 hebdomadibus
3361 585 3508 625 com-

1935 670 2257 725 municabat.

1661 778 1892 836 CAPUT
1918 778 2110 840 XVIII.

882 867 1001 922 Vita
1028 869 1248 922 alterius
1277 870 1412 923 senis
1456 873 1760 926 monasterii
1820 873 2032 940 Laure,
2061 879 2151 944 qui
2181 895 2302 932 cum
2322 878 2558 934 iconibtts
2589 875 2904 934 dormiebat.

339 959 794 1029 Διηγήσατοήμῖν
826 959 988 1013 πάλιν
1016 962 1045 1013 ὁ
1071 959 1245 1023 ἀϐϐᾶς
1274 961 1624 1030 Πολυχρόνιος
1662 963 1704 996 ’⁷
1734 1005 1748 1027 ,
1766 965 1847 1017 ὅτι

267 1051 467 1113 Ἀλλος
500 1049 675 1121 γέρων
712 1049 1005 1115 ἐκαθέζετο
1028 1051 1085 1104 ἐν
1129 1054 1195 1120 τῇ
1221 1051 1357 1120 αὐτῇ
1385 1051 1559 1122 λαύρα
1581 1052 1672 1104 τοῦ
1705 1053 1848 1107 ἀϐϐἄ

156 1165 164 1168 -
265 1141 501 1212 Πέτρου,
525 1143 621 1194 καὶ
658 1139 922 1205 πολλάκις
945 1141 1267 1212 ἀναχωρῶν,
1297 1143 1389 1196 καὶ
1419 1144 1599 1210 μένων
1646 1146 1725 1207 είς
1751 1145 1846 1208 τὰς

265 1232 365 1284 τοῦ
419 1233 578 1301 ἁγίου
613 1233 878 1303 Ἰορδάνου
912 1235 1100 1303 ὄχθας,
1140 1235 1276 1287 ὅπου
1327 1232 1597 1303 ηὕρισκεν
1659 1235 1844 1305 κοίτην

268 1322 509 1389 λέοντος,
556 1325 673 1377 ἐκεῖ
723 1324 1036 1384 ἐκάθευδεν.
1084 1326 1172 1378 Ἐν
1219 1327 1317 1396 μιᾷ
1343 1322 1434 1379 οὗν
1467 1326 1710 1396 εὑρίσκει
1754 1326 1845 1378 δύο

272 1415 524 1484 σκυμνία
547 1415 760 1478 λέοντος
797 1417 878 1478 είς
911 1416 1194 1484 σπήλαιον,
1230 1417 1322 1468 καὶ
1377 1417 1532 1488 φέρει
1589 1417 1726 1469 αὐτὰ
1773 1418 1853 1476 είς

266 1503 372 1575 τὴν
427 1504 742 1574 ἐκκλησίαν,
773 1506 854 1566 είς
887 1504 950 1556 τὸ
980 1504 1168 1559 παλίον
1206 1505 1247 1535 ¹⁸
1276 1505 1304 1556 ὃ
1334 1499 1399 1574 ἦν
1431 1504 1810 1575 περιϐεϐλημέ
1830 1533 1847 1546 ο

2015 967 2262 1021 Narravit
2314 967 2466 1020 nobis
2508 966 2671 1018 abbas
2717 961 3100 1033 Polychronius
3131 958 3406 1028 presbyter
3451 957 3516 1011 de

1947 1060 2050 1114 alio
2077 1073 2222 1123 sene,
2259 1058 2348 1128 qui
2380 1057 2601 1112 sedebat
2631 1057 2681 1110 in
2713 1055 2898 1110 eadem
2927 1052 3099 1108 Laura
3121 1051 3326 1106 abbatis
3351 1050 3514 1114 Petri,

1948 1151 2087 1218 quod
2121 1149 2427 1218 plerumque
2452 1149 2656 1212 abiens,
2688 1148 2738 1200 in
2771 1147 2880 1215 ripa
2921 1143 3169 1198 Iordanis
3211 1153 3521 1197 commane-

1952 1241 2062 1304 bat,
2095 1246 2148 1291 et
2191 1238 2276 1292 ubi
2305 1237 2479 1292 cubile
2508 1237 2676 1291 leonis
2719 1237 3027 1298 invenisset,
3063 1233 3168 1287 illic
3202 1230 3516 1285 dormiebat.

1953 1329 2044 1384 Die
2077 1345 2204 1383 vero
2231 1329 2456 1399 quadam
2489 1329 2604 1380 tulit
2645 1327 2780 1381 duos
2821 1327 2990 1382 leonis
3013 1325 3216 1379 catulos
3238 1324 3370 1378 intra
3406 1323 3518 1390 pal-

1951 1419 2077 1472 lium
2109 1435 2260 1473 suum
2309 1421 2360 1472 in
2405 1418 2717 1481 ecclesiam,
2776 1427 2828 1470 et
2875 1415 3084 1468 dicebat
3137 1413 3429 1466 fratribus:
3463 1411 3520 1466 Si

1953 1507 2194 1561 mandata
2244 1506 2452 1561 Domini
2497 1507 2665 1560 nostri
2707 1505 2834 1560 Iesu
2873 1503 3067 1559 Christi
3109 1503 3523 1566 custodiremus,

269 1614 368 1660 νος
397 1615 409 1626 ο
442 1596 536 1649 καὶ
565 1596 768 1664 ἔλεγεν,
795 1596 877 1648 ὅτι
913 1594 974 1647 Εἰ
995 1595 1363 1665 ἐφυλάττομεν
1399 1597 1499 1658 τάς
1529 1595 1746 1659 ἐντολὰς
1764 1594 1853 1648 τοῦ

1978 1606 2047 1650 sta
2081 1598 2325 1651 animalia
2355 1597 2594 1665 profectu
2623 1612 2718 1651 nos
2744 1598 3022 1661 timerent;
3045 1594 3136 1648 sed
3163 1603 3377 1664 propter
3405 1606 3526 1660 pec-

275 1688 486 1759 Itopfoo
543 1686 698 1758 ἡμῶν
731 1687 914 1757 Ἰησοῦ
955 1685 1216 1758 Χριστοῦ,
1273 1686 1446 1739 ταῦτα
1501 1683 1645 1755 εἶχον
1702 1688 1850 1756 ἡμᾶς

272 1758 559 1847 φοϐεῖσθαι
593 1795 608 1809 ο
655 1776 793 1830 ἀλλά
847 1776 936 1829 διά
985 1775 1082 1838 τὰς
1113 1775 1394 1845 ἁμαρτίας
1440 1775 1619 1846 ἡμῶν,
1672 1773 1848 1828 δοῦλοι

272 1870 604 1939 γεγόναμεν,
635 1870 728 1923 καὶ
759 1869 958 1938 μᾶλλον
984 1869 1142 1938 ἡμεῖς
1168 1865 1480 1937 φοϐούμεθα
1519 1865 1711 1920 ταῦτα.
1739 1867 1848 1918 Kal.

275 1960 532 2030 μεγάλως
580 1958 952 2030 ὠφεληθέντες
1007 1960 1053 2012 οἱ
1085 1957 1324 2026 ἀδελφοὶ,
1352 1956 1705 2032 ἀνεχώρησαν
1767 1960 1850 2022 είς

271 2052 349 2108 τὰ
381 2051 620 2124 σπήλαια
647 2051 844 2105 αὐτῶν.

1951 1699 2125 1742 catum
2159 1691 2294 1743 servi
2337 1690 2532 1753 effecti,
2575 1705 2671 1742 nos
2711 1691 2831 1742 illus
2861 1689 3053 1743 timere
3091 1685 3520 1754 comprobantur.

1955 1780 2069 1845 Qus
2124 1794 2180 1832 re
2223 1779 2501 1848 magnilicc
2551 1779 2792 1834 atdifieati
2833 1776 3044 1841 fratres,
3096 1777 3160 1831 ad
3221 1775 3520 1830 mansiones

1956 1885 2079 1927 suas
2109 1881 2456 1926 recesserunt.

1693 2171 1918 2228 CAPET
1957 2168 2100 2224 XIX.

1405 2265 1610 2320 Relatio
1647 2266 1853 2321 abbatis
1890 2268 2020 2322 Eliw
2056 2266 2117 2318 tle
2145 2263 2336 2329 seipse.

357 2361 662 2430 Διηγήσατο
717 2360 850 2430 ῂμίν
889 2360 917 2413 ὁ
974 2359 1150 2423 assa;
1203 2358 1388 2422 Ἠλίας
1432 2359 1460 2410 ὀ
1505 2357 1732 2428 βοσκὰς,
1774 2359 1857 2412 ὅτι

2036 2360 2279 2416 Narravit
2300 2357 2453 2415 nobis
2475 2359 2636 2414 abbas
2666 2359 2824 2425 Elias,
2850 2359 3030 2413 (IIf‘t‘IIS
3056 2375 3066 2408 :
3094 2357 3222 2410 Cum
3252 2355 3532 2424 ειΙὶιμιλυιΙο

276 2449 610 2520 Καθημένου
647 2448 748 2520 μού
779 2466 911 2502 ποτε
951 2450 1030 2512 είς
1069 2447 1138 2502 τὰ
1175 2449 1314 2519 μέρη
1345 2448 1440 2502 τοῦ
1489 2450 1750 2519 Ἰορδάνου
1800 2451 1859 2502 ἐν

278 2541 561 2611 σπηλαίῳ,
594 2539 682 2594 διὰ
709 2541 771 2593 τὸ
805 2540 881 2611 μὴ
903 2543 1181 2593 κοινωνεῖν
1215 2557 1282 2609 με
1320 2539 1395 2609 τῷ
1416 2539 1560 2610 ἀϐϐᾷ
1585 2541 1859 2610 Μακαρίῳ

275 2630 363 2699 τῷ
389 2629 668 2699 ἐπισκόπῳ
699 2629 1088 2701 Ἰεροσολύμων
1112 2647 1125 2659 ·
1159 2633 1216 2683 ἐν
1248 2632 1347 2700 μιᾷ
1389 2629 1498 2683 τῶν
1525 2630 1746 2701 ἡμερῶν
1785 2629 1860 2692 ὼς

282 2720 416 2791 περὶ
449 2719 599 2794 ὥραν
629 2721 794 2793 ἕκτην
840 2720 934 2774 τοῦ
977 2703 1246 2782 καύσονος
1299 2721 1658 2792 σφοδροτέρου
1687 2721 1858 2785 ὄντος,

282 2812 547 2882 ικρουσέν
574 2829 659 2876 τις
689 2810 768 2881 τῷ
799 2813 1049 2882 σπηλαίῳ
1081 2829 1206 2882 μου,
1246 2811 1339 2864 καὶ⁸
1373 2810 1606 2878 ἐξελθὼν
1631 2812 1863 2867 ἐθεασά-

285 2920 402 2972 μην
447 2905 681 2970 γυναῖκα
703 2919 714 2929 ·
763 2903 858 2956 καὶ
898 2903 1041 2971 λέγω
1071 2903 1241 2973 αὐτῇο
1282 2902 1347 2954 Τί
1381 2895 1481 2956 ὦδε
1512 2905 1720 2968 ποιεῖς;
1757 2903 1866 2956 Καὶ

281 2991 667 3059 ἀποκριθεῖσα,
701 2991 846 3059 λέγει
882 3008 970 3062 μοι
997 3007 1009 3020 ·
1044 2991 1187 3061 Κῦρι
1216 2991 1382 3054 ἁϐϐᾶ,
1408 2990 1564 3060 κάγὼ
1586 2993 1684 3064 τὴν
1711 2992 1862 3046 πολι-

282 3082 441 3134 τείαν
473 3081 671 3152 ταύτην
713 3083 1070 3154 μετέρχομαι,
1107 3083 1201 3137 καὶ
1234 3082 1310 3146 ὼς
1345 3083 1456 3137 ἀπὸ
1485 3084 1712 3154 σημείου
1746 3084 1865 3148 ἐνὸς

285 3173 389 3226 τοῦ
413 3173 622 3227 κελλίου
662 3191 755 3228 σου
786 3172 1088 3245 καθέζομαι
1129 3173 1324 3244 ἔχουσα
1350 3175 1614 3245 σπήλαιον
1646 3176 1865 3245 μικρόνο

287 3263 493 3329 εδειξέν
533 3281 623 3334 μοι
666 3265 762 3317 καὶ
806 3264 899 3318 τὸν
939 3263 1102 3317 τόπον
1130 3263 1205 3326 ὼς
1234 3263 1328 3316 ἐπὶ
1355 3263 1549 3318 Νότου.
1583 3265 1690 3318 Καὶ
1720 3263 1868 3330 λέγει

294 3372 412 3426 μοι,
467 3356 548 3407 ὅτι
612 3356 945 3426 Διερχομένη
995 3356 1094 3425 τὴν
1130 3354 1336 3425 ἔρημον
1376 3355 1598 3425 ταύτην,
1643 3355 1870 3425 ἐδίψησα

293 3447 365 3499 ἐκ
405 3444 498 3498 τοῦ
526 3444 724 3498 πολλοῦ
750 3445 1017 3507 καύσονος
1037 3485 1051 3510 ,
1079 3444 1215 3498 ἀλλά
1240 3444 1464 3513 ποίησον
1503 3444 1748 3515 ἀγάπην,
1781 3444 1870 3507 δός

297 3553 393 3606 μοι
421 3535 600 3604 ὀλίγον
633 3533 799 3606 ὕδωρ.
837 3533 1009 3603 Κάγὼ
1037 3535 1326 3602 ἐξενέγκας
1354 3535 1414 3589 τὸ
1449 3533 1739 3605 βαοκάλιόν
1771 3551 1871 3606 μου

293 3627 506 3682 δέδωκα
535 3628 696 3700 αὐτῇ.
738 3628 805 3682 Ἦ
828 3627 886 3680 δὲ
913 3626 1154 3681 λαϐοῦσα
1176 3627 1352 3692 ἔπιεν,
1385 3627 1478 3679 καὶ
1506 3627 1750 3681 ἀπέλυσα
1781 3628 1875 3679 αὒ-

294 3721 420 3789 τήν.
451 3720 562 3772 Καὶ
582 3688 720 3789 με’τά
741 3718 800 3772 τὸ
827 3717 1086 3771 ἀπελθεῖν
1112 3718 1302 3788 αὐτὴν,
1333 3688 1536 3788 ἦρξατο
1567 3716 1596 3767 ὁ
1628 3717 1872 3782 διάϐολος
1899 3688 1944 3748 C

222 3871 226 3873 ἢ
297 3808 560 3877 πολεμεῖν
600 3824 668 3879 με
717 3809 796 3872 είς
839 3807 1031 3878 αὐτὴν,
1088 3809 1183 3862 xai.
1227 3807 1519 3877 ἐμϐάλλειν
1561 3805 1870 3876 λογισμούς.

295 3900 412 3954 Καὶ
442 3897 913 3968 κατακυριευθεὶς,
944 3897 1038 3952 καὶ
1066 3899 1142 3969 μὴ
1183 3895 1456 3968 βαστάξας
1481 3898 1579 3967 τὴν
1608 3899 1874 3969 πύρωσιν,

295 3991 480 4044 λαϐὼν
527 3991 628 4064 τὴν
675 3989 868 4061 ῥάϐδον
914 4007 1038 4060 μου,
1077 3989 1300 4060 ἐξῆλθον
1333 3987 1426 4042 τοῦ
1466 3988 1753 4059 σπηλαίου,
1781 3988 1874 4043 τοῦ

296 4079 566 4141 καύσονος
630 4081 725 4134 καὶ⁷
781 4081 906 4144 τοὺς
952 4080 1133 4144 λίθους
1176 4080 1510 4144 ἐκκαίοντος,
1537 4081 1630 4134 καὶ
1676 4080 1874 4151 ἀπῄειν

297 4173 440 4242 πρὸς
464 4171 652 4242 αὐτὴν,
679 4173 758 4236 είς
778 4174 840 4226 τὸ
861 4173 958 4244 τὴν
983 4173 1282 4242 ἐπιθυμίαν
1315 4171 1622 4242 πληρῶσαι.
1647 4171 1877 4242 Γενόμε-

296 4282 387 4326 νος
414 4264 472 4317 δὲ
503 4264 575 4327 ὡς
598 4264 708 4318 ἀπὸ
735 4265 950 4318 σταδίου
981 4265 1122 4329 ἐνὸς,
1147 4265 1245 4336 τῆς
1278 4263 1572 4334 ἐπιθυμίας
1605 4264 1877 4334 καταςρλε-

296 4356 506 4427 γούσης
541 4373 638 4427 με,
670 4357 891 4427 γίνομαι
933 4358 990 4410 ἐν
1031 4357 1305 4422 ἐκστάσει,
1350 4356 1444 4410 καὶ
1477 4351 1616 4409 εἶδον
1647 4355 1744 4426 τὴν
1774 4356 1876 4425 γῆν

295 4450 630 4515 ἀνοιγεῖσαν,
663 4448 807 4518 κάμὲ
831 4446 1276 4518 κατασπώμενον,
1309 4448 1401 4500 καὶ
1435 4445 1624 4517 θεωρῶ
1651 4445 1877 4517 σώματα

297 4540 471 4611 νεκρά
511 4540 742 4610 κείμενα
772 4540 1066 4609 σεσηπότα,
1102 4541 1194 4593 καὶ
1221 4540 1570 4611 διερῤαγότα,
1613 4539 1708 4591 καὶ
1753 4538 1878 4592 δυσο

297 4632 464 4696 ωδίας
488 4633 806 4687 ἀνεικάστου
840 4631 969 4684 ποτέ
1003 4630 1433 4702 πεπληρωμένα,
1460 4630 1552 4682 καί
1578 4647 1698 4682 τινα
1733 4631 1877 4702 lepo-

298 4727 486 4794 πρεπῆ
516 4723 900 4777 ὑποδεικνύντα
926 4722 995 4776 τά
1024 4721 1344 4794 πράγματα,
1377 4719 1472 4773 καὶ
1499 4718 1728 4786 λέγοντά
1764 4735 1874 4788 μοι’

309 4815 444 4867 Ἰδνὺ
474 4814 632 4866 τοῦτο
655 4814 907 4882 γυναικός
931 4815 1098 4876 ἐστιν,
1136 4809 1294 4863 τοῦτο
1322 4799 1513 4880 ἀνδρός
1545 4811 1714 4861 ἐστιν’
1748 4808 1878 4861 ἀπό-

296 4907 498 4958 λαυσον
547 4904 696 4957 ποῖον
747 4905 870 4958 ὅσον
921 4903 1096 4965 θέλεις
1154 4903 1251 4971 τῆς
1291 4890 1584 4970 ἐπιθυμίας
1623 4917 1736 4953 σου.
1779 4899 1878 4953 Διά

297 4997 558 5067 τοιαύτην
587 4992 679 5050 οὗν
697 4997 893 5066 ἡδονὴν
923 4995 1087 5066 βλέπε
1117 4996 1318 5056 πόσους
1347 4992 1547 5055 κόπους
1572 4993 1745 5055 θέλεις
1771 4994 1876 5044 ἀπο
1906 5024 1954 5084 D

293 5091 504 5154 ολέοαι,
540 5089 616 5142 ῐδε
646 5090 733 5142 διὰ
772 5089 931 5142 ποίαν
957 5087 1228 5158 ἁμαρτίαν
1263 5085 1444 5138 θέλετε
1483 5086 1706 5148 ἑαυτοὺς
1741 5088 1874 5140 ἀπο-

297 5183 561 5253 στερῆσαι
609 5184 706 5251 τῆς
755 5180 1031 5249 βασιλείας
1086 5179 1194 5232 τῶν
1240 5175 1505 5250 οὐρανῶν.
1567 5177 1755 5232 ’Λϐάλε
1807 5183 1870 5250 τῇ

294 5275 680 5344 ἀνθρωπότητι
710 5275 722 5326 !
757 5273 854 5325 Διά
902 5273 1032 5341 μίαν
1066 5272 1211 5340 ὥραν
1239 5270 1358 5323 ὅλον
1402 5270 1608 5322 ἐκεῖνον
1645 5269 1737 5322 τὸν
1784 5271 1876 5323 κόι⁸

298 5384 472 5438 ματον
511 5365 688 5428 θέλεις
731 5363 1106 5434 ζημιωθῆναις
1145 5361 1286 5430 Ἐγὼ
1323 5361 1380 5415 δὲ
1407 5360 1514 5427 ἀπὸ
1551 5360 1648 5430 τῆς
1672 5361 1872 5432 πολλῆς

293 5456 566 5519 δυσωδίας
595 5455 770 5508 ἔπεσα
796 5456 874 5517 εἰς
898 5454 995 5523 τὴν
1023 5454 1144 5522 γῆν.
1170 5453 1279 5506 Καὶ
1307 5450 1473 5504 ἐλθὼν
1500 5452 1527 5503 ὀ
1563 5452 1749 5519 φανείς
1782 5470 1870 5522 μοι

1967 2466 2204 2506 morarer
2234 2451 2286 2504 in
2319 2451 2552 2518 partibus
2590 2451 2758 2504 sancti
2799 2449 2826 2504 ,Ι
2852 2448 3046 2504 ιτάοηίε
3077 2449 3127 2502 in
3161 2449 3356 2515 spelaea
3383 2449 3534 2516 juxta

1969 2541 2346 2595 Emmchorum
2375 2543 2777 2604 monasterium,
2816 2539 2937 2595 ideo
2963 2539 3099 2609 quod
3145 2554 3248 2592 non
3295 2553 3536 2591 commu-

1969 2631 2202 2684 nicarcm
2233 2629 2462 2686 Macario
2492 2630 2892 2699 archiepiscopo
2936 2629 3404 2698 Jerosolymitano,
3451 2628 3538 2681 die

1969 2721 2196 2789 quadam
2240 2723 2383 2777 circa
2413 2723 2594 2778 horam
2623 2732 2858 2789 sextam,
2904 2733 3034 2777 aestu
3067 2723 3538 2776 vehementissimo

1981 2824 2242 2885 coquente
2267 2817 2496 2880 desuper
2528 2815 2664 2878 (erat
2705 2811 2842 2863 enitn
2878 2815 3055 2875 Augus
3081 2823 3140 2860 us
3171 2805 3390 2867 mensis)
3429 2820 3474 2868 ιι-
3503 2808 3537 2851 l-

1984 2907 2122 2961 savit
2161 2903 2373 2972 quidam
2417 2902 2608 2955 ostium
2644 2902 2906 2968 spelunca:
2953 2913 3082 2952 mea:
3107 2917 3118 2950 :
3144 2910 3390 2966 egressus
3419 2910 3542 2947 vero

1986 2992 2090 3049 vidi
2120 2991 2416 3057 mulierem,
2449 2999 2503 3045 et
2539 2989 2643 3044 dixi
2671 2989 2737 3042 ad
2773 2989 2915 3042 illam
2952 3007 2966 3043 :
3001 2988 3136 3054 Quid
3175 2997 3228 3041 tu
3259 2986 3346 3040 hic
3377 2985 3542 3040 facis?

1985 3086 2049 3140 Et
2079 3083 2424 3154 respondens,
2455 3081 2589 3135 dixit
2618 3081 2744 3133 mihi
2775 3097 2790 3134 :
2825 3080 2889 3132 Et
2934 3094 3051 3145 ego,
3101 3079 3170 3133 mi
3202 3089 3370 3146 pater,
3401 3077 3544 3144 ejus-

1984 3172 2104 3226 dem
2128 3185 2232 3239 quo
2254 3178 2304 3224 te
2326 3169 2544 3224 instituti
2575 3183 2711 3234 sum,
2744 3179 2796 3222 et
2832 3168 2978 3237 quasi
3002 3183 3104 3221 uno
3131 3169 3304 3236 lapide
3325 3167 3480 3219 disml
3513 3181 3538 3214 τι

1986 3271 2039 3317 te
2068 3261 2314 3330 spelunca
2346 3274 2482 3314 mea.
2514 3245 2836 3314 Ostendebat
2880 3269 3053 3312 autem
3101 3269 3154 3312 et
3193 3259 3364 3311 locum
3393 3261 3539 3322 quasi

1985 3351 2050 3404 ad
2081 3350 2353 3405 Austrum.
2383 3349 2444 3403 Et
2472 3349 2543 3402 ait
2579 3366 2590 3400 :
2625 3347 2864 3402 Lustravi
2907 3347 3040 3401 hanc
3068 3362 3325 3412 eremum,
3354 3357 3404 3400 et
3434 3362 3540 3414 pne

1985 3450 2118 3494 metu
2164 3441 2331 3493 nimio
2365 3437 2452 3492 siti
2493 3437 2697 3506 fatigata
2739 3452 2887 3503 sum;
2932 3436 3011 3490 fac
3047 3452 3173 3505 ergo
3210 3437 3536 3496 charitatem,

1991 3538 2160 3597 pater,
2192 3539 2245 3583 et
2271 3528 2335 3581 da
2378 3526 2504 3580 mihi
2535 3525 2782 3594 pusillum
2825 3541 2995 3595 aqute.
3025 3527 3201 3593 Itaque
3236 3527 3427 3592 protuli
3459 3543 3541 3577 ur-

1986 3631 2155 3680 ceum,
2194 3626 2247 3671 et
2271 3615 2390 3670 dedi
2424 3617 2493 3669 ei.
2544 3615 2671 3678 Quae
2698 3630 2818 3668 cum
2847 3629 3062 3668 sumens
3090 3616 3325 3676 bibisset,
3367 3615 3541 3669 dimisi

1986 3707 2146 3760 illam.
2166 3706 2292 3759 Cum
2315 3712 2489 3758 autem
2518 3705 2756 3767 abiisset,
2778 3704 2938 3771 ccepit
2959 3704 3203 3757 diabolus
3225 3704 3538 3773 impugnare

1986 3811 2090 3859 me,
2123 3794 2414 3848 immittens
2441 3793 2787 3861 cogitationes
2811 3791 3051 3846 sordidas
3075 3794 3125 3846 in
3150 3808 3286 3846 eam.
3319 3794 3540 3862 Supera.

1985 3895 2066 3938 tus
2109 3885 2283 3954 igitur,
2335 3898 2505 3950 neque
2560 3884 2736 3938 ferens
2777 3882 3012 3936 libidinis
3039 3883 3301 3949 ardorem,
3333 3892 3538 3952 sumpta

1987 3978 2125 4042 virga
2155 3987 2292 4038 mea,
2337 3971 2522 4026 cellam
2565 3985 2808 4040 egressus
2835 3987 2952 4025 sum
3000 3973 3051 4025 in
3103 3973 3307 4026 fervore
3357 3983 3539 4037 aestus,

1985 4075 2100 4113 cum
2130 4059 2331 4128 lapides
2357 4059 2708 4129 ignescercnt,
2744 4061 3105 4128 profectusque
3126 4076 3241 4114 sum
3275 4061 3340 4113 ad
3372 4062 3538 4124 illam.

1985 4161 2040 4206 ut
2083 4153 2358 4220 implerent
2414 4159 2616 4220 turpem
2664 4153 3166 4221 concupiscentiam.
3223 4154 3354 4206 Cum
3414 4168 3539 4208 vero

1985 4242 2150 4316 ferme
2190 4255 2294 4294 uno
2337 4240 2508 4295 stadio
2549 4241 2615 4294 ab
2654 4241 2770 4310 ejus
2806 4242 2979 4296 adhuc
3025 4242 3218 4309 spelazo
3263 4242 3536 4304 distarem,

1985 4340 2169 4384 urente
2187 4331 2419 4400 graviter
2442 4341 2571 4386 aestu
2610 4332 2863 4400 libidinis,
2912 4344 3128 4402 repente
3174 4335 3341 4388 factus
3373 4335 3422 4387 in
3463 4351 3546 4389 ec-

1985 4419 2130 4485 i.ta.~i,
2159 4421 2260 4475 vidi
2291 4432 2527 4490 apertam
2553 4434 2768 4486 terram,
2803 4433 2855 4478 et
2889 4441 2972 4480 me
3004 4425 3147 4479 hiatu
3183 4436 3334 4481 terrm
3359 4428 3546 4483 absor-

1986 4521 2152 4578 ptum.
2193 4511 2507 4582 Aspicioque
2544 4515 2652 4568 illic
2681 4519 2941 4570 cadavera
2986 4519 3190 4586 putrida
3220 4519 3466 4589 jacentis,
3491 4533 3545 4578 et

1986 4600 2234 4666 resoluta,
2285 4611 2338 4655 et
2383 4600 2685 4657 incredibili
2729 4604 2898 4660 fetore
2936 4605 3120 4676 plena,
3158 4610 3545 4680 quemdamque

1986 4690 2267 4744 reverendi
2305 4691 2514 4746 habitus
2549 4693 2717 4748 virum
2749 4710 2808 4750 ea
2834 4697 2962 4750 mihi
2989 4698 3458 4767 demonstrantem,
3486 4720 3546 4754 ac

1987 4779 2246 4835 dicentem
2276 4796 2291 4835 :
2323 4781 2460 4837 Ecce
2489 4783 2625 4837 istud
2661 4785 2896 4840 mulieris
2928 4797 3037 4853 est,
3071 4788 3206 4842 istud
3241 4790 3368 4847 viri.
3407 4793 3544 4843 istml
3628 4857 3631 4861 ι

1990 4868 2172 4935 pueri;
2215 4868 2388 4924 fruere
2413 4871 2520 4936 jam
2552 4879 2607 4926 ut
2641 4873 2738 4938 vis,
2768 4883 2823 4928 et
2860 4885 3108 4943 quantum
3150 4876 3275 4931 lLbct
3300 4882 3548 4945 concupi-

1990 4960 2184 5012 scentia
2219 4967 2302 5014 tua
2329 4978 2343 5016 :
2369 4962 2522 5030 hujus
2557 4971 2730 5019 tamen
2780 4965 3060 5034 voluptatis
3093 4969 3256 5035 gratia
3281 4968 3397 5021 vide
3423 4979 3550 5034 quot

1993 5047 2199 5102 labores
2238 5050 2482 5105 amittere
2514 5052 2744 5106 voluisti.
2798 5053 2925 5108 Vide
2957 5066 3167 5124 propter
3194 5058 3329 5126 quod
3362 5073 3547 5125 pecca-

1993 5147 2102 5192 tum
2141 5154 2233 5192 vos
2264 5141 2406 5208 ipsos
2496 5142 2710 5210 privare
2807 5145 2972 5203 vultis
3075 5162 3236 5216 regno
3272 5151 3546 5205 C(ninrllttt.

1994 5227 2083 5282 Va:
2106 5230 2348 5284 humanm
2372 5232 2629 5285 miseriae!
2655 5241 2869 5300 promer
2890 5235 3043 5289 unius
3067 5236 3209 5291 hora:
3229 5240 3547 5310 voluptatem

1994 5320 2122 5374 tanti
2158 5321 2354 5377 laboris
2396 5325 2639 5377 mercede
2681 5325 3028 5381 frustramini.
3080 5329 3190 5399 Ego
3229 5340 3404 5384 autem
3444 5349 3550 5398 prae

1995 5411 2156 5467 nimio
2195 5412 2358 5468 fetore
2402 5415 2454 5467 in
2506 5421 2698 5469 terram
2741 5419 2931 5470 corrui.
2980 5418 3126 5474 Tunc
3177 5421 3429 5475 accedens
3473 5438 3550 5476 nr

1605 5562 1684 5614 VA
1697 5563 1831 5618 file
1883 5563 2170 5621 LECTION
2183 5565 2281 5618 ES.

367 5663 410 5694 ¹⁷
451 5661 527 5716 aI.
584 5658 711 5714 add.
747 5659 773 5710 ὁ
817 5656 1204 5728 πρεσϐύτερος.
1284 5655 1324 5687 ’⁸
1378 5658 1448 5712 al.
1481 5655 1716 5711 καλλίω.
