3982 6310
294 244 432 310 9873
1463 251 1776 312 PRATUM
1818 252 1880 311 SI

1974 251 2295 313 lITUAlE.
3401 245 3545 312 287‘

301 360 455 427 ερχου
489 355 582 407 καὶ
615 354 695 406 ἴδε
742 352 842 424 τὴν
885 353 1163 422 ἀλήθειαν.
1202 354 1312 406 Καὶ
1343 354 1673 425 παραλαϐὼν
1719 356 1880 408 αὑτὸν

1974 349 2279 405 Dioscorum
2304 388 2321 413 .
2374 348 2673 415 Severum,
2710 349 2919 418 Arium,
2969 351 3274 424 Origenem,
3314 363 3369 410 et
3414 358 3548 411 alios

299 447 561 518 ἀποφέρει
597 447 679 507 είς
708 445 874 498 τόπον
909 446 1180 498 σκοτεινὸν
1222 447 1314 498 καὶ
1348 445 1557 513 δυσώδη
1607 446 1742 515 μετά
1778 464 1880 498 πυ-

1974 439 2250 508 quosdam.
2276 438 2526 508 Dixitque
2544 439 2628 517 illi
2664 438 2709 492 is
2738 442 2826 508 qui
2859 450 3216 509 apparuerat:
3242 444 3410 501 Locus
3446 447 3545 502 iste

301 538 410 607 ρος,
442 536 537 589 καὶ
567 534 843 588 δείκνυσιν
872 535 1021 605 αὐτῷ
1050 536 1108 587 ὲν
1135 535 1282 603 αὐτῷ
1313 535 1389 605 τῷ
1427 537 1561 605 πυρὶ
1587 534 1880 607 Νεστὸριον

1974 544 2300 607 praeparatus
2330 546 2414 591 est
2445 535 2734 600 haereticis,
2765 546 2819 591 et
2845 536 3355 606 blasphemantibus,
3384 549 3437 594 et
3466 540 3548 595 his

299 626 391 679 καὶ
439 623 716 693 Θεόδωρον
736 624 802 688 ³³,
863 623 1112 693 Εὑτυχέα
1175 624 1271 676 καὶ
1330 624 1724 695 Ἀπολινάριον,
1774 627 1880 681 Εὐ-

1974 630 2055 697 qui
2098 628 2315 683 illorum
2343 627 2585 696 dogmata
2632 640 2948 693 sequuntur.
2995 628 3049 682 Si
3079 644 3207 698 ergo
3252 629 3422 698 placet
3452 630 3543 684 tibi

295 720 487 787 ἀγριον
543 717 640 770 καὶ
688 716 734 749 ³²
789 715 1041 785 Δίδυμον,
1102 717 1393 787 Διόσκορον
1459 718 1551 771 καὶ
1614 719 1877 789 Σευῆρον,

1974 721 2137 788 lucus,
2166 718 2387 787 persiste
2418 719 2469 770 in
2502 727 2591 770 tuo
2626 717 2905 785 dogmate;
2947 719 2989 771 si
3021 728 3198 771 autem
3228 719 3543 786 supplicium

301 811 540 878 Ἀρειον,
566 808 662 861 καὶ
700 808 1002 879 Ὧριγένην,
1038 807 1133 860 καὶ
1159 807 1350 870 ἄλλους
1379 810 1553 870 τινάς.
1585 809 1693 863 Καὶ
1725 809 1871 877 λέγει

1974 812 2107 869 istud
2130 808 2363 879 experiri
2391 824 2494 862 non
2526 808 2626 874 vis,
2645 809 2840 862 accede
2866 808 2930 861 ad
2962 819 3200 863 sanctam
3223 810 3541 866 catholicam

295 898 446 968 αὐτῷ
470 899 501 950 6
525 899 736 967 φανεὶς,
761 899 845 951 ὅτι
885 893 1054 962 Οὗτος
1085 900 1113 951 6
1137 898 1299 960 τόπος
1323 899 1646 968 ἡτοίμασται
1665 901 1774 960 τοῖς
1789 902 1875 952 αἱ·

296 993 556 1061 ρετικοῖς,
592 990 690 1044 καὶ
721 993 832 1054 τοῖς
867 991 1282 1061 βλασφημοῦσιν
1302 990 1399 1061 τὴν
1426 991 1588 1057 ἁγίαν
1614 993 1658 1023 ³³
1686 991 1876 1043 85.0176-

294 1101 413 1145 κον,
438 1084 674 1145 καὶτοῖς
713 1081 1096 1136 ἀκολουθοῦσιν
1128 1084 1239 1145 τοῖς
1278 1080 1545 1149 δόγμασιν
1578 1080 1780 1133 αὐτῶν.
1813 1082 1876 1135 El

295 1169 387 1225 οἷν
417 1173 646 1241 ἀρέσκει
678 1188 762 1225 σοι
805 1174 832 1225 6
870 1175 1051 1234 τόπος,
1081 1171 1337 1240 ἔμμεινον
1375 1168 1455 1239 τῷ
1489 1169 1717 1237 δόγματί
1748 1185 1873 1221 (κου’

296 1262 345 1311 εί
373 1260 431 1312 δὲ
466 1263 663 1328 πεῖραν
705 1260 805 1326 τῆς
839 1259 1110 1321 κολάσεως
1137 1258 1339 1327 ταύτης
1371 1257 1555 1311 λαϐεῖν
1581 1257 1642 1309 οὐ
1673 1256 1869 1319 θέλεις,

296 1350 565 1419 πρόσελθε
587 1353 652 1420 τῇ
676 1350 807 1419 ἁγία
829 1349 1091 1419 καθολικῇ
1128 1347 1440 1419 Ἐκκλησία,
1469 1349 1527 1401 έν
1612 1348 1705 1401 καὶ
1728 1349 1757 1399 6
1783 1347 1872 1414 γέ-

298 1457 410 1505 ρων
431 1440 698 1494 διδάσκει.
734 1441 892 1508 Λέγω
918 1440 1029 1510 γάρ
1050 1457 1154 1504 σοι,
1177 1440 1259 1493 ὅτι
1291 1439 1388 1493 ἐὰν
1417 1440 1594 1501 πάσας
1620 1438 1716 1500 τὰς
1748 1439 1874 1507 ἀρε-

292 1532 393 1592 τάς
431 1532 650 1598 ποιήσει
680 1530 985 1602 ἄνθρωπος,
1035 1532 1132 1584 καὶ
1187 1530 1261 1601 μὴ
1304 1528 1480 1600 ὀρθῶς
1520 1525 1751 1592 δοξάζει,
1793 1529 1873 1589 είς

1968 911 2023 955 et
2053 902 2393 971 apostolicam
2420 899 2738 966 Ecclesium,
2762 914 2918 968 quam
2949 908 3000 954 te
3020 915 3180 971 senex
3205 902 3383 971 docet.
3413 904 3543 960 Dico

1965 993 2107 1046 enim
2142 991 2259 1055 tibi,
2284 991 2406 1059 quia
2434 991 2478 1043 si
2506 985 2697 1045 Omnes
2717 992 2944 1045 virtutes
2967 993 3125 1047 homo
3147 1006 3420 1064 operetur,
3444 1013 3543 1052 nec

1962 1074 2112 1138 recte
2140 1082 2343 1147 credat,
2372 1082 2426 1134 in
2473 1081 2575 1134 hoc
2622 1081 2742 1135 loco
2787 1083 3130 1138 cruciabitur.
3161 1088 3333 1153 Atque
3361 1086 3412 1139 in
3440 1086 3544 1140 hoc

1965 1174 2131 1229 verbo
2172 1175 2317 1228 venit
2348 1173 2585 1227 l'raterin
2635 1173 3015 1239 semetipsum,
3062 1185 3116 1231 et
3155 1178 3399 1233 redeunti
3426 1181 3541 1253 seni
3610 1164 3628 1179 ”

1969 1264 2202 1318 narravit
2229 1262 2404 1316 omnia
2430 1278 2549 1332 quae
2576 1262 2779 1316 viderat
2804 1304 2817 1327 ,
2851 1265 3183 1333 accessitque
3207 1268 3272 1321 ad
3304 1283 3547 1324 commu—

1967 1356 2178 1407 nionem
2210 1365 2410 1408 saneta:
2453 1354 2731 1407 catholica:
2763 1353 3034 1408 Ecclesiae.
3069 1355 3339 1412 Remansit
3365 1366 3542 1412 autem

1968 1456 2087 1498 cum
2117 1434 2267 1510 sene,
2293 1444 2635 1511 impletisque
2661 1452 2892 1511 quatuor
2940 1458 3060 1499 cum
3093 1445 3187 1500 illo
3214 1448 3389 1510 anuis,
3420 1448 3544 1501 dor-

1969 1534 2122 1589 mivit
2144 1534 2197 1587 in
2227 1548 2369 1600 pace.

291 1622 385 1673 τὸν
426 1621 593 1675 τόπον
628 1621 815 1674 τοῦτον
844 1622 1079 1692 ἔρχεται.
1110 1621 1221 1673 Καὶ
1245 1620 1338 1672 ἐπὶ
1372 1619 1453 1690 τῷ
1487 1619 1631 1688 λόγῳ
1666 1617 1862 1687 τούτῳ,
1901 1611 2062 1685 ἦλθεν
2084 1618 2162 1678 εὶς
2183 1617 2377 1670 ἑαυτὸν
2404 1618 2432 1669 6
2466 1617 2714 1686 ἀδελφός.
2778 1618 2888 1671 Καὶ
2922 1619 3164 1684 ἐλθόντος
3199 1621 3294 1674 τοῦ
3352 1622 3542 1693 γέρον-

292 1730 405 1776 τος,
435 1712 734 1783 διηγήσατο
761 1712 908 1783 αὑτῷ
934 1711 1150 1764 ἅπαντα
1176 1709 1246 1762 τὰ
1267 1709 1534 1778 γενόμενα
1560 1707 1741 1770 καθὼς
1765 1708 2027 1775 ἑώρακεν.
2064 1707 2173 1759 Καὶ
2203 1706 2517 1776 προσελθὼν
2567 1705 2924 1776 ἐκοινώνησεν
2990 1712 3056 1781 τῇ
3123 1711 3257 1782 ἁγίᾳ
3322 1712 3543 1766 καθολι-

293 1805 364 1873 af;
395 1805 491 1857 καὶ
520 1804 852 1874 ἀποστολικῇ
887 1801 1200 1871 Ἐκκλησία.
1228 1798 1488 1870 Ἔμεινε-ι
1517 1800 1573 1853 δὲ
1603 1800 1736 1868 μετά
1768 1796 1861 1850 τοῦ
1905 1797 2155 1869 γέροντος
2178 1799 2256 1861 είς
2283 1798 2372 1851 τὸν
2393 1795 2708 1867 Καλαμῶνα
2727 1813 2739 1825 ·
2777 1799 2870 1850 καὶ
2902 1800 3131 1871 ποιήσας
3199 1805 3317 1872 μετ’
3377 1803 3542 1857 αὐτοῦ

293 1895 393 1964 ἐτη
429 1896 592 1951 ἱκανά
615 1896 684 1962 ³⁸,
717 1894 982 1965 ἐκοιμήθη
1023 1894 1080 1945 ἐν
1102 1892 1317 1963 εἰρήνῃ.
1714 1970 1721 1975 ,

1664 2001 1894 2060 CAPUT
1937 1996 2147 2057 XXVII.

1306 2137 1314 2149 ε
1383 2118 1517 2174 ινίια
1539 2117 1829 2189 presbyteri
1864 2114 2003 2170 villa!
2031 2104 2390 2167 Mardandos.
2452 2176 2471 2188 ⁸

385 2223 516 2276 Ἀπὸ
549 2221 683 2275 δέκα
716 2217 907 2288 μιλίων
937 2217 1038 2286 τῆς
1071 2216 1276 2276 πόλεως
1321 2211 1561 2280 Αἱγαιῶν
1589 2212 1687 2281 τῆς
1715 2210 1871 2263 Κιλι-

2056 2213 2245 2266 Decem
2269 2212 2380 2266 fere
2402 2213 2635 2269 millibus
2656 2228 2902 2285 passuum
2922 2218 2989 2272 ab
3002 2219 3130 2274 urbe
3147 2218 3349 2276 Cilicia:
3363 2219 3556 2293 Egina

294 2316 429 2379 κίας
472 2313 661 2382 κτῆμά
705 2312 855 2364 ἐστιν
891 2310 1115 2378 ὀνόματι
1140 2304 1479 2375 Μάρδαρδος.
1529 2301 1617 2354 Ἐν
1656 2297 1700 2369 ᾧ
1724 2302 1873 2353 ἐστιν

292 2407 425 2468 ναὸς
446 2404 539 2458 τοῦ
569 2403 724 2470 ἁγίου
762 2401 1005 2453 Ἰωάννου
1030 2398 1123 2451 τοῦ
1154 2393 1480 2448 Βαπτιστοῦ.
1518 2393 1606 2446 Ἐν
1628 2385 1671 2459 ᾧ
1696 2391 1874 2460 γέρων

293 2514 387 2560 τις
410 2493 782 2566 πρεσὸὑτερος
813 2489 1066 2559 ἐκάθητο.
1096 2483 1202 2539 τἪν
1226 2484 1282 2539 δὲ
1316 2484 1489 2555 μέγας
1529 2483 1667 2536 πάνυ
1700 2483 1728 2534 ὁ
1768 2480 1876 2547 γέ-

300 2604 415 2658 ρων
449 2586 545 2639 καὶ
577 2584 849 2653 ἐνάρετος.
899 2579 986 2632 Ἐν
1014 2578 1111 2648 μιᾷ
1138 2572 1230 2629 οὖν
1263 2578 1312 2628 oi
1338 2575 1429 2628 τοῦ
1461 2573 1629 2628 αὐτοῦ
1663 2572 1878 2640 κτήμα-

296 2695 394 2740 τος
421 2679 707 2747 οἰκήτορες
741 2666 1132 2745 προσέρχονται
1163 2670 1283 2722 κατ’
1308 2668 1472 2722 αὑτοῦ
1496 2667 1573 2738 τῷ
1596 2666 1879 2735 ἐπισκόπῳ

299 2764 570 2835 Αίγαιῶν,
623 2764 905 2831 λέγοντεςο
954 2757 1126 2831 τΑρον
1175 2762 1267 2828 ἀφ’
1322 2756 1482 2827 ἡμῶν
1519 2758 1610 2810 τὸν
1650 2756 1880 2825 γέροντα

294 2859 516 2924 τοῦτον,
542 2858 624 2911 ὅτι
655 2853 827 2908 θλίϐει
858 2855 1039 2923 ἡμᾶς’
1078 2852 1297 2921 ἔρχεται
1328 2850 1433 2920 γὰρ
1483 2846 1758 2919 Κυριακὴ,
1784 2844 1880 2899 καὶ

298 2953 456 3003 ποιεί
485 2948 584 3016 τὴν
614 2945 835 3009 σύναξιν
855 2942 1005 3013 ὥραν
1033 2943 1278 3012 ὲννάτην,
1306 2942 1400 2994 καὶ
1423 2941 1483 2994 οὐ
1509 2940 1762 3009 φυλάττει
1785 2937 1881 3005 τὴν

298 3037 703 3107 νενομισμένην
737 3035 888 3100 τάξιν
913 3034 1013 3103 τῆς
1043 3033 1204 3107 ἀγίας
1235 3033 1526 3098 συνάξεως.
1558 3031 1664 3083 Καὶ
1703 3027 1882 3081 λαϐὼν

294 3134 332 3183 ὀ
383 3128 679 3189 ἐπίσκοπος
735 3125 828 3177 τὸν
875 3124 1104 3193 γέροντα
1145 3123 1265 3177 κατ’
1312 3122 1467 3184 ἰδίαν,
1501 3120 1649 3188 λέγει
1694 3117 1876 3187 αὐτῷ·

302 3221 624 3288 Καλόγηρε,
676 3217 765 3270 διὰ
813 3216 867 3269 τί
925 3214 1098 3278 οὕτως
1145 3214 1354 3279 ποιεῖς;
1405 3213 1473 3264 Ἦ
1535 3212 1747 3278 ἀγνοεῖς
1784 3208 1882 3278 τῆς

302 3313 469 3379 ἁγίας
512 3308 831 3379 Ἑκκλησίας
848 3305 1330 3377 τὴνκατὰστασινς
1381 3303 1439 3354 ’0
1483 3301 1539 3354 δὲ
1571 3301 1748 3371 γέρων
1778 3298 1882 3369 ἔφη

300 3402 477 3474 αὐτῷ,
523 3402 638 3454 Ἐπ’
683 3398 959 3469 ἀληθείας,
1011 3397 1166 3468 κύριε
1215 3396 1244 3448 6
1284 3395 1477 3466 μέγας,
1529 3393 1702 3457 οὕτως
1743 3392 1881 3457 ἐστὶ,

302 3499 404 3551 καὶ
437 3495 612 3557 καλῶς
640 3492 841 3560 λέγεις.
875 3489 1035 3543 ’Λλλά
1074 3489 1127 3541 τί
1163 3488 1385 3553 ποιῆσαι
1422 3487 1521 3539 οὐκ
1559 3481 1689 3540 οἶδα.
1729 3485 1884 3538 Μετὰ

1982 2303 2102 2361 villa
2147 2303 2389 2370 quaedam
2439 2315 2540 2372 est,
2576 2307 2788 2361 nomine
2821 2307 3135 2363 Mardandos
3161 2352 3174 2375 ,
3208 2312 3259 2363 in
3289 2326 3393 2380 qua
3423 2322 3559 2368 tem-

1984 2401 2128 2463 ptum
2156 2407 2238 2449 est
2265 2397 2432 2450 sancti
2463 2397 2679 2453 Joannis
2710 2390 2979 2468 Baptistae.
3018 2405 3071 2455 In
3118 2401 3217 2455 hac
3245 2417 3409 2458 senex
3440 2405 3556 2473 qui-

1975 2488 2096 2538 dam
2144 2486 2422 2554 presbyter
2451 2487 2687 2551 sedebat,
2716 2489 2909 2543 sumini
2950 2490 3088 2558 apud
3136 2490 3302 2545 Deum
3352 2496 3552 2561 meriti,

1975 2595 2391 2650 magnarumque
2415 2581 2689 2634 virtutum.
2707 2581 2943 2648 Quadam
2969 2598 3092 2637 veru
3115 2585 3202 2638 die
3219 2585 3358 2639 villae
3379 2583 3551 2647 iusius

1973 2669 2295 2725 habitatores
2324 2682 2666 2726 accesserunt
2694 2672 2758 2725 ad
2788 2672 3095 2741 episcopum
3124 2684 3440 2731 accusantes
3466 2690 3551 2731 se-

1973 2778 2116 2827 nem,
2145 2776 2208 2815 ac
2253 2761 2495 2816 dicentes
2522 2779 2536 2814 :
2561 2761 2709 2815 Tolle
2733 2777 2761 2815 a
2788 2762 2942 2816 nobis
2987 2778 3171 2818 senem
3222 2763 3359 2818 hunc
3379 2803 3396 2830 ,
3428 2778 3550 2817 nam

1973 2852 2230 2905 molestus
2270 2851 2424 2905 nobis
2469 2861 2570 2906 est.
2604 2852 2737 2905 Dicit
2782 2851 2858 2906 eis
2886 2854 3169 2921 episc0pus
3193 2870 3208 2909 :
3233 2854 3367 2919 Quid
3400 2855 3550 2907 vobis

1972 2941 2135 2995 facit?
2165 2940 2358 2996 Dicunt
2398 2940 2446 2996 ei
2474 2959 2486 2993 :
2511 2941 2731 2996 Accedit
2780 2944 2996 2997 missam
3032 2944 3305 2998 celebrare
3335 2944 3419 2998 die
3447 2944 3551 2998 Do-

1972 3032 2184 3097 tniuico,
2219 3047 2361 3087 nunc
2391 3033 2521 3088 hora
2550 3032 2728 3098 tertia,
2760 3048 2903 3088 nunc
2930 3042 3106 3089 autem
3139 3034 3268 3090 hora
3299 3030 3549 3098 nona,‘ut

1971 3121 2072 3175 sibi
2098 3123 2269 3177 visum
2300 3121 2491 3187 fuerit,
2523 3137 2698 3191 neque
2738 3131 2914 3177 servat
2944 3124 3241 3179 solemnem
3270 3137 3334 3178 ac
3373 3122 3547 3191 legiti-

1972 3226 2114 3264 mum
2144 3210 2384 3265 ordinem
2409 3220 2607 3266 sanctas
2633 3211 2936 3266 oblationis.
2973 3211 3062 3268 llis
3089 3215 3396 3282 compertis,
3435 3213 3548 3281 epi-

1975 3316 2164 3371 scopus
2202 3317 2480 3356 assumens
2525 3317 2706 3357 senem
2751 3316 3028 3369 seorsum,
3060 3304 3136 3358 ait
3173 3304 3248 3358 illi
3272 3320 3287 3356 :
3311 3303 3445 3372 Quid
3473 3305 3544 3357 ita

1974 3390 2124 3455 iacis,
2173 3391 2391 3445 senior?
2420 3405 2486 3444 an
2534 3390 2747 3461 ignoras
2789 3402 2986 3447 sanctae
3024 3393 3274 3447 Ecclesia:
3318 3391 3548 3468 statuta?

1972 3482 2057 3535 Ait
2083 3495 2245 3534 senex
2271 3498 2284 3532 :
2310 3479 2448 3535 Vera
2477 3480 2715 3550 profecto
2745 3483 3103 3549 prosequeris,
3134 3492 3188 3535 et
3212 3492 3355 3535 recte
3381 3481 3541 3546 dicis;

304 3588 419 3657 γὰρ
446 3586 539 3639 τὸν
574 3586 773 3638 κανόνα
798 3582 889 3635 τὸν
915 3580 1226 3651 νυκτερινὸν
1259 3578 1357 3647 τῆς
1385 3578 1544 3645 ἁγίας
1576 3575 1879 3646 Κυριακῆς,

1977 3585 2155 3623 verum
2186 3571 2311 3639 quid
2352 3582 2536 3637 agam,
2569 3570 2772 3637 ignoro.
2807 3570 2898 3622 Die
2926 3568 3066 3622 enim
3117 3563 3386 3621 Dominico
3428 3577 3546 3636 post

251 3728 259 3734 .
305 3677 559 3745 κάθημαι
578 3672 805 3744 πλησίον
830 3669 923 3724 τοῦ
947 3670 1104 3738 ἁγίου
1128 3665 1511 3738 θυσιαστηρίου
1528 3683 1542 3699 ο
1571 3667 1666 3718 καὶ
1688 3665 1794 3729 ’έως
1815 3665 1882 3719 ἂν

307 3772 407 3823 τδω
438 3768 494 3820 τὸ
526 3765 747 3837 Πνεῦμα
786 3763 847 3816 τὸ
873 3761 1027 3831 ἅγιον
1058 3759 1372 3822 ὲπισκιὰζον
1404 3756 1482 3827 τῷ
1523 3755 1663 3823 ἁγίῳ
1694 3755 1884 3808 θυσια-

304 3859 536 3930 στηρίῳ,
558 3858 656 3911 οὐκ
684 3855 925 3927 ἄρχομαι
954 3852 1055 3921 τῆς
1078 3848 1370 3916 συνάξεως.
1395 3850 1564 3901 Ὅταν
1587 3848 1642 3901 δὲ
1675 3846 1881 3899 Ostiae»

303 3969 417 4024 μαι
444 3952 543 4020 τὴν
567 3948 911 4017 έπιφοίτησιν
938 3942 1032 3997 τοῦ
1066 3942 1222 4011 ἁγίου
1262 3940 1594 4008 [lustius-tog,
1629 3938 1750 3992 τότε
1787 3940 1883 3990 καὶ

303 4049 414 4116 τὴν
438 4040 781 4110 λειτουργίαν
814 4036 1064 4091 έπιτελῶ.
1099 4033 1396 4102 Θαυμάσας
1436 4032 1493 4084 δὲ
1522 4033 1550 4083 6
1580 4031 1879 4091 ἐπίσκοπος

301 4137 409 4204 τὴν
440 4132 640 4203 ἀρετὴν
659 4128 753 4182 τοῦ
780 4127 1055 4198 γέροντος,
1079 4124 1176 4177 καὶ
1194 4121 1615 4192 πληροφορήσας
1641 4119 1766 4181 τοὺς
1788 4117 1884 4170 τοῦ

302 4223 612 4292 κτήματος,
658 4218 930 4272 ἀπέλυσεν
974 4214 1183 4277 αὐτοὺς
1228 4213 1285 4263 ἐν
1334 4212 1527 4281 εἰρήνῃ
1566 4206 1885 4272 δοξάζοντας

302 4315 402 4366 τὸν
429 4311 587 4363 Θεόν.

379 4402 570 4471 Τούτῳ
596 4399 676 4471 τῷ
702 4398 916 4469 γέροντι
942 4392 1256 4448 ἀπέστειλεν
1285 4395 1313 4445 6
1336 4389 1507 4455 ἁὸὀόίς
1549 4390 1831 4452 Ἰουλιανὸς
1861 4390 1889 4444 6

305 4493 574 4562 Στυλίτης
608 4489 1000 4559 προσηγορίαν,
1046 4482 1265 4554 πέμψας
1301 4482 1449 4553 αὐτῷ
1487 4483 1581 4534 καὶ
1626 4476 1815 4534 πανίον
1842 4480 1888 4513 ⁸⁸

305 4586 595 4657 δεδεμένον
629 4584 753 4652 ἕχον
783 4580 985 4634 ἔσωθεν
1025 4580 1173 4650 τρεῖς
1215 4576 1489 4645 ἄνθρακας
1520 4575 1565 4607 ³⁸
1597 4574 1789 4645 πυρός.
1828 4574 1887 4627 '0

306 4680 371 4732 δὲ
402 4676 585 4747 γέρων
614 4672 905 4740 δεξάμενος
944 4669 1035 4722 τὸν
1061 4666 1356 4737 ,ἀσπασμὸν
1396 4665 1489 4718 καὶ
1528 4665 1653 4727 τοὺς
1689 4663 1889 4734 ἄνθρα-

309 4785 418 4831 κας
458 4767 534 4836 μὴ
563 4760 1028 4823 ἀποσϐεσθέντας,
1071 4757 1417 4826 ἀντέπεμψεν
1456 4755 1532 4826 τῷ
1571 4755 1716 4826 ἁδϐᾷ
1751 4756 1885 4808 Ἰου-

1971 3671 2258 3714 nocturnos
2304 3661 2553 3731 hymnos,
2588 3673 2750 3727 prope
2793 3669 3033 3712 sanctum
3065 3660 3234 3712 altare
3277 3658 3461 3725 sedeo,
3491 3669 3547 3715 et

1973 3768 2250 3821 minusque
2267 3753 2472 3805 videam
2494 3751 2744 3817 Spiritum
2767 3758 3007 3803 sanetum
3034 3752 3201 3803 altare
3228 3750 3545 3804 obumbrano

1971 3854 2113 3907 tem,
2145 3850 2325 3896 sancta
2368 3842 2652 3894 missarum
2700 3834 2957 3893 Solemnis
3004 3855 3109 3893 non
3158 3840 3542 3910 incipio;cum

1969 3944 2143 3990 autem
2175 3934 2456 3989 advenisse
2480 3933 2735 4001 Spiritum
2768 3944 3009 3986 sanetum
3039 3935 3262 4003 aspicio,
3297 3944 3422 3990 tunc
3446 3951 3545 4005 ego

1970 4042 2117 4081 sacra
2142 4025 2315 4079 ofﬁcia
2337 4039 2673 4078 consumma.
2701 4020 2790 4077 llis
2821 4023 3037 4088 auditis,
3064 4025 3342 4093 episcopus
3372 4026 3545 4080 admi—

1972 4126 2115 4171 ratus
2140 4116 2388 4169 virtutem
2412 4113 2576 4177 senis,
2605 4121 2867 4168 convocat
2913 4113 3238 4169 habitatores
3265 4114 3427 4179 villae,
3458 4130 3543 4169 sa-

1972 4205 2340 4275 tistaiciensque
2365 4203 2497 4267 illis,
2532 4203 2737 4259 dimisit
2766 4218 2860 4258 eos
2889 4203 2938 4260 in
2966 4217 3121 4272 pace.

2052 4394 2184 4450 Huic
2210 4394 2326 4450 seni
2357 4393 2500 4447 misit
2527 4393 2694 4448 abbas
2739 4391 2986 4448 Julianus
3032 4389 3249 4461 Stylites
3279 4385 3554 4443 salutatio-

1984 4501 2125 4550 nem,
2157 4483 2449 4538 mittensei
2479 4485 2641 4537 ctiam
2666 4495 2897 4548 pannum
2922 4479 3244 4542 involutum,
3275 4477 3471 4530 habent
3506 4489 3556 4527 m

1982 4572 2123 4627 intus
2155 4583 2263 4627 tres
2293 4572 2553 4627 carbones
2580 4569 2739 4641 ignis.
2788 4568 2964 4624 Senex
2992 4583 3118 4623 vero
3149 4567 3440 4636 suscipiens
3468 4579 3558 4620 sa-

1984 4665 2295 4720 lutationem
2326 4672 2382 4719 et
2407 4664 2669 4719 carbones
2713 4663 2997 4723 ardentes,
3025 4660 3229 4714 remisit
3258 4660 3434 4714 eidem
3462 4659 3558 4712 ab-

1940 4815 1950 4823 _
1985 4755 2090 4810 bati
2121 4755 2295 4825 ipsum
2346 4750 2593 4824 pannum
2615 4753 2914 4807 involutum
2957 4765 3091 4820 aqua
3123 4750 3360 4819 plenum.
3394 4749 3563 4802 Dista-

310 4860 486 4932 λιανῷ
522 4861 603 4921 είς
636 4858 680 4890 ³⁷
722 4856 785 4908 τδ
831 4854 964 4907 αὐτὸ
1001 4851 1208 4915 πανίον,
1242 4848 1418 4920 βαλὼν
1444 4851 1523 4911 εἰς
1562 4846 1693 4901 αὐτὸ
1721 4845 1880 4916 ὕδωρ,

1988 4848 2117 4901 bant
2155 4855 2330 4902 autem
2378 4847 2445 4903 ab
2493 4845 2723 4901 invicem
2772 4843 2882 4899 fere
2934 4842 3117 4913 viginti
3163 4839 3397 4895 millibus
3445 4852 3562 4906 pas-

313 4957 408 5009 καὶ
438 4953 606 5024 δήσας
637 4951 722 5021 (Ι).
769 4949 1014 5016 Ἀπεῖχον
1060 4944 1115 4997 δὲ
1153 4943 1247 4996 ἀπ’
1275 4941 1517 5012 ἀλλήλων
1555 4938 1687 4991 ὡσεὶ
1737 4936 1889 5007 μίλια

313 5043 513 5098 εἴκοςι.

1986 4951 2158 4990 suum.

1619 5182 1846 5239 vanu:
1883 5135 2289 5237 catmum-:5.

390 5320 432 5350 ³¹
470 5318 636 5373 Abest
693 5312 761 5365 ab
796 5312 867 5364 al.
941 5310 984 5342 "
1015 5309 1218 5364 Desunt
1254 5307 1307 5359 in
1335 5305 1405 5357 al.
1481 5304 1525 5334 ³³
1556 5300 1674 5354 Non
1707 5308 1833 5353 sunt
1869 5299 1923 5352 in
1973 5299 2045 5351 al.
2123 5296 2169 5327 “
2204 5296 2274 5348 al.
2345 5291 2407 5346 δ’.
2487 5293 2531 5325 ³⁸
2582 5290 2653 5343 al.
2704 5300 2864 5340 πανν.
2942 5282 2988 5315 ³⁸
3037 5283 3108 5335 al.
3198 5288 3565 5341 πεπυρακτω-

323 5389 540 5458 μένους.
618 5385 664 5417 ⁸⁷
700 5383 868 5437 Abest
903 5380 970 5433 ab
996 5382 1068 5433 al.

1840 5457 2070 5512 NOTJE.

397 5576 463 5644 (ί)
494 5572 718 5636 Δήσας-
762 5568 932 5635 CUJ'JS
974 5568 1079 5621 alio
1113 5564 1165 5619 in
1203 5568 1522 5631 argumento
1559 5557 1726 5616 δύσεις
1792 5553 2002 5609 Oblinct
2053 5557 2253 5613 locum,
2301 5557 2339 5604 ι..
2397 5545 2485 5599 νιι
2551 5539 2930 5611 Chrysostomi
2979 5555 3007 5592 a
3064 5536 3270 5591 Savilio
3324 5529 3479 5601 editi,
3514 5546 3568 5600 p.

323 5648 455 5706 ³509,
484 5652 516 5695 l.
548 5658 682 5694 uti.
