4002 6312
231 315 364 378 3ί97

1218 314 1321 371 SS.
1362 313 1535 373 CYRI
1606 313 1698 370 ET
1737 310 2058 372 JOANNIS
2119 308 2531 368 MIRACLTIA.

3348 304 3489 367 3595

233 428 630 490 πανσέίίαστον,
653 427 686 498 ἡ
709 426 860 488 νόσος
890 424 986 494 μέν
1023 424 1224 488 εὐθέως
1271 425 1530 496 ἠλέγχετο
1554 443 1565 453 ⁵
1593 423 1803 494 φανερὰ

1911 422 2155 477 norabilc
2183 419 2442 490 templum
2475 433 2664 473 corum
2711 416 2974 483 venisset,
3001 423 3057 470 et
3084 414 3320 488 languor
3357 434 3488 488 pro-

229 525 283 577 ἑὲ
308 526 417 585 τοῖ,¹
451 522 619 576 πᾶσιν
665 518 875 586 ὲγίνετο
923 517 1016 571 καί
1063 516 1172 569 τῶν
1213 516 1415 588 ἰατρῶν
1464 516 1801 587 ἡάμάθεια·

229 615 351 668 καθ’
376 612 578 674 ὕπνους
636 610 744 680 γὰρ
798 611 934 680 αὐτῇ
998 609 1380 678 παραστάντες
1417 609 1466 661 οξ
1499 609 1802 678 μάρτυρες,

231 706 377 776 ὕδωρ
404 707 547 758 πιεῖν
578 703 684 774 πρὸ
741 702 1048 772 βρωμάτων
1094 701 1369 766 ἐκέλευον,
1410 703 1476 772 τῇ
1522 700 1680 754 πόσει
1711 699 1805 754 τοῦ

229 799 470 870 νάματος
494 797 592 867 τὴν
613 794 794 864 φυγὴν
841 793 1299 864 ἐπαγγειλάμενοι
1331 793 1428 847 τοῦ
1474 795 1802 864 νοσήματος.

242 890 303 945 Ἦ
327 890 385 944 δὲ
410 889 528 942 κατ’
549 889 778 947 ἐκεῖνον,
798 886 983 956 φησὶν,
1011 885 1103 938 τδν
1121 885 1453 939 παυσόδυνον
1483 883 1716 956 ὄνειρον,
1743 885 1806 938 τὸ

229 982 375 1052 νάμα
409 985 662 1032 πέπωκεν
689 977 764 1038 ὡς
784 977 1104 1030 τεθέσπιστο
1151 977 1255 1047 πρὸ
1292 975 1502 1048 τροφῆς
1542 977 1806 1040 παντοίας

229 1073 322 1128 καὶ
354 1071 678 1144 βρώματος·
740 1069 838 1124 καὶ
884 1067 1045 1122 τοῦτο
1095 1067 1330 1122 ποιοῦσα
1376 1070 1606 1122 κινεῖται
1668 1067 1806 1138 πρὸς

227 1165 441 1232 ἔμετον,
473 1163 566 1215 καὶ
596 1161 686 1214 τὸν
717 1158 914 1230 πικρδν
942 1159 1148 1212 ἐκεῖνον
1195 1159 1474 1226 ἀνήγαγεν
1507 1157 1804 1227 βάτραχον.

225 1254 284 1306 ὃν
305 1251 576 1318 ἀγνοοῦσα
607 1250 866 1305 κατέπιεν
893 1265 907 1280 ο
955 1247 1051 1301 καὶ
1093 1248 1162 1301 δι’
1194 1246 1387 1311 ὓδατος
1431 1247 1669 1318 εὑροῦσα
1712 1246 1804 1299 τὸν

226 1345 468 1416 ὄλεθρον,
494 1343 562 1397 δι’
599 1341 791 1404 ὓδατος
839 1341 936 1394 καὶ
990 1339 1182 1408 φεύγει
1227 1339 1322 1392 τὸν
1351 1339 1576 1393 θάνατον
1601 1357 1614 1369 ο
1647 1337 1805 1392 τοῦτο

226 1433 334 1505 γάρ
362 1432 658 1504 ἄγκιστρον
685 1430 734 1482 οἱ
767 1427 1138 1500 φιλάνθρωποι
1158 1427 1293 1498 πρὸς
1315 1426 1412 1498 τὴν
1439 1428 1532 1481 τοῦ
1564 1428 1801 1499 θανατη-

227 1527 393 1597 φόρου
417 1524 690 1594 βατράχου
720 1521 894 1592 Θήραν
936 1520 1272 1590 ὲχάλκευσαν
1311 1519 1406 1572 καὶ
1439 1519 1532 1572 τοῦ
1579 1519 1803 1588 γυναίου

229 1617 505 1688 σωτηρίαν
542 1614 941 1684 άνέκφραστον,
970 1611 998 1664 ὃ
1041 1613 1134 1664 καὶ
1156 1610 1408 1674 διάϐολος
1437 1613 1465 1664 ὁ
1492 1609 1803 1680 μισάνθρωο

227 1727 325 1773 πος
356 1709 494 1779 πρὸς
543 1705 819 1762 ἀπώλειαν
859 1705 960 1774 τῆς
999 1701 1283 1774 Θεοδώρας
1343 1703 1634 1774 ἐχρήσατο,
1680 1701 1802 1772 ἣτις

1913 515 2065 570 tinus
2100 513 2377 568 indicatus
2424 522 2527 572 est.
2565 518 2618 564 et
2660 509 2952 564 inanifesta
2988 509 3208 565 cunctis
3242 510 3486 565 medico-

1909 621 2032 660 rum
2073 605 2363 660 inscientia
2399 603 2541 658 l‘acta
2566 612 2685 667 est;
2717 603 2774 656 in
2801 601 3013 657 somnis
3042 603 3188 656 enim
3218 603 3266 658 ei
3296 612 3456 659 astau
3476 634 3490 646 -

1909 707 1990 753 tes
2021 697 2194 753 sancti
2224 712 2423 766 aquam
2460 696 2647 750 bibere
2684 705 2978 766 antequam
3021 708 3206 750 escam
3239 705 3486 751 sumeret

1908 798 2308 860 praeceperunt,
2370 804 2467 858 per
2542 789 2803 843 haustum
2873 787 3156 859 poculum,
3210 789 3490 859 passionis

1909 882 2089 953 fugam
2146 883 2572 940 denuntiantes:
2618 897 2739 951 qua:
2787 892 2911 951 post
2951 881 3086 936 illud
3136 881 3508 938 salutiferum‘

1908 971 2212 1034 somnium.
2253 971 2321 1026 de
2346 986 2486 1041 aqua
2522 970 2650 1026 fecit
2673 971 2823 1041 quod
2852 970 3006 1040 jussa
3037 977 3120 1026 est
3162 980 3292 1027 ante
3325 987 3489 1027 omne
3534 1027 3541 1049 τ

1907 1061 2229 1116 alimentum
2270 1063 2355 1117 vel
2404 1077 2612 1118 escam.
2669 1061 2734 1115 Et
2773 1062 2876 1116 hoc
2925 1061 3094 1128 facto,
3135 1073 3388 1119 movetur
3417 1065 3486 1119 ad
3527 1087 3544 1138 ς

1905 1155 2193 1218 vomitum,
2217 1164 2271 1209 et
2294 1171 2536 1209 amaram
2573 1156 2720 1210 illam
2761 1170 2949 1209 ranam
2979 1155 3150 1225 rjicit,
3191 1173 3353 1228 quam
3388 1175 3487 1214 nc-
3538 1179 3550 1224 ,-

1907 1247 2092 1304 sciens
2149 1249 2558 1316 absorbuerat;
2613 1247 2929 1320 factumque
2975 1256 3080 1314 est,
3125 1260 3186 1303 ut
3227 1266 3349 1320 qua:
3390 1267 3488 1322 per
3545 1317 3550 1328 ι

1911 1355 2110 1411 aquam
2171 1341 2472 1410 perniciem
2511 1342 2732 1412 reperit,
2775 1357 2871 1410 per
2917 1357 3115 1412 aquam
3150 1343 3314 1396 etiam
3343 1360 3490 1398 mor-

1908 1437 2016 1485 tem
2049 1431 2346 1502 ell'ugeret:
2381 1437 2483 1487 hoc
2517 1434 2662 1488 enim
2699 1433 2767 1488 ad
2799 1433 3036 1489 invicem
3077 1434 3152 1488 illi
3199 1435 3483 1490 hominum

1906 1533 2180 1580 amatores
2212 1525 2277 1578 ad
2309 1525 2606 1581 mortiferae
2649 1527 2798 1580 illius
2844 1542 2991 1581 rana:
3034 1527 3368 1596 captionem,
3417 1528 3484 1582 all

1906 1615 2268 1685 mulierisque
2323 1619 2556 1673 salutem
2604 1616 2939 1684 conllarunt,
2999 1636 3110 1688 quo
3141 1622 3306 1676 etiam
3355 1638 3484 1677 osor

1907 1705 2189 1760 hominum
2223 1707 2499 1768 diabolus.
2534 1709 2600 1764 ad
2633 1710 2997 1778 perditionem
3028 1727 3162 1768 usus
3192 1723 3273 1768 est
3305 1713 3488 1771 Theo-

227 1803 358 1870 παρ’
387 1773 578 1852 ἐλπίδα
640 1798 887 1868 φυγοῦσα
917 1773 1007 1849 τὸν
1051 1773 1294 1865 δλεθρον,
1328 1795 1422 1847 καὶ
1442 1773 1554 1857 τοῖς
1585 1792 1802 1862 ζωγρή-

1911 1793 2074 1849 dorae.
2119 1796 2250 1862 Quae
2294 1813 2418 1852 cum
2471 1806 2671 1870 praeter
2715 1815 2868 1870 spem
2922 1801 3151 1856 exitium
3195 1806 3485 1869 evasisset,

230 1909 352 1948 σασι
388 1893 626 1964 μάρτυσι
662 1888 963 1960 σωτηρίους
1001 1886 1186 1956 φωνὰς
1217 1885 1681 1959 προσενεγκοῦσα,
1707 1884 1800 1939 τοῦ

229 1983 332 2037 νεὼ
374 1981 553 2038 αὐτῶν
604 1979 971 2051 ἀνεχώρησεν.
1028 1976 1217 2048 Ἡμεῖς
1262 1975 1318 2029 δὲ
1356 1975 1635 2029 κάνταῦθα
1675 1975 1804 2045 βοάς

230 2077 510 2146 εὐφήμους
567 2075 752 2135 αὐτοῖς
821 2070 1272 2141 μελῳδήσαντες,
1333 2067 1602 2137 μελῳδίας
1639 2067 1804 2138 ἀλλης

229 2167 478 2239 ἀφορμὴν
531 2163 910 2236 ποιησώμεθα,
945 2162 1074 2216 ἄλλο
1127 2161 1412 2234 τεράστιον
1456 2160 1534 2232 τῷ
1573 2161 1803 2231 παρόντι

233 2261 634 2322 συντάττοντες.

230 2369 350 2424 KZ'.
393 2360 534 2438 Περὶ
586 2368 885 2434 Θεοδώρου
935 2369 1042 2424 τοῦ
1088 2371 1528 2434 κελευσθέντος
1573 2369 1642 2424 ἐκ
1682 2363 1804 2423 τῶν⁹

665 2441 849 2510 ἁγίων
872 2439 1104 2493 ἀσπίδα
1126 2442 1360 2509 φαγεῖν.

297 2529 575 2602 Θεόδωρον
608 2529 698 2583 τὸν
727 2527 805 2600 τῷ
862 2528 1189 2600 προλαϐόντι
1225 2529 1432 2602 γυναίῳ
1459 2529 1801 2601 συνώνυμον,

231 2622 404 2687 καλῶς
443 2624 476 2695 ἡ
526 2622 636 2675 τῶν
691 2620 986 2690 θαυμάτων
1015 2621 1304 2674 ἀκολουθία
1333 2623 1453 2692 μετ’
1483 2621 1692 2676 ἐκείνου
1723 2623 1802 2684 είς

231 2716 479 2789 διήγησιν
527 2717 750 2789 ἤνεγκε,
806 2717 900 2768 καὶ
955 2717 1070 2780 τοῖς
1114 2716 1399 2788 τρυφῶσιν
1454 2718 1511 2770 ὲν
1554 2719 1666 2780 τοῖς
1694 2715 1803 2769 τῶν

232 2809 397 2877 ἁγίων
421 2807 606 2878 ἔργοις
653 2807 748 2861 καὶ
802 2805 1065 2878 πράξεσιν
1121 2808 1202 2870 εἰς
1243 2807 1427 2862 ἑστίαν
1476 2807 1803 2876 ἀξιάγαστον

233 2897 528 2970 προῦθηκε,
557 2899 624 2950 οὐ
661 2896 820 2969 μόνον
875 2898 957 2951 ὅτι
1013 2897 1192 2950 κοινὸν
1229 2898 1367 2969 πρὸς
1412 2897 1582 2968 αὐτὴν
1612 2898 1804 2952 ἔλαϐεν

230 2991 414 3063 ὄνομα,
443 2991 564 3044 ἀλλ’
591 2991 672 3044 ὅτι
719 2991 814 3044 καὶ
855 2991 915 3044 το
955 2991 1076 3043 κατ’
1108 2989 1270 3043 αὐτὸν
1294 2993 1357 3044 ὲκ
1385 2991 1586 3061 μέρους
1620 2990 1804 3062 ἀρρώ-

233 3101 429 3154 στημα,
465 3083 562 3138 καὶ
599 3082 692 3136 τοῦ
731 3081 934 3146 πάθους
965 3084 998 3154 ἡ
1023 3081 1297 3151 ἄφραστος
1316 3083 1455 3145 ἴασις
1481 3081 1659 3151 ἔχουσί
1682 3100 1801 3136 τινα
1830 3107 1875 3166 C

231 3169 338 3227 τῶν
363 3176 446 3228 ἐπ’
486 3173 707 3242 ἐκείνης
758 3173 1056 3243 ἐμφέρειαν
1077 3188 1104 3202 ⁸·
1126 3174 1174 3223 εί
1227 3173 1320 3225 καὶ
1353 3171 1520 3242 πολλή
1550 3190 1632 3234 τις
1660 3172 1801 3239 ἀγαν

230 3268 552 3338 ἀμφοτέρων
597 3267 744 3320 ἐστὶν
791 3268 822 3337 ἡ
866 3265 1159 3336 διάκρισις,
1207 3267 1280 3328 ὠς
1321 3265 1483 3329 δείξει
1534 3267 1720 3336 προϊὸν
1747 3267 1806 3320 τὸ

233 3361 488 3430 διήγημα.

300 3545 375 3597 Τὰ
402 3543 689 3612 σπλάγχνα
731 3543 828 3614 μὲν
897 3543 1006 3612 γὰρ
1067 3541 1304 3612 ἔπασχεν
1348 3543 1374 3594 ὁ
1414 3541 1711 3611 Θεόδωρος,
1741 3541 1803 3595 οὐ

235 3634 501 3708 βατράχου
531 3636 678 3697 τινος
712 3638 792 3698 εἰς
849 3635 1010 3688 αὑτὸν
1047 3633 1447 3705 όλισθήσαντος,
1481 3632 1574 3686 καὶ
1613 3633 1803 3686 τούτου

233 3728 411 3798 νήξεσι
457 3725 735 3789 κυκῶντός
793 3743 855 3779 τε
914 3726 1010 3778 καὶ
1055 3724 1435 3795 ταράττοντος,
1482 3725 1576 3777 καὶ
1623 3723 1803 3786 δεινάς

233 3819 521 3885 ἀλγηδόνας
538 3817 898 3881 ὲντίκτοντος,
913 3815 1048 3870 ἀλλὰ
1071 3816 1392 3889 περιεργίας
1409 3817 1472 3868 ὲκ
1496 3815 1802 3887 βρώματος,

232 3911 435 3979 ἀνδρῶν
464 3911 525 3963 οὐ
556 3909 738 3962 καλῶν
779 3908 1179 3978 ὲγχειρήσεσιν,
1210 3906 1400 3978 ὀδύνην
1433 3907 1581 3976 αὐτῷ
1607 3905 1796 3972 γεννώ-

235 4015 327 4067 σης
353 3999 656 4070 ἀφόρητον.
683 3997 951 4066 Φιλοῦμεν
976 3997 1087 4068 γάρ
1113 3997 1163 4050 οί
1190 3997 1494 4068 τρισάθλιοι
1527 3999 1602 4068 μὴ
1635 3997 1796 4068 μόνον

232 4092 500 4161 αἰκισμοῖς
527 4092 622 4144 καὶ
656 4091 898 4156 φονικοῖς
940 4087 1192 4159 ὀργάνοις
1235 4089 1329 4142 καὶ
1363 4087 1571 4158 ξίφεσιν
1603 4089 1805 4158 ἀμύνε-

233 4183 352 4234 σθαι
401 4181 461 4234 τὸ
499 4180 793 4252 ὁμόφυλον,
820 4178 873 4231 εῖ
901 4178 1085 4232 τιτῶν
1127 4178 1442 4232 λυπούντων
1486 4180 1802 4249 εἰργάσατο,

229 4274 262 4345 ἢ
295 4276 386 4328 καὶ⁵
415 4273 599 4344 φθόνῳ
649 4271 962 4344 μισαδέλφῳ
1008 4271 1397 4342 κρατούμενοι,
1431 4271 1528 4324 καὶ
1557 4273 1606 4324 εἰ
1634 4272 1803 4342 μηδὲν

230 4367 305 4426 εἰς
336 4366 483 4433 ἡμᾶς
504 4362 951 4433 ἐπλημμέλησεν,
995 4360 1132 4414 ἀλλὰ
1162 4362 1254 4414 καὶ
1302 4361 1676 4433 φαρμακείαις
1703 4363 1800 4416 αὑ.

1906 1899 2006 1954 pro
2058 1887 2178 1943 data
2234 1889 2410 1944 salute
2465 1891 2733 1960 prieconia
2786 1892 3091 1950 victoribus
3149 1898 3486 1969 martyribus

1906 1975 2218 2043 obtulisset,
2275 1994 2305 2033 a
2339 1981 2544 2052 templo
2597 1997 2789 2036 eorum
2840 1983 3098 2039 recessit.
3157 1983 3332 2040 Porro
3381 2004 3484 2043 nos

1906 2068 2072 2122 etiam
2111 2067 2238 2122 hinc
2273 2069 2356 2123 cis
2403 2070 2574 2126 bonas
2611 2071 2799 2126 laudes
2832 2074 3062 2128 vocibus
3111 2076 3482 2141 modulantes.

1907 2154 2137 2210 alterius
2189 2154 2582 2213 modulaminis
2643 2159 2926 2214 materiam
2983 2161 3276 2227 faciamus.
3333 2167 3482 2221 aliud

1908 2247 2165 2316 praesenti
2199 2246 2508 2317 prodigium
2539 2258 2914 2306 annectentes.

1908 2357 2122 2415 XXVII.
2163 2358 2237 2413 De
2267 2359 2536 2437 Theodoro
2559 2366 2652 2431 qui
2679 2381 2710 2417 a
2759 2366 2963 2437 sanctis
2979 2366 3169 2437 jussus
3199 2379 3278 2424 est
3309 2388 3484 2426 come-

2489 2435 2611 2487 dere
2645 2435 2900 2502 aspidem.

1972 2519 2318 2577 Theodorum
2401 2525 2759 2592 praecelentis
2823 2529 3164 2598 mquivocum
3243 2527 3482 2596 femime,

1904 2613 2045 2669 bene
2087 2615 2481 2670 miraCulorum
2535 2616 2696 2682 ordo,
2750 2631 2871 2688 post
2925 2621 3061 2676 illud
3108 2623 3175 2675 ad
3210 2625 3486 2678 narratio-

1907 2721 2030 2762 nem
2067 2705 2313 2769 deduxit.
2359 2715 2413 2761 et
2445 2715 2571 2762 ante
2616 2708 2716 2764 hos
2762 2711 2854 2778 qui
2896 2711 2950 2766 in
2999 2725 3319 2769 sanctorum
3353 2731 3488 2785 epu-

1905 2798 2006 2852 lari
2061 2799 2324 2869 operibus
2371 2810 2424 2854 et
2477 2800 2696 2857 actibus
2737 2802 3104 2869 delectantur,
3159 2806 3212 2861 iu
3259 2809 3486 2863 delicias

1907 2888 2275 2946 admiratione
2335 2891 2531 2961 dignas
2597 2893 2910 2963 proposuit,
2970 2911 3080 2950 non
3127 2898 3308 2953 solum
3356 2899 3487 2967 quia

1907 2997 2200 3038 Commune
2231 2998 2354 3037 cum
2397 2999 2459 3038 ea
2509 2985 2745 3041 sortitus
2774 2995 2859 3042 est
2900 3003 3122 3053 nomen,
3152 2989 3245 3044 sed
3277 2998 3330 3045 et
3357 2991 3487 3060 quia

1907 3081 2019 3128 tam
2071 3076 2268 3130 similis
2323 3077 2618 3134 inﬁrmitas
2659 3093 2825 3149 quam
2869 3081 3149 3149 passionis
3192 3081 3487 3138 ineﬂ‘abilis

1909 3168 2142 3233 sanitas,
2177 3169 2380 3226 habent
2417 3171 2716 3240 quamdam
2755 3187 2964 3227 oeorum
3004 3188 3126 3243 qua:
3175 3188 3342 3244 super
3394 3174 3487 3229 illa

1909 3259 2052 3314 facta
2093 3270 2221 3316 sunt
2253 3278 2316 3316 ex
2352 3274 2507 3332 parte
2536 3263 2976 3329 similitudinem,
3011 3265 3141 3319 licet
3171 3266 3338 3320 multa
3375 3267 3489 3321 val-

1907 3351 1977 3406 de
2006 3354 2078 3409 sit
2107 3363 2468 3423 utrorumque
2511 3355 2798 3420 discretio,
2840 3365 2896 3410 ut
2929 3355 3335 3414 demonstrabit
3357 3361 3488 3417 sub-

1908 3460 2146 3512 sequens
2186 3445 2491 3500 enarratio.

1981 3531 2203 3589 Viscera
2230 3535 2433 3606 quippe
2459 3537 2772 3605 patiebatur
2802 3537 3149 3604 Theodorus,
3194 3555 3303 3595 non
3353 3557 3487 3598 rana

1910 3625 1963 3679 in
2018 3641 2142 3680 eum
2185 3626 2380 3696 quavis
2410 3628 2625 3698 iilapsa,
2660 3637 2714 3684 et
2763 3629 2876 3684 haec
2917 3632 3316 3688 mutalionibus
3346 3651 3487 3703 qua-

1911 3718 2080 3771 tiente
2129 3726 2291 3786 atque
2351 3719 2630 3782 turbante,
2690 3721 2952 3790 dirosque
3011 3721 3230 3778 dolores
3299 3733 3489 3794 partu-

1907 3809 2106 3876 riente,
2135 3809 2229 3866 sed
2258 3810 2527 3865 maleficio
2558 3827 2667 3866 non
2692 3812 2961 3868 bonorum
3001 3814 3244 3870 virorum
3271 3818 3488 3872 conati-

1909 3898 2012 3953 bus
2041 3914 2107 3954 ex
2137 3899 2259 3955 cibo
2287 3899 2564 3965 confecto,
2612 3902 2856 3957 dolorem
2891 3904 3288 3974 importabilem
3321 3924 3490 3979 gene-

1907 3999 2098 4053 rante;
2131 4004 2380 4045 amamus
2409 3991 2553 4046 enim
2599 3992 2894 4047 miserrimi
2941 4008 3048 4048 non
3080 3995 3259 4051 solum
3292 3999 3486 4054 verbe-

1906 4080 2064 4136 ribus
2092 4090 2142 4136 et
2175 4081 2619 4139 homicidialibus
2648 4084 2872 4156 organis
2897 4100 2992 4141 seu
3022 4085 3243 4156 gladiis,
3273 4093 3486 4146 contri-

1907 4174 2132 4230 bullbus
2160 4174 2420 4230 ultionem
2462 4175 2691 4241 inferre,
2733 4176 2777 4230 si
2817 4178 2973 4234 triste
2998 4177 3131 4249 quid
3159 4191 3483 4250 operentur.

1905 4266 1989 4320 vel
2029 4265 2194 4320 etiam
2225 4266 2269 4322 si
2303 4267 2439 4321 nihil
2485 4267 2538 4322 in
2575 4283 2677 4324 nos
2723 4266 3069 4350 delinquant,
3121 4271 3324 4327 invidia
3373 4273 3484 4330 odii

1909 4353 2134 4412 fraterni
2167 4357 2407 4426 detenti;
2441 4374 2631 4414 verum
2665 4359 2831 4414 etiam
2875 4362 3348 4421 incantationibus
3388 4380 3485 4423 eos

227 4455 314 4508 τὸν
345 4453 802 4527 κατεργάζεσθαι,
827 4451 923 4523 τὴν
954 4451 1086 4522 πρὸς
1109 4453 1198 4504 τὸν
1213 4451 1381 4516 πέλας
1400 4452 1632 4525 φυσικὴν
1647 4469 1802 4524 στορ·

1911 4447 2151 4512 inlicere.
2195 4459 2250 4504 et
2297 4450 2580 4507 maleficiis
2622 4452 2912 4523 aliquoties
2971 4454 3258 4522 insectari,
3326 4465 3486 4512 natu-

229 4547 326 4618 γὴν
367 4547 736 4609 ἀπολέσαντες
757 4562 770 4575 ο
809 4546 967 4614 εἰπερ
999 4542 1142 4597 κατά
1181 4544 1384 4597 Μωσέα
1417 4544 1508 4596 τόν
1531 4545 1802 4615 νομογράο

229 4654 340 4708 φον,
370 4639 461 4691 τδν
495 4637 596 4708 τῆς
628 4635 980 4706 φιλαλληλίας
1007 4634 1307 4706 εἰσηγητὴν
1339 4634 1434 4688 καὶ
1457 4634 1799 4701 διδάσκαλον,

230 4729 334 4782 πᾶν
360 4728 497 4792 ζῶον
558 4728 752 4798 ἀγαπᾷ
795 4727 855 4780 τὸ
908 4728 1114 4796 ὅμοιον,
1155 4727 1250 4778 καὶ
1285 4726 1390 4789 πᾶς
1410 4723 1709 4796 »ἄνθρωπος
1742 4725 1803 4779 τδ

229 4819 449 4889 πλησίον
483 4819 653 4874 αὑτοῦ
677 4837 692 4851 ο
727 4821 820 4874 καὶ
849 4819 950 4888 τῆς
974 4818 1114 4888 ὑπὲρ
1138 4818 1355 4871 πάντων
1374 4817 1482 4871 τῶν
1509 4818 1803 4888 δρωμένων

227 4912 354 4981 ἡμῖν
388 4911 686 4978 ἀπολογίας
717 4909 996 4970 παντελῶς
1020 4907 1375 4979 ἐκλαθόμενοι
1399 4923 1412 4936 ⁸
1470 4908 1630 4978 εἴπερ
1661 4906 1805 4961 κατά

231 5000 434 5054 Παῦλον
459 5001 550 5053 τὸν
580 4999 887 5070 νομομαθῆ,
938 4999 1030 5052 τὸν
1085 4998 1265 5068 πάσης
1312 4999 1514 5071 ἀρετῆς
1563 4999 1803 5069 ἐργάτην

229 5094 318 5145 καὶ
345 5096 585 5164 κήρυκα,
615 5091 814 5154 πάντες
840 5089 918 5162 τῷ
941 5090 1036 5143 τοῦ
1069 5089 1306 5161 Χριστοῦ
1337 5089 1804 5161 παραστησόμεθα

231 5182 451 5256 βήματι,
512 5185 669 5248 δίκας
722 5183 938 5246 δικαίας
990 5183 1318 5266 τιννύοντες,
1369 5182 1465 5236 καὶ
1494 5183 1616 5236 κατ’
1643 5180 1802 5248 ἀξίαν

228 5277 332 5329 τῶν
361 5275 617 5348 πράξεων
647 5273 868 5344 ἀγαθῶν
900 5290 956 5326 τε
1003 5273 1100 5326 καὶ
1142 5272 1363 5342 φαύλων
1410 5271 1800 5342 λαμϐάνοντες.

229 5369 334 5422 Καὶ
358 5369 529 5424 ταῦτα
563 5369 661 5432 μὲν
683 5368 757 5432 ὼς
786 5367 1035 5420 λέλεκται
1059 5367 1151 5419 καὶ
1181 5367 1566 5430 πεπίστευται,
1585 5366 1804 5428 πάντως

226 5460 303 5512 ὃτι
321 5463 412 5515 καὶ⁵
433 5463 745 5529 γενήσεται,
764 5459 868 5514 κᾶν
893 5461 1056 5530 ἡμεῖς
1071 5458 1130 5511 οὐ
1159 5456 1478 5528 βουλώμεθα
1503 5456 1660 5529 κακῷ
1679 5474 1803 5510 συνο

227 5544 383 5600 ειδότι
414 5547 618 5618 πληττό
625 5563 797 5616 μενοι.

295 5637 562 5712 Θεόδωρος
587 5637 646 5691 δὲ
673 5637 860 5700 δεινῦς
902 5637 1336 5710 τιμορούμενος,
1372 5639 1466 5692 καὶ
1499 5641 1565 5710 τῇ
1600 5637 1799 5711 βρώσει

227 5725 314 5780 τοῦ
338 5727 635 5785 καυστικοῦ
662 5729 955 5798 φαρμάκου
999 5729 1068 5783 τά
1103 5728 1394 5797 σπλάγχνα
1441 5728 1798 5800 φλεγόμενος,

545 5820 820 5881 ΡΑτιιοι..
866 5820 980 5881 Gn.
1032 5818 1390 5879 LXXXVII.

1909 4540 2008 4594 rali
2046 4543 2194 4597 circa
2239 4543 2551 4612 proximum
2604 4545 2807 4599 amissa
2854 4545 3170 4602 dilectione.
3206 4548 3344 4603 Cum
3397 4565 3490 4605 se-

1880 4631 2150 4687 cundum
2199 4632 2425 4706 Moysen
2461 4635 2596 4705 legis
2631 4635 2983 4704 scriptorem,
3017 4639 3304 4709 mutuique
3335 4654 3490 4694 amo-

1907 4725 1985 4779 ris
2025 4724 2397 4780 institutorem
2429 4735 2482 4781 et
2511 4737 2931 4798 praceptorem,
2964 4745 3128 4786 omne
3163 4731 3366 4785 animal
3402 4734 3490 4788 di-

1909 4816 2039 4886 ligat
2073 4817 2274 4882 simile,
2317 4827 2370 4872 et
2409 4821 2591 4874 omnis
2628 4818 2794 4876 homo
2837 4821 3147 4890 proximum
3184 4838 3343 4879 suum
3374 4839 3389 4876 :
3434 4837 3488 4879 ct

1907 4908 2200 4966 reddenda:
2246 4909 2481 4966 rationis
2531 4927 2631 4981 pro
2680 4911 2940 4966 omnibus
2985 4928 3110 4982 qua:
3156 4919 3426 4985 geruntur
3455 4931 3483 4968 τι

1907 4999 2068 5054 nobis
2115 5000 2294 5065 obliti,
2347 4997 2473 5055 cuin
2517 5001 2674 5071 juxta
2717 5001 2945 5056 Paulum
2998 5002 3131 5074 legis
3181 5005 3484 5071 doctorem,

1908 5091 2201 5161 omnisque
2247 5093 2472 5149 virtutis
2549 5102 2896 5167 operatorem
2946 5103 3001 5150 et
3046 5096 3484 5166 prardicatorem,

1908 5198 2102 5238 omnes
2132 5183 2338 5240 Christi
2368 5185 2664 5241 exhibendi
2699 5187 2876 5243 simus
2921 5196 3050 5244 ante
3077 5190 3338 5255 tribunal,
3371 5207 3489 5262 po:-

1909 5290 2012 5331 nas
2045 5277 2414 5341 exsolveutcs,
2439 5289 2493 5331 et
2525 5276 2832 5332 secundum
2863 5288 3086 5334 actuum
3118 5283 3331 5339 merita.
3371 5286 3490 5338 sive

1907 5365 2050 5420 bona
2093 5365 2209 5422 sive
2244 5369 2381 5420 mala
2424 5368 2774 5438 recipientes.
2808 5367 2867 5421 Et
2905 5369 3127 5439 quidem
3159 5371 3276 5427 lucc
3307 5382 3364 5426 ut
3402 5372 3487 5427 di-

1906 5468 1994 5512 cta
2029 5466 2084 5514 et
2129 5461 2336 5514 credita
2383 5468 2530 5526 sunt,
2591 5459 2780 5531 procul
2827 5460 2992 5514 dubio
3020 5460 3184 5527 lient;
3230 5465 3354 5520 licet
3383 5478 3486 5520 nos

1907 5547 2048 5602 forte
2079 5548 2340 5614 nolimus,
2376 5551 2715 5605 conscientia
2749 5563 2858 5605 non
2887 5549 3030 5606 bona
3056 5555 3317 5622 perculsi.

1978 5638 2300 5696 Theodorus
2333 5653 2512 5696 autem
2541 5659 2667 5697 cum
2703 5645 3010 5714 puniretur,
3045 5656 3100 5700 et
3129 5645 3248 5715 ejus
3274 5648 3484 5705 viscera

1908 5732 2205 5789 lncensorii
2243 5733 2494 5788 malelicii
2521 5735 2858 5791 comestione
2887 5734 3380 5806 inﬂammarentur,
3415 5743 3484 5799 ad

3049 5829 3164 5892 110
