3934 6308
226 293 366 361 3501

709 478 823 534 νοῦ
855 481 976 534 ἀπὸ
1011 478 1308 550 ὀμμάτων)

301 574 397 636 El;
418 572 581 644 μέσον
610 572 706 625 καὶ
739 570 832 625 νῦν
866 572 895 625 ὁ
927 572 1215 642 Νεμεσὶων
1256 573 1367 626 τῶν
1396 574 1657 628 ἰαθέντων
1679 574 1805 642 ἐλή-

224 658 379 730 λυθε,
404 663 670 717 Φωτεινού
735 663 833 733 μὲν
864 663 1226 732 ἀπαγγέλλων
1257 664 1353 735 τὴν
1404 666 1571 729 ἴασιν,
1610 664 1804 718 ἑαυτοῦ

228 758 285 812 δὲ
310 756 484 828 δηλῶν
509 756 569 808 τὸ
592 755 812 809 ἀνίατον
835 772 849 787 ο
877 756 972 809 καὶ
1003 756 1113 809 τῶν
1167 757 1266 826 μὲν
1298 756 1466 826 ἁγίων
1511 755 1806 827 κηρύσσων

227 849 329 918 τὴν
385 847 634 916 δύναμιν,
686 845 881 901 ἑαυτοῦ
946 847 1004 900 δὲ
1049 848 1268 917 μηνύων
1310 849 1409 918 τὴν
1457 851 1672 903 ἄνοιαν·
1713 849 1807 901 καὶ

225 940 433 1011 ταύτην
499 939 640 1010 τάχα
713 939 1060 1010 μεμφόμενος
1141 940 1216 1004 ὼς
1284 943 1385 1010 τῆς
1462 932 1807 1014 μαρτυρικῆς

226 1031 375 1102 αὐτῷ
455 1031 755 1101 γενομένην
822 1032 1046 1102 ἀρωγῆς
1102 1034 1551 1105 παρεμπόδισμα.
1620 1033 1804 1099 Δέξω-

230 1138 330 1193 μεν
350 1121 406 1174 δὲ
437 1122 531 1174 καὶ
556 1120 627 1174 τὰ
674 1121 795 1179 κατ’
842 1122 1005 1175 αὑτὸν
1032 1122 1106 1187 ὡς
1162 1124 1441 1195 ὲμάθομεν
1462 1142 1476 1158 ·
1522 1125 1669 1179 ἔστιν
1696 1125 1806 1197 γὰρ

224 1215 327 1266 οὐκ
359 1211 642 1283 ἀνω·ρε).ὴς
667 1216 700 1284 ἠ
732 1213 1005 1284 διήγησις,
1031 1213 1133 1268 κᾶν
1163 1215 1313 1286 αὐτῷ
1342 1217 1566 1286 γέγονεν
1593 1219 1805 1287 ἀνωῳε-

224 1305 322 1375 λης
351 1307 385 1375 ἡ
417 1306 551 1376 πρὸς
597 1309 725 1368 τοὺς
772 1306 1056 1379 μάρτυρας
1113 1307 1347 1373 ἔλευσις.
1386 1306 1481 1373 Εἷς
1522 1310 1613 1365 καὶ
1647 1304 1806 1374 οὗτος

223 1396 336 1449 τῶν
391 1397 449 1448 ἐν
496 1395 638 1450 τέλει
688 1396 955 1469 λαμπρῶν
982 1399 1331 1472 ἐγνωρῐζετο,
1374 1402 1476 1455 οὐκ
1511 1401 1637 1474 ἀξίᾳ
1668 1401 1804 1473 μόνῃ

224 1487 620 1558 κοσμούμενος,
647 1487 783 1542 ἀλλὰ
814 1490 906 1542 καὶ
936 1489 1150 1561 πλούτῳ
1185 1492 1579 1562 γαυρούμενος,
1610 1492 1700 1546 καὶ
1734 1495 1801 1564 τῇ

224 1581 354 1650 περὶ
399 1580 631 1634 πλοῦτον
688 1579 922 1653 ρεομένῃ
974 1582 1331 1654 φαιδρότητιο
1366 1585 1709 1638 ἐπλεονέκτει
1743 1585 1802 1639 δὲ

220 1670 330 1724 τῶν
361 1670 544 1740 μόνοις
569 1670 943 1725 πλουτούντων
986 1675 1101 1736 τοῖς
1132 1675 1401 1745 χρήμασι,
1438 1676 1602 1747 σοφίᾳ
1627 1675 1802 1745 λόγων

237 1760 562 1835 Ἑλληνικῶν
582 1762 1032 1834 σπουδαζομένοις
1061 1764 1451 1836 στομύλμασιν.

289 1941 393 1999 Ὧν
415 1947 658 2016 ἐνεγκεῖν
682 1948 743 2001 ού
783 1947 1028 2019 δυνηθεὶς
1045 1949 1144 2022 τὴν
1176 1951 1453 2019 ἀπόνοιαν,
1487 1953 1583 2008 καὶ
1607 1954 1676 2009 τὰ
1704 1953 1803 2027 τὴν

224 2039 396 2109 φρένα
452 2039 787 2103 κολπούντας
841 2043 1159 2113 φυσήματα,
1212 2045 1352 2099 κατά
1379 2045 1474 2099 τού
1518 2046 1628 2101 τῶν
1665 2048 1803 2103 ὅλων

222 2127 385 2189 Θεοῦ.
413 2129 706 2199 Γραφικῶς
758 2133 953 2199 εἰπεῖν,
985 2134 1413 2206 ὲτραχηλίασεν·
1447 2137 1539 2190 καὶ
1573 2138 1796 2192 πάντων

222 2221 389 2274 αὐτοῦ
417 2220 527 2275 τῶν
556 2224 800 2293 γενητῶν
851 2226 974 2278 ὅσον
1019 2226 1082 2278 τὸ
1113 2229 1202 2280 ἐπ’
1241 2227 1391 2299 αύτῷ
1434 2230 1671 2300 συλήσας
1696 2232 1801 2306 τὴν

220 2313 527 2393 πρόνοιαν,
596 2314 823 2387 ἀστρώᾳ
898 2318 1114 2388 κινήσει
1173 2320 1381 2392 ταύτην
1437 2321 1798 2395 προσέφερεν,

221 2406 314 2458 καὶ
346 2408 465 2469 τοῖς
492 2408 555 2458 ἐκ
585 2407 790 2478 ταύτης
814 2408 928 2463 ἀλλ’
959 2409 1046 2462 ἐπ’
1075 2409 1259 2475 ἄλλοις
1287 2411 1647 2482 συμϐαίνουσι
1671 2417 1803 2485 σχή-

223 2515 355 2567 μασι
394 2499 461 2553 τὰ
494 2497 617 2553 καθ’
656 2501 803 2571 ἡμᾶς
828 2501 1066 2572 ἀνῆπτεν
1092 2505 1120 2556 ὁ
1148 2504 1332 2585 ἄθλιος
1355 2522 1369 2537 ι
1405 2504 1623 2569 δούλους
1651 2507 1823 2579 ἠμᾶςκ

220 2590 341 2654 τοὺς
393 2589 575 2662 ψυχῆς
629 2595 723 2647 καὶ
771 2591 930 2662 λόγου
981 2593 1309 2666 μετέχοντας
1336 2598 1428 2650 καὶ
1467 2598 1589 2663 κατ’
1616 2598 1801 2653 εἰκόνα

224 2682 543 2745 κτισθέντας
590 2682 686 2736 τοῦ
734 2684 1053 2748 κτίσαντοςο
1117 2686 1418 2761 καὶταύτῃ
1466 2689 1804 2761 τιμηθέντας

223 2773 505 2846 ἐλευθερίᾳ
526 2772 751 2847 γνώμης
773 2778 868 2829 καὶ
899 2777 1094 2848 βουλῆς
1137 2780 1578 2854 αὑτεξουσιὸτητι
1609 2799 1623 2814 ο
1662 2783 1803 2854 ἀψύ-

222 2883 329 2937 χων
358 2866 499 2937 ὁμοῦ
534 2868 630 2921 καὶ
643 2867 804 2936 λόγου
832 2872 1178 2940 χηρευόντων
1212 2872 1479 2944 ἀστέρων,
1509 2875 1603 2927 καὶ
1621 2875 1803 2947 πάσης

223 2956 596 3028 ἁμοιρούντων
647 2959 953 3030 αἰσθήσεως
1000 2962 1096 3014 καὶ
1136 2961 1466 3032 βουλήσεως,
1522 2965 1631 3019 τῶν
1675 2966 1802 3022 δου-

223 3047 398 3102 λεύειν
428 3050 740 3119 ταχθέντων
763 3052 1072 3108 τούναντίον
1101 3057 1216 3118 τοῖς
1245 3056 1337 3111 ἐπὶ
1362 3058 1467 3128 γῆς
1496 3059 1591 3111 καὶ
1613 3058 1800 3127 θείοις,

222 3143 257 3214 ἢ
280 3135 353 3197 ὧν
386 3142 637 3198 αἰδοῦντο
667 3147 1053 3216 προστάγμασι
1073 3164 1086 3177 ’
1121 3149 1215 3201 καὶ
1238 3151 1613 3221 σημαινόντων
1641 3153 1803 3223 μόνον

225 3236 317 3291 καὶ
339 3237 534 3308 χρόνον
568 3237 633 3290 τὰ
656 3239 939 3311 τμήματα,
969 3240 1145 3312 ἀέρων
1173 3245 1383 3314 τροπὰς
1404 3244 1477 3310 ὡς
1505 3247 1532 3298 ὁ
1564 3246 1631 3300 δι’
1658 3248 1804 3318 ἡμᾶς

226 3330 414 3395 κτίσας
438 3331 581 3386 αύτά
626 3332 758 3397 θεὸς
805 3333 1107 3400 διετάξατο.
1155 3336 1326 3405 Φησὶν
1361 3336 1470 3407 γὰρ
1501 3336 1530 3390 ὅ
1567 3336 1665 3407 τῆς
1692 3338 1803 3391 τῶν

224 3423 355 3476 ὅλων
381 3422 656 3492 γενέσεως
688 3426 1039 3494 συγγραφεὺς
1078 3429 1173 3480 καὶ
1208 3427 1529 3490 διδάσκαλος
1557 3428 1656 3499 τὴν
1686 3427 1804 3481 τού-

225 3531 330 3569 των
354 3514 575 3583 ποίησιν
606 3515 992 3586 ἐξηγούμενος
1020 3535 1037 3569 ι
1065 3517 1175 3571 Καὶ
1203 3512 1354 3571 εἶπεν
1382 3520 1410 3572 ὁ
1441 3518 1604 3583 Θεός·
1634 3521 1673 3572 Γ
1676 3536 1803 3589 ενη-

228 3605 479 3678 θήτωσαν
512 3607 801 3678 φωστῆρες
831 3609 889 3660 ἐν
936 3608 1016 3679 τῷ
1047 3609 1390 3681 στερεὼματι
1417 3609 1512 3665 τοῦ
1537 3610 1797 3681 ούρανοῦ,

225 3699 303 3760 εἰς
336 3697 538 3766 ψαῦσιν
563 3698 657 3751 ἐπὶ
716 3696 812 3768 τῆς
850 3698 954 3767 γῆς
991 3697 1084 3751 τοῦ
1118 3699 1466 3770 διαχωρίζειν
1506 3699 1609 3753 ἀνὰ
1639 3698 1804 3769 μέσον

190 3782 193 3785 ’
224 3786 320 3855 τῆς
351 3786 571 3852 νυκτὸς,
597 3786 690 3841 καὶ
714 3784 955 3840 ἔστωσαν
979 3787 1057 3852 εἰς
1078 3792 1297 3858 σημεῖα,
1319 3789 1412 3842 καὶ
1441 3789 1520 3853 εἰς
1551 3790 1800 3862 καιροὺς,

226 3880 317 3932 καὶ
345 3880 423 3942 el;
451 3878 688 3950 ἡμέρας,
719 3878 815 3931 καὶ
842 3879 924 3942 εἰς
971 3878 1251 3943 ἐνιαυτούς
1272 3896 1286 3911 ·
1316 3882 1412 3934 καὶ
1448 3880 1692 3935 ἔστωσαν
1722 3884 1803 3947 εἰς

226 3973 422 4043 φαῦσιν
463 3975 520 4025 ὲν
543 3971 622 4043 τῷ
654 3971 997 4044 στερεώματι
1042 3972 1135 4026 τοῦ
1185 3973 1441 4044 ούρανοῦ,
1480 3974 1622 4029 ὥστε
1677 3975 1804 4045 φαί-

224 4082 335 4119 νειν
364 4065 458 4118 ἐπὶ
485 4064 583 4133 τῆς
629 4064 733 4135 γῆς
757 4081 772 4095 ο
808 4084 826 4117 ι
861 4065 954 4118 καὶ
987 4064 1208 4132 ἐγένετο
1247 4063 1442 4130 οὕτως.
1481 4067 1593 4120 Καὶ
1648 4067 1802 4121 οὖπω

222 4156 477 4211 τοσοῦτον
500 4157 690 4210 τοῦτον
741 4156 932 4218 δεινὸν,
991 4157 1129 4211 ἀλλά
1192 4159 1287 4212 καὶ
1327 4159 1388 4212 τὸ
1425 4159 1617 4213 τούτου
1663 4160 1799 4216 πολὺ

223 4251 604 4321 χαλεπὸτερον
627 4264 640 4278 ·
670 4249 917 4320 ἀστέρων
948 4251 1054 4320 γὰρ
1087 4254 1492 4321 σχηματισμοῖς
1525 4251 1621 4305 καὶ
1648 4252 1803 4323 κινη-

227 4343 455 4397 σεσιτδν
477 4342 693 4396 πάντων
731 4341 869 4413 ἔχων
922 4342 1145 4414 κτίστην
1174 4343 1493 4396 δουλεύοντα
1533 4345 1802 4415 παράγειν

1201 302 1306 361 SS.
1347 301 1522 361 CYRI
1564 301 1660 360 ET
1690 297 2013 360 JOANN'IS
2052 301 2471 362 MIRACULA.

228 412 364 471 KH’.
394 408 535 480 Περὶ
573 397 950 480 Νειιεσίῳνος
981 410 1098 465 ἀπὸ
1131 412 1427 480 ἐπάρχων,
1462 411 1561 466 καὶ
1596 414 1803 465 Φωτει-
1833 412 1878 468 Α

3336 315 3396 377 3Σ
3409 312 3480 379 02

2011 410 2249 467 XXVI”.
2303 410 2375 466 De
2408 410 2719 467 Ncmcsione
2745 416 3058 486 cxpra’fecto
3084 426 3133 473 et
3163 418 3391 479 Pltotino

2589 501 2747 537 (ωσι).

1977 574 2031 628 In
2082 575 2319 629 medium
2364 577 2523 630 etiam
2568 593 2714 634 nunc
2743 594 2938 635 eorum
2981 583 3076 653 qui
3131 589 3308 640 sanati
3348 592 3481 645 sunt

1908 663 2163 721 Nemesin
2238 667 2408 732 venit,
2452 663 2673 743 Photipi
2715 670 2934 739 quidem
2965 679 3335 743 pronuntians
3388 689 3482 735 sa:-

1908 759 2162 823 nitatcm,
2214 775 2371 814 suam
2419 776 2549 816 rcro
2596 763 2918 833 signiﬁcans
2954 767 3319 826 insanabilem
3352 778 3482 843 pas;

1909 848 2144 914 sionem,
2223 861 2654 923 sanctorumque
2727 855 2981 913 virtutem
3046 862 3378 929 praedicans.
3429 880 3484 922 et

1910 941 2201 994 amentiam
2250 958 2405 995 suam
2445 944 2756 1010 insinuans,
2802 962 2908 1018 qua
2961 949 3100 1006 forte
3152 960 3485 1022 querebatur

1908 1032 2065 1100 quasi
2117 1033 2394 1103 martyrici
2445 1034 2549 1088 sibi
2595 1033 2761 1090 fuerit
2790 1034 2996 1092 factum
3050 1040 3350 1111 juvaminis
3399 1047 3482 1102 of-

1908 1123 2263 1179 l'endiculum.
2324 1125 2581 1182 Dicamus
2638 1137 2819 1185 autem
2871 1139 2927 1185 et
2980 1149 3102 1201 quae
3160 1136 3309 1191 circa
3359 1157 3483 1195 enm

1907 1224 2057 1286 gesta
2082 1224 2234 1279 sunt,
2269 1214 2415 1269 sicut
2459 1217 2773 1276 didicimus.
2819 1219 2916 1276 Est
2947 1224 3092 1278 enim
3127 1241 3236 1281 non
3270 1230 3483 1284 inutilis

1907 1307 2202 1369 enarratio,
2234 1305 2364 1362 licet
2400 1308 2447 1361 ei
2478 1324 2615 1366 suus
2650 1311 2717 1365 ad
2766 1321 3033 1385 martyres
3081 1314 3261 1376 iactus
3291 1323 3363 1377 sit
3393 1327 3487 1377 ad-

1906 1407 2102 1453 ventus
2134 1399 2372 1459 inutilis.
2409 1398 2563 1456 Unus
2589 1408 2642 1455 ct
2679 1403 2783 1455 istc
2811 1415 2875 1455 ex
2904 1402 2991 1458 his
3024 1406 3117 1473 qui
3150 1408 3294 1462 inter
3331 1412 3486 1480 prin-

1905 1484 2058 1555 cipcs
2091 1485 2225 1541 clari
2275 1486 2640 1552 habebantur,
2677 1488 2947 1544 exsistere
2981 1492 3339 1560 probabatur,
3374 1516 3480 1552 mm

1906 1576 2021 1630 sola
2046 1576 2313 1647 dignitate
2340 1585 2593 1641 ornatus,
2622 1577 2719 1631 sed
2747 1586 2801 1633 et
2834 1577 3047 1637 divitiis
3076 1591 3131 1637 et
3163 1585 3362 1641 decore
3390 1591 3483 1655 qni

1905 1668 2048 1722 circa
2076 1668 2299 1723 divitias
2330 1667 2500 1723 allluit
2531 1668 2811 1735 elevatus;
2847 1674 3145 1742 superabat
3171 1685 3353 1733 autem
3378 1695 3476 1735 eos

1834 1772 1879 1831 Β
1908 1760 1999 1830 qui
2036 1760 2139 1815 soli
2172 1760 2469 1831 locupletes
2500 1772 2652 1827 sunt,
2683 1764 2933 1831 pecuniis
2965 1768 3347 1841 sapientiaque
3375 1788 3488 1828 scr-

1904 1867 2128 1907 monum
2147 1852 2657 1924 gentilinm,etqua:
2681 1870 2747 1910 ex
2779 1855 2865 1913 his
2895 1859 3185 1916 studeatur
3203 1866 3483 1923 versuti‘s.

1975 1943 2222 2012 Quorum
2274 1945 2601 2015 jactantiam
2656 1956 2712 2003 ct
2740 1949 3017 2006 elevantes
3053 1969 3276 2011 sensum
3330 1957 3487 2012 infla-

1901 2035 2103 2103 tiones,
2166 2034 2311 2091 ferre
2368 2052 2478 2090 non
2530 2038 2743 2103 valens,
2790 2041 3056 2097 adversus
3096 2047 3483 2104 universorum

1902 2124 2099 2191 Deum,
2131 2134 2190 2181 ut
2214 2127 2517 2182 secundum
2551 2126 2889 2197 Scripturam
2918 2129 3209 2200 fateamur,
3236 2135 3479 2191 elevatus

1902 2229 2007 2280 εει,
2036 2226 2092 2273 et
2140 2219 2384 2274 omnium
2430 2227 2808 2275 creaturarum
2830 2223 2952 2293 ejus
3008 2236 3273 2294 quantum
3322 2230 3375 2282 in
3421 2246 3481 2286 se

1902 2318 2021 2366 erat
2068 2312 2404 2367 subtrahens
2442 2313 2865 2382 providentiam,
2920 2318 3131 2372 stellari
3179 2320 3321 2376 hanc
3365 2338 3483 2377 mo—

1902 2403 1981 2458 tui
2032 2402 2331 2471 oll‘erebat;
2369 2413 2425 2460 et
2478 2406 2868 2463 accedentibus
2922 2410 3338 2469 babitudinibus
3360 2431 3484 2485 qum

1901 2509 1968 2551 ex
2010 2498 2131 2565 ipso
2174 2508 2570 2567 nonnunquam
2594 2499 2736 2564 istis,
2771 2515 3165 2572 nonnunquam
3196 2505 3319 2562 aliis
3349 2523 3484 2576 pro-

1903 2587 2156 2652 veniunt,
2213 2599 2402 2644 nostra
2453 2604 2686 2659 quaeque
2748 2591 3091 2649 miserrimus
3147 2597 3481 2667 applicabat,

1904 2694 2097 2735 servos
2125 2695 2224 2735 nos
2257 2677 2468 2743 faciens
2505 2680 2599 2752 qui
2630 2681 2829 2737 anima:
2856 2699 3044 2740 sumus
3070 2686 3321 2743 clatioris
3351 2704 3481 2759 par-

1905 2771 2126 2842 ticipes,
2184 2770 2250 2827 ad
2286 2772 2692 2843 imaginemque
2745 2775 2917 2829 creati
2970 2779 3234 2853 creantis,
3285 2789 3338 2834 et
3390 2797 3487 2849 per

1904 2860 2051 2914 hanc
2089 2859 2344 2913 honorati
2386 2862 2640 2916 libertate
2688 2862 3010 2931 voluntatis,
3063 2875 3116 2920 et
3147 2868 3487 2939 proprietate

1905 2953 2148 3020 arbitrii,
2174 2953 2350 3010 stellis
2389 2953 2783 3010 inanimalibus
2813 2957 3211 3015 exsistentibus
3242 2964 3487 3017 ratione-

1908 3061 2016 3116 quc
2046 3045 2387 3110 carentibus,
2437 3054 2602 3116 atque
2638 3047 2788 3101 omni
2820 3063 2986 3102 sensu
3020 3057 3076 3103 et
3106 3060 3257 3105 motu
3292 3053 3487 3107 νυιυιι-

1828 3115 1873 3175 (ἶ
1907 3115 2047 3191 tario
2081 3135 2400 3203 destitutis;
2443 3151 2566 3206 qua:
2592 3139 2772 3207 pctius
2801 3152 2831 3192 ε
2863 3146 3055 3195 contra
3081 3143 3292 3198 servire
3316 3141 3488 3213 juss'ze

1906 3236 2036 3285 sunt
2102 3228 2189 3284 his
2242 3229 2335 3299 qui
2386 3234 2518 3284 sunt
2564 3245 2730 3300 super
2783 3240 3012 3299 terram,
3064 3240 3119 3289 et
3170 3250 3268 3305 per
3304 3236 3489 3293 divina

1903 3321 2068 3377 nobis
2129 3321 2454 3376 illucescere
2499 3328 2554 3377 et
2592 3337 2859 3393 apparere
2886 3336 3181 3396 praecepta,
3213 3337 3269 3383 et
3305 3330 3484 3400 signi-

1907 3415 2076 3469 ﬁcare
2142 3422 2353 3468 tantum
2403 3428 2594 3469 eorum
2655 3417 3011 3483 mutationes,
3057 3433 3122 3473 ac
3174 3428 3486 3489 temporum

1904 3511 2389 3584 participationes,
2455 3511 2921 3580 quemadmodum
2990 3511 3132 3571 Deus
3208 3514 3489 3586 disposuit

1904 3601 1997 3672 Qui
2036 3616 2131 3655 eas
2177 3610 2401 3670 propter
2454 3614 2556 3655 nos
2599 3600 2847 3655 condidit
2906 3601 2998 3656 Ait
3047 3605 3193 3657 enim
3238 3606 3485 3659 ouminm

1904 3676 2212 3747 nativitatis
2263 3690 2572 3760 deseriptor
2619 3698 2785 3761 atque
2833 3693 3118 3762 magister,
3164 3694 3357 3749 horum
3404 3694 3482 3749 fa"-

1908 3796 2123 3841 ctnram
2170 3799 2442 3841 enarrans
2485 3802 2503 3835 ι
2533 3782 2600 3838 Et
2627 3785 2765 3840 dixit
2796 3784 2974 3841 Deus:
3002 3786 3161 3841 Fiant
3192 3787 3485 3844 luminaria

1888 3877 1960 3933 in
2005 3876 2351 3931 ﬁrmamento
2397 3875 2545 3942 ('(Bli,
2591 3883 2649 3930 ut
2691 3875 2915 3931 luceant
2958 3892 3123 3947 super
3164 3885 3394 3943 terram,
3428 3888 3486 3934 et

1905 3967 2153 4022 dividant
2182 3967 2325 4021 inter
2370 3965 2514 4021 diem
2560 3981 2615 4023 et
2647 3975 2886 4032 noctem,
2919 3975 2975 4022 et
3010 3969 3121 4023 sint
3160 3971 3215 4023 in
3248 3970 3404 4041 signa
3430 3980 3487 4026 et

1905 4069 2149 4130 tempora
2182 4066 2237 4114 et
2267 4058 2385 4113 dies
2411 4067 2466 4113 et
2504 4073 2701 4125 annos,
2737 4066 2792 4113 et
2841 4058 2955 4114 sint
2988 4059 3044 4113 in
3077 4059 3254 4116 lucem
3299 4062 3353 4115 in
3391 4063 3486 4117 tir-

1904 4159 2183 4204 mamento
2218 4149 2367 4215 cmli,
2423 4159 2478 4204 et
2514 4150 2827 4204 illuminent
2881 4157 3118 4218 terram;
3169 4157 3224 4208 et
3272 4152 3481 4209 factum

1904 4251 1989 4296 est
2021 4241 2117 4294 ita.
2158 4258 2177 4292 ι
2213 4238 2282 4295 Et
2318 4240 2497 4295 adhuc
2529 4257 2638 4296 non
2666 4242 2843 4297 solum
2884 4241 2988 4297 hoc
3019 4251 3232 4299 tantum
3251 4246 3481 4310 malum,

1905 4336 2000 4390 sed
2034 4333 2183 4405 quod
2224 4342 2310 4391 est
2351 4342 2405 4389 et
2445 4335 2622 4391 nmlto
2671 4336 2871 4390 saevius
2901 4347 2954 4391 et
2994 4338 3297 4404 crudelius,
3350 4341 3484 4395 stel-

223 4435 370 4505 ἠμᾶς
398 4433 615 4504 ἐφρόνει
646 4498 649 4499 ν
673 4433 811 4505 πρὸς
850 4433 1084 4502 γένεσιν.
1131 4435 1415 4507 Τοσαύτην
1444 4436 1553 4507 γὰρ
1578 4438 1724 4508 ἡμᾶς
1751 4439 1800 4492 οἱ

1909 4429 2083 4483 larum
2131 4426 2546 4482 habitudinibus
2588 4442 2653 4481 ac
2698 4428 2941 4483 motibus
2989 4430 3235 4484 omnium
3271 4441 3486 4487 creato-

224 4526 587 4596 ἀστρομανεῖς
613 4526 914 4595 παρασχεῖν
958 4523 1055 4595 τὴν
1102 4524 1254 4596 ἰσχὺν
1283 4526 1656 4596 ἐπειράθησαν
1675 4567 1689 4593 ,
1725 4526 1804 4592 ὡς

228 4617 302 4687 μὴ
362 4618 524 4687 μόνον
578 4616 885 4686 ἀνθρώπων
915 4616 1010 4670 καὶ¹
1063 4615 1284 4670 πάντων
1317 4620 1543 4688 κρατεῖν
1573 4617 1683 4671 τῶν
1709 4620 1803 4672 ἐπὶ

224 4709 346 4778 γῆς,
376 4709 425 4761 οἱ
452 4709 546 4762 καὶ
570 4707 681 4763 τῶν
708 4708 955 4779 ἀστέρων
974 4707 1125 4770 ὄντες
1146 4706 1621 4778 ἀναισθητότεροι·
1663 4710 1803 4764 ἀλλὰ

225 4802 319 4852 καὶ
343 4800 479 4854 Θεοῦ
512 4799 606 4854 τοῦ
629 4800 689 4853 τδ
741 4801 848 4853 πᾶν
876 4798 1280 4869 σχεδιάσαντος,
1320 4802 1416 4855 καὶ
1441 4803 1587 4872 μόνῳ
1617 4801 1803 4857 κελεύ-

228 4907 393 4962 σματι
421 4892 556 4963 πρὸς
584 4891 647 4946 τὸ
671 4887 810 4945 εἶναι
838 4890 898 4944 τὸ
933 4891 1007 4962 μὴ
1044 4890 1103 4944 ὃν
1130 4892 1591 4962 παρενέγκαντος.

1905 4535 2022 4575 rem
2049 4519 2262 4574 servire
2307 4518 2588 4581 credebat,
2627 4528 2678 4573 ct
2714 4519 3017 4588 perducere
3047 4535 3150 4577 nos
3182 4521 3272 4594 (ad
3317 4538 3486 4595 gene-

1906 4611 2034 4683 sim)
2069 4609 2338 4682 sapiebat.
2371 4609 2604 4664 Tantam
2640 4613 2840 4681 quippc
2895 4611 3005 4669 illis
3034 4613 3240 4685 lti,‘qni
3276 4616 3331 4671 in
3364 4617 3489 4671 stel-

1903 4702 1972 4758 lis
2018 4702 2327 4765 insaninnt,
2381 4701 2762 4756 fortitudinem
2818 4702 3061 4773 prazhetc
3097 4706 3283 4760 conati
3332 4718 3484 4772 sunt,

1905 4803 1966 4850 ut
2010 4810 2118 4849 non
2159 4795 2311 4850 solos
2359 4793 2608 4848 homines
2646 4802 2701 4848 et
2744 4796 2929 4848 omnia
2987 4811 3108 4864 quae
3150 4805 3281 4852 sunt
3320 4809 3487 4869 supra

1905 4899 2106 4946 terram
2144 4887 2214 4942 ab
2271 4886 2352 4942 eis
2407 4886 2692 4955 imperari,
2735 4885 2773 4940 ii
2815 4886 2907 4957 qui
2950 4888 3113 4943 etiam
3145 4890 3321 4946 stellis
3352 4891 3489 4960 ipsis

226 4997 351 5039 vere
383 4983 817 5040 insensibiliorcs
858 4984 1158 5047 exsistunt,
1227 4985 1322 5040 sed
1370 4996 1429 5039 ut
1466 4988 1632 5042 Deum
1702 4985 1874 5041 teneri
1915 4985 2206 5040 crederent
2250 4980 2342 5049 qui
2388 4977 2799 5034 universitatem
2850 4981 3180 5052 compendio
3224 4981 3374 5048 fecit,
3435 4990 3490 5039 et

228 5078 342 5134 sola
368 5078 618 5148 jussione
656 5085 714 5131 ut
739 5085 884 5134 esset
916 5077 1061 5144 quod
1098 5093 1205 5133 non
1234 5089 1353 5134 erat
1374 5078 1585 5133 eduxit.

295 5167 438 5221 Ἀλλ’
465 5169 653 5239 ὀἱμὲν
681 5167 778 5239 τῆς
812 5170 1008 5238 μανίας
1034 5169 1238 5242 ταύτης
1266 5170 1486 5243 εὐρέται
1528 5171 1622 5225 καὶ
1664 5187 1803 5241 προ-

229 5260 421 5314 στάται
455 5263 756 5332 γενόμενοι,
780 5261 880 5315 οὐκ
907 5263 986 5324 εἰς
1015 5262 1232 5336 μακρὰν
1258 5262 1358 5332 τῆς
1383 5261 1590 5325 οἰκείας
1615 5261 1804 5325 ἀοεῖας

228 5351 327 5423 τὴν
357 5352 512 5424 δίκην
539 5354 865 5424 εὑρήσουσιν
886 5395 901 5419 ,
933 5355 1026 5407 καὶ
1052 5353 1309 5407 τοσοῦτον
1342 5351 1679 5424 δριμυτέραν
1710 5354 1806 5407 καὶ

233 5444 473 5515 μείζονα.
502 5446 626 5502 ὅσον
658 5448 752 5500 καὶ
796 5446 905 5499 τῶν
934 5447 1214 5517 ἑπομένων
1260 5447 1446 5509 αὐτοῖς
1494 5445 1557 5498 τὸ
1602 5444 1807 5515 πλῆθος

232 5536 551 5596 ἐκτείνεται.
580 5537 796 5592 Τούτων
827 5537 935 5609 γὰρ
964 5540 1021 5592 αἱ
1044 5539 1310 5610 ἁμαρτίαι
1337 5537 1639 5607 ὑπάρχουσι
1670 5537 1805 5606 πρό-

229 5627 398 5699 δηλοι,
420 5633 514 5684 καὶ
529 5630 739 5694 τούτοις
763 5630 1172 5693 ἐπακολουθεῖν,
1196 5628 1341 5683 κατά
1356 5629 1447 5682 τὸν
1471 5627 1614 5682 θεῖον
1642 5627 1802 5683 Ἀπό-

204 5719 439 5790 ὀτολοιη
469 5723 690 5787 εἰκότως
715 5723 779 5776 ἂν
822 5720 1083 5791 λέγοιντο,
1116 5722 1201 5777 διὰ
1244 5724 1344 5790 τὴν
1390 5718 1641 5791 προφανῆ
1693 5718 1801 5772 τῶν

1982 5161 2186 5216 Verum
2232 5156 2324 5229 qui
2375 5155 2543 5226 hujus
2583 5155 2901 5213 inventores
2941 5166 2995 5212 et
3032 5166 3287 5215 auctores
3335 5173 3489 5227 vesa-

1909 5255 2015 5309 nia:
2067 5250 2201 5306 facti
2258 5256 2409 5313 sunt,
2453 5264 2562 5303 non
2612 5248 2833 5319 longius
2874 5251 3174 5320 impietatis
3222 5265 3338 5307 sum
3374 5266 3492 5321 pa:-

1912 5362 2035 5401 nam
2068 5345 2371 5408 invenient,
2403 5350 2459 5397 ct
2499 5350 2654 5395 tanto
2688 5343 2957 5397 acriorem
2992 5350 3157 5412 atque
3202 5343 3491 5412 majorem,

1913 5448 2122 5509 quanto
2163 5436 2330 5491 etiam
2376 5434 2720 5505 sequentium
2781 5435 2903 5490 illos
2945 5436 3258 5491 extenditur
3306 5438 3495 5492 multi-
3580 5430 3584 5436 ’

1914 5530 2070 5585 tudo.
2104 5527 2311 5582 [lorum
2355 5542 2593 5597 namque
2645 5535 2864 5597 peccata
2917 5525 3211 5582 manifesta
3257 5537 3407 5595 sunt,
3436 5538 3489 5586 et

1912 5623 2028 5677 luce
2067 5618 2326 5674 nimirum
2358 5619 2620 5688 subsequi
2648 5618 2958 5674 secundum
2989 5619 3232 5675 divinum
3252 5623 3487 5691 Apos'o-

1913 5715 2029 5791 lum
2083 5725 2325 5783 congrue
2359 5710 2503 5768 dicta
2551 5718 2703 5779 sunt,
2746 5704 2968 5783 propter
3006 5711 3313 5770 evidentem
3364 5724 3490 5785 per-
