4002 6312
464 334 617 411 3503

1302 344 1361 404 S.
1413 339 1828 403 SOPHRONII
1868 324 2371 398 PATRIARCH/E
2420 328 2824 401 HIEROSOL.

3618 332 3767 400 3504

476 463 739 516 ditionem
774 459 1113 531 sequaciuzn.
1159 457 1279 514 bon
1311 458 1456 515 enim
1493 468 1705 513 tantum
1751 455 2050 528 impietatis

2154 454 2272 523 ἐπο,
2302 452 2439 507 ένων
2462 454 2764 509 ἀπώλειαν.
2796 455 2872 507 Οὐ
2906 450 3067 525 μόνον
3096 453 3205 525 γὰρ
3226 452 3416 518 ἁθεῖας
3443 448 3768 524 καθηγηταί.

472 552 694 608 miseris
725 551 836 607 illis
856 549 1035 606 eﬂ'ecti
1060 558 1197 605 sunt
1231 559 1620 620 praeceptores,
1667 563 1856 603 verum
1884 548 2051 601 etiam

473 642 539 697 ad
572 641 849 696 inhianter
896 639 1325 709 delinquendum
1364 647 1496 695 sunt
1533 638 1823 693 monstrati
1867 637 2055 690 detto-

472 749 584 801 res,
618 749 793 802 neque
827 730 998 787 Deum
1033 728 1227 787 adesse
1267 733 1434 787 rebus
1459 730 1734 794 dicentes,
1766 744 1941 799 neque
1962 727 2054 796 ju-

473 826 679 881 diciutn
698 825 815 882 fore
850 837 1076 881 actuum
1104 826 1501 888 concedentes,
1524 824 1620 879 sed
1648 837 1825 892 neque
1856 832 2054 891 sponte

472 926 665 974 nostra
705 918 819 973 lieri
854 934 976 988 quae
1010 934 1105 988 per
1143 917 1483 971 voluntatem
1528 925 1777 971 nostram
1810 912 2054 969 efﬁciun-

473 1026 582 1078 tur,
615 1013 708 1069 sed
740 1028 835 1083 per
880 1013 1159 1067 stcllarem
1200 1011 1539 1064 voluntatem
1574 1018 1628 1062 et
1658 1018 1863 1061 motum
1902 1020 2053 1060 asse-

471 1117 752 1171 verantes,
801 1117 855 1161 et
908 1106 1056 1161 sicut
1115 1103 1281 1173 hujus
1330 1101 1738 1157 insuhstantiva
1796 1105 2053 1169 coegerat

471 1197 756 1253 habitudo.
781 1198 887 1263 Qui
924 1197 1255 1267 quandoque
1299 1196 1423 1265 igne
1458 1195 1550 1263 qui
1599 1209 1707 1248 non
1746 1192 2054 1260 exstingui-

471 1303 581 1354 tur,
614 1298 668 1344 ει
699 1291 792 1359 qui
836 1306 945 1343 non
993 1288 1227 1341 moritur
1283 1288 1505 1355 penitus
1546 1298 1751 1346 verme,
1788 1282 2051 1337 factorem

470 1401 631 1439 suum
674 1393 725 1438 et
779 1381 945 1451 hujus
998 1378 1378 1435 universitatis
1407 1391 1671 1447 geneseos
1704 1382 2050 1445 Operatorem

465 1477 753 1531 erndiente
775 1482 1148 1544 cognoscent;
1180 1470 1441 1541 quoniam
1474 1469 1562 1523 hic
1591 1483 1716 1522 eum
1745 1482 1811 1520 ex
1842 1464 2054 1533 magni-

473 1567 660 1622 tudine
714 1581 780 1621 ae
846 1562 1258 1634 pulchritudine
1307 1568 1688 1615 creaturarum
1742 1553 2049 1611 secundum

465 1660 736 1714 rationem
783 1656 1472 1727 conspicerenoluerttnt,
1525 1666 1704 1720 neque
1734 1648 1913 1703 oculis
1950 1647 2051 1699 ho-

465 1752 674 1806 minum
708 1749 1062 1813 iuvisibilem,
1098 1747 1191 1816 qui
1236 1761 1266 1800 a
1297 1743 1584 1800 creatione
1624 1740 1817 1795 tnundi
1861 1755 1956 1809 per
1985 1753 2048 1792 ea

2161 549 2274 609 τοῖς
2324 547 2529 610 ἀθλίοις
2579 547 2909 615 γεγόνασιν,
2947 545 3084 600 ἀλλὰ
3128 547 3221 600 καὶ
3269 546 3364 600 τοῦ
3411 545 3765 616 πλημμελεῖν

2163 641 2517 711 καταθυμίως
2558 639 2908 694 διδάσκαλον
2965 640 3103 711 μήτε
3137 638 3272 692 Θεὸν
3307 638 3596 708 ἐφεστῶτα
3643 641 3766 701 τοῖς

2164 733 2487 803 πράγμασιν
2517 733 2769 802 λέγοντες
2788 773 2802 794 .
2839 732 2976 804 μήτε
3003 732 3159 800 δίκην
3189 725 3331 785 εἶναι
3369 730 3481 782 τῶν
3518 746 3767 800 πραττο-

2166 824 2344 895 μένων
2388 825 2739 898 παρέχοντες,
2771 826 2910 894 μήτε
2947 824 3052 895 μὴν
3092 823 3307 878 οἴκοθεν
3349 822 3484 893 δρᾷν
3513 824 3583 874 τὲ
3613 821 3761 875 κατά

2162 915 2390 987 γνώμην
2442 919 2718 988 ἡμετέραν
2766 915 3108 986 γιγνόμενα,
3156 914 3294 968 ἀλλὰ
3349 914 3473 967 κατ’
3500 912 3761 982 ἀστρῴαν

2153 1007 2419 1079 βούλησίν
2446 1027 2505 1063 τε
2540 1011 2633 1064 καὶ
2662 1010 2877 1081 κίνησιν
2908 1007 3231 1081 φράζοντες,
3264 1007 3356 1061 καὶ
3389 1008 3465 1071 ὼς
3491 1008 3519 1059 ὁ
3544 1006 3759 1075 ταύτης

2164 1100 2544 1171 σχηματισμὸς
2569 1101 2949 1169 ἀναγκάσειεν.
2979 1099 3092 1152 Καὶ
3121 1116 3197 1150 πυ
3206 1097 3259 1166 pi.
3281 1098 3356 1167 μὴ
3375 1096 3752 1167 σϐεννυμένῳ,

2146 1191 2300 1262 -μηδὲ
2349 1192 2672 1246 τελευτῶντι
2718 1191 2779 1245 τὸ
2828 1190 3049 1244 σύνολον
3103 1189 3367 1260 σκώληκι,
3418 1188 3509 1241 τὸν
3556 1188 3757 1241 ὲαυτὶν

2162 1287 2394 1360 ποιητὴν
2431 1288 2526 1342 καὶ
2562 1287 2715 1342 τοῦδε
2743 1286 2837 1341 τοῦ
2871 1286 3074 1350 παντὸς
3110 1286 3493 1356 γενεσιουργῖιν
3524 1284 3756 1338 παιδευ-

2162 1378 2451 1449 θήσονται·
2487 1380 2675 1450 ὲπειδὴ
2709 1380 2899 1433 τοῦτον
2943 1377 3181 1432 ἐνταῦθα
3228 1380 3293 1431 ὲκ
3345 1375 3614 1447 μεγέθους
3657 1375 3756 1429 καὶ

2160 1470 2425 1541 καλλονῆς
2454 1472 2788 1541 κτισμάτων,
2818 1473 3095 1538 ἀναλόγως
3123 1470 3350 1541 θεωρεῖν
3398 1470 3501 1522 οὐκ
3544 1467 3752 1538 ἠθέλη-

2163 1575 2287 1611 σαψ
2306 1557 2431 1612 οὔτε
2464 1561 2557 1614 τὸν
2584 1559 2883 1631 ὀφθαλμοῖς
2912 1558 3216 1631 ἀνθρώπων
3237 1558 3490 1629 ἀόρατον,
3521 1556 3618 1610 τὸν
3641 1558 3754 1610 ἀπὸ

2161 1651 2389 1714 κτίσεως
2444 1651 2653 1722 κόσμου
2710 1653 2825 1714 τοῖς
2881 1653 3146 1721 οἰκήμασι
3206 1647 3595 1719 καθορώμενον
3654 1649 3752 1701 καὶ

2160 1740 2468 1810 νοούμενον,
2502 1742 2743 1815 καθορᾷν
2765 1742 2857 1795 καὶ
2879 1745 3018 1795 νοεῖν
3047 1740 3423 1811 ἐπεθύμησαν·
3446 1740 3565 1794 ἀλλ’
3590 1742 3751 1792 ἐσκο-

464 1862 588 1915 qtta:
633 1843 776 1899 facta
817 1851 969 1908 sunt,
1015 1841 1236 1896 videtur
1282 1847 1337 1894 et
1381 1836 1726 1907 intelligitur,
1780 1833 1967 1888 videre
1998 1840 2051 1887 οι

2155 1835 2313 1907 τίσθη
2346 1837 2379 1904 ἡ
2410 1836 2668 1900 ἀσύνετος
2692 1836 2874 1890 αὐτῶν
2902 1834 3122 1906 καρδία,
3153 1834 3248 1887 καὶ
3276 1833 3581 1902 φάσκοντες
3608 1828 3752 1885 εἶναι

465 1940 771 2009 intelligere
823 1940 1174 2008 cupiverunt.
1210 1933 1317 1990 Sed
1360 1943 1415 1988 et
1464 1932 1821 1986 obscuratum
1847 1938 1932 1981 est
1966 1927 2053 1980 itt-

463 2033 674 2102 sipiens
706 2047 801 2086 cor
848 2044 1074 2093 eorum;
1101 2028 1349 2082 dicentes
1393 2042 1454 2080 se
1484 2025 1631 2079 enim
1675 2038 1801 2078 esse
1829 2021 2053 2090 sapien-

463 2134 566 2186 tes,
597 2124 751 2179 stulti
800 2121 928 2177 iaeti
960 2129 1112 2188 sunt,
1149 2128 1203 2176 et
1233 2119 1546 2176 servierunt
1575 2123 1841 2172 creatura:
1871 2113 2053 2184 potius

453 2232 626 2287 quam
656 2216 925 2272 Creatori.

454 2354 459 2359 .
535 2307 789 2363 Nemesio
816 2315 1023 2370 autem,
1055 2306 1150 2377 qui
1203 2305 1370 2377 hujus
1404 2303 1568 2359 nobis
1596 2298 1939 2357 narrationis
1969 2305 2055 2353 est

452 2408 675 2463 auctor,
707 2399 772 2453 ad
801 2399 980 2470 ipsum
1003 2399 1151 2453 enim
1182 2406 1505 2454 convertam
1540 2397 1726 2452 denuo
1751 2396 2049 2457 calamum,

467 2497 608 2547 inter
658 2491 1010 2547 Christianos
1035 2493 1196 2562 quasi
1221 2497 1676 2550 connttmeratus.
1704 2489 1801 2545 sed
1828 2488 1928 2542 hos
1957 2486 2051 2556 qui

464 2585 635 2639 fatum
686 2584 1047 2639 introducunt
1085 2583 1206 2640 sine
1262 2585 1475 2637 ratione
1534 2590 1802 2641 sectatus.
1853 2579 2054 2637 abhinc

464 2673 735 2744 supplicio
812 2673 961 2743 quod
1007 2672 1089 2727 eis
1167 2680 1539 2741 prmparatum
1590 2678 1674 2724 est
1737 2670 2054 2724 tentabatttt‘

446 2765 864 2833 -(atqueoculis
898 2765 1095 2818 merito
1133 2764 1379 2832 privatus
1427 2771 1535 2827 est,
1585 2761 1792 2831 quibus
1847 2761 2048 2815 caelum

465 2866 722 2921 perverse
747 2851 1097 2913 observabat,
1131 2851 1465 2919 curioseque
1491 2848 1694 2903 siderei
1728 2848 1885 2902 chori
1934 2862 2052 2902 mo-

446 2954 579 3001 -tum
627 2942 952 3012 inspiciebat
979 2942 1031 3011 ;)
1068 2943 1121 2995 in
1169 2941 1500 2996 oblivionem
1537 2939 1867 3010 baptismate
1901 2955 2051 2994 sum-

446 3045 579 3102 .pto,
614 3043 669 3087 et
694 3034 953 3089 omnibus
993 3050 1117 3103 qua:
1157 3032 1365 3087 ibidem
1396 3030 1623 3087 Christo
1654 3031 2045 3102 spoponderat.

2160 1930 2312 1995 σοφοὶ
2347 1928 2769 2001 ἐμωράνθησαν,
2803 1928 2894 1982 κιιύ⁸
2926 1927 3260 1998 ἐλάτρευσαν
3288 1927 3353 1996 τῇ
3387 1923 3564 1978 κτίσει
3594 1924 3754 1995 παρὰ

2156 2021 2247 2074 τὸν
2287 2021 2583 2075 Κτίσαντα.

2408 2154 2427 2179 κ

2227 2289 2515 2359 Νεμεσίων
2546 2291 2592 2345 δ’
2626 2294 2655 2346 ὁ
2678 2293 2880 2363 ταύτης
2913 2290 3046 2362 ἡμῖν
3078 2290 3178 2361 τῆς
3208 2288 3518 2363 διηγήσεως
3572 2288 3755 2355 αἴτιος

2157 2380 2267 2451 (ἐπ’
2297 2382 2458 2436 αὑτὸν
2480 2383 2588 2455 γὰρ
2620 2384 2782 2438 πάλιν
2826 2382 3009 2456 τρέψω
3052 2366 3158 2435 τὸν
3183 2381 3482 2453 κάλαμον),
3515 2383 3575 2435 ἐν
3609 2383 3755 2453 Χρι-

2156 2480 2392 2541 στιανοῖς
2412 2518 2427 2542 ,
2457 2480 2650 2549 φησιν,
2683 2478 3110 2549 ἀριθμούμενος,
3148 2479 3242 2532 καὶ
3268 2481 3381 2543 τοῖς
3413 2478 3512 2547 τὴν
3542 2479 3753 2548 εἱμαρ-

2157 2571 2329 2641 μένην
2360 2571 2678 2640 εἰσάγουσιν
2705 2572 3006 2639 ἀλογίστως
3039 2570 3329 2640 ἑπόμενος,
3364 2569 3616 2623 ἐντεῦθεν
3642 2568 3753 2638 τῆς

2154 2662 2337 2725 αὐτοῖς
2370 2663 2791 2733 ἐτοιμασθείσης
2837 2664 3098 2733 ἐπειρᾶτο
3139 2660 3441 2736 κολάσεως
3475 2662 3570 2715 καὶ
3618 2661 3753 2725 τοὶς

2152 2751 2466 2823 ὀφθαλμοὺς
2511 2754 2735 2818 εἰκότως
2767 2756 3086 2823 ἀφαιρεῖται
3121 2752 3214 2806 τοῦ
3267 2751 3542 2821 σώματος,
3571 2752 3641 2806 δι’
3669 2748 3751 2806 ὦν

2153 2846 2341 2909 κακῶς
2370 2847 2438 2899 τὰ
2468 2846 2589 2900 κατ’
2613 2847 2843 2917 οὐρανὸν
2872 2846 3282 2912 ἀπεσκόπευσε,
3316 2846 3408 2899 καὶ
3431 2845 3751 2916 περιέργως

2152 2938 2301 3012 ἑώρα
2330 2941 2426 2993 τοῦ
2455 2939 2619 3011 χοροῦ
2650 2939 2760 2993 τῶν
2792 2940 3041 3008 ἀστέρων
3070 2940 3169 3007 τὴν
3188 2938 3426 3008 κίνησιν,
3450 2936 3623 3007 λήθην
3654 2936 3752 2990 λα·-

2153 3031 2264 3082 6ὼν
2296 3031 2389 3084 τοῦ
2422 3030 2817 3102 βαπτίσματος,
2851 3031 2947 3084 καὶ¹
2981 3031 3198 3084 πάντων
3231 3023 3306 3083 ὧν
3351 3031 3469 3082 ἐκεῖ
3496 3027 3573 3098 τῷ
3606 3029 3751 3099 Χρι-

464 3124 768 3183 Oculorum
801 3135 985 3180 autem
1027 3124 1375 3180 orbationem
1427 3138 1747 3195 perpessus,
1800 3125 2049 3177 testimo-

2155 3121 2266 3191 στῷ
2311 3121 2693 3176 συνετέτακτο.
2746 3120 2942 3176 Ιῐαθὼν
2982 3121 3037 3175 δὲ
3069 3120 3179 3174 τῶν
3208 3121 3474 3191 ὀμμάτων
3502 3121 3603 3190 τὴν
3634 3122 3748 3190 πή-

461 3219 613 3273 nium
637 3217 889 3272 veritatis
927 3206 1385 3285 mox‘Scripturm
1417 3214 1716 3285 perhibuit,
1763 3213 1896 3269 dum
1953 3230 2049 3284 per

458 3326 577 3373 eos,
597 3325 695 3382 per
718 3324 858 3380 quos
880 3314 1220 3379 peccaverat,
1242 3308 1550 3377 puniretur.
1577 3306 1842 3376 Ignorans
1864 3317 2046 3359 autem

450 3403 726 3460 caecitatis
765 3418 1017 3468 causam,
1053 3401 1278 3473 etquod
1322 3400 1598 3471 ﬂagellum
1649 3408 1797 3454 esset
1857 3398 2047 3466 injusti

459 3494 634 3558 visus,
661 3499 715 3547 et
751 3491 1030 3546 vinculum
1061 3507 1122 3546 se
1149 3491 1389 3562 puniens
1423 3499 1479 3544 et
1518 3489 1851 3559 impediens,
1884 3489 2050 3542 medi-

450 3599 651 3638 corum
682 3582 1124 3652 elegantissimos
1158 3580 1473 3645 adhibebat,
1505 3588 1559 3635 et
1593 3579 1786 3634 horum
1811 3578 2048 3647 optimos

444 3676 788 3744 optimarum
825 3674 1263 3744 repromissione
1296 3672 1614 3729 mercedum
1655 3671 1918 3735 attrahit;
1949 3670 2045 3725 sed

446 3775 512 3831 ,et
541 3766 676 3820 nihil
706 3780 770 3821 ex
802 3767 988 3821 studio
1020 3765 1168 3836 quod
1202 3765 1311 3822 sibi
1359 3765 1507 3820 circa
1541 3765 1643 3821 hos
1679 3764 1853 3818 inerat
1889 3777 2046 3832 pror-

457 3875 554 3913 sus
584 3858 858 3926 obtinuit;
890 3873 1070 3915 cmcus
1098 3859 1246 3915 enim
1283 3857 1640 3913 nihilominus
1669 3856 2043 3924 permanebat,

457 3952 624 4005 etiam
668 3951 863 4006 horum
891 3951 1287 4020 frequentibus
1316 3949 1568 4005 seriebns
1604 3948 1883 4002 admissis.

521 4040 852 4112 Quanquam
886 4041 1023 4095 nihil
1078 4040 1274 4095 horum
1339 4036 1521 4093 facere
1581 4043 1864 4106 Oporteret
1919 4051 2042 4091 eum

457 4134 552 4203 qui
587 4133 755 4187 fatum
784 4134 903 4189 sine
931 4130 1140 4200 pudore
1171 4131 1497 4200 dogtnatutn
1530 4127 1965 4200 dogmatizabat,
1992 4139 2047 4183 et

456 4232 783 4281 cunctorum
823 4239 945 4293 qua:
981 4223 1170 4278 tierent
1205 4222 1527 4277 eoactitium
1578 4220 1714 4276 illud
1759 4230 1813 4277 et
1844 4236 2047 4291 praesa-

395 4337 399 4341 ν
456 4334 583 4387 gum
617 4317 966 4387 praedicabat.
1003 4313 1252 4385 Denique
1298 4313 1342 4369 si
1377 4314 1695 4370 certissime
1749 4329 1846 4384 per
1902 4311 2045 4367 hanc

440 4411 809 4481 ,diseiplinam
845 4423 968 4479 qua:
994 4408 1140 4463 circa
1171 4406 1344 4462 fatum
1375 4414 1460 4463 est
1485 4406 1747 4462 credebat
1781 4423 1840 4463 se
1863 4408 2045 4460 omni-

2156 3228 2346 3280 ρωσιν,
2377 3211 2763 3283 ἐμαρτύρησεν
2795 3212 2960 3276 εὐθὺς
2992 3214 3060 3283 τῇ
3090 3212 3282 3282 Γραφῇ
3323 3212 3421 3280 τὴν
3463 3209 3749 3281 ἀλήθειαν,

2152 3302 2220 3355 δι’
2247 3302 2428 3356 αὐτῶν
2465 3295 2540 3356 ὧν
2587 3304 2872 3374 ἡμάρτανε
2921 3301 3314 3373 κολαζόμενος.
3346 3300 3652 3371 Ἀγνοήσας
3691 3301 3753 3355 δὲ

2151 3398 2251 3466 τῆς
2280 3393 2541 3465 ἀϐλεψίας
2566 3397 2627 3450 τὸ
2651 3396 2847 3459 αἴτιον,
2873 3396 2969 3450 καὶ
2998 3395 3073 3461 ὼς
3104 3392 3302 3464 μάστιξ
3326 3389 3392 3467 ἦν
3417 3393 3517 3447 καὶ
3545 3393 3753 3463 δεσμὸς

2151 3489 2340 3544 ἀδίκου
2377 3488 2613 3559 Θεωρίας
2663 3489 2826 3543 αὑτὸν
2876 3489 3271 3560 τιμωρουμένη
3320 3488 3413 3541 καὶ
3457 3485 3726 3555 εἴργουσα

2154 3582 2356 3652 ίατρῶν
2389 3582 2648 3652 ἐπιλογὴν
2679 3582 3047 3648 ἐπεδείκνυτο,
3080 3582 3207 3645 τοὺς
3250 3581 3457 3634 τούτων
3503 3579 3754 3645 άγαθοίις

2151 3675 2456 3746 ἐπαγγελίᾳ
2494 3673 2700 3746 μισθῶν
2744 3673 2969 3742 ἀγαθῶν
3000 3673 3395 3744 ἁφελκόμενος.
3420 3671 3562 3726 Ἀλλ’
3591 3673 3750 3727 οὐδὲν

2151 3767 2215 3819 ὲκ
2241 3767 2341 3836 τῆς
2371 3769 2502 3840 περὶ
2530 3766 2756 3836 τούτους
2787 3765 2938 3836 αύτῷ
2973 3764 3210 3835 σπουδῆς
3252 3766 3576 3836 περιγέγονε
3599 3781 3613 3797 ·
3644 3782 3747 3820 τυ-

2151 3859 2282 3928 pro;
2314 3860 2423 3933 γὰρ
2469 3861 2568 3929 οὐχ
2615 3854 2777 3929 ἦττον
2804 3858 3097 3929 διέμεινεν,
3148 3857 3245 3911 καὶ
3276 3856 3482 3912 τούτων
3514 3857 3748 3927 συχνοὺς

2149 3952 2274 4015 τοὺς
2314 3950 2590 4021 ὁρμαθοὺς
2630 3950 3092 4025 προσδεχόμενος.

2219 4043 2412 4097 Καίτοι
2446 4042 2650 4095 τούτων
2695 4041 2846 4095 οῦδὲν
2880 4040 2987 4094 ἔδει
3037 4042 3214 4094 ποιεῖν
3270 4041 3362 4095 τὸν
3395 4040 3747 4114 εἱμαρμένην

2149 4131 2383 4198 ἀναιδῶς
2412 4132 2829 4200 δογματίζοντα,
2859 4132 2954 4185 καὶ
2975 4133 3190 4186 πάντων
3216 4133 3385 4203 αύτήν
3410 4134 3747 4201 ἀναγκαστιο

2130 4227 2254 4298 ,κῆν
2305 4227 2400 4281 καὶ
2453 4226 2795 4297 προάγγελον
2838 4225 2947 4280 τῶν
2989 4226 3294 4297 γινομένων
3333 4224 3649 4290 δοξάζοντα.
3680 4228 3745 4281 Εἰ

2150 4322 2250 4390 μὲν
2298 4320 2409 4390 γὰρ
2460 4320 2708 4391 ἀκριϐῶς
2763 4320 2828 4373 ἐκ
2876 4319 2978 4390 τῆς
3025 4318 3153 4388 περὶ
3195 4316 3400 4389 ταύτην
3428 4319 3745 4390 ἐπιστήμης

2147 4410 2417 4481 ἠπίστατο
2447 4411 2520 4475 ὡς
2556 4413 2774 4474 πάντως
2806 4411 3150 4482 ῥωσθήσεται
3173 4451 3186 4471 .
3217 4411 3313 4464 καὶ
3342 4409 3546 4481 ταύτην
3577 4412 3743 4465 πάλιν

457 4520 528 4558 no
556 4503 888 4565 sanandum,
928 4511 983 4556 et
1008 4501 1112 4557 hoc
1169 4516 1363 4556 rursus
1398 4499 1671 4566 visurum,
1732 4502 2041 4555 stellarem-

2154 4504 2415 4565 θεάσοιτο,
2443 4505 2538 4557 καὶ
2566 4503 2664 4574 τὴν
2698 4502 2951 4573 ἀστρῴαν
2976 4501 3134 4565 αὖθις
3158 4502 3344 4570 ὄψοιτο
3372 4500 3609 4573 κίνησιν,
3638 4504 3744 4559 οὐκ

456 4609 563 4659 que
598 4595 796 4647 iterum
851 4598 1061 4646 motum
1106 4599 1553 4660 conspecturum,
1589 4606 1697 4646 non
1753 4591 2043 4661 oportebat

458 4685 706 4738 medicos
762 4683 1057 4738 admittere
1119 4683 1212 4753 qui
1263 4684 1370 4739 sibi
1420 4682 1687 4738 deberent
1746 4684 2038 4740 sanitatem

457 4774 784 4840 concedere,
833 4774 929 4831 sed
975 4773 1139 4843 hujus
1169 4781 1492 4843 exspectare
1549 4775 1826 4828 decretum
1879 4775 2040 4830 etiam

457 4867 690 4923 medicis
720 4867 966 4934 exceptis
1019 4873 1333 4919 venturum.
1393 4863 1524 4921 Sine
1589 4867 2043 4936 praevaricatione

454 4960 660 5033 quippe
685 4960 754 5016 ab
779 4960 860 5015 eis
892 4960 1144 5015 intonant
1185 4958 1278 5012 fati
1332 4958 1714 5028 persuasibilia
1748 4960 1945 5028 verba,
1994 4960 2040 5016 si

456 5054 619 5110 ttobis
649 5063 703 5108 et
738 5051 1048 5107 volentibus
1076 5059 1132 5105 et
1158 5050 1474 5105 nolentibus
1514 5051 1787 5105 accidant.
1817 5054 1884 5104 At
1913 5067 2042 5106 vero

454 5150 500 5205 si
531 5148 823 5205 sanitatem
852 5145 957 5201 sibi
989 5162 1100 5200 non
1131 5145 1390 5208 contulit,
1442 5143 1536 5199 sed
1570 5151 1620 5198 et
1673 5146 1892 5214 penitus
1943 5145 2041 5200 ab-

440 5240 634 5307 .slttlit,
674 5248 734 5294 ut
762 5238 894 5309 quid
925 5236 1283 5307 Aselepiadas
1312 5236 1678 5306 congregabat
1710 5235 1796 5307 (ac
1828 5253 1922 5306 per
1947 5253 2042 5292 eos

455 5331 700 5403 genesim
746 5329 1159 5400 oppugnabat)?
1196 5328 1380 5384 sciens
1412 5328 1557 5401 quod
1609 5326 1679 5380 ab
1710 5328 1826 5396 ipsa
1858 5327 2043 5384 vince-

450 5434 627 5488 retur,
657 5423 702 5477 si
738 5420 915 5491 ipsum
946 5420 1111 5475 etiam
1160 5420 1471 5489 Asclepium
1506 5417 1816 5485 adjutorem
1870 5419 2043 5474 ascis-

453 5528 625 5577 ceret.
663 5514 865 5569 Verum
906 5514 1257 5584 perspicuum
1292 5522 1429 5576 erat,
1465 5508 1612 5581 quod
1637 5524 1788 5580 spem
1825 5512 2036 5565 sanita-

453 5609 890 5668 tisasideribus
943 5607 1265 5675 sumpserit,
1314 5605 1441 5658 licet
1492 5603 1641 5657 circa
1693 5602 2036 5659 vocationem

455 5703 795 5761 medicorum
818 5700 1189 5769 deciperetur,
1224 5698 1392 5751 citius
1429 5693 1569 5748 forte
1601 5706 1765 5762 quam
1792 5692 2038 5765 prtedes-

452 5780 662 5853 “ustus
691 5803 857 5858 esset,
890 5782 1065 5846 visum
1094 5780 1337 5861 reiipere
1357 5787 1608 5858 cupiens.

2147 4598 2312 4666 ἐχρῆν
2339 4596 2559 4666 ἰατροὺς
2589 4595 3128 4667 προσλαμϐάνεσθαι,
3158 4604 3252 4649 καὶ
3273 4595 3373 4667 τὴν
3395 4594 3565 4664 ρῶσιν
3587 4597 3741 4666 αύτῷ

2144 4689 2575 4760 δημιουργήσειν
2607 4688 2946 4758 ὀφείλοντας,
2981 4687 3098 4741 ἀλλ’
3120 4687 3415 4758 ἀναμένειν
3444 4687 3653 4759 ταύτης
3676 4690 3739 4743 τὺ

2146 4781 2426 4852 θέσπισμα
2462 4780 2556 4834 καὶ
2589 4782 2759 4852 χωρὶς
2798 4780 2995 4852 ἰατρῶν
3028 4779 3450 4851 ἀφικνούμενον.
3482 4779 3736 4851 ’Δπαρά-

2146 4872 2285 4924 6ατα
2312 4870 2428 4942 γὰρ
2446 4872 2628 4934 αὐτοῖς
2662 4872 2730 4925 τὰ
2765 4873 2863 4942 τῆς
2890 4869 3234 4943 εἱμαρμένης
3267 4869 3466 4941 βροντᾷ
3495 4869 3563 4922 τὰ
3594 4886 3737 4940 κομ-

2143 4963 2399 5034 ψεύματα
2420 5006 2435 5030 ,
2464 4964 2558 5018 καὶ
2590 4963 2932 5035 βουλομένων
2962 4964 3182 5026 πάντως
3212 4962 3553 5018 ἐκϐαίνοντα.
3585 4962 3648 5015 ΕΞ
3679 4964 3737 5017 ιι

2144 5058 2242 5128 τὴν
2277 5058 2444 5129 ρῶσιν
2469 5057 2619 5128 αύτῷ
2656 5056 2921 5129 μηδαμῶς
2951 5056 3399 5128 προσηγόρευσεν
3421 5096 3435 5121 ,
3468 5055 3605 5108 ἀλλὰ
3642 5059 3736 5110 καὶ

2145 5150 2423 5214 παντελῶς
2474 5151 2796 5222 ἀπεφήνατο
2823 5189 2838 5216 ,
2892 5148 2946 5203 τί
2991 5149 3116 5212 τοὺς
3164 5134 3568 5218 Ἀσκληπιάδας
3610 5165 3736 5201 συν·

2144 5240 2390 5312 ἡθροιζε,
2424 5244 2518 5295 καὶ
2558 5242 2625 5295 δι’
2652 5241 2833 5295 αὐτῶν
2869 5240 3126 5309 ἐπολέμει
3171 5239 3268 5310 τὴν
3298 5239 3546 5307 γένεσιν;
3580 5239 3737 5299 εἰδὼς

2144 5333 2219 5397 ὡς
2249 5333 2384 5403 πρὸς
2417 5333 2591 5403 αὐτῆς
2622 5332 2997 5403 νικηθήσεται,
3029 5329 3127 5384 κᾶν
3156 5331 3246 5384 τὸν
3284 5329 3613 5400 Ἀσκληπιὸν
3642 5333 3740 5382 αύ-

2142 5425 2235 5477 τὸν
2269 5425 2586 5493 ἐπιιρέροιτο
2617 5423 2923 5494 σύμμαχον.
2964 5422 3126 5476 Ἀλλὰ
3156 5421 3416 5493 πρόδηλος
3440 5417 3508 5491 ἦν
3543 5421 3737 5475 ἐλπίδα

2145 5513 2365 5584 ῥώσεως
2402 5514 2467 5567 ἐκ
2492 5513 2598 5566 τῶν
2630 5514 2827 5583 ἰατρῶν
2856 5513 3200 5584 [Anastasius
3223 5511 3236 5564 Ι
3260 5510 3428 5581 °gebat
3458 5511 3734 5583 ἀστέρων]

2122 5604 2545 5677 ,εἰσδεξάμενος
2580 5607 2628 5657 εί
2676 5606 2770 5659 καὶ
2826 5605 2951 5673 περὶ
2996 5602 3094 5675 τὴν
3142 5602 3332 5675 κλῆσιν
3379 5601 3488 5657 τῶν
3533 5604 3736 5675 ἰατρῶν

2144 5697 2544 5767 ἁπεσςράλλετο,
2579 5697 2873 5769 ταχύτερον
2910 5696 3047 5766 τάχα
3077 5696 3107 5767 ἣ
3144 5695 3607 5769 προετεθέσπιστο
3639 5697 3735 5763 τὰς

2145 5789 2238 5861 Et};
2252 5807 2293 5854 ις
2337 5774 2626 5845 ἐινάλαϐεῖν
2668 5782 3012 5861 ἐρεγόμενος.
