4002 6312
441 240 576 310 3511

1357 249 1419 309 8.
1467 249 1885 313 SOPHRONII
1926 253 2435 320 PATRIARCILE
2460 262 2866 327 HIEROSOL.

3583 274 3750 340 3512

406 374 609 434 ,agant
636 362 725 415 alii
767 369 1058 433 martyres.
1095 358 1268 413 Simili
1300 360 1505 431 quippe
1539 363 1703 418 modo
1734 363 2024 419 universos

2131 385 2216 421 σιν
2276 369 2455 443 ἕτεροι
2515 373 2816 445 μάρτυρες.
2868 376 3264 453 Ὀμοίως,γὰρ
3292 382 3545 449 ἅπαντας
3595 391 3747 454 τοὶς

443 464 716 526 martyres
760 454 1016 519 colimus,
1067 463 1177 507 tam
1219 452 1473 508 videlicet
1500 468 1598 509 eos
1628 455 1718 523 qui
1756 456 2025 511 miracula

439 554 766 616 operantur,
792 559 956 615 quam
995 543 1088 615 qui
1139 559 1247 600 non
1284 551 1589 613 operantur
1625 545 1930 612 miracula;
1973 553 2027 600 et

440 654 542 709 pro
578 636 810 700 sanctis,
837 652 944 689 non
974 646 1165 691 contra
1213 644 1462 701 sanctos,
1500 635 1647 703 loqui
1697 637 2022 707 satagimus.

438 731 631 799 Itaque
663 744 764 784 nos
795 728 1015 799 quidem
1043 727 1111 783 de
1143 727 1350 783 sanctis
1374 726 1519 799 Cyro
1548 735 1603 782 et
1632 725 1845 782 Joanne
1877 743 2025 782 mar-

437 824 653 895 tyribus
692 831 747 876 et
778 823 991 891 reliquo
1037 829 1354 877 sanctorum
1397 829 1703 891 martyrum
1751 822 2022 887 exercitu,

437 914 519 970 sic
553 921 854 969 ctcausam
896 913 1097 967 habere
1147 919 1418 977 tenemus,
1465 919 1630 980 atque
1674 911 2023 980 tenebimus;

437 1022 758 1077 omnesque,
803 1006 894 1075 qui
927 1005 1184 1061 taliterin
1223 1002 1328 1058 fide
1354 1002 1700 1075 praefulgent,
1729 1003 1809 1059 sic
1832 1018 2028 1074 sapere

437 1100 505 1155 de
536 1099 647 1154 illis
674 1107 729 1153 et
760 1097 987 1153 credere
1016 1096 1392 1152 cohortamur.

508 1190 813 1245 Athanasio
851 1203 1005 1250 vero,
1039 1188 1106 1243 de
1130 1203 1236 1255 qua
1260 1203 1443 1243 sermo
1474 1202 1534 1242 se
1568 1186 1774 1252 intulit,
1807 1200 1914 1241 non
1944 1187 2024 1243 sic

439 1292 710 1354 martyres
741 1282 954 1347 colens,
982 1280 1049 1335 ad
1084 1279 1458 1352 blasyhemias
1487 1280 1757 1350 quasdam
1791 1294 2024 1334 conver-

416 1376 680 1441 .tebatur,
722 1375 923 1444 sacpius
966 1388 1134 1442 super
1181 1374 1263 1427 eis
1293 1373 1669 1442 spectaculum
1704 1371 1936 1438 faciens,
1973 1383 2028 1428 et

441 1482 660 1536 semper
692 1467 745 1521 in
780 1463 1328 1520 confabulationibus
1364 1462 1696 1531 detrahens;
1718 1472 1772 1519 et
1804 1478 1914 1518 non
1944 1478 2028 1519 so-

412 1560 553 1614 -lum
577 1559 695 1627 ipsa
723 1566 995 1628 martyres
1020 1571 1117 1611 eos
1153 1570 1263 1609 non
1291 1555 1529 1620 dicebat,
1561 1557 1655 1611 sed
1684 1564 1737 1610 et
1763 1556 1885 1610 illos
1932 1556 2025 1627 qui

418 1651 701 1705 -volebant
731 1650 919 1705 dicere
964 1648 1309 1718 prohibebat.
1356 1646 1496 1714 Quia
1542 1663 1675 1718 ergo
1717 1647 1878 1716 hujus
1907 1654 2025 1703 erat

2133 460 2420 532 μάρτυρας
2464 464 2716 536 σέϐομεν,
2775 469 2871 523 καὶ
2918 470 3046 533 τοὺς
3076 470 3330 542 θαύματα
3355 476 3733 547 πράττοντας,

2128 552 2225 607 καὶ
2255 556 2379 618 τοὺς
2400 556 2462 611 οὐ
2489 559 2828 628 πράττοντας
2874 561 3161 633 θαύματα·
3209 567 3305 621 καὶ
3350 567 3534 636 λέγειν
3578 571 3733 642 ὑπὲρ

2130 644 2301 717 ἁγίων
2323 647 2383 700 οὐ
2412 649 2735 723 καταλέγειν
2761 652 2933 721 ἁγίων
2959 655 3361 726 σπουδάζομεν.
3396 656 3596 728 Ἡμεῖς
3621 660 3730 730 μὲν

2128 732 2222 791 οὖν
2261 737 2403 793 οὕτω
2427 744 2554 815 περὶ
2582 743 2765 815 Κύρου
2788 745 2885 799 καὶ
2927 746 3175 800 Ἰωάννου
3203 746 3313 801 τῶν
3363 748 3538 815 ἁγίων
3582 768 3731 822 μαρ-

2126 831 2307 900 τύρων
2331 832 2424 885 καὶ
2455 833 2549 887 τοῦ
2573 833 2762 889 λοιποῦ
2790 837 2899 890 τῶν
2930 837 3100 906 ἁγίων
3124 840 3420 912 μαρτύρων
3450 842 3730 913 στρατεύ-

2130 938 2300 991 ματος
2328 920 2548 993 ἔχοιμέν
2579 942 2636 979 τε
2673 927 2769 979 καλ⁵
2793 926 3008 996 1ἐξομεν,
3043 929 3141 982 xui.
3172 929 3382 993 πάντας
3415 931 3565 985 οὕτω
3595 934 3732 996 τοὺς

2129 1018 2188 1068 ἐν
2241 1014 2423 1069 πίστει
2470 1018 2920 1090 προλάμποντας,
2968 1024 3189 1092 φρονεῖν
3244 1023 3373 1096 περὶ
3406 1025 3596 1080 αὐτῶν
3631 1026 3729 1081 καὶ

2130 1106 2412 1162 πιστεύειν
2445 1111 2849 1183 προτρέπομεν.

2208 1198 2503 1254 Ἀθανασία
2531 1202 2588 1256 δὲ
2616 1206 2742 1273 περὶ
2764 1200 2829 1277 ἦς
2852 1207 2880 1258 ὀ
2902 1206 3059 1275 λόγος
3090 1209 3404 1280 γεγένηται,
3426 1210 3526 1279 οὐχ
3542 1209 3733 1274 οὕτως

2127 1290 2254 1352 τοὺς
2312 1290 2600 1362 μάρτυρας
2653 1293 2907 1357 σέϐουσα,
2973 1298 3109 1369 πρὸς
3163 1299 3481 1369 δυσφημίας
3536 1300 3729 1362 δεινὰς

2127 1381 2474 1454 ὲξετρέπετο,
2511 1387 2845 1457 πυκνότερον
2879 1389 3078 1454 αὐτοὺς
3108 1389 3489 1461 θεατρίζουσα,
3520 1392 3623 1446 καὶ
3668 1393 3733 1444 ἐν

2129 1476 2447 1547 συντυχίαις
2477 1477 2567 1531 ἀεὶ
2593 1479 2991 1535 διαϐάλλουσα·
3014 1483 3117 1537 ’καὶ
3155 1483 3229 1553 μὴ
3266 1485 3426 1554 μόνον
3467 1483 3615 1554 αὐτὴ
3649 1485 3729 1553 μὴ

2126 1566 2363 1636 λέγουσα
2395 1568 2703 1642 μάρτυρας,
2731 1572 2866 1626 ἀλλὰ
2899 1573 2994 1627 καὶ
3042 1574 3169 1637 τοὺς
3217 1574 3397 1644 λέγειν
3432 1575 3730 1639 ἐθέλοντας

2128 1659 2409 1730 εἴργουσα.
2428 1661 2586 1715 Ἐπεὶ
2607 1662 2699 1716 οὗ)
2733 1662 2938 1736 ταύτης
2980 1660 3050 1737 ἦν
3099 1666 3394 1720 Ἀθανασία
3443 1667 3545 1735 τῆς
3583 1668 3730 1720 ὑπο-

414 1741 892 1803 existimationis,
938 1741 1211 1810 talemque
1253 1740 1566 1811 opinionem
1624 1739 1679 1794 in
1720 1739 1921 1811 Cyrum
1970 1747 2025 1794 et

2133 1748 2372 1820 λήψεως,
2409 1752 2505 1804 καὶ
2545 1752 2703 1817 δόξαν
2730 1754 2987 1826 τοιαύτην
3012 1756 3094 1820 είς
3118 1755 3301 1827 Κῦρον
3330 1758 3425 1812 καὶ
3460 1758 3728 1829 Ἰωάννην

442 1830 711 1886 Joannem
746 1838 971 1886 sanctos
998 1829 1256 1893 habebat,
1294 1838 1349 1884 et
1388 1830 1785 1900 experientiam
1815 1839 2031 1900 oporte-

443 1923 539 1977 bat
573 1937 694 1978 eam
744 1922 1000 1992 accipere
1040 1922 1275 1977 acrioris
1323 1921 1519 1975 horum
1546 1920 1937 1990 correptionis,
1969 1928 2031 1974 ut

448 2034 554 2073 non
591 2025 901 2074 remaneret
926 2016 1134 2087 iugiter
1164 2029 1423 2086 peccans,
1453 2014 1547 2069 sed
1577 2014 1795 2085 cognita
1821 2013 2030 2084 liquido

443 2094 692 2177 veritate,
727 2117 891 2164 tantze
925 2109 1152 2164 insaniae
1184 2108 1431 2164 exsiliret
1461 2107 1726 2174 exitium;
1762 2107 1843 2163 sic
1863 2108 2030 2162 mise-

446 2202 683 2258 riCOrdia
725 2209 1064 2271 martyrum,
1116 2200 1209 2269 qui
1263 2200 1333 2255 ab
1369 2213 1432 2254 ea
1466 2197 2026 2268 lilaspbemabantnr,

418 2293 767 2362 .rorripitur.
817 2290 1065 2358 Quadam
1109 2291 1199 2346 die
1253 2304 1377 2345 cum
1423 2289 1551 2343 talia
1592 2288 1921 2359 quibusdam
1971 2288 2025 2342 iu

440 2386 606 2440 domo
636 2401 735 2440 sua
766 2385 1092 2455 disputaret,
1123 2383 1752 2454 sanctisqueinhoncste
1772 2381 2027 2436 deriden-

414 2478 511 2528 .¢’o
554 2476 832 2541 illuderet,
894 2474 1052 2545 pulex
1098 2489 1244 2529 unus
1281 2487 1478 2527 errans
1522 2481 1576 2527 et
1624 2472 1830 2527 saliens
1867 2472 2025 2540 Quasi

416 2585 541 2638 -pro
576 2572 789 2624 sanctis
828 2577 1176 2641 pugnaturus
1209 2567 1422 2622 mordet
1458 2564 1815 2620 vehementer
1856 2565 2024 2617 talum

440 2661 564 2727 ejus
595 2679 606 2712 :
642 2675 803 2730 quem
846 2659 1044 2712 mulier
1096 2656 1567 2728 comprehendere
1621 2658 1847 2722 volens,
1900 2672 2022 2710 cum

416 2750 698 2804 deorsum
738 2748 1025 2802 incurvata
1053 2746 1390 2814 ﬂecteretur,
1433 2747 1636 2803 mansit
1667 2748 1933 2802 continuo
1969 2748 2022 2801 in

412 2840 630 2895 -cadcm
666 2838 979 2896 inﬂexionis
1016 2838 1209 2911 figura,
1236 2854 1467 2895 sursum
1490 2841 1737 2911 aspirere
1765 2841 1834 2896 de
1867 2851 2026 2895 caete-

444 2951 505 2989 ro
550 2935 776 2989 minime
819 2935 1006 2989 valens
1044 2952 1056 2989 :
1090 2951 1266 3007 neque
1299 2936 1445 2991 enim
1498 2946 1737 2991 erectam
1784 2945 2022 3007 poterat,

439 3028 585 3098 quod
634 3028 808 3082 solum
873 3027 1154 3098 proprium
1208 3036 1292 3082 est
1348 3027 1655 3092 hominum,
1713 3038 2025 3081 monstrare

419 3120 868 3184 formationem;
913 3119 1365 3175 irrationabiliter
1415 3120 1560 3175 enim
1617 3129 1932 3191 peccantem
1967 3120 2022 3175 in

441 3223 735 3283 martyres.
785 3211 1244 3265 irrationabilium
1292 3211 1654 3265 animan'ium
1686 3196 1794 3281 'pcr
1830 3217 2021 3265 nutum

440 3304 697 3358 deorsum
729 3301 876 3357 facto
901 3303 1187 3373 corrigunt
1218 3304 1427 3359 habitu.
1464 3303 1659 3360 Fiebat
1697 3314 1879 3359 autem
1914 3319 2022 3358 non

439 3394 559 3449 sine
586 3393 776 3448 dolore
806 3401 1162 3460 tormentum,
1187 3393 1332 3464 quod
1368 3394 1626 3448 nimirum
1658 3394 1850 3448 habuit
1871 3402 2024 3449 tanto

414 3485 1236 3556 'supplicioconsequens;,a
1288 3499 1399 3555 quo
1446 3484 1628 3541 valide
1690 3486 2020 3551 verberata,

443 3579 740 3633 multorum
780 3575 1007 3631 ﬂetuum
1040 3577 1271 3633 vocibus
1303 3576 1661 3633 absconditos
1695 3568 2022 3634 manifesta-

421 3671 535 3725 'lzat
569 3671 819 3733 dolores:
852 3685 1088 3740 quorum
1109 3685 1330 3726 causam
1365 3671 1721 3741 ignoraus,et
1744 3671 1846 3724 hoc
1878 3671 2023 3724 enim

419 3762 797 3815 οιιιυιῑίιιιιίίιιθ
826 3761 1180 3832 blasphemim
1216 3763 1568 3823 lucrabatur;
1595 3771 1649 3817 ct
1678 3762 1915 3833 elTugere
1934 3778 2026 3833 pc-

426 3847 682 3901 .riculum
707 3847 958 3916 cupiens,
995 3850 1144 3904 acies
1176 3850 1511 3904 medicorum
1560 3852 1861 3906 acccrsibat
1884 3893 1896 3909 .
1932 3853 2023 3922 qni

443 3939 705 3994 alacriter
727 3939 1100 4006 conﬂuebant,
1135 3943 1428 4013 grandium
1454 3958 1551 4012 spe
1580 3943 1893 3998 meret-dum
1913 3946 2027 4014 glo-

442 4029 687 4096 riantes;
727 4030 820 4086 sed
863 4031 965 4084 hac
999 4028 1432 4095 frustrabantur,
1479 4031 1750 4101 passionis
1796 4046 2024 4088 causam

422 4123 784 4195 ignorantes.
822 4133 879 4178 et
910 4122 1041 4194 quid
1076 4122 1317 4178 facerent
1344 4125 1668 4181 nescientes.

512 4213 654 4269 Cum
721 4222 904 4267 autem
962 4214 1102 4268 hanc
1146 4213 1403 4269 decenter
1437 4215 1547 4269 imo
1597 4216 2030 4271 tuisericordi'er

424 4314 714 4376 .martyres
738 4303 984 4360 severius
1012 4304 1348 4375 arguisscnt,
1372 4315 1425 4361 et
1455 4314 1514 4359 ut
1546 4322 1735 4361 eorum
1767 4323 1863 4377 per
1904 4307 2025 4360 illa-

2051 3071 2093 3129 C

2131 1844 2257 1905 τοὺς
2284 1842 2473 1912 ἁγίους
2528 1844 2816 1916 ἐκέκτητο,
2862 1849 2958 1900 καὶ
2992 1849 3187 1918 πεῖραν
3236 1848 3345 1903 ἔδει
3397 1848 3584 1902 λαϐεῖν
3622 1851 3725 1920 τῆς

2129 1931 2334 1986 τούτων
2362 1933 2696 2005 δριμυτέρας
2721 1936 3075 2002 παιδεύσεως,
3111 1939 3197 1992 ἵνα
3225 1938 3300 2009 μὴ
3335 1939 3510 2008 μείνοι
3537 1939 3726 2006 διηνε-

2130 2024 2240 2088 κῶς
2273 2024 2688 2097 ἁμαρτάνουσα,
2725 2028 2860 2082 ἀλλὰ
2898 2029 3151 2101 μαθοῦσα
3196 2031 3381 2100 σαφῶς
3431 2030 3534 2102 τὴν
3582 2031 3724 2103 άλη-

2131 2114 2304 2183 θειαν,
2361 2116 2695 2191 τηλικαύτης
2756 2120 2952 2190 μανίας
3006 2120 3239 2191 ἐκφύγοι
3288 2122 3380 2175 τὸν
3442 2121 3717 2176 θάνατον·

2129 2209 2272 2263 οὕτω
2292 2210 2671 2283 φιλανθρωπίᾳ
2698 2212 2989 2284 μαρτύρων
3007 2213 3115 2268 τῶν
3142 2214 3279 2286 πρὸς
3302 2216 3473 2284 αὐτὴν
3502 2215 3720 2286 δυσφηο

2132 2301 2416 2370 μουμένων
2456 2301 2797 2355 παιδεύεται.
2833 2301 2924 2354 Ἐν
2981 2303 3080 2374 μιᾷ
3113 2302 3222 2356 τῶν
3259 2302 3485 2374 ἡμερῶν
3515 2305 3575 2356 ἐν
3603 2304 3716 2375 ὅσῳ

2128 2390 2353 2444 τοιαῦτά
2392 2407 2501 2442 τισι
2550 2389 2692 2443 κατὰ
2721 2392 2812 2443 τὸν
2858 2385 3008 2444 οἶκον
3043 2390 3215 2460 αὐτῆς
3268 2389 3562 2457 διελέγετο,
3619 2389 3716 2443 καὶ

2127 2482 2253 2546 τοὺς
2282 2482 2469 2550 ἁγίους
2514 2482 2775 2552 ἀσέμνως
2810 2481 3023 2551 γελῶσα
3071 2481 3339 2548 διέπαιζε,
3387 2481 3568 2552 ψύλλα
3616 2482 3714 2552 μία

2126 2575 2368 2645 χαμόθεν
2390 2573 2702 2646 πηδήσασα,
2723 2574 2798 2639 ὡς
2828 2574 2936 2628 τῶν
2967 2575 3136 2643 άγίων
3166 2574 3584 2646 ύπερμαχοῦσα,
3613 2573 3713 2629 δάε

2128 2685 2244 2721 κνει
2276 2667 2521 2737 σφοδρῶς
2553 2668 2721 2738 αὐτῆς
2752 2667 2842 2721 τὸν
2864 2667 3241 2738 ἀστράγαλον·
3268 2669 3334 2737 ἣν
3368 2670 3401 2737 ἡ
3437 2669 3575 2739 γυνὴ
3612 2684 3713 2720 κα-

2126 2762 2344 2830 τασχεῖν
2377 2758 2761 2813 κατανεύσασα
2787 2798 2803 2823 ,
2835 2759 3050 2830 ἔμεινεν
3097 2758 3260 2822 εὐθὺς
3284 2758 3377 2812 ἐπὶ
3408 2760 3709 2830 σχήματος,

2107 2848 2240 2908 ’ἄνω
2270 2852 2455 2906 νεῦσαι
2488 2853 2547 2906 τὸ
2593 2851 2781 2906 λοιπὸν
2809 2853 2909 2909 οὐκ
2943 2852 3222 2924 ἰσχύουσα,
3248 2849 3374 2905 οὔτε
3391 2852 3491 2922 τὴν
3526 2851 3710 2922 ὖρθιον

2125 2944 2359 3012 δύναμιν
2406 2942 2440 3011 ἢ
2499 2940 2787 2996 διάπλασιν
2844 2942 2968 3012 ἥτις
3028 2942 3208 3012 μόνων
3257 2939 3563 3013 ἀνθρώπων
3603 2940 3713 2995 ἰδία

2127 3034 2465 3104 καθέστηκεν
2485 3032 2879 3098 ἐπιδείξασθαι.
2908 3033 3146 3103 Ἀλόγως
3172 3031 3282 3103 γὰρ
3313 3033 3392 3096 εἰς
3413 3032 3542 3094 τοὺς
3566 3032 3711 3102 μάρ-

2126 3141 2297 3197 τυρας
2326 3124 2738 3195 ἁμαρτάνουσα,
2789 3125 2998 3194 ἀλόγων
3047 3125 3218 3195 αὐτὴν
3261 3123 3350 3178 διὰ
3388 3122 3489 3193 τῆς
3520 3125 3598 3185 είς
3642 3122 3713 3175 τά

2127 3216 2277 3271 κάτω
2299 3214 2536 3278 νεύσεως
2564 3215 2957 3287 σωφρονίζουσι
2980 3215 3080 3285 σχή
3091 3231 3242 3286 ματι.
3260 3214 3508 3283 Ἐγένετο
3529 3212 3586 3266 δὲ
3611 3214 3712 3266 οὐκ

2112 3308 2448 3380 θάναλγήτως
2475 3308 2507 3379 ἡ
2541 3307 2795 3378 βάσανος,
2831 3306 2947 3361 ἀλλ’
2970 3306 3126 3378 ἔσχεν
3155 3306 3349 3376 ὀδύνην
3378 3304 3712 3376 τηλικαύτης

2124 3394 2397 3474 τιμωρίας
2430 3402 2757 3456 ἀκόλουθον⁸
2795 3403 2886 3472 ὑφ’
2925 3395 2994 3474 ἦς
3050 3400 3424 3472 μαστιζομένη
3482 3399 3710 3468 σφοδρό-

2124 3515 2264 3553 τατα
2292 3496 2721 3560 πολυκλαύστοις
2756 3498 2961 3565 φωναῖς
2983 3493 3081 3557 τὰς
3127 3492 3515 3565 κεκρυμμένας
3540 3491 3708 3561 ἀλγη-

2125 3590 2284 3657 δόνας
2319 3589 2654 3656 ὑπέφαινεν·
2687 3581 2761 3641 ὧν
2791 3584 3062 3655 ἀγνοοῦσα
3097 3584 3159 3638 τὸ
3195 3584 3368 3638 αἴτιον
3401 3582 3525 3651 (καὶ
3554 3581 3710 3634 τοῦτο

2126 3680 2235 3748 γὰρ
2374 3677 2570 3749 πλήθει
2602 3678 2698 3748 τῆς
2717 3675 3028 3746 δυσφημίας
3068 3673 3431 3746 ἐκέρδαινεν),
3463 3673 3561 3725 καὶ
3592 3671 3710 3725 διαο

2126 3765 2316 3834 δράναι
2342 3763 2581 3817 ποθοῦσα
2606 3765 2695 3817 τθιν
2725 3763 2991 3825 κίνδυνον,
3018 3760 3296 3832 ὁρμαθοὺς
3330 3759 3532 3830 ἰατρῶν
3578 3776 3708 3826 μετ-

2128 3853 2427 3907 εστέλλετο.
2466 3855 2525 3905 0i
2579 3852 2638 3905 δὲ
2680 3850 2975 3924 προθύμως
3031 3849 3341 3920 συνέρρεον,
3403 3847 3708 3917 ἁδροτέρων

2131 3944 2340 4015 μισθῶν
2368 3943 2718 4016 προσδοκίαις
2748 3936 3114 4015 γαυ’ρούμενοι
3137 3957 3151 3973 ο
3188 3940 3325 3994 ἀλλὰ
3355 3938 3563 4010 ταύτης
3607 3940 3708 3993 ἀπ·

2128 4037 2378 4104 ἔπιπτον,
2420 4033 2742 4104 ἀγνοοῦντες
2773 4032 2868 4086 τοῦ
2923 4032 3129 4096 πάθους
3158 4031 3220 4085 τδ
3273 4028 3467 4097 αἴτιον,
3520 4030 3615 4084 καὶ
3657 4032 3707 4083 τί

2130 4128 2306 4179 ποιεῖν
2340 4126 2401 4179 ού
2430 4122 2809 4194 γινώσκοντες.

2203 4220 2331 4272 Ὅτε
2361 4218 2415 4270 δὲ
2442 4217 2671 4279 δεόντως
2705 4213 2897 4286 αὐτὴν,
2924 4212 3123 4284 μᾶλλον
3144 4212 3202 4267 δὲ
3234 4208 3630 4283 φιλανθρώπως
3658 4211 3706 4263 οἱ

2114 4311 2411 4382 ’μάρτυρες
2443 4307 2667 4376 ἔτυψαν,
2710 4308 2806 4361 καὶ
2849 4307 3055 4374 γνῶναι
3094 4304 3275 4358 αὐτῶν
3306 4304 3422 4366 ταῖς
3452 4303 3705 4355 κολάσεσι

424 4407 529 4451 -tas
565 4410 755 4467 poenas
787 4397 1044 4452 virtutem
1087 4405 1467 4468 cognosceret,
1518 4399 1880 4468 peregissent,
1927 4414 2025 4469 pa-

2134 4402 2232 4472 τὴν
2253 4399 2422 4470 ἀλκὴν
2449 4396 2891 4469 παρεσκεύασαν,
2916 4395 3195 4466 φαίνονται
3226 4394 3346 4448 καθ’
3378 4391 3548 4446 ὕπνον
3571 4394 3704 4462 αὐτῇ

447 4498 624 4545 tenter
658 4490 710 4543 in
746 4491 955 4546 somnis
1000 4498 1243 4545 astantes
1273 4492 1344 4558 ei,
1379 4493 1801 4561 niitioribnsque
1844 4494 2024 4549 verbis

445 4583 691 4638 dicentes
725 4582 897 4638 :Veui
919 4582 985 4638 ad
1019 4598 1134 4643 nos.
1180 4585 1232 4636 iu
1262 4582 1425 4637 domo
1470 4583 1617 4638 enim
1668 4597 1767 4638 sua
1807 4590 1945 4650 erat,
1970 4592 2025 4639 et

436 4676 736 4729 sanitatem
770 4688 871 4729 nos
907 4675 1005 4728 tibi
1040 4660 1404 4741 donabimus;
1438 4693 1456 4725 ι
1494 4674 1607 4739 illa,
1644 4682 1697 4727 ct
1727 4693 1744 4726 ‹
1770 4673 2025 4740 Quiestis

426 4781 565 4832 -vos,
612 4765 980 4835 respondebat
1020 4765 1086 4818 ad
1118 4781 1235 4831 eos,
1277 4777 1333 4820 ut
1369 4767 1491 4835 p‘us
1520 4780 1680 4833 quam
1715 4775 1794 4820 tot
1826 4765 2023 4821 medici

442 4857 759 4914 valeatis?»
793 4858 872 4912 llti
927 4868 1181 4913 autemzr
1228 4855 1358 4924 Nos,
1399 4858 1677 4927 inquiunt,
1739 4873 1772 4914 ο
1805 4858 2023 4925 mulier,

443 4946 622 5018 Cyrus
646 4957 701 5003 et
730 4945 973 5002 Joannes
1005 4953 1275 5017 martyres
1297 4960 1511 5007 sumus.
1538 4947 1630 5015 qui
1669 4960 1885 5016 semper
1911 4961 1940 5000 a
1975 4954 2026 5002 te

444 5040 855 5096 deridebamur.
893 5039 958 5093 Et
988 5038 1034 5094 si
1066 5055 1189 5094 cum
1211 5037 1312 5092 [ide
1334 5039 1386 5092 in
1407 5037 1631 5093 domum
1662 5040 1876 5095 veneris
1898 5056 2027 5096 uos-

447 5144 607 5197 tram,
640 5139 892 5186 nostrum
931 5128 1503 5201 experieris‘donum,
1535 5131 1678 5186 sicut
1707 5139 1933 5201 experta
1968 5147 2028 5187 es

445 5233 497 5279 et
527 5221 824 5294 ﬂagellum.
851 5243 869 5278 ι
907 5222 973 5278 Ει
1011 5224 1098 5279 his
1127 5232 1394 5294 martyres
1420 5223 1600 5288 dictis,
1629 5224 2023 5280 discesserunt.

449 5316 544 5373 Illa
576 5330 708 5371 vero
737 5329 937 5371 somno
958 5314 1427 5386 dimisso,Cyrum
1457 5314 1749 5370 invocabat
1774 5322 2027 5369 sanctum

445 5417 501 5467 et
542 5405 813 5471 Joannem
862 5407 989 5480 Cyri
1027 5416 1475 5480 commartyrem,
1502 5423 1644 5479 quos
1671 5416 1798 5463 ante
1833 5407 2028 5478 paulu-

446 5502 562 5555 lum
591 5501 900 5561 deridebat.
945 5507 998 5554 et
1040 5499 1106 5554 ad
1154 5500 1292 5557 istos
1327 5500 1514 5555 venire
1563 5498 1877 5562 festinabat,
1910 5514 2029 5568 qua:

445 5600 576 5646 autc
608 5591 880 5648 modicum
930 5593 1210 5649 venientes
1248 5592 1313 5647 ad
1362 5594 1504 5659 ilius,
1552 5593 1806 5647 conritiis
1859 5593 2030 5663 impc-

449 5687 610 5748 tclzat.

1202 5818 1236 5834 ﬁ.

2132 4492 2545 4565 παριστάμενοι,
2565 4490 2658 4544 καὶ
2673 4490 2992 4561 πραοτέροις
3019 4491 3228 4560 ῥήμασι
3254 4488 3524 4556 λέγοντες
3559 4484 3706 4539 Ἐλθὲ

2130 4585 2266 4658 πρὸς
2290 4585 2436 4654 ἡμᾶς
2468 4582 2567 4652 (είς
2602 4577 2749 4635 οἷκον
2789 4586 2898 4653 γὰρ
2925 4582 3137 4652 ὑπῆρχε
3166 4582 3257 4634 τὸν
3285 4579 3462 4651 ἴδιον),
3487 4579 3585 4633 καὶ
3612 4578 3707 4649 τὴν

2129 4677 2294 4748 ρὦιν
2319 4678 2482 4746 ἡμεῖς
2518 4691 2600 4728 σοι
2633 4673 2972 4744 δωρούμεθα
3019 4673 3083 4726 Ἦ
3117 4673 3196 4736 δὲ,
3218 4673 3372 4735 Τίνες
3389 4673 3498 4742 γαρ
3531 4671 3705 4741 ὑμεῖς,

2112 4768 2264 4839 ’πρὸς
2337 4766 2535 4829 αὐτοὺς
2589 4765 2965 4835 ἀπεκρίνατο,
3018 4764 3102 4817 ὅτι
3153 4760 3424 4816 τοσούτων
3509 4760 3706 4832 ἰατρῶν

2128 4858 2310 4911 πλεῖον
2367 4856 2607 4927 ἰσχύετε;
2658 4858 2722 4909 Οἱ
2781 4856 2860 4919 δὲ,
2908 4856 3118 4925 Ἡμεῖς,
3173 4855 3383 4923 φασὶν,
3437 4846 3482 4906 ὦ
3528 4854 3702 4920 γύναι,

2127 4948 2470 5019 τυγχάνομεν
2500 4948 2683 5019 Κῦρος
2711 4948 2804 5001 καὶ
2846 4947 3094 5017 Ἰωάννης
3128 4949 3175 4999 οἱ
3209 4946 3507 5017 μάρτυρες⁹
3546 4946 3595 4997 οἱ
3624 4945 3705 4997 ἀεὶ

2114 5046 2280 5114 παρα
2312 5041 2403 5095 σοῦ
2436 5041 2858 5111 κωμῳδούμενοι
2879 5056 2891 5075 ι
2918 5038 3032 5092 ἀλλ’
3076 5041 3126 5091 εί
3183 5038 3320 5107 μετὰ
3364 5037 3602 5099 πίστεως
3630 5038 3704 5100 εἰς

2128 5131 2275 5188 οἷκον
2297 5134 2469 5197 ἔλθοις
2499 5134 2788 5203 ἡμέτερον,
2833 5133 3102 5201 ἡμετέρου
3144 5130 3338 5183 θᾶττον
3388 5129 3702 5201 πειραθήσει

2129 5227 2472 5297 δωρήματος,
2526 5225 2715 5291 ὥσπερ
2764 5223 3058 5294 ἐπειράθης
3107 5223 3202 5276 καὶ
3265 5222 3555 5293 μάστιγος.
3602 5220 3701 5273 Καὶ

2128 5316 2302 5369 ταῦτα
2327 5315 2425 5383 μὲν
2459 5317 2507 5367 οἱ
2541 5314 2818 5384 μάρτυρες
2852 5313 3097 5374 εἰπόντες
3133 5311 3415 5382 ἁπῴχοντο
3439 5326 3453 5340 ’
3481 5312 3516 5379 ἡ
3541 5310 3595 5362 δε
3618 5308 3701 5362 τὸν

2133 5407 2298 5461 ὕπνον
2326 5407 2525 5468 εὐθέως
2574 5407 2806 5464 ὲάτασα.
2851 5405 3031 5474 Κῦρον
3071 5403 3275 5457 ἐπεϐόα
3300 5402 3392 5455 τον
3435 5402 3594 5470 ἅγιον
3616 5401 3700 5454 καὶ

2144 5500 2399 5570 Ἰωάννην
2425 5500 2514 5552 τὸν
2548 5499 2731 5570 Κύρου
2759 5498 3148 5569 συμμάρτυρα,
3196 5496 3288 5560 οὓς
3328 5496 3433 5567 πρὸ
3466 5495 3700 5566 βραχέως

2661 5590 2716 5651 ‘2;
2770 5588 2993 5650 τούτους
3037 5587 3210 5640 ἐλθεῖν
3265 5585 3692 5651 utarei}!st

2133 5591 2425 5657 ὲτώοαζεν,
2456 5591 2549 5644 καὶ
2582 5591 2716 5660 προς

2137 5681 2240 5751 προ
2268 5680 2461 5751 μικροῦ
2497 5682 2619 5744 τοὺς
2646 5679 2779 5751 πρῖις
2812 5678 3003 5741 αἶατοῦς
3032 5677 3355 5749 ἐρχομένους
3386 5674 3690 5746 ὑϐρίζοντα.
