4002 6312
174 311 332 378 3513

1168 321 1272 385 SS.
1308 322 1485 384 (ΞΥΒί
1516 324 1614 385 ΕΤ
1655 323 1980 386 JOANNIS
2014 327 2432 391 MIRACULA.

2098 212 2128 235 ο

3330 330 3470 395 3514

218 454 221 459 ν
268 434 416 488 Ἀλλ’
439 429 553 504 ἄρα
605 433 744 507 πρὸς
781 436 982 503 αὐτοὺς
1020 435 1252 494 ἐλθοῦσα
1278 439 1382 509 τῆς
1427 439 1643 505 ἐλπίδος
1676 439 1782 509 ἀφ·

1960 438 2067 494 Sed
2112 448 2273 510 putas
2307 456 2432 497 cum
2468 454 2563 498 eos
2598 442 2934 509 advenisset,
2965 450 3019 502 et
3053 460 3150 516 spe
3200 442 3466 502 frustrata

176 541 472 596 ηςιαρτενς
516 525 822 597 Οὐδαμῶς*
855 528 976 590 πῶς
1003 530 1114 602 γὰρ
1137 525 1250 584 οἷόν
1279 547 1339 584 τε
1366 527 1435 602 ἦν
1476 532 1603 594 τοὺς
1639 530 1784 601 μάρ-

175 633 364 686 τυρας
409 616 741 687 ψεύσασθαι,
802 621 1053 692 μιμητὰς
1084 621 1179 675 τοῦ
1204 621 1464 694 Σωτῆρος
1488 622 1785 692 τυγχάνον-

177 724 327 775 ταςς
362 708 427 761 Οἳ
458 708 632 777 δεῖξαι
665 709 745 780 τῷ
780 711 991 782 γυναίῳ
1019 711 1349 784 θελήσαντες
1398 712 1499 784 τὴν
1542 713 1783 784 ἀνυπέρ-

179 798 394 870 ϐλητον
420 800 602 854 αὐτῶν
658 802 754 855 καὶ
801 802 1094 871 ἀνέφικτον
1121 803 1373 875 δύναμιν,
1417 805 1512 858 καὶ
1563 806 1625 858 τὸ
1672 807 1783 860 τῶν

181 895 556 965 μαρτυρικῶν
583 896 944 966 χαρισμάτων
990 897 1323 968 ὑπέρογκον,
1372 899 1637 970 ὀξυτέραν
1681 899 1782 970 τῆς

182 987 465 1055 μάστιγος
493 985 593 1058 τὴν
623 987 793 1057 ρῶσιν
825 989 1153 1059 εἰργάσαντο
1172 1004 1188 1023 ο
1214 991 1647 1062 ταμιευσάμενοι
1673 991 1781 1064 γᾶρ

176 1078 299 1144 ἕως
329 1073 395 1134 οὗ
434 1079 571 1150 πρὸς
601 1080 801 1145 αὐτοὺς
848 1082 1206 1153 παρεγένετο,
1255 1084 1370 1155 ἅμα
1404 1085 1462 1139 δὲ
1516 1084 1608 1138 τὸν
1636 1085 1781 1156 ἱερὸν

178 1171 406 1225 ἐκεῖνον
436 1171 575 1244 αὑτὴ
610 1170 822 1243 βατῆρα
878 1173 971 1227 τοῦ
1025 1174 1289 1245 τεμένους
1343 1175 1639 1246 ὲπάτησεν,
1682 1177 1784 1245 τῆς

182 1263 532 1334 συνεχούσης
585 1264 749 1329 εὐθὺς
814 1265 1193 1336 ἀπηλλάττετο
1244 1266 1539 1336 μάστιγος’
1599 1266 1693 1318 καὶ
1721 1265 1784 1320 τὸ

179 1354 348 1409 κάτω
379 1356 560 1410 νεύειν
588 1359 769 1411 ἐκεῖσε
795 1358 1168 1431 προσρίψασα,
1198 1358 1367 1431 ὀρθίῳ
1409 1359 1491 1431 τῷ
1543 1360 1782 1430 σχήματι

102 1520 105 1523 _
178 1449 249 1503 τὸ
281 1449 585 1519 μαρτύριον
618 1450 854 1505 ὥδευεν·
912 1452 1008 1506 καὶ
1064 1453 1206 1507 κατά
1249 1452 1413 1522 φύσιν
1468 1452 1781 1523 βαδίζουσα,

178 1541 589 1612 χαριστηρίους
641 1542 826 1612 φωνὰς
873 1544 973 1614 τῆς
1003 1561 1063 1597 τε
1094 1546 1347 1611 παιδείας
1378 1546 1479 1616 τῆς
1511 1562 1570 1599 τε
1623 1545 1785 1617 θεραο

1891 532 2013 588 est?
2052 546 2423 602 nequaquam.
2476 533 2764 599 Quomodo
2791 534 2937 590 ettim
2978 550 3105 591 esse
3151 543 3369 606 poterat
3410 542 3468 588 ut

1891 634 2162 696 martyres
2195 626 2584 692 mentirentur,
2621 642 2746 681 cum
2781 626 3084 683 Salvatoris
3115 636 3303 682 essent
3341 628 3460 682 imi-

1891 718 2137 773 tatores?
2158 716 2261 784 Qui
2297 718 2587 774 ostendere
2602 719 2846 774 volentes
2878 721 3092 775 mulieri
3122 720 3472 790 incomparao

1889 809 2054 863 bilem
2099 820 2152 864 et
2200 810 2816 879 incomprehensibilem
2861 812 3120 867 virtutem
3172 827 3366 873 suam,
3417 818 3471 863 et

1889 901 2312 971 martyrieorttm
2340 901 2734 956 charismatum
2756 903 3203 972 magnitudinem,
3236 902 3472 957 velociu-

1890 1008 2006 1047 rem
2059 993 2393 1060 sanitatem,
2474 1010 2638 1062 quam
2689 994 2961 1066 ﬂagellum
3013 995 3210 1058 fuerit,
3255 992 3466 1063 operati

1891 1096 2038 1139 sunt.
2074 1082 2465 1140 Verumtamen
2491 1083 2825 1140 distulerunt
2860 1085 2987 1151 hoc,
3012 1085 3188 1139 donec
3222 1084 3340 1153 ipsa
3374 1096 3468 1136 vc-

1892 1176 2036 1233 niret
2064 1176 2130 1231 ad
2152 1191 2268 1232 cos.
2303 1176 2443 1232 Cum
2474 1184 2656 1233 autem
2694 1193 2915 1233 sacrum
2949 1178 3112 1232 limen
3141 1175 3326 1245 templi
3359 1175 3472 1228 cal-

1890 1277 2088 1334 casset,
2142 1282 2171 1322 a
2220 1267 2437 1339 ﬂagello
2468 1284 2576 1338 quo
2607 1270 2897 1325 tenebatur
2944 1269 3209 1324 continuo
3240 1267 3470 1323 liberata

1890 1368 1998 1425 est,
2040 1367 2093 1413 et
2129 1360 2242 1414 illic
2285 1360 2517 1431 proclivi
2564 1361 2890 1416 curvatione
2936 1361 3216 1431 projecta,
3259 1359 3472 1413 directo

1891 1451 2180 1508 schemate
2215 1467 2312 1524 per
2348 1452 2654 1507 oratorium
2690 1451 3031 1518 ambulabat,
3062 1462 3115 1506 et
3148 1451 3473 1506 naturaliter

1892 1543 2187 1610 incedens,
2242 1544 2539 1614 gratiarum
2602 1560 2768 1600 voces
2823 1553 2931 1599 tam
2970 1559 3069 1615 pro
3106 1544 3473 1613 castigatione

110 1647 124 1700 ξ
181 1630 356 1723 πείας
404 1635 519 1698 τοῖς
549 1634 727 1702 ἁγίοις
758 1636 1289 1710 προσέφερεν.”Οθεν
1315 1641 1415 1709 τῆς
1442 1640 1526 1708 ἐφ’
1547 1639 1784 1710 ἑκάτερα

1898 1648 2053 1704 quam
2086 1650 2187 1704 pro
2209 1637 2494 1690 curatione
2529 1636 2740 1691 sanctis
2776 1635 2976 1690 obtulit
3012 1651 3026 1688 :
3064 1634 3209 1688 unde
3238 1632 3290 1686 in
3322 1641 3474 1685 utro-

181 1721 402 1775 τούτων
443 1726 774 1797 πειραθεῖσα
831 1727 1137 1799 δυνάμεως,
1166 1729 1461 1802 θεραπείας
1494 1731 1639 1800 λέγω
1694 1730 1788 1783 καὶ

188 1814 486 1884 μάστιγος,
519 1817 630 1871 τῶν
674 1820 736 1872 οὐ
785 1822 1157 1891 πειραθέντων
1197 1823 1360 1877 πλέον
1397 1824 1595 1887 αὐτοὺς
1625 1823 1790 1894 ἐτίμα

184 1905 291 1959 καὶ
325 1904 545 1959 ἔσεϐεν·
584 1908 678 1961 καὶ
706 1909 767 1962 οὐ
805 1910 968 1979 μόνον
995 1910 1284 1983 μάρτυρας
1306 1913 1531 1976 τούτους
1553 1913 1790 1985 ἐκήρυτ-

185 2014 309 2063 τεν,
343 1996 479 2053 ἀλλὰ
505 1987 601 2053 καὶ
630 2000 703 2054 τά-
734 2001 929 2072 πρῶτα
960 2004 1150 2074 φέρειν
1175 2007 1233 2058 ἐν
1270 2005 1544 2077 μάρτυσιν
1573 2005 1782 2076 ἔλεγεν.

186 2088 484 2146 Ἐντεῦθεν
514 2092 732 2152 πολλοῖς
764 2094 964 2159 αὐτοὺς
1011 2094 1273 2166 δάκρυσιν
1330 2096 1660 2167 ἐμειλίξατο,
1693 2095 1789 2151 καὶ

188 2181 423 2247 πολλαῖς
454 2183 548 2236 καὶ
595 2184 885 2248 πλουσίαις
927 2188 1273 2258 προσφοραῖς
1313 2186 1613 2257 ὲθεράπευε
1637 2227 1652 2252 ,
1689 2189 1790 2259 τῆς

188 2274 472 2345 πῳτέρας
497 2274 706 2347 ὕϐρεως
724 2276 910 2342 ἕνεκα,
930 2278 1023 2332 καὶ
1041 2277 1140 2348 τῆς
1159 2278 1399 2349 ὑστέρας
1422 2279 1558 2349 πρὸς
1585 2277 1785 2339 αὐτοὺς

191 2367 553 2437 ἀγαπήσεως.
594 2370 703 2422 Καὶ
733 2368 876 2423 οὕτω
924 2369 1023 2440 μὲν
1060 2369 1355 2424 Ἀθανασία
1406 2370 1504 2441 τῆς
1536 2368 1787 2432 παιδείας

191 2458 476 2526 ἀπώνατο,
507 2460 603 2514 καὶ
622 2460 722 2530 τὴν
746 2461 910 2531 προτέ
921 2478 1017 2532 ραν
1050 2461 1321 2532 ἀπείληφε
1347 2463 1413 2532 τῇ
1449 2458 1789 2532 μεταγνώσει

193 2553 524 2623 παράνοιαν,
554 2553 623 2607 τὰ
653 2555 933 2625 πρέποντα
961 2573 1026 2608 πε
1036 2555 1090 2627 ρὶ
1114 2555 1227 2608 τῶν
1250 2555 1421 2623 ἁγίων
1446 2555 1785 2625 φρονήσασα.

206 2643 407 2716 Ἧμεῖς
436 2646 491 2700 δὲ
521 2647 747 2709 τούτους
776 2648 864 2701 ἀεὶ
892 2649 1160 2718 τιμῶντες
1188 2649 1281 2702 καὶ
1300 2646 1570 2712 σέϐοντες.
1590 2648 1686 2701 καὶ
1714 2646 1791 2711 ὡς

193 2739 393 2807 ἁγίους
418 2740 772 2811 γεραίροντες
828 2741 1132 2812 μάρτυρας,
1189 2741 1282 2794 καὶ
1328 2742 1441 2804 τοῖς
1488 2739 1631 2811 ὑπὲρ
1658 2740 1792 2809 Χρι-

196 2830 330 2884 στοῦ
368 2832 665 2886 πεπονθόσι
701 2834 1111 2896 συντάττοντες,
1155 2832 1326 2898 ἀξίως
1355 2833 1446 2887 καὶ
1488 2832 1584 2886 νῦν
1623 2833 1792 2903 εὐφη-

197 2923 500 2991 μήσαντες,
544 2923 712 2993 ἀλλην
737 2923 992 2995 διήγησιν
1039 2923 1365 2995 γράψωμεν,
1407 2924 1475 2977 δι’
1501 2919 1573 2998 ἦς
1608 2924 1789 2977 αὐτῶν

1891 1739 1998 1795 que
2042 1725 2238 1779 horum
2283 1732 2509 1795 experta
2539 1726 2826 1793 virtutem,
2854 1725 3145 1780 curatione
3181 1724 3398 1778 scilicet
3422 1732 3476 1777 et

1889 1816 2123 1886 ﬂagello,
2178 1816 2301 1887 plus
2335 1816 2423 1872 his
2467 1816 2562 1888 qui
2609 1817 2821 1887 experti
2869 1831 2978 1871 non
3010 1815 3227 1872 fuerant
3260 1812 3476 1868 colebat

1890 1922 1986 1963 eos
2008 1916 2061 1962 et
2086 1907 2432 1972 honorabat;
2466 1915 2520 1961 et
2549 1922 2657 1962 non
2691 1906 2872 1962 solum
2903 1915 3176 1978 martyres
3210 1905 3312 1961 hos
3339 1921 3476 1976 prm-

1888 1998 2132 2064 dicabat,
2162 1997 2259 2053 sed
2285 2005 2339 2053 et
2379 1997 2681 2069 primatum
2705 2012 2897 2069 gerere
2920 1999 3066 2052 inter
3088 2008 3361 2068 martyres
3383 2011 3475 2049 as-

1890 2089 2129 2145 serebat.
2164 2087 2302 2144 llinc
2349 2088 2538 2144 multis
2571 2102 2668 2144 eos
2708 2088 2968 2161 lacrymis
3006 2089 3253 2160 placans,
3289 2087 3476 2142 multis

1890 2201 1955 2241 ac
1977 2185 2186 2241 ditibus
2214 2184 2591 2239 oblationibus
2626 2182 2961 2249 lmtitl'cabat,
2995 2188 3107 2235 tam
3142 2179 3346 2251 prioris
3390 2179 3478 2233 in-
3509 2207 3513 2211 ν

1886 2262 2048 2350 juria:
2081 2292 2244 2348 quam
2273 2276 2600 2348 posterioris
2646 2275 2961 2330 dilectionis
2988 2288 3119 2341 erga
3149 2287 3244 2328 eos
3277 2271 3476 2326 habitae

1890 2384 2082 2427 causa.
2119 2369 2185 2424 Et
2214 2367 2432 2440 quidem
2464 2368 2546 2424 sic
2575 2368 2882 2423 Athanasia
2905 2366 3197 2436 disciplina
3217 2364 3472 2436 profecit,

1890 2469 1943 2519 et
1972 2462 2209 2533 priorem
2245 2461 2588 2532 resipiscens
2633 2459 2931 2514 amentiam
2980 2457 3163 2522 diluit,
3211 2456 3463 2512 deeeut'a

1892 2571 2059 2625 super
2081 2554 2290 2611 sanctis
2319 2554 2387 2609 de
2434 2561 2635 2609 cetero
2685 2552 2950 2609 sentiens.
3001 2549 3111 2606 Nos
3164 2556 3344 2604 autem
3390 2548 3479 2602 his

1892 2661 2112 2716 semper
2150 2645 2361 2700 honore
2399 2653 2453 2699 et
2482 2643 2633 2699 cultu
2676 2641 2883 2698 celebri
2917 2639 3142 2704 habitis,
3175 2647 3230 2694 et
3260 2646 3321 2694 ut
3351 2653 3480 2693 san-

1893 2738 1999 2794 ctis
2041 2736 2382 2808 martyribus
2422 2733 2775 2798 collaudatis,
2818 2748 3058 2802 cmnque
3101 2730 3187 2785 his
3239 2729 3330 2800 qui
3381 2742 3480 2797 pro

1891 2829 2118 2885 Christo
2184 2831 2329 2900 passi
2384 2835 2513 2884 sunt
2554 2826 3009 2889 connumcratis,
3064 2821 3337 2892 condigne
3378 2820 3480 2875 hos

1892 2921 2057 2976 etiam
2092 2935 2238 2976 nunc
2273 2920 2581 2984 laudemus,
2612 2919 2774 2973 aliam
2800 2918 3122 2973 relationem
3155 2915 3479 2978 scribentes,

194 3013 296 3066 καὶ
343 3012 403 3066 τὸ
446 3012 739 3066 στυπτικὸν
772 3013 867 3067 καὶ
890 3015 951 3068 τὸ
965 3014 1345 3085 εὖσπλαγχνον
1390 3012 1790 3085 παραπλησίως

1898 3029 1994 3086 per
2023 3029 2185 3083 quam
2229 3028 2420 3070 eorum
2454 3021 2510 3068 et
2544 3011 2842 3067 austeritas
2870 3017 2923 3064 et
2963 3008 3067 3064 mis
3090 3006 3342 3061 ricordia
3384 3019 3483 3074 pa-

196 3103 611 3189 γνωσθήσεται,
672 3104 702 3157 ὃ
762 3104 969 3166 πάντας
1017 3105 1302 3176 εὐεργετεί
1346 3105 1790 3176 γιγνωσκόμενον

194 3195 332 3260 τοὺς
369 3196 445 3268 μὴ
474 3195 767 3268 παρέργως
791 3194 899 3250 τῶν
928 3195 1240 3267 λεγομένων
1273 3193 1593 3261 ἀκούοντας.

407 3368 488 3424 Δ’.
520 3368 659 3438 Περὶ
686 3368 912 3425 Γεσιόυ
941 3369 1051 3424 τοῦ
1068 3369 1557 3440 ίατροσοφιστοῦ.

275 3460 522 3534 Πάρεστι
575 3461 671 3515 νῦν
719 3463 816 3516 καὶ
864 3465 893 3516 ὁ
957 3462 1149 3525 Γέσιος
1198 3461 1259 3514 οὐ
1291 3459 1626 3531 τεχνολογῶν
1680 3458 1793 3513 τῶν

197 3554 380 3624 ἁγίων
418 3554 485 3608 τά
509 3554 799 3631 φάρμακα,
830 3554 927 3607 καὶ
978 3552 1306 3625 θεραπεύειν
1328 3555 1454 3617 τοὺς
1484 3553 1795 3623 πάσχοντας

198 3645 353 3700 κατὰ
414 3645 614 3716 θεσμὸν
640 3645 838 3708 αὐτοὺς
870 3645 1113 3715 ἰατρικὸν
1161 3643 1610 3716 βρενθυνόμενος,
1657 3645 1796 3698 ἀλλὰ

202 3738 383 3794 νοσῶν
400 3738 494 3791 καὶ
522 3736 771 3809 σφοδρῶς
795 3735 1155 3807 ὀδυνώμενος,
1223 3736 1317 3789 καὶ
1350 3736 1453 3805 τῆς
1472 3725 1641 3800 ’θείας
1699 3753 1797 3808 με·

197 3833 430 3901 τασχεῖν
456 3830 664 3900 δωρεᾶς
693 3828 1041 3900 ὀρεγόμενος,
1069 3824 1137 3902 ἦς
1198 3827 1516 3891 ἀπολαύσας
1571 3828 1797 3899 ἁδρότε-

206 3941 303 3992 ρον
333 3922 429 3974 καὶ
458 3920 642 3975 θεόθεν
675 3919 857 3974 ἰᾶσθαι
913 3920 1269 3991 μαρτυρήσας
1313 3920 1440 3983 τοὺς
1488 3919 1793 3989 μάρτυρας,

208 4013 380 4084 μηδὲν
428 4006 568 4067 εἶναι
625 4012 736 4065 τῶν
777 4011 978 4083 ἰατρῶν
1024 4012 1094 4065 τὰ
1126 4011 1487 4082 κομψεύματα
1512 4010 1649 4082 πρὶς
1700 4011 1797 4082 τὴν

203 4106 320 4157 τῶν
349 4107 523 4173 ἁγίων
564 4104 740 4173 ἀλκὴν
776 4105 1117 4175 ἀπεςήνατο.
1163 4103 1425 4174 Λέξωμεν
1457 4102 1634 4157 τοίνυν
1700 4103 1799 4156 αὑ·-

204 4198 306 4253 τοῦ
332 4199 434 4270 τὴν
464 4198 775 4261 ἀσθένειαν,
804 4198 899 4251 καὶ
916 4198 1014 4269 τῆς
1058 4196 1347 4261 ἀσθενείας
1373 4198 1434 4251 τὸ
1473 4197 1664 4259 αἴτιον,
1704 4196 1800 4251 καὶ

205 4292 270 4346 τὸ
300 4292 506 4362 ταύτης
535 4280 892 4363 χαριέστατον
926 4292 1241 4363 φάρμακον,
1277 4290 1379 4344 κάν
1433 4294 1479 4344 εἰ
1503 4291 1664 4353 αὐτὸς
1716 4292 1799 4356 εἰς

208 4386 293 4439 ἔτι
313 4386 407 4439 καὶ
442 4384 538 4440 νῦν
562 4383 973 4455 ἐπαισχύνεται,
1005 4384 1097 4436 καὶ
1153 4381 1516 4452 φανεροῦσθαι
1548 4384 1712 4435 πᾶσιν
1734 4383 1795 4436 οὐ

208 4478 464 4551 βούλεται
490 4478 837 4549 γράμμασιν.
885 4477 1154 4548 Σοφιστὴς
1184 4478 1213 4530 ὁ
1250 4476 1436 4541 Γέσιος
1470 4475 1683 4548 ὑπῆρχε
1709 4492 1799 4530 σο-

208 4571 483 4643 φώτατος,
512 4571 571 4623 οὐ
604 4570 795 4637 λόγους
819 4571 1144 4642 ῥητορικοὺς
1187 4567 1574 4640 ἐξηγούμενος,
1592 4568 1685 4621 καὶ
1710 4567 1800 4622 δ.ὰ

206 4664 370 4720 τοῦτο
418 4663 601 4733 φορῶν
650 4664 712 4716 τὸ
752 4662 1063 4737 τριϐώνιον,
1115 4662 1253 4717 ἀλλά
1292 4662 1490 4734 τέχνης
1541 4661 1797 4733 ἰατρικῆς

209 4756 638 4827 προϊστάμενος,
668 4757 761 4809 καὶ
794 4754 999 4823 ταύτης
1042 4754 1139 4808 σὺν
1186 4754 1444 4827 ἀκριϐείᾳ
1476 4754 1798 4818 διδασκαλος

207 4851 323 4911 τοῖς
358 4847 693 4918 μανθάνουσι
723 4846 846 4899 κατ’
875 4847 1056 4898 ἐκεῖνο
1116 4844 1311 4918 καιροῦ
1371 4844 1796 4918 γνωριζόμενος.

209 4933 382 5004 Οὗτος
426 4940 454 4992 ὁ
497 4945 658 5008 σορὸς
702 4940 760 4992 ἐν
794 4938 973 5007 λύγοις
1012 4937 1321 5008 αἰρόμενος,
1365 4939 1460 4991 καὶ
1492 4937 1802 5002 καλλίστοις

212 5034 421 5103 ἰατροῖς
488 5031 670 5102 ίατρὸς
709 5030 1098 5102 φημιζὸμενος,
1137 5028 1452 5100 Ἑλληνικῆς
1504 5029 1604 5084 οὐκ
1654 5023 1723 5098 ἦν
1775 5030 1803 5082 ὁ

209 5123 523 5196 τρισάθλιος
569 5123 995 5193 δεισιδαιμονίας
1047 5122 1353 5193 ἐλεύθερος,
1404 5121 1479 5182 ὼς
1526 5120 1709 5190 ἔλεγον
1752 5123 1801 5179 οἰ

214 5217 405 5290 σαφῶς
429 5219 494 5272 τα
528 5218 649 5271 κατ’
712 5217 874 5271 αὐτὸν
899 5216 1277 5286 ἐπιστάμενοι,
1341 5215 1436 5269 καὶ
1457 5216 1517 5269 τὸ
1543 5214 1798 5268 ἀκούσιον

212 5311 395 5366 αὐτῶν
418 5311 754 5381 ἐθριάμϐευε
786 5310 1091 5381 βάπτισμα,
1110 5310 1247 5381 ὅπερ
1281 5306 1509 5378 ἀπειλὴν
1543 5306 1802 5378 φοϐηθεὶς

216 5403 503 5475 βασιλικὴν
535 5400 868 5456 ἐϐαπτίσατο
889 5417 903 5432 ⁸
926 5401 1130 5456 καὶτοῦ
1160 5399 1302 5454 θείου
1336 5398 1596 5471 λουτῆρος
1612 5398 1800 5465 ἀνιὼν,

213 5500 275 5553 τὺ
324 5496 624 5568 Ὁμηρικὸν
647 5496 826 5548 ἐκεῖνο
858 5493 1133 5558 δυσσεὸὦς
1162 5491 1547 5562 ἀπεφθέγξατο
1570 5506 1584 5522 ⁸

247 5589 398 5655 Αἶας
422 5587 473 5642 δ’
504 5589 920 5654 ἐξοπόλωλεν,
955 5584 1083 5640 ἐπεὶ
1117 5585 1256 5639 πίεν
1289 5584 1562 5654 ἁλμυρὸν
1585 5582 1763 5652 ὕδωρ.

287 5681 506 5753 Ταύτην
557 5677 652 5737 οὖν
681 5679 776 5732 καὶ
815 5677 1042 5750 μυηθεὶς
1082 5678 1152 5732 τὰ
1204 5677 1481 5741 θειότατα,
1541 5675 1797 5746 κρύπτων

222 5778 350 5846 παρ’
374 5776 550 5849 ἑαυτῷ
584 5773 678 5846 τὴν
707 5772 1046 5840 δυσσέϐειαν,
1083 5771 1362 5843 ὲκωμῴδει
1398 5770 1495 5842 μὲν
1537 5769 1621 5827 ἀεὶ
1663 5770 1767 5841 Χρι

1893 3111 2027 3165 riter
2060 3115 2449 3178 cognoscatur,
2481 3121 2604 3176 quae
2625 3104 2884 3160 omnibus
2918 3099 3187 3156 beneﬁcia
3216 3107 3484 3170 praestare

1893 3203 2259 3275 dignoscitur,
2290 3201 2381 3273 qui
2407 3218 2513 3255 non
2541 3198 2914 3272 perfunctorie
2938 3213 3058 3268 quae
3095 3196 3354 3252 dicuntur
3384 3190 3478 3248 au-

1893 3296 2118 3353 dicrint.

2209 3381 2382 3440 XXX.
2425 3379 2498 3434 De
2544 3377 2699 3435 Casio
2759 3377 3162 3447 ialrosophista.

1965 3477 2135 3534 Adest
2160 3491 2308 3530 nunc
2328 3474 2496 3528 etiam
2529 3471 2753 3536 Gesius,
2781 3485 2891 3525 non
2926 3469 3226 3523 artiﬁciose
3258 3467 3326 3523 de
3353 3481 3485 3521 san-

1894 3580 2107 3625 ctormn
2151 3565 2408 3621 remediis
2431 3566 2749 3634 disputans,
2782 3577 2886 3615 nec
2917 3575 3015 3615 eos
3043 3574 3240 3614 curare
3270 3557 3487 3627 patien-

1896 3669 1977 3716 tt-s
2019 3656 2326 3714 secundum
2374 3656 2500 3725 jura
2534 3653 2886 3709 medicinalia
2916 3651 3204 3720 jaetitans,
3235 3649 3329 3703 sed
3365 3647 3486 3701 lan-

1896 3765 2070 3820 guens
2112 3757 2167 3805 et
2208 3748 2411 3819 oppido
2440 3746 2655 3811 dolens,
2688 3744 2999 3814 divinaeque
3031 3744 3278 3811 ipsorum
3309 3741 3488 3796 duna-

1896 3843 2065 3897 tionis
2091 3839 2414 3911 participari
2446 3837 2795 3903 desiderans,
2826 3851 2936 3906 qua
2969 3832 3259 3905 magniﬁce
3288 3831 3485 3894 fretus.

1897 3942 1952 3989 et
1998 3931 2268 3987 divinitus
2300 3945 2498 3987 sanare
2529 3936 2797 3998 martyres
2826 3934 3140 3988 attestatus.
3188 3924 3325 3979 nihil
3364 3938 3488 3979 esse

1898 4025 2238 4080 medicorum
2283 4021 2546 4092 ambages
2605 4019 2672 4074 ad
2727 4017 3202 4089 comparationem
3264 4017 3485 4071 illorum

1901 4118 2121 4173 virtutis
2143 4114 2447 4171 asserebat.
2474 4113 2732 4169 Dicemus
2753 4111 2921 4182 igitur
2947 4109 3317 4165 inﬁrmitatem
3342 4108 3489 4178 ejus,

1899 4220 1955 4267 et
1998 4208 2338 4265 inﬁrmitatis
2375 4205 2691 4271 materiam,
2740 4203 3015 4276 hujnsque
3063 4212 3282 4275 gratum
3330 4200 3490 4256 valde

1903 4304 2231 4367 remedium,
2276 4303 2406 4357 licet
2439 4301 2558 4372 ipse
2588 4299 2857 4355 hactenus
2885 4306 2940 4353 et
2989 4311 3136 4352 nunc
3172 4294 3489 4359 erubescat,

1903 4405 1959 4454 et
1992 4394 2335 4451 manilestari
2374 4393 2637 4449 omnibus
2674 4391 2902 4446 minime
2936 4388 3139 4463 litteris
3188 4387 3339 4443 velit.
3388 4383 3489 4441 So-

1905 4490 2088 4562 phiste
2133 4494 2253 4543 erat
2287 4485 2485 4541 Gesius
2511 4482 2979 4553 sapientissimus,
3034 4495 3146 4536 non
3194 4478 3341 4552 quod
3377 4494 3492 4535 ser-

1903 4597 2099 4639 mones
2154 4578 2460 4635 rhetoricos
2501 4582 2810 4632 enarraret.
2857 4581 2912 4627 et
2959 4571 3233 4628 tribonem
3280 4568 3492 4626 idcirco

1906 4681 2174 4747 portaret,
2201 4671 2296 4727 sed
2325 4668 2472 4740 quod
2501 4669 2640 4723 artis
2674 4666 2963 4721 medicina:
2997 4673 3279 4732 prmesset,
3307 4670 3360 4716 et
3389 4663 3490 4715 hu-

1901 4767 1995 4838 jus
2026 4780 2153 4820 cum
2203 4761 2486 4834 diligentia
2528 4760 2792 4831 magister
2822 4773 2918 4829 per
2963 4755 3098 4812 illud
3133 4764 3353 4825 tempus
3407 4753 3493 4808 di-
3555 4758 3559 4763 '

1906 4854 2193 4914 Scentibus
2221 4859 2562 4909 cerneretur.
2599 4849 2700 4905 llic
2739 4849 2984 4918 sapiens,
3012 4844 3107 4916 qui
3139 4845 3325 4900 verbis
3360 4859 3492 4897 ean-

1906 4947 2161 5008 tabatur,
2210 4943 2437 5017 gent-llis
2494 4941 2843 4999 miserrimus
2893 4936 3305 5009 superstitionis
3357 4936 3493 4989 Iilter

1906 5055 2018 5095 non
2070 5047 2191 5093 erat
2224 5076 2240 5100 ,
2280 5036 2423 5090 sicut
2454 5034 2489 5087 ii
2531 5032 2788 5088 dicebant
2812 5031 2904 5101 qui
2946 5045 3067 5101 qua:
3092 5029 3400 5091 illiussuat
3425 5026 3492 5080 li-

1904 5129 2075 5204 quido
2115 5133 2410 5190 noverant,
2446 5133 2500 5181 et
2539 5124 2770 5178 invitum
2807 5138 2967 5179 suum
3016 5119 3330 5192 publicabat
3362 5118 3494 5187 bap-

1907 5226 2153 5289 tismum,
2201 5235 2313 5292 quo
2357 5217 2747 5290 imperatorias
2799 5224 3052 5271 metuens
3099 5215 3277 5268 minas
3324 5210 3495 5266 fuerit

1905 5316 2238 5387 baptizatus,
2267 5320 2322 5369 et
2357 5327 2480 5366 cum
2509 5323 2539 5363 a
2563 5323 2724 5365 sacro
2752 5307 2929 5362 lutere
2968 5305 3333 5368 ascendisset,
3365 5315 3495 5356 mox

1916 5408 2279 5466 Homericum
2313 5404 2450 5462 illud
2480 5417 2703 5459 carmen
2737 5400 2905 5473 impie
2924 5398 3125 5455 cecinit
3156 5412 3171 5452 :

2003 5587 2146 5657 Aiax
2169 5593 2345 5640 autem
2386 5582 2652 5651 disperiit,
2686 5596 2810 5635 nam
2832 5577 3036 5633 salsam
3068 5575 3196 5631 bibit
3236 5589 3462 5644 aquam-

1980 5677 2135 5732 lianc
2178 5694 2311 5746 ergo
2344 5673 2708 5730 sacramentis
2740 5671 2987 5727 initiatus
3014 5668 3156 5740 apud
3190 5682 3248 5722 se
3294 5665 3491 5737 imple-

1906 5780 2070 5828 tatcm
2101 5769 2406 5838 occultans,
2436 5766 2779 5824 Christianos
2811 5762 3115 5830 deridebat,
3141 5757 3297 5834 quasi
3320 5755 3480 5814 Chri-
