3934 6308
166 291 322 357 5521

1202 296 1304 357 SS.
1347 293 1521 359 CYRI
1553 292 1648 358 ET
1671 292 1992 359 JOA‘NNIS
2018 295 2434 360 MIRACULA.

3281 291 3427 356 3522

164 421 312 467 σεως
335 404 528 467 αἴτιος,
562 402 805 477 μεγάλης
831 401 1095 476 ὠφελείας
1112 407 1320 476 γίνεται
1349 410 1608 480 πρόξενος
1632 412 1744 474 τοῖς

1878 408 2012 464 iouis
2060 418 2146 465 est
2190 418 2402 476 auctor,
2430 422 2639 481 magna:
2679 406 2933 462 utilitatis
2972 401 3204 458 edicitur
3248 415 3424 455 causa

165 496 234 549 οὐ
265 495 560 565 παρέργως
604 495 714 548 τῶν
757 496 1068 568 λεγομένων
1114 499 1394 555 ἀκούουσι.
1436 496 1601 567 Οὗτος
1640 503 1750 574 γάρ

168 589 257 650 είς
285 587 345 641 τὸ
368 587 478 640 τῶν
516 587 688 655 ἁγίων
719 590 1011 660 γενόμενος
1054 591 1301 662 τέμενος,
1342 594 1480 663 μετά
1508 595 1610 663 τὴν
1645 594 1753 649 τῶν

170 678 457 744 ζωοποιιῖΝ
497 679 732 749 Χριστοῦ
772 683 1091 752 μυστηρίων
1125 684 1447 754 μετάληψιν,
1475 685 1619 749 ὅθεν,
1654 686 1755 740 οὐκ

172 770 359 840 ῑσμεν,
399 771 743 842 κινούμενος,
770 772 881 824 εἴτε
906 773 1052 837 τινὸς
1078 775 1242 828 αὑτὸν
1267 776 1404 846 πρὸς
1423 776 1595 847 θυμὸν
1616 794 1757 848 παρ-

169 864 516 934 οτρύνοντος,
599 866 766 937 μανία
817 868 1049 939 μεγίστῃ
1097 868 1450 938 φλεγόμενος,
1490 871 1581 923 καὶ
1619 871 1756 936 ζέων

172 959 245 1027 τῇ
283 958 494 1027 κινήσει
534 957 630 1011 τοῦ
668 959 797 1027 περὶ¹
830 959 1056 1028 καρδίαν
1099 960 1458 1030 καχλάζοντος
1504 959 1754 1032 αἵματος,

176 1048 243 1099 οὐ
258 1047 436 1114 λόγοις
465 1047 646 1116 μόνοις
666 1049 726 1102 τὶ
752 1048 906 1101 Θεῖον
929 1053 955 1103 ὁ
973 1050 1205 1115 δείλαιος
1229 1051 1442 1122 ὕϐρισε,
1459 1052 1633 1124 δυσφη
1642 1052 1758 1122 μῶν

177 1141 212 1193 ὁ
250 1139 582 1210 τρισάθλιος,
614 1141 709 1193 καὶ
734 1140 811 1204 ὡς
841 1141 981 1194 κατὰ
1018 1141 1305 1196 συνδούλου
1338 1143 1479 1206 τινὸς
1518 1142 1617 1207 τάς
1649 1143 1759 1196 λοι-

178 1232 369 1299 δορίας
404 1230 750 1301 ποιούμενος,
778 1231 915 1284 ἀλλὰ
945 1232 1039 1285 καὶ
1087 1235 1156 1303 τῇ
1192 1232 1282 1285 διὰ
1317 1232 1481 1301 ῥινῶν
1508 1233 1759 1304 ἀναρρω-

179 1328 351 1393 φήσει
396 1322 490 1376 τοῦ
527 1322 838 1393 πνεύματος
865 1312 1075 1377 κτύπον
1114 1324 1392 1377 ἀποτελῶν
1435 1325 1630 1395 βροντῇ
1666 1343 1761 1394 φο-

179 1414 324 1485 ϐερᾷ
353 1414 756 1485 παραπλήσιον,
781 1413 873 1468 τὸν
901 1414 1144 1484 φρίττειν
1172 1415 1330 1480 εὐθὺς
1382 1414 1762 1485 ἀναγκάζοντα

184 1505 397 1567 πάντας
427 1505 555 1567 τοὺς
587 1504 864 1574 παρόντας
887 1504 980 1558 καὶ
1015 1504 1334 1574 βλέποντας,
1370 1508 1463 1560 καί
1483 1509 1596 1570 τοῖς
1627 1507 1762 1561 ὠσὶν

182 1595 460 1658 ἀκουσίως
511 1593 830 1658 ἀκούοντας.
871 1595 1060 1648 Πολλοὶ
1110 1596 1169 1649 δὲ
1215 1597 1389 1665 τοῦτο,
1419 1599 1764 1669 Χριστιανῶν

183 1686 641 1755 διαπράττονται,
678 1684 1042 1756 βλασφημεῖν,
1089 1687 1166 1750 ὠς
1198 1683 1373 1759 οἶμαι,
1428 1688 1759 1759 νομίζοντες,

1856 500 1941 554 l.is
1994 501 2085 567 qui
2140 514 2248 553 non
2300 498 2623 555 transitoria
2655 514 2778 568 qua:
2834 496 3095 551 dicuntur
3135 490 3426 546 audierint.

1854 588 1954 644 llic
1989 590 2135 660 enim
2166 590 2218 644 in
2255 590 2539 645 basilicam
2572 599 2893 644 sanctorum
2931 584 3155 639 veniens
3188 588 3310 650 post
3345 580 3427 635 vi-

1855 682 2136 736 vilicorum
2193 679 2402 736 Christi
2460 688 2931 736 sacramentorum
2995 671 3426 745 perceptionem,

1855 775 2000 829 unde
2054 784 2245 828 motus
2302 771 2599 835 nescimus,
2646 772 2764 825 sive
2822 769 2969 822 hunc
3019 766 3308 836 quisquam
3361 761 3430 815 ad

1858 863 2098 918 furorem
2120 864 2455 927 incitaverit,
2470 864 2585 918 sire
2600 858 2762 917 nemo
2775 853 3432 920 exacerbaveril,insania

1857 957 2097 1010 maxima
2121 955 2492 1010 inflammatus
2516 963 2618 1016 est.
2646 961 2700 1007 et
2721 968 2782 1006 ar
2806 956 2919 1007 'eus
2946 956 3092 1004 motu
3123 946 3431 1015 sanguinis,

1858 1047 1951 1114 qui
1983 1048 2129 1100 circa
2155 1059 2254 1099 cor
2285 1045 2502 1110 ebullit,
2535 1058 2644 1098 non
2674 1044 2809 1097 sutis
2841 1040 3032 1120 infelix
3068 1039 3252 1093 verbis
3289 1036 3432 1091 divi-

1860 1138 2016 1192 nitati
2089 1137 2476 1206 blasphemans
2535 1137 2793 1208 iniuriam
2854 1134 3074 1198 intulit,
3150 1140 3206 1188 et
3275 1129 3436 1200 quasi

1858 1230 2124 1286 adversus
2198 1245 2524 1284 conservum
2608 1241 2938 1306 quemquam
3021 1224 3437 1280 maledictiones

1861 1321 2101 1387 intorsit,
2127 1322 2221 1377 sed
2252 1330 2307 1377 et
2334 1321 2531 1390 spiritu
2568 1336 2664 1391 per
2703 1335 2863 1374 nares
2898 1333 3118 1372 sursum
3152 1316 3435 1385 absorpto,

1859 1425 1925 1465 ex
1954 1424 2014 1465 se
2046 1411 2286 1466 sonitum
2319 1410 2576 1473 reddidit,
2614 1409 2859 1462 tonitruo
2900 1406 3127 1461 terribili
3181 1405 3435 1465 similem,

1862 1502 1954 1572 qui
1990 1501 2221 1557 horrere
2246 1501 2431 1556 statim
2457 1515 2650 1556 omnes
2671 1500 2869 1568 coegit,
2902 1506 3204 1567 prmsentes
3230 1497 3442 1552 scilicet

1861 1602 1917 1648 et
1971 1594 2278 1657 intuentes,
2329 1600 2384 1647 et
2431 1591 2619 1645 invitis
2671 1590 2900 1644 auribus
2942 1587 3249 1641 audientes.
3288 1585 3438 1639 Multi

1866 1692 2047 1738 autem
2119 1685 2223 1738 hoc
2276 1682 2714 1737 Christianorum
2789 1686 3011 1748 gerunt,
3065 1677 3443 1746 blasphemare

186 1777 514 1846 ἀγνοοῦντες
541 1777 597 1830 δὲ
631 1778 913 1841 παντελῶς
939 1779 1002 1832 τὸ
1030 1780 1423 1851 πραττόμενονο
1453 1782 1589 1851 ὅπερ
1615 1783 1766 1853 άκρι-

1878 1775 2083 1845 pridem
2120 1782 2180 1828 ιιι
2226 1789 2350 1829 reor
2380 1773 2782 1835 existimantes,
2831 1768 2974 1837 quod
3023 1778 3205 1822 autem
3263 1767 3445 1834 agitur

187 1870 303 1932 ϐὦς
325 1869 372 1921 εί
414 1868 730 1937 ἐγίνωσκον,
761 1869 861 1923 οὐκ
906 1867 970 1922 ἂν
1000 1870 1134 1924 αὐτὸ
1170 1870 1308 1941 μετά
1356 1871 1557 1942 μυρίας
1594 1870 1766 1942 βασά-

187 1978 318 2024 νους
346 1960 693 2031 εἰργάσαντο.

265 2052 373 2104 Καὶ
401 2053 541 2122 τάχα
577 2052 862 2121 διασαφεῖν
890 2053 949 2107 τ’)
978 2052 1146 2115 κακὸν
1169 2054 1271 2107 οὐκ
1306 2054 1565 2125 ἀνόνητον
1590 2072 1602 2088 ι
1638 2054 1769 2119 ἴσως

186 2140 303 2208 γάρ
334 2156 478 2202 τινες
520 2141 888 2209 μανθάνοντες
913 2141 1078 2195 αὑτοῦ
1112 2141 1207 2213 τὴν
1250 2145 1533 2215 ποιότητα,
1573 2146 1667 2197 καὶ
1695 2144 1770 2208 ὡς

203 2228 522 2298 Ἑλληνικῆς
532 2231 647 2284 ἐστι
664 2232 725 2286 δν
732 2232 978 2296 σσεϐείας
989 2233 1208 2299 ἐπάξιον
1223 2232 1357 2305 εὓρη
1367 2253 1461 2305 μα,
1478 2235 1574 2305 τῆς
1590 2235 1768 2289 τοιαύ-

186 2337 293 2388 της
346 2322 573 2387 ἑαυτοὺς
631 2324 1054 2393 φρενοϐλαϐείας
1099 2324 1444 2395 φυλάξαιντο.
1481 2327 1618 2389 Τοὺς
1643 2326 1772 2379 Ἕλ-

189 2405 383 2478 ληνας,
430 2413 594 2479 φησὶν
632 2415 660 2466 ὁ
694 2413 1024 2486 Πορφύριος,
1060 2415 1157 2478 τάς
1193 2417 1409 2485 ὲναγεῖς
1436 2417 1627 2481 θυσίας
1656 2420 1771 2481 τοῖς

192 2498 438 2564 εἰδώλοις
464 2502 876 2573 προσφέροντας
903 2507 1248 2576 ρινοκτυπεῖν
1272 2507 1769 2580 ὲντονώτατα,ὁλκῇ

196 2589 349 2661 βιαίᾳ
379 2592 474 2645 καὶ
500 2593 726 2664 δυνάμει
757 2595 852 2649 τοῦ
879 2596 1188 2668 πνεύματος
1220 2599 1312 2652 τὸν
1334 2599 1540 2653 τοιόνδε
1568 2600 1773 2654 κτύπον

195 2680 595 2750 προφέροντας,
629 2681 798 2752 ὕμνον
839 2685 1107 2739 ποιεῖσθαι
1147 2674 1464 2757 σεϐάσμιον,
1496 2688 1571 2751 ὼς
1592 2689 1776 2741 svasi-

198 2767 291 2821 θεν
314 2770 515 2840 πολλὴν
537 2772 682 2842 ἔχειν
706 2774 829 2838 τοὺς
857 2775 1087 2839 θύοντας
1124 2778 1331 2846 ἄδειαν,
1357 2779 1449 2834 καὶ
1476 2779 1577 2849 τὴν
1612 2779 1773 2849 ἅμιλ-

196 2859 299 2913 λαν
343 2859 539 2930 ζηλοῦν
570 2863 902 2930 ἱκανώτατα,
943 2867 1027 2930 τίς
1072 2868 1395 2941 ρινοκτυπία
1437 2871 1647 2941 νικήσει
1685 2871 1776 2924 τὶν

197 2950 411 3020 ἕτερον,
447 2951 513 3003 ἵν’
544 2954 572 3005 ό
600 2951 872 3021 βέλτιστος
905 2956 1118 3026 πρῶτος
1156 2958 1428 3026 ἀκούοιτο,
1464 2961 1559 3013 καὶ
1586 2960 1776 3031 δαίμο-

202 3058 287 3092 σιν
313 3041 549 3112 ὑπάρχοι
587 3043 944 3112 γλυκύτατος.
978 3047 1129 3118 Αὕτη
1160 3049 1268 3102 τῶν
1301 3051 1522 3105 τοιῶνδε
1551 3050 1774 3105 κτύπων

199 3131 236 3200 ὴ
254 3132 475 3200 ποιότης
496 3134 831 3204 καθέστηκεν
851 3137 985 3207 πρὸς
1005 3137 1301 3207 θεραπείαν
1317 3141 1584 3209 δαιμόνων
1607 3141 1778 3212 ὑπάρ-

201 3222 366 3289 ξασα,
410 3226 503 3278 καὶ
555 3225 819 3297 δαίμονας
870 3226 1212 3297 ἀκαθάρτους
1252 3230 1441 3298 ὑμνεῖν
1478 3229 1779 3299 λεληθότως

201 3313 330 3375 τοὺς
355 3315 687 3384 προεμένους
707 3317 877 3387 αὐτὴν
905 3318 1308 3386 ἀναγκάζουσα.
1327 3319 1487 3373 Ὅθεν
1505 3320 1630 3383 τοὺς
1652 3320 1780 3373 ταύ-

201 3422 271 3476 τῃ
314 3409 629 3477 χρωμένους
680 3410 1092 3481 προτρέπομεν,
1166 3411 1440 3481 μαθόντας
1494 3412 1665 3482 αὐτῆς
1718 3413 1780 3467 τὸ

205 3497 502 3567 βλαπτικὸν
560 3502 654 3553 καὶ
704 3501 990 3573 ὀλέθριον,
1048 3504 1122 3567 ὡς
1184 3503 1533 3575 ψυχοφθόρου
1583 3503 1778 3575 λύττης

201 3587 557 3655 ἀφίστασθαι.
584 3609 603 3643 ι
629 3591 725 3655 Τίς
750 3593 858 3663 γὰρ
904 3594 1153 3647 κοινωνία
1181 3595 1321 3663 φωτὶ
1348 3595 1482 3666 πρὸς
1508 3596 1726 3663 σκότος;
1756 3614 1773 3646 ι

200 3679 302 3733 καὶ
332 3681 399 3735 τὰ
423 3681 570 3752 ἑξῆς.

275 3861 464 3932 Τούτῳ
494 3860 570 3931 τῷ
615 3860 806 3933 κτύπῳ
831 3861 1106 3934 Θεόδωρος
1142 3862 1221 3933 τῷ
1259 3861 1500 3934 βδελυρῷ
1528 3863 1622 3917 καὶ
1662 3862 1781 3933 φιλ-

200 3953 410 4024 ειδὼλῳ
447 3955 584 4024 μετά
623 3955 720 4025 τὴν
763 3954 864 4024 τῆς
926 3955 1197 4025 ἀχράντου
1246 3955 1530 4019 κοινωνίας
1577 3954 1781 4030 βρῶσιν

201 4046 573 4118 χρησάμενος,
624 4048 787 4110 εὐθὺς
831 4049 1108 4118 ἐστερείτο
1140 4049 1245 4102 τῶν
1287 4047 1486 4118 ὄψεων,
1528 4049 1623 4101 καὶ
1673 4048 1781 4101 τῶν

199 4138 468 4208 ὀμμάτων
490 4139 741 4209 ἐχήρευε,
774 4137 1074 4210 σύνδρομον
1095 4142 1160 4209 τῇ
1181 4139 1465 4211 δυσφημίει
1487 4140 1586 4212 τὴν
1610 4157 1784 4210 τιμω-

206 4229 333 4301 ρίαν
360 4229 664 4301 εὑράμενος
683 4247 697 4260 ο
730 4231 823 4285 καὶ
861 4231 1051 4284 τούτου
1082 4230 1389 4305 συμϐάντος
1441 4232 1516 4297 ὡς
1548 4232 1780 4302 ἔφημεν,

202 4320 407 4392 τρόμος
441 4320 687 4384 ἅπαντας
714 4321 842 4385 τοὺς
877 4322 1153 4392 παρόντας
1184 4322 1511 4392 ἐλάμϐανεν,
1544 4324 1640 4376 καὶ
1679 4323 1779 4392 φό-

1867 1867 2224 1933 ignorantes;
2260 1865 2407 1935 quod
2444 1864 2489 1921 si
2541 1865 2750 1919 certius
2791 1862 3071 1916 novissent
3104 1875 3210 1915 non
3257 1860 3445 1928 utique

1871 1955 1921 2009 id
1963 1965 2085 2024 post
2116 1963 2196 2010 tot
2232 1955 2400 2009 millia
2432 1962 2825 2009 tormentorum
2859 1952 3123 2021 egissent.

1938 2045 2006 2100 Et
2031 2045 2170 2101 forte
2201 2047 2305 2100 hoc
2337 2046 2633 2114 explanare
2664 2044 2889 2106 malum,
2916 2057 3024 2096 non
3050 2049 3135 2095 est
3162 2028 3400 2108 ineptum
3425 2056 3442 2101 ;

1872 2134 2127 2191 fortassis
2155 2135 2302 2191 enim
2335 2134 2454 2202 ejus
2512 2131 2763 2187 nonnulli
2806 2130 3026 2200 cognita
3079 2131 3364 2196 qualitate,
3390 2136 3446 2181 et

1870 2228 2012 2298 quod
2055 2227 2242 2298 gentili
2283 2225 2552 2295 condigna
2591 2223 2869 2292 impietate
2918 2222 2992 2276 sit
3037 2221 3373 2283 adiureutio,
3415 2235 3447 2275 a

1872 2318 1965 2370 tali
2000 2317 2327 2386 semetipsos
2355 2328 2619 2370 sensuum
2670 2311 2891 2367 lasione
2928 2309 3259 2367 custodien'.
3301 2309 3447 2364 Gen-

1872 2408 1995 2463 tiles
2021 2405 2300 2461 immunda
2324 2403 2596 2459 sacrificia
2625 2400 2787 2455 idolis
2813 2398 3128 2460 offerentes.
3150 2400 3444 2453 vehemen-

1874 2498 2091 2554 tissime
2143 2497 2388 2551 sonitum
2452 2493 2634 2547 faeere
2694 2505 2852 2556 naso,
2901 2490 3034 2545 dit-it
3089 2489 3448 2561 Porphyrius,

1872 2590 2076 2645 virtute
2122 2588 2303 2642 valida
2357 2586 2587 2655 Spiritus
2625 2594 2678 2638 et
2713 2582 2943 2650 ingenti,
2975 2588 3029 2635 et
3068 2579 3449 2649 hujuscemodi

1877 2683 2118 2737 sonitum
2139 2679 2504 2750 proferentes,
2523 2677 2784 2745 hymnum
2803 2673 2983 2727 facere
3000 2673 3446 2736 celeberrimum;

1874 2779 1949 2829 ita
1995 2783 2052 2828 ut
2104 2772 2233 2826 hinc
2289 2771 2519 2825 multam
2575 2768 2813 2824 habeant
2867 2766 2919 2819 hi
2970 2766 3063 2836 qui
3126 2764 3443 2820 sacrificant

1876 2864 2379 2924 concertationem,
2431 2860 2589 2930 quasi
2672 2858 2888 2912 narium
2970 2856 3153 2910 sonitu
3231 2863 3452 2925 superet

1878 2956 2131 3020 alterum,
2175 2961 2231 3008 ut
2285 2954 2528 3023 Optimus
2577 2950 2787 3021 primus
2835 2946 3115 3013 audiatur,
3147 2953 3200 2999 et
3243 2945 3449 3000 daemo-

1880 3047 2041 3101 nibus
2077 3046 2149 3102 sit
2200 3043 2578 3099 dulcissimus.
2618 3040 2742 3094 llaze
2798 3046 2883 3094 est
2949 3038 3144 3092 harum
3191 3051 3451 3092 sonorum

1881 3138 2137 3208 qualitas,
2170 3151 2291 3206 quae
2321 3133 2386 3188 ad
2421 3129 2779 3203 placationem
2807 3127 3201 3183 daemoniorum
3235 3126 3452 3180 inventa

1879 3237 2241 3298 cst,qu-.eque
2281 3225 2563 3279 daemonas
2612 3217 2924 3275 immundos
2972 3217 3177 3272 sensim
3233 3216 3455 3289 laudare

1879 3320 2138 3389 cegiteos
2165 3319 2258 3388 qui
2292 3317 2434 3370 [nunc
2461 3321 2767 3369 sectantur.
2803 3308 2955 3365 Unde
2975 3308 3068 3379 qui
3094 3309 3192 3362 hac
3215 3307 3451 3371 mimiui,

1878 3411 2235 3465 cohortamur
2281 3417 2338 3460 ut
2387 3419 2513 3460 cum
2559 3402 2680 3473 ejus
2720 3401 2995 3456 lmsionem
3044 3398 3456 3468 perniciemque

1879 3498 2205 3560 didieeritis,
2224 3497 2292 3551 ab
2314 3510 2377 3551 ea
2413 3502 2674 3564 tanquam
2695 3493 2763 3545 ab
2780 3492 3089 3544 animarum
3115 3503 3197 3542 (οι
3214 3489 3456 3558 ruptrice

1880 3593 2033 3647 rabie
2063 3588 2357 3660 recodatis,
2392 3602 2460 3642 ne
2493 3601 2591 3657 per
2625 3585 2766 3638 hanc
2803 3581 3110 3638 idololatrae
3148 3582 3458 3635 constitua-

1880 3685 2035 3740 mini.
2066 3681 2198 3750 Quae
2229 3681 2376 3737 enim
2415 3677 2850 3735 communicatio
2901 3674 3011 3730 luci
3060 3674 3127 3730 ad
3159 3674 3458 3731 tenebras?

1880 3786 1934 3831 et
1967 3784 2160 3830 caetera
2171 3814 2184 3827 .

1951 3869 2067 3925 lloc
2112 3865 2480 3924 abominaudo
2524 3874 2579 3921 et
2622 3863 2783 3920 idolis
2830 3870 2986 3934 grato
3022 3875 3181 3927 sono,
3217 3865 3340 3931 post
3371 3858 3458 3913 in-

1883 3969 2219 4017 teremerata:
2261 3957 2666 4014 communionis
2699 3956 2883 4010 cibum
2921 3953 3245 4009 Theodorus
3299 3967 3456 4016 usus,

1881 4069 2004 4109 mox
2036 4054 2280 4124 privatus
2317 4049 2627 4116 ob'utibus,
2659 4048 2836 4103 oculis
2863 4046 3157 4102 destitutus
3185 4052 3290 4109 est,
3324 4059 3459 4096 etm-

1881 4154 2137 4202 currente
2190 4157 2312 4199 cum
2369 4139 2706 4210 blasphemia
2760 4152 2921 4206 prima
2965 4143 3223 4205 reperta;
3259 4148 3370 4202 quo
3404 4140 3464 4187 ut

1883 4236 2121 4291 diximus
2157 4234 2459 4297 accidente,
2486 4241 2692 4287 tremor
2742 4230 3031 4285 universos
3081 4225 3175 4296 qui
3231 4224 3462 4278 aderant
3506 4294 3511 4299 δ

1882 4327 2314 4400 comprehendit,
2339 4336 2393 4382 et
2420 4328 2585 4380 timor
2611 4338 2718 4379 non
2759 4322 3159 4392 qualiscunque
3204 4317 3339 4385 tlepa
3360 4323 3463 4369 tus

202 4410 300 4473 6o;
326 4411 424 4481 οὐχ
440 4411 468 4463 ὁ
495 4411 672 4482 τυχὼν
693 4411 1015 4481 ἐπενέμετο,
1043 4412 1117 4483 μὴ
1148 4414 1242 4466 καὶ
1261 4414 1415 4466 αὐτοὶ
1441 4415 1555 4477 τοῖς
1576 4415 1772 4484 ὁμοίοις

1886 4431 1992 4484 est,
2037 4435 2104 4474 ue
2148 4427 2204 4473 et
2258 4417 2361 4487 ipsi
2424 4416 2741 4471 laberentur
2781 4413 2837 4469 in
2878 4411 3005 4465 talia
3042 4408 3223 4463 taliter
3270 4407 3463 4460 crebro

202 4503 493 4575 ἐμπέσωσι
545 4502 775 4558 τοιαῦτα
827 4503 1039 4575 συχνῶς
1088 4506 1526 4579 ἁμαρτάνοντες·
1577 4508 1671 4560 καὶ
1716 4507 1782 4560 δι’

202 4595 327 4658 ἔθος
354 4594 454 4665 τὴν
489 4594 690 4666 πρᾶξιν
730 4595 827 4666 ούχ
855 4596 1130 4666 ἁμαρτίαν
1162 4595 1488 4668 ἡγούμενοι·
1526 4597 1697 4653 πολλά
1724 4614 1784 4650 τε

200 4688 317 4742 τῶν
350 4688 632 4762 παρόντων
658 4690 887 4753 ἕκαστος
910 4690 1094 4761 ἐξέχεε
1120 4690 1351 4762 δάκρυα,
1380 4691 1616 4763 Χριστὸν
1644 4691 1785 4762 ὑπὲρ

205 4780 408 4835 ἑαυτοῦ
435 4782 529 4837 καὶ
557 4783 684 4846 τοὺς
723 4782 1006 4855 μάρτυρας
1040 4782 1408 4854 ἱλασκόμενοι,
1439 4784 1536 4837 καὶ
1566 4782 1659 4836 τοῦ
1689 4799 1786 4836 πε-

203 4872 465 4939 πονθότος
497 4874 658 4946 χάριν
677 4874 947 4947 δεόμενοι,
971 4876 1120 4939 ὅπως
1144 4875 1220 4939 ὡς
1244 4874 1375 4939 Θεὸς
1397 4875 1671 4945 οἰκτείρας
1694 4875 1785 4927 τὸν

204 4962 392 5020 άθλιον
433 4965 803 5035 μετανοοῦντα
825 4966 1213 5039 προσδέξηται,
1239 4966 1336 5020 καὶ
1356 4966 1446 5021 διὰ
1475 4966 1582 5021 τῶν
1610 4966 1784 5037 ἁγίων

203 5056 374 5112 πάλιν
407 5056 469 5111 τὸ
502 5058 722 5129 βλέπειν
753 5060 1073 5131 χαρίσηται.

288 5237 682 5309 Ἐπιφανέντες
703 5235 796 5294 οὖν
819 5240 943 5295 καθ’
967 5240 1171 5304 ὕπνους
1206 5242 1255 5294 οί
1284 5242 1559 5312 μάρτυρες
1582 5241 1659 5313 τῷ
1686 5243 1785 5314 τὴν

200 5327 394 5397 ὅρασιν
417 5329 768 5395 άπολὲσαντι,
805 5331 900 5393 Τίς
934 5331 1493 5403 σὲ,φασὶν,ἐργάτην,
1524 5327 1569 5385 ὦ
1600 5333 1781 5398 ἄθλιε,

200 5420 474 5491 τοσαύτης
505 5422 757 5490 μυσαρᾶς
780 5421 1072 5492 είργάσατο
1099 5423 1384 5495 πράξεως;
1410 5419 1476 5494 ἧς
1501 5425 1605 5477 ἔδει
1635 5425 1787 5498 παρὰ

201 5511 386 5564 πάντα
427 5513 530 5583 μὲν
562 5513 805 5578 ἅπαντας
830 5516 922 5568 τὸν
948 5514 1060 5586 βίον
1088 5515 1412 5586 ἀπέχεσθαι,
1439 5516 1513 5581 ὡς
1547 5517 1786 5588 Ἑλληνι-

200 5604 310 5673 κῆς
325 5604 417 5657 καὶ
441 5605 602 5676 φίλης
622 5607 737 5668 τοῖς
757 5605 1010 5677 δαίμοσιν
1029 5623 1043 5638 ’
1066 5607 1161 5660 καὶ
1189 5608 1237 5659 εί
1259 5608 1316 5659 ὲν
1349 5606 1543 5678 ἀγνοίᾳ
1570 5608 1785 5662 ποιοῦν-

201 5708 301 5761 ται
312 5694 519 5766 ταύτην
537 5696 585 5749 oi
617 5695 881 5765 πλείονες,
907 5695 1140 5768 μάλιστα
1164 5697 1220 5750 δὲ
1241 5696 1443 5769 ταύτης
1456 5697 1552 5771 τὴν
1572 5698 1786 5772 ποίησιν

1888 4516 2205 4580 peccantes,
2261 4515 2314 4561 et
2373 4513 2595 4576 prapter
2661 4499 3112 4558 consuetudinem
3182 4505 3465 4564 peccatum

1889 4603 2117 4656 minime
2170 4598 2314 4670 quod
2377 4604 2635 4668 ageretur
2680 4594 3102 4657 existimantes;
3157 4589 3467 4657 multasque

1888 4695 2088 4766 singuli
2123 4702 2421 4764 praesentes
2454 4692 2724 4762 laerymas
2762 4686 3143 4748 effundebant,
3183 4683 3462 4739 Christum

1887 4803 1986 4860 pro
2013 4804 2073 4843 se
2107 4802 2169 4841 ae
2197 4795 2469 4858 martyres
2509 4786 2754 4853 placatos
2793 4781 2974 4837 facere
2998 4785 3382 4850 procurantes,
3405 4782 3464 4830 et

1887 4880 1934 4934 ei
1963 4879 2053 4948 qui
2081 4892 2278 4947 passus
2303 4876 2478 4931 fuerat
2507 4875 2738 4946 gratiam
2776 4873 3160 4942 imprecantes,
3189 4883 3302 4938 quo
3343 4874 3467 4918 tau-

1887 4982 2051 5036 quam
2089 4966 2230 5022 Deus
2255 4982 2417 5035 super
2445 4966 2649 5021 misero
2679 4961 3060 5019 misericordia
3086 4970 3288 5023 motus,
3321 4957 3467 5011 hunc

1887 5059 2237 5129 pmniteutem
2262 5057 2548 5128 reciperet,
2577 5068 2630 5111 et
2663 5071 2758 5127 per
2806 5060 3028 5111 sanctos
3058 5052 3253 5107 iterum
3285 5047 3471 5104 videre

1892 5153 2176 5207 tribueret.

1958 5246 2301 5315 Appareutes
2324 5258 2453 5313 ergo
2479 5249 2748 5311 martyres
2772 5239 2826 5295 in
2854 5237 3065 5296 somnis
3097 5236 3145 5292 ei
3168 5234 3264 5306 qui
3290 5232 3466 5289 visum

1888 5338 2166 5404 amiserat,
2186 5336 2321 5402 Quis
2344 5345 2413 5399 te,
2443 5335 2715 5404 inquiunt,
2740 5348 2774 5385 ο
2799 5333 2966 5388 miser
2987 5339 3329 5399 operatorem
3360 5334 3469 5379 tam

1889 5430 2236 5485 exsecranda:
2265 5436 2523 5499 operatus
2560 5435 2644 5482 est
2672 5425 2946 5480 actionis?
2973 5438 3003 5478 a
3042 5438 3150 5494 qua
3183 5420 3470 5474 universos

1891 5520 2175 5590 oportebat
2209 5521 2466 5575 omnibus
2500 5519 2781 5574 abstinere
2812 5517 3029 5579 diebus,
3064 5525 3124 5570 ut
3158 5514 3340 5585 plures
3377 5529 3473 5582 per

1892 5609 2254 5681 ignorantiam
2311 5609 2556 5665 faciunt:
2603 5609 2906 5680 prmsertim
2964 5623 3088 5662 cum
3132 5605 3293 5677 hujus
3331 5620 3473 5675 opus

1888 5710 2021 5756 tunc
2058 5701 2580 5772 rnaxime'oporteat
2634 5702 2967 5769 abominari,
3007 5700 3231 5773 quando
3260 5699 3471 5758 Christi
