3934 6308
1657 121 1984 134 ν--ιασρισοο-ι--ν
2005 123 2088 131 ω-Α

156 248 345 312 3ἴ>25
1225 244 1332 304 SS.
1371 244 1547 304 CYRI
1592 245 1686 305 ET
1717 243 2039 306 JOANNIS
2074 245 2495 307 MIRACULA.
3334 246 3474 311 3526

151 361 339 431 ὅπερ
365 358 514 412 ἐστὶν
539 356 847 413 ἀθεώτατον
868 373 882 389 ·
907 355 1029 411 οὔτε
1059 356 1440 429 φιλανθρωπίᾳ
1469 360 1649 426 νόμων
1676 360 1773 427 (ποε

1906 357 2189 422 benderct,
2235 356 2330 413 sed
2377 356 2564 412 multis
2613 355 2732 410 auri
2782 354 3287 422 distributionibus,
3329 362 3475 427 quiut

154 452 300 525 γὰρ
328 451 390 506 ἰδ
410 451 541 524 πρὸς,
567 453 692 514 τοῦς
721 451 780 502 οὔ
812 449 1207 519 μετανοοῦντας
1225 449 1638 519 φιλάνθρωπον;
1663 451 1773 502 ἐπεῖ

1891 459 1978 504 est
2031 450 2251 519 penitus
2282 449 2509 518 impium
2547 466 2561 502 :
2610 462 2790 516 neque
2826 449 3210 503 misericordia
3260 450 3463 518 legum;

158 543 258 613 μὴ
304 544 433 596 τότε
463 539 1025 611 φιλανθρωπεύονται,
1057 538 1134 591 ὅτ’
1170 537 1236 592 ἂν
1274 541 1322 591 οἱ
1353 540 1633 603 πταίοντες
1669 542 1773 603 τοῖς

1894 541 1984 594 ubi
2015 541 2161 593 enim
2206 548 2289 594 est
2320 539 2701 594 misericordia
2743 541 2889 593 circa
2929 555 3025 596 eos
3059 541 3152 609 qui
3199 555 3305 593 non
3348 557 3475 610 ege—

154 634 421 694 οἰκείοις
452 632 851 701 ἐναπομείνωαι
880 630 1269 697 πταίσμασιν),
1295 630 1430 683 ἀλλὰ
1460 630 1773 701 φιλαργυρίς

1895 643 2023 687 runt
2068 631 2485 702 paenitentiam?
2514 630 2647 684 Nam
2704 648 2813 684 nnn
2858 644 2988 684 tunc.
3033 632 3472 686 miscritordiam

151 723 296 776 τῶν
338 721 694 774 ἐκδικοῦντων
723 720 793 773 τὰ
820 720 1034 788 νόμιμα
1063 736 1076 748 ·
1104 720 1282 773 πάντα
1311 722 1416 789 γὰρ
1467 720 1639 793 οὕτως
1694 723 1773 773 ὑπ·

1896 734 2318 789 consequuntur
2366 738 2487 777 cum
2542 731 2835 793 peccantes
2878 723 3081 791 quique
3131 724 3185 777 in
3236 726 3469 794 prepriit

157 815 328 866 uxr-15
339 831 454 866 εται
477 812 551 882 τῷ
574 813 802 882 χρυσῖῳ,
823 810 896 873 ὼς
920 811 1169 881 Σολομῶν
1189 812 1215 863 ὁ
1232 811 1391 878 σοφὸς
1410 813 1770 883 ἀπεγράψατο

1896 815 2073 882 ρυῐῃὶς
2131 795 2574 883 permanserunt,
2620 814 2715 867 sed
2766 813 2997 865 avaritia
3044 828 3232 867 eorum
3271 817 3472 883 quibus

159 905 307 973 Πλὴ
316 924 347 956 ν
365 906 411 957 εἰ
426 908 516 958 καὶ
533 905 589 958 δύ
601 922 676 956 σει
699 920 801 974 χρη
812 901 999 972 μάτων
1015 903 1112 972 τὴν
1134 901 1278 972 ζωὴν
1297 904 1324 955 ὁ
1339 902 1507 965 τάλας
1519 903 1768 972 ὠνήσατο

1893 906 2187 961 commissa
2239 916 2367 958 sunt
2416 904 2755 958 defendenda
2791 907 3056 974 legitima.
3088 904 3280 959 Omnia
3323 907 3469 959 enim

162 997 281 1050 καὶ
316 997 551 1050 θά.ατον
579 992 669 1048 τδν
709 996 831 1047 τότε
856 995 1132 1063 διέφυγεν,
1166 992 1302 1046 ἀλλὰ
1327 994 1387 1046 τὸ
1421 992 1564 1046 θεῖον
1594 997 1773 1064 φυγεῖι

1890 997 2150 1050 obedinnt
2191 1009 2347 1057 auro,
2393 1005 2452 1046 ut
2481 994 2738 1049 Salomon
2778 996 3071 1064 descripsit
3119 997 3208 1050 ille
3243 998 3467 1065 sapien-

158 1088 237 1147 τοῦ
270 1088 591 1156 δεδύνηται,
624 1087 745 1139 οὐδὲ
778 1087 935 1155 δίκης
959 1085 1114 1156 ὄμμα
1140 1086 1507 1157 παντέφορον.
1739 1088 1745 1094 ’

1885 1086 2156 1142 tissimus.
2190 1083 2573 1139 Verumtamen
2611 1086 2735 1138 licet
2756 1086 2885 1139 dato
2914 1086 3268 1155 pecuniarum
3301 1087 3467 1140 vitam

165 1174 401 1235 infelix.
431 1180 742 1245 redemerit,
776 1190 828 1234 et
864 1188 1094 1234 mortem
1130 1195 1251 1249 (iure
1279 1188 1408 1234 tunc
1450 1179 2053 1246 imminebateraserit,
2085 1179 2428 1234 divinitatem
2460 1190 2640 1234 tamen
2672 1178 2908 1249 elTugere
2959 1193 3068 1232 non
3119 1178 3315 1248 potuit,
3367 1193 3470 1232 nec

155 1271 388 1342 judicii
426 1272 643 1326 oculum
675 1270 768 1341 qui
806 1273 990 1324 omnia
1028 1271 1322 1340 conspicit.

269 1366 623 1435 Ἀποδρὰσας
672 1360 765 1418 οῦν
802 1366 862 1417 τὸ
910 1361 1204 1427 Βυζάντιον
1253 1364 1389 1435 μετὰ
1430 1363 1530 1432 τὴν
1572 1364 1634 1417 ἐκ
1673 1363 1784 1417 τῶν

164 1460 472 1530 φρουρίων
499 1458 782 1522 ἁπῦλυσιν,
806 1457 885 1520 είς
927 1454 1339 1526 Ἀλεξάνδρειαν
1370 1455 1615 1527 ἔρχεται,
1652 1458 1783 1508 λαν-

163 1551 379 1603 θάνειν
421 1547 608 1602 ἐνθάδε
654 1547 882 1618 νομίσας
913 1547 1004 1599 καὶ
1032 1544 1395 1617 κρύπτεσθαι.
1436 1546 1649 1613 Ἠγνὸει
1675 1546 1773 1617 γὰρ

1888 1549 2177 1602 abscondi.
2225 1548 2513 1618 lgnorabat
2556 1549 2702 1601 enim
2741 1549 3131 1602 abozuinabilis
3180 1558 3236 1601 et
3277 1564 3305 1601 a
3358 1549 3469 1601 Dio

163 1643 198 1694 ὁ
231 1639 505 1712 βδελυρὸς
539 1640 631 1691 καὶ
678 1637 938 1708 θεήλατος
978 1640 1040 1690 ἐκ
1078 1637 1180 1706 τῆς
1218 1638 1347 1707 περὶ
1393 1637 1523 1699 τοὺς
1552 1638 1773 1699 οἰκείους

1888 1638 2123 1707 ejccms,
2157 1654 2222 1693 ex
2260 1640 2516 1708 opinione
2562 1652 2670 1707 qua
2721 1652 2849 1709 erga
2895 1638 3146 1708 proprios
3178 1639 3470 1691 tenebatur

167 1734 358 1796 θεοὺς
410 1730 763 1800 ὑπολήψεως,
814 1728 955 1800 ὡςή
995 1727 1117 1782 θεία
1155 1728 1430 1798 πανταχοῦ
1478 1727 1773 1799 καθέστηκε

1889 1731 2044 1797 deos,
2098 1732 2242 1800 quod
2303 1731 2489 1784 divina
2548 1731 2753 1798 ubique
2809 1732 2880 1785 sit
2933 1730 3128 1792 virtus,
3181 1738 3231 1783 et
3281 1730 3468 1781 omnia

1960 1363 2279 1436 Byzantium
2308 1379 2438 1434 ergo
2472 1371 2595 1434 post
2631 1363 3032 1418 absolutionem
3064 1377 3346 1418 carcerum
3381 1363 3469 1426 fu,-

1886 1456 2061 1525 gicns,
2094 1457 2477 1510 Alexandriam
2525 1459 2695 1518 venit,
2724 1457 2894 1510 latere
2929 1455 3017 1510 hic
3056 1456 3383 1510 existimans
3414 1465 3468 1508 et

169 1824 457 1893 δύναμις,
483 1821 577 1875 καὶ
600 1820 668 1873 τὰ
694 1820 870 1873 πάντα
902 1819 1121 1890 πληροῖ,
1150 1819 1253 1891 τὴν
1272 1819 1457 1874 οὐσίαν
1480 1819 1781 1890 ἀπερίγρα-

169 1935 289 1987 ιρον
330 1918 550 1987 ἔχουσα,
575 1916 670 1970 καὶ
692 1916 759 1970 τὶι
791 1914 969 1968 πάντα
998 1915 1233 1985 συνέχει,
1262 1915 1357 1968 καὶ
1388 1914 1605 1968 πάντων
1637 1915 1781 1967 ἐστὶν

171 2011 476 2075 ἐπέκεινα,
541 2008 616 2070 ὡς
671 2008 809 2079 αὐτὴ
863 2007 954 2060 διὰ
1016 2006 1240 2060 Ἡσαΐου
1280 2007 1444 2077 φησὶν
1479 2007 1614 2080 πρὸς
1656 2008 1781 2071 τοὺς

169 2100 478 2170 οἰομένους
529 2099 701 2169 αὐτὴν
756 2100 814 2152 ὲν
860 2097 1012 2168 τόπῳ
1069 2096 1265 2168 βραχεῖ
1325 2099 1777 2171 περιείργεσοαιο

182 2212 203 2244 ι
253 2193 426 2244 Ποῖον
459 2183 606 2244 οἷκον
635 2188 1022 2259 οἰκοδομήσετέ
1069 2206 1181 2258 μοι,
1206 2189 1353 2257 λέγει
1385 2189 1613 2262 Κύριος,
1639 2190 1671 2260 ἢ
1697 2190 1781 2253 τίς

172 2284 361 2345 τόπος
388 2267 485 2350 τῆς
517 2277 913 2341 καταπαύσεώς
942 2294 1081 2348 μου;
1122 2278 1247 2348 οὐχὶ
1292 2277 1383 2330 τὸν
1426 2278 1653 2349 οὐρανὸν
1685 2278 1780 2331 καὶ

171 2375 285 2446 τὴν
319 2374 427 2443 γῆν
473 2370 583 2440 ὲγὼ
636 2367 865 2442 πληρῶς
894 2386 912 2420 ι
942 2368 1084 2439 Πρὸς
1118 2367 1186 2435 ἦν
1230 2367 1444 2421 ᾶπαντα
1469 2367 1555 2421 διὰ
1582 2367 1781 2437 πολλὴν

177 2464 602 2533 συγκατάϐασιν
634 2459 1056 2531 συγκρινόμενα,
1079 2457 1308 2529 οὐρανὸς
1334 2460 1426 2511 καί
1446 2459 1515 2511 τά
1548 2460 1667 2512 κατ’
1690 2459 1781 2511 οὐ·

182 2558 360 2628 ρανδν
390 2556 636 2624 ἀγγέλων
671 2552 1014 2624 ἀναρίθμητοι
1042 2550 1399 2620 τάγματα,γῆ
1428 2552 1520 2604 καὶ
1550 2550 1617 2603 τὰ
1644 2552 1781 2606 κατὰ

176 2652 291 2716 γῆν
315 2645 437 2712 ζῶα
454 2648 545 2700 καὶ
562 2645 657 2700 ἄνθ
665 2662 857 2716 ρωποι,
879 2642 985 2713 ἀὴρ
1003 2642 1098 2694 καὶ
1120 2641 1281 2711 ὄρνεα
1298 2642 1365 2695 τὰ
1382 2642 1520 2696 κατὰ
1537 2642 1627 2696 τὸν
1644 2643 1781 2713 ἀέρα

180 2740 492 2806 πετόμενα,
509 2736 605 2788 καὶ
633 2733 934 2804 συλλήϐδην
959 2735 1131 2786 εἰπεῖν
1166 2735 1381 2787 ἅπαντα
1405 2733 1473 2787 τὰ
1494 2732 1665 2803 ὁρατὰ
1689 2733 1781 2786 καὶ

178 2830 427 2899 ἀόρατα,
468 2828 542 2891 ὠς
582 2826 723 2899 ῥοπὴ
762 2823 927 2892 ζυγοῦ
957 2824 1348 2894 καθεστήκασι,
1375 2823 1469 2875 καὶ
1495 2822 1625 2876 ὡσεὶ
1651 2840 1779 2876 στα-

180 2921 302 2990 γὼν
341 2919 454 2974 ἀπὸ
479 2918 642 2971 κάδου
664 2917 1015 2986 τυγχάνουσι,
1053 2913 1150 2967 καὶ
1174 2913 1249 2977 ὡς
1279 2912 1462 2977 σίαλος
1490 2912 1775 2983 ἐλογίσθηι

183 3030 290 3068 σαν
323 3011 615 3080 στόματος.
646 3006 818 3060 Τοῦτο
848 3007 954 3077 γὰρ
982 3004 1074 3060 καὶ
1097 3005 1262 3058 Δαϐὶδ
1278 3005 1521 3077 ἀκριϐῶς
1551 3006 1778 3059 ἐπιστά-

186 3120 358 3175 μενος
409 3098 660 3170 ἔψαλλενο
718 3116 738 3150 ι
791 3094 1223 3167 Ἑθαυμαστώθη
1269 3094 1531 3166 ἠγνῶσίς
1581 3112 1673 3148 σου
1722 3095 1780 3162 ἐξ

188 3192 363 3262 ἐμοῦ,
418 3188 790 3261 ὲκραταιὼθη,
827 3186 887 3239 ού
937 3185 1011 3256 μὴ
1060 3184 1303 3255 δύνωμαι
1333 3185 1471 3256 πρὸς
1508 3187 1677 3257 αλύτήν
1704 3203 1719 3218 ο
1755 3206 1774 3239 ι

180 3278 252 3357 ἦς
316 3282 383 3336 τὸ
429 3280 655 3352 μέγεθος
704 3276 1133 3346 ἐνδεικνύμενος,
1193 3277 1388 3345 ὲπάγει
1426 3277 1520 3331 καί
1564 3295 1731 3347 φησιν
1759 3295 1774 3309 ·

188 3394 208 3427 ι
249 3373 368 3427 Ποῦ
416 3371 667 3440 πορευθῶ
714 3369 820 3422 ἀπὸ
871 3365 966 3420 τοῦ
1024 3365 1335 3437 πνεύματός
1386 3385 1505 3433 σου;
1539 3371 1633 3422 καὶ
1671 3369 1778 3424 ἀπὸ

188 3464 492 3536 προσώπου
528 3479 618 3515 σου
646 3460 750 3514 ποῦ
789 3460 987 3529 φύγω;
1020 3460 1147 3513 Ἐὰν
1171 3458 1358 3511 ἀνασῶ
1392 3461 1471 3522 είς
1494 3459 1582 3512 τὸν
1615 3461 1778 3530 οὐρα-

188 3558 303 3623 νὸν,
335 3558 404 3610 σὺ
458 3557 573 3608 ἐκεῖ
621 3547 708 3606 εἶ’
772 3552 867 3605 καὶ
919 3551 1015 3605 ἐὰν
1063 3551 1292 3622 στρώσω
1339 3552 1420 3614 είς
1474 3551 1566 3604 τὸν
1621 3552 1773 3622 ᾅδην,

184 3650 357 3721 πάρει
391 3663 406 3679 ’
460 3649 555 3700 ἐὰν
592 3644 920 3714 ἀναλάϐοιμι
965 3643 1061 3705 τὰς
1093 3644 1373 3713 πτέρυγάς
1409 3660 1510 3712 μου
1536 3645 1654 3696 κατ’
1680 3644 1774 3715 ὅρ-

186 3739 339 3810 θρον,
373 3738 467 3792 καὶ
498 3735 911 3806 κατασκηνώσω
936 3736 1014 3796 εἰς
1036 3734 1105 3787 τά
1128 3734 1328 3804 ἔσχατα
1359 3734 1459 3803 τῆς
1480 3734 1771 3806 θαλάσσηςο

184 3834 283 3886 καὶ
312 3831 424 3902 γὰρ
450 3831 566 3882 ἐκεῖ
592 3830 626 3900 ἡ
655 3827 777 3900 χείρ
809 3843 902 3881 σου
926 3826 1185 3899 ὁδηγήσει
1217 3842 1306 3895 με,
1329 3826 1423 3879 καὶ
1450 3825 1667 3893 καθέξει
1702 3844 1771 3897 με

186 3922 396 3995 ἡδεξιά
432 3938 547 3974 σου.
594 3938 613 3972 ι

263 4014 432 4067 Ὅθεν
463 4011 638 4078 φυγὰς
664 4012 691 4064 ὁ
740 4008 1022 4075 Ἀγάπιος,
1057 4007 1150 4060 καὶ
1179 4009 1237 4061 ὲν
1265 4008 1653 4082 ’Δλεξανδρείᾳ
1676 4028 1770 4079 γε..

187 4105 442 4176 νόμενος,
465 4102 562 4170 τὴν
587 4101 685 4171 τῆς
716 4100 876 4170 δίκης
897 4098 1077 4163 δεξιὰν
1110 4099 1172 4152 οὐ
1203 4098 1477 4167 διέφυγεν,
1511 4101 1624 4153 ἀλλ’
1663 4101 1768 4154 ὑπὸ

186 4196 400 4266 ταύτης
438 4191 798 4262 κατασχεθεὶς
849 4189 1169 4254 ἐκολάζετοο
1222 4191 1283 4243 ού
1320 4191 1505 4261 νόμοις
1538 4193 1767 4263 παραδοο

188 4287 305 4352 θεὶς
348 4286 426 4349 ὡς
470 4285 530 4338 τὸ
564 4284 848 4354 πρότερον)
910 4280 1076 4335 πάλιν
1108 4281 1215 4352 γὰρ
1263 4281 1330 4334 ἂν
1364 4282 1463 4351 τὴν
1495 4284 1764 4354 τιμωρίαν

162 4374 274 4428 ’διὰ
314 4370 615 4446 χρημάτων
643 4372 905 4439 ἐξέφυγεν
929 4387 944 4401 ⁸
975 4374 1176 4434 πάντες
1205 4371 1313 4441 γὰρ
1343 4371 1409 4425 τὰ
1442 4373 1650 4427 ἑαυτῶν
1671 4375 1764 4445 ζη-

188 4464 396 4529 τοῦσιν,
434 4465 496 4517 ού
527 4463 596 4515 τὰ
635 4460 808 4531 Ἰησοῦ
834 4460 1258 4539 Χριστοῦ,κατᾲ
1299 4462 1392 4516 τὸν
1436 4462 1576 4516 θεῖον
1606 4466 1766 4520 Ἀπό-

193 4559 427 4625 στολον),
453 4555 570 4609 ἀλλ’
594 4554 845 4625 ἀοράτως
892 4552 1120 4624 πληγεὶς
1153 4553 1368 4625 πληγὴν
1415 4554 1657 4628 χαλεπήν
1706 4575 1763 4612 τε

190 4648 287 4699 καὶ
315 4647 557 4716 ἄφυκτον
579 4661 594 4674 ’
628 4646 781 4706 νόσος
814 4644 870 4697 δὲ
891 4639 961 4714 ἦν
995 4646 1024 4715 ή
1056 4644 1238 4717 πληγὴ
1272 4645 1412 4699 κατὰ
1445 4648 1640 4712 παντὸς
1671 4650 1764 4702 εύ-

192 4730 463 4811 ρυνομένη
511 4736 606 4790 τοῦ
660 4736 933 4805 σώματος,
955 4736 1022 4805 ἦν
1059 4735 1447 4805 Ἀσκληπιάδαι
1489 4755 1764 4809 προσαγο-

193 4831 409 4900 ρεύουσι
456 4830 713 4900 πάρεσιν.
762 4827 872 4880 Καὶ
900 4828 1058 4880 τοῦτο
1095 4826 1153 4880 δὲ
1182 4825 1407 4895 φεύγειν
1431 4828 1679 4899 ἠλπικὼς
1704 4831 1765 4884 τὸ

190 4921 529 4991 ἀρρώστημα
559 4919 643 4988 (οὐ
680 4918 782 4988 γὰρ
823 4919 978 4987 δίκης
1005 4916 1165 4987 ἔργον
1188 4917 1249 4970 τὸ
1279 4918 1452 4982 πάθος
1492 4921 1765 4990 ἐνόμιζεν,

189 5010 326 5065 ἀλλὰ
348 5011 657 5082 σύμπτωμα
675 5009 970 5079 σώματος),
1005 5007 1212 5078 συχνῶς
1233 5009 1360 5071 τοὺς
1387 5011 1607 5080 ίατροὺς
1634 5030 1765 5081 μετ-

186 5103 486 5156 εστέλλετο.
533 5104 594 5157 Οἱ
624 5103 680 5154 δὲ
708 5101 1162 5170 παραγενόμενοι,
1196 5099 1265 5153 τά
1308 5099 1407 5168 τῆς
1451 5101 1648 5171 τέχνης
1677 5104 1766 5155 ἐπ’

191 5194 341 5266 αὐτῷ
376 5194 777 5265 διεπράττοντο,
805 5190 1008 5253 εἰδότες
1044 5189 1144 5258 μὲν
1170 5189 1244 5253 ὡς
1275 5190 1335 5243 οὐ
1369 5189 1618 5259 ζήσεται,
1644 5193 1767 5246 οὐδὲ

191 5283 346 5338 τοῦτο
376 5286 538 5355 φύγοι
569 5285 626 5336 τὸ
649 5285 884 5354 νόσημα,
914 5281 1028 5335 ἀλλ’
1068 5281 1243 5335 ἐλπίδι
1276 5282 1484 5352 μισθῶν
1506 5283 1762 5338 ἀπατῶν-

203 5391 279 5438 τες
306 5378 395 5429 τὸν
425 5376 626 5429 ἄθλιον.

272 5467 355 5533 Ὠς
382 5468 435 5522 δὲ
454 5469 642 5538 χρόνος
669 5464 1014 5538 προέϐαινεν,
1037 5462 1131 5518 καὶ
1153 5462 1213 5516 τὸ
1241 5462 1412 5527 πάθος
1430 5464 1757 5538 προέκοπτε,

493 5516 506 5538 ι

254 5645 295 5678 ³⁵
343 5650 488 5708 Psal.
527 5666 790 5718 cxxxrrn,
820 5644 1082 5707 6.3‘lbid.
1119 5650 1170 5718 '7,
1213 5652 1266 5717 8,
1304 5649 1353 5705 9.

1886 1823 2128 1890 impleat,
2188 1822 2730 1891 incircumscriptam
2794 1822 3002 1875 habens
3073 1820 3466 1878 substantiam,

1883 1923 2191 1982 cunctaque
2223 1915 2528 1978 contineat,
2555 1920 2609 1965 ct
2635 1914 2706 1967 sit
2740 1912 3125 1965 universorum
3169 1911 3465 1979 superior;

1883 2004 2028 2060 sicut
2059 2004 2179 2074 ipsa
2211 2021 2309 2074 per
2334 2003 2528 2059 Isaiam
2566 2004 2719 2067 dicit,
2755 2003 3019 2056 adversus
3054 2016 3151 2056 eos
3185 2003 3275 2069 qui
3316 2002 3463 2054 hunc

1881 2095 1937 2148 in
1988 2096 2109 2149 loco
2149 2096 2297 2148 brevi
2344 2096 2708 2163 opinabantur
2757 2093 2978 2148 arceri:
3014 2093 3188 2158 Quam
3239 2092 3463 2145 domum

1880 2186 2225 2245 :ediiicabitis
2256 2186 2416 2249 mihi,
2449 2186 2581 2239 dicit
2610 2184 2908 2239 Dominus:
2932 2192 3024 2236 aut
3053 2186 3177 2253 quis
3206 2193 3289 2237 est
3312 2185 3380 2236 In:
3403 2197 3466 2237 us

1882 2279 2239 2346 requietionis
2289 2276 2460 2332 meae?
2513 2291 2691 2330 nonne
2743 2276 2942 2330 coelum
3005 2282 3059 2328 et
3108 2283 3308 2329 terram
3364 2291 3466 2343 ego

1882 2370 2116 2439 impleo?
2141 2369 2221 2424 Ad
2249 2385 2411 2440 quam
2438 2369 2705 2423 universae
2735 2375 2954 2438 prepter
2980 2367 3208 2420 multam
3264 2367 3468 2420 condc-

1881 2462 2235 2517 sccnsionem
2264 2470 2601 2531 comparata,
2640 2462 2841 2514 malum
2895 2458 3169 2521 videlicet,
3197 2466 3248 2513 et
3279 2460 3371 2528 qui
3410 2460 3462 2511 in

1880 2552 2022 2605 caelo
2057 2559 2187 2605 sunt
2228 2551 2660 2604 innumerabiles
2697 2549 2942 2612 ordines,
2973 2561 3118 2603 terra
3163 2557 3217 2603 et
3261 2565 3380 2617 qua!
3428 2566 3463 2604 ιι

1883 2647 2025 2692 terra
2073 2645 2200 2692 sunt
2228 2639 2485 2692 animalia
2518 2639 2682 2694 simul
2714 2648 2767 2693 et
2810 2639 3079 2701 homines,
3113 2654 3207 2693 aer
3252 2650 3305 2694 et
3335 2654 3415 2692 an
3437 2656 3464 2695 s

1880 2745 2001 2800 qua:
2033 2746 2130 2800 per
2157 2745 2335 2784 aerem
2370 2731 2620 2791 volitant.
2652 2746 2804 2785 mare
2837 2740 2888 2785 et
2922 2746 3044 2801 qua:
3074 2731 3381 2785 inhabitant
3412 2734 3462 2784 in

1880 2822 2058 2891 aquis,
2092 2830 2145 2875 et
2174 2829 2234 2874 ut
2267 2820 2507 2876 breviter
2547 2836 2885 2888 asseramus,
2917 2821 3161 2876 visibiiia
3189 2831 3243 2874 ct
3275 2821 3463 2876 ἱππίδια

1880 2913 2029 2979 bilia,
2061 2913 2204 2967 sicut
2226 2923 2560 2967 momentum
2595 2914 2816 2967 trutina:
2845 2920 2996 2975 sunt,
3018 2923 3070 2967 et
3107 2912 3462 2969 relutillue:s

1879 3016 1910 3057 a
1950 3003 2114 3057 situla
2143 3011 2294 3073 gutta
2328 3004 2666 3069 consistunt,
2692 3016 2743 3059 et
2769 3012 2827 3058 ut
2859 3005 3029 3058 saliva
3057 3012 3306 3073 reputata
3333 3017 3462 3058 sunt

1809 3103 1852 3161 ε
1884 3093 2018 3161 oris,
2055 3103 2110 3150 et
2154 3097 2575 3165 reputabuntur.
2618 3096 2682 3150 Et
2724 3097 2829 3151 boe
2876 3095 3024 3148 enim
3084 3095 3247 3148 etiam
3290 3094 3461 3148 Οτι-’(1

1884 3186 2192 3242 Certissime
2236 3188 2420 3241 sciens
2455 3188 2726 3257 psallebat
2778 3204 2793 3241 :
2834 3204 2852 3238 ι
2890 3185 3155 3242 Mirabilis
3199 3187 3342 3241 facta
3377 3195 3462 3242 est

1880 3277 2107 3332 scientia
2144 3285 2235 3331 tua
2267 3294 2332 3333 ex
2369 3294 2476 3344 me,
2521 3279 2832 3332 confortata
2865 3286 2971 3343 est,
3009 3294 3120 3333 non
3164 3290 3355 3348 potero
3391 3280 3459 3332 ad

1879 3381 1998 3419 eam
2028 3367 2091 3419 ³⁸.
2127 3386 2145 3418 ι
2178 3368 2354 3437 Cujus
2381 3368 2810 3435 magnitudinem
2838 3368 3137 3423 ostendens
3166 3369 3457 3432 subiul'crt,

1879 3466 1933 3511 et
1964 3459 2094 3512 dicit
2130 3476 2144 3512 :
2186 3477 2205 3510 ι
2243 3461 2363 3526 Quo
2401 3458 2492 3513 ibo
2520 3474 2548 3513 ιι
2618 3460 2814 3530 spiritu
2860 3461 2999 3515 tuo?
3034 3470 3088 3514 et
3126 3476 3155 3514 a
3194 3460 3331 3516 facie
3365 3472 3458 3516 tua

1877 3564 1986 3620 quo
2011 3548 2254 3620 fugiam?
2285 3550 2341 3604 Si
2368 3549 2673 3605 ascendcro
2706 3550 2761 3604 in
2799 3550 3024 3614 caelum,
3056 3559 3111 3604 tu
3142 3552 3254 3606 illic
3284 3567 3372 3607 es-
3409 3557 3454 3606 si

1876 3639 2215 3694 descendero
2246 3640 2299 3693 in
2333 3639 2632 3702 infernum,
2660 3639 2789 3695 ades
2815 3656 2829 3705 ;
2863 3640 2907 3694 si
2934 3652 3224 3709 sumpsero
3248 3657 3457 3712 pennas

1876 3748 2024 3788 Inoas
2057 3743 2184 3788 ante
2218 3738 2414 3799 lucem,
2439 3745 2493 3789 et
2515 3732 2835 3788 Itabitavero
2865 3733 2919 3788 in
2948 3736 3240 3804 postremis
3262 3737 3455 3800 maris,

1872 3824 2072 3878 etenim
2118 3824 2249 3877 illuc
2281 3839 2479 3879 manus
2510 3831 2600 3877 tua
2628 3823 2865 3878 deducet
2899 3838 3006 3890 me,
3039 3833 3094 3880 et
3127 3827 3337 3882 tenebit
3369 3844 3455 3883 me

1870 3907 2095 3968 dextera
2130 3923 2220 3967 tua
2251 3914 2317 3969 ³⁸.
2359 3934 2377 3967 ι

1945 4004 2096 4062 Unde
2126 4005 2290 4077 lugax
2329 4006 2573 4079 Agapius
2612 4006 3004 4063 Alexandriam
3037 4009 3289 4075 veniens,
3318 4024 3450 4065 eon-

1867 4113 2062 4168 grnum
2110 4096 2381 4168 judicium
2433 4114 2544 4153 non
2591 4100 2784 4165 erasit,
2831 4101 2925 4155 sed
2958 4101 3024 4154 ad
3059 4100 3161 4155 hoc
3194 4102 3452 4158 detentus

1867 4190 2047 4259 pomis
2082 4190 2452 4257 cruciabatur,
2497 4207 2607 4247 non
2641 4202 2699 4246 ut
2738 4193 2890 4261 prius
2924 4191 3133 4262 legibus
3175 4193 3450 4261 tradtus;

1866 4279 2106 4348 alioquin
2160 4296 2377 4349 poenam
2437 4280 2634 4336 itermn
2686 4298 2788 4351 per
2841 4284 3102 4352 pecunias
3145 4282 3370 4354 elfugiss
3406 4294 3445 4343 ι.

1866 4371 2068 4428 Omnes
2098 4373 2244 4426 enim
2279 4389 2401 4443 qua:
2432 4389 2533 4429 sua
2570 4383 2701 4429 sunt
2726 4385 2999 4444 quaerunt,
3036 4391 3143 4429 non
3176 4392 3298 4445 quae
3320 4376 3447 4430 Jcsu

1797 4439 1839 4493 Β
1870 4460 2097 4526 Christi,
2129 4439 2430 4537 secundum
2468 4464 2715 4519 divinum
2740 4439 3088 4534 Apostolum.
3121 4439 3228 4521 Sed
3262 4467 3451 4521 inrisi-

1872 4552 2057 4608 biliter
2088 4555 2338 4625 plagatus
2380 4555 2538 4625 plaga
2576 4571 2718 4611 Steva
2750 4565 2804 4609 et
2838 4556 3176 4623 ineritabili;
3220 4559 3450 4627 languor

1870 4647 2015 4700 enim
2065 4655 2186 4700 erat
2238 4648 2396 4717 plaga
2452 4646 2543 4701 illa
2599 4662 2698 4717 per
2744 4655 2916 4702 t0'um
2952 4662 3158 4717 corpus
3197 4657 3445 4714 extensa,

1869 4749 2033 4803 quam
2087 4736 2425 4806 Asclepiadze
2476 4738 2748 4808 paralysin
2813 4748 3150 4808 httttt'ttpant.
3183 4737 3250 4792 Et
3303 4740 3446 4797 hunc

1867 4840 2087 4896 quoque
2119 4829 2435 4897 languorem
2464 4830 2649 4898 fugere
2668 4844 2914 4898 sperans,
2948 4834 3175 4886 crebros
3206 4832 3444 4888 medicos

1866 4916 2170 4972 advocabat
2202 4936 2216 4984 ;
2251 4933 2360 4973 non
2392 4920 2537 4973 enim
2575 4919 2918 4975 adversionis
2945 4935 3087 4990 opus
3130 4923 3445 4991 passionem

1863 5024 1985 5064 esse
2028 5011 2275 5079 putabat,
2325 5012 2420 5064 sed
2480 5012 2824 5081 corporalem
2876 5021 3154 5065 eventum.
3207 5012 3311 5078 Qui
3349 5029 3441 5068 re-

1863 5101 2096 5166 niemes,
2151 5119 2274 5172 qua:
2334 5105 2471 5158 artis
2524 5114 2681 5158 erant
2728 5105 2783 5159 in
2842 5120 2908 5160 co
2959 5107 3255 5173 gerebant;
3297 5109 3444 5177 quod

1863 5194 2082 5264 quidem
2120 5211 2230 5249 non
2265 5197 2514 5251 victurus
2549 5207 2719 5264 esset,
2757 5213 2858 5254 nec
2898 5199 3213 5269 languorem
3244 5199 3441 5271 εσυςὶ-

1869 5296 2024 5340 turus
2062 5288 2321 5355 scientes,
2348 5293 2445 5345 sed
2479 5289 2745 5345 miserum
2768 5291 2822 5344 in
2859 5291 3174 5346 mercedum
3210 5307 3306 5362 spe
3345 5296 3447 5350 de—

1865 5377 2151 5446 cipiemes.

1936 5470 2181 5542 Cuznquc
2201 5486 2379 5529 annus
2405 5474 2793 5546 processisset,
2818 5484 2870 5532 et
2892 5475 3077 5548 passio
3092 5474 3444 5549 profecisset,
