4002 6312
487 229 626 296 3ίι31

1445 240 1502 299 S.
1528 238 1944 300 SOPHRONH
1977 232 2485 319 PATRIARCHfE
2525 234 2928 301 HlEliOSOL.

3635 235 3787 298 3532

494 349 777 405 mordacia
837 352 1283 417 commiseentes,
1332 354 1457 408 aliis
1490 356 1603 407 luee
1661 353 2078 423 jucundioribus

2196 355 2630 425 συγκαλύψωμεν
2655 373 2667 384 ·
2725 354 2875 415 τέλος
2918 353 2983 406 τά
3023 345 3231 424 τερπνὰ
3279 351 3379 419 τῆς
3425 351 3504 411 εἰς
3528 349 3791 415 Ἀλεξαν-

492 453 869 512 ceutegamus,
892 442 1051 498 linem
1087 442 1348 501 facientes
1379 446 1784 510 delectabilem,
1819 463 1930 502 nou
1961 464 2083 503 om.

493 534 645 587 nium
676 536 1101 604 eonscriptionis
1132 537 1525 593 miraculorum
1549 554 1760 603 eorum,
1796 539 1889 594 sed
1921 540 2086 593 mira-

493 626 746 679 culorum
778 634 989 681 tantum
1025 628 1168 698 apud
1197 628 1606 685 Alexandrinos
1634 640 1941 700 gestorum.

495 731 835 808 XXXIII._De_
863 734 1170 804 Cosmiana,
1196 754 1313 808 qua:
1332 739 1402 793 ad
1438 751 1649 795 sanctos
1685 750 1896 795 oratum
1933 742 2089 807 abiit,

633 814 682 858 et
717 804 783 859 de
806 805 1053 875 jumento
1106 804 1294 863 cecidit
1333 826 1625 883 corpusque
1663 813 1938 867 contrivit.

561 983 744 1040 Suave
773 983 933 1040 nobis
966 985 1132 1040 etiam
1168 1001 1415 1057 praesens
1460 988 1674 1043 exstitit
1729 988 2083 1056 miraculum,

488 1074 639 1144 quod
671 1089 700 1127 a
731 1075 943 1130 sanctis
1000 1076 1053 1130 in
1091 1076 1319 1132 muliere
1369 1078 1607 1147 quadam
1653 1076 1948 1134 Cosmiana
1982 1093 2085 1133 no-

490 1166 638 1220 mine
662 1163 874 1220 factum
903 1173 1017 1232 est,
1061 1176 1116 1221 et
1173 1166 1429 1224 fortassis
1462 1168 1839 1224 austeriorum
1883 1170 2087 1225 recita-

490 1257 629 1312 tioni
660 1258 929 1324 occurrit,
968 1265 1028 1312 ut
1068 1257 1352 1314 tristitiam
1389 1276 1510 1330 quae
1554 1260 1706 1315 illiue
1755 1260 1918 1331 nobis
1971 1260 2088 1317 fore

493 1349 818 1419 putabatur,
845 1348 1135 1417 cujusdam
1189 1351 1435 1422 spongia:
1471 1367 1624 1408 more
1655 1353 2000 1421 detergeret;
2032 1362 2089 1408 et

492 1457 601 1495 non
635 1448 848 1495 tantum
882 1440 1006 1501 hoc,
1041 1442 1135 1496 sed
1176 1442 1398 1496 utsicut
1437 1458 1464 1495 a
1499 1442 1749 1498 tris:ibus
1792 1443 2085 1498 mulierum

492 1532 737 1586 narratio
764 1541 944 1602 empta
966 1541 1073 1599 est,
1108 1533 1179 1587 ita
1207 1533 1371 1587 etiam
1409 1535 1656 1588 laetorum
1689 1533 1976 1607 Scriptura
1999 1536 2085 1588 in-

489 1626 798 1694 reptionem
856 1625 1086 1679 feminas
1133 1626 1351 1679 habeat.
1401 1626 1494 1681 Sic
1541 1626 1685 1681 enim
1730 1635 1784 1680 et
1818 1627 2086 1681 Dominus

2193 444 2358 515 δρέας
2377 444 2671 514 θαυμάτων
2698 442 3044 514 συγγραφῆς,
3076 443 3139 495 οὐ
3171 438 3470 511 θαυμάτων
3496 440 3787 510 ἐνεργείας

2194 535 2525 605 ποιούμενοι.

2190 726 2317 784 Al".
2344 730 2510 801 Allepi
2540 728 2886 800 Κοσμιανῆς
2913 728 3217 799 ἀπιούσης
3266 730 3354 796 εις
3386 730 3533 797 τοὺς
3572 731 3788 801 ἁγίους

2262 799 2368 854 τοῦ
2400 799 2690 863 εὔξασθαι
2723 802 2822 872 καὶ
2850 803 3166 872 πεσούσης
3192 802 3261 856 ἐκ
3292 801 3401 856 τοῦ
3418 799 3653 872 ἀλόγου
3678 803 3779 854 καὶ

2261 872 2687 940 συντριϐείσης
2709 870 2775 925 τὸ
2798 871 2990 940 σῶμα.

2274 982 2402 1037 Ἡδὺ
2456 982 2631 1037 καὶτὸ
2663 981 2841 1054 παρὸν
2865 983 2999 1053 ἡμῖν
3029 974 3211 1054 θαῦμα
3240 982 3606 1054 καθέστηκεν,
3645 985 3782 1052 ὅπερ

2191 1073 2284 1126 ἐπὶ
2328 1072 2538 1143 γυναίῳ
2560 1071 2667 1126 τινὶ
2694 1073 2981 1142 Κοσμιανῇ
3013 1069 3252 1140 τοῦνομα
3275 1073 3389 1134 τοῖς
3420 1072 3659 1141 μάρτυσι
3680 1074 3780 1139 γέ-

2189 1181 2337 1234 γονε·
2354 1164 2448 1218 καὶ
2469 1164 2607 1234 τάχα
2626 1161 2808 1227 καλῶς
2831 1160 2971 1232 μετὰ
2988 1162 3088 1231 τὴν
3102 1161 3212 1213 τῶν
3232 1161 3654 1232 αὐστηροτέραν)
3680 1163 3785 1227 ἀγ,

2189 1256 2378 1324 γελίαν
2415 1256 2751 1325 ἀπήντησεν,
2783 1254 2871 1308 ἵνα
2902 1253 3000 1324 τὴν
3023 1253 3232 1308 ἐκεῖθεν
3261 1251 3528 1308 δοκοῦσαν
3560 1254 3785 1307 ἔσεσθαι

2188 1348 2367 1419 λύπην
2388 1346 2737 1419 ἡμῖν,ῶσπερ
2764 1346 2857 1400 ἐπὶ
2895 1346 3138 1414 σπόγγου
3163 1345 3307 1409 τινὸς
3332 1345 3624 1416 παρελθὼν
3646 1348 3785 1399 ἀνα-

2192 1437 2451 1508 μάξηταιο
2471 1437 2565 1491 καὶ⁵
2583 1436 2642 1489 οὐ
2670 1435 2829 1489 τοῦτο
2856 1435 3036 1505 μόνον,
3055 1433 3171 1487 ἀλλ’
3199 1435 3286 1487 ἵνα
3319 1433 3509 1504 ὥσπερ
3540 1435 3649 1487 άπδ
3675 1451 3781 1501 γυ-

2188 1528 2355 1584 ναίων
2377 1528 2483 1581 τῶν
2505 1526 2836 1597 άνιὼντωνή
2868 1526 3118 1597 διήγησις
3147 1524 3518 1596 ἧρξατο,οὓτω
3549 1526 3644 1579 καὶ
3670 1526 3785 1579 τῶν

2190 1623 2430 1695 ὴδὸντων
2464 1624 2498 1693 ή
2526 1621 2718 1693 Γραφὴ
2747 1621 2923 1693 ἀρχὴν
2961 1620 3075 1692 ἔχει
3100 1621 3262 1675 πάλιν
3295 1620 3363 1672 τὰ
3384 1619 3787 1688 γύναια.οῦτω

493 1728 612 1784 post
637 1717 1099 1770 resurrectionem
1150 1732 1442 1787 apparens.
1477 1717 1656 1788 primo
1689 1719 1857 1773 Avete
1888 1718 2078 1772 mulie-

2189 1715 2302 1785 γὰρ
2360 1715 2457 1769 καὶ
2508 1714 2538 1766 ὁ
2582 1713 2789 1784 Κύριος
2841 1712 2979 1783 μετὰ
3025 1714 3123 1783 τὴν
3172 1713 3468 1766 ἀνάστασιν
3528 1711 3783 1780 φαίνεται

493 1799 648 1860 nibus
707 1807 898 1866 donat,
957 1806 1220 1874 quoniam
1281 1808 1457 1877 primo
1500 1809 1582 1864 eis
1628 1817 1751 1877 post
1792 1806 1990 1862 factam
2024 1808 2078 1862 in

493 1897 749 1965 paradiso
797 1900 1287 1967 transgressionem
1340 1900 1579 1954 tristitiae
1634 1902 1795 1954 verba
1833 1916 2079 1970 pronun-

496 1990 673 2043 tiavit.
711 1988 823 2043 Hoc
854 1990 1113 2059 judicans
1146 1993 1261 2061 ipse
1295 1990 1693 2060 justissimum,
1724 2001 1781 2046 ut
1810 2009 1931 2063 qua:
1965 1993 2080 2063 pri-

494 2100 595 2137 mae
627 2085 829 2139 triSIari
876 2095 1257 2155 susceperant,
1293 2086 1424 2156 ipsa:
1465 2101 1684 2156 queque
1716 2086 1906 2154 primae
1937 2098 2075 2155 gau-

491 2178 622 2230 dere
649 2176 1017 2246 perciperent,
1047 2185 1104 2231 et
1138 2191 1240 2231 nec
1266 2186 1412 2232 esset
1449 2178 1691 2234 schiSma
1719 2179 1773 2232 in
1816 2192 2074 2247 corpore,

491 2266 793 2320 secundum
824 2266 1071 2321 divinmn
1105 2266 1451 2336 Aposmlum,
1486 2268 1579 2337 qui
1629 2275 1796 2340 caput
1831 2267 2081 2322 mulieris

493 2359 669 2412 \irum
703 2359 948 2422 vocavit,
987 2367 1041 2413 et
1068 2358 1170 2412 viri
1213 2374 1419 2429 corpus
1455 2359 1741 2413 mulierem
1787 2357 1993 2421 sanxit,
2027 2362 2083 2409 et

493 2467 669 2521 neque
702 2452 986 2505 mulierem
1026 2452 1146 2506 sine
1176 2453 1313 2517 viro,
1348 2467 1526 2521 neque
1549 2452 1728 2505 virum
1793 2451 1914 2505 sine
1969 2465 2082 2503 mu-

494 2542 647 2606 liere,
699 2558 905 2612 corpus
965 2541 1079 2597 fore
1114 2544 1227 2595 vult
1285 2545 1626 2610 universum,
1675 2559 1799 2596 cum
1849 2542 2081 2595 altermu

495 2631 716 2700 quidem
770 2632 1018 2699 corporis
1062 2632 1342 2703 gaudium,
1388 2633 1620 2688 alterum
1648 2648 1775 2688 vero
1803 2632 2080 2688 tristitiam

493 2724 645 2792 prius
678 2724 1003 2792 susceperit.

478 2926 485 2932 ·
561 2904 703 2977 Ergo
733 2904 875 2959 adsit
909 2906 1126 2976 mulier,
1174 2914 1227 2962 et
1272 2906 1413 2962 sicut
1443 2906 1746 2964 Athanasia
1790 2906 2083 2961 miraculo-

489 3016 612 3056 rum
662 3001 861 3070 prima,
886 3017 1007 3069 qua:
1039 3001 1261 3055 tristare
1296 3001 1575 3067 videntur,
1614 3000 1808 3056 cﬂ‘ecta
1857 3008 1962 3064 est,
2007 3001 2080 3054 ita

487 3098 543 3144 et
582 3091 874 3143 Cosmiana
927 3091 1102 3158 prima
1153 3105 1343 3145 eorum
1395 3106 1518 3161 qua:
1570 3092 2077 3162 magnanimitatem

2187 3111 2365 3165 νηται,
2400 3092 2543 3146 οὕτω
2574 3092 2667 3145 καὶ
2700 3092 2988 3162 Κοσμιανὴ
3039 3093 3229 3163 πρώτη
3284 3093 3394 3145 τῶν
3433 3093 3671 3164 ἐχόντων
3720 3095 3785 3146 τὸ
3876 3112 3885 3120 ·

488 3184 715 3250 habent,
752 3182 1039 3237 clliriatur.
1076 3181 1267 3251 itaque
1328 3183 1623 3239 incolumis
1662 3192 1781 3239 erat
1816 3184 1929 3237 [nec
1950 3197 2077 3235 eor-

490 3290 643 3344 pore,
676 3284 729 3330 et
763 3275 1034 3345 passionis
1065 3275 1142 3329 nil
1175 3276 1435 3332 habebat.
1472 3275 1642 3329 Porro
1674 3276 1818 3331 domi
1852 3276 2077 3345 degens,

488 3370 821 3425 desiderium
853 3368 1094 3422 habebat
1136 3370 1321 3441 venire
1344 3369 1411 3424 ad
1441 3360 1742 3439 martyres,
1767 3380 1821 3423 et
1845 3367 2079 3422 adorare

491 3463 687 3516 horum
723 3462 1008 3531 reliquias,
1040 3477 1105 3516 ac
1137 3471 1431 3516 emanante
1455 3462 1525 3515 ab
1563 3462 1668 3516 illis
1693 3461 2079 3516 benedictione

490 3556 673 3621 potiri.
714 3555 779 3608 Et
814 3555 1116 3627 adimplere
1159 3556 1494 3611 desiderium
1533 3556 1747 3620 volens,
1783 3571 1906 3609 Clllll
1940 3570 2076 3624 pau-

488 3647 677 3700 xillum
724 3662 889 3717 supra
939 3649 1243 3717 inquietum
1292 3647 1525 3701 sedisset
1561 3632 1802 3712 asinum,
1846 3647 1911 3700 ad
1942 3657 2078 3700 tem-

489 3737 636 3806 pltuu
682 3739 788 3792 iter
819 3740 1034 3809 agebat.
1074 3737 1229 3792 Hanc
1272 3738 1491 3793 invidia:
1526 3747 1680 3807 pater
1726 3756 1851 3791 cum
1905 3739 2078 3792 multo

488 3831 553 3883 ad
605 3840 829 3885 sanctos
869 3847 1055 3886 amore
1109 3847 1406 3903 properare
1446 3832 1660 3896 videns,
1700 3846 1952 3899 magnam
2018 3846 2079 3885 se

489 3922 716 3991 putabat
750 3924 1027 3979 sustinere
1067 3924 1366 3993 iacturam,
1393 3925 1438 3977 si
1468 3939 1592 3978 cum
1628 3931 1784 3977 tanto
1811 3923 1995 3976 studio
2025 3932 2078 3976 ct

488 4013 675 4068 «alere
708 4015 773 4069 ad
807 4015 1054 4070 divinum
1083 4016 1342 4085 templum
1373 4014 1489 4085 ipsa
1523 4015 1834 4084 pertingere
1866 4014 2079 4082 potuis-

491 4117 597 4170 set,
642 4119 694 4161 et
726 4123 835 4162 non
887 4109 940 4163 in
976 4109 1172 4165 itinere
1204 4112 1256 4163 in
1299 4127 1526 4182 magnos
1577 4111 1804 4179 laqueos
1835 4110 1957 4179 ejus
1994 4107 2077 4163 of-

492 4198 721 4255 fendens
758 4201 992 4255 reditum
1021 4202 1247 4265 faceret,
1277 4219 1455 4271 neque
1496 4187 1689 4257 deifica
1724 4203 2078 4259 confessione

487 4294 628 4358 visa,
677 4308 852 4362 neque
906 4294 1124 4347 cultura
1192 4295 1342 4357 data,
1398 4311 1576 4364 neque
1654 4311 1883 4349 uulnere
1951 4310 2076 4365 pre-

488 4386 630 4439 tioso
679 4385 950 4454 impenso.
998 4385 1235 4443 'l‘ristcm
1286 4387 1487 4458 quippe
1522 4388 1670 4441 hunc
1721 4387 1977 4449 reddunt,
2021 4396 2074 4467 et

487 4479 756 4533 mordent
796 4479 981 4533 omnia
1051 4495 1173 4549 quae
1245 4479 1410 4536 Deum
1462 4489 1723 4551 tanquam
1772 4481 2070 4551 benignum

488 4572 729 4641 placant,
768 4573 1199 4644 hominibusque
1248 4574 1339 4629 Dei
1401 4575 1594 4629 amicis
1628 4574 1889 4630 beneficia
1932 4591 2089 4645 praet

487 4673 635 4717 stant
666 4703 679 4727 ,
717 4673 770 4716 et
807 4665 1004 4718 salutis
1023 4680 1382 4769 3rgumenta.

560 4841 715 4897 Unde
744 4857 870 4895 eum
909 4841 974 4895 ad
1008 4840 1245 4896 medium
1282 4843 1495 4898 itineris
1534 4843 1819 4899 mulierem
1857 4844 2073 4900 venisse

490 4935 972 5003 ridisset,jactato
1006 4932 1231 5005 repente
1273 4936 1571 5007 subjugali,
1615 4937 1761 5008 quod
1817 4941 2072 5006 portabat

488 5042 629 5090 eam,
660 5026 793 5078 utin
822 5036 1023 5079 terram
1073 5014 1376 5081 retrorsum
1410 5028 1633 5082 caderet
1659 5027 1898 5098 impulit,
1930 5039 1985 5083 et
2016 5035 2074 5082 ot

486 5118 712 5170 dorsum
764 5123 890 5169 ante
924 5116 1061 5170 alias
1099 5125 1284 5185 partes
1326 5118 1579 5185 corporis
1626 5118 1828 5173 illisum
1869 5129 2071 5181 rueret,

489 5209 640 5264 fecit.
667 5209 821 5275 Quod
848 5225 972 5262 eum
1013 5209 1222 5276 impetu
1250 5208 1501 5262 validiori
1532 5210 1843 5265 deferretur
1868 5212 1920 5264 in
1964 5219 2071 5264 ter-

487 5316 626 5365 ram,
666 5301 869 5355 illisqu
919 5309 1024 5366 est,
1073 5311 1127 5356 et
1172 5306 1347 5354 totum
1404 5299 1698 5356 confestim
1749 5303 2068 5365 contritum,

490 5404 870 5463 mortuamque
905 5395 1114 5449 diutius
1149 5395 1433 5449 mulierem
1465 5393 1902 5460 demonstravit;
1958 5394 2072 5449 for-

492 5486 669 5540 tussis
686 5494 741 5540 et
774 5486 838 5539 ad
869 5487 1182 5557 sepulcrum
1217 5486 1500 5553 misisset,
1540 5487 1646 5541 nisi
1680 5486 2072 5558 refrigerantes

491 5585 777 5646 martyres
809 5578 1131 5645 invenisset,
1179 5587 1239 5635 et
1266 5595 1402 5649 pene
1446 5588 1718 5633 mortuam
1776 5581 2070 5651 erigentes,

497 5674 548 5721 ct
595 5669 755 5723 vitam
793 5670 989 5724 iterum
1039 5672 1427 5727 concedentes.
1481 5669 1612 5728 Post
1652 5672 1882 5727 multum
1916 5687 2070 5744 ergo,

2184 1804 2433 1877 πρώταις
2471 1804 2689 1874 γυναιξὶ
2722 1804 2803 1871 τὸ,
2827 1805 3019 1875 Χαῖρε,
3042 1803 3408 1874 δωρούμενος,
3450 1803 3640 1870 ἐπειδὴ
3685 1805 3785 1856 καὶ

2185 1897 2430 1969 πρώταις
2459 1898 2651 1959 αὐταῖς
2689 1896 2828 1967 μετὰ
2852 1896 2953 1967 τὴν
2990 1899 3047 1950 ὲν
3082 1896 3404 1966 παραδείσῳ
3436 1894 3779 1966 παράϐασιν,

2182 1990 2252 2043 τὰ
2293 1989 2392 2058 τῆς
2434 1987 2609 2058 λύπης
2639 1986 2943 2056 ἐφθέγξατο
2986 1987 3239 2057 ῥήματα·
3268 1986 3423 2040 τοῦτο
3452 1988 3649 2058 κρίνας
3680 1990 3785 2041 αῦ-

2183 2082 2272 2143 τδς
2320 2080 2685 2143 δικαιότατον,
2739 2079 2824 2132 ἵνα
2880 2079 3097 2150 πρῶται
3157 2079 3217 2131 τὸ
3272 2078 3561 2131 λυπεῖσθαι
3612 2079 3780 2143 δεξά-

2187 2190 2365 2243 μεναι,
2426 2173 2590 2225 αὐταὶ
2646 2171 2860 2242 πρῶται
2906 2172 3002 2224 καὶ
3039 2170 3099 2224 τὸ
3154 2169 3366 2241 χαίρειν
3411 2170 3781 2239 κομίσωνται,

2184 2262 2279 2316 καὶ
2307 2258 2429 2334 μὴῇ
2458 2262 2664 2333 σχίσμα
2689 2265 2746 2314 ἐν
2775 2259 2851 2331 τῷ
2874 2261 3108 2330 σώματι,
3137 2260 3278 2313 κατὰ
3306 2260 3396 2313 τὸν
3432 2260 3580 2316 θεῖον
3610 2264 3783 2315 Ἀπί-

2186 2355 2394 2419 στολον,
2422 2355 2512 2407 τὸν
2548 2355 2791 2424 κεφαλὴν
2827 2355 2926 2426 μὲν
2973 2353 3234 2423 γυναικὸς
3277 2353 3367 2407 τὸν
3398 2353 3573 2425 ἄνδρα
3618 2355 3781 2408 καλέ

2188 2462 2377 2509 σαντα,
2402 2445 2591 2515 ἀνδρὸς
2617 2445 2673 2498 δὲ
2706 2445 2866 2515 σῶμα
2893 2445 2993 2513 τὴν
3014 2448 3249 2514 γυναῖκα
3278 2446 3648 2502 θεσπίιαντςν
3683 2450 3784 2502 καὶ

2188 2538 2325 2607 μήτε
2375 2539 2611 2604 γυναῖκα
2646 2537 2815 2607 χωρὶς
2850 2536 3063 2607 ἀνδρὸς,
3096 2537 3220 2607 μηδ’
3250 2535 3419 2605 ἄνδρα
3472 2535 3645 2607 χωρὶς
3681 2554 3784 2605 γυ·-

2184 2628 2365 2691 ναικὸς
2405 2629 2463 2682 τὸ
2488 2630 2597 2682 πᾶν
2631 2624 2770 2681 εἶναι
2807 2629 2967 2698 σῶμα
3000 2627 3324 2698 βουλόμενον
3350 2642 3362 2654 ·
3396 2629 3430 2699 ἢ
3456 2629 3518 2681 τὸ
3553 2629 3654 2699 μὲν
3684 2629 3782 2683 τοῦ

2186 2721 2438 2789 σώματος
2481 2722 2539 2775 τὸ
2588 2722 2841 2792 χαίρειν,
2893 2721 2954 2773 τὸ
3003 2716 3058 2773 δὲ
3106 2720 3165 2774 τὸ
3213 2719 3504 2775 λυπεῖσθαι
3556 2718 3782 2793 πρῶτον

2184 2814 2423 2879 ἐδέξατο.

2255 2905 2465 2960 Οὐκοῦν
2495 2909 2722 2976 παρεῖτο
2751 2908 2811 2960 τὸ
2842 2907 3064 2975 γύναιον
3092 2925 3103 2935 ·
3152 2908 3249 2961 xui.
3304 2907 3492 2977 ὥσπερ
3541 2906 3782 2961 Ἀθαναο

2189 3000 2276 3054 σία
2312 2999 2505 3071 πρώτη
2533 2999 2645 3052 τῶν
2675 2999 2864 3052 λυπεῖν
2908 2998 3213 3053 δοκούντων
3267 2998 3565 3069 θαυμάτων
3615 3001 3784 3069 γεγὲδ

2174 3184 2416 3254 ἐῦθυμον
2473 3186 2731 3255 γίγνοιτο.
2759 3184 3007 3256 Ἔρρωτο
3036 3184 3214 3238 τοίνυν
3250 3186 3387 3255 αῦτη
3421 3185 3497 3254 τῷ
3532 3187 3785 3257 σώματι,

2181 3279 2277 3331 καὶ
2308 3277 2478 3342 πάθος
2509 3279 2662 3331 οὐδὲν
2691 3278 2851 3347 ἔσχεν
2887 3276 2918 3347 ἢ
2959 3278 3203 3348 νόσημα·
3247 3279 3368 3332 κατ’
3396 3275 3545 3332 οἷκον
3578 3279 3635 3333 δὲ
3661 3281 3784 3334 διαο

2181 3373 2461 3444 τρίϐουσα,
2495 3371 2657 3425 πόθον
2691 3372 2850 3441 ἔσχεν
2872 3370 3047 3424 ἐλθεῖν
3072 3374 3151 3434 εἰς
3174 3372 3301 3435 τοὺς
3336 3373 3642 3444 μάρτυρας,
3683 3375 3785 3429 καὶ

2186 3465 2564 3534 προσκυνῆσαι
2600 3464 2805 3517 τούτων
2828 3463 2894 3517 τὰ
2935 3463 3183 3531 λείζανα.
3218 3465 3309 3517 καὶ
3359 3465 3461 3535 τὴν
3498 3464 3785 3537 βρύουσαν

2182 3556 2276 3611 ἀπ’
2311 3557 2491 3609 αὐτῶν
2539 3556 2794 3624 εὐλογίαν
2843 3555 3265 3626 καρπώσασθαι,
3325 3556 3418 3610 καὶ
3479 3557 3781 3628 πληρῶσαι

2180 3650 2269 3701 τὸν
2305 3648 2471 3702 πόθον
2511 3648 2795 3713 ἐθέλουσα,
2845 3650 2931 3702 ἐπ’
2962 3648 3068 3720 ὄνῳ
3101 3649 3298 3720 μικρὸν
3358 3650 3583 3722 ἀτάκτῳ
3638 3653 3783 3706 καθο

2185 3741 2368 3806 ίσασα,
2398 3740 2531 3811 πρὸς
2558 3740 2618 3793 τὸ
2650 3740 2876 3811 τέμενος
2898 3740 3088 3795 ὥδευε.
3113 3742 3329 3813 Ταύτην
3375 3742 3404 3795 ὁ
3439 3741 3534 3796 τοῦ
3569 3744 3781 3811 φθόνου

2181 3831 2366 3903 πατὴρ
2421 3832 2780 3902 θεασάμενος,
2848 3834 2945 3887 σὺν
2989 3834 3140 3904 πόθῳ
3192 3835 3397 3888 πλείονι
3445 3836 3582 3908 πρὸς
3643 3839 3781 3899 τοὺς

2180 3922 2370 3991 ἁγίους
2415 3923 2760 3994 ὁρμήσασαν,
2799 3924 3041 3994 μεγάλην
3067 3924 3229 3987 αὐτὸς
3262 3926 3359 3996 τὴν
3391 3926 3598 3996 ζημίαν
3665 3928 3776 3998 ὐφ-

2180 4015 2319 4081 ἐξειν
2350 4014 2618 4084 ἐνόμιζεν,
2638 4016 2686 4066 εἰ
2720 4015 2856 4086 μετὰ
2884 4016 3152 4087 τοσαύτης
3183 4018 3417 4088 σπουδῆς
3445 4018 3536 4071 καὶ
3568 4019 3780 4091 θερμό-

2178 4124 2342 4176 τητος
2370 4107 2449 4170 εἰς
2480 4107 2570 4159 τὸν
2600 4106 2725 4161 ναὸν
2756 4107 2847 4160 τὸν
2881 4108 3023 4160 θεῖον
3056 4109 3327 4177 ἀφίκοιτο,
3385 4112 3479 4165 καὶ
3513 4110 3589 4182 μὴ
3642 4113 3775 4167 καθ’

2177 4198 2296 4252 ὁδὸν
2319 4200 2439 4260 ταῖς
2465 4200 2732 4270 πονηραῖς
2761 4200 2927 4252 αὑτοῦ
2961 4202 3151 4270 παγίσι
3183 4203 3566 4272 προσκόψασα,
3604 4208 3774 4277 ποιή-

2181 4307 2336 4343 σαιτο
2360 4288 2458 4359 τὴν
2510 4291 2794 4354 ἐπάνοδον,
2827 4292 2964 4360 μήτε
2990 4294 3080 4344 τον
3111 4294 3278 4364 σηκὸν
3315 4294 3496 4349 ἰδοῦσα
3530 4296 3625 4349 τὸν
3678 4299 3772 4352 ἔν-

2179 4381 2320 4442 θεον,
2358 4381 2495 4451 μήτε
2520 4380 2581 4434 τὸ
2613 4380 2778 4445 σέϐας
2802 4382 2968 4437 δοῦσα
2996 4384 3057 4436 τὸ
3119 4385 3448 4457 πρόσφορον,
3515 4390 3656 4458 μήτε
3711 4392 3773 4443 τδ

2174 4472 2349 4544 δῶρον
2377 4472 2617 4526 λαϐοῦσα
2662 4473 2722 4526 τὸ
2750 4474 2953 4544 τίμιον.
3009 4476 3257 4529 Λυποῦσι
3309 4479 3415 4551 γὰρ
3460 4480 3623 4534 αὑτὸν
3673 4484 3772 4536 καὶ

2174 4564 2458 4620 δάκνουσιν
2479 4566 2696 4620 ἅπαντα
2708 4568 2774 4619 τὰ
2789 4566 2879 4618 τὸν
2896 4567 3027 4620 Θεὸν
3052 4569 3126 4631 ὠς
3149 4569 3353 4636 ἀγαθὸν
3370 4573 3767 4642 Θεραπεύοντξι,

2176 4660 2270 4712 καὶ
2300 4659 2425 4721 τοὺς
2453 4660 2732 4729 φιλοθέους
2760 4662 2856 4715 ἀνθ
2868 4660 3078 4730 ρώπους
3108 4663 3500 4734 εὐεργετοῦντα
3535 4668 3630 4720 καὶ
3654 4669 3765 4719 σώ-

2180 4747 2338 4812 ζοντα
2349 4793 2361 4804 .

2251 4841 2417 4893 Ὅθεν
2454 4844 2548 4895 ἐπὶ
2570 4843 2637 4895 τὰ
2675 4845 2816 4913 μέσα
2837 4845 2934 4914 τῆς
2962 4846 3084 4898 ὁδοῦ
3111 4848 3173 4900 τὸ
3206 4847 3427 4915 γύναιον
3458 4851 3532 4914 ὡς
3564 4851 3642 4904 ῖδε
3668 4870 3766 4920 γε-

2175 4931 2421 5002 νόμενον,
2468 4934 2631 5003 ῥίψας
2685 4935 2885 5005 ἀθρόον
2950 4936 3011 4989 τὸ
3043 4937 3206 5010 φέρον
3249 4939 3419 5010 αὐτὴν
3469 4941 3764 5012 ὑποζύγιον

2176 5025 2266 5077 ἐπ’
2294 5025 2489 5095 ἔδαφος
2518 5027 2750 5098 ἤνεγκεν
2781 5030 2859 5093 εἰς
2894 5030 3142 5084 τούπίσω
3173 5035 3383 5096 πεσεῖν,
3412 5024 3504 5086 κάι
3534 5035 3629 5087 τὸν
3660 5036 3764 5090 νῶ-

2174 5134 2264 5169 τον
2299 5120 2548 5187 ἡγεῖσθαι
2583 5123 2814 5190 ποιήσας
2846 5122 2940 5175 τοῦ
2974 5123 3282 5193 πτώματος,
3319 5125 3507 5201 ὃφορᾷ
3531 5130 3764 5200 σφοδρο-

2175 5210 2312 5281 τέρᾳ
2344 5213 2643 5282 φερόμενον
2670 5218 2736 5285 τῇ
2769 5216 2838 5285 γῇ
2879 5215 3218 5286 προσραγὲν,
3245 5217 3366 5269 ὅλον
3398 5218 3563 5283 εὐθὺς
3631 5240 3762 5274 συν-

2174 5304 2441 5372 ετρίϐετο,
2474 5308 2569 5359 καὶ
2603 5307 2795 5377 νεκρὸν
2820 5308 2913 5359 ἐπὶ
2966 5308 3101 5363 πολὺ
3126 5308 3187 5361 τὸ
3239 5309 3462 5379 γύναιον
3517 5313 3722 5378 ἔδειξεν
3747 5330 3761 5343 ⁵

2174 5396 2313 5466 τάχα
2346 5396 2389 5448 δ’
2431 5397 2496 5451 ἂν
2528 5399 2621 5451 mi.
2648 5399 2782 5470 πρὸς
2808 5400 2980 5470 τάφον
3012 5401 3391 5472 παρέπεμψεν,
3425 5407 3472 5457 εξ
3501 5404 3576 5475 μὴ
3641 5409 3765 5471 τοὺς

2137 5524 2141 5529 ο
2178 5489 2464 5559 μάρτυρας
2494 5490 2873 5562 ἀναψύχοντάς
2911 5492 3134 5565 εὕρισκε
3162 5534 3177 5559 ,
3217 5496 3309 5549 καὶ
3336 5497 3611 5554 θανοῦσαν
3640 5518 3766 5571 σχε-

2173 5580 2261 5632 δὸν
2294 5581 2702 5650 άνεγείροντας,
2727 5585 2821 5637 καὶ
2853 5585 2998 5653 ζωὴν
3024 5585 3186 5639 πάλιν
3218 5591 3428 5658 ταύτην
3485 5605 3763 5661 παρεχον-

2175 5688 2292 5734 τας.
2330 5672 2484 5727 Μετὰ
2534 5671 2669 5726 πολὺ
2731 5673 2857 5742 γοῦν
2879 5675 3046 5746 αὐτὴν
3089 5675 3437 5748 ἀνανήψασαν
3463 5678 3763 5748 (ἐτεθνήκει
