3934 6308
1286 95 1310 106 ν

138 270 276 334 35Ἱ3

1158 271 1261 331 SS.
1297 269 1471 331 CYRI
1501 269 1597 330 ET
1632 266 1950 329 JOANNIS
1987 268 2402 332 MIRACULA.

3250 267 3388 331 35'}!

138 384 244 453 γὰρ
283 382 363 453 τῷ
392 381 557 453 ῥοίζῳ
587 380 706 434 τότε
747 380 840 433 τοῦ
874 379 1189 449 πτώματος,
1223 382 1314 433 καὶ
1358 380 1536 433 πάντα
1574 382 1709 450 αὐτῇ

1837 398 1939 435 :nm
1989 383 2078 436 illa
2141 393 2384 438 recreata
2430 379 2713 451 paululum
2769 378 3122 448 respirasset,
3175 391 3387 433 mortua

136 477 201 528 τὰ
229 477 365 529 ὀστᾶ
401 474 715 541 διελέλυτο),
753 475 830 534 είς
881 472 1035 525 πόλιν
1087 474 1451 544 ἀποστρέφειν
1495 474 1547 525 οἱ
1592 488 1715 525 συν-

138 569 287 628 όντες
311 567 622 639 ἠϐούλοντο,
659 566 742 619 ἵνα
774 566 974 635 Θερμὰ,
1001 565 1186 634 φησὶν,
1231 565 1459 634 ἔχουσαν
1513 562 1595 615 ἔτι
1644 561 1713 615 τὰ

137 657 445 728 τραύματα,
488 658 623 727 πρὸς
658 658 876 727 ίατροὺς
905 658 1305 724 ἀπενέγκωσιν,
1345 656 1434 708 καὶ
1471 654 1547 726 μὴ
1578 653 1718 725 μετὰ

137 749 298 817 ψύξιν
328 750 418 802 καὶ
466 751 753 818 νέκρωσιν.
786 747 1042 800 Δοκοῦσιν
1071 747 1179 817 γὰρ
1223 746 1292 799 τὰ
1314 746 1424 799 τῶν
1477 746 1719 816 τραυμάο

137 859 245 894 των
272 841 603 912 θερμότερα.
634 840 881 910 καὶπρὸς
914 841 1057 893 ίασιν
1083 839 1423 908 ἑτοιμότερα,
1459 840 1553 891 καὶ
1578 840 1715 908 μήτε

139 932 391 984 τοσοῦτον
425 933 629 1001 ἰατροῖς
665 930 926 1000 παρέχειν
954 930 1045 982 τὸν
1094 930 1363 993 κάματον,
1413 927 1550 998 μήτε
1610 927 1718 997 μὴν

139 1021 301 1088 ἄλγος
332 1022 583 1089 ἐμποιεῖν
630 1019 887 1073 τοσοῦτον
934 1021 1047 1081 τοῖς
1103 1019 1426 1089 πάσχουσιν,
1470 1018 1594 1070 ὅσον
1649 1018 1718 1070 τά

116 1112 279 1181 ’μετά
324 1112 517 1182 πλῆξιν
562 1112 883 1186 ψυχούμενα
937 1114 1030 1164 καὶ
1079 1111 1412 1181 βραδύνοντα
1460 1108 1717 1174 δέξασθαι

140 1204 451 1272 φάρμακον.
471 1204 535 1256 Ἦ
562 1204 618 1255 δὲ
649 1203 745 1271 τὴν
785 1202 1025 1271 ἐκκοπὴν
1068 1202 1170 1271 τῆς
1217 1203 1296 1264 είς
1350 1201 1477 1265 τοὺς
1532 1201 1722 1269 ἁγίους

141 1294 398 1363 ἀφίξεως,
430 1294 682 1363 δαίμονος
715 1293 876 1363 ἔργον
906 1289 1046 1345 εἶναι
1105 1295 1372 1363 νοήσασα,
1413 1293 1578 1346 πάλιν
1627 1310 1716 1345 νο-

143 1388 285 1435 στεῖν
316 1385 418 1435 οὐκ
445 1383 727 1452 ἠνέσχετο,
767 1383 872 1453 πρὸ
902 1385 1000 1452 τῆς
1021 1382 1115 1435 τοῦ
1148 1383 1313 1436 πόθου
1358 1380 1715 1454 πληρώσεως.

144 1476 311 1528 Πάλιν
333 1471 428 1529 οὖν
457 1476 551 1527 ἐπὶ
581 1475 641 1527 τὸ
665 1476 860 1543 κτῆνος
885 1476 1053 1543 αὐτὴν
1087 1474 1226 1544 μετὰ
1251 1473 1569 1551 δυσχερείας
1600 1473 1724 1527 πολ-

145 1567 240 1635 λῆς
267 1563 681 1637 ἀνενέγκαντες,
742 1565 1019 1636 ἔμπροσθέ
1068 1583 1125 1619 τε
1174 1566 1268 1619 καὶ
1315 1564 1528 1627 ὃπισθε,
1584 1564 1725 1635 μετὰ

146 1657 345 1727 πολλῆς
376 1658 677 1725 ἀσφαλείας
709 1658 1055 1728 κατέχοντες.
1084 1657 1168 1709 διὰ
1192 1657 1251 1710 τὸ
1298 1655 1582 1719 παντελῶς
1630 1656 1725 1708 αὐ-

1816 475 1960 527 enim
1985 484 2106 528 erat
2130 490 2241 544 pra:
2268 488 2465 544 magno
2494 474 2697 542 impetu
2737 487 2925 533 casus,
2970 478 3023 523 et
3058 470 3241 524 omnia
3266 487 3390 524 ossa

1814 554 1936 633 ejus
1975 565 2192 619 fuerant
2233 563 2529 625 dissoluta,
2564 563 2617 616 in
2644 563 2865 615 civitate
2912 561 3006 630 qui
3053 562 3218 614 simut
3268 562 3391 613 ade—

1817 661 1940 706 rant
1996 654 2259 723 repedare
2310 654 2581 719 volebant,
2636 664 2695 706 ut
2722 654 2851 706 dum
2879 653 3076 716 calida,
3116 652 3394 722 inquiunt,

1818 744 1983 798 habet
2007 744 2188 800 adhuc
2217 745 2466 810 vulnera,
2492 744 2558 797 ad
2589 743 2828 798 medicos
2872 743 3165 806 referatur,
3191 754 3239 795 et
3286 758 3395 795 non

1821 843 1944 904 post
1967 835 2403 904 congelationem
2455 846 2510 889 et
2564 835 3082 900 mortiﬁcationem;
3139 834 3395 888 ridentur

1818 925 1962 978 enim
1988 925 2249 980 calidiora
2279 926 2523 988 vulnera,
2555 937 2606 981 et
2635 926 2701 980 ad
2736 924 3040 980 sanandum
3072 926 3242 995 magis
3275 941 3398 980 esse.

1823 1017 2030 1082 facilia,
2063 1025 2118 1072 et
2156 1019 2388 1073 medicis
2410 1029 2519 1072 tam
2551 1035 2808 1088 magnum
2840 1035 2948 1073 non
2969 1028 3231 1089 praestare
3256 1020 3399 1071 labo-

1821 1124 1958 1172 retn,
1988 1126 2162 1179 neque
2191 1120 2404 1164 tantum
2447 1112 2533 1167 his
2557 1113 2648 1182 qui
2687 1112 2969 1182 patiuntur
3011 1110 3215 1167 inferre
3244 1112 3400 1167 dolo-

1823 1216 1959 1267 rem,
1993 1212 2259 1271 quantum
2297 1220 2418 1273 quae
2450 1213 2570 1274 post
2616 1206 3029 1275 percussionem
3074 1204 3399 1274 frigescunt,

1822 1299 1878 1346 et
1910 1292 2206 1347 admittunt
2255 1294 2410 1349 tarde
2457 1295 2719 1351 remedia.
2766 1296 2899 1361 Qum
2951 1296 3400 1367 impedimentum

1825 1381 2185 1451 profectionis
2208 1386 2272 1440 ad
2294 1396 2519 1443 sanctos
2541 1387 2787 1458 agendae,
2822 1389 3089 1443 daemonis
3115 1401 3239 1443 esse
3263 1404 3402 1458 opus

1826 1471 2156 1542 intelligens,
2200 1475 2379 1528 redire
2413 1476 2735 1531 mtllatenus
2767 1475 3074 1546 patiebatur
3100 1484 3227 1531 ante
3252 1476 3400 1531 desi-

1824 1561 2036 1615 derium
2061 1562 2437 1633 adimpletum.
2471 1563 2682 1620 Rursus
2704 1580 2835 1636 ergo
2858 1581 2978 1621 eam
3001 1582 3164 1636 supra
3187 1567 3406 1636 jumen-

1826 1663 1941 1709 tum
1978 1670 2101 1707 eum
2130 1650 2299 1708 multa
2330 1656 2646 1713 diﬂicultate
2686 1659 3050 1727 imponentcs,
3082 1668 3318 1729 anteque
3343 1674 3406 1710 ae

148 1747 244 1817 τὴν
281 1748 536 1816 κατέχειν
569 1747 768 1818 ἑαυτὴν
799 1748 884 1800 ἐπ’
928 1747 1110 1816 ἀλόγῳ
1162 1746 1237 1817 μὴ
1273 1745 1557 1806 δύνασθαι,
1624 1746 1723 1797 συν

1837 1757 1977 1802 retro
2011 1762 2134 1801 cum
2168 1750 2372 1816 ingenti
2397 1742 2612 1805 cautela
2646 1752 2968 1816 retinentes,
3000 1766 3068 1820 eq
3097 1752 3243 1821 quod
3273 1765 3407 1804 con-

149 1837 373 1907 κινδύνῳ
410 1837 593 1909 πολλῷ
629 1840 761 1904 πρὸς,
824 1839 937 1901 ὀὓς
1000 1838 1284 1907 μάρτυρας
1330 1838 1558 1907 ἤγαγον;
1621 1836 1727 1888 Καὶ

152 1929 602 1999 προσευξαμένην
630 1928 822 1996 αυτὴν,
849 1931 937 1982 καὶ
962 1930 1060 1998 τὴν
1092 1928 1270 1982 αὐτῶν
1302 1928 1457 1998 σορὸν
1476 1943 1725 1997 προσκυ-

153 2021 413 2087 νήσασαν,
440 2020 531 2073 ἐπὶ
560 2020 619 2072 τὸ
643 2020 778 2073 ἄστυ
816 2020 979 2073 πάλιν
1009 2022 1355 2090 εἰσήνεγκαν,
1388 2019 1728 2089 παραμένειν

151 2108 225 2176 τῷ
255 2109 358 2179 νεῷ
394 2110 559 2180 μέχρι
600 2110 818 2181 ῥώσεως
863 2112 924 2163 ού
978 2111 1306 2181 θελήσασαν,
1378 2111 1514 2165 ἀλλά
1572 2108 1731 2162 τοῦτο

152 2201 282 2270 προς
310 2203 439 2263 τοὺς
468 2202 655 2265 ἁγίους
690 2204 1015 2255 ἀστειὸτατα
1042 2202 1275 2266 λέξισαν
1298 2218 1312 2233 ·

223 2369 418 2423 Πολλοὶ
449 2369 570 2439 μὲν,
601 2364 646 2424 ὧ
696 2370 934 2442 Χριστοῦ
970 2372 1209 2442 μιμηταὶ
1252 2373 1349 2425 καὶ
1404 2370 1730 2443 θεράποντες

163 2463 463 2534 μάρτυρες,
493 2463 776 2526 νοσοῦντες
803 2464 935 2534 πρὸς
960 2463 1106 2534 ὑμᾶς
1134 2463 1543 2535 ἀφικνούμενοι,
1595 2464 1733 2533 μετά

161 2552 373 2623 ῥώσεως
400 2556 499 2606 καὶ
525 2555 696 2624 χαρᾶς
721 2554 1149 2625 ὑποστρέφουσιν
1179 2571 1192 2582 ·
1225 2554 1337 2622 ἐγὼ
1361 2555 1417 2608 δὲ
1452 2554 1590 2625 μετὰ
1625 2553 1735 2625 ῥώ-

162 2662 292 2707 σεως
323 2645 619 2709 ἐξελθοῦσα
651 2645 749 2713 τῆς
803 2646 1035 2712 πόλεως,
1094 2646 1229 2716 πρὸς
1291 2647 1437 2717 ὑμᾶς
1481 2644 1732 2710 ἐλθοῦσα,

157 2733 356 2800 ταύτης
379 2729 726 2803 ’ποιήσασθαι
760 2734 1031 2802 φύλακας.
1068 2736 1207 2805 μετὰ
1251 2737 1418 2791 πόσου
1480 2736 1731 2790 κινδύνου

162 2832 249 2877 καί
284 2827 595 2896 νοσήματος
630 2828 1005 2897 ἐπανέρχομαι
1035 2829 1048 2880 ι
1080 2828 1187 2881 Καὶ
1209 2827 1306 2881 νῦν
1340 2830 1389 2881 εί
1421 2828 1522 2899 μὲν
1568 2829 1735 2882 ἀσθε-

162 2913 323 2967 νοῦσα
351 2917 450 2986 τῆς
484 2916 667 2980 ἑστίας
704 2916 962 2987 ἐλήλυθα,
997 2920 1307 2988 παρέμενον
1333 2919 1399 2972 ἂν
1430 2919 1625 2989 μέχρις
1671 2911 1733 2972 οὗ

160 3008 366 3060 τελείαν
389 3009 737 3078 ἐκομισάμην
771 3010 867 3080 τὴν
900 3010 1046 3063 ἴασιν
1070 3028 1083 3041 ο
1119 3011 1388 3080 ἐπειδὴδὲ
1416 3012 1553 3081 πρὸς
1586 3012 1732 3081 ὑμᾶς

81 3117 94 3131 ⁸
161 3101 219 3152 ού
258 3101 463 3164 πάθους
486 3101 649 3154 ἕνεκα
674 3104 765 3154 καὶ
804 3103 1127 3173 παραμονῆς
1179 3106 1552 3176 παραγέγονά,
1610 3105 1730 3158 ἀλλ’

164 3193 323 3264 εὐχῆς
348 3196 445 3248 καὶ
473 3196 922 3263 προσκυνήσεως,
981 3199 1048 3266 ἣν
1094 3199 1122 3250 ὁ
1163 3198 1452 3266 μισόκαλος
1492 3198 1733 3252 κωλῦσαι

166 3284 476 3353 τεθέὶηκεν,
508 3286 621 3337 ἀλλ’
657 3286 755 3337 οὐκ
780 3286 1021 3356 ἴσχυσεν,
1049 3289 1148 3357 τὴν
1177 3288 1331 3357 ὑμῶν
1362 3290 1539 3360 εὑρὼν
1570 3290 1734 3353 συζυ-

165 3374 286 3440 γίαν
316 3376 614 3429 ἀντίπαλον
642 3418 656 3442 ,
694 3377 897 3447 ταύτην
945 3378 1020 3440 ὡς
1080 3378 1391 3449 ἠϐουλόμην
1444 3379 1732 3442 τελέσασα,

166 3466 322 3520 πάλιν
352 3468 539 3521 οἴκαδε
588 3470 914 3538 πορεύομαι,
968 3472 1069 3523 οὐκ
1122 3471 1311 3531 ἄλλους
1367 3472 1583 3539 ίατροὺς
1642 3471 1733 3524 τοῦ

167 3555 297 3626 ἐμοῦ
331 3559 679 3630 ποιησαμένη
716 3560 1047 3628 νοσήματος,
1084 3559 1198 3611 ἀλλ’
1229 3560 1371 3628 ὑμᾶς
1396 3561 1569 3612 ἐλθεῖν
1597 3562 1738 3613 ἐκεῖ·

168 3662 222 3697 σε
249 3649 653 3720 προτρέπουσα,
685 3651 779 3701 καὶ
809 3650 904 3719 τὴν
931 3649 1082 3718 ὑμῶν
1104 3651 1325 3721 ἀρωγήν
1364 3652 1737 3721 ἀναμένουσα,

172 3738 231 3789 ἶν’
257 3737 444 3810 ὥσπερ
485 3741 805 3811 ἐρρωμένην
846 3757 914 3809 με
939 3742 1037 3810 τῆς
1069 3741 1253 3803 ἑστίας
1304 3742 1589 3811 εἰλήφατε,
1649 3742 1741 3795 εὖ-

167 3847 268 3891 τως
300 3832 484 3883 ἐκεῖσε
516 3834 845 3902 γιγνομένην
885 3832 1130 3904 ἰάσησθε.
1160 3832 1344 3884 Ταῦτα
1390 3833 1521 3903 πρὸς
1559 3835 1738 3903 Κῦρον

170 3924 259 3972 καὶ
300 3922 555 3992 Ἰωάννην
594 3924 716 3986 τοὺς
768 3923 1052 3995 μάρτυρας
1107 3925 1352 3992 φήσασα,
1396 3925 1485 3975 τὸν
1533 3926 1738 3978 τούτων

170 4012 301 4067 νεὼν
329 4013 716 4079 καταλέλοιπε,
753 4018 845 4067 καὶ
882 4018 975 4067 σὺν
1009 4016 1192 4083 πολλῲ
1225 4016 1322 4083 τὴν
1353 4015 1506 4067 πόλιν
1562 4016 1740 4067 κινδύ-

169 4119 242 4172 νῳ
276 4105 621 4171 κατείληφεν,
659 4103 994 4166 ἁδιστάκτως
1042 4105 1373 4157 πιστεύουσα
1404 4102 1478 4166 ὡς
1504 4105 1740 4167 πάντως

170 4192 408 4256 ἐλθόντες
449 4196 500 4246 οἱ
531 4193 699 4261 ἅγιοι,
733 4198 854 4248 κατ’
884 4191 1031 4248 οἷκον
1059 4196 1234 4265 αὐτὴν
1281 4195 1695 4266 θεραπεύσωσιν
1723 4213 1736 4227 ⁸

166 4283 193 4331 ὃ
225 4286 317 4335 καὶ
359 4285 675 4353 γεγένηται.

1832 1836 2005 1891 tincre
2037 1852 2097 1892 se
2122 1838 2293 1908 ipsam
2330 1855 2492 1909 supra
2534 1839 2847 1907 jumcntum
2880 1842 3034 1897 nullo
3084 1841 3246 1896 modo
3282 1857 3409 1911 pos-

1832 1935 1936 1987 set,
1972 1941 2099 1980 cmn
2139 1929 2312 1982 nmlto
2344 1930 2590 1997 periculo
2622 1925 2703 1983 ad'
2736 1939 3004 2001 martyres
3034 1930 3407 1986 adduxerunt.

1834 2019 1898 2073 Ει
1925 2034 2048 2073 cum
2085 2030 2321 2082 orasset,
2364 2037 2665 2091 eorumque
2701 2024 2972 2076 tumulum
3004 2024 3315 2088 adorasset,
3344 2027 3407 2080 .in

1834 2112 2024 2164 urbem
2086 2111 2227 2165 hanc
2294 2111 2490 2166 iterum
2549 2111 2928 2177 introducunt,
2991 2128 3315 2182 permanere
3350 2116 3407 2170 in

1834 2198 2037 2269 templo
2059 2215 2233 2269 usque
2259 2202 2324 2253 ad
2370 2201 2807 2256 incolumitatem
2841 2203 3137 2268 nolentem,
3171 2205 3266 2259 sed
3307 2207 3408 2261 hoc

1835 2289 1901 2343 ad
1939 2300 2161 2345 sanctos
2193 2290 2401 2346 urbane
2429 2291 2700 2347 dicentem
2748 2311 2762 2346 :

1907 2381 2062 2436 Multi
2117 2384 2360 2453 quidem,
2413 2400 2445 2439 ο
2489 2385 2697 2442 Christi
2727 2389 3074 2446 aemulatores
3112 2397 3166 2446 et
3220 2390 3406 2447 famuli

1835 2474 2011 2528 sancti
2046 2483 2332 2546 martyres,
2356 2478 2546 2546 mgroti
2575 2477 2764 2532 ad'vos
2802 2478 3106 2545 venientes,
3151 2495 3275 2534 cum
3321 2497 3412 2536 so-

1835 2564 2051 2634 spitatis
2071 2565 2271 2634 gaudio
2290 2575 2667 2633 revertuntur;
2698 2583 2798 2637 ego
2829 2578 3010 2622 autem
3040 2588 3160 2640 quae
3182 2573 3248 2624 de.
3277 2572 3414 2625 civi-

1837 2664 1948 2712 tate
1979 2673 2103 2712 cum
2135 2658 2511 2715 incolmnitale
2532 2677 2753 2731 egressa
2787 2679 2931 2727 sum,
2958 2673 3012 2718 et
3039 2668 3106 2718 ad
3137 2682 3231 2719 vos
3264 2668 3409 2726 veni,

1840 2748 2006 2816 hujus
2053 2765 2151 2805 vos
2189 2749 2400 2803 factura
2431 2753 2709 2814 custodes,
2747 2771 2872 2807 cum
2909 2765 3117 2823 quanto
3166 2758 3412 2827 pericirlo

1838 2851 1887 2892 et
1919 2840 2181 2910 languore
2218 2844 2498 2896 revertor!
2537 2842 2595 2895 Et
2625 2859 2770 2897 nunc
2798 2845 2844 2898 si
2879 2846 3093 2900 inlirma
3130 2848 3352 2918 quidem
3380 2868 3411 2905 a

1837 2930 2001 2985 domo
2050 2930 2289 3000 profecta
2344 2932 2593 2998 fuissem,
2637 2949 3047 3003 perseverarent
3087 2939 3277 3008 utique
3304 2956 3412 3007 quo

1840 3038 2013 3089 usque
2038 3023 2334 3092 perfectam
2367 3025 2661 3094 reciperem
2685 3027 3002 3094 sanitatem;
3035 3029 3159 3098 quia
3196 3046 3323 3085 vero
3347 3040 3413 3084 ait

1839 3130 1937 3171 vos
1972 3131 2077 3169 non
2104 3117 2379 3185 pa~sionis
2405 3126 2458 3171 et
2492 3122 2913 3188 perseverantia:
2937 3137 3104 3177 causa
3133 3124 3277 3187 veni,
3320 3126 3413 3180 sed

1836 3208 2102 3263 orationis
2119 3218 2171 3263 ct
2187 3208 2544 3275 adorationis,
2563 3228 2725 3281 quam
2741 3229 2871 3269 OSnt'
2886 3214 3153 3271 bonormn
3171 3218 3418 3273 inhibere

1837 3302 2028 3366 voluit,
2051 3300 2145 3356 sed
2170 3318 2275 3355 non
2294 3304 2483 3366 valuit,
2505 3312 2738 3358 vestram
2757 3306 3043 3363 inveniens
3061 3311 3419 3365 combinatio-

1840 3407 1962 3445 nem
2007 3392 2316 3457 adversam,
2343 3393 2483 3447 hanc
2523 3395 2668 3449 sicut
2699 3397 2841 3451 volui
2877 3405 3282 3463 consmnmavi,
3314 3401 3418 3454 dn-

1839 3499 1985 3538 mum
2002 3485 2297 3554 regrediar,
2312 3500 2421 3539 non
2434 3485 2573 3540 alios
2588 3486 2831 3542 medicos
2849 3491 2950 3543 mei
2973 3488 3182 3545 fat-tura
3199 3492 3422 3561 languo-

1841 3576 2047 3641 ris,scd
2070 3590 2169 3631 vos
2194 3576 2492 3632 exhortans
2516 3578 2724 3640 venire,
2745 3589 2800 3633 et
2830 3591 3069 3634 vestrum
3097 3584 3419 3652 praestolans

1840 3668 2193 3737 adjutorium,
2241 3677 2510 3738 quatenus
2543 3671 2685 3724 sicut
2724 3687 2810 3726 me
2838 3688 2866 3724 a
2914 3672 3079 3726 denm
3128 3676 3420 3743 accepistis

1843 3761 2193 3822 incolumem,
2228 3762 2299 3813 ita
2353 3761 2483 3815 illuc
2515 3773 2891 3817 remanentem
2949 3765 3175 3820 sanctis.
3217 3766 3310 3819 llis
3351 3769 3417 3820 ad

1840 3852 2042 3922 Cyrum
2085 3861 2136 3905 ct
2175 3851 2441 3907 Joannem
2481 3866 2756 3925 martyres
2788 3855 2973 3919 dictis,
3005 3857 3282 3912 basilicam
3321 3861 3417 3911 lo-

1845 3957 1963 3994 rum
2006 3944 2276 4007 deseruit,
2332 3951 2386 3996 et
2424 3960 2548 3997 cum
2599 3946 2776 3998 multo
2806 3946 2873 4000 ad
2915 3948 3190 4002 civitatem
3225 3952 3424 4005 discri-

1844 4034 1992 4086 mine
2027 4036 2191 4097 venit,
2234 4035 2610 4089 indubitanter
2643 4040 2875 4092 credens
2924 4041 3068 4107 quod
3101 4043 3277 4094 sancti
3323 4043 3421 4096 do-

1844 4112 1993 4175 mum
2021 4125 2256 4190 venturi,
2290 4142 2348 4181 se
2376 4125 2553 4181 forent
2576 4128 2761 4197 procul
2792 4128 2958 4182 dubio
2986 4131 3252 4193 curaturi,
3279 4134 3423 4201 quod

1842 4220 1895 4264 ct
1929 4211 2129 4267 factum
2163 4224 2265 4268 est.

237 4375 454 4444 Κυροῦν
487 4377 596 4448 γὰρ
621 4376 720 4446 τὴν
751 4376 932 4429 πίστιν
956 4378 1065 4430 τῶν
1098 4382 1178 4444 εἰς
1222 4381 1419 4444 αὐτοὺς
1454 4380 1731 4433 πιστευόν·

1916 4390 2170 4447 Stabilire
2197 4394 2399 4463 quippe
2422 4392 2580 4448 fidem
2610 4394 2661 4448 in
2690 4411 2748 4450 sc
2774 4396 3113 4451 credentium
3144 4405 3424 4469 satagunt.

169 4480 273 4517 των
307 4467 721 4531 σπουδάζουσιν,
748 4450 895 4537 ἔργῳ
923 4468 1161 4539 δρῶντες
1194 4472 1342 4542 άπερ
1403 4473 1601 4524 ἐκεῖνοι
1659 4489 1744 4523 τι-

173 4561 470 4623 στεύουσιν,
501 4562 594 4615 καὶ
626 4562 975 4633 πιστοτέρους
1002 4566 1199 4629 αὐτοὺς
1249 4566 1348 4635 τῆς
1387 4565 1495 4618 τῶν
1519 4583 1744 4619 πιστευ-

171 4649 365 4705 θέντων
403 4652 611 4723 δωρεάς
653 4655 1033 4725 ἐργαζόμενοι.
1098 4659 1233 4710 Κατ’
1265 4658 1434 4729 αὐτὴν
1480 4662 1592 4731 γὰρ
1644 4659 1743 4730 τὴν

171 4741 336 4794 νύκτα
363 4744 639 4812 σχήμασιν
670 4746 870 4813 ἰατρῶν
910 4749 1250 4817 ἀφικόμενοι,
1300 4750 1350 4802 τί
1383 4750 1447 4803 ἂν
1473 4750 1610 4820 ἔχοι,
1643 4753 1742 4822 τὴν

174 4832 483 4904 Κοσμιανὴν
559 4836 927 4889 καθεύδουσαν
1002 4839 1393 4908 ἤροντο.ἰιδὲ
1445 4842 1505 4894 τὸ
1572 4843 1743 4904 πάθος

170 4922 498 4990 ἀπήγγελλε,
535 4925 628 4978 καὶ
663 4930 773 4987 τοῖς
814 4926 1010 4993 ἁγίοις,
1042 4931 1230 4997 φησὶν,
1272 4931 1644 5000 ἐπεμέμφετο,
1667 4932 1743 4995 ὡς

169 5014 277 5074 τοῖς
315 5014 415 5082 μὲν
445 5015 624 5080 ἄλλοις
649 5009 901 5069 άσῼνέσι
932 5020 1029 5087 τὴν
1054 5022 1221 5089 eam
1257 5024 1615 5091 παρέχουσιν,
1647 5026 1738 5077 αὐ·

169 5104 265 5172 τὴν
296 5104 353 5157 δὲ
417 5107 584 5179 μόνην
623 5109 948 5180 ἐρρωμένην
1005 5115 1382 5183 συντρίιξασιν.
1440 5117 1741 5181 Μειδιάσας

169 5192 223 5245 δὲ
256 5197 284 5246 ὁ
335 5196 433 5267 τὴν
456 5200 550 5252 τοῦ
585 5201 1005 5271 καθηγουμένου
1056 5207 1211 5270 τάξιν
1241 5207 1336 5259 καὶ
1368 5208 1428 5259 τὸ
1477 5208 1740 5262 διδασκα-

169 5283 318 5337 λικὸν
350 5289 544 5354 φανεὶς
576 5291 789 5360 ἐπέχων
818 5293 1057 5361 ἀξίωμα,
1091 5293 1166 5364 τῷ
1202 5297 1538 5366 μαθητιιῖιντι
1573 5314 1743 5368 προσ·

170 5375 323 5440 έταξε
348 5395 363 5408 ·
402 5379 669 5450 Πάρελθε,
701 5383 887 5451 φησιν,
920 5387 1013 5437 καί
1045 5386 1238 5438 θᾶττον
1267 5388 1436 5459 αὐτὴν
1476 5394 1574 5461 τῆς
1597 5390 1738 5461 πλη-

144 5470 265 5536 ,γῆς
290 5470 675 5540 ἐλευθέρωσον.
716 5472 775 5525 'U
800 5476 856 5527 δὲ
889 5477 1109 5546 πληρῶν
1158 5480 1218 5531 τὸ
1256 5481 1554 5551 ἐπίτατμα,
1619 5484 1740 5558 δρο-

171 5562 324 5625 μαῖος
360 5561 530 5615 ἐλθὼν
559 5564 655 5634 τὴν
706 5570 930 5632 σιαγόνα
984 5572 1208 5639 πήττει
1266 5573 1591 5643 ῥαπίσματι,
1648 5578 1739 5628 καὶ

176 5648 275 5717 τὴν
298 5651 607 5724 ἐλευθερίαν
638 5660 701 5727 τῇ
734 5660 962 5729 νοσούσῃ
988 5663 1291 5731 χαρίζεται.
1337 5665 1397 5716 Ἢ
1424 5665 1477 5715 δὲ
1511 5670 1575 5736 τῇ
1607 5666 1739 5738 πλη-

1849 4499 2015 4552 opere
2049 4494 2298 4555 gerentes
2334 4502 2454 4555 quae
2489 4487 2563 4540 illi
2610 4487 2865 4554 credunt,
2920 4499 2974 4543 et
3024 4489 3295 4546 fideliores
3329 4507 3425 4543 eos

1851 4571 1935 4626 his
1962 4573 2053 4641 qui
2091 4575 2439 4627 crediderant
2472 4575 2686 4629 collatis
2737 4578 3057 4634 rnunerihns
3110 4590 3422 4649 cpermtes.

1849 4662 2048 4716 Eadem
2084 4664 2245 4732 igitur
2288 4672 2445 4719 nocte
2472 4665 2523 4718 in
2558 4664 2746 4718 habitu
2784 4667 3174 4739 monachorum
3207 4672 3426 4725 venien-

1850 4761 1952 4815 tes,
2001 4755 2263 4821 quiduam
2292 4754 2522 4810 haberet
2561 4756 2911 4811 Cosmianam
2942 4758 3303 4815 dormientem
3338 4763 3426 4816 in-

1847 4853 2287 4916 terrogaverunt.
2349 4849 2428 4908 _At
2477 4849 2569 4903 illa
2644 4851 2956 4919 passionem
3016 4854 3308 4921 referebat,
3374 4869 3430 4912 ct

1846 4951 2013 5005 super
2059 4938 2265 4991 sanctis
2300 4940 2421 4993 cceli
2468 4940 2798 5009 (iactitabat,
2840 4941 2984 5011 quod
3033 4945 3154 5000 aliis
3206 4944 3426 5016 quidem

1847 5026 2082 5082 inlirmis
2126 5030 2418 5083 sanitatem
2457 5034 2835 5099 przestitcrint.
2881 5053 2942 5094 sc
2974 5056 3101 5093 vero
3129 5042 3302 5094 solum
3335 5059 3423 5097 sa-

1845 5133 1970 5171 nam
2005 5120 2383 5172 coutrivcrint.
2419 5122 2723 5179 Subridens
2762 5135 2945 5182 autem
2990 5130 3035 5185 is
3070 5132 3161 5199 qui
3219 5148 3424 5201 praece-

1846 5212 2019 5277 ptoris
2044 5210 2291 5264 ordinem
2325 5222 2377 5265 et
2410 5212 2795 5270 didascalieam
2856 5224 3177 5281 noscebatur
3201 5227 3425 5294 dignita-

1847 5310 1953 5354 tem
1994 5302 2214 5369 habere,
2244 5304 2290 5357 ei
2327 5306 2417 5373 qui
2459 5307 2762 5376 (Ιίδρίνιιιιιε
2792 5312 3077 5366 ridebatur
3114 5331 3255 5377 csSe,
3291 5335 3429 5387 pne—

1846 5395 1990 5462 t‘t‘pil
2015 5412 2027 5447 :
2057 5396 2280 5461 Adesto,
2327 5398 2603 5466 inquiens,
2638 5411 2690 5455 et
2725 5405 2882 5459 ocius
2915 5422 3035 5460 eam
3073 5422 3102 5462 a
3135 5412 3426 5465 contritio-

1846 5486 2007 5539 nibus
2043 5488 2231 5542 libera.
2255 5489 2356 5554 Qui
2387 5507 2509 5544 cum
2542 5508 2870 5564 praeceptum
2904 5498 3201 5569 implcs~ct,
3226 5512 3277 5556 et
3300 5519 3426 5556 cur-

1848 5592 1971 5630 rcns
2001 5580 2264 5645 venisset,
2299 5584 2576 5637 maxillam
2610 5590 2843 5655 percutit
2867 5590 3040 5659 alapa,
3069 5601 3122 5646 et
3149 5592 3429 5663 languenti

1847 5671 2039 5726 trilnit
2077 5671 2402 5728 libi-ttatem.
2455 5678 2515 5727 Al
2569 5678 2656 5730 illa
2701 5681 2808 5733 ietn
2867 5685 3090 5737 tertitur
3136 5688 3327 5757 alapa‘,
3370 5694 3424 5747 in
