4002 6312
169 398 315 462 3ὗῘΠ

1208 390 1311 451 SS.
1359 386 1534 448 CYRI
1561 386 1654 446 ET
1683 379 1924 444 JOANN
1935 383 2004 443 IS
2035 381 2448 442 MIRACULA.

3296 371 3437 434 3538

174 513 429 578 ράματος
462 504 699 567 ἔκλαιεν,
732 503 830 556 καὶ
859 501 1033 565 τούτῳ
1062 498 1124 552 τὸ
1147 497 1366 569 εὕρημα
1413 497 1673 566 παρέχειν
1718 494 1752 561 ἡ
1786 533 1793 548 ι

1896 501 2107 555 νειμ-ειη,
2138 492 2308 562 quasi‘
2336 487 2592 559 quiddam
2644 498 2900 553 magnum
2957 497 3121 536 manu
3162 481 3432 550 portabat.

176 602 367 670 μήτηρ
420 593 726 656 ἐκέλευσεν,
763 592 848 646 ἵνα
878 591 971 645 τοῦ
1014 589 1336 661 μικροτέρου
1395 586 1580 649 παιδὸς
1630 585 1762 639 ἁνα-

172 691 367 759 στείλῃ
402 689 463 742 τὸ
509 687 767 754 δάκρυον,
834 684 1026 738 θᾶττον
1053 683 1152 753 τὴν
1200 685 1355 753 χεῖρα
1397 684 1767 749 προσενέγκας

172 783 258 855 τῷ
286 779 614 851 στόματι,τὸ
628 778 733 831 ὠὸν
766 776 971 839 εὐθέως
1000 774 1292 829 καταπίνει
1311 772 1402 826 τοῦ
1431 772 1624 840 ϐφεως,
1661 785 1761 838 με-

181 870 547 945 μορφωμένον
568 868 669 939 ἠδη
702 869 793 921 καὶ
815 866 1018 920 τέλειον
1047 865 1171 935 ἕχον
1204 862 1351 918 ἔνδον
1370 862 1429 916 τὸ
1455 861 1552 930 τῆς
1577 857 1769 911 τεκού-

180 981 288 1035 σης
334 961 586 1032 ὁμοίωμα
606 975 620 990 ·
648 958 742 1012 καὶ
772 955 1042 1027 μητρικοῦ
1077 952 1434 1024 παρακούσας
1488 952 1769 1020 προστάγ-

185 1071 366 1123 ματος
391 1093 408 1119 ,
455 1052 686 1105 θάνατον
725 1047 1008 1118 παρακοῆς
1066 1044 1273 1112 ἐτρύγα
1308 1041 1370 1096 τὸ
1433 1041 1721 1112 βλάστημα
1752 1055 1767 1068 ο

181 1149 237 1200 εί
267 1146 344 1215 μὴ
375 1142 555 1213 Κῦρος
586 1139 748 1192 αὑτὸν
770 1137 866 1190 καὶ
909 1136 1167 1205 Ἰωάννης
1190 1136 1238 1187 οί
1276 1136 1553 1204 μάρτυρες
1589 1132 1652 1184 τὸ
1682 1132 1770 1184 θα-

182 1233 495 1304 νατηφόρον
534 1229 755 1283 ἐκδῦναι
788 1225 1094 1298 πεποίηκαν
1124 1227 1340 1280 δίκτυον
1369 1241 1382 1255 °
1416 1221 1536 1277 εἶτα
1562 1225 1621 1274 τὸ
1659 1222 1771 1276 λοι-

186 1328 293 1379 πὸν
327 1325 425 1394 τῆς
453 1322 683 1394 πορείας
731 1319 1046 1381 ἀνύσαντες,
1087 1319 1167 1381 εἰς
1216 1318 1276 1371 τὸ
1325 1317 1550 1387 τέμενος
1593 1315 1774 1382 γίνον-

185 1435 308 1471 ται.

273 1510 365 1572 Ὠς
403 1507 458 1559 δὲ
483 1503 644 1559 τοῦτο
685 1501 1004 1568 κατέλαϐον,
1031 1501 1124 1555 καὶ
1170 1500 1270 1563 τάς
1300 1497 1612 1569 προσευχὰς
1658 1495 1778 1565 Θεῷ

191 1618 255 1653 τε
288 1598 692 1669 προσήνεγκαν,
726 1596 818 1647 καὶ
845 1593 937 1646 τὸν
966 1593 1073 1646 τῶν
1105 1592 1275 1660 ἁγίων
1298 1592 1469 1660 τάφον
1502 1590 1780 1658 ἠσπάσαν-

192 1708 280 1756 το,
325 1690 440 1758 μετ’
467 1687 530 1740 οὐ
558 1686 693 1739 πολὺ
732 1687 830 1755 τῆς
860 1683 1307 1754 προσκυνήσεως,
1356 1681 1425 1733 τά
1487 1679 1779 1746 σπλάγχνα

1870 582 1931 637 Et
1962 585 2221 651 quoniam
2256 580 2423 634 frater
2467 576 2722 646 captione
2759 574 3057 627 frustratus
3099 572 3367 640 plorabat,
3390 583 3443 628 et

1870 674 1994 726 huic
2036 673 2406 727 inventionem
2429 677 2687 739 praestare
2715 673 2889 719 mater
2917 663 3158 730 iubebat,
3187 673 3243 719 ut
3271 664 3453 720 mino-

1869 742 1946 814 ris
1995 759 2089 812 filii
2129 758 2399 827 lacrymas
2432 760 2767 816 removeret;
2802 749 2967 805 citius
3002 764 3224 804 manum
3269 750 3445 819 appli-

1868 863 2003 904 Cans
2028 849 2135 910 ori,
2174 862 2336 900 ovum
2372 845 2556 899 statim
2599 842 2859 897 absorbet
2893 840 3192 910 serpentis,
3244 837 3448 893 forma-

1869 950 1980 995 tam
2004 939 2115 1007 jam
2148 948 2203 992 et
2226 934 2526 1007 perfectam
2577 932 2785 988 habens
2828 930 2977 984 intus
3004 928 3275 999 parientis
3297 927 3449 982 simi-

1873 1031 2184 1086 litudinem.
2218 1028 2281 1082 Et
2307 1033 2614 1080 maternum
2639 1029 3066 1094 praetergressus
3093 1027 3446 1090 praeceptum,

1874 1131 2104 1178 ntortem
2166 1117 2549 1175 inobedientia!
2591 1130 2687 1185 per
2746 1115 2935 1170 foetum
2979 1119 3279 1183 captasset,
3341 1110 3448 1164 nisi

1875 1212 2052 1284 Cyrus
2100 1225 2225 1265 eum
2290 1219 2454 1279 atque
2505 1205 2748 1262 Joannes
2788 1212 3059 1275 martyres
3107 1201 3450 1258 mortiferum

1875 1302 2108 1359 evadere
2139 1309 2253 1355 rete
2285 1300 2568 1355 fecissent.
2601 1296 2808 1352 Deinde
2839 1292 3057 1350 residuo
3090 1294 3190 1349 via:
3210 1302 3450 1362 peracto.

1879 1395 1944 1450 ad
1979 1393 2266 1449 basilicam
2298 1391 2552 1446 veniunt.
3342 1440 3351 1449 _

1944 1481 2294 1554 Cumque‘ad
2329 1481 2471 1535 hanc
2497 1479 2898 1549 pervenissent,
2925 1474 3147 1545 Deoque
3175 1474 3454 1554 orationes

1877 1576 2230 1636 obtulissent,
2275 1586 2383 1626 non
2430 1570 2660 1625 multum
2718 1576 2840 1637 post
2877 1567 3186 1620 orationem
3242 1565 3453 1619 viscera

1879 1668 2064 1723 dolere
2114 1662 2417 1720 Callinicus
2452 1659 2640 1730 cepit,
2671 1673 2796 1713 cum
2835 1656 2948 1726 jam
2985 1670 3149 1711 ovum
3183 1654 3238 1709 in
3294 1654 3455 1724 hujus

200 1747 388 1836 amasti;
414 1782 443 1835 ὁ
466 1747 798 1839 Καλλίνικος
816 1747 1043 1848 ἧρέατο,
1077 1747 1419 1844 ἀνοιχθέντος
1447 1773 1504 1824 ἐν
1542 1773 1611 1841 τῇ
1640 1768 1780 1823 τού-

1896 1766 2071 1814 ventre
2088 1762 2335 1826 apertum
2363 1759 2529 1814 esset,
2553 1756 2608 1806 et
2634 1749 2954 1804 thesaurum
2985 1747 3134 1802 illum
3159 1748 3453 1817 pessimum

197 1890 294 1925 του
330 1870 529 1942 γαστρλ⁵
567 1870 661 1923 τοῦ
692 1869 822 1929 ὼοῦ,
856 1870 949 1922 καὶ
981 1868 1072 1921 τὸν
1104 1867 1363 1920 κάκιστον
1409 1866 1618 1918 ἐκεῖνον
1677 1862 1777 1932 θη-

204 1964 406 2034 σαυρὸν
468 1961 847 2031 ἐξεμέσαντος.
899 1959 1298 2028 Καὶστρὸφοις
1342 1954 1442 2023 μὲν
1511 1956 1568 2008 αἱ
1605 1952 1772 2024 ἀρχαὶ

199 2058 317 2108 τῶν
393 2053 700 2123 ἀλγηδόνων
770 2052 1035 2124 idmst-6w:
1062 2065 1076 2080 '
1124 2052 1246 2114 ταῖς
1309 2049 1363 2103 δὲ
1415 2047 1558 2103 κατά
1619 2045 1783 2120 μέρος

202 2143 501 2210 αὑξῆσεσιν
532 2143 642 2195 τῶν
672 2144 769 2213 μὲν
807 2141 1054 2213 στρόφων
1095 2139 1437 2213 παρῃτοῦντο
1481 2139 1542 2193 τὸ
1580 2136 1782 2209 γνώρι-

206 2249 348 2302 σμα,
377 2234 487 2294 τοῖς
524 2231 581 2285 δέ
604 2232 875 2301 δαιμόνων
901 2228 1198 2300 ὠμοιοῦντο
1220 2228 1605 2299 στρεϐλώσεσι.
1623 2220 1784 2297 ’Ἄρτι

205 2324 324 2392 γάρ
362 2321 456 2375 τοῦ
491 2321 833 2394 περιέχοντος
860 2320 1274 2390 ὀστρακοειδοῦς
1297 2320 1491 2391 ὑμένος
1538 2318 1785 2388 ἐκκύψαν

206 2415 273 2466 τὸ
305 2411 656 2483 παγχάλεπον
674 2413 947 2480 γέννημα,
977 2411 1072 2463 καὶ
1100 2411 1176 2482 μὴ
1202 2411 1486 2482 παροῦσαν
1534 2410 1786 2481 εὑρίσκον

207 2503 313 2574 τὴν
346 2503 616 2572 φύσασαν,
643 2501 778 2571 πρὸς
805 2501 902 2572 τὴν
949 2499 1151 2571 ταύτης
1177 2496 1334 2571 εἷρπε
1364 2500 1543 2572 κακὴν
1584 2499 1788 2569 ἀναζήο

209 2610 398 2663 τησιν,
445 2592 539 2646 καὶ
568 2592 695 2663 τῇδε
727 2592 954 2645 κάκεῖσε
980 2590 1077 2644 τοῦ
1131 2590 1324 2654 παιδὸς
1371 2592 1438 2643 τὰ
1500 2588 1785 2660 σπλάγχνα

210 2679 389 2733 διέθεε
413 2695 428 2709 ”
471 2679 611 2748 τάχα
652 2679 708 2733 δέ
736 2680 832 2732 καὶ
860 2678 1160 2743 διέδακνεν,
1191 2681 1372 2751 εὑρεῖν
1394 2680 1451 2732 ὲν
1478 2678 1660 2743 αὐτοῖς
1687 2680 1788 2749 τὴν

212 2769 415 2841 τροφὸν
450 2770 512 2823 ού
544 2769 862 2839 δυνάμενον.
902 2768 1063 2823 Ὅθεν
1110 2770 1178 2822 τά
1222 2769 1417 2841 πρῶτα
1458 2771 1555 2838 μὲν
1581 2768 1786 2833 ἔκλαιε,

213 2859 509 2929 προϐαῖνον
533 2857 590 2911 δὲ
622 2858 834 2928 μείζοσι
860 2862 1128 2929 κραυγαῖς
1159 2855 1288 2930 ηὖξε
1343 2860 1403 2912 τὸ
1420 2860 1656 2929 δάκρυον
1681 2876 1692 2889 ·
1714 2860 1790 2924 ὼς

207 2951 274 3004 δὲ
306 2948 595 3020 βαστάζειν
624 2948 786 3004 πλέον
808 2950 902 3005 τού
941 2951 1115 3020 ὄφεως
1145 2951 1244 3015 τάς
1273 2951 1429 3015 ἀνίας
1448 2954 1549 3006 οὐκ
1576 2953 1784 3023 ἴσχυσε,

216 3038 404 3092 πεσὼν
439 3040 520 3102 είς
560 3038 667 3108 γῆν
729 3037 997 3103 ἐκυλίετο,
1050 3040 1446 3111 ἐσπαράττετο,
1496 3042 1790 3105 πολυειδῶς

1808 1839 1853 1894 Β
1881 1844 2235 1903 evomuisset.
2268 1842 2336 1895 Et
2374 1839 2594 1910 quidem
2631 1837 2785 1892 initia
2830 1837 3084 1894 dolorum
3130 1835 3456 1892 tortionibus

1882 1945 2040 1994 erant
2069 1934 2243 2007 paria,
2271 1948 2394 2002 quae
2419 1930 2473 1986 in
2508 1929 2863 1986 incrementis
2906 1930 3102 2000 partim
3142 1928 3456 1984 earumdem

1882 2029 2180 2086 tortionum
2230 2023 2575 2093 denegabant
2607 2021 2880 2084 notitiam,
2933 2020 3135 2090 partim
3178 2034 3309 2073 vero
3352 2019 3458 2072 dae-

1884 2134 2098 2177 monum
2132 2115 2464 2173 tortionibus
2485 2118 2645 2167 erant
2677 2111 2899 2164 similia.
2942 2109 3076 2164 Cum
3111 2109 3256 2165 enim
3291 2117 3460 2162 testa-

1885 2230 1995 2271 cea:
2035 2212 2222 2267 forma:
2251 2209 2572 2266 membrana
2610 2188 3045 2261 circumdaretur
3078 2203 3319 2274 prorupit
3356 2217 3459 2257 sae.

1886 2304 2169 2360 vissimum
2209 2301 2483 2374 genimen.
2525 2307 2583 2353 et
2632 2304 2956 2369 praesentem
3011 2310 3119 2350 non
3176 2278 3460 2350 inveniens

1884 2403 2135 2456 matrem,
2165 2392 2231 2446 ad
2263 2391 2426 2461 hujus
2468 2389 2663 2445 malam
2695 2388 2992 2459 repedabat
3020 2385 3458 2456 inquisitionem,

1885 2495 1941 2542 et
1974 2487 2080 2540 hac
2102 2476 2339 2553 illasque
2363 2481 2578 2536 viscera
2614 2479 2765 2551 pueri
2796 2477 3123 2548 peragrabat
3148 2476 3375 2531 forsitan
3409 2478 3464 2528 et

1887 2576 2192 2640 mordebat,
2227 2574 2476 2630 invenire
2529 2573 2585 2627 in
2625 2571 2733 2627 illis
2784 2570 3050 2625 nutricem
3099 2585 3208 2624 non
3241 2558 3460 2631 valens;

1890 2672 2029 2725 unde
2054 2682 2189 2739 puer
2209 2665 2395 2721 dolore
2425 2678 2671 2734 pressus,
2706 2663 2760 2717 in
2796 2660 3110 2732 primordiis
3136 2658 3350 2727 quidem
3381 2658 3467 2713 ﬂc-

1888 2763 2003 2826 bat,
2040 2759 2364 2832 procedente
2404 2770 2535 2810 vero
2568 2765 2813 2825 tempore
2858 2753 3162 2821 maioribus
3196 2751 3467 2819 Iaerymas

1889 2855 2121 2926 augebat
2161 2848 2518 2908 clamoribus.
2557 2845 2731 2901 Porro
2782 2858 2906 2900 cum
2960 2851 3180 2913 portare
3228 2838 3469 2909 amplius

1889 2946 2156 3017 serpentis
2186 2942 2468 2998 cruciatus
2499 2954 2605 2994 non
2637 2949 2843 3007 posset,
2895 2936 3099 2991 cadens
3150 2936 3205 2989 in
3260 2941 3462 2987 terram

1893 3036 2268 3097 \olntabatur,
2299 3030 2738 3101 diseerpehatur,
2768 3027 3180 3082 multiformiter
3210 3023 3471 3080 membris

214 3133 331 3191 τοῖς
364 3128 580 3199 μέλεσιν
610 3129 942 3197 ἐτυλίσσετο,
972 3129 1048 3193 ὡς
1079 3130 1214 3201 μηδὲ
1265 3133 1447 3201 φωνὴν
1481 3132 1643 3185 αὐτὸν
1694 3135 1785 3185 ἐκο

1896 3130 2291 3191 involveltatur,
2325 3127 2397 3180 ita
2426 3132 2487 3178 ut
2513 3122 2857 3192 postmodum
2893 3136 2991 3175 nec
3014 3134 3202 3175 vocem
3225 3117 3474 3172 emittere

217 3222 464 3290 πέμπειν
493 3221 573 3284 είς
605 3219 830 3291 ὕστερον
862 3219 1146 3287 δύνασθαι,
1182 3221 1317 3276 ἀλλά
1349 3221 1602 3293 θνήσκειν
1629 3223 1789 3285 εὐθὺς

216 3315 335 3375 τοῖς
365 3311 563 3380 ὁρῶσιν
597 3311 930 3383 νομίζεσθαι.
1442 3328 1451 3339 ‘

288 3402 542 3475 Δωροθέα
582 3402 642 3457 δὲ
674 3403 707 3474 ἡ
762 3404 952 3459 τοῦτον
993 3406 1088 3459 καὶ
1128 3405 1220 3458 τὸν
1261 3404 1604 3473 ἀδελφὺν.ὼς
1632 3406 1792 3476 ἔφην,

218 3493 482 3555 ἀδξνασα,
530 3492 855 3548 Καλλινίκου
886 3496 958 3549 τά
998 3496 1279 3565 σπλάγχνα
1311 3495 1473 3549 πλέον
1514 3496 1796 3560 ὲδάπτετο,

216 3586 397 3648 οὓτως
424 3585 671 3649 ἐλεεινῶς
691 3585 783 3640 τὸν
817 3587 933 3640 υἱὸν
964 3586 1338 3657 ἀπολλύμενον
1364 3586 1635 3656 βλέπουσα
1661 3603 1677 3619 ο
1708 3588 1802 3639 καὶ

163 3729 167 3732 ,
223 3675 604 3747 προσελθοῦσα
651 3676 844 3731 θᾶττον
878 3680 991 3740 τοῖς
1041 3678 1311 3749 μάρτυσιν
1352 3676 1492 3747 μετά
1545 3674 1803 3745 κραυγῶν

223 3769 324 3821 καὶ
355 3767 604 3836 δακρύων
627 3766 725 3831 τὰς
771 3767 1009 3829 ἱκετείας
1061 3764 1414 3838 προσέφερεν.
1449 3767 1621 3820 Βαϐαὶ
1648 3768 1756 3836 γὰρ
1787 3807 1801 3829 ,

224 3859 597 3928 ἑλεγεν,ἀγιοι
622 3862 652 3918 ί,
670 3859 786 3924 πῶς
804 3877 905 3930 μου
926 3859 1026 3930 τηε·
1056 3859 1244 3912 θυσίαν
1270 3858 1522 3923 ἐδέξασθε
1551 3874 1565 3922 ;
1596 3857 1756 3929 βαϐαῖ
1787 3860 1801 3912 l

1895 3230 2101 3294 posset,
2149 3214 2513 3275 moribundus
2584 3212 2845 3267 continuo
2889 3227 2919 3265 a
2975 3210 3285 3265 videntibus
3329 3208 3475 3262 aesti-

1895 3324 2095 3369 matus.

1968 3406 2237 3462 Dorothea
2273 3418 2404 3460 vero
2433 3418 2552 3470 quae
2589 3401 2736 3456 hunc
2762 3408 2818 3454 et
2866 3398 3117 3458 fratrem,
3162 3393 3312 3448 sicut
3359 3390 3471 3444 dixi

1899 3504 2207 3568 pepererat,
2254 3495 2378 3565 plus
2407 3492 2669 3555 membris
2694 3505 2855 3562 quam
2894 3485 3199 3543 Callinicus
3259 3480 3473 3535 mortle-

1900 3567 2084 3652 batur,
2119 3596 2227 3639 tam
2281 3580 2671 3637 miserabiliter
2702 3577 2876 3632 tilium
2931 3573 3201 3643 perditum
3239 3567 3476 3622 intuens.

1905 3679 1969 3733 Et
1993 3677 2258 3733 accedens
2282 3675 2393 3729 cito
2422 3673 2491 3727 ad
2526 3680 2830 3740 martyres,
2866 3662 3303 3737 supplicationes
3350 3672 3476 3710 cum

1904 3763 2242 3821 clamoribus
2277 3768 2333 3815 et
2364 3757 2624 3835 lacrymis
2673 3752 2959 3812 offerebat.
3017 3747 3241 3802 Dicebat
3285 3743 3428 3798 enim
3465 3761 3477 3796 :

1908 3854 2023 3911 lleu
2061 3855 2187 3920 heu,
2227 3852 2426 3918 sancti,
2449 3845 2725 3917 quomodo
2757 3840 3089 3900 sacrificium
3149 3851 3329 3891 meum
3382 3835 3480 3886 εισι-

225 3924 402 4004 me...
432 3924 513 4020 με’
526 3951 745 4021 δωρεῶν
773 3924 1041 4020 ἠξιώσατε
1068 3966 1084 4015 ς
1115 3949 1275 4020 βαϐαί
1293 3950 1307 4003 ι
1326 3950 1483 4011 ποίας
1506 3924 1606 4015 μοι’
1622 3946 1793 4014 δεξιώ-

1909 3945 2142 4003 misistis
2164 3946 2190 3999 ?
2218 3946 2321 3998 heu
2357 3943 2461 3997 heu
2481 3937 2739 4010 qualibus
2781 3949 2866 3988 me
2893 3933 3111 4003 dignam
3166 3924 3485 3981 muneribus

228 4059 371 4104 σεως
403 4018 742 4112 μετεδώκατε
767 4018 993 4110 fama:
1014 4018 1268 4112 γυναῖκες
1298 4043 1461 4095 τέκνα
1492 4041 1566 4111 μὴ
1593 4040 1793 4110 ἔχουσαι

1912 4038 2269 4096 reddidistis!
2313 4035 2417 4089 heu
2443 4031 2548 4095 heu
2576 4043 2747 4100 quam
2785 4026 2918 4081 mihi
2947 4020 3348 4091 susceptionem
3380 4018 3482 4070 tri-
3538 4042 3545 4051 ί

229 4137 367 4204 πρὸς
392 4136 534 4205 ὑμᾶς
558 4136 998 4205 καταφεύγουσαι
1045 4135 1319 4188 τίκτουσιν
1339 4148 1351 4163 ’
1384 4134 1495 4202 ἐγὼ
1515 4133 1571 4185 δὲ
1607 4132 1700 4186 δύο
1727 4131 1793 4186 δα

1914 4129 2152 4187 buistis'!
2187 4128 2321 4183 Alite
2350 4124 2610 4180 mulieres
2639 4128 2799 4176 natos
2828 4132 2936 4172 non
2967 4113 3232 4169 habentes
3262 4123 3385 4163 eum
3416 4107 3483 4160 ad

228 4200 586 4299 ρυςρρουμένη
606 4200 723 4296 (sici
744 4200 973 4283 τάνθάδε
995 4226 1317 4290 κατέλαϐον,
1339 4200 1435 4280 καί
1456 4225 1575 4296 μεθ’
1593 4223 1734 4288 ἐνὸς,
1765 4237 1793 4276 ε

1912 4237 2013 4279 vos
2043 4218 2392 4289 confugerint
2430 4214 2676 4287 pariunt,
2706 4225 2809 4282 ego
2840 4216 3023 4262 autem
3065 4202 3205 4258 duos
3235 4200 3483 4266 ablatura

233 4292 647 4387 μὴ’σπεύσοιτε,
683 4292 794 4371 τῶν
820 4316 1030 4373 ἐνθένδε
1053 4316 1394 4388 ἀπέρχομαι.
1432 4292 1614 4369 ’Ἄλλοι
1648 4314 1793 4369 θανά⁴

1915 4317 2024 4370 huc
2054 4313 2200 4372 veni.
2233 4318 2288 4365 et
2319 4325 2443 4364 cum
2480 4321 2590 4362 uno
2622 4307 2752 4360 hinc
2781 4302 2887 4356 nisi
2915 4292 3357 4354 acceleraveritis
3400 4307 3485 4344 rc—

230 4424 329 4460 του
381 4407 637 4471 πνέοντες
688 4407 963 4478 ἔρχονται,
1013 4409 1109 4461 καὶ
1160 4407 1349 4460 τούτου
1403 4406 1793 4476 καταγελῶντες

1919 4406 2158 4478 grediar.
2216 4402 2319 4456 Alii
2351 4400 2503 4455 necis
2532 4400 2813 4469 spirantes
2847 4392 3138 4451 accedunt,
3196 4387 3290 4442 sed
3342 4384 3485 4436 hanc

232 4499 563 4569 ἀπέρχονται
607 4515 623 4531 ο
655 4476 789 4570 ἐμού
817 4499 873 4555 δὲ
916 4499 1014 4570 τῆς
1053 4497 1243 4562 ἀθλίας
1280 4497 1342 4553 τὸ
1385 4499 1575 4568 νήπιον
1613 4498 1793 4561 παίζοι

1912 4476 2245 4557 deridentes,
2273 4491 2618 4553 abscedunt;-
2676 4499 2830 4540 meus
2864 4491 3047 4538 autem
3102 4476 3294 4533 infelix
3352 4489 3484 4544 puc-

230 4587 370 4662 ἧκεν
392 4591 527 4662 πρὸς
549 4591 693 4661 ὑμᾶς
726 4592 824 4645 καὶ
852 4591 1181 4663 ὀρχούμενον
1204 4629 1220 4655 ,
1256 4590 1353 4645 καὶ
1384 4590 1602 4653 πάντως
1625 4592 1815 4662 τεθνή-

236 4684 407 4746 ξεται.
460 4681 556 4735 ἐὰν
588 4682 745 4752 ὑμεῖς
780 4681 843 4735 ού
881 4682 1231 4754 λυτρώσησθε
1257 4698 1271 4714 ·
1317 4683 1411 4736 καὶ
1453 4683 1554 4753 τὴν
1593 4682 1710 4736 ὁδὸν
1748 4683 1817 4755 ἢν

235 4771 485 4844 ἐλήλυθε,
522 4773 683 4827 πάλιν
711 4772 819 4836 ζῶν
859 4774 918 4827 οὔ
963 4774 1309 4846 πορεύσεται.
1341 4774 1553 4844 Ἤρατέ
1587 4791 1690 4846 μου
1721 4775 1816 4829 τοῦ

236 4867 446 4934 γήρους
476 4864 538 4917 τὸ
586 4865 888 4935 στήριγμα,
920 4865 1020 4934 τῆς
1070 4864 1356 4928 ἀσθενείας
1381 4866 1480 4937 τὴν
1514 4866 1817 4938 βακτηρίαν

238 4954 486 5021 ἐλάϐετε,
545 4954 646 5026 τὴν
706 4955 899 5028 ἐλπίδα
948 4956 1048 5026 τῆς
1102 4957 1161 5009 ἐν
1215 4956 1461 5027 ἐσχάτοις
1499 4957 1819 5028 άναπαύλης

238 5046 527 5118 ἡρπάσατε
553 5062 567 5076 ·
593 5022 685 5100 τὸν
718 5022 941 5117 τρέφειν
964 5022 1032 5119 με
1060 5046 1197 5118 μετά
1225 5022 1357 5101 Θεδν
1376 5022 1821 5118 προσδοκώμενον

237 5138 416 5207 ἔχετε,
460 5138 522 5192 El
565 5137 700 5207 ἐγὼ,
749 5139 1046 5208 μάρτυρες,
1092 5137 1348 5204 ἔπταισα,
1387 5139 1438 5193 τί
1465 5156 1567 5209 μου
1607 5139 1667 5191 τὸ
1692 5156 1821 5195 παι-

235 5228 353 5279 δίον
382 5225 639 5289 κολάζετε
683 5242 699 5292 ;
732 5227 780 5279 εί
811 5227 922 5294 ἐγὼ
953 5226 1224 5297 ἥμαρτον,
1256 5226 1357 5295 ἐμὲ
1382 5224 1770 5296 τιμωρήσασθε
1802 5243 1817 5259 η

240 5316 293 5369 τί
322 5316 529 5387 μητρὸς
572 5315 849 5387 ἁμαρτίας
880 5313 1135 5383 ἀγνοοῦσι
1165 5315 1376 5378 τέκνοις
1417 5314 1655 5382 ἐπάγετε
1682 5330 1698 5381 ;
1733 5313 1822 5369 διά

240 5405 293 5458 τί
318 5406 564 5475 κατάρας
587 5405 815 5476 νομικῆς
835 5407 928 5459 καὶ
950 5405 1251 5475 Μωσαῖκῆς
1273 5403 1526 5473 γίγνεσθε
1546 5405 1820 5474 κατακρί-

245 5512 384 5558 σεως
440 5494 644 5550 ἔκδικοι
676 5512 691 5560 ;
733 5494 1036 5566 Ἀμαρτίας
1064 5494 1192 5566 γάρ,
1212 5494 1396 5563 φησὶν,
1424 5493 1675 5565 πατέρων
1729 5497 1823 5549 ἐπὶ

250 5589 436 5640 τέκνα.
482 5584 623 5638 Ἀλλ’
672 5585 737 5638 ἐκ
785 5584 884 5655 τῆς
933 5586 1182 5655 κατάρας
1228 5585 1325 5637 τοῦ
1377 5585 1542 5663 νύμου
1589 5586 1822 5655 Χριστὸς

245 5679 397 5750 ἡμᾶς
421 5677 776 5748 ἐξηγόρασεν,
807 5676 945 5746 ὑπὲρ
965 5678 997 5746 ἡ
1007 5676 1122 5746 μῶν
1142 5676 1354 5748 κατάρα
1382 5676 1674 5747 γενόμενος
1692 5694 1704 5707 ·
1729 5680 1824 5732 καὶ

245 5769 455 5840 ταύτην
505 5767 593 5825 διὰ
641 5766 735 5819 τοῦ
794 5768 1075 5837 προφήτου
1118 5768 1214 5838 τὴν
1261 5769 1584 5837 κατάκρισιν
1634 5766 1822 5823 ἔλυσεν

1916 4591 2075 4643 rulus
2118 4585 2209 4654 qui
2260 4583 2454 4638 ludens
2491 4579 2641 4635 venit
2673 4584 2727 4632 et
2786 4576 3017 4636 saltans,
3077 4569 3268 4641 procul
3322 4566 3488 4621 dubio

1915 4679 2208 4742 morietur,
2248 4674 2355 4730 nisi
2388 4688 2486 4729 vos
2514 4665 2906 4732 liberaveritis,
2949 4672 3004 4719 et
3043 4663 3133 4718 via
3175 4676 3282 4732 qua
3344 4660 3490 4713 venit

1916 4782 2025 4823 non
2072 4767 2233 4821 vivus
2261 4762 2455 4816 abibit.
2513 4757 2747 4812 Tulistis
2794 4751 3096 4810 senectutis
3130 4764 3264 4807 meae
3305 4747 3488 4801 ﬁrma-

1917 4864 2192 4921 mentum,
2252 4851 2591 4909 infirmitatis
2648 4847 2904 4903 baenlum
2961 4839 3278 4913 accepistis,
3339 4853 3488 4908 spem

1917 4948 2116 5019 quietis
2143 4953 2448 5001 extremam
2505 4937 2791 5011 rapuistis,
2830 4942 2885 4991 et
2952 4948 3077 4988 eum
3135 4946 3298 5003 quem
3369 4937 3493 4998 post

1921 5043 2088 5098 Deum
2146 5038 2357 5095 nutrire
2405 5051 2493 5090 me
2554 5029 2912 5103 prmstolabar
2975 5024 3211 5081 habetis.
3276 5022 3333 5075 Si
3393 5034 3496 5089 ego

1920 5142 2190 5202 martyres
2214 5124 2457 5196 culpavi,
2496 5130 2557 5178 ut
2598 5119 2730 5192 quid
2764 5132 2991 5189 puerum
3047 5128 3227 5169 meum
3275 5111 3491 5165 crucia-

1919 5221 2028 5277 tisi
2064 5219 2120 5275 Si
2144 5233 2245 5289 ego
2276 5213 2521 5287 peccavi,
2550 5228 2636 5267 me
2672 5211 2881 5282 punite.
2916 5209 3098 5274 Quare
3125 5215 3348 5276 peccata
3382 5218 3494 5255 ma-

1920 5313 2020 5369 tris
2050 5307 2430 5382 ignorantibus
2482 5303 2629 5358 natis
2681 5300 2944 5355 infertis?
2976 5310 3151 5368 quare
3214 5294 3493 5349 condent--

1922 5403 2161 5460 nationis
2184 5397 2380 5472 legalis
2409 5404 2574 5468 atque
2600 5385 2855 5448 mosaicai
2905 5387 3307 5445 maledictionis
3329 5383 3496 5439 eflici-
3541 5418 3549 5427 ι

1924 5496 2055 5550 mini
2094 5490 2464 5549 defensores?
2510 5472 2794 5558 peccatum
2841 5484 2987 5539 enim
3043 5480 3221 5551 inquit
3279 5486 3492 5547 patrum

1924 5585 1976 5638 in
2012 5583 2171 5637 filios.
2223 5579 2328 5634 Sed
2360 5594 2425 5634 ex
2463 5573 2760 5631 maledicto
2785 5572 2922 5643 legis
2971 5568 3230 5622 Ch‘ristus
3259 5581 3360 5620 nos
3408 5580 3495 5618 re—

1923 5673 2117 5735 demit,
2148 5684 2249 5741 pro
2279 5668 2438 5723 nobis
2465 5661 2791 5726 adveniens,
2826 5667 2880 5715 et
2913 5674 3008 5729 per
3031 5655 3348 5727 prOphetam
3373 5669 3497 5707 enn-

1925 5763 2327 5818 demuatiuucm
2389 5754 2662 5833 dissolvit,
2739 5749 3027 5806 manifeste
3070 5746 3296 5807 dicens,
3353 5742 3497 5814 quod
