4002 6312
551 378 693 444 353‘)

1420 384 1478 443 S.
1519 382 1939 444 SOPHRONII
1965 379 2470 444 PATRIARCHE
2511 379 2911 441 HIEROSOL.

3685 385 3821 447 35’th

553 502 695 547 ultra
730 512 834 545 non
860 499 1003 546 esset
1032 490 1260 545 dicenda
1292 494 1549 562 parabola
1579 495 1689 548 haec
1722 512 1733 546 :
1765 515 1781 545 ι
1813 494 2004 550 Patres
2039 510 2129 548 co-

2245 492 2528 563 Βιαρρήδην
2562 492 2751 558 εἰπὼν,
2785 491 2860 554 ὡς
2891 490 3077 544 οὐκέτι
3104 491 3428 561 λεχθήσεται
3466 496 3499 563 ἠ
3538 499 3817 568 παραξολὴ

556 585 846 639 mederunt
891 599 1023 639 uvas
1061 586 1311 646 acerbas,
1340 597 1389 640 et
1424 588 1617 641 dentes
1669 586 1905 640 liliorum
1940 588 2133 641 obstu-

554 684 806 744 puerunt.
837 693 854 724 ι
884 671 1026 742 Ergo
1046 688 1152 727 non
1185 674 1326 728 alius
1349 690 1447 743 pro
1467 674 1593 738 alio,
1624 674 1716 729 sed
1752 675 2134 743 unusquisque

557 783 657 834 pro
689 781 746 819 se
785 767 1056 820 rationem
1095 765 1284 820 reddet
1346 765 1498 834 Deo;
1532 778 1585 821 et
1617 769 1795 821 anima
1825 783 1946 836 qua:
2007 782 2135 835 pee-

553 861 783 924 raverit,
827 860 942 928 ipsa
976 859 1263 922 morietur,
1295 872 1347 913 et
1381 875 1488 912 non
1537 859 1682 914 alius
1709 861 1995 929 quiSqnam
2032 874 2133 929 pro

555 965 617 1002 ea
653 950 951 1005 sustinebit
981 950 1253 1018 judicium
1300 951 1385 1005 vel
1423 959 1782 1005 tormentum.
1849 950 1953 1003 Alii
2002 958 2131 1003 sunt

555 1042 647 1109 qui
694 1041 984 1094 maledicto
1031 1042 1165 1110 legis
1212 1041 1552 1105 deserviunt,
1613 1040 1667 1093 hi
1728 1040 2132 1109 videlicet,qui

557 1136 906 1189 liberatorem
934 1132 1213 1188 Christum
1249 1135 1341 1189 Dei
1371 1134 1569 1186 Filium
1605 1148 1711 1185 non
1744 1139 2130 1200 susceperunt.

559 1226 671 1281 Nos
703 1235 885 1280 autem
925 1226 1162 1279 liliorum
1193 1225 1542 1294 adoptionem
1574 1214 1673 1293 per
1703 1224 1879 1292 ipsum
1916 1223 2134 1275 lucran-

561 1327 665 1380 tes,
725 1332 829 1369 non
864 1316 1115 1384 spiritum
1143 1314 1430 1368 servitutis
1466 1316 1523 1367 in
1555 1314 1756 1367 timore
1790 1312 2131 1381 accepimus,

560 1410 939 1478 sed-Spiritum
974 1410 1286 1477 adoptionis
1317 1409 1555 1460 liliorum
1577 1408 1630 1459 in
1662 1421 1770 1476 quo
1799 1406 2132 1458 clamamus:

560 1497 713 1550 Abha
741 1491 899 1549 Pater
931 1512 945 1560 ;
974 1497 1162 1563 sicque
1197 1495 1263 1547 de
1302 1505 1501 1547 canero
1535 1493 1692 1546 liberi
1728 1492 2012 1545 constituti
2043 1506 2137 1544 su-

567 1604 691 1643 mus
722 1587 971 1641 libertate
990 1602 1091 1639 cur
1115 1586 1371 1640 Christus
1412 1599 1513 1638 uos
1537 1583 1813 1637 liberavit.
1876 1581 2015 1650 Ergo
2041 1589 2135 1635 aut

563 1693 649 1732 me
672 1677 934 1738 cruciate,
968 1676 1247 1745 ﬁliumque
1264 1676 1545 1737 dimittite,
1565 1683 1659 1728 aut
1680 1689 1803 1726 cum
1830 1676 1946 1743 ipso
1969 1675 2135 1728 etiam

563 1784 648 1821 me
680 1768 888 1837 pnnite,
918 1783 984 1820 ne
1015 1769 1202 1823 vivens
1231 1768 1333 1821 mei
1368 1767 1579 1820 videam
1611 1765 1970 1836 perditionem
2016 1766 2133 1819 lilii.

2238 584 2376 655 αῦτη
2401 602 2416 616 ο
2460 605 2478 635 ι
2509 586 2571 639 Οἱ
2604 586 2842 655 πατέρες
2863 583 3066 653 ἔφαγον
3107 584 3350 654 ὄμφακα,
3392 587 3486 639 καὶ
3516 589 3564 639 οἱ
3614 591 3821 654 ὀδόντες

2236 676 2346 728 τῶν
2373 676 2580 728 τέκνων
2601 673 2921 745 ᾑμωδίασαν
2943 691 2991 724 ἰ
3009 676 3102 728 καὶ
3136 675 3324 728 λοιπὸν
3357 678 3457 730 οὐκ
3490 678 3652 742 ἄλλος
3681 682 3821 750 ὑπὲρ

2238 768 2422 831 ἄλλου,
2469 766 2586 820 ἀλλ’
2629 768 2860 829 ἕκαστος
2908 767 3049 837 ὑπὲρ
3100 767 3294 819 ἐαυτοῦ
3345 767 3506 835 λόγον
3536 770 3703 836 δώσει
3744 772 3817 839 τῷ

2236 860 2356 929 Θεῷ
2382 876 2396 890 ·
2445 861 2541 912 καὶ
2586 858 2732 930 ψυχὴ
2773 862 2806 928 ὴ
2841 860 3254 929 ἁμαρτάνουσα,
3279 861 3416 930 αὐτὴ
3441 863 3813 930 ἀποθανεῖται,

2236 956 2330 1005 καὶ
2373 953 2473 1004 οὐκ
2507 952 2663 1014 ἄλλος
2691 968 2778 1014 τις
2813 951 2952 1021 ὑπὲρ
2981 952 3150 1021 αὐτῆς
3181 953 3368 1017 ὑφέξει
3413 953 3569 1022 δίκην
3605 958 3699 1007 καὶ
3728 958 3813 1008 κό-

2235 1042 2410 1096 λασιν.
2448 1042 2629 1095 ’Λλλοι
2648 1042 2787 1094 εἰσὶν
2816 1043 2863 1094 οἱ
2891 1045 2957 1112 τῇ
2979 1043 3198 1111 κατάρα
3225 1042 3319 1095 τοῦ
3352 1044 3517 1110 νόμου
3544 1042 3815 1098 δουλεύω-

2204 1151 2346 1197 ,τες,
2383 1135 2434 1185 οἱ
2477 1134 2568 1186 τὸν
2600 1134 2970 1204 ὲλευθερωτὴν
3001 1135 3236 1204 Χριστὸν
3266 1136 3355 1187 τὸν
3395 1136 3491 1188 τοῦ
3522 1137 3661 1189 Θεοῦ
3696 1139 3816 1190 Υἱδν

2236 1224 2296 1277 οὺ
2326 1223 2624 1294 δεξάμενοι.
2645 1225 2838 1294 Ἡμεῖς
2867 1224 2923 1277 δὲ
2958 1225 3055 1294 τὴν
3087 1224 3155 1277 δι’
3186 1225 3353 1277 αὐτοῦ
3376 1226 3650 1279 υἱοθεσίαν
3688 1247 3813 1296 κερ-

2234 1317 2489 1379 δάναντες
2530 1316 2591 1368 οὐ
2622 1314 2841 1384 πνεῦμα
2889 1315 3131 1378 δουλείας
3174 1318 3252 1379 εἰς
3300 1317 3464 1386 φόϐον
3514 1319 3815 1387 ὲλάεομεν,

2235 1407 2371 1459 ἀλλὰ
2389 1407 2607 1477 πνεῦμα
2622 1408 2911 1470 υἱοθεσίας,
2934 1409 2991 1460 ἐν
3007 1402 3050 1475 ᾧ
3071 1408 3545 1476 κράζομενοἊϐεᾶ
3563 1412 3590 1462 ὁ
3608 1412 3816 1481 Πατήρ·

2243 1500 2338 1551 καὶ
2369 1499 2429 1551 τὸ
2470 1498 2658 1551 λοιπὸν
2691 1497 2966 1569 ἐλεύθεροι
3065 1500 3106 1551 Χ
3118 1500 3296 1569 ριστὸς
3328 1501 3479 1568 ἡμᾶς
3516 1499 3821 1570 ἠλευθέρω-

2242 1593 2432 1646 σεν.Ἢ
2459 1590 2552 1644 οῦν
2583 1591 2683 1661 ἐμὲ
2726 1591 2994 1644 κολάσατε
3022 1630 3036 1652 ,
3077 1592 3171 1642 καὶ
3224 1591 3285 1642 τὸ
3310 1591 3498 1642 τέκνον
3531 1591 3752 1649 ἐάσατε,
3786 1594 3816 1659 ἢ

2241 1684 2338 1735 σὺν
2385 1683 2533 1752 αὐτῷ
2574 1683 2717 1751 κάμὲ
2762 1683 3172 1752 τιμωρήσασθε,
3206 1683 3294 1734 ἵνα
3337 1683 3412 1751 μὴ
3446 1683 3594 1745 ζῶσα
3638 1684 3817 1753 βλέπω

2237 1772 2334 1825 τοῦ
2372 1772 2504 1842 ἐμοῦ
2544 1774 2733 1835 παιδὸς
2764 1772 2861 1843 τὴν
2898 1772 3175 1826 ἀπώλειαν
3197 1791 3208 1803 ·
3260 1775 3307 1825 εἰ
3351 1775 3404 1827 δέ
3438 1776 3645 1828 τούτων
3672 1777 3819 1829 οὐδὲν

565 1863 620 1915 Si
659 1878 789 1915 vero
839 1861 975 1914 nihil
1028 1861 1225 1914 horum
1261 1860 1510 1928 patitnini
1548 1874 1729 1930 agere,
1768 1860 1969 1913 donate
2006 1859 2135 1912 mihi

2245 1833 2502 1931 ἀνέχεσθε
2548 1833 2971 1933 διαπραξασθαι,
3003 1861 3161 1915 πάλιν
3210 1880 3311 1930 μου
3344 1864 3433 1916 τὸν
3462 1864 3631 1916 παῖδα
3664 1864 3817 1933 χαρί-

564 1955 763 2007 iterum
825 1968 1054 2023 puerum
1092 1961 1394 2007 amatorem
1437 1952 1813 2007 miserationis
1848 1952 2013 2006 Deum
2042 1966 2140 2005 no-

561 2056 733 2100 Slt'tllll
772 2055 825 2100 et
887 2044 1175 2096 Dominun
1203 2043 1505 2096 imitantes.

631 2135 769 2188 Cum
807 2144 988 2191 autem
1032 2138 1146 2192 haec
1176 2145 1228 2191 et
1279 2136 1365 2191 his
1406 2140 1576 2204 plura
1623 2134 1856 2188 dixisset
1890 2135 1955 2187 ad
1994 2148 2142 2186 mar-

561 2235 732 2297 tyres,
769 2236 825 2282 et
881 2244 980 2299 per
1019 2238 1191 2284 totam
1244 2237 1461 2284 noctem
1512 2228 1788 2295 larrymas
1827 2225 2137 2286 obtulisset,

562 2322 839 2375 modicum
867 2322 1016 2375 circa
1048 2321 1355 2376 dilueulmn
1402 2318 1762 2383 obdormivit,
1800 2334 1907 2372 non
1967 2318 2135 2370 animi

558 2410 910 2476 defectionis,
942 2419 996 2467 et
1034 2413 1236 2467 laboris
1262 2413 1404 2465 victa
1430 2411 1669 2479 sagittis,
1704 2410 1799 2466 sed
1835 2418 1893 2461 nt
1920 2418 2139 2462 sancto-

562 2521 679 2557 tutn
714 2504 1085 2559 visitationem
1120 2505 1413 2573 aspiceret,
1447 2503 1536 2571 qui
1593 2504 1941 2565 assistentes,
1995 2503 2139 2555 sicut

560 2597 821 2651 omnibus
863 2588 1045 2651 facere
1106 2610 1465 2655 consuevere,
1528 2593 1675 2647 circa
1718 2594 1907 2646 horam
1967 2591 2137 2646 ferme

560 2686 781 2740 tertiam
809 2686 916 2740 dici
946 2686 1115 2738 lilium
1151 2685 1388 2739 educere
1418 2700 1444 2734 a
1495 2683 1695 2751 templo
1744 2682 2054 2750 jusserunt,
2085 2693 2137 2733 et

564 2790 765 2841 ponere
789 2778 890 2828 sub
915 2776 1040 2828 divo
1073 2777 1313 2828 medium
1346 2776 1398 2827 iu
1442 2774 1701 2828 exteriori
1738 2775 1880 2827 atrio
1931 2790 2138 2842 prtere-

562 2875 781 2933 perunt.
816 2866 1157 2929 uetnineilli,
1186 2882 1287 2920 nec
1323 2868 1437 2935 ipsa
1470 2875 1643 2919 matre
1688 2866 2135 2934 appropinquan-

562 2967 634 3020 te,
673 2956 767 3011 sed
796 2955 1103 3023 obsidente,
1152 2957 1368 3010 modico
1425 2957 1751 3025 interposito
1809 2956 1988 3024 Spatio
2048 2957 2130 3008 vi-

561 3064 693 3101 sura
758 3049 1062 3118 prodigium
1109 3050 1254 3117 quod
1311 3057 1427 3102 erat
1489 3050 1542 3101 in
1598 3064 1663 3102 eo
1732 3048 1999 3102 divinitus
2057 3048 2134 3100 fa-

2246 1955 2449 2013 σασθε,
2510 1954 2603 2007 τὸν
2660 1956 2935 2023 φίλοικτον
2990 1956 3120 2007 Θεὸν
3173 1956 3265 2006 καὶ
3314 1957 3592 2024 Δεσπότην
3668 1957 3818 2023 ὑμῶν

2243 2046 2661 2115 ἐκμιμούμενοι.

2314 2136 2499 2188 Ταῦτα
2554 2136 2645 2188 καὶ
2692 2135 2897 2188 τούτων
2946 2136 3161 2189 πλείονα
3211 2135 3346 2204 πρὸς
3382 2136 3508 2195 τοὺς
3536 2136 3819 2206 μάρτυρας

2241 2227 2495 2294 λέγουσα,
2528 2228 2623 2279 καὶ
2669 2227 2738 2279 διι
2769 2227 2897 2294 ὅλης
2930 2226 3123 2287 νυκτὸς
3174 2227 3416 2295 φέρουσα
3442 2229 3680 2295 δάκρυα,
3736 2245 3821 2295 μι-

2242 2315 2374 2386 κρὸν
2423 2316 2552 2384 περὶ
2589 2314 2682 2367 τὸν
2713 2315 2907 2385 δρ¹¹ρον
2939 2313 3258 2381 ἀφύπνωσε,
3306 2315 3407 2366 οῦκ
3449 2314 3697 2383 ἀθυμίας
3730 2320 3824 2367 καὶ

2239 2407 2409 2459 κὸπου
2464 2406 2747 2473 νικηθεῖσα
2799 2408 2910 2466 τοῖς
2942 2403 3170 2472 βέλεσιν,
3223 2404 3338 2456 ἀλλ’
3380 2404 3469 2458 ἵνα
3494 2404 3603 2456 τῶν
3650 2402 3820 2471 ἁγίων

2240 2498 2422 2551 θεάσοι
2464 2497 2559 2566 τὴν
2612 2496 2936 2563 ἐπίσκεψιν·
2995 2494 3044 2547 οἶ
3099 2496 3494 2564 παραστάντες,
3528 2495 3604 2558 ὼς
3654 2498 3822 2549 πᾶσιν

2239 2589 2514 2648 εἰώθασιν,
2547 2587 2773 2656 ὡς’περὶ
2810 2570 3172 2657 ὧραπίτρίτην
3197 2585 3295 2656 τῆς
3315 2587 3529 2656 ἡμέρας
3560 2587 3659 2639 τὸν
3697 2588 3822 2640 Υἱδν

2239 2679 2439 2743 ἐξοῖσαι
2456 2677 2549 2731 τοῦ
2572 2678 2831 2747 τεμένους
2856 2677 3176 2742 ἐκέλευσαν,
3203 2680 3297 2728 καὶ
3323 2676 3511 2731 θέσθαι
3545 2676 3717 2746 μέσον
3745 2679 3820 2740 εἷς

2236 2772 2295 2824 τὸ
2338 2770 2602 2839 ἐξώτερον
2655 2768 2923 2837 ὕπαιθρον
2950 2770 3338 2839 προσέταττον,
3393 2769 3623 2839 μηδενὸς
3665 2769 3817 2838 αὐτῷ

2237 2861 2689 2930 προσεγγῐζοντος
2716 2899 2730 2924 ,
2766 2859 2903 2929 μηδέ
2948 2858 3048 2927 τῆς
3075 2859 3340 2929 τεκούσης
3372 2859 3562 2928 αὐτῆς,
3605 2859 3730 2912 ἀλλ’
3758 2862 3823 2914 ἐκ
3852 2842 3857 2847 θ

2240 2951 2436 3022 μικροῦ
2486 2951 2855 3021 διαστήματος
2901 2949 3418 3020 παρακαθέζεσθαι,
3460 2950 3557 3001 καὶ
3589 2949 3822 3020 θεωρεῖν

2237 3047 2299 3099 τὸ
2323 3047 2648 3116 γιγνόμενον
2681 3046 2768 3098 ἐπ’
2790 3045 2940 3116 αὐτῷ
2965 3044 3148 3098 θεόθεν
3171 3043 3471 3113 τεράστιον.
3504 3044 3614 3096 Καὶ
3643 3044 3823 3097 ταῦτα

560 3140 844 3193 ciendum.
904 3138 972 3192 Et
1011 3139 1122 3193 Inec
1161 3138 1385 3207 quidem
1417 3139 1678 3192 dixerunt
1736 3149 2032 3207 martyres,
2078 3149 2131 3191 et

2245 3142 2338 3208 μὲν
2380 3136 2535 3191 εἷπον
2575 3140 2625 3191 οἱ
2668 3139 2943 3209 μάρτυρες
2972 3179 2986 3200 ,
3039 3138 3133 3191 καὶ
3175 3138 3420 3199 εἰπόντες
3468 3138 3821 3206 ἀπέπτησαν.

560 3233 813 3286 dicentes
865 3233 1242 3286 avolaverUut.
1298 3232 1569 3285 Dorothca
1627 3247 1753 3283 vero
1793 3247 1887 3299 per
1916 3231 2028 3297 jam
2055 3230 2134 3281 di-

568 3328 710 3375 ctam
745 3322 934 3374 horam
990 3322 1331 3375 sanctionem
1359 3323 1573 3391 agebat,
1616 3334 1953 3389 puerumque
2008 3336 2136 3373 sns-

567 3420 784 3482 eeptutu
834 3414 1024 3467 eduxit
1054 3429 1083 3467 e
1119 3414 1343 3482 templo,
1380 3423 1436 3468 et
1494 3414 1546 3467 iu
1584 3412 1846 3482 praedicto
1886 3413 2006 3465 loco
2054 3427 2138 3465 re-

567 3506 823 3561 cumbere
856 3504 1007 3567 fecit,
1042 3506 1143 3559 hac
1175 3506 1377 3575 illaque
1429 3504 1764 3559 creberrime
1800 3504 2133 3565 volutatum,

573 3596 700 3663 quia
733 3596 919 3649 multis
936 3596 1157 3665 quidem
1188 3596 1323 3649 mori
1352 3595 1805 3665 ex5pectabatur,
1830 3593 1926 3648 sed
1961 3608 1989 3644 a
2019 3608 2135 3645 Ina-

570 3704 651 3742 tre
681 3689 864 3743 vivere
914 3688 1260 3743 credebatur.
1648 3676 1655 3684 ’

635 3778 809 3833 Porro
840 3794 962 3833 cum
997 3781 1173 3834 media
1209 3779 1366 3849 quasi
1400 3778 1537 3833 hora
1565 3778 1921 3849 praeterisset,
1988 3783 2139 3846 post-

567 3889 730 3939 quam
762 3889 901 3943 pner
933 3872 1137 3926 ibidem
1192 3870 1466 3932 recubuit,
1502 3869 1859 3925 multitudine
1914 3870 2138 3937 copiosa

568 3972 764 4029 ντωειυ
814 3963 1128 4025 assistente,
1163 3970 1326 4030 atque
1374 3969 1731 4029 permanente
1779 3960 1965 4015 visura
2014 3972 2140 4025 pro-

572 4062 819 4119 ventum,
857 4069 984 4108 ecce
1015 4052 1288 4111 dracaena,
1326 4068 1446 4122 qua:
1480 4067 1640 4105 ovum
1675 4052 1806 4105 illud
1843 4064 2141 4120 generare.-

566 4156 676 4211 rat,
711 4145 873 4214 hujus
901 4144 1107 4198 faciens
1129 4144 1567 4209 inquisitionem,
1599 4159 1797 4211 repens
1828 4152 1881 4195 et
1910 4142 2141 4194 sibilans

568 4240 740 4304 venit,
795 4252 1065 4290 revocans
1125 4236 1175 4290 id
1238 4251 1388 4289 more
1441 4235 1710 4298 mulieris,
1764 4250 1885 4302 quae
1940 4234 2142 4287 amisso

569 4329 796 4403 parvulo
833 4343 956 4379 eum
1010 4326 1214 4395 eiulatu
1251 4334 1304 4380 et
1333 4335 1526 4395 cocyto
1572 4325 1749 4378 facere
1786 4324 2007 4378 allectat
2047 4324 2140 4378 de-

567 4420 787 4473 siderati
841 4419 1188 4473 scrutinium.
1225 4416 1288 4469 Et
1317 4418 1641 4471 exteriorem
1671 4419 1886 4483 ianuam
1923 4415 2141 4470 eviden-

2251 3229 2503 3300 Δωροοέα
2548 3228 2603 3281 δὲ
2650 3230 2794 3281 κατά
2853 3229 2951 3299 τὴν
2985 3229 3268 3299 λεχθεῖσαν
3300 3229 3448 3299 (Εἶραν
3477 3229 3607 3299 ἕδρα
3639 3230 3707 3281 τὸ
3738 3229 3825 3280 θέ-

2243 3338 2480 3391 σπισμα,
2513 3321 2607 3374 καὶ
2633 3321 2724 3373 τὸν
2750 3322 2916 3373 παῖδα
2934 3320 3191 3385 λαϐοῦσα,
3213 3320 3306 3372 τοῦ
3333 3321 3591 3390 τεμένους
3620 3320 3823 3390 ἐξήγα-

2240 3430 2355 3481 γεν,
2401 3413 2494 3466 καὶ
2526 3414 2585 3466 ἐν
2626 3412 2705 3482 τῷ
2750 3411 2970 3482 ῥηθέντι
3007 3412 3157 3482 τόπῳ
3201 3412 3539 3475 κατέκλινεν,
3563 3411 3699 3465 ἔνθα
3732 3414 3825 3465 καὶ

2241 3506 2370 3559 ἔνθα
2417 3505 2655 3576 συνεχῶς
2697 3504 3131 3574 κυλινδούμενον,
3181 3504 3417 3566 καὶτοῖς
3448 3505 3544 3573 μὲν
3594 3504 3817 3567 πολλοῖς

2243 3597 2423 3650 θανεῖν
2460 3595 2907 3669 προσδοκώμενον
2929 3637 2943 3662 ,
2973 3599 3040 3668 τῇ
3078 3596 3134 3649 δέ
3174 3597 3340 3667 μητρὶ
3370 3595 3468 3667 ζῇν
3493 3597 3823 3666 πιστευόμε-

2242 3708 2351 3745 νον.

2322 3781 2409 3843 Ὠς
2436 3780 2708 3851 ήμιωρίου
2736 3781 2790 3833 δὲ
2817 3782 3016 3850 μικροῦ
3043 3778 3583 3850 διοδεύσαντος,μετὰ
3608 3777 3713 3847 τὴν
3741 3796 3828 3846 γε-

2242 3872 2474 3942 νομένην
2508 3873 2687 3925 ἐκεῖσε
2714 3872 2905 3925 τούτου
2940 3872 3258 3926 κατάκλισιν
3277 3913 3292 3935 ,
3344 3870 3587 3940 πλήθους
3618 3870 3822 3922 πολλοῦ

2244 3962 2615 4031 παρεστῶτος,
2658 3964 3042 4033 περιμένοντος
3093 3964 3220 4016 [δεῖν
3248 3963 3347 4032 τὴν
3382 3962 3675 4021 ἀπόϐασιν,
3713 3961 3823 4013 ἰδοῦ

2242 4058 2274 4127 ἡ
2295 4056 2354 4109 τὸ
2375 4056 2478 4109 ὠὸν
2499 4058 2674 4109 ἐκεῖνο
2693 4056 2999 4126 γεννήσασα
3019 4056 3302 4125 δράκαινα,
3318 4055 3508 4108 τούτου
3526 4055 3825 4123 ποιουμένη

2242 4151 2340 4219 τὴν
2368 4147 2616 4219 ζήτησιν,
2662 4148 2911 4217 ἐρπουσά
2943 4166 3001 4201 τε
3042 4149 3135 4201 καὶ
3164 4150 3489 4216 συρίττουσα
3522 4147 3825 4215 παραγίνε-

2244 4256 2353 4302 ται,
2385 4238 2731 4292 ἀνακαλοῦσα
2761 4239 2904 4291 καθὰ
2935 4239 3026 4291 καὶ
3069 4237 3205 4306 γυνὴ
3231 4239 3421 4305 νήπιον
3444 4236 3825 4303 ἀπολλύμενον

2247 4330 2343 4381 σὺν
2374 4327 2601 4398 ὀλολυγῇ
2632 4328 2724 4380 καὶ
2776 4326 3007 4396 κωκυτῷ
3038 4326 3307 4379 ποιεῖσθαι
3333 4325 3478 4393 φιλεῖ
3505 4325 3600 4377 τοῦ
3630 4326 3826 4376 ποθου-

2250 4419 2408 4488 μένου
2443 4420 2543 4490 τὴν
2580 4418 2829 4489 ἔρευναν.
2878 4418 2988 4471 Καὶ
3023 4416 3122 4486 τῆς
3158 4416 3264 4480 ἔξω
3310 4416 3480 4485 θύρας
3527 4417 3822 4485 προφανῶς

570 4520 652 4561 ter
684 4510 927 4578 ingressa
975 4517 1244 4562 astantem
1301 4508 1555 4576 populum
1613 4505 1910 4575 separavit,
1979 4515 2033 4559 et
2088 4507 2136 4559 in

2248 4511 2509 4571 ἐλάσασα,
2548 4510 2642 4561 καὶ
2688 4508 2779 4561 τὸν
2817 4507 3104 4577 ἐφεστῶτα
3142 4506 3278 4559 λεὼν
3327 4506 3690 4575 διαστήσασα,
3728 4508 3821 4558 καὶ

568 4598 749 4667 fugam
802 4615 925 4653 mox
968 4610 1026 4653 ut
1074 4600 1190 4653 visa
1220 4607 1303 4652 est
1341 4598 1523 4662 vertit,
1565 4597 1631 4650 ad
1673 4613 2009 4668 puerumque
2039 4614 2138 4651 cu-

566 4692 743 4744 currit
775 4691 1075 4756 inlirntnm,
1116 4700 1171 4743 et
1206 4689 1352 4743 hunc
1418 4690 1733 4758 frequenter
1784 4690 2145 4759 circumiens,

568 4783 730 4838 modo
777 4783 996 4853 quidem
1033 4782 1099 4836 ad
1139 4799 1325 4836 aurem
1361 4782 1701 4844 susurrabat,
1761 4783 1923 4835 modo
1958 4792 2138 4835 autem

566 4876 646 4928 ori
676 4874 1168 4945 appropinquabat,
1201 4884 1253 4928 et
1312 4874 1478 4927 lilium
1509 4875 1689 4943 quiete
1729 4875 1979 4934 vocabat,
2040 4873 2141 4925 ali-

565 4967 690 5021 cubi
723 4966 975 5021 deorsum
1003 4968 1297 5036 jacentcm,
1336 4973 1389 5019 et
1419 4966 1472 5018 iu
1512 4974 1702 5019 ventre
1729 4967 1880 5035 pueri
1907 4980 2139 5018 conver-

568 5069 802 5115 santem.
861 5059 962 5127 Qui
1017 5071 1337 5130 praesentem
1386 5060 1628 5118 sentiens
1680 5071 2007 5123 matrem,et
2041 5062 2135 5112 hu-

542 5155 654 5221 'jns
689 5154 881 5207 sibilos
954 5167 1371 5219 recognoscens,
1409 5153 1613 5206 cursim
1670 5153 1934 5213 ascendit,
1980 5160 2031 5203 et
2072 5151 2137 5204 ad

569 5246 741 5313 ipsum
773 5260 866 5315 per
895 5259 955 5298 os
985 5244 1115 5305 exit,
1157 5252 1412 5311 tauquam
1469 5245 1634 5299 semel
1691 5252 1851 5303 natus
1897 5252 1950 5295 et
1998 5242 2137 5295 ultra

569 5342 620 5390 in
684 5346 869 5391 ventre
918 5337 1044 5403 jure
1100 5336 1272 5389 teneri
1346 5337 1574 5405 nolens;
1642 5338 1750 5392 imo
1821 5345 2137 5390 sanctorum

573 5436 903 5495 praeceptum
973 5442 1299 5495 agnoscens,
1342 5428 1475 5480 hoc
1529 5427 1674 5479 enim
1726 5428 1906 5480 (Περι-ο
1968 5426 2139 5495 magis

569 5521 714 5587 pium
744 5537 759 5585 ;
798 5520 883 5573 cui
916 5528 970 5571 et
1004 5535 1200 5588 parens
1221 5517 1501 5583 l'anmlata,
1538 5521 1601 5572 ad
1632 5520 1801 5585 ipsius
1828 5519 2138 5587 inquisitio--

571 5628 691 5663 nem
760 5611 1088 5680 cotupendio
1155 5619 1564 5680 properaverat,
1624 5622 1675 5664 et
1725 5612 1971 5679 genimen
2029 5610 2138 5678 jam

573 5698 793 5754 manere
843 5702 897 5753 in
932 5702 1256 5766 visceribus,
1283 5703 1447 5756 etiam
1478 5701 1520 5755 si
1558 5703 1735 5766 vellet,
1776 5718 1880 5753 non
1909 5710 2135 5771 poterat.

568 5790 701 5844 (Iunt
752 5801 930 5865 autem
980 5791 1213 5861 genitrix
1266 5808 1387 5845 cum
1448 5793 1664 5846 vidisset
1726 5794 1790 5844 ab
1838 5808 1930 5845 ore
1991 5794 2139 5862 pueri

2251 4601 2388 4669 πρὸς
2431 4599 2606 4669 φυγὴν
2638 4597 2790 4668 παρὰ
2829 4598 2896 4650 τὰ
2944 4596 3206 4667 προοίμια
3249 4596 3519 4664 τρέψασα,
3552 4596 3691 4664 πρὸς
3732 4595 3821 4647 τὸν

2248 4694 2411 4746 παῖδα
2448 4692 2632 4763 τρέχει
2660 4692 2750 4743 τὸν
2784 4690 3083 4762 ἄρρωστον,
3130 4689 3224 4742 καὶ
3262 4688 3450 4741 τοῦτον
3486 4685 3697 4756 συχνῶς
3728 4703 3822 4738 πε-

2250 4787 2521 4860 ριθέουσα,
2545 4784 2672 4837 ποτὲ
2693 4784 2789 4853 μὲν
2820 4784 2952 4852 πρδς
2976 4782 3038 4835 τὸ
3064 4777 3157 4844 οὖς
3180 4780 3481 4850 ἐψιθύριςε,
3509 4778 3640 4831 ποτὲ
3662 4778 3718 4831 δέ
3745 4778 3821 4845 τῷ

2249 4882 2476 4950 στόματι
2528 4878 2954 4950 προσεπέλαζεν,
3001 4876 3225 4929 καὶτὸν
3276 4874 3390 4926 υἱὸν
3448 4873 3689 4942 ἡσυχίως
3730 4873 3821 4924 ἁν-

2248 4968 2446 5039 έκραζε
2467 4970 2615 5022 κάτω
2636 4984 2736 5020 που
2771 4967 3039 5036 κείμενον,
3064 4965 3157 5018 καὶ
3186 4967 3251 5036 τῇ
3276 4963 3473 5031 γαστρὶ
3502 4960 3599 5013 τοῦ
3632 4960 3821 5021 nandi»;

2247 5061 2657 5133 ὲντρεφόμενον.
2689 5061 2786 5121 Ὃς
2828 5058 3107 5129 παρούσης
3141 5056 3241 5123 τῆς
3271 5054 3475 5125 μητρὸς
3496 5051 3824 5119 ἐπαισθόμε-

2247 5171 2356 5217 νος,
2389 5154 2483 5205 καὶ
2527 5152 2596 5204 τὰ
2633 5150 2837 5221 ταύτης
2880 5151 3151 5218 γνωρίσας
3201 5148 3535 5217 συρέσματα,
3561 5144 3822 5213 δρομαῖος

2247 5245 2556 5316 ἀνέρχεται,
2589 5246 2840 5313 καὶπρὸς
2873 5244 3043 5312 αὐτὴν
3069 5241 3157 5293 διὰ
3173 5240 3270 5292 τοῦ
3306 5239 3570 5307 στόματος
3601 5236 3818 5300 ἔξεισιν.

2247 5338 2322 5399 ὡς
2346 5337 2489 5402 ἅπαξ
2531 5335 2743 5404 τεχθεὶς
2780 5334 2876 5397 καὶ
2904 5332 3187 5401 κυοφορεῖν
3232 5327 3428 5401 μηκέτι
3457 5324 3776 5396 βουλόμενος
3804 5339 3817 5350 ⁸

2252 5428 2449 5497 μᾶλλον
2478 5428 2534 5479 δὲ
2566 5427 2673 5478 τῶν
2698 5426 2868 5493 ἁγίων
2898 5425 3058 5492 γνοὺς
3085 5423 3146 5474 τὸ
3176 5422 3456 5488 ἐπίταγμα
3507 5417 3687 5486 (τοῦτο
3713 5414 3820 5483 γὰρ

2249 5502 2420 5571 εἰπεῖν
2468 5517 2853 5586 εὐσεϐέστερον
2878 5555 2892 5575 ,
2930 5508 2975 5581 ᾧ
3009 5514 3105 5566 καὶ
3138 5515 3171 5581 ἡ
3203 5511 3437 5564 τεκοῦσα
3473 5508 3818 5563 δουλεύουσα,

2251 5610 2385 5679 προς
2416 5609 2513 5677 τὴν
2534 5597 2702 5661 αὐτοῦ
2728 5606 3005 5676 συντόμως
3030 5605 3254 5671 ἀφίκετο
3276 5601 3550 5671 ζήτησιν),
3585 5598 3679 5651 καλ⁹
3710 5597 3819 5647 λοιο

2258 5704 2358 5753 πὸν
2411 5701 2591 5770 μένειν
2622 5701 2962 5770 ἐγγάστριος,
3004 5696 3097 5750 καὶ
3126 5697 3174 5747 εἰ
3206 5693 3467 5763 βούλοιτο,
3490 5692 3564 5760 μὴ
3601 5690 3823 5756 δυνάμε-

2251 5811 2355 5857 νος.
2402 5793 2815 5861 Ἐκπηδῇσαντα
2850 5791 2903 5842 δέ
2930 5787 3021 5841 τοῦ
3059 5787 3321 5855 στόματος
3350 5784 3423 5847 ὡς
3460 5783 3567 5836 ἴδεν
3603 5780 3762 5834 αὐτὸν
3788 5785 3821 5849 η
