4002 6312
251 433 396 500 3541

1244 427 1361 513 _SS.
1393 422 1568 515 QYRI
1601 420 1695 481 ET
1735 415 2058 480 JOANNIS
2080 409 2489 472 MIRACULA.

3382 389 3523 454 35$!

253 551 594 617 γεννήσασα,
654 544 751 598 ml.
802 536 876 607 ὥς
930 542 1061 596 αὐτὸ
1102 543 1366 613 τυγχάνον
1417 538 1734 609 γνωρίσασα
1781 533 1882 598 τὸ,

1990 545 2308 603 isilientem,
2339 551 2391 594 ct
2424 541 2601 610 ipsum
2627 551 2750 593 esse
2771 533 3023 605 genimen
3047 526 3351 601 proprium,
3376 521 3522 593 quod

261 639 468 691 οἰκεῖον
506 636 600 689 καὶ
627 634 758 703 παρ’
794 633 965 704 αὐτῆς
999 632 1332 702 ζητούμενον
1356 632 1621 699 γέννημα,
1658 626 1844 680 ἀνελο-

272 727 415 797 μένη
453 742 510 778 τε
559 724 753 777 θᾶττον
782 724 911 777 αὐτὸ
962 725 1060 777 σὺν
1090 725 1156 793 τῇ
1183 724 1280 794 θέα
1305 721 1378 791 τῷ
1407 721 1657 791 στόματι,
1692 734 1847 788 σκιρ-

270 821 427 873 τῶσα
450 819 543 872 καὶ
571 813 837 888 χαίρουσα
879 816 1018 884 πρὸς
1062 816 1152 868 τὸν
1181 816 1351 885 αὐτῆς
1394 815 1599 882 φωλεὸν
1635 810 1841 879 ἀνεχώ-

274 926 467 978 ρησεν.
497 908 654 960 Κατὰ
686 894 877 959 τοῦτον
903 906 992 959 τὸν
1016 905 1216 975 τρόπον
1249 904 1341 957 καὶ
1372 903 1623 974 Δωροθέα
1662 902 1722 954 τὸ
1752 899 1851 967 γύ-

272 1014 448 1063 ναιον,
472 997 563 1050 τὸν
585 994 784 1067 ἑαυτῆς
813 996 926 1049 υἱὸν
949 996 1290 1067 παραχρῆμα
1312 995 1584 1066 ῥωσθέντα
1608 990 1854 1046 Καλλίνι-

276 1106 400 1152 κον,
437 1088 574 1158 μετὰ
621 1088 721 1158 τὴν
762 1088 856 1141 τοῦ
885 1088 1261 1159 δρακοντιαίου
1294 1088 1628 1155 γεννήματος
1656 1082 1853 1149 ἔξοδον,

283 1181 614 1250 ἀνελομένη,
659 1181 754 1233 καὶ
801 1182 898 1233 σὺν
925 1179 1076 1248 αύτῷ
1102 1180 1198 1251 τὴν
1240 1180 1399 1251 χάριν
1426 1182 1535 1240 τοῖς
1563 1178 1859 1229 σεσωκόων

278 1277 465 1347 ᾄσασα
508 1277 796 1346 μάρτυσιν,
830 1275 1172 1345 ἀγαλλομένη
1211 1277 1305 1328 καὶ
1334 1273 1600 1345 χαίρουσα
1647 1272 1743 1341 τὴν
1779 1273 1860 1335 είς

282 1367 441 1420 πόλιν
485 1366 601 1419 ὁδὸν
627 1367 940 1434 ἐποιήσατο.
981 1365 1041 1419 Ἠ
1084 1367 1141 1421 δὲ
1186 1367 1307 1419 τότε
1338 1366 1586 1436 παροῦσα
1628 1363 1854 1433 πληθὺς,

285 1457 493 1527 θεωρὸς
533 1457 802 1526 γενομένη
846 1456 940 1509 τοῦ
976 1456 1269 1523 θαύματος,
1299 1457 1395 1526 τὴν
1424 1459 1479 1508 εν
1511 1454 1861 1522 Εύαγγελίοις

283 1548 473 1617 φωνὴν
507 1545 853 1617 ἐκελάδησεν,
885 1550 1116 1611 Ὄντως,
1147 1548 1411 1616 λέγοντες,
1436 1546 1655 1614 εἴδαμεν
1684 1545 1862 1611 παρά-

287 1638 420 1702 δοξα
457 1640 697 1707 σήμερον
731 1656 743 1667 ⁸
781 1641 864 1708 ἐφ’
889 1635 969 1703 οἷς
992 1640 1122 1693 Θεὸν
1147 1657 1203 1691 τε
1236 1638 1327 1690 καὶ
1364 1638 1646 1707 μάρτυρας
1680 1637 1752 1697 ὡς
1779 1630 1869 1687 οἷά

285 1748 345 1782 τε
367 1726 432 1801 ἦν
463 1733 815 1804 ἁνευφήμησε
846 1750 858 1763 ’
885 1733 1004 1802 μεθ’
1028 1727 1093 1804 ἧς
1133 1733 1227 1785 καὶ
1256 1735 1413 1801 ἡμεῖς
1433 1731 1532 1792 τὰς
1566 1727 1869 1799 πρεπιὶιδεις

1952 651 1981 689 a
2028 651 2086 689 se
2121 634 2521 702 inquirebatur,
2571 639 2902 698 agnoscens,
2941 629 3160 689 sumpto
3189 632 3276 681 eo,
3311 629 3433 668 mox
3471 622 3530 665 ut

1957 727 2092 781 vidit
2121 728 2172 779 in
2211 739 2325 786 ore,
2366 710 2652 776 exsultans
2678 730 2731 773 et
2764 716 3009 787 gaudens
3042 712 3110 777 ad
3144 710 3382 763 latebras
3402 719 3532 758 suas

1956 816 2202 871 recessit.
2251 812 2361 865 lloe
2410 809 2573 863 modo
2601 817 2655 863 ct
2707 806 2977 861 Dorothea
3025 802 3222 857 mulier
3268 797 3533 852 Callinico

1963 910 2072 963 tilio
2101 923 2203 962 suo
2236 914 2358 975 post
2388 902 2724 959 dracontalis
2753 898 3044 972 geniminis
3068 897 3296 957 exitum,
3333 891 3535 962 sospite

1962 1016 2085 1053 mox
2121 1007 2358 1066 recepto,
2389 1009 2516 1049 cum
2539 1009 2603 1050 eo
2625 994 2832 1062 gratias
2858 988 3187 1047 sanantibus
3223 986 3368 1039 hunc
3394 997 3533 1042 mar-

1962 1092 2177 1163 tyribus
2208 1089 2510 1143 concinens
2538 1097 2591 1141 et
2609 1085 2917 1147 exsultans,
2940 1081 3161 1137 domum
3189 1093 3316 1133 cum
3341 1073 3539 1144 gaunio

1963 1182 2249 1237 remeavit.
2301 1178 2475 1233 Porro
2509 1178 2823 1240 multitudo,
2855 1188 2977 1244 quae
3024 1185 3265 1243 praesens
3325 1166 3537 1225 aderat,

1963 1275 2260 1344 iuspectrix
2294 1272 2505 1327 effecta”
2537 1269 2813 1332 miraculi,
2857 1265 3173 1338 evangelica
3200 1276 3334 1317 voce
3361 1258 3542 1314 conti-

1957 1365 2277 1419 nnocecinit
2300 1380 2313 1415 :
2342 1362 2498 1427 Vere,
2517 1355 2787 1423 dicentes,
2807 1357 3045 1413 vidimus
3062 1352 3331 1408 mirabilia
3359 1347 3539 1402 hodie.

1957 1455 2040 1509 0h
2055 1470 2196 1523 quae,
2218 1454 2383 1508 Deum
2400 1461 2451 1507 et
2474 1462 2769 1522 martyras,
2788 1457 2848 1503 nt
2868 1456 2983 1503 erat
3001 1443 3260 1516 possibile
3275 1437 3546 1496 collauda-

1962 1548 2057 1600 vit.
2092 1546 2226 1599 Cum
2243 1560 2347 1615 qua
2365 1552 2419 1599 et
2448 1558 2571 1608 nos,
2598 1540 2923 1597 decentihns
2939 1536 3162 1591 Christo
3191 1531 3301 1587 Deo
3333 1537 3528 1583 nostra

1965 1638 2221 1692 laudibus
2276 1636 2597 1704 sanctisque
2628 1632 2803 1703 ipsius
2860 1630 3061 1684 oblatis
3099 1622 3457 1694 martyribus,
3482 1618 3547 1671 ad

1968 1727 2258 1796 propositae
2281 1727 2603 1780 intentionis
2631 1722 3050 1794 properabimus
3081 1715 3544 1785 supplementum.

285 1826 564 1897 εὐφημίας
587 1826 806 1897 Χριστῷ
833 1827 910 1896 τῷ
939 1825 1057 1895 Θεῷ
1101 1825 1259 1897 ήμῶν
1299 1827 1390 1876 καὶ
1421 1827 1531 1885 τοῖς
1554 1823 1730 1889 ἁγίοις
1762 1817 1926 1872 αὐτοῦ
1959 1821 2343 1889 προσοίσαντες
2406 1819 2700 1888 μάρτυσιν,
2756 1815 2891 1886 πρὸς
2946 1812 3046 1883 τὴν
3110 1808 3204 1863 τοῦ
3268 1802 3554 1877 προτεθένι-

286 1938 383 1984 τος
404 1920 610 1975 σκοποῦ
645 1919 936 1991 βαδιοῦμεν
969 1920 1339 1990 ἐκπλήρωσιν.

285 2048 412 2098 ΛΕ’.
442 2047 577 2113 Περὶ
606 2044 896 2113 Θεοφίλου
923 2042 1026 2094 τοῦ
1059 2039 1176 2113 ἀπὸ
1199 2040 1445 2113 μαγείας·
1464 2032 1861 2096 συνδεθέντος

1990 2042 2186 2098 (XXV.
2255 2042 2328 2097 De
2384 2039 2667 2113 Theophila
2729 2038 2820 2113 qui
2887 2054 2918 2089 a
2982 2036 3158 2105 magia
3214 1992 3457 2083 mamian
3503 2035 3551 2080 et

640 2107 745 2178 τάξ
766 2112 968 2182 χεῖρας
998 2112 1092 2164 καί
1128 2109 1267 2174 τοὺς
1301 2107 1509 2172 πόδας.

363 2209 686 2279 Θαυμαστὸς
722 2209 749 2259 ὁ
780 2206 1036 2276 θεόφιλος
1058 2202 1295 2273 ἀληθῶς,
1319 2205 1409 2255 καὶ
1434 2200 1742 2271 θαυμαστὸν
1774 2197 1867 2251 καὶ

284 2305 355 2357 τὸ
407 2300 528 2355 κατ’
564 2300 726 2353 αὐτόν
774 2301 894 2350 ἐστι
925 2297 1210 2366 διήγημα·
1263 2294 1357 2346 καὶ
1392 2293 1531 2361 τάχα
1580 2288 1668 2341 διὰ
1713 2285 1869 2337 τοῦτο

287 2395 603 2448 τελευταῖον
652 2394 785 2462 ἡμῖν
826 2390 1017 2443 ἑαυτὸν
1050 2387 1387 2458 διετήρησεν,
1428 2383 1624 2453 μᾶλλον
1670 2380 1726 2432 δέ
1771 2378 1868 2435 οὐκ

286 2487 459 2551 αὐτὸς
483 2485 675 2539 ἑαυτὸν
701 2483 826 2536 ὕστε
837 2499 928 2553 ρον
952 2482 1178 2551 ἤγαγεν,
1201 2478 1316 2532 ἀλλ’
1344 2477 1393 2529 oi
1424 2474 1716 2540 θαυμάσιοι
1740 2470 1872 2539 μάρ-

288 2596 476 2649 τυρες.
508 2576 831 2629 Τελευταῖον
870 2574 927 2626 δὲ
961 2572 1131 2643 μόνον
1189 2569 1296 2623 τῶν
1339 2568 1424 2620 ἐπ’
1468 2560 1873 2633 Ἀλεξανδρεῦσι.

287 2672 615 2744 γραφέντων
646 2669 971 2738 εἰρήκαμεν,
1004 2666 1093 2719 ἵνα
1135 2665 1229 2718 καὶ
1266 2662 1334 2715 τὰ
1374 2659 1716 2731 προλαϐόντα
1747 2654 1876 2709 θαύ-

294 2782 443 2837 ματα
474 2761 889 2821 καλλωπίσειεν,
908 2759 1004 2813 καὶ
1032 2755 1298 2818 πλουσίως
1331 2751 1597 2829 εὐφραίνῃ
1623 2748 1717 2802 καὶ
1739 2748 1872 2817 λαμ·

291 2856 453 2927 πρὼς
492 2855 613 2917 τοὺς
645 2850 963 2912 ἀκούοντας,
1001 2848 1096 2901 καὶ
1120 2847 1258 2917 πρὸς
1284 2844 1446 2897 αὑτὸν
1477 2842 1564 2895 ἀεὶ
1589 2841 1697 2893 πᾶν
1721 2838 1750 2891 ὃ
1773 2839 1875 2908 ἐμο

297 2946 606 3016 πεφόρευτο
639 2942 824 3011 ἐτέρου
854 2940 1040 3009 γραφῇ
1071 2939 1145 3007 μὴ
1183 2935 1534 3006 σκεπόμενος.
1572 2931 1880 2999 Ἀγασάμε-

292 3056 385 3092 vat
416 3037 593 3090 τοίνυν
645 3034 741 3087 καὶ
779 3034 942 3101 ἡμεῖς
982 3028 1143 3084 αὐτὸν
1193 3027 1293 3098 τῆς
1330 3025 1617 3088 συνέσεως,
1660 3021 1728 3074 τὰ
1758 3018 1879 3073 κατ’

295 3129 466 3185 αὐτὸν
504 3125 862 3196 διηγούμεθα,
918 3123 1184 3192 στέφανον
1229 3120 1393 3174 αὑτὸν
1432 3115 1742 3185 θαυμαστὸν
1771 3115 1881 3176 τοῖς

297 3222 699 3293 προγραφεῖσιν
723 3217 1037 3285 ἐπάγοντες·
1075 3213 1131 3267 '0
1148 3213 1242 3277 τῆς
1273 3208 1681 3282 μισανθρωπίας
1704 3205 1883 3275 πατὴρ

298 3300 403 3369 καὶ
432 3314 530 3381 τῆς
567 3310 921 3382 μισαδελφίας
948 3305 1286 3368 διδάσκαλος,
1318 3306 1347 3357 ὁ
1373 3303 1431 3369 ἐξ
1464 3304 1640 3372 ἀρχῆς
1674 3298 1881 3366 πλανή-

2023 2165 2027 2169 .
2443 2111 2660 2181 pedibus
2692 2112 2896 2163 vinctus
2922 2115 3020 2161 est.

2041 2210 2307 2264 Min-abitis
2337 2224 2486 2285 ‘vere
2541 2204 2903 2275 Theophilus,
2952 2198 3222 2255 mirabilis
3276 2203 3359 2251 est
3402 2191 3555 2250 etde

1971 2304 2092 2373 ipso
2118 2301 2380 2354 narratio.
2432 2299 2497 2352 Et
2547 2298 2690 2352 forte
2724 2295 2936 2350 idcirco
2971 2292 3337 2347 novissimum
3395 2286 3552 2341 nobis

1973 2409 2095 2449 sese
2142 2392 2409 2456 servavit,
2462 2391 2571 2444 imo
2636 2404 2745 2442 non
2803 2387 2920 2458 ipse
2977 2400 3035 2440 se
3078 2384 3255 2453 ipsum
3308 2389 3556 2449 pastmov

1974 2481 2103 2535 dum
2135 2480 2337 2541 intulit,
2374 2478 2468 2534 sed
2496 2475 2774 2530 mirabiles
2809 2473 3008 2530 sancti.
3059 2468 3427 2524 Novissimum
3461 2478 3558 2516 au-

1977 2581 2082 2626 tem
2129 2572 2279 2623 illum
2307 2585 2498 2624 eorum
2528 2569 2801 2622 duntaxat
2856 2582 2981 2622 esse
3034 2560 3434 2633 perhibnimus.
3462 2555 3558 2623 (Ιηί

1979 2663 2122 2717 inter
2155 2661 2560 2717 Alexandrinos
2590 2661 2855 2730 descripti
2895 2665 3045 2719 sunt,
3076 2666 3135 2709 ut
3159 2663 3213 2709 et
3248 2650 3561 2722 pi‘aaeedeu-

1978 2757 2051 2810 tia
2086 2762 2342 2809 venustet
2392 2754 2684 2818 miracula,
2746 2762 2799 2807 et
2852 2751 3059 2806 clarius
3116 2763 3181 2802 ac
3236 2743 3563 2814 locupletius

1980 2847 2214 2900 Izetificct
2260 2845 2563 2910 audientes,
2600 2850 2656 2899 et
2697 2843 2767 2897 ab
2791 2843 2873 2897 eis
2908 2853 3129 2909 semper
3187 2839 3241 2890 in
3301 2833 3564 2888 memoria

1982 2940 2078 3005 sit,
2111 2938 2340 2992 alterius
2379 2937 2652 3006 scriptura
2682 2934 2907 2988 minime
2935 2939 3136 2987 tectus.
3166 2928 3428 2983 Mirantes
3461 2925 3564 2995 igi-

1984 3044 2074 3087 tur
2097 3041 2149 3085 et
2173 3046 2272 3085 nos
2297 3029 2623 3099 sapientiam
2663 3027 2805 3096 ejus,
2858 3040 2980 3095 qua1
3033 3024 3178 3080 circa
3231 3035 3356 3075 eum
3414 3024 3567 3089 gesta

1983 3130 2113 3177 sunt
2145 3119 2559 3182 enarrabimus,
2595 3132 2859 3171 coronam
2913 3115 3066 3169 illum
3123 3110 3431 3165 mirabilem
3482 3107 3569 3160 his

1985 3230 2107 3283 quae
2133 3212 2454 3282 praescripta
2486 3217 2617 3265 sunt
2641 3209 3017 3264 conferentes.
3049 3204 3100 3260 ιε
3125 3204 3216 3274 qni
3243 3210 3328 3259 est
3378 3202 3569 3254 huma-

1984 3306 2173 3360 nitatis
2204 3306 2313 3359 odii
2349 3311 2523 3373 pater,
2556 3309 2610 3357 et
2643 3286 2947 3355 inimicitia
3008 3296 3370 3352 fraternitatis
3398 3292 3537 3361 magi
3558 3320 3571 3330 -

303 3424 410 3470 σας
434 3406 522 3459 τὸν
542 3404 849 3476 ἄνθρωπον,
875 3401 970 3455 καὶ
997 3398 1202 3469 γυμνὸν
1228 3396 1390 3450 αὐτὸν
1417 3395 1477 3447 τὸ
1501 3395 1625 3447 ὅσον
1646 3391 1729 3460 ἐφ’
1753 3393 1880 3444 ἐαυ-

1990 3407 2119 3461 ster,
2147 3397 2240 3463 qui
2272 3396 2339 3448 ah
2368 3394 2526 3447 initio
2554 3393 2770 3462 decepit
2797 3392 3098 3456 hominem,
3125 3389 3217 3460 qui
3247 3402 3372 3442 eum
3395 3399 3573 3454 quan-

300 3498 389 3568 τῷ
424 3496 572 3559 θείας
614 3493 987 3565 ἐργασάμενος
1018 3491 1260 3561 χάριτος,
1300 3489 1365 3556 τῇ
1404 3483 1539 3556 πρδς
1569 3482 1887 3552 ἀνθρώπους

301 3590 491 3661 οἰκείᾳ
543 3588 854 3660 μανίᾳ-και
893 3582 1051 3653 θυμῷ
1091 3581 1167 3652 μὴ
1212 3577 1574 3650 ἀρκούμενος,
1611 3576 1706 3629 καὶ
1737 3574 1889 3635 ὅσαις

302 3683 512 3747 αὐτοὺς
569 3681 862 3741 ἀπαύστως
906 3674 1221 3746 περιϐάλλει
1267 3670 1573 3740 συμφοραῖς
1613 3668 1707 3721 καὶ
1752 3682 1891 3735 συμ-

308 3777 623 3847 πτώμασιν,
654 3774 728 3835 ώς
767 3769 887 3824 Ἰώϐ
915 3785 1079 3838 φησιν
1105 3767 1134 3819 ὁ
1163 3763 1485 3825 θεσπέσιος·
1511 3760 1644 3814 ἀλλὰ
1668 3760 1763 3812 καὶ
1796 3758 1892 3811 αὐ-

305 3869 441 3930 τοὺς
465 3867 550 3920 ἐπ’
567 3863 827 3933 ἀλλήλους
850 3860 1052 3930 ἐγείρει
1071 3855 1410 3927 συχνότερον,
1433 3850 1688 3922 ἐμϐαλὼν
1711 3851 1893 3913 αὐτοῖς

308 3957 419 4027 τῆς
453 3953 617 4008 αὐτοῦ
677 3948 1086 4022 μισανθρωπίας
1124 3946 1193 4000 τὰ
1238 3947 1554 4014 σπέρματα,
1587 3940 1661 4002 ὡς
1692 3940 1785 3992 καὶ
1816 3940 1896 4000 είς

310 4045 570 4102 τοσοῦτον
624 4044 821 4103 αὐτοὺς
873 4038 1084 4092 ἐκκαίει
1142 4036 1279 4108 πρὸς
1336 4034 1435 4105 τὴν
1496 4031 1739 4100 ἀλλήλων
1788 4030 1897 4082 ἅπ-

318 4139 563 4211 έχθειαν,
592 4136 667 4198 ὡς
692 4135 785 4189 καὶ
814 4133 976 4187 αὑτὸν
1005 4128 1278 4201 αἱρεῖσθαι
1303 4127 1401 4199 τῆς
1430 4125 1638 4187 οἰκείας
1680 4123 1899 4195 μήνιδος

329 4231 643 4302 σύμμαχον,
672 4227 765 4281 καλ⁸
799 4222 1049 4296 πρώτους
1080 4221 1307 4285 ἑαυτοὺς
1351 4219 1609 4290 βλάπτειν
1641 4217 1709 4270 τὰ
1746 4215 1902 4285 μέγι-

310 4342 424 4380 στα
443 4322 639 4393 (ψυχῆς
650 4319 757 4390 γὰρ
773 4320 802 4372 ὁ
815 4317 1043 4380 θάνατος
1055 4315 1298 4368 τίκτεται
1313 4310 1422 4384 [ἐκ]
1435 4312 1532 4382 τῆς
1549 4311 1683 4379 πρὸς
1695 4310 1902 4363 ἐκεῖνον

311 4418 646 4489 συμϐάσεως
673 4416 717 4485 ),
749 4415 844 4469 καὶ
868 4411 1013 4466 οὕτω
1037 4411 1164 4474 τοὺς
1192 4409 1453 4478 ἀδελφοὺς
1471 4405 1563 4489 οὓς
1590 4405 1807 4474 ἀγαπᾷν
1829 4403 1904 4466 ὡς

310 4478 547 4573 ἑαυτοὺς
576 4478 921 4579 προσετάχθη
929 4521 1047 4574 μεν.
1470 4478 1484 4493 λ

396 4690 597 4745 Τοΰτὸν
640 4704 784 4751 τινες
834 4683 1090 4753 ἀδικῆσαι
1132 4680 1393 4749 Θεόιριλον
1438 4677 1713 4739 θέλοντες,
1751 4667 1795 4742 ᾧ
1824 4675 1905 4727 οί-

315 4780 625 4838 κειώσαντο
651 4775 788 4848 μετὰ
809 4776 906 4843 τῆς
936 4771 1102 4827 αὐτοῦ
1134 4770 1375 4840 πονηρᾶς
1403 4765 1776 4838 προαιρέσεως
1797 4780 1810 4794 ·
1838 4765 1906 4836 ἣν

316 4874 611 4931 ἐκτελέσαι
646 4869 1037 4932 σπουδάζοντες
1066 4863 1261 4937 βοηθὸν
1294 4860 1458 4916 αὐτὸν
1484 4860 1621 4931 πρὸς
1650 4858 1746 4929 τὴν
1783 4859 1903 4911 ἐπι-

318 4964 528 5035 ϐουλὴν
561 4960 907 5031 ἐπεσύροντο.
922 4957 983 5011 '0
1007 4955 1064 5009 δὲ
1096 4953 1338 5014 πεισθεὶς
1377 4952 1497 5014 ταῖς
1536 4950 1761 5019 μιαραῖς
1805 4946 1905 4999 αύ-

318 5056 439 5110 τῶν
463 5051 837 5120 ἐπικλήσεσιν,
861 5048 921 5101 οὐ
956 5044 1192 5117 μετρίως
1225 5041 1428 5097 ἐκάκου
1487 5038 1575 5094 τὸν
1596 5037 1903 5109 ἄνθρωπον,

318 5149 518 5221 χεῖρας
544 5142 635 5197 καὶ
664 5141 833 5203 πόδας
863 5137 1130 5207 συνδήσας
1154 5133 1249 5188 τοῦ
1281 5132 1553 5202 σώματος,
1586 5129 1676 5183 καὶ
1706 5128 1907 5190 δειναῖς

320 5206 587 5305 ἕλγηδόσι
642 5230 927 5302 βαστάζων
1103 5225 1312 5297 ἤθελεν,
1359 5222 1454 5277 καὶ
1486 5222 1628 5292 τάχα
1654 5220 1754 5289 οὐχ
1782 5206 1923 5273 ὅσοι(

320 5324 524 5395 ἢθελεν
572 5322 666 5376 καὶ
693 5319 952 5392 ἠϐούλετο
978 5317 1177 5389 (ἀνεῖλε
1213 5316 1317 5386 γὰρ
1349 5314 1511 5368 αὐτὸν
1550 5315 1601 5367 εί
1630 5311 1906 5382 ἠδύνατο),

320 5412 449 5471 ἀλλ’
461 5415 583 5471 ὅσον
603 5412 758 5480 ἁνιᾷν
777 5409 912 5480 πρὸς
929 5406 1063 5460 Θεοῦ
1089 5402 1566 5476 συνε[κε]χώρητο.
1585 5400 1764 5454 Ἀλλἰ5
1784 5400 1915 5453 Θεό-

322 5504 487 5575 φιλος
512 5502 610 5573 τὴν
639 5500 815 5554 αἰτίαν
833 5497 1042 5567 ἀγνοῶν
1062 5494 1156 5550 τοῦ
1184 5496 1311 5565 νοσή
1322 5510 1511 5564 ματος,
1544 5491 1666 5554 τοὺς
1694 5491 1912 5561 ἰατροὺς

328 5595 752 5668 μετεπέμπετο,
788 5591 882 5644 καὶ
940 5588 1150 5659 βοηθεῖν
1193 5587 1267 5650 ὡς
1320 5585 1505 5647 σθένος
1549 5584 1780 5649 ἱκέτευε,
1817 5585 1911 5636 καὶ

326 5684 531 5750 σώζειν
568 5683 643 5746 ὡς
677 5683 841 5751 τάχος
872 5680 1079 5744 ἐδέετο,
1116 5678 1282 5748 ἀργὸν
1316 5678 1409 5731 καὶ.
1434 5676 1689 5747 ἀκίνητον
1717 5675 1907 5742 κείμε-

444 5864 489 5897 ³⁷
519 5861 624 5919 Job
653 5848 743 5928 ιιι,
776 5877 880 5927 λιι,
910 5855 1130 5927 passim.

1991 3501 2103 3541 tum
2167 3488 2221 3540 in
2279 3501 2339 3542 se
2401 3485 2504 3538 fuit
2560 3482 2745 3537 divina
2791 3483 2967 3554 gratia
3022 3481 3207 3542 exuit,
3254 3475 3473 3548 prepria
3523 3482 3578 3526 et

1994 3578 2288 3632 furibunda
2361 3577 2414 3629 in
2493 3574 2744 3629 homines
2827 3574 3082 3628 detentus
3157 3567 3407 3625 insania,
3465 3582 3570 3617 non

1993 3670 2168 3722 solum
2219 3665 2431 3735 magnis
2474 3665 2821 3719 incessanter
2877 3676 2974 3717 eos
3031 3658 3194 3714 allicit
3243 3657 3463 3712 ensibus
3525 3662 3579 3707 et

1993 3758 2428 3820 calamitatibus,
2493 3754 2954 3826 quemadmodum
2999 3752 3103 3806 Job
3131 3751 3205 3804 ait
3236 3748 3490 3819 egregius
3512 3747 3575 3808 ³⁷,

1997 3851 2089 3909 sed
2153 3860 2207 3905 et
2267 3850 2394 3904 illos
2439 3849 2710 3902 adversus
2764 3861 2823 3901 se
2876 3845 3110 3899 invicem
3180 3840 3433 3896 crebrius
3467 3839 3577 3891 cri-

1995 3941 2095 4010 git,
2145 3939 2442 3992 imminens
2487 3938 2631 3991 inter
2669 3949 2765 3992 eos
2799 3949 2899 3990 sua
2941 3933 3189 3988 homines
3214 3928 3453 3986 odii-utin
3494 3944 3579 3980 sc-

2000 4032 2188 4096 mina;
2245 4029 2337 4097 qui
2389 4029 2557 4084 etiam
2606 4042 2702 4083 eos
2735 4027 2875 4083 adeo
2920 4025 3207 4081 succendit
3239 4021 3309 4075 ad
3336 4031 3580 4073 Inntuaul

2000 4120 2361 4180 inimicitiam,
2404 4128 2464 4173 ut
2535 4128 2592 4173 et
2632 4119 2750 4190 ipse
2805 4133 3021 4189 quoque
3071 4116 3362 4170 multoties
3419 4114 3587 4181 eliga-

2005 4221 2095 4268 tur
2134 4213 2339 4284 proprii
2399 4211 2602 4269 t‘umris
2631 4213 2927 4266 auxiliator
2974 4211 3044 4266 ah
3094 4209 3180 4264 his
3206 4209 3300 4279 qui
3327 4207 3500 4276 primo
3528 4222 3587 4258 se

2004 4306 2156 4375 ipsos
2204 4304 2440 4359 maxime
2496 4303 2701 4359 laedunt
2752 4302 2980 4373 (annuae
3028 4302 3234 4372 quippe
3284 4314 3430 4352 mors
3485 4314 3581 4349 ua-

2008 4397 2182 4451 scitur
2236 4411 2267 4451 e
2316 4397 2684 4451 conventione
2724 4411 2847 4463 qua:
2900 4409 3025 4449 eum
3084 4393 3204 4462 ipso
3259 4389 3585 4453 ςοιιίίι·ἰιιιι·)

2006 4495 2061 4540 et
2087 4487 2166 4541 sic
2201 4482 2416 4551 fratres,
2469 4500 2608 4555 quos
2648 4484 2876 4555 diligere
2914 4485 3057 4539 sicut
3088 4499 3188 4538 nos
3221 4485 3368 4556 ipsos
3402 4495 3590 4535 sunms

2008 4577 2284 4647 pramepti.

2081 4664 2241 4721 Hunc
2298 4664 2541 4735 quidam,
2587 4663 2897 4734 opprimere
2954 4662 3319 4733 Theophilum
3385 4662 3588 4733 injuste

2011 4758 2281 4818 volentes,
2329 4764 2387 4810 ut
2438 4767 2728 4827 patronum
2782 4756 3061 4827 proprium
3114 4756 3386 4812 asciscere
3432 4769 3591 4808 cura-

2015 4859 2228 4913 verunt,
2263 4864 2386 4904 cum
2439 4849 2613 4919 ipsius
2667 4848 2857 4919 iniquo
2911 4848 3213 4918 proposito,
3257 4846 3403 4917 quod
3454 4859 3588 4900 con-

2013 4953 2291 4996 somniare
2342 4945 2674 5008 satageutes,
2716 4936 3016 5006 adiutorem
3061 4936 3211 4990 illum
3254 4936 3320 4990 ad
3363 4935 3591 4990 insidias

2014 5037 2381 5087 attraxerant.
2420 5031 2490 5082 At
2533 5028 2625 5083 ille
2670 5027 2834 5084 fmdis
2873 5026 3328 5083 advocationibus
3371 5041 3588 5097 parens,

2015 5136 2124 5178 non
2177 5119 2530 5177 mediocriter
2584 5118 2864 5175 hominem
2929 5118 3234 5189 atlligebat.
3287 5133 3484 5175 manus
3539 5127 3592 5173 et

2018 5214 2184 5288 pedes
2211 5213 2462 5284 corporis
2494 5215 2766 5281 vinciens,
2805 5213 3050 5286 dirisque
3083 5215 3368 5271 doloribus
3396 5215 3590 5269 verbe-

2018 5320 2170 5370 rans,
2207 5311 2268 5359 ut
2305 5301 2557 5369 volebat;
2608 5312 2662 5359 et
2702 5302 2845 5358 forte
2891 5318 3001 5359 non
3048 5313 3314 5374 quantum
3354 5302 3592 5365 volebat,

2020 5399 2105 5454 vel
2137 5396 2448 5468 appetebat,
2486 5410 2610 5450 nam
2643 5395 2937 5466 perimeret
2981 5396 3134 5451 illum
3172 5395 3219 5451 si
3255 5405 3464 5466 posset,
3497 5395 3592 5450 sed

2020 5500 2285 5559 quantum
2338 5486 2589 5543 cruciare
2647 5502 2675 5540 a
2728 5485 2838 5540 Deo
2896 5486 3331 5555 permittebatur.
3395 5484 3593 5540 Verum

2018 5581 2357 5652 Theophilus
2411 5593 2634 5635 causam
2694 5579 2973 5646 languoris
3023 5579 3303 5648 ignorans,
3357 5578 3597 5634 medicus

2019 5672 2375 5735 accersit-bat,
2419 5680 2474 5728 et
2523 5662 2784 5742 arﬁuvare
2828 5679 3092 5742 quantum
3148 5671 3289 5726 vires
3339 5681 3596 5742 suppete-
