4002 6312
296 369 445 434 3545

1299 370 1402 429 SS.
1435 369 1608 429 CYRI
1652 370 1745 428 ET
1785 370 2106 430 JOANNIS
2141 372 2553 433 MIRACULA.

3420 375 3558 440 3'5?»

294 498 454 550 γημα
484 496 497 509 ’
539 478 660 531 οὔτε
707 477 1005 546 νομοθέτην
1055 478 1268 531 ἀστεῖον
1323 483 1415 531 καὶ
1469 478 1619 547 παρὰ
1674 480 1861 539 πάντας

1983 480 2127 537 cium
2186 484 2330 551 quod
2379 496 2495 537 erat
2551 484 2891 539 simillimum
2941 483 3121 539 laanis
3171 493 3226 539 et
3277 485 3560 556 Manbris,

297 573 606 643 πραότερον
634 568 977 640 ἀνθρώπους,
1011 570 1085 632 ὠς
1120 570 1405 633 δέδεικται,
1437 570 1551 623 ἀλλ’
1578 571 1777 639 ἄνομόν
1822 588 1874 623 τι

294 667 393 717 καὶ
417 664 735 733 δαιμονικῆς
758 663 1081 733 ἀγριότητος
1114 663 1216 733 κύη
1230 682 1320 716 αα.
1355 665 1529 732 ’Ὅπερ
1560 666 1587 716 ὁ
1620 664 1875 727 ἀλιεύσας

291 756 507 823 ἀγνοῶν
533 794 547 816 ,
573 755 667 807 καὶ
699 756 794 808 σὺν
825 753 974 823 αὑτῴ
1006 754 1167 807 πάλιν
1197 756 1225 807 ὁ
1250 755 1550 824 ἄρρωστος,
1605 754 1732 824 περὶ
1776 753 1876 818 τῆς

287 847 465 916 θήκης
484 847 767 915 ἐμάχοντο,
785 847 810 898 ὁ
830 846 947 914 μὲν.
971 846 1045 907 ὡς
1071 846 1143 897 Οὑ
1166 844 1344 913 θίϐην,
1370 845 1562 912 λέγων,
1584 844 1696 897 ἀλλ’
1727 844 1876 913 ἰχθὺν

288 937 659 1007 ἀνερχόμενον
717 937 1016 1004 πέπρακα’
1076 938 1104 988 ὁ
1155 936 1210 988 δὲ
1264 936 1455 998 νοσῶν,
1496 936 1571 1001 ὠς
1609 938 1669 989 οὑ
1714 939 1875 1005 μόνον

289 1028 468 1096 ίχθὺν,
500 1027 637 1080 ἀλλὰ
663 1028 756 1080 καὶ
790 1027 820 1081 ὃ
850 1027 896 1081 δ’
923 1028 989 1081 ἂν
1015 1027 1227 1080 ἀνέλθοι
1273 1028 1494 1097 φάσκων
1530 1028 1867 1096 ὠνήσασθαι.

287 1120 513 1173 Ἐτικτε
531 1121 637 1190 γάρ
668 1121 848 1182 αὑτοῖς
875 1121 937 1172 οὑ
961 1120 1119 1189 μόνον
1141 1122 1172 1189 ἡ
1198 1120 1321 1189 θίϐη
1348 1120 1437 1172 τὸν
1462 1121 1698 1188 πόλεμον
1729 1119 1872 1189 ἔχειν

283 1227 342 1263 τι
388 1210 496 1262 τῶν
530 1210 843 1278 ἀναγκαίων
882 1210 1029 1263 ἔνδον
1081 1211 1444 1281 ἐμφαίνουσα,
1507 1210 1644 1263 ἀλλά
1692 1210 1784 1263 καὶ
1837 1211 1870 1281 ἡ

287 1300 583 1371 περίεργος
621 1300 823 1371 ταύτης
869 1301 1158 1368 ἀσφάλεια.
1204 1303 1280 1354 Οὑ
1309 1302 1471 1371 μόνον
1508 1302 1618 1371 γὰρ
1649 1299 1869 1353 κλειδὼ-

284 1404 411 1441 σεσι
459 1390 873 1460 περιέσςριγκτο,
922 1390 1059 1443 ἀλλὰ
1088 1390 1182 1442 καὶ
1210 1391 1471 1461 σφραγῖσι
1529 1387 1861 1459 μολιϐδίναις

279 1483 305 1531 ἑ
317 1481 587 1549 στόμωτο.

1982 586 2161 639 neque
2236 572 2602 639 legislatorem
2684 573 3185 643 elegantissimum,
3263 588 3317 629 et
3395 594 3560 645 super

1983 676 2178 717 omnes
2253 663 2502 719 homines
2560 666 3101 728 mansuetissimum,
3157 666 3252 720 sed
3309 667 3555 736 iniquum

1980 751 2111 819 quid
2140 762 2193 806 et
2226 753 2542 808 daemonica:
2590 754 2822 809 feritatis
2853 756 3129 824 genimrn.
3168 754 3323 820 Quod
3375 760 3555 827 pisca-

1984 848 2070 892 tor
2107 850 2161 894 et
2203 856 2326 895 cum
2372 858 2437 894 eo
2482 859 2674 899 rursus
2720 845 2967 898 inﬁrmus
3006 845 3342 912 ignorantes,
3393 862 3557 916 Super

1987 928 2244 982 ﬁscellam
2306 939 2495 985 mutuo
2552 933 2900 997 rixabantur;
2961 935 3097 987 alter
3145 934 3364 1003 quidem
3412 937 3558 1006 quod

1984 1032 2093 1070 non
2147 1018 2431 1084 ﬁscellam,
2470 1021 2563 1075 sed
2628 1022 2829 1088 piscem
2880 1023 2970 1089 qui
3029 1030 3175 1076 esset
3228 1038 3560 1078 ascensurus

1980 1109 2294 1165 vendiderit
2345 1113 2564 1178 dicens;
2608 1116 2745 1168 alter
2788 1128 2941 1175 vero.
3000 1113 3054 1167 id
3113 1104 3197 1168 est
3245 1115 3554 1184 languidus,

1989 1201 2134 1269 quod
2162 1218 2267 1256 non
2287 1206 2465 1259 solum
2486 1207 2710 1275 piscem,
2733 1209 2825 1263 sed
2843 1216 2895 1261 et
2914 1207 3176 1277 quidquid
3196 1224 3553 1263 ascensurum

1985 1290 2331 1348 foretenierit
2346 1311 2669 1354 asseverans
2690 1317 2703 1352 :
2724 1301 2969 1369 pariebat
2987 1302 3133 1353 enim
3154 1300 3233 1353 eis
3255 1301 3405 1354 litem
3445 1315 3550 1353 non

1979 1384 2157 1437 solum
2202 1386 2428 1453 iiscella,
2456 1405 2576 1458 qua:
2617 1390 2816 1445 habere
2860 1406 2919 1444 se
2951 1390 3082 1459 quid
3117 1391 3554 1445 necessariorum

1974 1474 2321 1534 intrinsecus
2351 1484 2696 1548 ostendebat,
2733 1483 2826 1538 sed
2852 1493 2905 1538 et
2926 1483 3367 1537 curiosissimum
3387 1481 3555 1550 hujus

280 1574 589 1638 munimen,
619 1588 726 1627 non
759 1571 940 1628 solum
973 1573 1176 1644 quippe
1209 1573 1381 1627 clavis
1417 1568 2052 1647 circumgstringebatur,
2086 1572 2179 1625 sed
2211 1581 2264 1627 et
2294 1575 2592 1644 signaculis
2621 1579 2890 1647 plumbeis
2920 1578 3331 1633 obstruebatur.

369 1666 457 1730 Ὧς
486 1666 530 1719 δ’
555 1666 646 1719 ἐπὶ
672 1667 807 1720 πολὺ
838 1668 1343 1738 φιλομαχησάμενοι
1371 1668 1576 1721 πείθειν
1602 1644 1865 1736 ἀλλήλους

276 1761 386 1813 οὑκ
427 1759 632 1829 ἴσχυον,
673 1760 795 1813 οὑδὲ
829 1761 990 1813 πάλιν
1023 1761 1375 1832 παραχωρεῖν
1410 1760 1663 1831 ἀλλήλοις
1711 1760 1862 1829 ἠνεί-

2041 1666 2288 1736 Cumque
2330 1669 2537 1723 diutius
2574 1670 2780 1740 jurgati
2822 1670 2961 1741 [cod.
2998 1669 3298 1741 objurgati]
3332 1671 3554 1739 acquie-

1971 1768 2125 1810 scere
2170 1765 2363 1813 mutno
2416 1760 2637 1814 minime
2680 1761 3014 1826 valuissent,
3066 1760 3158 1813 sed
3211 1774 3313 1813 nec
3362 1760 3556 1815 cedere

277 1867 463 1920 χοντο,
683 1849 773 1902 τὸν
815 1826 1209 1919 οίκονομοῦντα
1237 1826 1299 1903 τὸ
1337 1826 1561 1919 τέμεθνς
1594 1826 1861 1921 ἔρχονται,

1969 1849 2166 1903 iterum
2233 1853 2465 1907 invicem
2521 1855 2915 1922 pertulissent,
2987 1856 3054 1909 ad
3113 1855 3551 1924 dispensatorem
3610 1844 3617 1853 ’

280 1944 478 2015 κριτὴν
505 1944 666 1998 αὑτὸν
692 1943 792 2013 τῆς
824 1944 978 2014 δίκης
1024 1944 1337 2014 ληψόμενοι.
1387 1944 1444 1997 '0
1462 1944 1517 1998 δὲ
1544 1947 1656 1999 τοῖν
1683 1945 1863 2013 ἀμφο-

276 2038 464 2107 τέροιν
509 2035 689 2105 λόγοιν
739 2034 1062 2105 πυθόμενος,
1099 2035 1157 2087 οὐ
1214 2035 1481 2105 πρότερον
1534 2034 1633 2104 τὴν
1688 2034 1865 2102 ψῆφον

276 2131 547 2199 ἠνείχετο,
568 2118 629 2180 Εἰ
651 2126 726 2197 μὴ
747 2125 845 2196 τὴν
871 2125 1079 2196 χειλέον
1097 2126 1313 2192 ἀνοίξει),
1336 2127 1518 2196 φησὶν,
1546 2126 1639 2178 καὶ
1662 2125 1866 2194 ταύτης

277 2219 433 2272 ἔνδον
466 2217 747 2286 θεάσομαι.
799 2215 1041 2281 Ἀνοίξας
1074 2211 1165 2268 οὖν
1209 2216 1429 2270 πάντων
1458 2217 1516 2267 ἐν
1546 2216 1731 2286 ὄψεσιν
1770 2218 1867 2269 σὺν

277 2312 439 2380 κόπῳ
469 2309 648 2380 πολλῷ
674 2309 735 2361 τὸ
757 2307 1030 2370 κιϐώτιον,
1060 2306 1238 2378 θέαμα
1270 2308 1441 2360 δεινὸν
1469 2310 1562 2359 καί⁸
1592 2307 1865 2376 παγχάλε-

281 2420 386 2454 πον
418 2400 693 2472 εὖρισκεν,
731 2402 881 2454 οὐδὲν
924 2395 1000 2453 ὧν
1047 2405 1095 2456 oi
1134 2402 1486 2471 εὑρίσκοντες
1527 2392 1795 2468 ἐνόμιζον,
1830 2400 1861 2469 ἧ

278 2493 482 2555 πάντες
534 2493 583 2546 οἱ
631 2492 982 2562 παρεστῶτες
1030 2493 1123 2547 καὶ
1159 2492 1469 2563 βλέποντες,
1504 2491 1618 2545 ἀλλ’
1648 2492 1785 2560 ὅπερ
1817 2492 1864 2541 οἱ

278 2585 426 2653 ἆγιοι
471 2584 882 2654 φιλανθρωπίας
931 2585 1159 2651 πελάγει
1216 2585 1513 2654 νηχόμενον
1548 2585 1613 2635 ἐκ
1651 2582 1867 2635 κόλπων

279 2674 484 2747 βυθίων
510 2676 807 2746 ἀνήγαγον.
840 2675 1038 2729 Ξὸανον
1066 2672 1134 2746 ἦν
1163 2675 1505 2746 ἀνδρείκελον
1524 2717 1538 2739 ,
1572 2676 1636 2726 ἐκ
1662 2670 1865 2743 χαλκοῦ

277 2768 445 2837 λαχὸν
468 2767 567 2837 τὴν
596 2767 917 2833 ὑπόστασιν,
949 2767 1212 2830 είκονίζον
1249 2769 1431 2837 μορφῇ
1463 2766 1554 2818 τὸν
1584 2763 1864 2833 Θεόφιλον,

276 2861 377 2912 καὶ
420 2859 581 2929 ἥλους
616 2860 741 2911 ποσὶ
772 2860 869 2912 καὶ
902 2859 1060 2929 χερσὶ
1092 2858 1508 2929 καθηλωθέντας
1551 2858 1713 2929 ἔφερε
1742 2856 1864 2909 τέτ-

272 2968 475 3021 ταρας,
501 2953 632 3022 ἧλον
677 2952 792 3015 ἐνὸς
841 2951 964 3004 καθ’
990 2952 1224 3004 ἑκάστου
1277 2949 1473 3021 μέλους
1507 2949 1863 3021 ὑπάρχοντος.

278 3046 464 3114 Ὅπερ
490 3046 539 3096 οἱ
570 3045 835 3114 παρόντες
863 3043 1146 3112 θεώμενοι,
1177 3042 1529 3113 πολυτρόπως
1564 3042 1862 3108 ἐξίσταντο,

274 3134 331 3187 τί
376 3134 421 3187 δ’
444 3131 513 3205 ἦν
539 3135 600 3188 τὸ
633 3135 958 3204 φαινόμενον
986 3135 1087 3188 οὑκ
1116 3135 1414 3202 ἐγίνωσκον
1438 3151 1451 3164 ο
1481 3134 1601 3187 ὅθεν
1645 3133 1862 3187 καὺτῶν
1891 3149 1932 3205 C

278 3226 606 3299 μαχομένων
623 3229 652 3280 ό
674 3226 910 3296 πόλεμος
929 3227 1227 3293 πέπαυται,
1247 3226 1650 3298 φανερωθέντος
1678 3227 1857 3289 αὑτοῖς

274 3315 376 3372 τοῦ
406 3318 742 3389 εὑρήματος.

349 3593 461 3647 Καὶ
510 3592 708 3663 μικροῦ
733 3590 797 3644 ἄν
824 3590 955 3644 αὐτὸ
982 3590 1391 3666 ἐνθαλαττεύειν
1448 3588 1725 3652 ἐνέϐαλον,
1764 3591 1859 3642 καὶ

276 3684 489 3755 κύμασι
521 3687 582 3737 τὸ
603 3683 860 3743 δυσσεϐὲς
886 3681 1131 3752 ἔκρυψαν
1158 3681 1362 3751 θέαμα,
1396 3681 1659 3749 Θεοφίλου
1692 3681 1858 3751 μηδεο

277 3776 411 3845 μίαν
469 3774 720 3846 εὑρόντος
774 3773 1059 3840 ὠφέλειαν,
1112 3775 1160 3824 εί
1206 3772 1281 3841 μὴ
1309 3772 1473 3825 πάλιν
1495 3774 1545 3824 oi
1582 3772 1856 3842 μάρτυρες

272 3867 370 3921 τὸν
401 3867 685 3933 οἰκονόμον
714 3866 1054 3934 κινήσαντες,
1077 3864 1204 3917 τὸτί
1236 3864 1303 3917 ἂν
1325 3860 1437 3916 εἷεν
1467 3865 1517 3916 οἱ
1539 3860 1660 3936 ἧλοι
1691 3862 1855 3932 ζητῆν

276 3973 373 4011 σαι
398 3957 449 4009 οξ
475 3956 929 4026 προσπεπηγότες
979 3956 1234 4025 τέτρασιν
1295 3955 1613 4025 ἀνδριάντος
1635 3958 1747 4017 τοῖς
1768 3957 1859 4025 μέ·

272 4050 427 4102 λεσιν
441 4065 454 4078 ·
476 4048 597 4101 ὅθεν
613 4046 722 4101 τῶν
750 4046 1113 4117 παρεστώτων
1130 4048 1236 4100 τινὶ
1256 4048 1531 4118 ἀποσπᾷν,
1553 4050 1600 4100 εἰ
1616 4047 1853 4112 δύναιτο,

270 4138 402 4201 τοὺς
431 4139 595 4209 ἥλους
627 4138 935 4192 ἐκέλευσεν.
968 4138 1054 4201 Ὠς
1084 4138 1141 4191 δὲ
1161 4130 1252 4192 τὸν
1285 4139 1578 4209 ἀνδριάντα
1631 4139 1859 4208 δεξάμε·

270 4246 366 4292 νος
388 4230 519 4299 ἦλου
542 4246 599 4282 τε
618 4229 711 4283 τοῦ
740 4232 803 4299 τῇ
828 4229 977 4300 δεξιᾷ
998 4232 1142 4300 χειρὶ
1165 4230 1478 4299 πεπηγότος
1492 4230 1853 4301 δραξάμενος,

271 4320 378 4373 σὺν
405 4319 632 4387 δυνάμει
658 4319 825 4388 πολλῇ
860 4319 1049 4388 βιαίως
1073 4321 1305 4383 ἑλκύσας
1322 4319 1613 4390 ἀφήλωσεν
1634 4336 1648 4352 ο
1685 4314 1859 4389 οὗπερ

269 4411 743 4473 ἀποσπασθέντος,
780 4412 811 4481 ἡ
848 4410 995 4475 δεξιὰ
1021 4410 1284 4478 Θεοφίλου
1348 4412 1470 4480 χεὶρ
1525 4409 1689 4472 εὐθὺς
1739 4411 1849 4463 ἀπι-

1972 1938 2158 2007 templi
2211 1949 2497 2008 venerunt,
2548 1942 2694 1997 hunc
2739 1943 2981 2013 judicem
3032 1947 3424 2000 controversia:
3464 1962 3556 2000 ac-

1969 2032 2206 2097 cepturi.
2256 2033 2325 2085 At
2375 2035 2464 2087 ille
2513 2035 2801 2088 amborum
2850 2036 3034 2090 verbis
3081 2037 3399 2105 compertis,
3445 2053 3552 2091 non

1969 2123 2124 2191 prius
2167 2124 2300 2180 dare
2347 2128 2674 2181 sententiam
2726 2124 3057 2198 patiebatur,
3092 2128 3197 2181 nisi
3230 2130 3548 2197 operculum

1970 2230 2278 2284 aperuere,
2336 2218 2549 2286 inquit,
2607 2227 2659 2273 et
2719 2235 2841 2288 qua:
2897 2220 3173 2275 introrsus
3237 2230 3367 2275 sunt
3430 2222 3554 2289 eius

1970 2320 2259 2374 aspexero.
2295 2312 2495 2375 Aperta
2541 2324 2672 2381 ergo
2702 2325 2824 2363 eum
2869 2309 3054 2363 labore
3096 2311 3266 2365 multo
3296 2311 3398 2365 sub
3431 2327 3552 2365 om-

1970 2396 2120 2447 nium
2154 2396 2332 2451 oculis
2376 2399 2585 2461 arcula,
2631 2400 2895 2454 visionem
2937 2409 3177 2455 atrocem
3214 2411 3265 2455 et
3310 2402 3552 2457 saevissi-

1970 2498 2111 2536 mam
2141 2486 2467 2554 reperiebat,
2494 2497 2546 2542 et
2579 2489 2653 2541 nil
2698 2505 2885 2543 eorum
2918 2506 3038 2559 qua:
3074 2490 3127 2543 bi
3165 2491 3257 2558 qui
3294 2488 3549 2561 reppere-

1970 2582 2093 2627 rant
2127 2577 2508 2637 autumabant,
2544 2579 2653 2633 nisi
2704 2580 2848 2648 quod
2908 2595 3101 2635 omnes
3148 2582 3239 2650 qui
3294 2584 3551 2635 astabant

1968 2662 2153 2717 intuiti
2210 2674 2359 2730 sunt,
2406 2670 2662 2738 quodque
2716 2670 2893 2726 sancti
2944 2672 3313 2731 miserationis
3364 2673 3553 2743 pelago

1971 2763 2187 2820 natans,
2239 2772 2269 2811 e
2326 2758 2620 2827 profundis
2678 2760 2895 2816 sinibus
2947 2764 3276 2825 eduxerunt,
3331 2764 3554 2818 simula-

1969 2860 2123 2899 crum
2176 2848 2448 2914 videlicet,
2502 2852 2600 2904 viri
2646 2855 2960 2921 exprimens
3007 2853 3343 2931 formam,et
3384 2856 3551 2908 sorti-

1971 2946 2082 2989 tum
2108 2954 2173 2992 ex
2201 2951 2504 2996 atramento
2548 2946 2940 3009 substantiam,
2968 2955 3019 2999 et
3048 2947 3352 3017 imaginans
3380 2945 3550 3015 ﬁgura

1971 3024 2357 3098 Theophilum,
2385 3044 2439 3088 et
2466 3045 2704 3103 quatuor
2730 3036 2911 3091 ferens
2944 3037 3174 3105 pedibus
3205 3053 3269 3090 ac
3298 3038 3550 3092 manibus

1969 3119 2155 3175 clavos
2183 3121 2400 3186 inﬁxos,
2438 3126 2637 3196 singuli
2671 3127 2815 3181 enim
2849 3128 3081 3197 singulis
3113 3137 3269 3183 erant
3294 3130 3553 3185 membris

1966 3209 2139 3263 inﬁxi.
2167 3211 2320 3276 Quod
2360 3215 2452 3282 qui
2498 3217 2727 3270 aderant
2757 3218 3221 3287 Contemplantes,
3256 3218 3499 3273 uiultil'ar
3521 3237 3552 3273 ιε

1961 3303 2361 3371 stupeﬁebant,
2404 3306 2534 3375 quid
2584 3318 2763 3363 autem
2818 3320 2969 3364 esset
3020 3312 3167 3380 quod
3220 3322 3549 3381 apparuerat

1963 3395 2320 3464 ignorabant;
2375 3398 2519 3452 unde
2557 3408 2612 3453 et
2666 3399 2997 3468 litigantium
3054 3416 3261 3472 pugna,
3294 3417 3419 3457 cum
3467 3405 3550 3458 iu-

1962 3486 2153 3539 ventio
2186 3486 2291 3540 sibi
2323 3489 2692 3567 apparpisset,
2727 3492 2908 3545 soluta
2944 3502 3046 3546 est.

2036 3574 2102 3627 Et
2142 3577 2537 3645 propemodum
2568 3593 2688 3632 eam
2736 3597 2930 3637 rursus
2966 3582 3021 3635 in
3054 3597 3211 3636 mare
3237 3582 3545 3640 demersam

1961 3667 2408 3732 summisissent,
2462 3678 2518 3722 et
2542 3668 2802 3727 ﬂuctibus
2859 3671 3056 3727 foedam
3107 3674 3254 3727 illam
3305 3677 3544 3745 speciem

1960 3757 2369 3821 occultassent,
2423 3757 2730 3829 Theophilo
2789 3763 2998 3817 nullum
3062 3764 3368 3832 reperiente
3416 3781 3575 3837 pro-g

1962 3849 2198 3919 fectum,
2220 3850 2325 3903 nisi
2361 3850 2542 3905 denuo
2572 3861 2841 3923 martyres
2871 3864 3283 3911 commoventes
3323 3857 3544 3927 dispen-

1961 3948 2222 4005 saturem,
2265 3949 2324 3994 ut
2366 3941 2590 4010 quinam
2627 3952 2816 3998 essent
2845 3945 2984 3999 elavi
3013 3955 3281 4015 quaereret
3304 3950 3539 4005 excitas~

1960 4037 2107 4092 sent,
2134 4032 2229 4099 qui
2262 4032 2409 4085 inﬁxi
2437 4042 2678 4101 quatuor
2705 4036 3003 4091 statunculi
3034 4036 3295 4092 membris
3321 4041 3545 4113 exsiste-

1962 4127 2113 4186 rent;
2152 4120 2295 4174 unde
2335 4123 2556 4177 cuidam
2607 4128 2990 4181 assistentium
3041 4128 3211 4198 jussit
3253 4133 3543 4187 extrahere

1960 4213 2168 4279 clavos,
2199 4216 2245 4269 si
2281 4225 2489 4286 posset.
2521 4215 2624 4282 Qui
2653 4233 2777 4273 cum
2805 4221 3179 4276 statunculum
3211 4223 3540 4293 accepisset.
3568 4226 3571 4229 ’

1960 4304 2289 4374 clavumque
2325 4308 2419 4377 qui
2471 4307 2524 4361 in
2576 4309 2802 4364 dextera
2854 4326 3018 4365 manu
3068 4312 3267 4366 inﬁxus
3303 4324 3419 4366 erat
3453 4328 3538 4383 ap-

1960 4396 2369 4465 prehendisset.
2400 4414 2525 4453 cum
2568 4400 2771 4456 virtute
2811 4404 2981 4457 multa
3022 4404 3290 4458 violenter
3328 4405 3541 4458 abstra-

270 4501 484 4568 ελύετο,
516 4502 611 4554 καὶ
638 4504 737 4569 τῆς
771 4472 966 4571 ὀδύνης
999 4502 1090 4555 τὸν
1140 4472 1302 4570 δγκον
1335 4472 1630 4567 ἀπέϐαλλε,
1665 4504 1762 4555 καὶ
1790 4502 1849 4555 τὸ

1969 4499 2104 4543 stum
2126 4492 2314 4558 procul
2337 4493 2611 4558 excussit;
2642 4496 2733 4563 qui
2757 4494 2885 4548 dum
2908 4496 3340 4561 abstraheretur,
3368 4495 3540 4552 Theo-

275 4594 419 4663 μετά
450 4594 547 4662 τῆς
571 4592 729 4661 ὀδύνη
748 4610 762 4645 :
784 4593 1230 4662 ἀκίνητον.“Τότε
1259 4595 1427 4647 πᾶσιν
1457 4593 1706 4663 ἐγνώσθη
1736 4597 1853 4653 τοῖς

271 4682 565 4753 βλέπουσιν
592 4684 626 4753 ἡ
655 4684 736 4744 εἰς
766 4683 930 4735 αὑτὸν
966 4690 1189 4753 μυσαρὰ
1214 4684 1526 4752 περιεργία.
1558 4685 1624 4754 ἢν
1644 4684 1693 4736 οἱ
1725 4683 1851 4754 γόη-

268 4790 369 4836 τες
399 4775 597 4827 ἐκεῖνοι
628 4775 725 4827 σὺν
749 4778 962 4844 μιαροῖς
1004 4778 1097 4827 καὶ
1121 4775 1400 4837 κακίστοις
1423 4774 1676 4845 δαίμοσιν
1710 4775 1850 4844 πρά-

271 4866 489 4931 ξαντες,
538 4866 806 4935 θαλαττίῳ
860 4865 1007 4935 βυθῷ
1073 4866 1149 4929 ὡς
1208 4866 1309 4918 οὑκ
1363 4864 1851 4935 ἁναλυθησομένην

267 4954 549 5010 ἐνέϐαλον.
580 4953 719 5006 Ἀλλ’
754 4955 1002 5018 ἀσθενεῖς
1033 4956 1127 5007 καὶ
1161 4953 1448 5024 μανιώδεις
1479 4954 1849 5023 ἠλέγχθησάν,

266 5043 462 5115 Κύρου
523 5045 709 5113 σαφῶς
751 5045 953 5108 αὐτοὺς
1004 5046 1394 5113 διελέγξαντος,
1453 5046 1548 5098 καὶ
1596 5044 1847 5098 Ἰωάννου

267 5137 370 5191 τοῦ
430 5136 612 5206 Κύρου
664 5138 1056 5208 συμμάρτυρος
1081 5153 1095 5165 ·
1130 5137 1223 5188 καὶ
1256 5136 1533 5199 δείξαντες
1579 5137 1851 5205 ἐναργῶς,

266 5228 352 5289 ὡς
381 5226 532 5279 οὐδὲν
559 5227 738 5279 αὑτῶν
768 5228 876 5279 τῶν
915 5228 972 5279 ἐν
996 5227 1291 5294 κτίσμασιν
1308 5227 1534 5287 ἄϐατον,
1570 5227 1669 5278 οὑκ
1690 5227 1851 5296 οὐρα-

273 5318 386 5381 νὸς,
416 5317 477 5370 ού
506 5320 599 5387 γῆ,
632 5318 733 5371 οὑκ
757 5318 887 5388 ἀὴρ,
921 5318 984 5369 οὑ
1014 5317 1146 5388 πῦρ,
1169 5319 1267 5387 οὑχ
1301 5317 1468 5386 ὓδωρ,
1505 5319 1564 5369 οὑ
1590 5317 1850 5380 θάλαττα,

267 5406 412 5461 ἀλλὰ
474 5408 651 5459 πάντα
707 5406 1019 5477 διέρχονται
1077 5409 1203 5470 τοὺς
1236 5408 1478 5469 εὐσεϐεῖς
1506 5409 1597 5459 καὶ
1624 5410 1849 5471 πιστοὺς

265 5496 652 5561 διασώζοντες.
692 5499 803 5551 Καὶ
846 5498 1018 5551 ταῦτα
1046 5498 1143 5567 μὲν
1175 5497 1384 5567 φανερὰ
1412 5500 1527 5561 τοῖς
1556 5500 1687 5551 πᾶσι
1719 5498 1849 5550 καθ-

269 5594 498 5660 έστηκε,
528 5591 632 5643 κᾶν
666 5592 823 5660 ἡμεῖς
860 5590 933 5660 μὴ
967 5589 1317 5659 κηρύξωμεν.

1961 4581 2096 4652 pbili
2150 4597 2348 4637 manus
2397 4583 2590 4637 dextra
2644 4584 2908 4638 continuo
2956 4586 3289 4649 solvebatur,
3346 4590 3537 4655 sicalne

1958 4672 2167 4728 doloris
2197 4674 2392 4729 molem
2432 4673 2706 4740 deposuit,
2738 4683 2792 4730 et
2834 4692 2959 4730 eum
3008 4677 3199 4731 dolore
3245 4681 3536 4733 immobili~

1958 4771 2149 4819 tatem.
2182 4763 2658 4829 Tuuccmnibus,
2697 4758 2928 4837 qui'hoc
2971 4769 3249 4833 viderunt,
3297 4772 3537 4824 innotuit

1956 4855 2179 4910 infanda
2232 4857 2528 4911 curiositas
2580 4874 2702 4928 quae
2748 4869 2940 4913 contra
2988 4876 3111 4916 eum
3160 4861 3338 4916 fuerat
3380 4863 3537 4915 adin-

1955 4958 2138 5016 venta,
2182 4966 2348 5021 quam
2390 4951 2598 5006 scilicet
2636 4951 2714 5004 illi
2750 4952 2978 5006 maleﬁci
3029 4965 3154 5005 cum
3198 4951 3533 5021 importunis

1954 5048 2008 5095 et
2059 5041 2312 5111 pessimis
2363 5049 2542 5096 actam
2596 5043 2935 5098 daemonibus
2990 5044 3203 5097 marino
3252 5042 3521 5110 profundo

1954 5133 2381 5198 summiserant,
2440 5135 2604 5202 quasi
2666 5151 2945 5205 nunquam
2996 5134 3294 5205 aliquando
3343 5135 3559 5190 dissol-~

1954 5226 2207 5281 vendam.
2245 5227 2351 5282 Sed
2399 5221 2458 5283 ui.
2510 5228 2710 5283 inﬁrmi
2747 5238 2799 5283 et
2834 5229 3009 5283 insani
3060 5230 3331 5300 redarguti
3379 5243 3528 5295 sunt,

1950 5316 2094 5388 Cyro
2123 5334 2217 5373 eos
2249 5328 2302 5373 et
2326 5318 2538 5374 Joanne
2576 5320 2703 5391 Cyri
2746 5330 3111 5391 connuartyre
3149 5322 3358 5390 liquido
3400 5338 3529 5374 euu—

1956 5392 2327 5476 vincentibus,
2368 5422 2591 5469 ostenso
2636 5414 2873 5469 dilucide
2921 5414 3067 5483 quod
3119 5414 3253 5468 nihil
3303 5417 3372 5468 sit
3424 5415 3531 5467 illis

1956 5502 2008 5555 in
2048 5505 2318 5558 creaturis
2356 5518 2462 5558 non
2506 5506 2771 5574 pervium.
2804 5520 2910 5559 non
2957 5505 3179 5562 eualum.
3216 5520 3322 5557 nou
3359 5512 3525 5562 terra,

1954 5609 2062 5645 non
2097 5610 2214 5659 aer,
2249 5612 2357 5651 nou
2402 5597 2562 5667 ignis,
2595 5612 2703 5650 non
2740 5611 2899 5665 aqua,
2933 5612 3037 5649 non
3081 5595 3317 5663 denique
3356 5612 3524 5655 mare,

265 5684 367 5738 sed
409 5683 592 5735 omnia
632 5691 915 5737 transeunt
949 5685 1224 5736 salvantes
1280 5682 1395 5750 pius
1442 5692 1603 5750 atque
1669 5682 1872 5735 ﬁdeles.
1932 5685 1994 5737 Et
2047 5687 2265 5755 quidem
2328 5689 2439 5742 han:
2495 5689 2780 5744 manifesta
2833 5689 3046 5743 cunctis
3123 5687 3312 5741 eiii-eia
3372 5698 3522 5748 sunt.

263 5780 393 5833 ltc-xt
435 5777 521 5828 illa
554 5792 654 5828 itus
691 5775 914 5827 minime
951 5776 1324 5843 pl‘it‘.:ii(‘(‘lttll5.
