3934 6308
262 420 407 489 3549

1264 430 1368 497 SS.
1410 433 1586 498 CYRI
1614 439 1707 499 ET
1746 434 2067 499 JOANNIS
2093 382 2507 502 IlliBACULA.

3385 444 3527 507 3550

264 561 369 607 σιν,
393 544 510 596 νυνὶ
534 543 589 597 δέ
624 543 758 598 Θεοῦ
790 544 973 615 χάριτι
1001 547 1092 600 καὶ
1127 553 1418 621 μαρτύρων
1445 554 1712 625 φωτισμῷ
1747 556 1841 608 καὶ

1977 557 2025 609 ia
2055 557 2347 621 scindunt;
2390 572 2538 611 nunc
2572 564 2754 610 autem
2783 553 2877 610 Dei
2928 565 3099 625 gratia
3129 572 3183 611 et
3226 566 3526 626 martyrum

264 634 664 705 προστάγματι,
688 636 783 690 καὶ
812 638 871 690 ἐν
905 638 1019 701 τοῖς
1045 640 1253 709 ταύτης
1278 645 1435 696 παισὶ
1463 644 1837 713 λογιζόμενος,

264 727 361 779 καὶ
387 726 600 795 βαθμοῦ
621 727 800 808 τυχὼν
825 729 1103 799 ἱερατικοῦ
1121 731 1215 784 τοῦ
1245 734 1387 802 μετά
1409 735 1539 797 τοὺς
1562 734 1844 797 διακόνους

264 817 623 887 ῦπάρχοντος.
689 818 785 870 καὶ
837 820 1167 888 λειτουργῶν
1194 821 1270 885 ὡς
1293 823 1642 885 ύποδιάκονος
1679 824 1737 876 ἐν
1768 823 1844 893 τῷ

266 909 448 979 σεπτῷ
479 909 587 962 τῶν
620 909 792 976 ἁγίων
824 911 1104 982 οἰκήματι.
1136 905 1323 975 Οὗτος,
1348 912 1420 976 ῶς
1449 931 1630 981 φασιν,
1654 916 1682 967 ὁ
1713 915 1844 967 Θεό-

263 1000 434 1071 δωρος
466 1002 528 1053 ἐκ
557 1000 683 1063 νέας
740 995 956 1070 ἡλικίας
993 1001 1070 1071 τῷ
1131 1002 1241 1055 τῶν
1293 1002 1469 1055 ποδῶν
1526 1005 1845 1074 περιπίπτει

265 1091 556 1162 νοσήματι,
607 1091 744 1160 ὅπερ
806 1092 978 1161 ἰατροὶ
1023 1091 1325 1160 ποδάγραν,
1357 1093 1431 1156 ὡς
1458 1090 1631 1162 οἶμαι,
1664 1094 1845 1158 καλῶς

270 1183 744 1251 προσηγόρευσαν,
784 1181 876 1234 διὰ
898 1183 998 1251 τήν
1042 1181 1137 1234 τοῦ
1178 1183 1381 1247 πάθους
1412 1184 1611 1255 πολλὴν
1660 1185 1845 1255 ἀγριό-

264 1283 425 1339 τητα.
461 1271 674 1340 Ὥσπερ
723 1273 832 1340 γὰρ
883 1272 990 1323 τῶν
1027 1271 1209 1340 θηρῶν
1248 1272 1562 1343 ἀγριώτερα
1599 1275 1845 1342 φυσικῶς

266 1361 327 1413 τδ
348 1361 620 1432 ἀνήμερον
665 1362 859 1431 ἔχοντα
913 1365 1026 1426 τοῖς
1082 1364 1324 1435 ἡμεροῦν
1388 1367 1664 1425 ἐθέλουσίν
1709 1371 1845 1422 εἰσιν

268 1454 619 1506 ἀνυπότακτα
647 1453 1038 1507 τιθασσεύοντα
1094 1454 1307 1522 χαλινὸν
1355 1456 1619 1525 δεχόμενα
1653 1450 1679 1489 ’ν
1704 1458 1845 1511 οὕτω

269 1544 542 1596 καὶτοῦτο
568 1543 630 1597 τὸ
653 1545 927 1615 ἀνήμερον
956 1546 1189 1615 νόσημα,
1220 1548 1407 1598 παισὶν
1438 1547 1635 1617 ἰατρῶν
1663 1549 1843 1618 ὑπάρ-

269 1653 365 1705 χον
408 1636 720 1701 άτίθασσον,
793 1637 980 1704 ὑγείας
1034 1637 1250 1706 χαλινὸν
1279 1637 1378 1690 οὐκ
1429 1639 1701 1708 ἀνέχεται,
1729 1641 1843 1695 ἀλλ’

268 1731 467 1793 αὐτοὺς
488 1731 614 1792 τοὺς
655 1729 1130 1802 προσφερομένους
1158 1729 1303 1799 αὖτῷ
1333 1732 1448 1792 τοῖς
1480 1730 1845 1802 βοηθήμασιν,

269 1821 462 1893 ὥσπερ
491 1822 549 1887 ἐξ
578 1822 822 1891 ἀράχνης
862 1820 1019 1882 ὄντας
1045 1821 1350 1891 περικόψαν
1383 1823 1707 1892 ἀπέρχεται,
1740 1824 1839 1896 τὴν

268 1913 478 1967 οἰκείαν
508 1912 773 1974 ἀναλαϐὸν
806 1912 1124 1981 ἀγριότητα.

342 2002 530 2072 Τούτῳ
561 2000 881 2072 περιπεσὼν
905 2004 931 2053 ό
951 2002 1224 2072 Θεόδωρος
1243 2003 1305 2053 ἐκ
1326 2002 1581 2072 βραχείας
1607 2005 1845 2071 ἡλικίας,

271 2097 348 2160 ὡς
369 2095 600 2165 ἔφημεν,
629 2093 936 2164 προκόπτον
966 2088 1077 2161 εἶχε
1098 2093 1160 2144 τὸ
1192 2092 1360 2154 πάθος
1389 2094 1684 2163 ἀφόρητον·
1712 2097 1849 2166 ὅπερ

271 2189 415 2241 κατά
450 2187 558 2238 τῶν
608 2185 760 2250 ζώων
787 2185 1118 2253 γεννήματα,
1153 2183 1249 2235 καὶ
1293 2184 1475 2250 φυτῶν
1503 2185 1596 2239 καὶ
1616 2184 1849 2253 δένδρων

275 2280 629 2348 βλαστήματα
658 2276 726 2328 τὰ
755 2275 852 2346 τὴν
881 2273 1089 2328 οἰκείαν
1110 2274 1318 2344 ἀρετὴν
1351 2275 1447 2326 καὶ
1474 2275 1758 2340 εὐγένειαν
1789 2278 1851 2327 ἐκ

273 2371 578 2443 προοιμίων
625 2368 785 2430 εὐθὺς
836 2365 1245 2433 ἐνδεικνύμενα,
1308 2366 1374 2436 ήν
1425 2365 1567 2435 ἔχειν
1625 2366 1852 2434 εὐφυΐαν

276 2465 468 2516 ἔπειτα
505 2460 809 2531 μέλλουσιν,
843 2461 953 2520 τοῖς
973 2459 1168 2511 εἰδόσιν
1193 2458 1323 2526 όρᾷν
1358 2459 1421 2510 ἐκ
1451 2461 1661 2528 μήτρας
1686 2458 1853 2526 αὐτῆς

276 2554 529 2623 καὶφυῆς
552 2551 1065 2623 παραστράπτονταο
1097 2551 1190 2603 καὶ
1214 2551 1344 2603 αὐτὸ
1371 2551 1430 2601 τὸ
1459 2549 1654 2602 ἐαυτοῦ
1688 2549 1854 2617 φανὲν

279 2645 693 2719 προσεδείκνυεν
745 2643 991 2712 μέγεθος,
1018 2645 1092 2704 ὡς
1123 2641 1324 2711 πόρους
1354 2691 1357 2694 .
1383 2642 1545 2702 εὐθὺς
1594 2642 1856 2704 δυσειδεῖς

278 2738 375 2790 καὶ
424 2735 826 2805 προκόπτοντας
892 2731 980 2782 ἐπί
999 2749 1057 2784 τε
1088 2730 1263 2784 ποδῦν
1290 2731 1383 2783 καὶ
1409 2730 1609 2800 χειρῶν
1650 2734 1715 2801 τῇ
1747 2730 1856 2783 τῶν

278 2820 588 2892 ἀλγηδόνων
624 2818 923 2887 βλαστῆσαι
955 2817 1279 2886 σφοδρότητι
1323 2818 1414 2870 καὶ
1443 2820 1508 2887 τῇ
1545 2818 1858 2890 πανομϐρῖᾳ

278 2917 375 2969 τοῦ
404 2915 612 2985 συχνῶς
639 2913 1069 2975 καταστάζοντος
1099 2911 1387 2983 ῥεύματος.
1410 2911 1859 2965 Μετεπλάττοντο

280 3009 391 3079 γὰρ
419 3006 568 3076 αὐτῷ
606 3004 740 3074 πρὸς
789 3003 954 3055 λίθων
987 3003 1265 3071 ἀμορφίαν
1295 3003 1345 3054 οἱ
1373 3002 1651 3063 δάκτυλοι,
1692 3004 1858 3071 μήπω

282 3099 495 3161 τελείας
528 3097 782 3167 τυχόντες
813 3093 1097 3163 αὐξήσεως
1119 3110 1130 3123 ·
1167 3094 1260 3145 καὶ
1291 3091 1400 3144 τῶν
1437 3092 1614 3145 ποδῶν
1649 3095 1697 3145 οί
1732 3110 1860 3162 ταρ-

1948 647 2348 702 illuminatione
2397 656 2559 717 atque
2599 654 2893 717 praecepto,
2923 653 2978 701 et
3025 661 3148 701 cum
3197 647 3361 717 hujus
3401 650 3530 706 ﬁliis

1947 736 2238 805 deputatus
2268 746 2545 792 sacratum
2597 738 2849 807 gradum,
2875 737 2967 805 qui
3000 747 3084 791 est
3116 747 3241 806 post
3270 740 3529 795 diacones

1948 836 2299 890 consecutus,
2329 835 2383 882 et
2414 828 2690 882 ministrat
2737 834 2796 880 ut
2844 826 3218 884 subdiaconus
3258 828 3312 882 in
3365 845 3529 885 vene-

1916 918 2107 973 Arabili
2154 928 2468 973 sanctorum
2515 918 2853 974 habitaculo.
2899 917 2998 973 llic
3048 928 3109 973 ut
3147 920 3320 975 fertur
3354 921 3531 976 Theo-

1948 1008 2118 1063 dorus
2151 1010 2218 1064 ab
2250 1010 2474 1063 ineunte
2503 1017 2661 1063 aetate
2693 1009 2891 1077 pedum
2924 1010 3239 1079 languorem
3272 1012 3526 1075 incurrit,

1949 1117 2109 1172 quem
2137 1100 2276 1155 bene
2299 1108 2359 1154 ut
2390 1116 2512 1154 reor
2542 1100 2737 1155 medici
2766 1101 3059 1170 podagram
3094 1103 3528 1171 appellaverunt,

1947 1192 2018 1246 ob
2075 1190 2300 1245 multam
2356 1191 2568 1244 scilicet
2625 1191 2969 1259 aegritudinis
3022 1190 3314 1247 feritatem.
3372 1192 3531 1247 Sicut

1948 1283 2092 1336 enim
2121 1281 2417 1337 ferociores
2460 1281 2644 1336 bestiae
2680 1290 2873 1335 natura
2911 1282 3148 1337 immites
3179 1285 3529 1347 exsistenles.

1947 1381 2002 1427 et
2053 1371 2136 1425 his
2167 1371 2259 1440 qui
2290 1372 2387 1424 has
2417 1369 2828 1425 mansuefacere
2852 1371 3038 1424 volunt
3064 1387 3124 1425 se
3149 1372 3370 1426 minime
3399 1375 3533 1428 sub~

1947 1462 2102 1525 dunt,
2120 1469 2174 1514 et
2189 1460 2316 1515 dum
2335 1459 2569 1529 mitigari
2589 1451 2890 1521 tentantur,
2911 1459 3123 1514 frenum
3147 1478 3252 1515 non
3273 1463 3534 1531 recipien.

1950 1563 2033 1607 tes
2064 1553 2361 1616 resultant;
2396 1551 2465 1603 ita
2505 1559 2558 1603 et
2590 1551 2678 1603 hic
2711 1536 3115 1604 immitissimus
3144 1553 3376 1621 languor
3403 1570 3528 1608 cum

1947 1645 2019 1699 sit
2040 1643 2327 1713 diseipulis
2348 1644 2680 1695 medicorum
2704 1658 2931 1712 prorsus
2956 1643 3203 1705 immitis,
3231 1645 3531 1699 curationis

1949 1736 2102 1790 frena
2141 1751 2247 1788 non
2282 1735 2534 1795 sustinet,
2573 1736 2665 1787 sed
2693 1749 2819 1787 cum
2853 1735 2969 1787 hmc
3013 1734 3115 1787 sibi
3147 1735 3309 1787 allata
3343 1735 3397 1787 in
3439 1751 3535 1787 au-

1953 1829 2140 1882 xilium
2185 1827 2403 1890 fuerint,
2438 1826 2598 1894 quasi
2652 1841 2716 1878 ex
2751 1840 2948 1878 aranea
2980 1833 3237 1878 contexta
3264 1825 3458 1879 recidit
3483 1838 3537 1880 et

1954 1918 2249 1972 indomitus
2280 1916 2499 1978 recedit,
2528 1915 2742 1983 propria
2775 1915 2985 1968 feritate
3013 1922 3316 1982 resumpta.

2025 2007 2182 2063 Hnnc
2211 2024 2333 2062 cum
2368 2007 2689 2060 incurrisset
2721 2021 2747 2056 a
2783 2020 2947 2073 parva
2979 2014 3037 2057 ut
3069 2004 3350 2056 innuimus
3379 2012 3535 2057 aetate

1957 2100 2301 2164 Theodorus,
2355 2113 2675 2168 processum
2725 2096 2956 2150 habebat
2995 2095 3416 2159 intolerabilem,
3443 2094 3534 2161 qui

1958 2188 2259 2244 secundmn
2310 2187 2627 2239 animalium
2676 2186 2952 2254 genimiua
3007 2192 3062 2236 et
3121 2183 3428 2252 plantarum
3484 2192 3539 2236 ct

1960 2276 2218 2331 arborum
2250 2276 2516 2347 germina,
2551 2291 2670 2343 qua:
2701 2274 2975 2342 propriam
3008 2273 3263 2328 virtutem
3294 2282 3349 2326 et
3377 2273 3536 2326 nobi-

1960 2369 2163 2444 litatem
2206 2383 2328 2420 mox
2365 2380 2393 2416 a
2429 2364 2713 2435 principiis
2742 2364 3023 2427 exhibent,
3050 2378 3211 2444 quam
3255 2362 3538 2417 habiturus

1961 2459 2198 2513 indolem
2232 2464 2398 2520 esset,
2431 2456 2775 2525 postmodum
2807 2455 2892 2508 his
2920 2453 3010 2523 qui
3041 2436 3224 2507 videre
3258 2460 3538 2517 noverant,

1960 2565 2024 2603 ex
2067 2550 2185 2619 ipso
2225 2555 2376 2600 utero
2401 2554 2452 2600 et
2487 2546 2770 2598 uativitate
2811 2545 3271 2611 praemonstravit.
3306 2543 3540 2612 Ipseque

1963 2655 2232 2710 apparens
2272 2654 2426 2693 suam
2452 2637 2564 2705 jam
2605 2636 3037 2706 magnitudinem
3086 2635 3434 2698 ostendebat,
3468 2634 3541 2687 ita

1966 2743 2025 2788 ut
2068 2744 2280 2789 meatus
2328 2749 2449 2786 mox
2500 2732 2627 2785 [αξύὶ
2666 2740 3002 2800 rumpentes,
3047 2739 3155 2784 tam
3206 2731 3259 2783 in
3312 2729 3543 2798 pedibus

1968 2842 2130 2895 quant
2167 2827 2220 2879 in
2254 2823 2506 2877 manibus
2531 2839 2595 2876 ex
2626 2823 2874 2875 dolorum
2904 2821 3234 2889 pullulareut
3267 2819 3544 2874 nimietate

1966 2932 2117 2971 more
2172 2916 2472 2979 imbrium,
2534 2911 2806 2967 indefesse
2865 2919 3109 2965 reumate
3164 2910 3539 2964 distillantes:

1966 3006 2512 3076 transﬁgurabautur
2548 3005 2694 3058 enim
2725 3003 2773 3057 ei
2806 3003 2963 3072 digiti
2996 3003 3050 3055 in
3082 3001 3320 3070 lapidum
3361 2999 3546 3055 defor-

1968 3098 2234 3162 mitatem,
2280 3095 2444 3149 etiam
2493 3094 2732 3148 nondum
2788 3094 3032 3162 perfecto
3077 3094 3418 3146 incremento
3459 3093 3544 3145 sui

286 3192 370 3244 ao‘t
398 3188 692 3259 ἐμιμοῦντο
720 3187 901 3254 riui};
922 3187 1024 3253 γῆς
1068 3184 1431 3252 ἀναστήματα
1450 3200 1466 3216 ο
1507 3184 1600 3236 καὶ
1626 3184 1766 3253 τάχα
1796 3183 1861 3235 ἂν

1970 3198 2258 3259 percepto;
2299 3197 2353 3243 et
2402 3188 2598 3257 pedum
2638 3187 2856 3255 plantae,
2890 3194 3051 3239 terra:
3081 3183 3332 3239 cumulos
3369 3182 3549 3237 imita—

280 3278 334 3330 οἱ
363 3275 519 3336 πόδες
544 3273 693 3343 αὐτῷ
722 3273 816 3324 καὶ
848 3274 944 3324 σὺν
965 3271 1173 3333 τούτοις
1204 3272 1258 3323 αἱ
1294 3274 1475 3341 χεῖρες
1506 3273 1640 3340 πρὸς
1688 3271 1860 3324 ταῦτα

288 3366 608 3439 μετέϐαλον,
648 3365 748 3435 τὴν
789 3363 996 3417 οἰκείαν
1057 3362 1273 3432 μορφὴν
1332 3362 1725 3431 ἀρνησάμενοι,
1768 3364 1864 3415 καὶ

283 3459 349 3510 τὸ
386 3457 535 3525 σφῶν
560 3450 699 3519 εἶδος
728 3452 1001 3516 παντελῶς
1029 3452 1412 3516 διαλλάξαντες
1435 3468 1450 3483 ⁸
1488 3452 1538 3503 εί
1565 3452 1639 3521 μὴ
1681 3451 1864 3525 Κῦρον

287 3541 529 3617 εὗρεντῇ
546 3544 686 3614 νόσῳ
716 3544 1043 3614 μαχόμενον,
1078 3545 1172 3595 καὶ
1205 3541 1461 3612 Ἰωάννην
1484 3542 1576 3594 τὸν
1602 3542 1860 3613 μάρτυρα

287 3638 381 3690 τὸν
405 3634 596 3689 τούτου
632 3632 938 3703 συνόμιλον.
1446 3648 1449 3651 ‘

376 3730 602 3798 ’ἰατροῖς
660 3726 757 3797 μὲν
814 3727 921 3793 γὰρ
971 3725 1164 3779 ἑαυτὸν
1188 3724 1248 3776 τὸ
1281 3723 1498 3794 πρῶτον
1526 3724 1824 3779 ἐκδέδωκεν
1849 3741 1863 3754 ’

290 3822 408 3875 ἀλλ’
453 3819 527 3883 ὡς
562 3819 668 3872 ἴδεν
702 3816 937 3888 κρατοῦν
991 3815 1153 3869 αὐτὸν
1176 3815 1235 3867 τὸ
1258 3815 1604 3886 ἀρρώστημα
1641 3817 1735 3870 καὶ
1765 3816 1866 3885 τῆς

291 3909 487 3980 τέχνης
533 3907 791 3978 ἐμφανῶς
839 3904 1314 3973 περιγιγνόμενον,
1369 3905 1555 3976 πρὶνῆ
1588 3906 1869 3959 καὶαύτοῢ

293 4000 677 4072 περιγένηται,
729 3996 864 4067 πρὸς
898 3997 1025 4058 τοὺς
1080 3995 1272 4063 ἁγίους
1326 3996 1625 4065 κατέφυγε,
1680 3996 1873 4066 μόνους

299 4095 439 4165 μετὰ
456 4094 609 4159 Θεὸν,
639 4095 686 4144 εί
708 4090 1015 4160 θελήσαιεν,
1042 4088 1300 4141 δύνασθαι
1325 4087 1675 4151 κατευνάζειν
1697 4089 1756 4140 τὸ
1780 4089 1875 4147 πάσ

297 4184 390 4249 θος
420 4183 743 4254 πυθόμενος,
765 4181 979 4251 χαλινὸν
1004 4179 1294 4248 ὀρέγοντας
1325 4177 1525 4242 ἔνθεον,
1551 4179 1646 4230 καὶ
1665 4178 1726 4230 οὐ
1755 4178 1877 4248 βρο-

295 4278 450 4340 τείας
478 4278 541 4329 ἐκ
569 4275 764 4342 τέχνης
786 4271 1096 4341 γενόμενον.
1132 4270 1331 4323 Ἐλθὼν
1384 4268 1477 4323 οὖν
1503 4270 1683 4323 αὐτῶν
1713 4271 1791 4330 είς
1817 4271 1877 4323 τὸ

296 4367 544 4435 τέμενος,
572 4361 866 4432 θεριπείας
897 4362 1077 4429 τυχεῖν
1109 4359 1250 4429 μετὰ
1280 4359 1492 4415 πάντων
1514 4358 1788 4412 ἐδέετο.οἱ
1821 4359 1877 4413 δὲ

300 4454 673 4524 φιλάνθρωποι
725 4450 998 4520 μάρτυρες
1028 4447 1404 4515 παραστάντες
1428 4445 1576 4516 αὐτῷ
1620 4446 1881 4510 πολλάκις

1970 3282 2185 3335 bantur.
2220 3279 2283 3332 Et
2314 3277 2547 3334 fortasse
2574 3278 2736 3346 pedes
2766 3279 2812 3331 ei
2842 3286 2894 3331 et
2923 3291 3030 3330 una
3071 3292 3196 3331 cum
3227 3277 3313 3331 his
3354 3290 3550 3330 manus

1964 3373 2029 3426 ad
2058 3374 2167 3425 inec
2192 3374 2473 3426 translatae
2520 3368 2775 3433 fuissent,
2805 3367 2976 3420 forma
3003 3367 3224 3436 propria
3263 3366 3548 3434 denegata,

1965 3468 2020 3514 et
2064 3460 2245 3528 specie
2288 3474 2385 3513 sua
2427 3458 2646 3527 penitus
2691 3463 3050 3521 commutata,
3084 3456 3187 3510 nisi
3230 3457 3430 3524 Cyrum
3462 3455 3549 3508 iu-

1967 3554 2209 3606 venissct
2257 3558 2448 3605 contra
2504 3551 2754 3603 morbum
2794 3555 3149 3619 pugnantem,
3183 3558 3235 3602 et
3279 3545 3547 3600 Joannem

1970 3653 2260 3708 martyrem
2295 3630 2659 3696 sacratissimi
2692 3641 2817 3709 Cyri
2852 3639 3198 3692 consocimn.

2042 3733 2173 3787 Nam
2208 3734 2381 3802 primo
2407 3730 2629 3800 quidem
2658 3745 2716 3784 se
2757 3729 2983 3782 medicis
3019 3728 3265 3790 tradidit,
3305 3726 3398 3781 sed
3426 3741 3551 3780 cum

1972 3824 2203 3880 vidisset
2232 3821 2378 3891 quod
2401 3830 2455 3875 et
2485 3821 2608 3874 illos
2627 3829 2938 3888 superaret,
2969 3827 3024 3872 et
3050 3826 3221 3871 artem
3257 3816 3553 3870 manifeste

1973 3917 2222 3971 vinceret
2265 3914 2495 3982 languor
2524 3928 2539 3978 ;
2577 3912 2732 3981 prius
2777 3924 2939 3980 quam
2970 3916 3023 3963 et
3056 3924 3115 3963 se
3144 3922 3364 3977 quoque
3399 3906 3555 3976 peni-

1975 4004 2063 4062 tus
2093 4008 2385 4066 obtineret,
2428 4004 2494 4058 ad
2527 4011 2747 4059 sanctos
2784 4001 3032 4072 confugit
3061 4001 3207 4078 solos
3232 4011 3353 4069 post
3385 3999 3552 4052 Deum

1977 4100 2022 4152 si
2097 4099 2298 4152 vellent
2346 4111 2508 4166 pOSSe
2562 4094 2877 4163 passionem
2937 4106 3288 4161 compescere
3350 4094 3556 4152 sciens,

1977 4188 2223 4241 divinum
2269 4186 2610 4255 porrigentes
2658 4182 2898 4248 frenum,
2940 4192 2993 4236 et
3039 4198 3144 4235 nou
3204 4181 3441 4233 humano
3492 4196 3558 4234 ex

1979 4279 2211 4333 artificio
2255 4276 2482 4332 factum.
2531 4274 2668 4329 Cum
2715 4275 2783 4329 ad
2821 4275 3078 4342 templum
3141 4288 3270 4342 ergo
3302 4272 3560 4336 venisset,

1982 4372 2319 4425 curationem
2351 4367 2613 4435 consequi
2646 4382 2768 4420 cum
2802 4366 3056 4420 omnibus
3093 4366 3437 4433 precabatur.
3464 4362 3563 4417 Ast

1986 4456 2483 4511 misericordissimi
2562 4463 2829 4525 martyres
2896 4455 3217 4508 assistentes
3301 4452 3348 4505 ei
3422 4469 3562 4521 saepe

303 4542 637 4607 καθεύδοντι,
671 4545 736 4612 τῇ
769 4540 1031 4610 καθολικῇ
1056 4540 1334 4591 κοινωνεῖν
1376 4537 1678 4607 Ἐκκλησία
1710 4555 1862 4605 προσ-

1985 4546 2275 4602 dormienti
2359 4545 2642 4601 catholica:
2696 4544 3103 4598 communit-are
3163 4543 3552 4612 prazeipiehaut

302 4640 549 4697 ἐταττον,
572 4634 640 4688 δι’
673 4635 852 4703 ὅρκων
912 4627 1396 4700 ἐπαγγελλόμενοι,
1441 4626 1515 4690 ὡς
1551 4630 1599 4679 εί
1632 4627 1878 4697 πεισθείη

303 4730 493 4789 αὐτοῖς
523 4726 653 4796 περί
687 4724 926 4784 πίστεως
968 4721 1132 4792 ὀρθῆς
1195 4714 1343 4788 αὐτῷ
1396 4718 1881 4787 συμϐουλεύουσιν,

303 4820 402 4874 καὶ
432 4819 532 4889 τὴν
581 4816 749 4887 ρῶσιν
803 4815 1142 4883 χαρίσονται,
1199 4813 1293 4865 καὶ
1328 4810 1539 4880 δωρεὰς
1576 4810 1712 4881 πρὸς
1739 4811 1883 4881 ζωὴν

308 4910 670 4971 συντελούσας
701 4907 799 4977 τὴν
837 4904 1118 4974 παροῦσαν
1154 4901 1500 4973 παρέξουσιν,
1540 4906 1635 4956 καὶ
1668 4902 1885 4973 κλήρων

308 5000 601 5074 ἱερατικῶν
627 4999 950 5064 ἀξιώσουσιν
978 5013 990 5024 ·
1027 4996 1124 5065 τῆς
1156 4994 1263 5064 γὰρ
1299 4993 1583 5046 ’ἰουλιανοῦ
1616 4992 1709 5047 τοῦ
1740 4992 1887 5046 Ἀλι-

306 5091 658 5166 καρνασσέως
692 5089 937 5158 ὑπῆρχεν
976 5084 1263 5155 αἱρέσεως.
1299 5085 1355 5137 Ὀ
1377 5083 1433 5136 δέ
1482 5082 1684 5136 τούτων
1715 5083 1887 5137 ἁπάν-

304 5204 419 5239 των
459 5186 558 5248 τὰς
612 5182 731 5254 μεθ’
764 5184 943 5247 ὅρκων
990 5177 1320 5245 ἐπαγγελίας
1363 5174 1685 5243 πυθόμενος,
1735 5175 1884 5228 οὐδὲν

308 5271 472 5347 ἦττον
496 5272 726 5342 ἀπειθὴς
755 5270 848 5324 καὶ
878 5267 1209 5337 ἀμετάθετος
1238 5266 1643 5336 ἐμεινεν.”0οεν
1669 5266 1717 5317 οἱ
1749 5264 1892 5335 μάρ-

309 5384 474 5438 τυρες
518 5365 592 5427 ὡς
621 5365 799 5431 λόγοις
852 5360 1014 5414 αὐτὸν
1045 5361 1144 5412 οὐκ
1185 5358 1401 5411 ἔπειθον
1430 5356 1725 5427 χρώμενοι,
1771 5360 1895 5421 ταῖς

310 5463 413 5529 τῆς
446 5457 729 5519 ἀσθενείας
756 5453 1047 5525 ἐπείραζον
1079 5451 1331 5520 μάστιξιν
1357 5467 1370 5479 ·
1398 5449 1472 5512 ὼς
1493 5446 1551 5501 δέ
1589 5450 1713 5519 μηδ’
1741 5449 1886 5504 οὕτω

312 5550 408 5604 τὸν
454 5549 740 5619 ἄνθρωπον
791 5544 1036 5607 ἔπεισαν,
1092 5541 1260 5604 δείξαι
1320 5539 1642 5603 θεσπίζουσι
1679 5541 1777 5610 τῆς
1809 5542 1884 5593 οἰ-

316 5639 470 5703 κείας
524 5637 801 5698 ἀσθενείας
849 5635 910 5686 τὸ
971 5631 1220 5704 μεγέθος,
1286 5631 1371 5683 ἵνα
1434 5632 1525 5683 καὶ
1579 5630 1722 5683 οὕτω
1776 5630 1886 5683 δειε-

314 5731 510 5791 λιάσας
558 5730 625 5781 τά
691 5728 953 5798 μέλλοντα
988 5766 1002 5791 ,
1056 5722 1332 5791 πειθήνιον
1392 5720 1587 5774 ἑαυτὸν
1640 5722 1886 5791 ἀπεργά-

319 5839 487 5879 σοιτο.

1987 4640 2267 4703 ΕρςΙοείω,
2311 4638 2675 4708 jurejurando
2724 4653 2782 4691 se
2809 4636 3152 4705 pollicentes,
3182 4635 3226 4690 si
3280 4635 3381 4689 sibi
3436 4635 3564 4691 ohe-

1987 4733 2159 4787 disset
2206 4731 2275 4787 de
2306 4731 2409 4785 fide
2460 4740 2608 4784 reeta
2633 4729 2681 4783 ei
2735 4727 3026 4783 consilium
3079 4726 3469 4792 tribuentibus,
3514 4738 3566 4780 et

1987 4821 2277 4875 sanitatem
2327 4820 2404 4873 illi
2444 4819 2767 4880 donaturos,
2802 4825 2855 4870 et
2896 4816 3224 4870 donationes
3259 4815 3381 4869 vita:
3423 4831 3564 4886 prae-

1990 4912 2162 4967 sentis
2207 4925 2480 4981 congruas
2528 4911 2891 4979 prarstituros,
2923 4915 2977 4961 et
3001 4923 3123 4962 eum
3159 4908 3311 4961 clero
3343 4908 3565 4976 dignum

1994 5016 2154 5057 sacro
2177 4999 2425 5055 facturos
2462 5016 2478 5065 ;
2528 4996 2732 5052 .luliani
2774 4997 2975 5067 quippe
3004 4996 3582 5052 Halicarnasseoserat

1994 5093 2284 5146 lnerescos.
2318 5090 2387 5142 At
2414 5089 2504 5142 ille
2534 5088 2728 5141 borum
2759 5088 3004 5140 omnium
3044 5083 3569 5155 repromissionibus

1992 5199 2116 5238 cum
2165 5182 2495 5251 jurameutis
2542 5178 2766 5241 auditis,
2804 5176 3163 5232 nihilominus
3212 5175 3568 5232 incurrahilis

1989 5282 2046 5331 et
2076 5273 2433 5330 immutabilis
2476 5272 2700 5327 mansit.
2742 5269 2896 5324 Unde
2945 5276 3213 5338 martyres
3243 5284 3367 5323 cutn
3406 5267 3570 5322 nullis

1994 5366 2344 5422 sermonibus
2426 5362 2766 5418 inllexisseut
2809 5401 2824 5426 ,
2894 5359 3213 5414 verberibus
3293 5359 3573 5412 tentabant

1998 5455 2358 5510 inﬁrmitatis.
2385 5453 2523 5507 Cum
2560 5461 2741 5505 autem
2770 5468 2869 5505 nec
2910 5450 2989 5502 sic
3019 5448 3276 5503 fecissent
3301 5449 3570 5502 hominem

1994 5547 2419 5616 conquiescere,
2470 5543 2847 5598 demonstrare
2905 5542 3208 5594 decernunt
3245 5539 3576 5593 infirmitatis

1997 5638 2231 5707 propria:
2258 5634 2785 5705 magnitudinem,ut
2813 5632 2890 5685 rei
2925 5632 3001 5686 sic
3036 5630 3215 5685 futura
3246 5644 3572 5703 pavesccns.

2000 5738 2171 5784 seruet
2201 5727 2483 5782 exhiberet
2513 5723 2881 5780 obedientem.
