3934 6308
453 378 591 442 3551

1331 382 1393 441 S.
1433 382 1782 445 SOPHRON
1793 386 1845 444 [Ι
1884 385 2387 446 PATBIARCHE
2428 382 2824 445 IIlEROSOL.

3571 382 3715 444 3559

530 488 596 539 Ει
651 494 973 553 apparentes
1032 484 1190 538 ambo
1221 499 1316 554 per
1362 486 1535 540 visum
1584 488 1636 541 in
1691 490 2025 544 domicilium

2200 490 2312 543 Καὶ
2346 489 2605 558 φανέντες
2630 490 2710 551 είς
2737 488 2872 558 ὅναρ
2892 487 3219 558 ἀμφότεροι,
3269 488 3347 550 εἰς
3370 489 3433 542 τδ
3460 490 3555 542 τοῦ
3578 492 3711 545 ναοῦ

461 578 746 647 imponunt
797 575 1001 644 templi,
1035 590 1092 629 se
1145 577 1297 645 sequi
1349 579 1746 648 prmeipientes,
1782 589 1836 633 et
1868 582 2022 651 juxta

460 668 826 722 summitatem
861 665 1096 720 domatis
1127 674 1452 732 statuentes,
1488 684 1638 724 mare
1671 658 2021 742 tranquillum

463 758 664 810 factum
709 755 1110 819 monstrabant,
1147 768 1200 810 et
1252 758 1296 810 si
1322 758 1484 825 hujus
1509 770 1693 829 posset
1738 777 2027 815 numerare

462 848 675 907 ﬂuctus,
715 844 1139 912 interrogabant.
1189 844 1258 897 At
1298 846 1406 911 ille,
1438 847 1625 911 etiam,
1673 848 1836 902 nimis
1870 848 2028 906 facile

461 935 828 1005 respondebat
862 952 878 1001 ;
928 942 982 989 et
1010 943 1276 1005 martyres
1302 952 1591 992 numerare
1622 940 2023 1010 praecipiebant.

450 1028 705 1095 Cumque
736 1025 825 1079 ille
855 1040 1147 1080 numerare
1176 1027 1453 1095 coepisset,
1484 1037 1537 1082 et
1569 1044 1829 1085 numeros
1867 1031 2024 1085 sicuti

460 1121 514 1168 et
552 1113 747 1168 tinctus
804 1128 1094 1183 parumper
1135 1114 1399 1183 ediceret,
1448 1124 1502 1171 et
1530 1118 1605 1171 itii
1638 1133 1668 1171 e
1700 1126 1889 1173 contra
1919 1122 2028 1175 fre-

462 1202 775 1271 quentiores
817 1203 1075 1270 paulatim
1114 1203 1313 1268 effecti,
1345 1212 1399 1256 et
1431 1220 1623 1261 rursus
1656 1209 1817 1277 Spissi
1855 1218 1909 1263 et
1953 1211 2030 1263 al-

464 1292 658 1346 ternati
692 1291 756 1345 ad
791 1292 938 1360 ripas
978 1293 1344 1359 illiderentnr,
1382 1294 1728 1352 Theodorum
1754 1301 1845 1368 qui
1870 1316 2029 1371 posse

447 1392 521 1436 ‘se
568 1399 856 1437 numerare
885 1384 1119 1441 dicebat.
1167 1389 1539 1455 potentialiter
1585 1392 1935 1458 superabant,
1977 1402 2030 1448 et

464 1488 523 1526 se
554 1488 679 1528 esse
718 1482 1034 1542 superatum
1072 1474 1227 1530 fateri
1276 1478 1565 1546 cogebant.
1609 1480 1711 1544 Qui
1765 1481 2027 1538 ﬂuctuum

462 1564 640 1618 victus
672 1563 999 1633 frequentia,
1019 1565 1218 1621 cadens
1248 1567 1301 1620 in
1330 1566 1518 1622 faciem
1550 1579 1603 1624 et
1638 1586 1744 1623 non
1780 1587 1939 1638 posse
1972 1589 2030 1629 se

468 1653 792 1719 perbibens,
826 1653 1214 1721 indulgentiam
1261 1658 1579 1724 expetebat.
1624 1662 1693 1714 At
1725 1661 1799 1714 illi
1844 1671 2029 1718 erecto

461 1754 549 1802 eo,
594 1738 743 1793 vides
782 1741 934 1792 aiunt
974 1739 1286 1810 frequentes
1332 1745 1468 1798 istos
1510 1755 1563 1799 et
1603 1747 2028 1805 innumerabiles

2123 578 2397 649 δωμάτιον
2417 579 2776 647 ἀναφέρουσιν
2792 578 3105 632 ἀκολουθεῖν
3122 579 3304 642 αὐτοῖς
3327 579 3707 645 διατάξπντες.

2125 671 2221 724 καὶ
2244 670 2379 741 πρὸς
2402 671 2460 723 τὸ
2480 672 2648 738 ἄκρον
2698 670 2789 723 τοῦ
2819 671 3070 740 δώματος
3124 670 3448 741 στήσαντες,
3478 672 3580 738 τὴν
3604 672 3706 725 θά-

2123 757 2325 811 λατταν
2348 758 2696 828 γαληνιῶσαν
2731 757 3021 811 ἐδείκνυον·
3042 757 3140 810 καὶ
3160 758 3209 810 εἰ
3233 761 3459 828 μετρεῖν
3486 759 3708 813 δύναιτο

2124 849 2192 901 τά
2222 847 2424 918 ταύτης
2459 847 2818 900 ἐπυνθάνοντο
2860 833 3101 916 κύματα.
3127 847 3187 901 Ὀ
3207 847 3265 901 δὲ
3292 847 3413 901 λίαν
3439 849 3705 917 εὐμαρῶς

2129 940 2349 1008 μετρεῖν
2380 938 2726 1007 ἀπεκρίνατο.
2790 938 2901 990 Καὶ
2940 939 3159 1009 μετρεῖν
3195 939 3247 990 oi.
3275 938 3557 1009 μάρτυρες
3584 940 3705 992 ελε-

2126 1043 2243 1094 γον.
2270 1026 2601 1095 Ἀρξαμένου
2630 1026 2687 1080 δέ
2726 1026 2892 1080 αὐτοῦ
2921 1027 3021 1095 τῆς
3051 1028 3391 1097 μετρήσεως,
3423 1029 3520 1081 καὶ
3575 1031 3703 1092 τοὺς

2127 1114 2392 1184 ἀριθμοὺς
2418 1115 2720 1184 ἀνειμένως
2751 1116 2825 1178 ὡς
2859 1116 2926 1167 τά
2952 1115 3176 1184 κύματα
3211 1116 3466 1183 λέγοντος
3494 1119 3703 1171 πυκνὸ-

2126 1221 2260 1272 τερα
2288 1203 2461 1255 ταῦτα
2493 1206 2613 1257 κατ’
2639 1204 2819 1272 ὀλίγον
2846 1204 3168 1273 γιγνόμενα,
3204 1206 3302 1259 καὶ
3328 1206 3495 1258 πάλιν
3533 1209 3706 1276 συχνά

2127 1293 2223 1346 καὶ
2250 1293 2523 1363 ἐπάλληλα
2552 1296 2662 1355 τοῖς
2683 1292 2912 1346 εἰσιοῦσι
2946 1293 3380 1362 προσπίπτοντα,
3397 1295 3539 1347 κατὰ
3570 1298 3703 1366 κράο

2127 1401 2217 1436 τοέ
2237 1383 2429 1437 ἐνίκων
2463 1383 2553 1436 τδν
2578 1383 2836 1437 δύνασθαι
2857 1386 3079 1453 μετρεῖν
3106 1384 3371 1453 εἰρηκότα
3404 1385 3702 1455 Θεόδωρον,

2092 1528 2099 1541 ,
2130 1473 2222 1526 καὶ
2244 1473 2341 1542 τὴν
2361 1468 2530 1544 ἧτταν
2571 1475 2849 1543 ὁμολογεῖν
2880 1474 3313 1542 κατηνάγκαζον.
3340 1477 3439 1538 Ὃς
3461 1475 3706 1546 νικηθεὶς

2128 1565 2194 1633 τῇ
2221 1563 2330 1615 τῶν
2357 1563 2617 1630 κυμάτων
2658 1563 2967 1632 συχνότητι,
3024 1562 3208 1616 πεσὼν
3264 1565 3357 1617 ἐπὶ
3409 1568 3706 1635 πρόσωπον

2130 1653 2223 1704 καὶ
2237 1651 2408 1718 λέγων
2423 1652 2788 1723 μὴδύνασθαι,
2811 1652 2947 1723 πρὸς
2967 1649 3071 1704 τῶν
3086 1653 3256 1712 ἁγίων
3272 1653 3391 1724 ᾔτει
3414 1656 3703 1725 συγχώρηο

2132 1756 2237 1793 σιν.
2269 1743 2331 1793 Oi
2370 1742 2425 1794 δέ
2456 1740 2643 1795 τοῦτον
2663 1743 2993 1812 ἐγείραντες,
3014 1741 3199 1812 Ὁρᾷς,
3223 1743 3554 1811 λέγουσι,τά
3584 1762 3705 1797 συν-

460 1829 659 1884 ﬂuctns
679 1830 819 1896 ?Qni
842 1833 937 1891 ait.
955 1809 1139 1896 etiam,
1158 1833 1533 1904 gloriosissimi
1560 1849 1843 1909 martyres.
1878 1840 2031 1896 Tunc

2134 1828 2233 1897 εχῆ
2249 1828 2422 1881 ταῦτα
2450 1830 2540 1883 καὶ
2558 1809 2840 1900 ἀμέτρητα
2864 1809 3090 1899 κύματα
3105 1809 3134 1894 ς-
3164 1832 3225 1884 '0
3252 1809 3330 1890 δέ.
3358 1809 3489 1892 Nai.
3512 1838 3700 1904 φησὶν,

463 1921 654 1974 iterum
680 1922 852 1975 sancti
872 1922 1093 1977 dicunt:
1121 1926 1275 1978 Sicut
1299 1927 1396 1980 bos
1418 1926 1610 1981 fluctus
1632 1945 1804 1998 neque
1834 1947 2027 1987 nume-

462 2027 584 2065 rare
617 2014 741 2081 quis
769 2028 942 2082 neque
971 2016 1271 2081 continere,
1297 2014 1406 2071 Deo
1436 2018 1526 2086 qui
1561 2022 2025 2091 ereavitexccpto,

460 2110 656 2169 potest,
702 2102 781 2157 sic
833 2119 932 2158 nec
969 2105 1300 2161 infirmitatis
1336 2114 1442 2162 tua:
1493 2118 1753 2163 remuata.
1804 2110 1944 2181 Ergo
1978 2114 2023 2167 si

456 2192 770 2247 obaudieris
813 2208 934 2257 nos,
989 2192 1055 2246 ad
1107 2195 1156 2247 id
1201 2209 1308 2261 quo
1353 2197 1448 2250 tibi
1506 2199 1698 2259 crebro
1737 2200 2023 2255 consilium

457 2279 669 2346 damus,
703 2288 757 2335 et
804 2281 983 2337 factus
1016 2282 1185 2338 fueris
1218 2285 1321 2340 fide
1361 2287 1686 2353 catholicus,
1732 2300 1787 2344 et
1835 2306 1935 2346 nos
1973 2300 2024 2346 te

456 2373 760 2438 audiemus,
795 2382 848 2429 et
892 2374 1183 2429 Cbristum-
1211 2390 1309 2445 pro
1360 2386 1408 2431 te
1443 2377 1605 2432 Deum
1662 2389 1713 2433 et
1735 2378 2020 2435 Dominum

455 2474 702 2517 nostrum
735 2467 1069 2535 rogabimus,
1091 2475 1144 2519 et
1173 2451 1449 2523 credimus
1472 2472 1613 2535 quod
1648 2471 1891 2526 omnium
1921 2474 2019 2527 tibi

455 2555 690 2622 praebeat
728 2556 1041 2610 sanitatem.
1084 2555 1217 2609 Nam
1252 2559 1526 2625 quomodo
1562 2575 1684 2613 eum
1718 2576 1816 2629 pro
1843 2571 1895 2615 te
1923 2564 2019 2616 de-

456 2645 823 2712 precabimur,
856 2654 908 2700 te
951 2653 1203 2700 manente
1232 2646 1375 2699 circa
1401 2663 1502 2703 nos
1533 2650 1875 2708 iuobediente
1903 2653 1927 2705 ?
1951 2656 2020 2710 At

456 2734 548 2787 ille
602 2734 686 2787 his
714 2741 769 2786 et
797 2735 920 2789 aliis
951 2735 1200 2805 pluribus
1244 2738 1468 2803 auditis,
1503 2756 1840 2812 nequaquam
1871 2765 2016 2800 meu-

456 2834 563 2878 tem
593 2824 843 2878 mutavit.

530 2999 727 3053 Verum
757 3013 880 3053 cum
913 3008 970 3055 et
1008 3001 1149 3055 banc
1176 3017 1363 3056 eorum
1394 3006 1822 3063 admonitionem
1862 3024 2016 3080 spre-

2132 1917 2459 1982 ἐνδοξότατοι
2484 1918 2780 1989 μάρτυρες.
2807 1918 2942 1979 Τότε
2988 1920 3151 1973 πάλιν
3170 1922 3219 1974 οί
3245 1921 3393 1990 ἅγιοι
3427 1924 3698 1989 λέγουσιν’

2133 2008 2341 2077 Ὠσπερ
2371 2010 2543 2063 ταῦτα
2570 2009 2638 2063 τὰ
2670 2011 2889 2080 κύματα
2936 2010 3050 2065 οὔτ’
3095 2013 3399 2083 ἀριθμῆσαί
3430 2034 3539 2080 τις,
3575 2017 3699 2071 οὔτε

2130 2103 2419 2167 κατασχεῖν
2446 2100 2575 2153 ἄνευ
2628 2099 2762 2152 Θεοῦ
2787 2100 2880 2154 τοῦ
2912 2102 3195 2164 κτίσαντος
3217 2102 3439 2158 δύναται
3468 2144 3484 2167 ,
3526 2106 3700 2168 οὕτως

2125 2182 2250 2238 ούτε
2279 2188 2376 2255 τῆς
2407 2188 2504 2256 σῆς
2529 2185 2808 2249 ἀσθενείας
2827 2188 2894 2240 τὰ
2919 2189 3012 2258 ρεύ
3022 2206 3188 2259 ματα.
3212 2191 3273 2244 Εἰ
3299 2189 3393 2245 οῦν
3413 2195 3701 2264 πεισθείης

2124 2277 2255 2346 ἡμῖν
2303 2278 2393 2356 εἰς
2426 2274 2560 2330 ὅσοι
2599 2279 2839 2349 συνεχῶς
2900 2281 3370 2352 συμϐουλεύομεν,
3423 2285 3521 2337 καὶ
3563 2286 3699 2356 γένῃ

2124 2367 2251 2434 περὶ
2276 2347 2374 2435 τήν
2405 2368 2584 2421 πίστιν
2622 2347 2891 2438 ὁμόδοξος,
2922 2347 3014 2423 καὶ
3052 2373 3217 2442 ἡμεῖς
3246 2347 3327 2426 σοι
3362 2347 3694 2445 πειθόμεθαί

2122 2460 2215 2512 καὶ
2260 2460 2492 2528 Χριστὸν
2541 2464 2669 2532 περὶ
2714 2461 2807 2514 σοῦ
2837 2463 2927 2515 τον
2952 2463 3085 2516 Θεὸν
3109 2467 3204 2518 καὶ
3232 2468 3517 2537 Δεσπότην
3541 2470 3699 2537 ἡμῶν

2122 2549 2487 2620 ίκετεύσομεν,
2539 2553 2629 2604 καὶ
2680 2552 3009 2621 πιστεύομεν
3037 2552 3112 2617 ὡς
3154 2554 3374 2617 πάντως
3422 2558 3698 2627 παράσχοι

2118 2639 2215 2710 τὴν
2246 2640 2388 2694 ἴασιν
2413 2658 2426 2671 ⁶
2467 2641 2581 2705 πῶς
2609 2642 2718 2712 γάρ
2748 2644 2909 2696 αὑτὸν
2958 2643 3086 2712 περὶ
3119 2644 3213 2697 σοῦ
3281 2646 3699 2717 λιτανεύσωμεν

2118 2728 2371 2790 ἀπειθοῦς
2412 2730 2542 2798 ἡμῖν
2587 2729 2979 2801 διαμένοντοςςν
3005 2731 3063 2784 '0
3090 2731 3280 2784 δὲκαὶ
3336 2732 3545 2787 τούτων
3603 2736 3699 2789 καὶ

2118 2819 2376 2872 πλειόνων
2434 2820 2608 2873 ἀλλων
2664 2821 2992 2889 πυθόμενος,
3043 2821 3297 2891 οὐδαμῶς
3339 2824 3439 2894 τὴν
3460 2823 3692 2895 γνώμην

2119 2911 2433 2981 μετέϐαλεν.

2196 3001 2336 3054 Ἀλλ’
2360 3001 2434 3063 ὼς
2456 3001 2549 3054 καὶ
2603 3001 2810 3069 ταύτην
2837 3000 3015 3055 αὐτῶν
3064 3001 3334 3072 ἀπέρριψε
3359 3003 3460 3072 τὴν
3485 3021 3636 3074 παρα
3652 3007 3700 3057 £-

454 3090 642 3151 visset,
677 3103 781 3142 non
823 3090 934 3158 jam
976 3098 1037 3144 ut
1086 3093 1305 3147 humani
1338 3096 1710 3162 cohortantes,
1756 3102 1849 3157 sed
1876 3105 2015 3158 sicut

2126 3107 2288 3155 νεσιν,
2334 3091 2516 3144 οὐκέτι
2573 3091 2971 3161 προτρέποντες
3014 3091 3092 3154 ὡς
3137 3092 3535 3162 φιλάνθρωποι,
3581 3094 3695 3148 ἀλλ’

456 3180 741 3234 inhumani
803 3180 1114 3236 minitantes
1164 3197 1440 3254 appareant.
1482 3187 1609 3244 Post
1640 3191 1849 3262 aliquot
1876 3195 2019 3249 enim

454 3270 577 3325 dies
620 3272 730 3340 jam
766 3271 1190 3329 dictae'visionis
1221 3277 1416 3347 iterum
1462 3282 1579 3348 θερί
1617 3297 1707 3337 ere
1755 3297 2023 3355 martyres

458 3360 766 3426 videbatur,
816 3377 923 3417 non
960 3364 1071 3433 jam
1124 3367 1337 3423 lenibus
1384 3373 1564 3425 verbis
1603 3373 1901 3440 hortantes,
1927 3378 2020 3431 sed

458 3452 623 3506 minis
651 3460 815 3522 atque
862 3454 1168 3511 terroribus
1205 3460 1599 3528 prmcipieutes.
1659 3463 1833 3533 Supra
1868 3466 2023 3521 sedes

455 3542 597 3596 enim
628 3545 783 3613 quasi
818 3545 1101 3611 sedebant,
1158 3556 1211 3603 et
1241 3552 1515 3606 exercitus
1537 3566 1586 3608 et
1621 3555 1843 3610 ordines
1875 3558 2025 3627 priu-

457 3634 662 3705 cipales
715 3635 1025 3692 sedentibus
1088 3639 1197 3694 illis
1251 3644 1500 3697 astabant
1548 3662 1827 3713 :quorum
1857 3648 2022 3717 aliqui

456 3733 713 3795 tanquam
742 3743 805 3780 ex
853 3729 1149 3799 martyrico
1194 3733 1346 3786 missi
1379 3733 1623 3799 decreto,
1663 3737 2021 3805 iuspectorem

467 3816 664 3873 somnii
726 3820 1261 3887 comprehenderunt
1310 3820 1676 3890 Theodorum,
1724 3835 1778 3881 et
1831 3844 2024 3884 manus

459 3917 756 3963 retrorsum
788 3919 1081 3977 vertentes,
1110 3921 1163 3965 et
1199 3914 1399 3967 collum
1448 3915 1711 3971 inclinare
1742 3920 1793 3970 in
1824 3927 2021 3973 terram

457 4008 730 4067 cogentes,
778 4000 830 4054 in
864 4002 1274 4056 similitudinem
1299 4019 1402 4070 qua
1445 4020 1676 4076 nequam
1726 4011 2023 4077 operarios,

453 4090 742 4145 carnifices
809 4100 1046 4147 tractare
1102 4094 1297 4156 solent,
1365 4094 1643 4149 timentem
1688 4115 1810 4153 eum
1863 4111 2026 4169 atque

454 4188 779 4235 trementem
838 4183 1061 4235 ductum
1114 4184 1166 4237 in
1215 4186 1451 4238 medium
1504 4188 1785 4257 utriusque
1815 4190 2025 4247 ordinis

452 4279 787 4326 statuerunt.
819 4271 953 4325 Cum
994 4281 1172 4327 autem
1206 4276 1378 4328 sancti
1416 4277 1591 4331 minas
1618 4279 1949 4334 intentarent
1972 4293 2026 4338 et

454 4364 568 4418 hac
599 4371 653 4417 et
679 4363 791 4417 hate
826 4362 1004 4417 facere
1042 4363 1127 4418 bis
1157 4364 1249 4433 qui
1278 4381 1398 4420 eum
1424 4366 1679 4423 deorsum
1708 4371 2023 4426 innuentem

2127 3181 2474 3243 ἀπειλοῦντες
2515 3181 2591 3244 ὡς
2636 3181 2900 3250 ἀπότομοι
2941 3184 3246 3249 φαίνονται.
3301 3183 3441 3236 Μεθ’
3487 3185 3697 3256 ἡμέρας

2124 3273 2231 3339 γάρ
2252 3287 2399 3333 τινας
2428 3270 2523 3324 τοῦ
2554 3271 2835 3341 λεχθέντος
2878 3272 3181 3343 ὁράματος,
3233 3273 3394 3328 πάλιν
3425 3276 3559 3346 όρᾷν
3589 3277 3699 3330 ἐδό-

2128 3376 2210 3413 κει
2231 3361 2357 3422 τσὺς
2385 3360 2670 3429 μάρτυρας
2706 3359 2888 3413 οὐκέτι
2938 3360 3238 3431 προσηνέσι
3262 3361 3445 3429 λόγοις
3477 3362 3701 3433 προτρέ-

2126 3465 2344 3512 ποντας,
2402 3449 2515 3503 ἀλλ’
2563 3449 2813 3513 ἀπειλαῖς
2856 3451 2950 3503 καὶ
3000 3451 3186 3519 φόϐοις
3236 3453 3694 3522 προστάσσοντας.

2138 3541 2259 3593 Ἐπὶ
2284 3541 2474 3595 θὼκων
2498 3542 2623 3612 γάρ,
2647 3543 2831 3610 φησὶν,
2854 3541 3197 3607 ἐκαθέζοντο,
3226 3543 3319 3596 καὶ
3337 3545 3588 3614 στρατιαὶ
3606 3546 3697 3597 καὶ

2124 3632 2306 3698 τάξεις
2338 3634 2658 3703 ἀρχοντικαὶ
2681 3632 3011 3703 καθημένοις
3038 3633 3227 3696 αὐτοῖς
3264 3637 3695 3705 παρεστήκασιν

2125 3715 2199 3775 ὧν
2225 3739 2369 3785 τινες
2403 3723 2479 3785 ὠς
2507 3723 2569 3774 ἐκ
2601 3720 2941 3794 μαρτυρικοῦ
2965 3722 3306 3792 πεμφθέντες
3328 3722 3697 3793 θεσπίσματος

2125 3813 2214 3865 τὸν
2237 3813 2683 3883 ὀνειροπολοῦντα
2729 3812 2986 3883 συνέσχον
3010 3814 3307 3884 Θεόδωρον,
3347 3815 3441 3867 καὶ
3469 3815 3566 3877 τάς
3589 3817 3696 3885 χείο

2130 3905 2317 3975 ραςείς
2345 3904 2588 3957 τούπίσω
2613 3904 3029 3974 συστρέψαντες,
3063 3905 3267 3958 καὶτὸν
3287 3904 3561 3975 τράχηλον
3585 3904 3697 3957 κλί-

2125 4012 2237 4047 νειν
2264 3997 2342 4057 είς
2364 3998 2465 4066 γῆν
2502 3996 2931 4059 ἀναγκάσαντες,
2966 3995 3155 4065 ὥσπερ
3196 3996 3323 4057 τοὺς
3358 3994 3696 4065 κακούργους

2125 4087 2175 4137 oi
2224 4085 2407 4155 δήμιοι
2474 4086 2925 4155 σχηματίζουσιν,
2968 4087 3049 4148 είς
3098 4085 3263 4154 μέσον
3294 4086 3458 4139 αὐτὸν
3491 4085 3697 4139 δεδιότα

2127 4177 2221 4230 καί
2280 4176 2555 4246 τρέμοντα
2601 4177 2928 4247 ἀμφοτέρων
2981 4174 3091 4227 τῶν
3140 4175 3350 4241 τάξεων
3397 4176 3696 4244 ἀγαγόντες

2126 4267 2497 4336 παρέστησαν.
2516 4267 2570 4318 Ἀ
2579 4266 2821 4318 πειλοῦσι
2843 4252 2901 4318 δέ
2927 4267 3041 4329 τοῖς
3058 4265 3233 4333 ἀγίοις
3251 4265 3347 4318 καὶ
3367 4266 3493 4319 τάδε
3526 4269 3696 4319 ποιεῖν

2126 4359 2219 4411 καὶ
2251 4358 2376 4411 τάδε
2402 4360 2511 4421 τοῖς
2532 4357 2694 4409 αὑτὸν
2715 4357 2867 4410 κάτω
2882 4356 3109 4409 νεύοντα
3140 4356 3235 4408 καὶ
3261 4356 3537 4424 κεκυφότα
3566 4373 3695 4409 κατο

450 4465 506 4507 et
533 4453 785 4507 inclinem
825 4455 1102 4516 tenebant.
1131 4456 1175 4510 si
1206 4456 1311 4511 sibi
1338 4458 1561 4513 credere
1592 4459 1858 4514 noluisset
1884 4477 2020 4531 prm-

2126 4449 2358 4517 έχουσιν,
2400 4438 2448 4500 εἰ
2482 4446 2556 4516 μὴ
2585 4446 2865 4500 πιστεύειν
2893 4446 3076 4507 αὐτοῖς
3111 4444 3309 4508 ἐθέλοι,
3332 4446 3695 4515 προστάττου-

451 4549 714 4617 ciperent,
763 4554 1004 4603 astantes
1034 4548 1254 4602 ordines
1300 4549 1676 4618 procidcbant,
1719 4560 1771 4603 et
1797 4568 2022 4621 parcere

452 4641 565 4703 irze,
597 4646 651 4694 et
680 4640 1117 4708 acquiescentem
1145 4655 1209 4693 cx
1235 4640 1336 4694 hoc
1364 4638 1710 4695 Theodorum
1753 4643 2015 4712 recipere,

451 4741 507 4785 et
557 4730 764 4785 donare
805 4730 1090 4800 prmterita:
1118 4729 1427 4785 difﬁdentiae
1464 4730 1854 4799 indulgentiam
1888 4748 2019 4802 sup-

450 4822 747 4892 plicabant.

520 4915 780 4969 Praeterea
830 4921 1125 4983 martyres,
1181 4911 1373 4965 borum
1421 4911 1577 4980 quasi
1612 4914 1851 4981 suscepti
1882 4913 2020 4980 peti:

451 5003 716 5064 tionibus.
739 5010 794 5056 ct
828 5016 1017 5071 parum
1051 5001 1180 5070 quid
1210 5000 1286 5054 ira
1319 5004 1579 5069 cohibita,
1608 5003 1797 5057 tollere
1820 5004 1902 5056 his
1925 5003 2015 5071 qui

450 5096 709 5151 tenebant
762 5108 887 5148 eum
929 5093 1215 5161 jusserunt
1262 5101 1316 5147 et
1365 5095 1671 5161 dimittere,
1720 5094 1764 5147 si
1817 5106 2018 5148 saneta:

447 5186 854 5241 communicare
916 5185 1269 5255 polliceretur
1316 5183 1612 5239 Ecclesiae.
1672 5183 2017 5239 Adducentes

446 5291 575 5345 ergo
607 5291 729 5329 eum
756 5275 808 5327 bi
839 5274 928 5344 qui
963 5274 1243 5334 tenebant,
1273 5273 1319 5326 si
1348 5287 1568 5327 causam
1599 5280 1873 5326 tantarum
1905 5273 2015 5326 sci-

447 5374 528 5419 τισι
582 5365 855 5435 minarum
914 5361 1343 5431 interregabaut.
1389 5360 1491 5426 Qui
1533 5361 1631 5423 ait,
1669 5361 1858 5424 etiam,
1900 5361 2016 5415 scio

445 5472 688 5509 causam.
729 5455 808 5508 Illi
841 5469 987 5516 vero,
1026 5462 1079 5507 et
1112 5466 1359 5522 quaenam
1411 5460 1581 5515 esset,
1625 5466 1822 5512 rursus
1850 5450 2018 5505 inter-
2070 5508 2075 5512 ,

446 5554 789 5613 rogaverunt.
817 5547 1033 5610 Astille,
1056 5560 1152 5613 pro
1180 5558 1245 5597 co
1272 5543 1412 5612 quod
1443 5544 1718 5606 accedere,
1743 5542 2013 5612 inquiens,

446 5638 512 5685 ad
542 5638 865 5687 catholicam
891 5637 1187 5689 Ecclesiam
1210 5635 1397 5697 nolim,
1420 5633 1482 5688 ad
1501 5632 1813 5702 Christique
1829 5648 2013 5686 saera-

452 5736 626 5775 nnzuta
660 5742 777 5791 qua:
815 5727 865 5776 in
909 5741 970 5777 ca
1018 5725 1384 5786 celebrantur,
1413 5723 1774 5778 denuntiavit.
1806 5723 2011 5793 Ergone

2125 4556 2229 4604 σιν,
2265 4541 2319 4591 αἱ
2348 4538 2695 4608 παρεστῶσαι
2739 4537 2922 4602 τάξεις
2965 4536 3361 4607 προσέπιπτον,
3408 4538 3567 4607 λῆξαι
3595 4538 3695 4607 τῆς

2121 4628 2294 4699 ὀργῆς
2335 4628 2668 4682 ἱκετεύουσαι
2688 4643 2701 4657 ⁸
2732 4628 2827 4681 καὶ
2856 4627 3176 4696 πειθόμενον
3210 4627 3318 4679 ἀπὸ
3361 4627 3457 4680 τοῦ
3488 4626 3582 4680 νῦν
3606 4628 3694 4680 τὸν

2120 4720 2394 4788 Θεόδωρον
2426 4716 2705 4783 δέξασθαι,
2740 4718 2836 4771 καὶ
2884 4715 3242 4787 δωρήσασθαι
3281 4715 3381 4787 τὴν
3415 4715 3516 4785 τῆς
3548 4735 3690 4788 παρν

2120 4807 2382 4875 ελθούσης
2408 4806 2690 4869 ἀπειθείας
2723 4805 3096 4876 συγχώρησιν.

2191 4901 2253 4953 Οἱ
2282 4900 2340 4953 δέ
2371 4900 2669 4970 μάρτυρες,
2703 4900 2891 4969 φησὶν,
2921 4897 3128 4951 τούτων
3155 4900 3254 4962 τὰς
3299 4898 3551 4969 αίτήσεις
3582 4901 3690 4951 εἰσ-

2118 4991 2419 5061 δεξάμενοι,
2475 4992 2570 5044 καὶ
2622 4990 2817 5060 μικρὸν
2873 4993 2972 5059 τῆς
3021 4989 3190 5058 ὀργῆς
3244 4990 3688 5052 ύπενδὼσαντες,

2119 5085 2356 5151 ἁπάγειν
2389 5085 2513 5146 τοὺς
2540 5082 2874 5153 κρατοῦντας
2904 5081 3219 5146 ἐκέλευσαν,
3273 5082 3368 5134 καὶ
3412 5081 3573 5135 πάλιν
3597 5080 3691 5133 αὐ·-

2118 5176 2209 5228 τδν
2238 5175 2491 5228 ἀπολύειν
2543 5175 2607 5243 τῇ
2659 5173 2791 5243 ἁγίᾳ
2840 5175 3115 5225 κοινωνεῖν
3154 5172 3448 5243 Ἐκκλησία
3500 5170 3688 5223 mos-

2123 5282 2309 5336 μενον.
2328 5265 2382 5318 Ἀ
2394 5264 2658 5331 πάγοντες
2677 5263 2806 5326 γοῦν
2831 5262 2992 5316 αὑτὸν
3019 5263 3067 5317 oi
3098 5263 3437 5331 κατέχοντες,
3460 5259 3686 5331 ἠρώτων

2118 5357 2167 5408 εἰ
2192 5355 2292 5424 τῆς
2318 5354 2586 5424 τοσαύτης
2613 5352 2840 5423 ἀπειλῆς
2875 5356 2972 5422 τὴν
3000 5353 3176 5406 αἰτίαν
3208 5353 3516 5406 ἐπίσταται.
3534 5352 3683 5413 Ὀδὲ,

2118 5446 2243 5509 Ναὶ,
2268 5446 2452 5513 φησὶν,
2490 5442 2605 5497 οἶδα
2632 5445 2694 5496 τὸ
2718 5444 2906 5497 αἴτιον.
2934 5445 2995 5495 Οί
3022 5444 3097 5508 δὲ,
3128 5444 3236 5496 Καὶ
3257 5443 3306 5495 τί
3335 5443 3400 5497 ἂν
3431 5443 3514 5513 εἴη
3537 5460 3551 5507 ;
3589 5446 3691 5495 πά-

2116 5540 2199 5591 λιν
2221 5537 2531 5607 ὴρὼτησαν.
2570 5536 2627 5587 '0
2643 5535 2721 5598 δέ,
2744 5535 2816 5588 Τὸ
2860 5535 2934 5605 μὴ
2966 5535 3141 5587 θέλειν
3174 5552 3240 5603 με
3286 5534 3599 5605 προσελθεῖν
3621 5536 3686 5603 τῇ

2118 5628 2406 5695 καθολικῖγ
2438 5624 2733 5695 Ἐκκλησία
2797 5626 2889 5677 καὶ
2938 5629 3048 5688 τοῖς
3082 5628 3138 5677 ἐν
3167 5626 3303 5695 αύτῇ
3347 5625 3687 5695 τελουμένοις

2118 5718 2353 5790 Χριστοῦ
2413 5719 2751 5787 μυστηρίοις,
2803 5717 3197 5787 πβσήγγελλε.
3230 5719 3293 5771 Τί
3337 5714 3465 5784 οὗν;
3516 5735 3686 5788 προσ-
