3934 6308
201 294 348 354 3553

1214 298 1315 357 SS.
1350 297 1521 355 CYRI
1559 295 1651 354 ET
1691 296 2008 355 JUANNIS
2048 298 2460 359 MIRACUIA.

3329 286 3467 351 3354

202 409 365 478 ‘P‘mt
398 409 583 474 φατὶνο
614 408 661 458 εξ
696 408 794 477 τῆς
852 402 991 459 κάτᾶ
1049 406 1140 458 σεδ
1198 407 1580 476 μελετωμένης
1617 406 1784 474 ὀργῆς

1895 405 2123 472 accedis,
2163 408 2335 465 aiunt,
2391 408 2623 475 siquam
2677 401 3005 456 ttteditnntnr
3043 400 3179 453 iram
3205 400 3463 451 adversus

203 496 571 564 ἁπολύσωμεν
623 514 636 559 ;
679 496 786 546 Καὶ
851 495 1179 563 συνθέμενον
1232 494 1392 546 αὐτὸν
1442 493 1791 545 ἀπολύουσιν.

204 588 477 656 Στραςρείς
508 587 564 638 δὲ
599 587 737 655 μετὰ
766 587 857 638 τὸν
907 586 1138 655 διειρον,
1175 584 1428 655 περιδεὴς
1460 583 1536 635 ἔτι
1570 582 1664 634 καὶ
1703 580 1791 661 ένέ

203 691 408 743 τρομος
437 675 507 726 τὰ
526 676 659 727 ’κατ’
691 674 824 745 ὄναρ
860 676 1096 737 φανέντα
1122 672 1244 727 καθ’
1271 672 1463 725 ἑαυτὸν
1482 673 1755 739 ἐλογίζετο
1774 687 1787 701 ο

205 758 364 810 οὔπω
416 758 473 812 δὲ
538 760 821 824 πέπειστο,
887 760 1342 831 ἁλλ’-ἀμφίϐολον
1408 757 1557 831 εἶχεν
1607 760 1792 830 ἀκμὴν

203 850 306 918 τὴν
335 849 596 915 διάνοιαν,
629 853 724 904 καὶ
772 852 864 904 τὶν
887 852 1146 923 λογισμὸν
1180 853 1308 924 τῇδε
1363 854 1584 906 κάκεῖσε
1628 853 1790 922 φερό-

208 956 395 1009 μενον.
1169 1007 1177 1014 _

232 1078 249 1087 κ
291 1034 381 1086 Ἐν
409 1035 519 1105 ὅσῳ
541 1034 597 1088 δὲ
648 1036 715 1089 τὰ
771 1039 903 1108 περὶ
949 1036 1154 1090 τούτων
1215 1038 1528 1102 ἐσκέπτετο,
1584 1038 1715 1107 πρὶν
1753 1038 1787 1107 ἢ

202 1122 545 1197 ταλαντεύσῃ
600 1125 661 1178 τὸ
689 1129 981 1197 χρήσιμον,
1008 1128 1103 1182 καὶ
1156 1128 1218 1181 τὸ
1252 1129 1524 1199 πρακτέον
1558 1127 1791 1198 βεϐαίως

201 1215 517 1283 ψηφίσοιτο,
545 1217 707 1270 πάλιν
763 1217 1080 1286 άφύπνωσε,
1113 1220 1208 1273 καὶ
1251 1219 1413 1274 πάλιν
1444 1219 1632 1289 βλέπει
1664 1220 1788 1281 τοὺς

207 1307 517 1379 μάρτυρας,
566 1310 626 1362 ἐν
666 1309 954 1365 Ἰουλιανοῦ
980 1309 1074 1364 τοῦ
1107 1310 1355 1364 διακόνου
1403 1311 1500 1381 θέᾳ
1534 1310 1626 1363 καὶ
1655 1311 1789 1380 σχή-

209 1415 364 1468 ματι,
396 1400 455 1463 ὃς
483 1403 607 1454 κατ’
638 1403 814 1455 ἐκεῖνο
866 1402 1060 1474 καιροῦ
1088 1402 1422 1472 λειτουργεῖν
1461 1404 1518 1454 ὲν
1563 1401 1642 1472 τῷ
1676 1399 1790 1470 ναῷ

207 1493 628 1565 προκεχείριστο
659 1532 675 1557 ,
704 1494 1060 1564 παρεστῶτας
1114 1497 1209 1549 καὶ
1265 1495 1524 1564 λέγοντας
1549 1509 1563 1524 ο
1594 1488 1786 1564 Asopo,

202 1585 342 1653 πρὸς
373 1586 436 1637 τὸ
466 1587 655 1655 μνῆμα
682 1587 791 1638 τῶν
808 1586 979 1655 ἁγίων
1004 1586 1250 1650 ἐλθόντες
1271 1584 1577 1655 εὐξώμεθα.
1600 1584 1786 1638 Ταῦτα

201 1671 256 1725 δὲ
325 1674 464 1743 πρὸς
509 1675 671 1728 αὐτὸν
729 1676 1052 1744 διελέγοντο,
1107 1675 1494 1747 δοκιμάζοντες
1537 1677 1699 1730 αὑτὸν
1737 1678 1786 1729 εί

1897 502 1950 549 te
2001 496 2357 551 relaxamns?
2411 499 2472 550 lat
2517 496 2876 564 spondentem
2929 491 3078 545 illum
3119 489 3467 544 dimiserunt.

1894 586 2208 641 Conversus
2241 596 2423 641 autem
2454 595 2578 656 post
2624 587 2922 648 somnium,
2973 575 3177 653 pavens
3206 580 3386 635 adhuc
3413 593 3469 635 et

1895 684 2155 740 tremens,
2191 691 2314 746 qua:
2365 678 2468 731 sibi
2502 685 2868 746 apparuerant
2894 676 2947 727 in
2985 675 3103 728 visu
3145 687 3330 727 secum
3362 682 3468 724 tra-

1893 767 2077 820 ctabat
2108 784 2123 833 ;
2178 766 2424 821 nondum
2457 776 2636 820 tamen
2675 766 2955 828 credebat,
2987 764 3081 818 sed
3112 761 3337 816 dubium
3373 760 3467 813 ad-

1893 850 2001 911 huc
2026 857 2269 911 animum
2292 856 2631 927 possidebat,
2666 865 2719 912 et
2762 852 3149 926 cogitationem
3179 852 3471 907 hue'illnc-

1892 963 1999 1018 que
2029 947 2258 1003 ferebat.

1964 1037 2133 1091 Porro
2199 1038 2330 1093 dum
2394 1039 2463 1094 de
2524 1039 2611 1094 his
2670 1034 3466 1109 consideraret,lpriusquam

1890 1128 2272 1198 perpendisset
2300 1131 2446 1199 quod
2479 1139 2625 1186 chet
2658 1132 2869 1196 utilius,
2894 1138 2946 1183 et
2972 1128 3103 1199 quid
3133 1129 3271 1184 foret
3301 1142 3470 1198 agen-

1890 1220 2018 1274 dum
2076 1222 2431 1290 decerneret,
2490 1225 2687 1280 iterum
2737 1222 3088 1289 obdormivit,
3152 1231 3207 1278 et
3273 1223 3469 1276 iterum

1892 1320 2162 1383 martyres
2184 1313 2401 1383 aspicit,
2425 1315 2478 1368 in
2502 1315 2688 1371 habitu
2714 1323 2767 1369 et
2798 1318 2982 1385 specie
2996 1314 3198 1369 Juliaui
3228 1314 3469 1376 diaconi,

1889 1402 1982 1471 qui
2036 1417 2134 1471 per
2167 1404 2307 1458 idem
2356 1413 2573 1475 tempus
2619 1403 2687 1458 ad
2729 1406 3141 1474 obsequendum
3181 1404 3234 1457 in
3267 1405 3473 1473 templo

1890 1493 2132 1564 ipsorum
2166 1505 2457 1565 provectus
2481 1497 2787 1560 exstiterat,
2819 1506 3063 1552 astantes
3089 1507 3253 1567 atque
3281 1497 3473 1550 dicen-

1889 1594 1970 1640 tes
2005 1605 2019 1640 :
2069 1586 2200 1641 Ileia
2231 1588 2296 1642 ad
2333 1589 2649 1643 memoriam
2690 1597 3007 1643 sanctorum
3041 1589 3323 1642 venientes
3351 1602 3474 1642 ore-

1889 1690 2031 1729 mus.
2072 1664 2221 1731 Haec
2277 1691 2410 1731 vero
2458 1679 2523 1731 ad
2573 1695 2696 1733 eum
2744 1678 3126 1750 disputabant,
3179 1679 3489 1750 probantes,

207 1765 487 1833 μετέθετο,
520 1769 612 1821 καὶ
673 1770 945 1841 πειθήνιος
975 1771 1158 1833 αὐτοῖς
1190 1769 1330 1840 μετὰ
1369 1769 1628 1838 τοιαύτην
1662 1770 1784 1840 ὄψιν

1895 1765 2065 1828 illum,
2096 1767 2143 1822 si
2175 1776 2415 1823 mutatus
2448 1777 2611 1833 esset,
2638 1777 2693 1823 et
2730 1771 2991 1826 obediens
3017 1766 3119 1826 sibi
3154 1779 3276 1841 post
3303 1772 3466 1826 talem

192 1858 489 1939 γεγένητο.
554 1860 771 1930 Ἀμέλει
835 1859 959 1929 γοῦν
996 1862 1087 1913 ἐπὶ
1138 1863 1238 1933 τὴν
1268 1862 1426 1932 σορὸν
1472 1860 1652 1914 αὐτῶν
1685 1862 1784 1931 τὴν

204 1950 393 2019 τιμίαν
424 1951 730 2020 ἐρχόμενοι,
757 1953 852 2004 καὶ
910 1952 1008 2006 σὺν
1043 1953 1231 2016 αὐτοῖς
1273 1950 1668 2006 ἀκολουθοῦντα
1695 1952 1785 2005 τὸν

207 2040 487 2108 Θεόδωρον
518 2041 759 2111 ἔχοντες,
785 2042 892 2113 πρὸ
944 2042 1038 2097 τοῦ
1081 2044 1443 2114 φωτιστηρίου
1476 2044 1781 2112 γενόμενοι,

203 2133 331 2185 ἔνθα
376 2133 616 2197 ζωοποιὰ
648 2134 887 2204 Χριστοῦ
937 2137 1114 2189 κεῖται
1162 2137 1459 2207 μυστήρια,
1521 2135 1785 2188 εἰσελθεῖν

202 2224 370 2277 αὑτὸν
404 2226 496 2278 καὶ
529 2224 851 2294 μεταλαϐεῖν
872 2226 1302 2297 προετρέποντο,
1326 2224 1543 2279 Είσελθε
1561 2266 1575 2292 ,
1599 2225 1785 2294 λέγον-

203 2330 313 2378 τες,
340 2315 439 2367 σὺν
486 2317 618 2384 ἡμῖν
662 2315 759 2368 καὶ
800 2315 908 2368 τῶν
959 2317 1131 2385 ἁγίων
1181 2315 1418 2387 Χριστοῦ
1469 2318 1785 2386 μυστηρίων

209 2406 503 2475 μετάλαϐε.
539 2405 598 2459 ’0
634 2406 712 2470 δὲ,
745 2406 846 2472 Οὐ,
874 2406 1173 2478 φησὶν,οΰκ
1203 2409 1520 2478 εἰσέρχομαι
1548 2426 1562 2440 ο
1592 2409 1787 2478 ἑτέρας

204 2498 315 2567 γὰρ
337 2495 451 2565 ἐγὼ
483 2496 641 2568 δόξης
696 2496 1036 2569 καθέστηκα,
1068 2499 1161 2552 καὶ
1205 2498 1267 2551 οὐ
1296 2496 1391 2552 τοῦ
1420 2498 1521 2568 τῆς
1558 2499 1788 2569 Ἐκκλη-

206 2589 327 2653 σίας
359 2589 717 2659 κηρύγματος
739 2605 754 2620 ο
780 2589 1066 2661 προσδοκῶ
1109 2590 1166 2644 δὲ
1205 2591 1446 2662 σήμερον
1465 2592 1564 2661 τὴν
1591 2593 1787 2664 γεννή-

207 2696 401 2749 σασαν,
431 2686 501 2736 τά
548 2683 647 2754 τῆς
705 2682 1061 2752 μεταλήψεῶς
1110 2700 1201 2754 μοι
1229 2682 1379 2754 δῶρα
1427 2683 1782 2754 κομίζουσαν.

217 2772 358 2828 Ἂλλ’
389 2774 549 2826 ἔασόν
574 2790 641 2842 με
672 2774 830 2836 τέως,
852 2774 988 2845 πρὸς
1009 2776 1099 2826 τὸν
1127 2774 1290 2827 αὐτὸν
1304 2773 1547 2828 διάκονον
1577 2773 1783 2855 ἔλεγεν,

205 2865 352 2928 ὅπως
382 2867 442 2918 ὲν
468 2866 579 2936 ὅσῳ
637 2864 705 2919 τὰ
754 2865 846 2918 τοῦ
877 2867 1161 2937 μνήματος
1184 2865 1453 2935 ήνέῳκται
1492 2866 1785 2933 κάνκελλα,

204 2955 464 3011 εἰσελθὼν
480 2956 555 3010 ⁴τὸ
583 2955 685 3026 τῆς
734 2957 1004 3026 κανδήλας
1050 2957 1229 3011 ἔλαιον
1289 2956 1552 3028 δέξωμαι.
1588 2957 1784 3011 Πολλοὶ

202 3051 312 3121 γὰρ
333 3048 495 3102 τοῦτο
522 3048 629 3101 τῶν
665 3051 727 3101 οὐ
756 3047 1091 3101 κοινωνικῶν
1137 3044 1584 3118 διαπράττονται,
1629 3050 1686 3103 ὲν
1717 3051 1782 3121 τῇ

1894 1858 2159 1914 visionem
2188 1861 2499 1916 exsisteret.
2546 1861 2790 1931 Denique
2833 1863 2902 1917 ad
2952 1865 3251 1932 pretiosum
3282 1880 3470 1918 eorum

1893 1954 2163 2005 tumulum
2215 1954 2625 2017 convenientes,
2677 1963 2731 2009 et
2762 1966 3078 2025 sequentem
3122 1955 3472 2011 Theodotum

1892 2059 2078 2100 secum
2135 2047 2417 2105 habentes.
2475 2063 2600 2104 cum
2652 2058 2779 2104 ante
2828 2049 3282 2104 illuminatoriutn
3342 2050 3470 2105 facti

1893 2138 2152 2205 fuissent,
2208 2140 2299 2194 ubi
2346 2141 2554 2196 vivilica
2580 2140 2784 2196 Christi
2809 2143 2988 2213 posita
3035 2151 3162 2198 sunt
3187 2146 3469 2214 mysteria,

1892 2231 2121 2287 introire
2156 2234 2299 2288 hunc
2329 2242 2384 2288 et
2415 2234 2825 2291 communicare
2871 2238 3304 2293 adhortabantur
3333 2256 3346 2291 :
3383 2239 3474 2291 In-

1893 2324 2141 2395 gredere.
2174 2324 2440 2389 dicentes,
2465 2326 2767 2391 uobiscum,
2798 2335 2852 2382 et
2888 2335 3081 2383 Sancta
3109 2328 3316 2382 Christi
3357 2344 3474 2399 my-

1891 2417 2058 2472 steria
2104 2419 2341 2488 percipe.
2382 2417 2454 2473 At
2491 2418 2806 2484 ille:Non,
2855 2420 3050 2489 inquit,
3096 2436 3201 2474 non
3249 2436 3473 2490 prorsus

1893 2508 2170 2577 ingredior
2205 2525 2220 2575 ;
2258 2509 2487 2564 alterius
2517 2510 2662 2565 enim
2692 2527 2793 2581 ego
2830 2512 3108 2580 opinionis
3156 2514 3386 2574 exsisto,
3418 2520 3473 2567 et

1893 2614 2002 2654 non
2032 2600 2439 2670 praedicationis
2473 2602 2770 2671 Ecclesiae;
2807 2615 3067 2673 exspecto
3101 2614 3284 2659 autem
3311 2606 3471 2660 hodie

1893 2694 2240 2763 genitricem,
2265 2696 2670 2750 communionis
2695 2696 2825 2750 mihi
2850 2711 3079 2752 munera
3111 2696 3468 2752 deferentem.

1896 2786 2000 2843 Sed
2033 2789 2250 2844 dimitte
2295 2804 2381 2843 me
2413 2788 2653 2852 interim,
2688 2788 2753 2844 ad
2794 2789 3047 2844 eumdem
3101 2789 3318 2845 dicebat
3356 2791 3475 2844 dia-

1894 2894 2115 2943 conum,
2164 2889 2221 2934 ut
2256 2882 2385 2950 quia
2435 2865 2776 2936 monumenti
2826 2882 3059 2937 cancelli
3102 2883 3275 2952 aperti
3322 2895 3471 2949 sunt,

1893 2970 2176 3040 ingressus
2213 2971 2393 3026 oleum
2429 2973 2671 3028 candela:
2701 2975 3019 3043 suSt-ipiam.
3052 2973 3206 3028 Multi
3231 2975 3376 3030 enim
3403 2991 3472 3030 ex

1897 3060 1981 3117 his
2016 3065 2107 3133 qui
2134 3080 2242 3118 non
2277 3065 2707 3127 communicant,
2755 3066 2810 3120 id
2844 3074 3008 3135 agunt
3042 3085 3057 3133 ;
3091 3067 3294 3134 oleum,
3326 3068 3471 3138 quod

206 3142 312 3195 τῶν
337 3141 512 3209 ἁγίων
550 3140 786 3211 κανδήλᾳ
814 3140 1102 3210 καιόμενον
1137 3141 1336 3204 ἔλαιον,
1369 3141 1489 3194 ἀντὶ
1534 3140 1785 3209 σώματος

1895 3169 1945 3222 in
1997 3164 2315 3209 sanctorum
2352 3156 2505 3210 ardet
2565 3155 2817 3223 candela,
2862 3174 2962 3229 pro
2994 3174 3229 3230 corpore
3278 3172 3474 3216 sancto

210 3234 363 3301 ἁγίου
390 3232 486 3284 καὶ
519 3232 752 3302 αἵματος
798 3230 1038 3302 Χριστοῦ
1088 3229 1183 3283 τοῦ
1212 3228 1431 3283 πάντων
1463 3230 1620 3300 ήμῶν
1648 3228 1784 3284 θεοῦ

207 3324 300 3377 καὶ
341 3324 598 3392 Σωτῆρος
641 3322 920 3393 δεχόμενοι
951 3321 1063 3392 (22)
1091 3337 1104 3349 °
1127 3321 1249 3390 μηδ’
1274 3321 1302 3375 ὂ
1332 3321 1687 3392 πράττουσιν,
1710 3322 1786 3386 ὡς

207 3412 386 3486 οἶμαι,
413 3414 796 3483 γινώσκοντες,
828 3417 964 3485 μήτε
985 3415 1045 3466 τὸ
1073 3415 1171 3483 τῆς
1198 3412 1403 3489 βλάϐης
1432 3413 1787 3484 ἐπιστάμενοι

210 3507 465 3576 μέγεθος.

287 3598 556 3668 Ἡγιάσθή
581 3596 679 3667 μὲν
707 3596 838 3668 γὰρ,
867 3594 1011 3664 λέγω
1032 3594 1318 3669 κὰγὼ,[τὸ]
1338 3596 1435 3666 τῆς
1483 3595 1587 3649 τῶν
1619 3595 1789 3663 ἁγίων

211 3690 482 3762 κανδήλας
514 3689 713 3752 ἔλαιον,
746 3687 881 3742 ἀλλὰ
900 3687 952 3739 τί
981 3686 1138 3740 τοῦτο
1156 3688 1293 3757 πρὸς
1315 3688 1406 3740 τὸν
1445 3688 1570 3747 τοὺς
1599 3686 1790 3754 ἁγίους

210 3780 407 3841 αὐτοὺς
438 3778 731 3846 ἁγιάζοντα
761 3793 777 3842 ;
813 3776 923 3828 Καὶ
957 3775 1184 3845 δύναμιν
1216 3773 1346 3826 αὐτὸ
1374 3774 1517 3828 κατὰ
1548 3773 1790 3845 νοσημά-

207 3888 239 3922 τ
259 3888 315 3923 ον
353 3871 500 3940 ἔχειν
548 3867 810 3939 τιθέμεθα
842 3866 978 3938 (‘23),
1011 3868 1147 3919 ἀλλὰ
1175 3867 1228 3919 τί
1271 3867 1406 3934 πρὸς
1436 3863 1672 3937 Χριστὸν
1696 3866 1797 3941 τοῦ¹

209 3961 342 4015 Θεοῦ
368 3961 561 4028 σοφίαν
590 3959 717 4012 ὄντα
739 3960 830 4011 καὶ
858 3958 1110 4028 δύναμιν,
1143 3957 1234 4010 τὸν
1267 3956 1359 4010 καὶ
1393 3958 1661 4028 μάρτυσιν
1691 3960 1790 4011 αὑ-

209 4054 321 4117 τοῖς
344 4051 660 4123 χαρίσματα
719 4051 1001 4119 δυνάμεων
1031 4049 1263 4118 νέμοντα
1288 4066 1302 4112 ;
1332 4049 1492 4116 Λέγω
1531 4049 1587 4102 δὲ
1626 4051 1791 4120 τιμῆς

211 4144 358 4209 ἄξιον
371 4144 447 4206 ὡς
464 4143 647 4196 ἐπάνω
667 4142 762 4209 τῆς
782 4140 956 4211 θήκης
982 4128 1103 4193 καιῦ
1113 4157 1293 4209 μενον,
1320 4139 1445 4193 me
1466 4140 1517 4193 τί
1544 4140 1679 4211 πρὸς
1700 4142 1792 4193 τὸν

210 4237 301 4288 ἐπὶ
328 4235 437 4288 τῶν
484 4234 765 4304 Χερουϐὶμ
795 4232 1194 4302 καθεξόμενονς
1241 4232 1335 4284 καὶ
1363 4231 1416 4284 τί
1447 4231 1506 4284 τὸ
1536 4232 1634 4300 τῆς
1657 4249 1793 4286 καν-

207 4325 370 4395 δήλας
394 4325 569 4377 ἔλαιον
588 4323 697 4376 τῶν
720 4323 887 4390 ἁγίων
917 4322 1390 4391 παραφερόμενον,
1410 4320 1442 4391 ἦ
1460 4322 1585 4383 τοὺς
1605 4321 1792 4388 ἁγίους

1886 3249 1941 3296 et
2003 3244 2271 3313 sanguine
2315 3243 2516 3300 Christi
2549 3251 2792 3303 omnium
2848 3258 3096 3304 nostrum
3146 3248 3237 3305 Dei
3261 3264 3315 3304 et
3349 3249 3472 3304 Sul-

1889 3333 2094 3387 vatoris
2116 3344 2417 3398 sumentes,
2431 3350 2612 3405 neque
2630 3337 2775 3405 quod
2795 3350 2964 3408 agunt
2987 3347 3045 3392 ut
3069 3355 3192 3394 reor
3209 3340 3471 3411 scientes,

1889 3438 2068 3492 neque
2100 3424 2342 3479 hcsionis
2368 3424 2805 3503 magnitudinem
2831 3437 3248 3498 cognoscentes.

1906 3628 1912 3634 Α
1959 3595 2172 3650 Etenim
2226 3597 2627 3651 sanctiﬁcatum
2665 3599 2886 3668 quidem
2918 3614 3062 3661 esse,
3094 3599 3221 3655 dico
3248 3612 3300 3656 et
3333 3617 3458 3670 ego,

1891 3696 2208 3743 sanctorum
2261 3689 2500 3743 candelae
2550 3691 2773 3758 oleum;
2830 3692 2922 3746 sed
2965 3691 3096 3761 quid
3133 3701 3216 3747 est
3251 3694 3373 3756 hoc,
3404 3695 3471 3749 ad

1890 3782 2354 3849 comparationem
2410 3781 2530 3849 ejus
2555 3781 2646 3849 qui
2687 3783 2834 3851 ipsos
2864 3791 3085 3838 sanctos
3112 3784 3415 3838 sanctiﬁcat
3451 3785 3477 3838 ?

1893 3871 1959 3926 Et
1988 3874 2240 3925 virtutem
2277 3873 2328 3926 id
2364 3882 2553 3926 contra
2589 3874 2884 3940 Ianguores
2914 3873 3116 3930 habere
3149 3877 3417 3931 conﬁteor
3452 3895 3470 3945 ;

1892 3962 1985 4019 sed
2020 3961 2149 4031 quid
2178 3962 2244 4016 ad
2294 3949 2641 4018 collationem
2670 3959 2896 4025 Christi,
2927 3965 3019 4035 qui
3051 3975 3134 4021 est
3168 3965 3263 4022 Dei
3289 3970 3464 4025 virtus

1892 4063 1945 4108 et
1997 4053 2264 4122 sapientia
2296 4054 2319 4106 ’ί
2371 4053 2463 4122 qui
2500 4061 2554 4108 et
2592 4053 2726 4124 ipsis
2749 4070 2967 4125 quoque
2985 4059 3320 4123 martyribus
3348 4060 3460 4112 vir-

1896 4153 2069 4197 tutum
2116 4143 2449 4199 charismata
2496 4145 2712 4199 tribuit.
2757 4144 2888 4200 Dico
2910 4159 3086 4202 autem
3134 4158 3190 4203 et
3223 4150 3468 4218 quodest

1895 4235 2105 4289 honore
2154 4234 2401 4306 dignum.
2446 4245 2710 4305 tanquam
2748 4237 2800 4291 id
2853 4239 2997 4308 quod
3030 4255 3195 4309 supra
3232 4240 3471 4295 loculum

1896 4326 2050 4380 ardet
2085 4325 2246 4390 ;'sed
2294 4325 2423 4394 qttid
2477 4326 2542 4378 ad
2600 4326 2965 4395 aequalitatem
3002 4328 3141 4398 ejus,
3181 4330 3275 4401 qtti
3322 4332 3474 4385 sedet

210 4416 404 4479 αὐτοὺς
452 4414 577 4476 τοὺς
608 4412 717 4483 [ab]
747 4412 847 4481 τῆς
897 4410 1167 4481 κανδήλας
1204 4410 1528 4477 ἁγιάζοντας
1577 4408 1787 4475 ἔλαιονς

1896 4432 2062 4486 super
2094 4416 2389 4471 Cherubim
2433 4415 2545 4471 ?Et
2571 4418 2700 4488 quid
2739 4419 2980 4473 candela:
3009 4432 3324 4475 sanctorum
3347 4420 3475 4476 alle-

212 4508 324 4559 Πᾶν
356 4505 463 4577 γάρ
490 4506 626 4575 ὅπερ
665 4503 922 4572 κτίσματι
943 4501 1223 4566 τέτακται,
1252 4501 1314 4553 οὐ
1344 4501 1502 4571 μόνον
1528 4501 1789 4567 ἐπίγειον,

211 4600 346 4652 ἀλλὰ
374 4599 437 4670 δὴ
480 4598 573 4652 καὶ
605 4597 874 4668 οὐράνιον,
910 4599 1019 4650 εἴτε
1052 4595 1264 4666 Θρόνοι,
1287 4593 1396 4647 εἴτε
1432 4594 1624 4664 Ἀρχαὶ
1647 4634 1661 4656 ,
1684 4594 1793 4645 εἴτε

223 4689 512 4755 Ἐξουσίαι,
543 4691 653 4742 εἴτε
682 4689 1039 4759 κυριότητες.
1062 4688 1170 4740 εἴτε
1192 4688 1459 4755 Δυνάμεις
1485 4683 1791 4752 ἀγγελικαὶ,

214 4777 305 4829 καὶ
339 4777 489 4847 παρὰ
524 4776 728 4840 ταύτας
758 4777 963 4845 ἕτεραι,
995 4776 1103 4827 εἴτε
1136 4775 1273 4826 αὐτὰ
1296 4775 1576 4844 Χερουϐὶμ
1604 4773 1697 4826 καὶ
1724 4773 1790 4826 τὰ

214 4868 461 4939 Σνραφὶμ
513 4871 581 4921 τά
626 4868 990 4937 πολυόμματα
1035 4866 1149 4930 ζῶα
1181 4866 1275 4920 καὶ
1314 4865 1684 4934 ἑξαπτέρυγα,
1724 4864 1787 4916 τὰ

212 4959 317 5012 τῶν
374 4960 583 5013 πολλῶν
644 4960 958 5029 κτισμάτων
1002 4959 1135 5012 πολὺ
1184 4959 1504 5028 τιμιώτερα,
1559 4957 1651 5009 ml.
1698 4956 1786 5010 διὰ

210 5049 371 5104 τοῦτο
396 5051 528 5104 Θεὸν
557 5049 924 5121 ὲποχούμενον
965 5049 1189 5120 ἔχοντα’
1239 5049 1349 5103 εἴτε
1380 5065 1464 5111 τις
1498 5050 1556 5101 ἐν
1580 5050 1790 5117 νοητοῖς

214 5142 374 5212 ἑτέρα
404 5142 580 5206 κτίσις
627 5141 957 5212 καθέστηκε,
988 5140 1107 5211 Θεῷ
1146 5141 1246 5211 μὲν
1280 5139 1491 5210 φανερά
1517 5138 1596 5210 τῷ
1634 5142 1790 5211 ποιή-

174 5215 179 5220 “
214 5232 542 5302 σαντι,ήμῖν
564 5230 620 5284 δὲ
653 5232 765 5294 τοῖς
781 5229 1090 5300 ἀνθρώποις
1120 5230 1459 5300 ἁπόκρυφος,
1500 5229 1785 5301 ἀγαπητὸν

213 5323 423 5392 ἡγεῖται
476 5325 571 5377 καὶ
630 5321 849 5393 εὔχεται
891 5322 953 5376 τὸ
981 5321 1219 5378 δούλειον
1265 5323 1420 5391 ἄγειν
1470 5321 1653 5391 ζυγὸν,
1691 5325 1788 5378 καὶ

1895 4514 2067 4566 rimus
2087 4512 2287 4576 oleum,
2315 4512 2660 4582 potiusquam
2688 4523 2913 4567 sanctos
2944 4516 3090 4584 ipsos
3107 4514 3198 4584 qui
3232 4515 3470 4572 candelae

1893 4603 2241 4659 sanctilicant
2283 4603 2503 4657 oleum?
2535 4606 2706 4657 Umne
2729 4603 2928 4674 quippe
2959 4609 3102 4674 quod
3136 4606 3277 4660 inter
3309 4623 3466 4662 crea-

1891 4704 2041 4750 tutas
2063 4695 2461 4760 dinumeratur,
2493 4709 2599 4748 non
2628 4699 2804 4749 solum
2835 4706 3134 4762 terrenum,
3157 4697 3250 4752 sed
3282 4707 3336 4752 et
3358 4720 3369 4748 ι
3389 4713 3473 4754 (e-

1887 4787 2042 4851 leste,
2062 4787 2175 4841 sive
2196 4786 2422 4850 Throni,
2464 4788 2577 4842 sive
2618 4787 2985 4858 Principatus,
3031 4788 3146 4843 sive
3169 4788 3476 4845 PoteSIates

1894 4878 2007 4932 sive
2036 4876 2468 4942 Dominationes,
2493 4879 2608 4932 sive
2640 4878 2878 4933 Virtutes
2907 4879 3183 4948 angelica,
3208 4888 3261 4932 et
3281 4893 3477 4948 praeter

1894 4965 1993 5019 has
2020 4967 2159 5031 aliae,
2177 4968 2287 5021 sive
2315 4968 2417 5038 ipsi
2448 4967 2743 5022 Cheruhim
2775 4970 3153 5039 etSeraphim,
3175 4971 3472 5025 multorum

1892 5056 2173 5111 oculorum
2193 5073 2558 5128 senarumque
2575 5060 2783 5112 alarum
2809 5060 3088 5126 animalia,
3103 5061 3197 5130 qui
3219 5076 3341 5115 cum
3362 5064 3475 5118 sint

1892 5148 2246 5215 pretiosiores
2292 5163 2456 5217 quam
2505 5150 2690 5204 multa:
2732 5162 2995 5207 creaturae
3018 5192 3032 5216 ,
3068 5152 3234 5207 Deum
3268 5154 3476 5209 idcirco

1889 5238 2086 5293 vehere
2107 5240 2493 5306 dinoscuntur,
2529 5243 2612 5297 vel
2650 5244 2819 5312 siqua
2861 5244 2916 5297 in
2965 5244 3330 5299 invisibilibus
3362 5245 3472 5299 alia

1891 5338 2141 5385 creatura
2160 5334 2244 5387 est
2262 5332 2371 5388 Deo
2388 5333 2677 5388 manifesta
2691 5335 2784 5405 qui
2809 5332 2958 5402 fecit,
2977 5344 3029 5390 et
3054 5335 3215 5390 nobis
3231 5338 3471 5402 occulta,

1694 5415 1926 5474 NOTAE.

284 5505 397 5579 (22)
414 5506 616 5563 Confer
645 5509 748 5564 hoc
775 5509 1052 5579 egregium
1084 5508 1147 5561 de
1171 5520 1403 5579 corpore
1431 5514 1484 5560 et
1510 5508 1785 5579 sanguine

219 5572 452 5647 ροιυίιιῖ,
509 5580 570 5633 in
602 5572 939 5634 eucharistia
993 5572 1369 5647 praesentibus,
1404 5572 1781 5630 testimonium

219 5644 527 5716 Spphroni‘i,
545 5665 668 5703 cum
699 5650 809 5702 alio
835 5649 887 5701 in
932 5644 1328 5703 commentario
1356 5648 1609 5716 ejusdem
1632 5649 1783 5699 litur-

220 5714 356 5781 κίοι).
399 5734 559 5787 quem
593 5720 696 5788 ipsi
730 5719 1002 5774 edidimus
1036 5734 1050 5783 ;
1091 5717 1328 5786 itemque
1356 5718 1408 5769 in
1455 5714 1647 5770 mit-ac.
1685 5718 1778 5771 58.

1963 5513 2076 5587 (25)
2101 5516 2267 5571 Viden
2309 5514 2700 5587 Sephronium,
2737 5519 2829 5586 qui
2870 5518 2992 5573 oleo
3017 5527 3144 5575 ante
3171 5533 3360 5575 sacras
3380 5533 3469 5573 re-

1893 5582 2091 5660 liquia's
2140 5582 3114 5660 incenso'virtutem'medicinalem,
3171 5598 3473 5660 martyrum

1894 5657 2104 5710 scilicet
2140 5657 2356 5711 meritis
2390 5660 2762 5724 conciliatam,
2797 5660 2883 5728 pie
2913 5659 3154 5713 tribuit?
