4002 6312
449 251 594 317 3555

1300 247 1362 308 ἓ.
1393 243 1809 307 SOPHRONII
1842 239 2348 303 PATRIARCHJB
2392 238 2792 315 HIEROSOL.

3575 243 3716 306 3556

450 364 686 420 amabile
738 362 1061 429 arbitratur,
1106 369 1159 417 et
1188 370 1341 430 optat
1371 362 1570 417 servile
1599 361 1798 415 ducere
1823 361 2036 429 jugtnn,

2143 358 2323 411 δοῦλον
2351 360 2497 415 εἶναι
2529 360 2648 420 καὶ,
2683 361 2943 426 λέγεσθαι
2980 358 3076 411 τοῦ
3109 358 3444 412 Δεσποτικιῦ
3473 361 3708 429 Χριστοῦ

446 464 504 508 et
532 453 811 519 famulari,
842 461 896 507 et
925 450 1184 505 demiuici
1209 451 1409 505 Christi
1458 449 1549 504 Dei
1584 450 1757 504 nostri
1789 447 2037 515 corporis

450 547 754 600 membrum
811 544 1015 606 vocari,
1062 558 1170 596 tton
1228 552 1410 596 autem
1461 542 1509 595 ei
1561 540 1895 609 comparari,
1951 540 2035 593 vel

449 636 836 705 aequalitatem,
885 635 932 688 si
972 633 1120 687 velut
1178 632 1309 702 quid
1340 647 1481 703 pene
1532 631 1711 686 simile
1764 633 1856 694 sit,
1903 630 2039 684 velle

450 731 800 799 aliquatenus
853 723 1134 795 applicare
1169 740 1184 789 ;
1239 724 1385 792 quod
1425 736 1603 792 neque
1643 723 1686 775 si
1732 719 2038 789 quis‘esset

448 819 541 889 qui
589 817 878 887 prwlteret,
935 817 1217 884 percipere
1272 815 1667 868 consensisset.
1718 810 1815 865 llic
1840 825 2036 866 sensus

447 921 533 966 est
566 911 741 963 hostis
770 908 1009 978 antiqui,
1048 922 1144 978 per
1180 922 1337 976 quem
1364 917 1417 961 et
1452 906 1567 974 ipse
1606 905 1850 974 rapinam
1887 904 2034 958 arbi-

448 1007 629 1053 tratus
657 1014 782 1054 esse
805 1014 865 1054 se
893 999 1157 1067 aequalem
1204 996 1335 1061 Deo,
1375 1005 1429 1050 et
1467 997 1680 1050 sedium
1712 995 2033 1050 similitudi-

450 1108 572 1146 nem
632 1104 799 1158 super
849 1088 1022 1143 nubes
1077 1089 1444 1159 praetendens,
1483 1082 1552 1140 ab
1597 1085 1787 1142 abside
1815 1087 2031 1143 calesti

449 1196 574 1234 cum
615 1189 743 1232 ante
775 1177 937 1232 fuerit
970 1176 1165 1231 lucifer
1188 1178 1410 1240 cecidit,
1449 1188 1504 1232 et
1534 1177 1745 1246 primos
1778 1186 2034 1247 parentes

449 1280 672 1326 nostros
707 1272 760 1324 in
812 1268 1068 1340 paradiso
1108 1267 1380 1325 seducens
1422 1270 1660 1339 pellexit.
1693 1268 1807 1323 Hoc
1849 1278 2033 1323 autem

450 1364 686 1417 dicimus
737 1377 841 1415 non
903 1360 1290 1430 praedictorum
1360 1374 1579 1415 errores
1624 1359 1965 1429 mrrigentes
2016 1377 2032 1424 ;

449 1453 581 1521 quid
610 1453 758 1507 enim
785 1452 915 1506 mihi
945 1466 1042 1506 eos
1070 1452 1161 1521 qui
1185 1451 1322 1506 foris
1355 1460 1485 1505 sunt
1506 1450 1780 1520 judicare,
1811 1458 1870 1505 ut
1903 1452 2035 1505 dicit

449 1543 746 1612 Apostolus
791 1542 813 1595 ?
866 1541 963 1595 sed
1013 1542 1209 1596 fratres
1256 1551 1474 1595 nostros
1502 1548 1694 1595 cautos
1717 1542 2030 1602 reddentes,

451 1652 518 1691 ne
547 1636 684 1689 forte
714 1634 836 1687 illos
870 1632 971 1687 hoc
1001 1634 1200 1702 saepius
1235 1632 1414 1686 facere
1437 1632 1883 1701 contemplantes,
1907 1646 2032 1686 eum

2140 447 2234 499 τοῦ
2261 448 2394 501 Θεοῦ
2427 448 2586 518 ἡμῶν
2616 448 2864 518 σώματος
2890 464 2902 477 ·
2940 449 3014 519 μὴ
3048 448 3155 518 μὴν
3194 448 3327 501 αὐτὸ
3371 450 3714 518 παραὸάλλε-

2141 538 2285 602 σθαι,
2318 539 2414 591 καί
2450 539 2511 589 τὺ
2542 540 2655 592 ῐσον
2685 539 2717 608 ἢ
2760 538 2911 609 παρὰ
2953 538 3147 609 μικρὸν
3186 536 3559 608 ἀποφέρεσθαι
3587 539 3710 608 βού-

2139 629 2324 682 λεσθαι
2344 647 2358 659 ο
2391 630 2527 700 ὅπερ
2552 630 2670 683 οὐδέ
2718 647 2804 692 τις
2835 627 2901 701 ἦν
2934 633 2962 683 ὀ
3014 630 3269 699 παρέχων
3300 630 3593 698 ἐτύγχανεν
3624 631 3712 682 λα-

2100 722 2253 775 οϐεῖν
2280 723 2620 785 κατεδέξατο.
2654 723 2824 777 Τοῦτο
2848 724 2956 792 γὰρ
2999 722 3092 775 τοῦ
3142 722 3454 792 ἀρχεκάκου
3478 722 3540 775 τὺ
3578 722 3709 792 φρό-

2139 832 2310 885 νημα,
2373 815 2440 868 δι’
2495 810 2557 870 οῦ
2603 818 2699 870 καὶ
2727 815 2886 879 αὐτὸς
2917 816 3017 885 τὴν
3069 815 3290 883 ἰσότητα
3331 814 3428 885 τὴν
3452 817 3590 885 πρὸς
3621 817 3710 868 τὸν

2137 909 2270 961 Θεὸν
2327 908 2620 979 ἁρπαγμὸν
2684 909 3053 978 ήγησάμετος,
3086 909 3182 962 καὶ
3229 908 3420 978 θρόνου
3451 910 3708 978 ὁμοίωσιν

2138 1000 2278 1070 ὑπὲρ
2300 1001 2433 1070 νέφη
2460 1000 2866 1071 φανταζόμενος
2887 1001 2989 1070 τῆς
3017 1001 3268 1070 οὐρανίου
3295 1000 3504 1071 ἁψῖδος,
3534 1004 3563 1054 ὁ
3585 1004 3708 1073 πρὶν

2137 1092 2785 1161 ὲωσφόροςέκπέπτωκε·
2808 1092 2903 1143 καὶ
2926 1093 3049 1153 τοὺς
3079 1091 3238 1154 όντας
3265 1093 3411 1161 ἡμᾶς
3444 1095 3503 1144 ἐν
3533 1110 3705 1161 παραυ

2134 1183 2297 1252 δείσῳ
2331 1183 2702 1253 προπάτορας,
2734 1183 2812 1245 εἰς
2832 1181 3042 1251 φθορὰν
3065 1181 3326 1244 δελεάσας
3341 1183 3709 1236 κατέσπασεν.

2137 1273 2324 1327 Ταῦτα
2350 1272 2406 1325 δὲ
2428 1273 2681 1344 λέγομεν,
2699 1274 2760 1326 οὐ
2777 1274 2843 1325 τὰ
2874 1273 2982 1326 τῶν
3005 1274 3313 1344 εἰρημένων
3338 1274 3709 1344 διορθούμενοι

2138 1364 2519 1433 σφάλματα(τί
2549 1364 2657 1434 γάρ
2692 1381 2781 1434 μοι
2839 1364 2964 1427 τοὺς
3002 1362 3108 1429 ἔξω
3155 1363 3397 1434 κρίνειν,
3435 1363 3511 1421 ὦς
3550 1380 3711 1432 φησιν

2136 1457 2164 1507 ό
2192 1450 2510 1518 Ἀ’πόστολος
2523 1454 2724 1524 ;),ἀλλὰ
2747 1454 2870 1516 τοὺς
2888 1453 3045 1524 ήμῶν
3063 1454 3326 1522 ἀδελφοὺς
3339 1439 3712 1521 ἀσφαλιζόμε-

2136 1564 2238 1612 νοι,
2272 1549 2469 1618 μήπως
2496 1546 2692 1609 αὐτοὺς
2715 1547 2871 1599 τοῦτο
2902 1544 3188 1608 ποιοῦντας
3229 1545 3551 1614 συχνότερον
3587 1544 3712 1613 βλέ-

2137 1655 2350 1706 ποντες,
2376 1640 2473 1692 σὺν
2530 1639 2712 1701 αὐτοῖς
2742 1637 3103 1708 ἀσεϐήσωσιν.
3150 1635 3289 1690 Ἀλλ’
3319 1636 3413 1689 ἐπὶ
3436 1635 3498 1688 τὸ
3525 1635 3713 1689 λειπό-

452 1728 539 1783 eis
565 1726 732 1795 impie
759 1734 942 1794 agant.
964 1699 1171 1780 Sed—ad
1192 1723 1527 1779 narrationis
1548 1699 1825 1779 residuum
1849 1724 2034 1779 venia-

2143 1699 2462 1801 μενον-ημῖν
2490 1730 2587 1799 τῆς
2615 1699 2919 1800 διηγήσεως
2948 1720 3212 1800 ἔλθωμεν.

456 1832 598 1873 mus.

520 1907 817 1967 Audientes
864 1923 995 1980 ergo
1043 1914 1335 1979 martyres,
1402 1907 1494 1977 qui
1550 1908 1710 1977 quasi
1763 1905 2023 1965 Julianus

451 2000 720 2054 diaconus
786 1998 1065 2069 languenti
1125 2007 1531 2067 "apparuerunt,
1591 1997 1734 2067 quod
1797 1997 2040 2052 candelae

453 2110 564 2148 sua:
591 2094 771 2146 oleum
806 2094 970 2145 vellet
1021 2090 1290 2159 accipere,
1336 2091 1391 2143 in
1432 2090 1582 2143 aditu
1633 2089 1724 2157 qui
1779 2096 1864 2142 est
1914 2099 2040 2144 ante

452 2184 723 2237 caricellns
765 2181 1145 2246 monumenti,
1206 2181 1496 2243 assistunt,
1548 2189 1601 2233 et
1653 2179 1936 2232 introitum
1988 2182 2039 2234 ei

455 2273 833 2342 prohibebant,
868 2273 922 2325 in
965 2271 1159 2326 faciem
1218 2271 1561 2334 resistentes,
1613 2281 1666 2323 et
1718 2269 2040 2339 ingredienti

456 2364 716 2417 velociter
750 2371 1152 2425 occurrentes;
1205 2369 1261 2414 et
1309 2361 1473 2416 modo
1520 2360 1740 2430 quidem
1787 2361 1851 2414 ad
1900 2361 2039 2415 sini-

456 2464 651 2516 stram,
691 2456 855 2509 modo
882 2468 1009 2508 vero
1039 2456 1094 2508 in
1125 2453 1403 2507 dexteram
1449 2463 1817 2516 transeuntes,
1848 2463 1902 2507 et
1948 2469 2041 2521 per

457 2548 790 2615 semetipsos
848 2546 1132 2599 introitum
1191 2544 1567 2597 obstruentes.
1646 2543 1782 2598 Cum
1858 2551 2039 2599 autem

459 2639 681 2705 multos
715 2638 984 2692 transitus
1037 2637 1320 2698 fecissent,
1373 2636 1441 2690 ad
1495 2635 1947 2690 illuminatorium
1990 2636 2039 2690 ei

460 2744 705 2797 pergere,
760 2735 815 2779 et
872 2726 1077 2781 Christi
1132 2736 1474 2779 sacramenta
1530 2728 1808 2795 percipere
1860 2727 2044 2783 minus

460 2826 886 2887 persuaserunt;
940 2832 1127 2871 verum
1182 2816 1563 2870 concedebant
1614 2817 1692 2869 illi
1754 2818 2040 2870 introitum

459 2912 551 2979 qui
600 2911 665 2962 ad
700 2911 981 2980 proprium
1021 2908 1290 2962 tumulum
1335 2908 1663 2962 deducebat.
1709 2907 1881 2973 Quem
1915 2923 2040 2962 cum

2224 1904 2583 1968 Ἀκούσαντες
2615 1904 2745 1973 γοῦν
2769 1905 2819 1956 οἰ
2867 1905 3141 1974 μάρτυρες
3181 1904 3231 1956 οἰ
3264 1906 3339 1967 ὡς
3374 1905 3660 1968 Ἰουλιανὸς
3686 1907 3717 1957 ὀ

2136 1998 2382 2061 διάκονος
2406 1998 2482 2066 τῷ
2505 1998 2747 2050 νοσοῦντι
2774 1997 3112 2065 φαινόμενοι,
3135 1995 3210 2059 ὡς
3228 1997 3289 2050 τὸ
3317 1996 3418 2064 τῆς
3445 1996 3717 2067 κανδήλας

2139 2088 2317 2142 ἔλαιον
2346 2086 2594 2157 βούλεται
2646 2084 2924 2151 δέξασθαι,
2954 2087 3035 2147 εἰς
3089 2085 3183 2137 τὸν
3244 2085 3455 2155 βατῆρα
3483 2086 3576 2139 τὸν
3610 2087 3720 2154 πρὸ

2138 2179 2248 2229 τῶν
2274 2177 2588 2231 κανκέλλων
2642 2176 2773 2229 ὄντα
2823 2174 2917 2227 τοῦ
2980 2176 3264 2244 μνήματος
3320 2174 3590 2241 ἵστανται,
3621 2177 3720 2227 καί

2137 2268 2241 2340 τὴν
2266 2269 2470 2321 εἴσοδον
2501 2268 2680 2320 αὐτῶν
2706 2265 3000 2318 διεκώλυον
3033 2267 3113 2328 εἰς
3142 2265 3265 2335 δψιν
3290 2267 3589 2335 γινόμενοι..
3620 2269 3720 2318 καὶ

2139 2362 2359 2414 εἰσιόντι
2394 2359 2806 2430 προτρέχοντες,
2856 2359 2949 2410 καὶ
3009 2356 3141 2409 ποτὲ
3167 2356 3267 2426 μὲν
3295 2357 3375 2418 εἰς
3403 2357 3553 2419 λαιὰ,
3585 2356 3721 2408 ποτὲ

2140 2452 2199 2505 δὲ
2227 2453 2305 2516 εἰς
2325 2451 2504 2516 δεξιὰν
2534 2450 2977 2519 μεταϐαίνοντες,
3009 2450 3102 2501 καὶ
3132 2448 3229 2518 τὴν
3257 2448 3462 2500 εἴσοδον
3491 2448 3559 2500 δι’
3596 2450 3720 2501 ἑαυ-

2140 2549 2248 2596 τῶν
2280 2543 2733 2611 ἁναφράττοντες.
2774 2541 2862 2603 Ὠς
2894 2540 2952 2592 δὲ
2977 2540 3173 2603 πολλὰς
3201 2540 3527 2609 μεταϐάσεις
3556 2543 3723 2611 ποιὴ-

2145 2651 2337 2696 σαντες
2367 2633 2502 2703 πρὸς
2531 2631 2592 2683 τὸ
2619 2632 2979 2700 φωτιστήριον
3011 2630 3188 2684 αὐτῶν
3218 2631 3469 2683 ἀπελθεῖν
3496 2632 3722 2685 καὶτῶν

2143 2726 2379 2796 Χριστοῦ
2418 2723 2763 2797 μυστηρίων¹
2787 2722 3112 2793 μεταλαϐεῖν
3167 2724 3266 2774 οὐκ
3297 2722 3545 2785 ἔπεισαν,
3578 2740 3720 2793 παρ-

2144 2819 2386 2890 εχώρουν
2419 2817 2568 2886 αὐτῷ
2623 2817 2723 2885 τὴν
2774 2816 2867 2867 ἐπὶ
2922 2815 3021 2885 τὴν
3049 2814 3253 2867 οἰκείαν
3301 2814 3460 2884 σορὸν
3481 2815 3723 2877 ἄγουσαν

2145 2914 2370 2966 εἴσοδον.
2429 2911 2537 2963 Καὶ
2588 2908 2792 2978 ταύτην
2838 2908 2893 2959 δὲ
2941 2908 3256 2977 περάσαντα
3295 2907 3386 2959 τὸν
3420 2906 3719 2976 Θεόδωρον,

460 3000 785 3056 Theodorus
840 3001 1256 3070 pertransisset,
1290 3000 1684 3068 ingressusque
1726 3001 1875 3055 fores
1907 3001 2040 3054 fuis-

2146 3009 2238 3060 καὶ
2281 3003 2588 3056 εἰσελθόντα
2633 3001 2693 3054 τὸ
2728 3001 3017 3071 πρόθυρον,
3071 3000 3200 3070 πρὶν
3239 2999 3272 3068 ἢ
3322 2998 3620 3052 καταλάϐοι
3650 3000 3724 3052 τὰ

463 3099 566 3156 set,
601 3094 914 3161 priusquam
965 3092 1030 3145 ad
1081 3091 1359 3146 cancellos
1419 3092 1778 3161 pervenisset,
1827 3093 2038 3147 oleum-

462 3198 568 3250 que
600 3182 950 3251 sumpsisset,
1001 3182 1277 3250 posterius
1322 3183 1441 3249 ejus
1472 3182 1853 3236 vestimentum
1890 3196 2041 3235 com-

462 3273 886 3342 prehendentes,
922 3279 979 3324 ut
1023 3271 1089 3325 ad
1124 3286 1225 3327 eos
1270 3280 1621 3326 convertatur
1667 3282 1933 3342 egerunt;
1985 3281 2042 3328 et

463 3376 660 3417 rursus
716 3378 775 3417 se
826 3362 1260 3416 cohortabantur
1312 3360 1525 3427 audire,
1586 3372 1641 3415 et
1694 3362 1798 3417 sibi
1858 3362 2040 3432 potius

465 3468 628 3523 quam
678 3453 760 3505 bis
788 3453 881 3523 qui
923 3451 1156 3521 propria:
1191 3459 1487 3521 praeessent
1535 3450 1750 3517 haeresi,
1793 3452 2036 3508 obedire.

464 3536 712 3612 Cumque
755 3539 865 3596 ncc'
911 3545 993 3597 sic
1042 3558 1166 3596 eum
1231 3542 1580 3598 obedientem
1636 3544 1923 3608 vidissent,
1974 3546 2041 3599 ad

464 3635 775 3702 sepulcrum
836 3634 1087 3704 progredi
1152 3633 1504 3689 dimiserunt.
1565 3633 1670 3701 Qui
1718 3650 2039 3700 conversus,

465 3726 753 3780 obseratos
782 3724 928 3778 videt
960 3726 1299 3779 monumenti
1339 3726 1639 3792 cancellos,
1670 3736 1724 3781 et
1744 3727 1812 3781 de
1841 3735 2042 3781 caetero

467 3827 575 3867 non
603 3814 822 3868 invento
853 3815 1087 3882 qualiter
1113 3814 1355 3870 candela:
1391 3825 1635 3870 sumeret
1663 3816 1862 3880 oleum,
1892 3832 2040 3872 rece-

467 3904 631 3959 debat
660 3913 889 3959 maestus
930 3914 984 3959 et
1027 3907 1221 3960 tristis.
1254 3905 1425 3959 Porro
1459 3915 1730 3961 amatores
1761 3906 2042 3962 hominum

468 4002 734 4065 martyres
765 4011 1106 4064 nequaquam
1136 3995 1345 4051 desidia
1396 3998 1590 4065 pressi,
1619 3997 1713 4052 sed
1755 4006 1881 4055 ante
1920 4000 2045 4054 illu-

469 4087 822 4140 tuinatorium
853 4100 1287 4157 perseverantes,
1324 4087 1520 4140 iterum
1548 4098 1835 4142 exeuntem
1867 4103 1896 4141 a
1926 4103 2044 4144 mo-

469 4189 733 4232 numento
791 4178 1058 4248 regabaut
1130 4186 1184 4232 et
1253 4178 1613 4231 hortabantur
1674 4178 1943 4233 doctrinis
1992 4190 2045 4235 et

470 4272 693 4325 rnonitis
746 4271 932 4324 multis
992 4276 1232 4325 utentes.
1264 4324 1265 4327 η
1295 4270 1542 4339 Cumque
1597 4271 1861 4327 vidissent
1902 4273 2044 4329 hunc

2146 3096 2416 3150 κάνκελλα
2447 3095 2540 3147 καὶ
2573 3094 2634 3145 τὺ
2674 3093 2853 3145 ἔλαιον
2883 3091 3122 3161 δέξηται,
3165 3090 3273 3142 τῶν
3303 3089 3525 3142 ὀπισθεν
3551 3088 3721 3141 αὑτοῦ

2141 3188 2394 3248 λαϐόντες
2412 3184 2624 3254 ἱμάτιον
2648 3183 2959 3253 στραφῆναι
2991 3181 3125 3251 πρὸς
3149 3182 3344 3242 αὐτοὺς
3376 3179 3725 3250 παρεσκεύα-

2145 3295 2242 3331 σαν
2263 3294 2276 3307 ⁶
2305 3279 2398 3329 καὶ
2437 3276 2596 3329 πάλιν
2613 3274 2789 3326 αὐτῶν
2814 3271 3032 3326 ἀκούειν
3074 3272 3434 3342 προέτρεπον,
3466 3272 3562 3324 καὶ
3595 3272 3723 3323 πεί-

2143 3365 2331 3418 θεσθαι
2369 3365 2570 3433 μᾶλλον
2595 3364 2776 3424 αὐτοῖς
2842 3362 2874 3432 ἢ
2908 3363 3018 3422 τοῖς
3059 3362 3159 3428 τῆς
3198 3362 3408 3424 οἰκείας
3442 3356 3725 3431 προεστῶ-

2144 3472 2227 3507 σιν
2249 3455 2533 3525 αἱρέσεως.
2558 3458 2567 3465 ’
2590 3453 2672 3514 Ὠς
2698 3452 2754 3502 δὲ
2788 3451 2909 3521 μηδ’
2931 3450 3073 3504 οὕτω
3116 3450 3436 3519 πειθόμενον
3472 3451 3720 3517 έολεπον,

2144 3546 2388 3617 προϊέναι
2426 3544 2561 3613 πρὸς
2604 3543 2695 3595 τὸν
2756 3544 2923 3609 τάφον
2955 3542 3250 3595 ἀπέλυσαν.
3282 3540 3339 3593 Ὀ
3369 3541 3426 3593 δὲ
3461 3543 3722 3609 στραφεὶς

2142 3632 2520 3703 ἡσφαλισμένα
2552 3631 2736 3701 βλέπει
2760 3633 2826 3683 τὰ
2857 3630 2951 3683 τοῦ
2980 3632 3259 3700 μνήματος
3293 3632 3561 3683 κανκελλα
3581 3646 3597 3661 ⁸
3622 3631 3725 3684 καὶ

2147 3728 2222 3805 μὴ
2250 3725 2424 3796 εὑρὼν
2454 3725 2640 3778 λοιπὸν
2686 3724 2780 3776 τοῦ
2819 3727 2920 3795 τῆς
2977 3725 3244 3792 κανδήλας
3295 3724 3474 3776 ἐλαίου
3508 3723 3723 3788 λαϐεῖν,

2143 3817 2406 3887 ἀνεχώρει
2437 3816 2687 3885 κατηφὴς
2719 3817 2812 3868 καὶ
2839 3815 3196 3884 λυπούμενος.
3237 3818 3299 3868 ΟΞ
3341 3814 3398 3867 δὲ
3414 3813 3723 3884 φιλάνθρωο

2145 3925 2237 3960 ποι
2263 3908 2535 3977 μάρτυρες
2563 3905 2825 3976 μηδαμῶς
2857 3904 3289 3975 ρᾳθυμήσαντες,
3321 3904 3457 3958 ἀλλὰ
3486 3905 3591 3968 πρὸ
3621 3903 3722 3958 τοῦ

2145 3999 2514 4070 φωτιστηρίου
2540 3997 2990 4069 προσμείναντες,
3020 3997 3180 4050 πάλιν
3205 3998 3365 4049 αὑτὸν
3397 3997 3608 4059 ἐξιόντα
3621 3996 3723 4050 τοῦ

2149 4091 2430 4161 μνήματος
2489 4089 2832 4160 παρεκάλουν
2860 4089 2952 4142 καὶ
2999 4088 3371 4158 προύτρεπον,
3397 4087 3724 4158 διδασκαλία

2146 4182 2418 4252 χρώμενοι
2453 4182 2543 4234 καὶ
2569 4181 2789 4243 πολλαῖς
2822 4182 3229 4250 παραινέσεσιν.
3277 4180 3364 4242 Ὠς
3396 4179 3452 4230 δὲ
3483 4178 3592 4232 ἴδον
3626 4178 3729 4231 οὔ.

2145 4290 2254 4336 τως
2282 4272 2516 4342 ἀκαμπῆ
2550 4272 2645 4324 καὶ
2699 4271 2983 4338 πεισθῆναι
3023 4270 3097 4340 μὴ
3149 4271 3388 4332 θέλοντα,
3416 4270 3572 4323 τοῦτο
3598 4269 3724 4339 μεθ’

468 4370 578 4412 tam
608 4360 1004 4413 incurrabilem
1033 4368 1087 4413 et
1127 4374 1317 4428 parere
1357 4360 1655 4424 nolentem,
1688 4359 2036 4428 dimiserunt,

2143 4366 2302 4434 ὅρκου
2361 4362 2662 4432 φρικώδους
2713 4362 2993 4431 εἰρηκότες
3017 4362 3296 4414 ἀπέλυσαν
3326 4376 3340 4390 ⁸
3392 4362 3483 4414 Μὰ
3514 4360 3605 4413 τὸν
3626 4361 3723 4414 τοῦ

470 4451 571 4504 hoc
607 4451 854 4503 horribili
886 4449 1251 4520 jurejurando
1291 4450 1541 4504 dicentes
1575 4469 1588 4504 :
1625 4448 1730 4504 Per
1760 4449 2041 4506 Christum

470 4542 561 4597 Dei
595 4551 649 4597 et
691 4544 872 4598 Patris
934 4544 1151 4610 Filium,
1181 4554 1501 4598 cunctorum
1547 4542 1946 4597 dominatorem
1991 4551 2046 4598 et

473 4632 660 4693 Detun,
697 4630 788 4700 qui
831 4632 884 4683 in
939 4632 1230 4701 martyriea
1267 4631 1461 4684 militia
1508 4638 1697 4684 nostra
1750 4640 1958 4699 regnat,
1991 4640 2047 4685 et

470 4725 761 4776 sanitatum
803 4723 958 4777 nobis
989 4725 1217 4792 gratiam
1249 4722 1439 4787 donat,
1473 4721 1577 4775 nisi
1614 4722 1768 4775 nobis
1795 4723 2043 4788 obedias,

468 4824 522 4870 et
554 4816 655 4870 nisi
692 4817 756 4869 ad
821 4815 996 4870 solam
1049 4813 1379 4868 catholicam
1422 4814 1593 4882 ipsius
1647 4811 1944 4867 Ecclesiam
1992 4822 2047 4867 et

469 4910 727 4982 mysteria
758 4926 910 4965 sacra
943 4926 1062 4979 qua:
1092 4910 1143 4963 in
1175 4925 1237 4963 ea
1269 4908 1614 4962 celebrantur
1643 4907 1873 4962 accedas
1921 4924 2045 4962 cum

471 5004 673 5057 munda
726 5011 779 5057 et
829 5013 980 5057 casta
1041 5001 1397 5065 conscientia,
1457 5001 1528 5055 ita
1595 5001 1719 5055 hinc
1782 5000 2046 5069 languens

472 5094 653 5148 abibis
684 5094 827 5147 sicut
859 5103 912 5147 et
941 5093 1046 5146 huc
1105 5093 1339 5155 venisti,
1391 5092 1463 5144 nil
1514 5106 1544 5143 τι
1589 5093 1748 5145 nobis
1796 5093 2048 5148 utilitatis

472 5186 722 5254 adeptus.
761 5183 825 5236 Et
865 5184 979 5237 haec
1011 5182 1228 5253 quidem
1262 5198 1358 5252 per
1399 5182 1572 5235 visum
1609 5182 1748 5236 dicta
1803 5193 1955 5238 sunt.

544 5275 697 5327 illane
731 5284 911 5328 autem
940 5290 1061 5328 eum
1098 5275 1460 5341 processisset
1512 5274 1577 5325 ad
1630 5279 2048 5325 monumentum

473 5377 763 5430 oraturus,
819 5378 1132 5422 sanctorum
1216 5367 1361 5421 videt
1441 5373 1566 5419 ante
1638 5373 2047 5444 monumentum

473 5463 765 5526 quemdam
816 5457 1172 5515 Paschasitun
1219 5457 1441 5512 nomine
1491 5473 1519 5509 a
1568 5458 1761 5525 spiritu
1813 5457 2050 5528 maligno

476 5559 750 5613 vexatum,
779 5552 870 5619 qui
909 5550 1096 5605 videns
1126 5550 1498 5613 Theodorum,
1541 5549 1733 5616 grandi
1772 5563 1905 5601 Voce
1935 5552 2049 5602 inec

478 5639 543 5690 ad
569 5656 691 5693 eum
733 5641 927 5695 allatus
956 5657 1036 5709 es,
1075 5643 1247 5697 torvis
1285 5641 1459 5695 oculis
1510 5640 1750 5702 intuens,
1780 5648 1831 5691 et
1867 5639 2043 5693 deuti-

2145 4454 2281 4507 Θεοῦ
2337 4456 2429 4507 καὶ
2490 4453 2700 4524 [ἰατρὸς
2748 4453 2894 4517 Υἱὸν,
2924 4453 3016 4505 τὸν
3063 4452 3280 4506 πάντων
3328 4452 3604 4520 Δεσπότην
3628 4454 3727 4505 καὶ

2145 4546 2300 4611 Θεὸν,
2331 4545 2422 4597 τὸν
2443 4546 2533 4596 καὶ
2566 4545 2664 4613 τῆς
2691 4544 3032 4615 μαρτυρικῆς
3058 4545 3318 4613 στρατιᾶς
3343 4543 3716 4613 βασιλεύοντα,

2148 4637 2241 4689 καὶ
2274 4637 2372 4706 τὴν
2401 4636 2561 4706 χάριν
2587 4635 2695 4689 τῶν
2729 4636 2976 4706 ἰαμάτων
3010 4635 3370 4706 δωρούμενον,
3404 4637 3453 4687 εἰ
3498 4634 3575 4705 μὴ
3601 4652 3723 4688 πει-

2150 4725 2331 4795 σἿείης
2366 4727 2519 4793 ἡμῖν,
2546 4725 2641 4776 καὶ⁹
2706 4724 2841 4794 μόνῃ
2870 4726 2937 4795 τῇ
2976 4723 3238 4795 καθολικῇ
3289 4723 3452 4776 αὐτοῦ
3490 4724 3722 4795 Ἐκκλη-

2151 4816 2242 4886 σίᾳ
2274 4817 2510 4878 καὶτοῖς
2574 4816 3047 4885 ἱερουργουμένοις
3102 4817 3158 4867 ἐν
3208 4818 3345 4886 αὐτῇ
3402 4815 3723 4885 μυστηρίοις

2152 4907 2456 4980 προσέλθῃς
2510 4908 2650 4977 μετὰ
2705 4908 2948 4978 καθαρᾶς
2979 4909 3074 4960 κιὶ
3121 4909 3292 4976 ἁγνῆς
3341 4908 3722 4977 συνειδήσεως,

2147 4999 2318 5061 οὕτως
2351 4999 2596 5051 ἐντεῦθεν
2627 4997 2914 5050 ἁπελεύσει
2943 4998 3134 5063 νοτῶν,
3168 4998 3357 5068 ὥσπερ
3381 5006 3473 5051 καὶ
3498 4998 3726 5051 τάνθάδε

2538 5090 2701 5159 μηδὲν
2752 5090 2885 5158 πρὸς
2955 5091 3111 5160 ήμῶν
3154 5091 3552 5160 ὠφελούμενος.
3616 5089 3726 5142 Καὶ

2147 5185 2319 5238 ταῦτα
2352 5184 2448 5252 μὲν
2479 5181 2598 5235 κατ’
2629 5183 2761 5250 ὄναρ
2791 5181 2980 5249 ἐλέχθη
3012 5198 3068 5232 τε
3108 5181 3203 5233 καὶ
3234 5180 3547 5249 γεγένηται.

2223 5275 2439 5345 Πρωῒας
2462 5274 2517 5326 δὲ
2550 5272 2752 5342 προῖὼν
2806 5273 2885 5327 εἰς
2910 5273 2970 5323 τὴ
3004 5272 3193 5341 μνῆμα
3236 5272 3344 5322 τῶν
3368 5273 3537 5337 ἁγῗων
3562 5286 3731 5339 προσ-

2150 5361 2429 5426 εύηξασθαι,
2460 5363 2562 5431 ὁρᾷ
2615 5361 2722 5430 πρὸ
2768 5359 2860 5412 τοῦ
2919 5361 3201 5429 μνήματός
3255 5378 3377 5413 τινα
3420 5361 3729 5429 Πασχάσιον

2150 5454 2406 5523 τοῦνομα.
2441 5453 2546 5504 ὑπὸ
2576 5451 2813 5522 πονηροῦ
2866 5451 3176 5521 πνεύματος
3222 5452 3611 5522 ἐνοχλούμενον
3631 5470 3645 5483 ·
3671 5452 3729 5516 ὃς

2155 5546 2275 5598 ἰδὼν
2306 5545 2368 5597 τὸ
2397 5544 2691 5614 Θεόδωρον,
2721 5543 3031 5612 ὃιαπρυσίῳ
3062 5546 3211 5613 φωνῇ
3236 5545 3362 5597 τάδε
3404 5544 3538 5612 πρὸς
3570 5545 3731 5596 αὐτὸν

2151 5634 2547 5704 ἀπεφθέγξατο,
2611 5634 2869 5703 βλοσυρὸν
2939 5632 3129 5686 ἐνιδὼν
3190 5635 3284 5686 καὶ
3351 5635 3465 5696 τοῖς
3550 5633 3733 5687 ὀδοῦσι

2148 5090 2465 5153 κατέλαϐες,
