3934 6308
216 251 358 316 35.57
1216 256 1321 316 SS.
1365 257 1537 316 CYlil
1586 258 1677 317 ET
1707 260 2028 321 JUANNIS
2070 266 2483 331 MIBACULA.
3337 287 3480 352 3553

211 360 594 431 βρυχώμενος,
648 365 743 416 καὶ
792 364 866 426 ὡς
915 365 1024 416 ἀπὸ
1085 364 1193 418 τῶν
1244 367 1414 433 ἁγίων
1457 367 1583 429 τοὺς
1619 367 1778 435 λόγου

1918 372 2017 426 ints
2065 375 2323 432 frendens
2375 390 2430 435 et
2456 381 2622 437 veluti
2646 398 2673 436 a
2703 385 2912 441 sanctis
2934 402 3221 447 sermones
3249 395 3477 454 faciens.

209 452 562 520 ποιούμενος,
592 456 663 506 Τὸ
689 457 853 524 τάχος
876 473 967 507 σου
994 456 1091 526 τὴν
1112 455 1293 526 ψυχὴν
1309 459 1530 523 ἄπελθε,
1550 458 1782 526 φώτισον

1915 472 1968 514 et
1995 465 2268 524 allirtnans
2305 471 2375 524 ita
2417 472 2632 540 jnratus
2667 492 2679 526 :
2719 474 2864 531 Vade
2908 480 3186 543 velociter.
3244 486 3481 541 animum

207 540 339 591 ἐπεὶ
357 543 433 609 μὰ
453 544 551 612 τὴν
563 543 750 596 ἐνθάδε
780 545 1035 596 ναίουσαν
1059 544 1405 613 δύναμινπῶς
1432 542 1595 616 ἦλθες
1621 540 1722 599 ὧδε
1738 552 1783 616 τῇ

1917 562 2063 607 tuam
2101 557 2383 625 illutnina;
2419 578 2544 615 nam
2584 580 2678 632 per
2720 566 2995 630 virum-nt,
3027 587 3149 639 qua:
3191 575 3276 627 ltic
3311 575 3469 629 inha-

204 633 312 700 τῆς
354 633 627 702 ποδάγρας
665 636 834 705 μανίᾳ
869 635 1258 705 κρατούμενος,
1289 635 1461 699 οὕτως
1497 638 1783 707 ἀναχωρεῖς

1914 643 2070 710 bitat,
2108 648 2250 702 sicut
2287 650 2393 704 huc
2429 653 2628 708 venisti
2660 655 2874 709 insania
2924 633 3174 729 podagra:
3202 661 3478 727 detentus,

211 722 295 791 μὴ
329 722 613 792 τυγχάνων
646 726 842 787 ἰάσεως
862 739 875 754 ’
906 727 1004 777 καὶ
1030 725 1205 779 ταῦτά
1236 742 1318 778 σοι
1362 724 1542 794 λέγειν
1576 728 1626 777 οἱ
1656 725 1778 794 ἆγιο

1911 734 1983 788 ita
2008 737 2232 792 recedes
2281 741 2573 795 sanitatem
2610 743 2833 800 minime
2863 722 3214 807 consecutus.
3259 752 3324 806 Et
3365 756 3481 811 haec

209 830 311 880 μοι
348 816 743 885 προστάττουσι
772 815 1068 885 μάρτυρες.
1105 815 1162 868 Ὀ
1198 816 1253 869 δὲ
1295 817 1501 870 τούτων
1541 816 1677 887 πρὸς
1708 815 1783 869 τοί

1909 823 2096 880 dicere
2134 829 2254 893 tibi,
2308 833 2482 886 sancti
2519 834 2649 887 mihi
2704 836 3029 905 praecipiunt
3063 850 3354 913 martyres.
3411 846 3481 899 At
3553 850 3559 856 ”

205 903 576 973 δαιμονῶντος
612 905 937 974 πυθόμενος,
972 907 1066 960 καὶ
1109 907 1258 977 φόϐῳ
1307 907 1554 977 ληφθεὶς,
1618 906 1783 960 λαϐὼι

1910 911 2002 967 ille
2039 913 2142 968 hoc
2189 918 2258 970 ab
2289 933 2353 972 eo
2397 920 2488 989 qui
2544 935 2571 974 a
2605 903 2888 977 daamonio—
2910 903 3228 984 vexabatur-
3264 933 3477 999 audito,

205 995 270 1048 δὲ
302 1013 399 1048 και
424 995 531 1047 τῶν
558 996 678 1049 κατ’
716 996 849 1066 ὄναρ
898 997 1229 1066 ἀνάμνησιν,
1266 997 1355 1050 διὰ
1378 998 1438 1050 τὸ
1472 997 1581 1051 τῶν
1617 997 1783 1067 ῥημά-

1908 1006 2104 1063 timore
2128 1017 2342 1079 captus,
2369 1023 2421 1066 et
2452 1026 2676 1083 accepto
2706 1018 2869 1069 etiam
2903 1032 3215 1074 sermonum
3257 1038 3397 1092 quos
3423 1024 3476 1080 in

206 1104 323 1139 των
349 1086 444 1139 καὶ
465 1088 563 1156 τῆς
590 1086 824 1157 ἀπειλῆς
869 1087 1277 1156 παραπλήσιον,
1339 1086 1599 1141 εἰσελθὼν
1637 1086 1783 1151 εὐθὺς

1905 1102 2024 1155 visu
2054 1102 2303 1158 audierat
2347 1108 2792 1172 comtnonitorio,
2841 1119 3062 1179 propter
3096 1086 3390 1170 verborum
3423 1127 3478 1171 et

182 1169 294 1241 ἐἰς
317 1179 379 1231 τὸ
397 1178 757 1248 φωτιστήριον
782 1178 892 1230 τῶν
913 1178 1147 1249 Χριστοῦ
1173 1180 1488 1250 μυστηρίων
1510 1178 1794 1250 μετέλαϐε,

207 1270 307 1322 καὶ
339 1270 437 1339 τὴν
463 1268 641 1338 ψυχὴν
674 1271 738 1340 τῇ
781 1269 1079 1339 μεταλήψει
1107 1270 1214 1322 τῶν
1252 1271 1567 1341 μυστηρίων
1598 1269 1798 1336 ὲφώτι·

208 1379 326 1415 σεν.
362 1359 451 1425 Ἐξ
521 1359 801 1431 ἐνεργείας
825 1361 881 1413 δὲ
922 1360 1171 1432 δαίμονος
1207 1363 1286 1423 είς
1314 1361 1494 1431 δεινὴν
1523 1362 1796 1433 ρᾳθυμίαν

203 1453 586 1505 εἰσπέπτωκεν
646 1452 786 1522 μετὰ
826 1451 925 1521 τὴν
974 1452 1295 1522 μετάληψιν,
1346 1454 1440 1506 καὶ
1477 1455 1534 1505 ἐν
1579 1455 1692 1516 τοῖς
1716 1456 1793 1506 oi-

208 1543 380 1605 κείοις
407 1542 596 1594 ἑαυτὸν
623 1540 875 1611 ἐμϐαλὼν
905 1540 1241 1611 λυπούμενος
1260 1540 1569 1612 στρώμασι,
1597 1542 1793 1597 θᾶττον

205 1638 277 1687 ἐκ
308 1634 404 1703 τῆς
431 1632 607 1703 λύπης
639 1631 956 1701 ἀφύπνωσε.

281 1814 390 1866 Καὶ
421 1814 581 1870 πάλιν
607 1811 796 1882 βλέπει
824 1813 948 1876 τοὺς
973 1812 1259 1884 μάρτυρας
1281 1815 1361 1877 είς
1390 1814 1679 1870 ’ῐουλιανδν
1705 1818 1796 1870 τὸν

206 1904 459 1958 διάκονον
504 1903 733 1966 ἑαυτοὺς
779 1904 1243 1975 σχηματίσαντας,
1293 1904 1519 1975 καὶτῆς
1555 1906 1794 1976 ἀθυμίας

204 1998 308 2065 τὴν
339 1996 519 2050 αἰτίαν
551 1978 716 2051 αὐτὸν
734 1993 1105 2060 ἐξετάζοντας.
1133 1995 1193 2049 '0
1230 1996 1309 2059 δὲ,
1333 1997 1455 2050 Ὅτι
1484 2015 1572 2068 με,
1610 2000 1792 2069 φησὶν,

203 2090 259 2140 οἱ
289 2088 436 2156 ἆγιοι
462 2088 788 2157 κοινωνῆσαι
815 2091 1261 2159 κατηνάγκασαν.
1298 2093 1358 2144 Οἱ
1383 2092 1463 2154 δὲ,
1504 2094 1612 2146 Καὶ
1640 2093 1796 2146 τοῦτό

207 2197 295 2243 σε,
330 2181 532 2247 φασιν,
581 2181 738 2251 ἅνιᾷν
781 2181 814 2252 ἢ
874 2180 1115 2251 λυπῆσαι
1162 2181 1224 2234 τὸ
1280 2182 1497 2235 σύνολον
1555 2181 1791 2250 timetis;

208 2271 414 2340 μᾶλλον
447 2270 502 2323 δὲ
542 2271 637 2324 καὶ
668 2272 881 2341 χαίρειν
939 2271 1047 2324 ἔδει
1078 2289 1137 2323 σε
1192 2273 1287 2325 καὶ
1321 2273 1669 2340 ἀγάλλεσθαι.
1705 2277 1792 2327 ὲν-

203 2362 433 2415 νοοῦντα
491 2362 590 2431 τῆς
636 2363 845 2426 οἰκείας
894 2362 1074 2432 ψυχῆς
1102 2361 1201 2432 τὴν
1252 2363 1539 2431 ὠφέλειαν.
1574 2365 1792 2435 καὶτῆς

204 2448 497 2511 ἀσθενείας
524 2450 621 2518 τὴν
647 2451 791 2503 ἴασιν
836 2451 1267 2520 προσδεχόμενον
1291 2467 1303 2480 ⁸
1357 2454 1574 2517 πάντως
1618 2455 1673 2507 δὲ
1708 2458 1790 2509 ὅτι

204 2539 345 2591 Θεοῦ
380 2539 537 2591 τοῦτο
565 2539 871 2610 καθέστηκε
930 2540 1220 2611 βούλευμα,
1253 2535 1315 2596 οὗ
1354 2546 1519 2616 χωρὶς
1557 2548 1710 2600 οὐδὲν
1741 2550 1790 2601 οἱ

204 2630 356 2696 ἅγιοι
397 2629 840 2700 διαπράττονται.
882 2634 988 2686 Καὶ
1018 2635 1229 2697 τούτοις
1272 2635 1432 2690 αὑτὸν
1471 2640 1582 2700 τοῖς
1613 2639 1791 2705 λόχοις

203 2725 255 2775 υι
308 2724 579 2795 μάρτυρες
642 2724 1145 2794 ψυχαγωγήσαντες
1198 2724 1418 2796 ᾤχοντο.
1452 2726 1510 2780 ’0
1538 2728 1593 2780 δὲ
1624 2747 1788 2801 στρα-

205 2812 330 2878 φεὶς
359 2814 456 2882 τῆς
483 2814 687 2885 μητρὸς
725 2814 996 2884 ὲμερίμνα
1034 2814 1135 2884 τὴν
1179 2815 1386 2884 ἄφιξιν,
1423 2818 1517 2870 καὶ
1550 2819 1789 2888 μάλιστα

201 2904 404 2971 διάπερ
460 2904 651 2974 ἔμελλε
694 2907 791 2973 τῆς
843 2907 1051 2969 οἰκείας
1105 2907 1369 2977 αἱρέσεως
1428 2910 1788 2981 ἐπιφέρεσθαι

1904 1193 2175 1248 minarum
2213 1195 2650 1264 similitudinem,
2693 1198 2974 1270 ingressus
3007 1212 3089 1257 est
3132 1203 3474 1262 illuminato-

1904 1283 2070 1349 rium,
2126 1296 2179 1341 et
2239 1286 2441 1342 Christi
2501 1291 2760 1358 mysteria
2822 1295 3076 1362 sumpsit,
3120 1303 3175 1349 et
3233 1298 3470 1352 animam

1903 1376 2253 1445 perceptione
2313 1380 2696 1449 mysteriorum
2769 1380 3120 1439 illuminavit.
3184 1384 3355 1440 Porro
3407 1405 3471 1443 ex

1900 1466 2217 1533 operatione
2238 1467 2435 1522 diaboli
2466 1480 2587 1537 post
2610 1473 3076 1538 communionem,
3107 1476 3161 1530 in
3186 1476 3362 1532 diram
3384 1479 3468 1533 in-

1900 1555 2028 1608 cidit
2073 1557 2237 1610 animi
2273 1559 2657 1626 deiectionem,
2702 1572 2756 1617 et
2788 1578 2911 1619 cum
2951 1566 3127 1621 tristis
3167 1568 3220 1621 in
3251 1572 3472 1639 propria

1899 1660 1958 1699 se
2006 1653 2306 1700 stramenta
2354 1648 2639 1717 iaetasset,
2682 1653 2845 1708 citius
2894 1670 2957 1709 ex
3011 1657 3236 1711 tristitia
3271 1659 3472 1714 obdor-

1826 1714 1867 1769 Β
1901 1735 2073 1789 mivit.

1968 1825 2035 1879 Et
2063 1842 2257 1885 rursus
2290 1829 2486 1899 aspicit
2539 1844 2810 1903 martyres
2850 1835 2904 1890 iu
2947 1835 3227 1894 lulianum
3281 1841 3469 1896 diaco-

1898 1932 2026 1970 num
2081 1932 2201 1973 sese
2261 1922 2716 1991 transtignrantes
2751 1966 2768 1990 ,
2827 1934 2881 1980 et
2929 1941 3150 1983 causam
3213 1933 3470 1989 maeroris

1895 2023 2018 2063 eum
2067 2009 2486 2088 interrogantes.
2524 2012 2627 2079 Qui
2663 2015 2737 2068 ait
2764 2016 3061 2083 :Quoniam
3103 2023 3278 2075 sancti
3316 2038 3464 2078 com-

1898 2102 2179 2157 municare
2211 2118 2293 2157 me
2312 2109 2715 2173 eoegerunt.At
2743 2108 2842 2173 illi,
2873 2118 2927 2163 et
2948 2111 3051 2166 hoc
3075 2122 3149 2176 te,
3187 2114 3463 2186 inquiunt,

1894 2203 2151 2246 moestum
2186 2191 2367 2248 lacere
2403 2195 2483 2248 vel
2518 2195 2727 2251 tristem
2754 2200 2978 2254 omnino
3016 2201 3299 2268 debuerat,
3338 2220 3463 2259 cum

1893 2284 2131 2353 gaudere
2165 2294 2213 2338 te
2246 2286 2733 2354 pntinsoporterct,
2784 2298 2837 2343 et
2880 2293 3155 2347 exsultare
3189 2294 3465 2349 intellecto

1894 2374 2124 2442 propriae
2155 2374 2353 2428 animae
2380 2375 2673 2444 adjutorio,
2705 2379 3116 2436 etiuﬁrmitatis
3143 2394 3465 2452 exspectato

1894 2463 2170 2520 remedio?
2210 2464 2433 2521 Certum
2468 2482 2596 2522 vero
2627 2478 2731 2535 est,
2767 2472 2910 2538 quod
2946 2474 3057 2527 haec
3101 2474 3356 2528 voluntas
3390 2478 3461 2532 sit

1894 2557 2009 2619 Dei,
2056 2559 2176 2612 sine
2209 2574 2317 2628 quo
2359 2559 2492 2612 nihil
2533 2561 2866 2619 omnimodis
2911 2573 3227 2633 operantur.
3271 2566 3339 2621 Et
3375 2567 3463 2622 his

1891 2665 1957 2704 eo
1986 2649 2165 2704 verbis
2197 2658 2463 2721 martyres
2502 2654 2804 2717 consolato,
2840 2664 3212 2713 recesserunt.
3246 2658 3316 2713 At
3363 2660 3458 2714 ille

1892 2753 2189 2793 conversus
2235 2740 2302 2794 de
2358 2742 2547 2795 matris
2599 2742 2868 2799 sollicitus
2912 2754 3031 2799 erat
3074 2745 3330 2816 adventu,
3386 2751 3459 2805 ob

1892 2833 2162 2887 haereseos
2216 2831 2450 2901 propria!
2501 2848 2638 2899 quas
2690 2842 2811 2887 erat
2869 2836 3103 2890 allatura
3165 2838 3457 2908 reliquias;

1890 2933 2011 2986 quae
2041 2933 2147 2972 non
2175 2926 2295 2988 post
2331 2920 2555 2977 multam
2593 2922 2818 2978 veniens
2855 2924 3068 2990 horam,
3111 2926 3246 2980 nihil
3277 2944 3342 2982 ex
3373 2928 3459 2983 his

202 2998 459 3065 λείψανα·
491 2998 610 3067 ἣτις
641 2998 757 3067 μετ’
789 2999 850 3051 οὐ
878 2998 1014 3051 πολὺ
1045 3000 1143 3068 τῆς
1174 2999 1323 3071 ὥρας
1349 3003 1593 3071 ἀφίκετο,
1623 3004 1783 3075 μηδὲν

208 3104 221 3105 γ
300 3086 347 3105 κί’
370 3104 381 3105 γ
398 3104 405 3105 ,
512 3104 515 3105 ,
581 3088 628 3105 ιν
844 3088 868 3105 δ
892 3090 905 3105 ο
963 3081 990 3105 τ
1143 3090 1157 3105 \
1240 3092 1249 3105 ι
1338 3091 1358 3105 ιο
1437 3093 1460 3105 ν
1550 3094 1563 3105 ι
1620 3096 1640 3105 -

1891 3018 2110 3077 propter
2141 3024 2262 3077 qua:
2308 3010 2411 3063 iter
2442 3010 2572 3064 illud
2617 3020 2959 3082 transegerat
3008 3017 3212 3080 attulit,
3250 3026 3455 3088 marty-

200 3086 415 3139 τοιοῦτο
465 3088 784 3156 κομίζουσα,
839 3088 905 3140 δι’
954 3081 1029 3143 ὧν
1070 3090 1166 3142 καὶ
1201 3092 1300 3160 τὴν
1329 3091 1513 3160 ἄφιξιν
1541 3094 1784 3164 ὑπῆρχεν

201 3176 474 3238 ἀνύσασα,
520 3177 802 3246 οἰκονομίᾳ
859 3178 1153 3248 μαρτύρων
1197 3180 1297 3249 τὴν
1342 3181 1511 3252 λήθην
1538 3183 1784 3253 φανερῶς

201 3268 564 3338 ὑπομείνασα.
601 3268 658 3321 '0
708 3269 766 3321 δὲ
805 3269 993 3339 μαθὼν
1037 3270 1176 3342 ἥσθη
1220 3271 1320 3341 μὲν
1352 3273 1635 3344 πρότερον,
1667 3274 1785 3330 εἶτα

202 3364 258 3415 δὲ
304 3365 396 3414 καὶ
437 3362 610 3416 πάντα
637 3365 699 3432 τῇ
741 3364 907 3433 μητρὶ
944 3363 1263 3433 διηγήσατο,
1306 3364 1514 3434 ὅσαπερ
1566 3368 1645 3428 εἰς
1687 3367 1782 3419 αὖ-

198 3454 294 3506 τὸν
343 3452 575 3523 ἐδράσθη
632 3455 741 3514 τοῖς
789 3454 1077 3523 μάρτυσιν,
1117 3456 1212 3508 καὶ
1257 3455 1333 3518 ὡς
1382 3458 1448 3526 τῇ
1490 3454 1782 3528 Ἐκκλησία

201 3544 577 3615 προσδραμεῖν
638 3544 940 3599 ἐϐιάσαντο.
984 3546 1091 3600 Καὶ
1122 3547 1265 3600 οὕτω
1306 3547 1404 3617 μὲν
1451 3552 1518 3618 τῇ
1564 3549 1783 3621 Ἐκκλη-

203 3639 298 3706 aia
323 3636 718 3706 προσέδραμεν.

276 3727 532 3797 Λέξωμεν
557 3727 666 3800 (ﬁt)
694 3728 750 3780 δὲ
771 3727 956 3781 λοιπὸν
974 3729 1067 3782 καὶ
1078 3730 1175 3796 τὴν
1199 3728 1362 3800 ῥῶσιν
1387 3728 1478 3782 τοῦ
1508 3730 1776 3801 σώματος,

198 3821 268 3873 δι’
298 3820 478 3888 ὀλίγου
527 3821 620 3873 τὸν
669 3819 827 3888 λόγον
876 3819 1223 3890 ποιούμενοι·
1259 3823 1393 3875 Μετ’
1439 3822 1624 3893 ὀλίγας
1681 3825 1780 3890 τὰς

199 3912 418 3983 ἡμέρας
471 3912 633 3965 πάλιν
690 3911 971 3985 ἐκάθευδε,
1022 3912 1116 3967 καὶ
1170 3916 1526 3985 παρεστῶτας
1593 3918 1778 3987 βλέπει

195 4002 328 4063 τοὺς
362 3999 669 4071 μάρτυρας,
694 4000 798 4056 ’καὶ
824 4004 1128 4057 συνοδεύειν
1156 4005 1340 4069 αὐτοῖς
1368 4008 1776 4072 ἐπιτάττοντας*

197 4095 227 4145 ὁ
285 4093 363 4159 δὲ,
396 4094 559 4163 φησιν
613 4093 793 4164 [Dam.
843 4093 1016 4166 σφίσι]
1067 4095 1474 4166 προθυμότερον
1549 4099 1774 4150 εἵπετο·

196 4185 318 4256 ᾔδει
348 4184 453 4254 γὰρ
479 4185 579 4237 οὐκ
605 4184 832 4255 ἀκερδὲς
861 4184 922 4237 τὸ
946 4187 1056 4249 τοῖς
1078 4186 1255 4254 ἁγίοις
1280 4188 1628 4242 συνέπεσθαι.
1662 4189 1778 4239 Ἐλ-

198 4276 387 4337 θόντες
429 4273 523 4327 οὖν
568 4276 648 4337 είς
682 4275 808 4326 ναόν
853 4290 975 4326 τινα
1026 4274 1235 4326 τέλειον
1284 4273 1464 4345 [Dam.
1520 4277 1779 4331 mendose

1889 3117 2007 3154 rtttn
2039 3101 2444 3170 dispensatione
2473 3103 2761 3158 manifeste
2798 3106 3125 3161 oblivionem
3177 3122 3455 3177 perpessa.

1885 3196 1953 3247 At
2014 3195 2103 3247 ille
2163 3208 2286 3248 eum
2343 3194 2710 3263 cognovisset,
2761 3197 2912 3264 prius
2961 3198 3179 3266 quidem
3234 3200 3456 3269 gavisus

1884 3292 1989 3349 est,
2022 3284 2148 3339 dein
2180 3300 2310 3338 vero
2333 3292 2529 3340 cuncta
2562 3288 2720 3339 matri
2747 3288 2986 3340 narravit
3018 3304 3357 3358 quaecunque
3400 3291 3453 3344 in

1885 3390 1947 3431 se
1982 3384 2252 3445 martyres
2286 3383 2597 3443 gesserunt,
2632 3384 2685 3430 et
2719 3378 2955 3445 qualiter
2975 3376 3233 3434 Ecclesiae
3264 3386 3465 3435 occur-

1884 3483 2005 3523 rere
2035 3484 2093 3523 se
2122 3470 2427 3537 coegerint.
2473 3467 2535 3521 Et
2570 3468 2658 3522 iile
2692 3469 2911 3537 quidem
2953 3470 3134 3527 taliter
3168 3472 3234 3528 ad
3268 3471 3457 3529 Eccle-

1886 3560 2020 3616 siam
2058 3559 2323 3628 confugit.

1954 3739 2064 3796 Nos
2098 3751 2275 3796 autent
2301 3739 2413 3809 jam
2445 3738 2694 3808 corporis
2720 3738 3007 3793 sanitatem
3041 3738 3302 3797 dicemus.
3338 3755 3452 3796 ser-

1882 3848 2098 3888 monem
2163 3830 2487 3901 compendio
2540 3829 2823 3886 facientes.
2884 3829 3014 3884 Post
3069 3844 3274 3900 paucos
3335 3833 3454 3888 dies

1885 3924 2079 3978 iterum
2114 3922 2516 3983 dortniebal,et
2547 3922 2742 3974 iterum
2787 3920 2985 3991 aspicit
3044 3931 3310 3992 martyres
3357 3936 3449 3977 as-

1883 4025 2079 4077 tantes,
2109 4021 2162 4068 et
2190 4028 2372 4068 secum
2407 4012 2655 4066 comitari
2682 4013 3076 4083 praecipientes,
3101 4013 3191 4083 qui
3219 4022 3276 4067 ut
3308 4012 3449 4068 fere-

1880 4105 1973 4159 bat
2008 4105 2245 4167 alacrius
2307 4104 2676 4173 sequebatur;
2711 4111 2936 4158 noverat
2969 4104 3114 4158 enim
3147 4104 3292 4174 quod
3340 4120 3449 4159 non

1891 4196 2011 4250 sine
2047 4196 2198 4249 lucro
2233 4209 2355 4248 cum
2393 4194 2725 4265 martyribus
2755 4202 2900 4251 esset
2933 4196 3318 4249 comitatur-us.
3345 4194 3452 4251 Ve-

1880 4284 2095 4338 nientes
2126 4285 2193 4338 ad
2244 4284 2502 4354 templum
2552 4284 2826 4353 quoddam
2889 4287 3239 4354 perlectum,
3270 4287 3451 4354 specie

217 4364 537 4435 Ἑλλήνωνι,
571 4364 649 4435 τῷ
678 4363 778 4433 μὲν
815 4364 942 4417 εἴδει
974 4363 1202 4435 φοϐερὸν
1230 4364 1325 4416 καὶ
1357 4364 1771 4435 ὑπέρλαμπρον,

1891 4374 2096 4444 quidem
2147 4375 2406 4439 terribile,
2481 4384 2645 4444 atque
2709 4375 3109 4445 praefulgidnm,
3165 4376 3354 4429 altitud
3383 4394 3450 4431 ne

197 4455 279 4526 τῷ
307 4455 353 4507 δ’
385 4455 643 4524 ὓψειτῶν
684 4454 930 4527 οὐρανῶν
983 4454 1163 4508 αὐτῶν
1224 4455 1630 4525 ἐφαπτόμενον·
1684 4456 1777 4508 καὶ

199 4549 334 4602 εἴσω
369 4548 560 4602 τούτου
585 4547 890 4617 γενόμενοι,
924 4545 1187 4615 μεγίστην
1219 4545 1406 4597 εἰκόνα
1434 4546 1528 4598 καὶ
1560 4546 1775 4615 θαυμα-

200 4638 325 4690 σίαν
354 4638 696 4707 ἐϐλέπομεν·
742 4637 905 4707 μέσον
954 4636 1053 4705 μὲν
1102 4635 1192 4687 τὸν
1221 4634 1497 4705 Δεσπότην
1541 4636 1774 4705 Χριστὸν

198 4728 585 4800 γεγραμμένον
605 4727 893 4799 χρώμασιν
913 4725 1163 4796 ἔχουσαν,
1197 4724 1428 4795 Χριστοῦ
1454 4725 1511 4778 δὲ
1561 4727 1658 4797 τὴν
1682 4728 1777 4779 Δέ-

203 4837 431 4875 σποιναν
487 4820 643 4890 ἡμῶν
671 4819 769 4890 τὴν
807 4817 1067 4871 Θεοτόκον
1110 4817 1205 4870 καὶ
1233 4817 1618 4891 Ἀειπάρθενον
1655 4819 1775 4871 Μα-

204 4915 325 4984 ρίαν
350 4910 649 4981 εὐώνυμον,
699 4910 794 4963 καὶ
823 4908 999 4973 δεξιὸν
1030 4907 1282 4978 Ἰωάννην
1335 4907 1425 4959 τὸν
1473 4906 1774 4978 βαπτιστὴν

200 5002 367 5058 αὐτοῦ
408 5002 503 5055 τοῦ
551 5001 801 5072 Σωτῆρος
848 5001 942 5053 καὶ
989 4998 1319 5069 πρόδρομον,
1342 4997 1433 5050 τὸν
1484 4999 1542 5052 ὲν
1591 4997 1774 5069 κοιλίᾳ

203 5095 569 5165 σκιρτήμασιν
599 5093 763 5147 αὑτὸν
809 5089 1263 5161 προμηνύσαντα,
1301 5088 1425 5142 ἐπεὶ
1459 5088 1555 5142 καὶ⁵
1594 5089 1771 5144 λαλῶν

200 5187 349 5241 ἔνδον
399 5185 632 5258 [Synod.
678 5192 733 5240 et
767 5184 922 5238 Dant.
954 5178 1102 5235 ἔνδον
1130 5179 1231 5253 ὢν]
1267 5181 1367 5234 οὐκ
1393 5181 1644 5252 ἠκούετο,
1678 5182 1773 5236 καί

199 5294 349 5341 τινας
385 5277 481 5332 τοῦ
509 5275 619 5329 τῶν
645 5275 958 5329 ἀποστόλων
982 5274 1076 5327 καὶ
1111 5271 1406 5345 προφητῶν
1439 5271 1651 5338 ἐνδόξου
1685 5292 1776 5345 χο-

1878 4477 2009 4517 vero
2048 4463 2113 4516 ad
2179 4464 2351 4518 ccelos
2391 4464 2747 4532 pertingens;
2806 4474 2859 4517 et
2921 4466 3024 4519 hoc
3082 4476 3447 4535 penetrantes,

1877 4553 2168 4606 maximam
2226 4554 2514 4624 imaginem
2570 4565 2623 4608 et
2685 4554 3057 4608 admirabilem
3110 4558 3446 4623 videbamus,

1876 4657 1996 4712 qua:
2031 4644 2084 4695 in
2115 4643 2292 4697 medio
2315 4644 2532 4712 quidem
2567 4646 2649 4697 sui
2688 4645 2971 4699 Dominum
2998 4645 3277 4700 Christum
3302 4649 3449 4700 colo-

1875 4736 2028 4789 ribus
2061 4735 2295 4789 habrbat
2323 4735 2623 4805 depictum,
2658 4736 3035 4790 sinistrorsum
3070 4748 3447 4792 reromatrent

1875 4824 2046 4893 ipsius
2073 4864 2087 4889 ,
2116 4822 2400 4877 Dominam
2438 4825 2691 4879 videlicet
2725 4835 2964 4879 nostram
3010 4827 3098 4880 Dei
3131 4831 3447 4896 genitricem

1874 4930 2198 4985 semperque
2241 4916 2502 4984 virginem
2568 4915 2790 4970 Mariam
2836 4933 2851 4970 :
2899 4933 3063 4987 porro
3101 4918 3447 4974 dextrorsum

1878 5004 2143 5062 Joannem
2172 5007 2417 5077 ejusdem
2450 5006 2750 5063 Salvatoris
2778 5009 3069 5078 baptistam
3100 5022 3153 5064 et
3208 5028 3448 5079 praecur-

1882 5113 2084 5167 sorem,
2115 5100 2208 5170 qui
2241 5115 2306 5153 ex
2357 5106 2512 5154 utero
2535 5102 2996 5157 exsultationlhus
3018 5117 3141 5156 eum
3194 5119 3448 5172 pra-nun-

1886 5193 2072 5259 tiavit;
2106 5206 2231 5247 nam
2285 5198 2340 5247 et
2366 5192 2617 5261 loquens,
2648 5208 2771 5246 cum
2805 5195 2951 5247 intus
2997 5202 3164 5258 esset,
3203 5210 3309 5247 nun
3352 5210 3449 5247 an-

1887 5283 2127 5350 diretur;
2190 5298 2402 5338 necnon
2432 5290 2487 5337 et
2531 5283 2797 5353 quosdam
2857 5283 2925 5338 de
2980 5285 3349 5354 apostolorum
3398 5293 3450 5337 et

1672 5410 1903 5475 λΟΤέΕ.

273 5535 383 5607 (24)
425 5534 753 5607 Sequentetn
787 5531 1160 5607 narrationem
1206 5529 1541 5607 referuntex
1576 5544 1772 5607 saneto

203 5602 529 5663 nominatim
595 5602 934 5671 Sophroniou
965 5602 1208 5671 synodus
1271 5602 1512 5671 sthnnda
1556 5602 1768 5654 .\iuena

210 5688 312 5732 act.
344 5679 374 5730 .l
407 5678 492 5728 ed.
553 5669 790 5726 Florenti.
829 5681 865 5725 t.
897 5669 1049 5735 Xlll,
1106 5672 1211 5723 col.
1272 5669 1375 5734 57:,
1433 5670 1665 5738 iten:q.te
1715 5676 1771 5725 S.

1878 5533 2119 5658 Jngnnes
2156 5535 2522 5593 Damasccuus
2550 5537 2607 5593 iu
2650 5537 2810 5594 tertia
2860 5538 3106 5594 oratione
3140 5538 3212 5594 De
3262 5539 3448 5619 imagi,

1884 5622 1935 5658 ill
1978 5624 2057 5658 us.

1884 5622 2057 5659 ttwus.
