4002 6312
199 300 347 368 3561

1192 299 1300 358 ss.
1335 294 1504 356 CYRI
1540 290 1635 351 ET
1673 261 1989 349 JOANNts
2030 284 2443 346 MIBACULA.

3330 284 3468 347 356?.

198 414 310 470 καὶ
337 413 564 484 ἡδίστης
596 412 811 476 ἰάσεως,
842 412 935 466 καὶ
965 403 1040 464 ὧν
1085 408 1236 480 αὐτῷ
1270 408 1542 463 πεισθέντι
1571 401 1791 473 δωρεῶν

1907 398 1998 452 sibi
2029 401 2321 467 paruisset,
2351 401 2424 454 illi
2458 399 2890 471 spoponderant.
2916 399 3022 456 Pro
3063 400 3262 471 quibus
3285 402 3467 456 omni-

206 507 649 576 ὲπηγγείλαντο·
686 505 851 575 -ὑπὲρ
897 499 972 558 ὧν
1001 504 1258 557 ἀπάντων
1312 495 1650 570 εὐχαριστῶν
1678 495 1794 547 δον-

204 599 361 651 λεύει
390 596 698 658 σπουδαίως
726 598 840 656 τοῖς
894 595 1160 664 μάρτυσιν
1181 608 1195 622 ⁸
1238 590 1332 655 οὓς
1361 592 1456 644 καὶ
1503 590 1664 658 ἡμεῖς
1697 587 1795 639 ἀν-

207 688 564 757 υμνήσαντες
590 687 678 738 ἐπ’
729 684 898 753 ἄλλην
951 683 1133 735 αὐτῶν
1167 677 1611 751 θαυματουργίαν
1666 691 1794 744 μετ-

205 778 483 846 ἑλθωμεν.

209 888 340 940 AZ’.
382 886 516 953 Περὶ
557 883 832 938 Ἰωάννου
860 882 966 936 τοῦ
994 881 1400 953 ὑποδιακόνορ
1442 877 1795 946 λευκώματα

361 958 431 1008 ἐν
455 950 806 1024 ἀμφοτέροις
835 953 1172 1018 ἐσχηκότος
1194 950 1320 1016 τοῖς
1347 950 1628 1019 ὄμμασιν.

291 1045 513 1115 Ἐπειδὴ
545 1042 819 1112 Θεοδώρου
852 1042 949 1112 τὴν
976 1042 1131 1095 νόσον
1150 1041 1532 1110 γεγράφαμεν,
1574 1038 1669 1091 καὶ
1695 1035 1794 1107 τὴν

210 1140 300 1197 είς
329 1134 624 1202 ἐκκλησίαν
674 1131 856 1202 βιαίαν
890 1133 984 1185 καὶ
1009 1130 1264 1184 ἀκούσιον
1293 1131 1523 1192 εῐσοδον,
1567 1130 1663 1183 καὶ
1696 1127 1793 1199 τὴν

211 1227 300 1290 εἰς
341 1225 622 1294 ὑπηρέτας
656 1222 791 1276 Θεοῦ
842 1223 1149 1291 τρισόλϐιον
1204 1222 1460 1290 πρόοδον,
1511 1222 1648 1291 φέρε
1700 1220 1796 1273 καὶ

212 1319 475 1388 Ἰωάννην
505 1316 654 1385 αὐτῷ
685 1315 1101 1384 συνυφάνωμεν,
1129 1314 1220 1368 τὸν
1253 1314 1455 1384 ὁμοίως
1513 1315 1607 1366 καὶ
1633 1312 1796 1365 αὐτὸν

213 1410 539 1464 κοινωνικὸν
568 1407 626 1472 ἐξ
650 1408 907 1460 ἀκουσίου
935 1405 1246 1472 γενόμενον,
1277 1404 1492 1474 καὶτῆς
1508 1403 1796 1467 κοινωνίας

218 1499 417 1570 μισθὸν
452 1498 550 1564 τὴν
583 1498 752 1568 ῥῶσιν
794 1498 1159 1567 δρεψάμενον,
1216 1496 1311 1549 καὶ
1361 1494 1523 1547 πάλιν
1567 1491 1796 1560 ἀδελφὸν

214 1593 366 1644 κατὰ
394 1589 605 1660 βαθμὸν
638 1588 913 1659 ἱερατικὸν
946 1587 1377 1658 χρηματίζοντα.
1425 1585 1681 1655 Ἰωάννης
1703 1579 1797 1636 οῦν

213 1674 398 1743 οὗτος,
428 1682 461 1748 ἡ
499 1679 597 1746 τῆς
638 1678 921 1748 παρούσης
947 1678 1159 1748 γραφῆς
1193 1677 1416 1747 ἀφορμή
1454 1693 1513 1728 τε
1542 1678 1635 1730 καὶ
1667 1675 1797 1745 πρό·

1893 493 1996 546 bus
2028 494 2231 555 gratias
2263 507 2449 561 agens,
2477 493 2644 545 servit
2667 492 2913 547 studiose
2946 491 3309 561 martyribUs;
3333 506 3473 560 quos

1893 594 1947 639 et
1973 602 2073 638 nos
2102 586 2317 656 hymnis
2344 584 2656 646 efferentes.
2692 584 2757 638 ad
2787 584 2934 638 aliud
2961 599 3151 638 eorum
3185 598 3323 652 Opus
3373 584 3472 634 mi-

1894 678 2067 732 rabile
2098 678 2483 745 procedamus.

1967 871 2231 927 XXXVII.
2278 870 2354 945 De
2382 871 2591 945 Joanne
2620 869 2941 927 su5diacono
2975 877 3065 945 qui
3102 874 3376 945 albugine:

2309 943 2363 995 in
2391 943 2643 998 ambobus
2676 947 2843 999 oculis
2878 943 3083 1001 habuit.

1964 1034 2236 1102 Quoniam
2306 1034 2580 1091 Theodori
2637 1038 2957 1108 sospitatem
3010 1049 3369 1108 resumptam,
3420 1048 3475 1094 et

1893 1127 2193 1181 violentum
2246 1141 2310 1180 ac
2363 1142 2472 1181 non
2524 1129 2901 1182 voluntarium
2961 1131 3029 1183 ad
3070 1131 3355 1186 ecclesiam
3391 1132 3476 1184 in-

1894 1221 2144 1284 troitum,
2180 1229 2237 1274 et
2286 1221 2530 1291 opimum
2599 1220 2667 1274 ad
2718 1222 3003 1278 ministros
3054 1222 3147 1279 Dei
3190 1240 3472 1280 accessum

1895 1311 2310 1380 descripsimus,
2371 1326 2471 1382 age
2520 1327 2667 1379 nunc
2739 1321 2794 1368 et
2863 1313 3128 1368 Joannem
3198 1330 3322 1369 cum
3382 1316 3476 1370 illo

1899 1409 2081 1455 texere
2110 1415 2494 1471 procuremus,
2526 1403 2620 1473 qui
2648 1411 2702 1457 et
2733 1405 2850 1474 ipse
2883 1405 3138 1461 similiter
3161 1408 3476 1462 communi-

1897 1501 2053 1549 cator
2105 1504 2443 1565 spontaneos
2511 1498 2578 1551 de
2618 1513 2729 1553 non
2782 1509 3085 1568 spontaneo
3133 1499 3314 1557 factus
3368 1512 3474 1569 est,

1899 1587 2413 1658 communionisque
2436 1589 2741 1643 mercedem
2766 1590 3056 1645 sanitatem
3095 1593 3325 1661 adeptus
3366 1604 3472 1657 est,

1900 1684 1955 1732 et
1985 1693 2181 1733 rursus
2221 1677 2415 1743 frater,
2451 1695 2546 1748 per
2572 1696 2762 1736 sacros
2800 1683 3003 1751 gradus
3032 1696 3345 1753 provectus,
3377 1702 3479 1758 ειν--

218 1789 390 1839 φασις
432 1744 496 1822 ἐκ
530 1744 690 1843 Κυνῷ
710 1744 810 1838 μὲν
830 1744 928 1840 τῆς
959 1744 1259 1837 Ᾰίγυπτίας
1284 1744 1511 1838 ὥρμητο
1539 1744 1753 1830 πόλεως
1778 1781 1793 1796 ⁸

1907 1769 2092 1839 pellari
2129 1770 2453 1837 promeruit.
2497 1772 2596 1827 Hic
2623 1787 2754 1842 ergo
2785 1771 3027 1829 Joannes
3058 1775 3152 1845 qui
3193 1778 3477 1844 praesentis

218 1867 283 1915 ὲν
308 1861 647 1931 ἀμφοτέραις
673 1860 729 1912 δὲ
763 1863 883 1922 ταῖς
911 1861 1103 1931 κόραις
1149 1860 1275 1929 ἔσχε
1297 1858 1650 1928 λευκὼματα,
1703 1859 1799 1912 καὶ

217 1955 432 2008 τούτων
460 1953 518 2005 τὸ
552 1952 668 2021 φῶς
691 1954 812 2014 ταῖς
840 1950 947 2004 τῶν
969 1951 1339 2021 λευκωμάτων
1386 1950 1659 2014 εἰσϐολαῖς
1698 1951 1811 2027 ῠπ-γ

220 2047 529 2116 εχώρησεν,
551 2046 627 2108 ὡς
655 2045 729 2115 μὴ
762 2044 1062 2113 δυνάμενον
1086 2046 1252 2115 κόρας
1290 2044 1581 2116 ὀφθαλμῶν
1621 2061 1801 2099 συνοι-

221 2141 347 2192 κεῖν
391 2140 501 2199 τοῖς
564 2133 951 2205 λευκώμασιν·
1015 2135 1147 2188 ποία
1199 2135 1308 2206 γὰρ
1357 2136 1609 2190 κοινωνία
1661 2139 1800 2208 φωτὶ

222 2227 367 2298 πρὸς
399 2227 620 2293 σκότος;
661 2225 738 2289 ὼς
784 2226 878 2278 καὶ
912 2225 1169 2289 Παῦλοςό
1213 2226 1502 2292 θεσπέσιος
1542 2228 1797 2300 εἴρηκεν

222 2317 355 2372 οὔτε
379 2318 489 2387 γὰρ
519 2316 579 2368 τὸ
617 2315 732 2384 φῶς
772 2316 829 2367 ὲν
872 2315 1128 2386 κοινωνίᾳ
1178 2316 1361 2386 μένειν
1424 2316 1520 2371 τοῦ
1578 2317 1802 2381 σκότους

223 2408 502 2477 ἀνέχεται,
533 2404 656 2459 οὔτε
688 2406 748 2459 τὸ
783 2405 973 2468 σκότος
1004 2404 1248 2460 σύνοικον
1293 2406 1356 2459 τὸ
1391 2405 1509 2475 φῶς
1555 2406 1796 2477 παραδέο

224 2498 426 2565 ξασθαι
458 2497 703 2561 δύναται,
736 2497 851 2550 ἀλλ’
879 2497 1128 2551 ὲναντίαν
1163 2497 1264 2569 τὴν
1292 2497 1455 2567 φύσιν
1484 2500 1544 2551 ὲν
1594 2497 1798 2552 ἅπασιν

224 2589 443 2659 ἔχοντα,
473 2587 722 2641 ἐναντίαν
762 2587 856 2642 καὶ
884 2588 985 2659 τὴν
1012 2587 1294 2657 ἐνέργειαν
1339 2587 1603 2659 κέκτηται
1622 2603 1637 2617 ·
1662 2587 1802 2641 ὥστε

222 2681 358 2743 τοὺς
384 2680 631 2748 ἔχοντας,
660 2677 694 2749 ἢ
729 2678 793 2732 τὸ
819 2678 1010 2742 σκότος
1040 2680 1117 2749 μὴ
1146 2678 1387 2751 βλέπειν,
1414 2678 1448 2749 ἢ
1498 2678 1559 2733 τδ
1591 2680 1705 2749 φῶς
1727 2677 1802 2751 μὴ

229 2770 599 2837 σκοτίζεσθαι.

302 3049 561 3119 Ἰωάννης
594 3045 686 3103 οῦν
714 3048 852 3119 ἔχων
878 3050 973 3103 τοῦ
1008 3051 1232 3115 σκότους
1260 3052 1339 3130 τάξ
1372 3053 1541 3119 αἴτια,
1568 3051 1664 3107 τοῦ
1695 3070 1803 3124 φω-
1826 3072 1871 3130 α

222 3133 323 3199 τὸς
350 3135 746 3205 ἀπετύγχανεν,
775 3136 866 3190 καὶ
892 3138 1082 3191 τούτου
1138 3127 1444 3205 σκοτωθεὶς
1489 3141 1799 3210 ἐχωρίζετο,

226 3228 329 3279 καὶ⁸
369 3226 673 3290 σκοτισθεὶς
701 3228 762 3280 τὸ
811 3228 1071 3298 παράπαν
1120 3231 1220 3283 οὐκ
1267 3230 1528 3287 ἐόλεπεν·
1564 3235 1621 3285 ὲν
1663 3233 1805 3303 νόσῳ

230 3317 347 3387 γάρ
375 3317 483 3370 τῶν
511 3314 775 3387 ὀμμάτων
804 3320 1116 3388 γενόμενος,
1163 3321 1258 3373 καὶ
1290 3322 1465 3389 φωτὸς
1493 3323 1802 3394 στερηθεὶς,

226 3406 307 3466 ὡς
339 3406 682 3476 προείρηται,
716 3409 806 3460 ἐπὶ
834 3408 1018 3476 Κῦρον
1048 3411 1141 3462 καὶ
1164 3409 1417 3481 Ἰωάννην
1443 3413 1570 3476 τοὺς
1599 3414 1807 3483 μάρτυ-

229 3512 334 3567 ρας
365 3497 549 3567 ἤγετο,
584 3496 783 3566 ἐτέρων
811 3497 1109 3568 ὀφθαλμοῖς
1143 3501 1555 3570 πώηγούμενος
1574 3517 1589 3533 °
1635 3505 1806 3556 ἐνιαυ-

229 3584 329 3638 τοῦ
355 3587 410 3638 δὲ
443 3587 558 3648 ἑνὸς
589 3587 1028 3652 διιππεύσαντος,
1084 3590 1183 3657 τῆς
1211 3590 1319 3643 τῶν
1368 3592 1541 3660 ἁγίων
1582 3594 1807 3665 ἀρωγῆς

230 3676 454 3747 ὴξιοῦτο
516 3678 608 3729 καὶ
646 3679 883 3747 χάριτος.
938 3679 1095 3734 Οὕτω
1126 3682 1181 3734 δὲ
1216 3683 1323 3734 τῶν
1377 3682 1547 3751 ἁγίων
1587 3685 1807 3752 γέγονεν

228 3768 267 3836 ἡ
305 3766 608 3833 ἐπίσκεψις·
645 3765 773 3821 Ἐπὶ
801 3768 901 3836 τῆς
933 3771 1222 3841 στρωμνῆς
1247 3774 1276 3825 ό
1302 3773 1557 3843 Ἰωάννης
1583 3774 1808 3827 ἐκάθευ-

229 3852 344 3912 δεν,
373 3854 466 3905 καὶ
487 3854 782 3919 καθεύδων,
804 3856 995 3909 ἑαυτὸν
1020 3857 1230 3912 ἑστῶτα
1257 3860 1363 3931 πρὸ
1383 3859 1478 3912 τοῦ
1505 3860 1615 3914 τῶν
1634 3862 1808 3931 ἁγίων

228 3932 428 3994 ἔϐλεπε
466 3944 771 4013 μνήματος,
798 3948 891 4000 καὶ
924 3949 1054 4019 περὶ
1094 3950 1193 4020 τῆς
1230 3950 1338 4003 τῶν
1373 3950 1636 4020 ὀμμάτων
1664 3954 1808 4006 ἐδέε-

225 4048 297 4081 το
354 4030 609 4100 ῥώσεως·
664 4035 761 4087 καὶ
802 4036 960 4089 τοῦτο
1015 4037 1182 4091 ποιῶν
1226 4039 1353 4103 τοὺς
1399 4040 1589 4107 ἁγίους
1633 4040 1806 4094 ἐδόκει

227 4118 531 4172 θεάσασθαι
558 4120 870 4202 ἔμπροσθεν
901 4126 1001 4195 τῆς
1047 4127 1255 4191 οἰκείας
1294 4128 1453 4200 σοροῦ
1487 4131 1546 4181 ὲν
1574 4129 1807 4199 πρεσϐυ-

222 4212 406 4278 τέρων
430 4213 771 4283 καθημένους
803 4220 1042 4287 μορφαῖς
1069 4235 1129 4271 τε
1149 4220 1244 4273 καὶ
1273 4221 1549 4291 σχήμασιν
1567 4238 1580 4252 ·
1612 4222 1661 4276 οῖ
1691 4223 1801 4276 τῶν

227 4299 439 4368 θρόνων
469 4303 821 4369 ἀναστάντες,
853 4307 1074 4378 καὶτῆς
1093 4310 1274 4380 χειρὸς
1305 4310 1398 4364 τὸν
1430 4311 1684 4381 Ἰωάννην
1712 4314 1807 4367 λα-

224 4390 452 4458 ὀόμενοι
473 4394 569 4445 ἐπὶ
593 4394 653 4447 τὸ
690 4396 832 4451 θεῖον
865 4398 1249 4470 θυσιαστήριον
1285 4404 1492 4474 ἤγαγον
1512 4421 1525 4435 ’
1555 4406 1650 4459 καὶ
1674 4407 1795 4461 τού-
1826 4406 1884 4471 D
1905 4390 2187 4493 sisteniés;

224 4496 308 4550 τῳ
346 4481 505 4533 αὑτὸν
544 4489 1012 4555 παραστήσαντες,
1064 4490 1229 4561 ἄρτον
1267 4492 1413 4562 αὐτῷ
1466 4495 1801 4564 προσένεμον

227 4573 388 4638 ἅγιον
419 4572 680 4634 ζωοποιὸν
724 4578 958 4648 Χριστοῦ
1008 4581 1169 4652 σῶμα
1216 4584 1506 4655 γενόμενον
1539 4586 1674 4656 (26)’
1706 4589 1801 4642 καὶ

229 4665 372 4733 μετὰ
404 4666 502 4736 τὴν
530 4667 719 4720 τούτου
761 4671 1083 4741 μετάληψιν,
1118 4675 1226 4727 ἀπὸ
1259 4679 1355 4746 τῆς
1393 4681 1662 4749 μυστικῆς
1676 4681 1801 4760 ίπά-

225 4752 314 4806 λιν
340 4758 618 4827 τραπέζης
641 4759 899 4824 λαϐόντες
934 4767 1214 4836 ποτήριον,
1248 4768 1392 4821 θείου
1423 4752 1797 4843 πεπληρωμέ-

222 4862 320 4898 νον
359 4848 607 4911 ὲπότιζον
635 4852 906 4919 γάλακτος
929 4872 943 4885 ·
981 4852 1024 4923 ᾧ
1054 4859 1195 4928 τάχα
1232 4861 1326 4913 καὶ
1361 4862 1571 4927 Παῦλος
1600 4867 1627 4918 ὀ
1667 4865 1801 4919 ἀπόο

224 4937 418 5028 στολος
440 4942 680 5005 ποτίζειν
699 4946 824 5009 τοὺς
847 4949 905 4999 ὲν
935 4949 1157 5021 Χριστῴ
1185 4955 1547 5022 νηπιάζοντας
1571 4957 1798 5028 ἔγραφε.

222 5024 370 5118 Μεθξ
406 5027 441 5081 ἃ
477 5030 568 5083 τὸν
599 5033 853 5106 Ἰωάννην
883 5038 1118 5092 ἀπέλυον
1166 5044 1393 5097 τοιοῖσδε
1437 5024 1615 5099 αὐτὸν
1639 5024 1801 5118 περι-

226 5117 537 5209 (ρράξαντες
555 5124 815 5193 ῥήμασιν·
852 5128 981 5182 Ἰδοὺ
1003 5134 1099 5200 τῆς
1118 5132 1379 5205 ἀληθινῆς
1393 5134 1536 5207 ζωῆς
1551 5138 1649 5209 τὴν
1663 5117 1799 5206 ὀδόν,

223 5202 273 5260 ὦ
304 5211 509 5272 νεανία,
531 5216 858 5284 κατέμαθες.
889 5219 963 5272 Τὸ
994 5220 1178 5277 λοιπὸν
1202 5220 1294 5277 οὖν
1326 5202 1511 5280 ἐνθάδε
1550 5202 1657 5282 τιῦν
1695 5202 1798 5301 μυέ

224 5302 468 5371 στηρίων
509 5304 744 5373 Χριστοῦ
788 5311 1195 5381 μετελάμϐανε·
1237 5317 1514 5371 Θεοδοσίου
1546 5320 1654 5391 γὰρ
1704 5325 1800 5377 καὶ

217 5390 466 5460 Σευήρου
498 5394 526 5445 ὁ
573 5395 824 5469 Ἰωάννης
862 5402 1108 5474 ὑπῆρχεν
1151 5406 1420 5475 ὀμόδοξος,
1469 5412 1562 5463 καὶ
1594 5390 1799 5469 τούτων

214 5480 319 5536 τοῦ
348 5482 617 5556 δόγματος
637 5477 1001 5546 ’ὑποδιακόνου
1031 5495 1183 5561 τάξιν
1213 5500 1546 5570 κεκλήρωτο.

1901 1859 2190 1928 scripturae
2225 1859 2399 1914 fomes
2421 1869 2503 1916 est
2535 1870 2591 1916 et
2613 1863 2856 1929 occasio,
2892 1865 2958 1920 de
2978 1865 3131 1936 Cyno
3163 1865 3476 1937 (Egyptiaca

1900 1953 2120 2006 civitate
2151 1953 2360 2008 exstitit
2381 1955 2690 2014 oriundus:
2723 1958 2779 2012 in
2813 1959 3059 2029 utrisque
3088 1968 3268 2015 autem
3303 1964 3479 2033 pupil-

1901 2043 1970 2107 lis
1997 2043 2228 2099 habebat
2251 2045 2560 2114 alhugines,
2579 2056 2633 2102 et
2679 2048 2872 2104 harum
2906 2051 3089 2107 lumen
3124 2069 3235 2123 prae
3269 2057 3480 2129 albugi-

1902 2153 2031 2192 num
2067 2139 2294 2194 recessit
2317 2139 2777 2209 immissionibus,
2800 2158 2920 2198 cum
2945 2147 3187 2215 profecto
3209 2164 3316 2203 non
3351 2166 3479 2220 pos-

1903 2241 2023 2287 sent
2059 2231 2281 2300 pupillae
2319 2233 2606 2288 oculorum
2633 2235 2797 2289 simul
2836 2250 2959 2291 cum
2990 2238 3340 2309 albuginibus
3374 2243 3474 2296 ha-

1903 2322 2100 2377 bitare.
2133 2322 2266 2389 Quae
2288 2326 2436 2379 enim
2473 2337 2555 2381 est
2580 2330 3009 2387 communicatio
3058 2334 3167 2388 luci
3216 2334 3283 2390 ad
3333 2344 3478 2394 tene-

1901 2415 2248 2473 brasisicut
2282 2426 2336 2472 et
2370 2418 2573 2476 Paulus
2610 2421 2753 2476 dixit
2789 2427 3060 2496 egregius.
3112 2427 3299 2500 Neque
3331 2432 3476 2487 enim

1903 2515 1998 2563 aut
2028 2509 2210 2564 lumen
2245 2510 2300 2564 in
2352 2514 2738 2568 communione
2782 2528 3004 2573 manere
3068 2521 3275 2588 patitur
3326 2533 3479 2580 tene-

1903 2598 2152 2666 brarum,
2190 2608 2289 2655 aut
2336 2602 2571 2658 tenebrae
2603 2605 3052 2663 cohabitatricem
3115 2622 3347 2680 possunt
3387 2614 3482 2669 ad-

1904 2693 2345 2759 mitterelucem;
2384 2695 2479 2750 sed
2524 2695 2669 2751 sicut
2692 2700 3024 2753 contrariam
3073 2702 3276 2758 habent
3320 2714 3482 2762 natu—

1904 2798 2026 2838 ram
2051 2787 2106 2839 in
2138 2787 2376 2852 cunctis,
2415 2786 2498 2842 sic
2533 2796 2587 2842 et
2611 2791 2945 2845 contrariam
2976 2794 3258 2862 possident
3290 2812 3481 2867 opera-

1905 2874 2151 2943 tionem;
2197 2877 2273 2931 ita
2301 2886 2361 2932 ut
2389 2883 2481 2947 qui
2513 2881 2699 2948 habet,
2731 2882 2817 2937 vel
2845 2884 3102 2942 tenebras
3135 2903 3245 2943 non
3275 2890 3477 2957 videat,

1905 2967 1991 3020 vel
2033 2967 2215 3022 lumen
2250 2983 2360 3023 non
2395 2969 2836 3029 obtenebrescat.

1980 3056 2221 3114 Joannes
2281 3076 2416 3132 ergo
2457 3062 2666 3120 habens
2714 3067 3068 3124 tenebrarum
3136 3085 3356 3138 causas,
3398 3074 3484 3128 lu-

1909 3152 2057 3206 mine
2079 3152 2465 3219 frustrabatur,
2489 3168 2543 3212 et
2578 3161 2646 3213 ab
2676 3160 2781 3217 hoc
2818 3173 3200 3232 sequestratus
3227 3170 3483 3227 tenebras

1908 3244 2238 3310 patiebatur,
2267 3234 2333 3299 et
2366 3250 2759 3306 obtenebratus
2808 3256 3027 3323 penitus
3068 3272 3174 3310 non
3243 3259 3480 3317 videbat.

1907 3332 2094 3402 Itaque
2122 3339 2405 3392 oculorum
2430 3340 2550 3393 visu
2582 3344 2847 3410 privatus,
2907 3358 2960 3400 et
2986 3348 3129 3401 sicut
3158 3349 3363 3406 dictum
3400 3362 3485 3407 est

1907 3420 2028 3477 luce
2050 3423 2356 3492 fraudatus,
2378 3428 2446 3481 ad
2479 3427 2679 3500 Cyrum
2715 3440 2767 3485 et
2797 3432 3060 3488 Joannem
3093 3448 3361 3509 martyres
3381 3442 3484 3496 du—

1908 3510 2154 3576 cebatur,
2203 3516 2432 3567 aliorum
2476 3518 2652 3572 oculis
2696 3519 2914 3576 ductus.
2949 3524 3118 3580 Porro
3162 3541 3287 3581 cum
3342 3546 3485 3587 unus

1910 3601 2246 3668 praeterisset
2279 3618 2479 3671 annus,
2509 3615 2826 3663 sanctorum
2857 3628 3015 3682 opem
3038 3624 3091 3669 et
3116 3619 3348 3687 gratiam
3372 3637 3487 3678 me-

1909 3694 2036 3751 ruit.
2070 3692 2275 3750 Taliter
2321 3706 2502 3752 autem
2567 3710 2882 3759 sanctorum
2925 3707 3066 3762 facta
3099 3719 3182 3766 est
3221 3714 3481 3771 visitatio.

1912 3780 2090 3852 Supra
2121 3795 2356 3841 stratum
2423 3787 2666 3848 Joannes
2725 3795 3053 3867 dormiebat,
3107 3812 3161 3857 et
3204 3804 3485 3865 dormiens

1912 3884 2038 3929 ante
2064 3888 2386 3934 sanctorum
2418 3898 2478 3938 se
2519 3884 2844 3944 intuebatur
2875 3905 3294 3954 monumentum
3328 3910 3481 3956 stati--

1911 3974 2041 4033 tem,
2077 3970 2219 4025 etde
2240 3975 2479 4030 sanitate
2522 3976 2671 4034 visus
2699 3979 3121 4053 deprecantem;
3149 3997 3205 4043 et
3254 3991 3360 4048 hoc
3412 3994 3489 4048 fu-

1910 4058 2082 4126 ciens,
2111 4065 2336 4132 putabat
2365 4080 2586 4125 sanetos
2618 4071 2804 4129 videre
2833 4088 2959 4131 ante
2987 4083 3272 4150 proprium
3303 4092 3486 4141 tumu-

1912 4151 2021 4205 lum
2048 4153 2100 4207 in
2152 4157 2601 4227 presbyterorum
2643 4164 2836 4223 formis
2890 4177 2946 4224 et
2995 4172 3218 4243 habitu;
3261 4180 3353 4247 qui
3418 4181 3486 4237 de

1911 4245 2135 4301 sedibus
2157 4262 2511 4320 assurgentes
2544 4263 2599 4310 et
2635 4273 2799 4314 manu
2862 4260 3127 4322 Joannem
3177 4245 3483 4340 apprehen—

1917 4334 2132 4402 dentes,
2161 4339 2228 4392 ad
2269 4340 2511 4399 divinum
2547 4348 2719 4406 altare
2756 4352 3055 4425 duxerunt,
3090 4368 3143 4414 et
3168 4334 3324 4418 illum
3351 4365 3481 4420 huic

2225 4445 2419 4500 panem
2440 4438 2488 4490 ei
2528 4451 2782 4496 sanctum
2806 4447 3174 4518 prabuerunt,
3207 4454 3476 4512 viviﬂcum

1905 4515 2109 4571 Christi
2137 4532 2341 4588 corpus
2376 4522 2629 4581 effectum
2658 4548 2671 4582 :
2696 4542 2749 4584 ct
2779 4544 2906 4602 post
2938 4538 3101 4607 hujus
3125 4515 3471 4602 communio-

1905 4622 2052 4673 nem,
2085 4625 2281 4665 rursus
2309 4627 2337 4664 a
2368 4616 2594 4684 mystica
2625 4635 2812 4676 mensa
2832 4636 3053 4696 sumpto
3083 4632 3253 4687 calice
3294 4635 3482 4692 divino

1908 4701 2047 4758 lacte
2079 4707 2286 4774 repleto
2318 4719 2664 4780 notaverunt,
2692 4720 3149 4788 quemadmodum
3190 4737 3243 4783 et
3275 4728 3478 4788 Paulus

1908 4794 2194 4860 apostolus
2227 4795 2344 4860 hos,
2376 4800 2465 4867 qui
2490 4800 2543 4854 in
2567 4802 2788 4859 Christo
2818 4811 3026 4877 parvuli
3049 4826 3226 4882 erant,
3258 4825 3481 4886 potasse

1909 4895 1969 4934 se
2008 4881 2249 4950 scripsit.
2287 4882 2416 4940 Post
2457 4904 2583 4957 qua:
2641 4890 2905 4949 Joannem
2942 4881 3298 4971 dimiserunt;
3336 4922 3478 4977 pra:-

1910 4975 2057 5022 terea
2117 4970 2486 5027 talibus'eum
2529 4981 3029 5050 circumsaepientes
3074 4990 3253 5045 verbis
3336 4970 3481 5051 Ecce

1906 5063 2059 5115 aiunt
2084 5078 2223 5117 vera:
2258 5066 2379 5119 vitae
2410 5067 2573 5133 viam,
2605 5084 2638 5120 ο
2689 5072 3030 5143 adolescens,
3084 5080 3344 5141 didicisti.
3404 5088 3478 5145 De

1909 5160 2108 5206 caetero
2141 5154 2228 5208 hic
2260 5155 2466 5210 Christi
2508 5174 2637 5227 ergo
2666 5175 2822 5216 sume
2850 5169 3150 5236 mys:eria;
3184 5171 3478 5235 Theodosii

1909 5242 2112 5312 quippe
2141 5256 2306 5314 atque
2336 5243 2519 5300 Severi
2551 5246 2791 5307 Joannes
2819 5264 2935 5308 erat
2985 5257 3089 5312 iste
3133 5270 3394 5331 sectator,
3425 5280 3480 5326 ct

1910 5340 2104 5392 horum
2135 5338 2405 5408 dogmatis
2452 5341 2775 5399 subdiaconi
2830 5351 3056 5406 sortitus
3087 5362 3173 5408 est
3203 5357 3476 5423 ordinem.

1727 5602 1964 5663 ΝΟΤᾹΞ.

292 5669 412 5743 ('26)
455 5674 666 5730 Rursus
698 5680 1076 5736 testimonium
1121 5699 1219 5753 pro
1253 5701 1392 5755 pane
1420 5691 1794 5752 eucharistieo
1831 5699 1884 5753 in
1915 5717 2116 5773 corpus
2147 5704 2347 5763 Christi
2375 5724 2658 5769 converso.

580 5774 848 5838 Pyrum"
894 5782 1007 5841 Gn.
1057 5783 1415 5849 LXXXVII.

3002 5808 3107 5869 112
