4002 6312
522 262 664 323 3563

1374 268 1432 325 S.
1477 269 1892 327 SOPHRONII
1935 268 2441 332 PATRIARCILE
2476 276 2861 342 HIEBOSOL

3647 293 3798 355 3565

494 421 500 425 .
596 373 719 427 lle-(ec
747 375 802 427 in
839 377 1048 431 somnis
1100 377 1146 432 is
1170 378 1261 447 qtti
1295 393 1473 434 caecus
1521 380 1738 434 interim
1784 381 2071 434 habebatin

2263 383 2445 440 Ταῦτα
2473 389 2592 442 καθ’
2622 392 2822 457 ὕπνους
2853 399 2880 448 ὁ
2910 398 3044 460 τέως
3073 401 3268 463 τυφλὸς
3296 401 3660 473 θεασάμενος,
3687 411 3792 461 τόν

523 465 780 530 intuitus,
807 479 1060 520 somnum
1099 468 1318 536 quidem
1363 471 1587 540 abjecit,
1642 473 1927 543 mysticam
1964 487 2094 528 vero

521 560 964 625 mstructionem,
996 576 1119 630 qua:
1146 578 1241 632 per
1268 567 1542 618 somnium
1589 566 1730 621 facta
1766 567 1947 620 fuerat
1977 576 2092 622 sta-

525 651 719 715 bilivit,
759 650 1000 704 divinam
1038 652 1179 707 hanc
1231 656 1550 722 arbitratus,
1611 667 1667 712 et
1723 659 2090 728 corporalium

519 740 830 804 oculorum,
863 739 907 792 si
949 750 1329 796 consummata
1365 744 1526 810 foret,
1582 747 1904 801 donaturam
1935 749 2093 803 obtu-

519 845 654 888 tum.
695 831 850 888 Unde
871 847 1235 906 consurgens,
1270 841 1632 893 sacramentis
1662 841 1748 894 ubi
1770 841 1961 910 jussus
1982 848 2087 907 est,

515 927 766 995 protinus
791 929 1241 991 communicavit,
1271 929 1418 982 onmi
1446 945 1544 984 sua
1581 933 1765 1001 priore
1794 933 2090 987 traditione

513 1019 783 1089 deposita,
809 1027 863 1072 et
893 1020 1137 1074 ecclesiae
1188 1021 1480 1076 animabus
1532 1024 1649 1076 utili
1699 1023 2089 1092 praedicatione

510 1118 750 1180 recepta.
781 1109 845 1164 Et
875 1110 979 1165 ltoc
1005 1119 1180 1181 gesto,
1205 1115 1350 1166 sicut
1383 1113 1792 1182 l'ueratjussus,
1819 1117 2088 1171 tertianus

511 1207 695 1258 lumen
727 1204 936 1258 visibus
968 1206 1374 1274 contemplatus
1421 1215 1525 1271 est,
1580 1209 1776 1262 animae
1808 1209 2086 1266 illumina-

511 1295 714 1346 tionem
752 1309 782 1345 e
828 1295 1058 1363 vestigio
1103 1295 1455 1360 subsecutus,
1493 1308 1546 1351 et
1577 1299 1755 1354 factus
1807 1310 1892 1355 est
1937 1303 2084 1356 sicut

509 1392 672 1439 natus
712 1393 816 1445 est,
851 1395 901 1438 et
941 1393 1059 1439 erat
1104 1387 1262 1454 quasi
1296 1403 1574 1456 nunquam
1637 1391 1934 1459 aliquando
1971 1393 2086 1445 lan-

507 1479 703 1546 guidos
733 1477 988 1531 habuerit
1013 1481 1261 1548 corporis
1289 1482 1502 1534 oculos.

575 1566 776 1621 Verum
811 1584 934 1622 cum
972 1569 1025 1621 in
1065 1569 1148 1622 ltis
1175 1578 1342 1634 esset,
1370 1578 1424 1624 et
1449 1572 1598 1624 clare
1642 1587 1871 1641 prorsus
1932 1573 2083 1629 vide-

508 1670 610 1719 ret.
666 1658 754 1712 ille
790 1660 883 1728 qui
950 1659 1220 1712 bonorum
1276 1669 1362 1714 est
1418 1661 1803 1730 interemptor,
1854 1663 2072 1727 invidit,

2207 474 2306 570 μέν
2328 475 2494 532 ὕπνον
2542 482 2803 548 ἀπέϐαλε,
2843 487 2943 557 τὴν
2987 489 3043 541 δὲ
3084 491 3204 542 καθ’
3245 491 3412 546 ὕπνον
3462 499 3788 570 ὲνεστήριξε

2205 565 2428 637 μύησιν,
2458 570 2606 624 θείαν
2641 576 2809 646 αὐτὴν
2843 578 3153 646 ὑπολαϐὼν,
3180 583 3273 635 καὶ
3305 584 3404 654 τὴν
3439 587 3550 640 τῶν
3588 607 3785 658 σωμα-

2199 659 2368 750 τικῶν
2393 660 2684 733 ὀφθαλμῶν
2708 669 2754 720 εί
2773 668 3048 742 τελεσθείη
3066 675 3435 746 χαριουμένην
3462 679 3777 750 ἀνάϐλεψιν.

2202 749 2365 840 Ὅθεν
2392 754 2626 818 ἀναστὰς
2646 757 2754 810 τῶν
2785 763 3098 830 μυστηρίων
3123 764 3324 828 εὐθέως
3351 766 3477 820 ἔνθα
3507 749 3782 840 προσετά-

2201 839 2302 910 χθη
2337 845 2600 912 μετέλαϐε
2623 888 2638 911 ,
2663 850 2844 902 πᾶσαν
2872 852 3034 904 αὑτοῦ
3066 853 3162 924 τὴν
3179 859 3451 928 προτέραν
3475 839 3780 930 παράδοσιν

2197 931 2554 1004 ἀποθέμενος,
2585 941 2679 992 καὶ
2706 940 2885 1012 τὸτῆς
2918 945 3214 1017 ἐκκλησίας
3243 947 3570 1020 ψυχωφελὲς
3596 956 3780 1009 ἀσπα-

2198 1023 2434 1092 σάμενος
2469 1030 2732 1102 κήρυγμα
2757 1049 2770 1064 ·
2831 1038 2925 1087 καὶ
2977 1037 3138 1090 τοῦτο
3188 1043 3484 1112 πεπραχὼς
3518 1045 3596 1109 ὡς
3629 1049 3776 1101 τεθέ-

2164 1128 2376 1180 σπιστο,
2410 1122 2650 1190 τριταῖος
2688 1123 2749 1175 τὸ
2794 1126 2909 1192 φῶς
2953 1130 3069 1190 τοῖς
3123 1129 3365 1199 ϐμμασιν
3413 1132 3670 1201 ἔϐλεπεν,
3697 1139 3776 1207 τῷ

2195 1208 2462 1279 φωτισμῷ
2501 1211 2598 1280 τῆς
2639 1213 2818 1284 ψυχῆς
2847 1218 2990 1271 κατά
3035 1219 3200 1283 πόδας
3234 1222 3525 1292 ἑπόμενον,
3551 1228 3646 1279 καὶ
3676 1230 3773 1296 γέ-

2193 1311 2350 1362 γονεν
2389 1299 2465 1363 ὡς
2494 1303 2773 1372 γεγένητο,
2812 1308 2905 1360 καὶ
2942 1304 3008 1378 ἦν
3042 1309 3114 1372 ὡς
3149 1311 3209 1362 οὐ
3246 1315 3480 1383 νοσήσας
3533 1319 3667 1372 ποτὲ
3705 1320 3776 1372 τὰ

2191 1387 2286 1441 τοῦ
2310 1389 2563 1458 σώματος
2591 1394 2834 1464 ὄμματα.

2261 1560 2404 1615 Ἀλλ’
2435 1567 2493 1619 ὲν
2521 1567 2732 1632 τούτοις
2761 1570 2875 1624 ϐντι
2914 1575 3006 1626 καὶ
3038 1575 3398 1646 λαμπρότατα
3429 1580 3707 1650 βλέποντι,
3742 1589 3770 1639 ὀ

2187 1650 2296 1704 τῶν
2329 1654 2511 1710 καλῶν
2539 1659 2830 1731 ἀναιρέτης
2871 1663 3190 1736 ἐφθόνησεν,
3230 1670 3558 1740 ἀποστερεῖν
3581 1691 3644 1726 τε
3676 1676 3770 1729 τοῦ

508 1751 831 1817 ιμι-ἱνειηοιιιιο
858 1749 1064 1818 duplici
1116 1757 1432 1804 sanctorum
1495 1768 1720 1809 munere
1764 1753 2071 1809 festinabat.

2181 1741 2356 1797 διττοῦ
2387 1748 2496 1800 τῶν
2519 1750 2691 1817 ἁγίων
2724 1754 3044 1824 δωρήματος
3073 1759 3354 1815 ἔσπευδεν.
3383 1739 3493 1817 καὶ
3521 1766 3587 1836 δὴ
3610 1770 3767 1820 ἐστέ-

507 1844 570 1895 Et
604 1843 874 1912 privabat,
910 1843 1054 1896 sicut
1084 1844 1327 1908 volebat;
1370 1843 1466 1899 sed
1499 1859 1696 1900 rursus
1749 1857 2078 1916 apparentes

419 2009 422 2012 ξ
501 1936 804 1990 salvatorcs
854 1935 1163 2002 salvarunt,
1223 1945 1280 1992 et
1333 1941 1514 1993 osoris
1593 1939 1721 1993 boni
1785 1943 2074 1996 consilium

442 2013 446 2017 ’
503 2029 912 2106 subverterunt.
969 2028 1203 2082 Joannis
1241 2029 1388 2083 enim
1446 2038 1597 2100 patre
1663 2042 1897 2099 mortuo,
1982 2035 2075 2103 qui

504 2118 827 2174 Theodorus
884 2119 1190 2183 dicebatur,
1252 2129 1308 2174 et
1352 2121 1619 2178 diaconus
1662 2124 1906 2192 ejusdem
1959 2135 2077 2180 erat

507 2211 800 2277 ltau'escns,
833 2212 1062 2265 veniunt
1099 2211 1321 2281 quidam
1368 2212 1515 2267 illius
1574 2215 1876 2270 secundum
1902 2233 2074 2286 genus

502 2300 812 2369 propinqui,
848 2310 900 2354 et
925 2299 1145 2354 domum
1176 2301 1226 2354 ei
1252 2302 1448 2357 reverti
1499 2303 1752 2370 suadent,
1783 2305 2072 2362 diaconum

500 2407 598 2459 pro
622 2404 776 2461 patre
835 2391 1017 2449 facere
1059 2393 1401 2463 pollicentes.
1462 2394 1530 2449 Et
1587 2406 1808 2466 sumpto
1849 2398 2067 2468 juvene.

501 2485 816 2537 mandatttm
847 2491 1165 2539 sanctorum
1226 2487 1446 2554 penitus
1502 2488 1765 2542 oblivioni
1802 2490 2069 2556 tradente,

499 2577 812 2645 pergebant.
866 2574 1000 2630 Cum
1027 2584 1206 2630 autem
1245 2578 1300 2629 lti
1354 2578 1446 2645 qui
1511 2576 1776 2632 Joannem
1809 2583 2069 2646 tulerant,

494 2669 648 2737 tlyno
670 2667 1227 2737 appropinquassent,
1260 2677 1314 2723 et
1349 2685 1458 2723 uno
1500 2672 1882 2726 tantummodo
1914 2673 2074 2742 signo

497 2775 525 2811 a
553 2759 771 2812 civitate
795 2760 911 2826 ipsa
945 2758 1236 2821 distarent,
1274 2760 1502 2814 veniunt
1533 2770 1799 2832 martyres
1817 2773 1870 2816 et
1895 2764 2069 2832 palam

496 2851 693 2904 laciem
719 2849 950 2905 Joannis
972 2852 1289 2920 percutiunt
1324 2851 1500 2922 alapa,
1532 2860 1585 2906 et
1609 2855 1791 2908 lumen
1824 2855 2072 2909 adimunt

496 2942 640 3013 quod
672 2943 959 3006 dederant,
988 2951 1042 2996 et
1091 2944 1332 2997 tenebris
1358 2943 1594 2998 induunt
1639 2961 1776 3014 quas
1832 2946 2072 3000 abstule-

499 3042 641 3088 rant.
689 3035 748 3088 lu
815 3034 920 3088 hoc
951 3043 1132 3089 autem
1183 3033 1424 3090 Joannes
1482 3037 1684 3090 malum
1749 3037 2066 3101 deveniens,

494 3125 751 3194 cognovit
783 3139 1049 3192 causam;
1101 3133 1156 3179 et
1188 3128 1430 3196 cognita,
1464 3143 1522 3182 se
1585 3127 1861 3198 paenituit,
1902 3139 1956 3182 et
1982 3144 2070 3185 re-

498 3219 772 3289 pmuitens
803 3217 1195 3289 indulgentiam
1228 3227 1560 3275 consecutus
1599 3229 1701 3282 est,
1753 3230 1806 3276 et
1858 3223 2067 3276 veniam

493 3317 826 3365 consecutus
857 3320 1144 3380 correptus
1173 3317 1277 3376 est,
1297 3319 1657 3382 etcorreptus
1677 3313 1857 3368 denuo
1886 3316 2067 3370 lumen

502 3405 728 3473 recepit,
758 3411 812 3459 et
835 3411 1056 3472 recepto
1108 3404 1316 3458 lumine
1349 3406 1576 3459 servivit
1611 3409 1964 3477 martyribus,
2015 3416 2069 3463 et

493 3500 740 3556 serviens
794 3500 1112 3570 receptione
1167 3499 1370 3568 dignus
1431 3499 1664 3554 etlicitur
1709 3501 1960 3566 liberali,
2011 3510 2065 3555 et

491 3596 595 3648 ltac
639 3593 839 3660 dignus
868 3591 1095 3647 ell'eclus
1143 3593 1197 3646 in
1255 3593 1462 3647 clerum
1517 3591 1750 3662 profecit
1795 3593 2063 3647 ecclesiae.

489 3685 726 3755 Accepta
759 3698 889 3738 vero
915 3682 1152 3752 benigna
1185 3690 1318 3738 tunc
1373 3685 1550 3752 alapa,
1610 3692 1664 3738 et
1710 3699 1889 3738 caecus
1923 3684 2068 3737 sicut

493 3775 649 3844 prius
684 3774 934 3840 eﬂeetus,
975 3775 1173 3829 iterum
1204 3790 1456 3829 reversus
1479 3783 1584 3842 est,
1641 3783 1696 3830 et
1745 3776 2066 3830 desideratze

489 3866 728 3921 civitatis
761 3865 1053 3936 abnegavit
1094 3865 1418 3928 introitum;
1461 3873 1779 3919 sanctorum
1813 3879 2058 3933 compas—

489 3958 698 4012 sionem
736 3965 790 4011 et
818 3957 968 4027 quod
1013 3971 1340 4012 conversqu
1373 3957 1683 4025 suscepturi
1717 3967 1772 4010 et
1815 3956 2062 4010 curaturi

485 4057 671 4105 essent
696 4049 761 4104 ad
795 4051 1029 4104 salutem
1056 4049 1446 4120 corripientes.
1477 4063 1582 4102 non
1607 4048 1881 4103 nesciens.

557 4229 801 4298 Denique
831 4241 956 4279 cum
1013 4233 1175 4280 nocte
1208 4226 1298 4279 illa
1336 4225 1624 4288 dormiret,
1695 4225 1878 4290 videt;
1955 4225 2062 4278 imo

485 4321 744 4390 quoniam
781 4334 890 4373 non
913 4318 1159 4382 videbat,
1185 4319 1479 4384 audiebat;
1527 4319 1638 4372 cito
1670 4327 1966 4379 revertere,
2006 4325 2061 4372 et

485 4413 703 4480 placare
735 4418 931 4464 curato
979 4419 1251 4480 martyres
1301 4410 1634 4479 indignatos,
1667 4424 1806 4478 quos
1835 4408 2057 4476 dispen-
2082 4426 2136 4485 D

485 4504 660 4558 sautis
691 4503 948 4572 templtun
982 4500 1328 4556 Cltristodori
1357 4501 1576 4554 scilicet
1612 4500 1756 4554 illius
1789 4499 2056 4554 mirabilis

485 4593 806 4648 insinuabat
835 4592 1124 4647 vocabulo.
1151 4590 1435 4645 Veraciter
1467 4597 1648 4643 autem
1693 4599 1748 4643 et
1807 4589 1888 4643 sic
1939 4597 2058 4643 erat

481 4685 776 4748 somnium,
803 4685 906 4738 hoc
933 4683 1074 4739 forte
1095 4683 1300 4738 sanctis
1333 4697 1428 4750 per
1458 4682 1700 4734 divinam
1737 4681 2057 4749 dispositio-

482 4792 602 4829 ncut
637 4776 1017 4846 operantibus,
1057 4775 1187 4842 quia
1213 4773 1332 4827 sine
1358 4769 1724 4832 Cltristodori,
1764 4771 1861 4834 ait,
1917 4785 2057 4838 prae-

481 4870 740 4936 ceptione
803 4867 1030 4921 recessit.
1089 4880 1101 4915 :
1163 4865 1309 4917 unde
1410 4862 1718 4916 venientem
1773 4859 2056 4914 Joannem

479 4976 657 5029 neque
688 4959 893 5023 videre,
921 4974 1098 5028 neque
1129 4959 1326 5027 bisqui
1355 4958 1406 5010 in
1435 4956 1636 5024 templo
1653 4965 1809 5010 erant
1829 4954 2060 5010 inﬁrmis

478 5067 882 5107 conuumerare
925 5051 1122 5113 voluit,
1189 5051 1284 5104 sed
1321 5050 1374 5103 in
1421 5048 1720 5103 venerabili
1751 5049 1936 5118 templi
1977 5063 2062 5102 sa-

479 5146 661 5198 crario
687 5145 923 5214 jacebat,
949 5144 1038 5196 ttbi
1090 5157 1282 5196 omnes
1315 5141 1560 5210 hospites
1588 5139 1880 5209 iacebant;
1916 5140 2060 5193 loco

479 5239 609 5305 alio,
639 5245 861 5307 propter
893 5235 1268 5305 languentium
1290 5234 1383 5302 qui
1420 5232 1532 5287 illic
1565 5235 1742 5286 iuerat
1773 5233 2058 5302 populum,

477 5346 589 5384 non
616 5337 855 5396 reperto.
897 5326 1106 5380 Interea
1155 5340 1280 5380 cum
1310 5321 1554 5378 Joannes
1612 5322 1667 5376 in
1722 5321 1826 5376 hoc
1882 5322 2060 5376 tribus

477 5421 674 5475 diebus
722 5419 1009 5487 iacuisset,
1052 5425 1106 5471 et
1142 5417 1320 5471 locum
1369 5411 1701 5469 iufirmantis
1758 5413 1900 5467 sicut
1928 5413 2060 5465 inti-

483 5519 688 5565 matum
717 5520 799 5564 est
842 5527 946 5564 non
983 5509 1310 5577 accepisset,
1341 5508 1585 5578 gratiﬁca
1619 5506 1721 5560 ltoc
1759 5515 2059 5576 martyrum

483 5603 840 5671 dispensante
865 5602 1083 5664 virtute,
1112 5611 1236 5669 post
1262 5611 1371 5654 tres
1404 5599 1527 5653 illos
1559 5598 1677 5651 dies
1705 5613 1828 5651 cum
1851 5598 2061 5651 dormi-

485 5699 586 5754 ret,
611 5691 902 5745 diaconum
937 5691 1082 5743 videt
1131 5691 1182 5743 itt
1240 5691 1357 5742 loco
1411 5687 1662 5740 autbzmis
1699 5695 1962 5742 stantem.
2011 5699 2063 5742 ct

2185 1849 2349 1927 ρησεν
2377 1837 2453 1900 ὡς
2482 1840 2736 1895 ἐϐούλετο
2758 1862 2771 1875 ·
2799 1845 2936 1902 ἀλλὰ
2967 1849 3130 1903 πάλιν
3163 1855 3420 1920 φανέντες
3445 1857 3492 1907 οἱ
3519 1859 3771 1927 σωτῆρες

2179 1926 2468 1995 διέσωσαν,
2505 1935 2598 1986 καὶ
2625 1935 2722 2005 τὴν
2749 1938 2844 1991 τοῦ
2897 1942 3194 2008 μισοκάλου
3235 1944 3429 2017 βουλὴν
3462 1953 3765 2020 κατεστρέ-

2177 2016 2370 2113 ιξιαντο.
2401 2022 2508 2113 Τοῦ
2531 2026 2639 2097 γὰρ
2657 2027 2904 2084 Ἰωάννου
2929 2033 3143 2104 Πατρὸς
3169 2016 3591 2108 τελευτησαντος
3609 2016 3766 2113 (Ged-

2176 2110 2348 2182 δωρος
2403 2108 2558 2180 οὗτος
2618 2120 2835 2189 ἐλέγετο
2891 2125 2984 2177 καὶ
3034 2125 3282 2192 διάκονος
3325 2131 3424 2200 τῆς
3473 2108 3767 2204 λεχθείσης

2177 2205 2422 2277 ὑπῆρχεν
2463 2211 2773 2281 αἱρέσεως),
2797 2216 3158 2283 ἀφικνοῦνταί
3189 2237 3332 2284 τινες
3363 2221 3473 2273 τῶν
3508 2224 3646 2292 πρὸς
3667 2228 3766 2293 γέ-

2174 2311 2262 2360 νος
2289 2297 2438 2369 αύτῷ
2465 2301 2893 2372 πλησιαζόντων,
2917 2308 3010 2360 καὶ
3035 2311 3396 2380 ἀναστρέφειν
3420 2314 3604 2368 οἴκαδε
3635 2335 3710 2369 πε
3723 2319 3766 2369 ι’-

2175 2387 2379 2454 θουσιν,
2413 2391 2661 2448 διάκονον
2693 2401 2867 2450 ποιεῖν
2913 2401 3031 2453 ἀντὶ
3061 2402 3154 2454 τοῦ
3215 2405 3422 2474 Πατρός
3448 2406 3768 2476 ὑποσχόμε-

2175 2497 2274 2532 νοι.
2309 2483 2420 2536 Καὶ
2477 2485 2541 2556 δὴ
2594 2487 2851 2553 λαϐόντες
2891 2493 2980 2544 τὸν
3009 2495 3129 2546 νέον
3172 2497 3455 2565 ἀπῄεσαν,
3502 2500 3600 2569 τῆς
3644 2503 3763 2552 τῶν

2171 2571 2343 2638 ἀγίων
2371 2575 2594 2648 ἐντολῆς
2625 2581 2902 2646 παντελῶς
2949 2583 3337 2652 ἐκλαθόμενον.
3386 2588 3472 2650 Ὠς
3517 2590 3575 2641 δὲ
3612 2589 3767 2661 πλη·

2173 2664 2285 2716 σίον
2315 2666 2413 2734 τῆς
2455 2669 2616 2722 Κυνῶ
2643 2671 2733 2723 τὸν
2761 2673 3015 2744 Ἰωάννην
3052 2677 3100 2728 οἱ
3134 2677 3390 2740 λαϐόντες
3418 2680 3720 2746 γεγόνασιν
3743 2722 3762 2744 ,

2172 2755 2267 2808 καὶ
2294 2761 2517 2827 σημεῖον
2551 2761 2608 2812 ἓν
2627 2765 2720 2815 καὶ
2745 2764 2906 2832 μόνον
2939 2767 3162 2836 ἀπεῖχον
3186 2769 3287 2836 τῆς
3320 2771 3543 2833 πόλεως,
3577 2789 3771 2826 κατα-

2171 2846 2429 2912 λαϐόντες
2483 2852 2532 2904 οἱ
2569 2853 2846 2924 μάρτυρες
2890 2857 3318 2928 όφθαλμοφανῶς
3349 2863 3595 2916 Ἰωάννου
3648 2867 3772 2927 τὰς

2171 2937 2324 3004 ὄψεις
2355 2941 2700 3009 ῥαπίζουσιν,
2726 2945 2821 2997 καὶ
2849 2946 2910 2998 τὸ
2938 2949 3053 3014 φῶς
3097 2950 3458 3020 ἀφαιροῦνται
3484 2953 3614 3020 ὅπερ
3663 2954 3772 3006 δε-

2171 3029 2429 3096 δώκασιν,
2485 3034 2580 3086 καὶ
2624 3036 2692 3088 τὸ
2732 3037 2922 3100 σκότος
2966 3038 3240 3092 ὲνδύουσιν
3283 3042 3420 3111 ὅπερ
3450 3043 3770 3111 ἀφελόντες

2173 3121 2489 3191 ἐτύγχανον.
2529 3126 2617 3178 Ἐν
2641 3128 2816 3198 τούτῳ
2842 3129 2898 3181 δὲ
2933 3132 3105 3182 κακοῦ
3135 3133 3394 3204 Ἰωάννης
3429 3136 3774 3203 γενόμενος,

2172 3208 2312 3276 ἔγνω
2329 3210 2388 3262 τὸ
2413 3212 2604 3278 αἴτιον,
2640 3216 2734 3268 καὶ
2760 3219 2918 3284 γνοὺς
2945 3221 3290 3290 μετενόησεν,
3324 3225 3415 3274 καὶ
3445 3227 3779 3290 μεταγνοὺς

2171 3300 2327 3370 ἔτυχε
2361 3312 2782 3374 συγχωρήσεως,
2816 3310 2912 3360 καὶ
2939 3311 3270 3381 συγ-γνώμης
3295 3315 3471 3382 τυχὼν
3501 3315 3776 3384 διωρθώ-

2174 3408 2323 3456 σατο,
2357 3396 2452 3446 καὶ
2481 3396 2918 3468 διορθωσάμενος
2946 3402 3111 3454 πάλιν
3139 3404 3450 3473 ἀνέϐλεψεν,
3481 3406 3574 3457 καὶ
3605 3407 3776 3459 ἀνα.-

2170 3482 2370 3552 ϐλέψας
2408 3485 2647 3540 δουλεύει
2699 3492 2810 3553 τοῖς
2855 3491 3111 3561 μάρτυσι,
3156 3493 3425 3547 δουλεύων
3475 3495 3776 3568 ἀποδοχῆς

2169 3574 2377 3645 ἠξιώθη
2407 3577 2747 3646 φιλόφρονος,
2783 3582 2879 3634 καὶ
2902 3583 3106 3652 ταύτης
3132 3584 3386 3648 ἀξιωθεὶς
3421 3589 3499 3648 εἰς
3521 3587 3609 3637 τὸν
3638 3589 3775 3656 τῆς

2168 3665 2464 3734 ἐκκλησίας
2483 3669 2682 3738 κλῆρον
2703 3673 2978 3742 προέκοψε
2998 3689 3015 3707 ⁸
3040 3676 3162 3727 τότε
3190 3676 3248 3728 δὲ
3277 3676 3454 3729 λαϐὼν
3474 3679 3531 3728 τὺ
3554 3677 3777 3743 φιλᾶν-

2168 3757 2384 3826 θρωπον
2417 3761 2683 3830 ῥάπισμα,
2724 3766 2817 3817 καὶ
2846 3767 3042 3833 τυφλὸς
3068 3767 3143 3829 ὡς
3173 3768 3233 3820 τὸ
3263 3771 3476 3839 πρῶτον
3501 3771 3766 3838 γενόμε-

2167 3867 2277 3913 νος,
2310 3852 2473 3905 πάλιν
2525 3855 2833 3927 ὑπέστρεφε
2865 3859 2960 3912 καὶ
3007 3859 3108 3928 τῆς
3152 3860 3492 3931 ποθουμένης
3531 3863 3773 3928 πόλεως

2165 3943 2463 4012 ἀπηρνεῖτο
2490 3946 2591 4015 τὴν
2623 3948 2850 4014 εἴσοδον,
2881 3949 2991 4002 τῶν
3013 3951 3186 4018 ἁγίων
3215 3952 3371 4015 εἰδὼς
3395 3953 3494 4022 τὴν
3519 3956 3770 4021 συμπά-

2167 4033 2338 4098 θειαν,
2368 4036 2464 4088 καὶ
2507 4038 2582 4100 ὼς
2615 4041 3016 4109 ἐπιστρέφοντα
3050 4041 3298 4106 δέξονται
3351 4044 3444 4096 καὶ
3471 4043 3769 4112 θεραπεύ-

2167 4142 2350 4177 σουσιν
2381 4127 2516 4196 πρὸς
2547 4130 2822 4199 σωτηρίαν
2863 4131 3272 4195 παιδεύσαντες.

2235 4218 2454 4287 Ἀμέλει
2485 4220 2606 4273 κατ’
2637 4223 2856 4294 ἐκείνην
2877 4225 2972 4294 τὴν
3003 4225 3171 4278 νύκτα
3202 4227 3543 4295 κοιμώμενος
3572 4225 3757 4279 ἔϐλε-

2164 4325 2254 4373 πε,
2300 4309 2502 4379 μᾶλλον
2550 4312 2605 4366 δὲ
2656 4315 2775 4367 ἐπεὶ
2817 4316 2891 4386 μὴ
2931 4315 3178 4378 ἔϐλεπεν,
3239 4317 3494 4387 ἤκουσεν·
3527 4314 3763 4371 Θᾶττσν

2165 4400 2525 4472 ὑπόστρεψον,
2578 4407 2670 4458 καὶ
2693 4406 2965 4475 θεράπευε
2995 4407 3414 4476 τεθυμωμένους
3441 4408 3562 4468 τοὺς
3594 4408 3768 4477 μάρ-

2164 4510 2337 4564 τυρας
2360 4495 2581 4558 τούτους
2629 4499 2756 4561 τοὺς
2789 4499 2884 4550 τοῦ
2936 4500 3352 4570 οἰκονομοῦντος
3403 4500 3462 4551 τὸ
3489 4498 3760 4567 τέμενος,

2164 4587 2538 4659 Χριστόδωρος
2596 4585 2662 4660 ἦν
2710 4593 2737 4643 ό
2786 4591 3111 4659 θαυμάσιος,
3179 4592 3428 4662 δηλώσας
3491 4591 3756 4659 ὀνόματι.

2179 4680 2399 4750 ’Λληθὲς
2428 4681 2482 4733 δὲ
2510 4683 2602 4735 καὶ
2628 4682 2798 4747 οὕτως
2820 4679 2887 4753 ἦν
2916 4685 2977 4736 τὸ
3003 4685 3276 4750 ἐνύπνιον,
3297 4683 3453 4737 τοῦτο
3471 4684 3608 4751 τάχα
3631 4684 3764 4738 τῶν

2167 4773 2338 4839 ἁγίων
2365 4773 2508 4826 κατὰ
2533 4773 2680 4826 θείαν
2703 4775 3095 4844 ἐργασαμένων
3124 4777 3392 4845 διοίκησιν
3422 4792 3435 4805 ·
3473 4776 3764 4842 ὃτιχωρὶς

2166 4863 2266 4931 τῆς
2282 4863 2683 4933 Χριστοδώρου,
2703 4867 2886 4934 φησιν,
2903 4866 3207 4936 ἐπιτροπῆς
3232 4866 3592 4935 ἀνεχώρησεν·
3617 4864 3766 4917 ὅθεν

2167 4953 2388 5008 ἐλθόντα
2404 4955 2494 5008 τὸν
2512 4955 2767 5026 Ἰωάννην
2783 4955 2903 5010 οὔτε
2925 4957 3052 5008 [δεῖν
3070 4956 3192 5010 οὔτε
3217 4960 3327 5019 τοῖς
3349 4956 3450 5008 ἀνὰ
3468 4956 3552 5006 τὸν
3571 4954 3766 5022 σηκὸν

2167 5047 2486 5100 ἀσθενοῦσιν
2505 5048 2942 5121 [συντάττεσθαι]
2955 5049 3143 5119 τεθέλη
3153 5066 3263 5113 κεν,
3279 5048 3393 5102 ἀλλ’
3405 5050 3460 5098 ὲν
3471 5046 3544 5114 τῷ
3561 5047 3770 5118 σεπτῷ

2167 5140 2260 5192 τοῦ
2290 5141 2548 5210 τεμένους
2575 5142 2824 5212 ίερατείῳ
2847 5142 3154 5205 κατέκειτο,
3177 5140 3303 5194 ἔνθα
3332 5139 3426 5192 καὶ
3463 5139 3664 5198 πάντες
3699 5141 3772 5190 οἱ

2172 5230 2500 5302 ξενιζόμενοι
2525 5233 2796 5303 μένουσιν,
2816 5233 2978 5286 τόπον
3006 5233 3190 5304 ἕτερον
3206 5233 3291 5284 ’διά
3311 5231 3401 5283 τὸν
3423 5230 3611 5283 ἐνόντα
3637 5227 3773 5283 τῶν

2170 5324 2470 5377 νοσούντων
2496 5325 2633 5378 λεὼν
2661 5325 2735 5396 μὴ
2759 5326 3126 5396 εὑρίσκοντες.
3162 5327 3248 5378 Ἑν
3275 5323 3452 5394 τούτῳ
3468 5319 3600 5390 γοῦν
3630 5321 3772 5373 Ἰω-

2171 5416 2333 5484 άννης
2354 5416 2568 5486 ἡμέρας
2614 5420 2763 5486 τρεῖς
2810 5417 3228 5485 κατακείμενος,
3268 5416 3361 5467 καὶ
3390 5414 3556 5466 τόπον
3582 5413 3776 5466 ἀσθε-

2170 5507 2382 5570 νοῦντος
2413 5509 2471 5560 οὐ
2503 5507 2704 5570 λαϐὼν,
2738 5511 2810 5572 ὡς
2845 5508 3283 5579 δεδήλωται,τῆς
3307 5507 3414 5560 τῶν
3446 5507 3764 5578 μαρτύρων

2170 5601 2329 5655 τοῦτο
2358 5601 2733 5671 διοικουμένης
2761 5601 3126 5672 χαριεστάτης
3151 5601 3456 5670 δυνάμεως,
3485 5597 3627 5668 μετά
3657 5599 3777 5664 τὰς

2171 5692 2318 5760 τρεῖς
2350 5689 2425 5753 ὡς
2457 5691 2738 5755 ἐκάθευδε,
2767 5692 3016 5746 διάκονον
3043 5692 3145 5761 ὁρᾷ
3171 5692 3312 5744 κατὰ
3343 5690 3509 5742 τόπον
3543 5690 3774 5743 ἑστῶτα
