4002 6312
156 341 300 404 3565
1134 332 1241 392 SS.
1275 328 1450 392 CYRI
1488 322 1583 391 ET
1632 323 1752 390 JOA

1860 328 1952 389 IIS
1992 327 2408 389 MIRACULA-
3261 318 3400 383 356i}

142 451 238 505 τοῦ
270 445 541 518 ἄμϐωνας.
574 443 670 497 καὶ
715 439 825 495 τῶν
855 440 1073 495 σεπτῶν
1109 441 1460 511 Εὐαγγελίων
1503 441 1603 503 τὰς
1644 440 1723 509 βί-

1860 449 2143 495 anctorum
2168 438 2592 509 Evangeliorum
2624 435 2824 490 librum
2856 433 3215 505 bajulantcm,
3243 451 3401 489 voce-

144 543 305 600 ὕλους
345 534 705 606 βαστάζοντα,
747 533 843 587 καλ⁸
876 522 1275 603 μεγαλοφώνως
1299 531 1722 602 εὐαγγελιζόμε-

1868 548 1934 587 ue
1983 546 2178 603 magna
2236 531 2729 599 evangelizantem;
2799 530 2898 581 hoc
2946 539 3128 585 autem
3172 537 3293 584 erat
3335 544 3400 582 ex

148 647 262 685 νον.
297 626 470 681 Τοῦτο
497 625 556 678 δὲ
589 621 659 696 ἦν
685 625 823 695 ὅπερ
858 624 954 676 τοῦ
999 622 1143 678 κατὰ
1172 623 1450 678 Ματθαῖον
1482 623 1728 691 Εὐαγγεο

1860 622 2123 693 Zvangelio
2158 621 2463 677 secundum
2498 619 2831 683 Matthmum,
2859 620 3005 691 quod
3056 620 3102 676 is
3146 622 3239 689 qui
3274 636 3405 692 ape»

150 722 269 775 λίου
301 722 329 774 ὁ
358 720 547 789 φανεὶς
570 716 956 800 ἀνεγίνωσκεν,
980 719 1013 786 ή
1048 715 1144 769 τοῦ
1172 715 1427 785 Σωτῆρος
1454 715 1591 786 πρὸς
1614 716 1728 767 ἰω-

1862 720 2017 770 uerat
2046 713 2336 779 recitabat,
2374 709 2677 766 Salvatoris
2702 712 2768 765 ad
2788 709 3054 800 Joannem
3080 711 3150 764 Ba
3160 714 3405 782 ptistam,

150 814 323 883 άννην
371 786 468 864 τὸν
532 786 848 877 Βαῗττιστὴν
899 806 988 861 διὰ
1039 807 1147 860 τῶν
1202 808 1418 859 οίκείων
1475 805 1730 876 μαθητῶν

1860 822 1929 861 μετ’
1959 804 2212 876 proprios
2238 803 2541 873 discipulos
2570 790 3030 873 interrogantem:
3056 824 3077 855 ι
3115 803 3195 858 Tu
3227 822 3287 862 es
3315 809 3407 877 qui

151 903 534 977 ἐρωτήσαντα,
564 919 582 951 ι
610 899 683 952 Σὺ
696 895 1117 970 εἷόὲρχόμενος,
1141 896 1173 966 ἦ
1197 896 1384 969 ἕτερον
1423 897 1731 967 προσδοκῶ-

1860 905 2097 952 enturus
2120 911 2200 963 es,
2220 912 2287 949 an
2312 895 2479 949 alium
2498 903 2937 964 exspectamus,»
2974 897 3286 965 responsio.
3312 900 3410 952 «Et

154 1013 282 1067 μεν,
324 1012 344 1046 ι
372 993 687 1063 ἀπόκρισις.
708 991 819 1044 Καὶ
849 989 1169 1061 ἀποκριθεὶς
1192 993 1219 1044 ὁ
1238 988 1447 1060 Ἰησοῦς
1469 987 1619 1043 εἶπεν
1637 990 1735 1043 αὐ-

1865 990 2175 1059 espondens
2198 986 2443 1043 Joannes
2480 987 2619 1042 dixit
2651 988 2760 1042 illis
2810 1004 2827 1042 :
2860 987 3067 1044 Euntes
3098 991 3413 1047 renuntiate

153 1088 290 1149 τοῖς·
323 1081 724 1154 «Πορευθέντες
746 1081 1119 1149 ἀπαγγείλατε
1148 1081 1227 1150 τῷ
1260 1080 1481 1152 Ἰωάννῃ
1508 1080 1544 1134 ἃ
1565 1079 1733 1134 ἁκού-

1860 1080 2029 1135 οαηηί
2060 1095 2181 1150 quae
2217 1078 2423 1134 auditis
2449 1087 2503 1134 et
2530 1078 2729 1132 videtis
2757 1077 2928 1133 :cwci
2974 1078 3181 1145 vident,
3231 1082 3412 1167 claudi

155 1192 247 1230 ετε
276 1174 370 1228 καὶ
395 1174 623 1244 βλέπετε
653 1188 667 1203 ο
692 1171 885 1240 τυφλοὶ
918 1169 1333 1236 ἀναϐλέπουσιν,
1356 1171 1549 1243 λεπροὶ
1573 1171 1738 1226 καθα-

1860 1172 2143 1236 imbulant,
2200 1171 2401 1242 leprosi
2462 1171 2822 1235 mundantur,
2852 1181 2909 1226 et
2934 1171 3096 1228 surdi
3125 1173 3408 1230 audiunt.»

161 1267 426 1338 ρίζονται,
447 1262 613 1334 χωλοὶ
628 1261 1045 1333 περιπατοῦσιν,
1069 1263 1164 1315 καὶ
1183 1264 1357 1333 κωφοὶ
1386 1262 1694 1317 ἁκούουσιν.
1713 1281 1731 1314 ι

1908 1264 2117 1317 Horum
2148 1264 2368 1319 auditor
2421 1263 2712 1318 verbo-rum
2742 1260 2984 1319 Joannes
3014 1279 3113 1335 per
3140 1267 3414 1322 somnium

227 1356 447 1410 Τούτων
501 1354 776 1424 ἀκροατὴς
826 1353 936 1406 τῶν
988 1355 1251 1424 ῥημάτων
1291 1354 1545 1425 Ἰωάννης
1609 1352 1736 1408 καθ’

1860 1352 2042 1417 'actus,
2080 1368 2202 1407 mox
2236 1353 2508 1421 exsurgit,
2540 1368 2663 1407 cum
2723 1368 2922 1408 somno
2944 1354 3192 1411 crecitate
3251 1356 3419 1427 depo—

159 1450 364 1512 ὖπνους
380 1446 692 1518 γενόμενος,
722 1443 927 1507 εὐθέως
955 1444 1244 1497 ἀνίσταται
1306 1445 1405 1497 σὺν
1463 1445 1542 1515 τῷ
1585 1444 1740 1516 ὕπνῳ

1860 1444 1985 1499 μὶιτιι
2028 1447 2266 1515 receptis
2301 1446 2448 1500 enim
2493 1444 2746 1515 corporis
2780 1444 3018 1511 visibus,
3068 1447 3417 1517 splendorem

155 1538 254 1611 τὴν
290 1537 567 1606 τύφλωσιν
597 1533 938 1603 ἀποθέμενος
970 1549 986 1563 ο
1016 1532 1326 1604 ἀναϐλέψας
1362 1533 1470 1605 γὰρ
1495 1536 1608 1598 τοῖς
1644 1533 1739 1589 τοῦ

1860 1538 1992 1593 ridet
2022 1539 2155 1593 solis
2188 1539 2407 1593 noviter
2436 1550 2642 1603 ortum,
2692 1551 2856 1592 mane
2900 1538 3107 1610 quippe
3162 1550 3302 1607 erat,
3364 1552 3421 1596 et

161 1633 416 1703 θώματος
450 1628 717 1699 ὄμμασιν,
752 1625 813 1678 τὸ
845 1624 1048 1695 φέγγος
1091 1626 1195 1696 ὁρᾷ
1228 1626 1428 1679 νεωστὶ
1464 1627 1556 1680 τοῦ
1588 1627 1740 1697 ἡλίου

1860 1645 1978 1685 .unc
2008 1638 2131 1700 post
2161 1630 2338 1684 noctis
2366 1646 2666 1693 recessum,
2697 1631 2970 1685 solaribus
3008 1634 3177 1690 radiis
3199 1650 3294 1690 aer
3340 1639 3422 1690 al-

158 1722 455 1793 γενόμενον
485 1717 702 1790 (δρθρος
732 1716 843 1785 γὰρ
877 1710 968 1785 ἦν)
1005 1729 1022 1746 δ
1076 1715 1171 1767 καὶ
1210 1714 1332 1767 τότε
1367 1714 1506 1784 μετὰ
1526 1716 1626 1786 τὴν
1646 1714 1743 1784 τῆς

1860 1737 2072 1777 iescere
2116 1721 2426 1789 videbatur,
2481 1723 2704 1791 quando
2755 1733 2811 1780 et
2854 1723 3096 1782 Joannes
3144 1727 3419 1784 dicentem

159 1815 356 1877 νυκτὸς
392 1810 763 1883 ἀναχώρησιν,
795 1808 1050 1878 ἡλιακαῖς
1091 1807 1309 1861 ἀκτῖσιν
1353 1807 1382 1859 ὁ
1415 1804 1555 1878 ἀνὴρ
1583 1807 1737 1860 ἐλευ-

1860 1815 2138 1869 ialutarem
2187 1828 2378 1869 vocem
2427 1814 2662 1871 audiens
2707 1817 2838 1887 quia
2866 1818 2998 1873 caeci
3038 1819 3248 1888 vident,
3278 1822 3423 1878 illico

162 1905 402 1967 καίνετο,
437 1903 525 1955 ἅτε
547 1899 643 1953 καὶ
668 1898 927 1966 Ἰωάννης
953 1897 1054 1966 τῆς
1097 1896 1368 1965 σωτηρίου
1404 1896 1587 1966 φωνῆς
1643 1896 1736 1948 λε-

1860 1905 2021 1960 visum
2057 1905 2355 1975 resumpsit
2381 1915 2542 1961 antea
2592 1906 2702 1963 fide
2742 1908 3089 1966 illuminatus
3118 1912 3422 1969 secundum

158 1996 369 2067 γούσης
383 1990 815 2062 ἀκροασάμενος,
830 2006 847 2039 ι
872 1986 1078 2057 Τυφλοὶ
1096 1986 1513 2055 ἀναϐλέπουσιν,
1528 1987 1741 2057 ἀθρόως

163 2087 453 2156 ἅνέδλεψε,
484 2084 669 2138 πίστει
708 2079 1115 2152 προφωτισθεὶς
1162 2079 1262 2151 τὴν
1295 2079 1475 2150 ψυχὴν
1504 2080 1599 2132 καὶ
1628 2096 1743 2148 φω-

161 2179 314 2235 τεινὰ
345 2175 835 2248 προσκτησάμενος
869 2171 1074 2243 ταύτης
1104 2174 1176 2225 τὰ
1224 2170 1454 2242 ὄμματα
1483 2187 1497 2203 ·
1528 2169 1742 2224 οὐδέπω

158 2275 217 2328 δὲ
236 2272 456 2327 τελείαν
478 2268 578 2340 τὴν
615 2268 782 2339 ρῶσιν
815 2266 891 2329 ὡς
928 2263 992 2317 τὸ
1031 2262 1251 2334 πρῶτον
1308 2263 1553 2329 ἐδέξατο,
1604 2260 1742 2315 ἀλλὰ

165 2365 327 2436 μόνον
366 2360 549 2432 φέρων
582 2361 641 2411 ὲν
663 2360 778 2420 τοῖς
805 2356 1020 2426 ὄμμασι
1059 2355 1159 2424 τῆς
1194 2353 1454 2423 τοιαύτης
1485 2355 1742 2423 ἀγνωμο-

166 2458 331 2526 σύνης
361 2454 453 2508 τὸν
482 2449 762 2519 ὠφέλιμον
783 2448 1028 2519 ἔλεγχον,
1059 2447 1146 2499 ἵνα
1175 2445 1363 2500 τοῦτον
1412 2444 1560 2501 ἄλλοι
1617 2444 1744 2499 θεώ-

165 2564 339 2619 μενοι,
367 2544 579 2598 ἑαυτῶν
604 2539 998 2613 άσφαλέστεροι
1021 2537 1314 2607 γίγνοιντο.
1346 2537 1537 2608 Ἡμεῖς
1567 2536 1624 2589 δὲ
1650 2536 1744 2589 καὶ

163 2639 370 2710 ταύτης
423 2640 523 2707 τῆς
582 2631 974 2702 παντωφελοῦς
1036 2628 1377 2693 παιδεύσεως
1417 2629 1582 2683 ἕνεκα
1631 2631 1744 2693 τοῖς

166 2733 357 2803 ὓμνοις
379 2729 740 2800 ὑμνήσαντες,
765 2724 934 2796 ἄλλης
980 2722 1163 2777 αὐτῶν
1213 2720 1572 2789 παιδευτικῆς
1611 2720 1746 2774 θαυ-

162 2840 336 2896 ματου
345 2820 506 2895 ργίας
543 2816 828 2887 ἁψώμεθα.

167 2937 293 2995 AH’.
322 2935 465 3005 Περὶ
491 2931 803 3015 Στεφάνοιί
829 2929 1121 3015 circa}?th
1143 2928 1213 3015 ἐκ
1253 2926 1379 3015 τοῖς
1416 2926 1749 2997 ὀφθαλμοῖς

569 3001 907 3071 ἐσχηκότος
935 3001 1311 3068 λευκώματα.

254 3096 478 3152 Ἦκέτω
503 3093 643 3166 μετὰ
670 3093 859 3146 τοῦτον
880 3092 974 3144 τὸν
1014 3090 1267 3160 Ἰωάννην
1293 3090 1321 3143 ὁ
1343 3089 1636 3158 Στέφανος,
1656 3088 1750 3141 καὶ

172 3185 496 3259 διαδεχέσθω
524 3184 616 3238 τὸν
654 3182 1036 3254 Κυνοπολίτην
1073 3181 1102 3234 ὁ
1133 3180 1414 3252 Νικιώτης
1454 3181 1533 3252 τῷ
1564 3180 1749 3251 γράμ-

172 3293 324 3349 ματι,
360 3271 689 3345 προσαύξων
709 3271 820 3325 τῶν
856 3270 1029 3339 ἁγίων
1055 3271 1148 3323 τὸν
1177 3269 1419 3335 ἔπαινον,
1456 3270 1551 3322 καὶ
1580 3284 1752 3353 προσ-

168 3370 310 3440 θήκη
342 3367 449 3438 τῆς
480 3365 659 3420 αὐτῶν
684 3363 960 3434 εὐφημίας
995 3363 1336 3433 γιγνόμενος.
1382 3361 1588 3414 Ἐνόσει
1654 3361 1752 3430 μὲν

174 3462 264 3514 καὶ
290 3458 477 3523 αὐτὸς,
518 3456 663 3511 κατὰ
689 3457 819 3518 τοὺς
849 3454 1167 3524 ὀφθαλμοὺς
1220 3452 1359 3524 ἔχων
1392 3451 1750 3521 λευκώματα,

175 3551 389 3620 καὶτῆς
442 3547 538 3603 τοῦ
594 3547 959 3617 προλαϐόντος
1011 3545 1258 3616 ὑπῆρχεν
1316 3545 1580 3616 αἱρέσεως
1613 3559 1629 3572 ο
1678 3536 1753 3596 ὧν

176 3642 372 3712 πολλὴν
399 3637 725 3709 ποιούμενος
765 3637 1021 3707 πρόνοιαν
1066 3637 1142 3700 ὡς
1178 3637 1355 3706 φωτὸς
1411 3635 1753 3704 γλυκυτάτου

177 3734 458 3787 παθόντων
482 3732 582 3802 τὴν
615 3731 892 3801 στέρησιν,
923 3729 1050 3800 τῇδε
1068 3730 1292 3782 κάκεῖσε
1318 3727 1547 3792 διέθεεν,
1573 3728 1754 3797 εὑρεῖν

175 3824 452 3879 ἐπιποθῶν
483 3823 514 3877 δ
543 3823 735 3894 πρώην
778 3820 1084 3876 ἀπώλεσεν.
1123 3821 1248 3884 Πῶς
1278 3820 1335 3873 δὲ
1362 3819 1550 3874 τοῦτον
1574 3823 1625 3874 οἱ
1664 3819 1757 3874 θε-

174 3917 388 3971 σπέσιοι
449 3916 543 3968 καὶ
599 3912 973 3984 φιλάνθρωποι
1038 3911 1316 3983 μάρτυρες
1359 3909 1754 3981 θεραπεύουσιν

176 4008 540 4079 άκουσώμεθα
568 4024 582 4038 ·
622 4007 704 4060 ἔτι
737 4006 794 4060 δὲ
821 4004 1026 4059 τούτων
1061 4005 1153 4058 τὸν
1182 4004 1345 4077 ζῆλον
1370 4004 1459 4057 τὸν
1483 4005 1625 4075 ὑπὲρ
1654 4005 1757 4075 τῆς

170 4098 337 4169 ὀρθῆς
368 4096 740 4165 θαυμάσωμεν
773 4094 1032 4159 πίστεως,
1058 4094 1153 4148 καὶ
1178 4093 1278 4165 τὴν
1307 4094 1606 4165 δεδομένην
1647 4096 1751 4148 αὐσ

175 4193 284 4254 τοῖς
322 4189 433 4243 τῶν
473 4187 721 4259 ἰαμάτων
792 4188 1125 4257 ὕμνήσωμεν
1203 4185 1456 4258 δύναμιν.
1530 4186 1755 4257 Πρῶτον

172 4282 275 4351 μὲν
306 4281 418 4350 γὰρ
459 4280 552 4330 ἐπὶ
579 4277 757 4347 μῆνας
784 4276 1056 4347 τέσσαρας
1085 4275 1314 4328 ἐλθόντα
1351 4277 1445 4329 τὸν
1480 4276 1755 4345 Στέφανον

176 4368 577 4422 ἀνεπίσκεπτον
605 4364 817 4428 εἴασαν,
845 4364 936 4417 διὰ
964 4363 1157 4418 τούτου
1185 4365 1285 4435 τὴν
1349 4364 1754 4419 δυσκατάθετον

1843 1996 2108 2058 animam,
2150 2004 2205 2051 et
2227 1996 2383 2066 prius
2411 1998 2737 2055 illuminatis
2772 2001 2939 2072 hujus
2968 2005 3244 2072 possessis
3260 2011 3426 2061 obtu-

1845 2085 2012 2142 tibus.
2054 2084 2442 2143 Verumtamen
2478 2105 2757 2160 nunquam
2788 2091 3083 2162 perfectam
3119 2096 3266 2151 sicut
3297 2109 3426 2153 ante

1844 2178 2132 2233 sanitatem
2192 2181 2418 2249 recepit,
2472 2180 2569 2236 sed
2612 2192 2797 2238 manet
2850 2185 2907 2239 in
2973 2186 3150 2242 oculis
3198 2197 3426 2259 portans

1842 2264 2160 2337 huiusmodi
2206 2279 2386 2339 ruptae
2434 2269 2558 2325 lidei
2618 2272 2809 2329 utilem
2873 2279 3307 2347 correptionem,
3368 2293 3427 2337 ut

1846 2356 1994 2413 hunc
2038 2359 2138 2414 alii
2172 2360 2420 2417 videntes
2442 2376 2566 2418 sese
2601 2364 2879 2421 cautiores
2907 2365 3204 2425 efﬁcerent.
3253 2369 3427 2428 Porro

1848 2465 1948 2507 nos
1972 2451 2140 2507 etiam
2184 2463 2411 2525 propter
2439 2455 2580 2511 banc
2605 2457 2791 2513 utilem
2829 2475 2929 2530 per
2986 2465 3171 2518 omnia
3233 2480 3427 2522 corre-

1846 2544 2105 2612 ptionem,
2131 2553 2354 2602 Sanctus
2378 2547 2633 2606 laudibus
2667 2549 3027 2617 honorantes,
3061 2554 3222 2609 aliam
3279 2558 3427 2629 ipso-

1846 2650 1969 2690 rum
2027 2636 2430 2710 disciplinalem
2516 2642 2769 2727 miraculi
2855 2648 3231 2717 operationem
3304 2660 3428 2706 tan‘

1847 2744 2063 2799 gamus.

1952 2932 2243 2988 XXXVIII.
2308 2932 2386 2989 De
2440 2890 3007 3004 Stepltanolbsimililer
3057 2943 3112 2996 in
3164 2947 3335 2998 oculis

2354 3004 2580 3061 [rubente
2614 3008 2918 3081 a-lbugines.

1926 3092 2122 3148 Veniat
2149 3102 2272 3165 post
2312 3096 2461 3151 hunc
2488 3095 2825 3168 Stephanus,
2873 3111 2927 3156 ct
2960 3102 3220 3158 succedat
3251 3105 3435 3177 Cynu-

1855 3180 2037 3248 politae
2068 3180 2121 3234 in
2154 3181 2261 3235 hoc
2290 3181 2784 3253 scriptoNiciotes,
2809 3197 3127 3244 sanctorum
3159 3193 3434 3250 laudatio-

1856 3286 1977 3324 nem
2012 3283 2401 3342 augmentans,
2440 3280 2495 3327 et
2522 3274 2773 3343 quaedam
2811 3276 2970 3333 bonae
3005 3279 3247 3349 ipsorum
3277 3283 3438 3339 fatua:

1854 3364 2067 3420 adtlitio
2102 3365 2304 3420 factus.
2331 3363 2659 3436 Languebat
2704 3367 2851 3423 enim
2896 3379 2950 3425 et
2984 3371 3123 3442 ipse,
3157 3373 3211 3428 in
3257 3379 3436 3433 oculis

1857 3453 2069 3511 habens
2105 3455 2415 3524 albugines,
2444 3463 2498 3510 et
2546 3456 2694 3512 illius
2730 3459 2825 3529 qui
2854 3464 3138 3531 praeceSsit
3176 3474 3295 3518 erat
3326 3467 3438 3522 bac-

1854 3561 2074 3614 reseos;
2107 3563 2368 3616 quorum,
2421 3549 2550 3617 quia
2582 3549 2890 3605 dulcissimi
2948 3554 3174 3610 luminis
3221 3555 3440 3616 fuerant

1855 3637 2434 3707 passiprivationem,
2462 3640 2689 3694 multam
2711 3641 2836 3711 jure
2867 3642 2997 3699 fecit
3022 3649 3391 3717 provisionem
3420 3669 3438 3721 ;

1855 3736 1909 3783 et
1946 3726 2067 3782 ideo
2092 3728 2201 3783 hac
2232 3730 2468 3800 illacqne
2513 3731 2883 3800 discurrebat,
2931 3736 3178 3795 invenire
3219 3743 3438 3798 deside-

1852 3836 1987 3876 rans
2027 3822 2172 3892 quod
2213 3830 2341 3877 ante
2378 3825 2712 3894 perdiderat.
2756 3827 3007 3896 Qualiter
3061 3843 3241 3889 autem
3292 3836 3441 3894 hunc

1853 3916 2057 3986 egregii
2083 3924 2350 3988 martyres
2376 3926 2432 3971 et
2463 3930 2740 3976 amatores
2770 3921 3059 3979 hominum
3090 3935 3305 3992 curent,
3339 3946 3440 3984 an-

1855 4003 2104 4071 diamns;
2140 4008 2389 4076 quinimo
2423 4011 2599 4063 zelum
2630 4011 2828 4067 horum
2861 4015 3145 4081 miremur,
3188 4037 3297 4088 quo
3338 4039 3438 4092 pro

1859 4089 1963 4145 lide
1984 4091 2294 4148 orthodoxa
2324 4093 2583 4167 ﬂagrant,
2626 4098 2922 4171 datamque
2971 4104 3080 4160 illis
3138 4089 3437 4164 sanitatum

1857 4182 2150 4238 laudemus
2192 4186 2469 4241 virtutem.
2531 4188 2779 4261 Denique
2839 4196 3021 4263 primo
3075 4198 3294 4264 quidem
3345 4217 3443 4272 per

1860 4290 2080 4330 menses
2108 4288 2352 4347 quatuor
2377 4281 2689 4338 venientem
2733 4283 3073 4358 Stephanum
3104 4290 3227 4345 sine
3246 4292 3441 4347 visita-

1858 4367 2009 4423 tione
2034 4368 2418 4438 deseruerunt,
2448 4388 2544 4444 per
2571 4373 2676 4429 hoe
2706 4375 3108 4437 immutabilem
3142 4384 3264 4452 ejus
3287 4400 3443 4441 men-

174 4459 339 4515 αὐτοῦ
395 4458 627 4529 γνώμην
680 4456 1074 4527 μαλάσσοντες,
1119 4456 1219 4510 καὶ
1273 4457 1575 4529 πραότερον
1639 4475 1752 4521 πως

1865 4466 1974 4514 tem
2017 4458 2425 4527 mollilicantes,
2475 4471 2530 4517 et
2581 4466 2856 4522 mitiorem
2916 4471 3322 4539 quodammodo
3372 4479 3442 4531 ad

177 4551 312 4623 προς
358 4549 679 4622 παραδοχὴν
727 4548 824 4603 τοῦ
853 4542 1128 4621 βελτίονος
1178 4548 1559 4619 ἐργαζόμενοι.
1624 4545 1756 4602 Εἶτα

178 4641 321 4712 μετὰ
340 4640 434 4694 τὸν
475 4638 709 4710 ρηθέντα
736 4639 929 4708 καιρὸν
957 4638 1404 4703 ἐπισκέπτονται,
1432 4640 1525 4692 καὶ
1543 4639 1755 4705 ἀξιοῦσι

175 4730 274 4799 τῆς
314 4728 557 4802 ῥώσεως,
588 4728 875 4798 ἐπισκέψει
913 4730 1011 4801 μιᾷ
1068 4729 1208 4800 πρὸς
1268 4729 1367 4801 τὴν
1418 4730 1757 4801 τηλικαύτην

179 4817 333 4872 νόσον
371 4819 511 4887 άρκέ
519 4834 726 4880 σαντες.

247 4910 490 4981 Τοιούτῳ
536 4910 593 4964 δὲ
648 4910 837 4981 τρόπῳ
869 4910 1188 4965 καθεύδοντι
1225 4911 1527 4983 φαίνονται.
1568 4913 1759 4987 Ἐντῷ

179 5002 439 5075 ῖερατείῳ
458 5001 555 5055 τοῦ
591 5002 855 5073 τεμένους
883 5004 1207 5076 ἑστήκεσαν,
1235 5007 1422 5076 σχῆμα
1490 5007 1760 5078 μοναστοῦ

182 5093 584 5163 περικείμενοι,
625 5094 721 5146 καὶ
749 5092 841 5145 τὸν
864 5094 1138 5163 Στέφανον
1157 5095 1265 5162 ἔξω
1315 5099 1656 5169 τυγχάνοντα
1682 5098 1761 5163 ὡς

182 5186 262 5250 εἱς
291 5186 492 5248 αὐτοὺς
525 5184 702 5238 ἐλθεῖν
738 5186 968 5240 ἐκάλουν
990 5190 1105 5252 τοῖς
1174 5188 1440 5261 νεύμασιν
1476 5206 1492 5223 ο
1535 5193 1631 5245 καὶ
1680 5193 1761 5259 είς

185 5274 280 5344 τὴν
303 5274 788 5345 ῑερατικὴνμαύλὴν
819 5278 1214 5348 είσπηδήσαντι
1243 5319 1258 5342 ,
1300 5280 1555 5350 εὐλογίαν
1607 5283 1757 5354 αὐτῷ

185 5364 371 5436 (ἄρτος
383 5361 457 5436 ἦν
473 5366 710 5437 καθαρὸς
721 5368 951 5438 σταυρὸν
969 5371 1154 5423 ὲντετυ
1163 5388 1246 5424 πω
1253 5372 1411 5442 μένον
1433 5372 1593 5443 ἔχων)
1613 5389 1760 5446 παρ-

187 5458 418 5527 είχοντο.
461 5458 523 5511 '0
569 5457 625 5511 δὲ
686 5459 785 5531 τὴν
843 5461 1089 5516 δοθεῖσαν
1139 5464 1391 5532 εὐλογίαν
1443 5465 1760 5536 δεξάμενος,

188 5549 335 5603 ἄκων
367 5551 449 5613 εἰς
470 5548 732 5618 τοῦδαφος
764 5550 917 5605 εἴασε
941 5553 1224 5625 φέρεσθαι,
1274 5559 1341 5627 ῆν
1369 5557 1525 5622 αὖθις
1581 5557 1762 5631 Κῦρος

190 5639 218 5690 ὁ
245 5640 494 5704 δεδωκὼς
535 5641 857 5710 ἀνελόμενος
897 5645 976 5708 εις
1015 5648 1203 5717 χεῖρας
1248 5648 1418 5701 ὲδίδου
1467 5649 1563 5703 τοῦ
1614 5651 1760 5716 νέου,

194 5724 256 5785 οὗ
285 5732 386 5802 τῆς
421 5733 683 5804 παλάμης
706 5733 960 5798 ἐξέπεσεν
996 5752 1011 5768 ο
1038 5739 1132 5790 καὶ
1161 5740 1323 5795 πάλιν
1378 5742 1652 5797 πεσοῦσαν
1701 5749 1763 5800 τὸ

1860 4550 2231 4616 receptidnem
2293 4555 2700 4613 meliorationis
2756 4569 3073 4628 operantes.
3144 4563 3276 4622 Dein
3319 4580 3443 4642 post

1860 4642 2182 4714 praedictum
2222 4655 2437 4717 tempus
2458 4647 2708 4711 visitant,
2728 4657 2783 4704 et
2810 4652 3036 4721 dignum
3065 4654 3273 4713 faciunt
3289 4662 3445 4715 sani-

1860 4742 1991 4800 tate,
2020 4750 2128 4789 una
2161 4735 2478 4794 visitatione
2538 4739 2605 4793 ad
2657 4752 2864 4796 tantum
2929 4746 3254 4818 languorem
3305 4766 3444 4808 oon-

1860 4827 2020 4881 tenti.

1931 4917 2049 4972 Tali
2077 4929 2263 4975 autem
2325 4922 2491 4978 modo
2539 4923 2839 4982 dormienti
2889 4931 3338 4994 manlfestantur.
3385 4924 3445 4993 In

1861 5015 2107 5067 sacrario
2156 5015 2343 5083 templi
2386 5015 2628 5084 stabant,
2673 5018 2860 5075 habitu
2899 5021 3077 5078 induti
3114 5028 3443 5094 monastico,

1860 5111 1917 5158 et
1948 5102 2316 5174 Stephanum,
2348 5107 2441 5175 qui
2491 5108 2626 5164 foris
2659 5120 2801 5176 erat,
2835 5112 2902 5167 ad
2952 5129 3012 5170 se
3058 5118 3243 5172 venire
3297 5122 3448 5173 nnti-

1865 5196 1968 5252 bus
2015 5196 2342 5263 invitabant,
2376 5205 2432 5253 et
2466 5200 2520 5252 in
2570 5200 2890 5259 hieraticam
2941 5208 3122 5271 aulam
3178 5209 3447 5267 insilienti

1864 5289 2297 5345 benedictionem
2330 5292 2663 5361 praebebant,
2696 5312 2818 5365 quae
2848 5300 3090 5356 mundus
3137 5304 3295 5370 panis
3324 5314 3449 5359 erat

1864 5395 2086 5436 crucem
2120 5381 2330 5460 habens
2354 5398 2694 5454 expressam.
2724 5391 2795 5443 At
2845 5392 2937 5445 ille
2969 5393 3153 5448 datam
3214 5397 3446 5451 benedi-

1871 5476 2108 5529 ctionem
2136 5474 2473 5546 suscipiens,
2511 5477 2630 5532 sine
2671 5481 2953 5538 voluntate
2976 5485 3029 5538 in
3070 5487 3446 5556 pavimentum

1871 5564 2002 5620 lerri
2037 5567 2315 5636 permisit,
2347 5584 2508 5638 quam
2550 5569 2749 5625 iterum
2790 5573 2969 5645 Cyrus
3027 5577 3288 5634 auferens
3337 5591 3452 5635 trn-

1866 5656 2029 5712 didit.
2060 5656 2199 5712 Cum
2229 5674 2359 5713 vero
2399 5661 2596 5715 iterum
2622 5671 2676 5718 et
2712 5668 2878 5721 tertio
2906 5669 3197 5725 cecidisset
3224 5712 3239 5735 ,
3297 5689 3451 5730 rece-

1870 5757 2019 5819 ptam
2047 5749 2247 5803 iterum
2291 5754 2457 5808 tertio
2485 5755 2736 5824 tradidit,
2785 5774 3013 5828 gemens
3042 5764 3449 5833 quodammodo
