3934 6308
533 262 668 326 3567

1433 268 1492 325 S.
1536 265 1953 324 SOPHRONH
1985 267 2492 325 PATRIARCHE
2530 269 2930 327 HIEROSOL.

3681 276 3819 338 33.58

531 383 584 426 et
627 370 940 438 hnjnsmodi
974 385 1104 425 voce
1136 369 1201 424 ad
1229 369 1505 425 inﬁrmum
1531 371 1727 425 eﬂ'atus
1763 390 1775 424 :
1812 372 1966 435 Vere,
1995 374 2104 424 fra-

2221 372 2480 443 Βεύτερον,
2533 375 2694 427 πάλιν
2755 378 2782 428 ὁ
2841 375 3023 446 Κῦρος
3077 376 3403 430 ἐπιδέδωκεν
3453 377 3814 450 ἀνελόμενος.

529 475 637 525 ter,
685 462 840 514 valde
870 461 1097 513 mttltum
1139 461 1447 516 desideravi
1481 464 1684 532 templo
1722 474 1772 516 te
1818 465 2098 517 adhaeren-

533 567 662 617 tem,
689 565 739 609 et
765 555 954 609 audire
978 571 990 606 :
1016 555 1206 618 Amen,
1231 570 1413 619 amen,
1449 557 1693 621 Domine,
1721 557 2016 611 dicentem.
2044 560 2110 611 At

536 647 624 698 ille
658 647 968 714 intelligens
996 647 1139 715 quod
1185 647 1252 700 de
1306 649 1692 716 mysteriorum
1745 648 1951 700 Christi
1987 663 2108 716 per-

534 738 788 802 ceptione
829 737 1070 799 dicer-et;
1111 747 1241 789 tunc
1296 738 1440 790 enim
1497 737 1635 790 hanc
1689 739 2108 801 sacerdotibus,

531 828 660 880 dum
691 828 966 880 viviticum
1001 839 1052 881 ct
1089 829 1333 882 salutare
1365 844 1566 898 corpus
1595 840 1644 882 et
1670 831 1988 898 sanguinein
2017 831 2107 884 Dei

532 920 893 984 distribuunt,
945 921 1335 974 allocutionem
1371 919 1766 988 respondentes
1820 920 2106 986 edicimus,

539 1013 912 1066 testimonium
949 1027 1079 1065 voce
1113 1013 1334 1081 propria
1363 1011 1717 1080 perhibentes
1750 1027 1813 1064 ac
1851 1011 2110 1081 proﬁten-

531 1111 624 1159 tes
651 1105 797 1173 quod
829 1119 1016 1157 verum
1048 1105 1138 1167 sit,
1167 1111 1220 1157 et
1266 1120 1392 1158 vere
1434 1104 1650 1157 dicatur
1682 1103 1829 1172 quod
1889 1103 1957 1156 ab
1999 1103 2109 1156 illis

533 1195 694 1250 nobis
722 1196 774 1248 in
807 1197 1151 1264 spiritualem
1185 1211 1390 1258 escam,
1424 1207 1476 1250 et
1498 1198 1551 1250 in
1581 1195 1961 1249 remissionem
1986 1210 2110 1264 pec-

531 1295 774 1340 catorum
826 1288 1120 1353 tribuitur;
1190 1303 1284 1356 per
1342 1288 1586 1358 singulos
1639 1287 1944 1340 dominicus
1993 1287 2109 1340 dies

531 1377 670 1430 hanc
696 1393 755 1431 se
790 1379 1152 1431 immortalem
1219 1393 1402 1431 escam
1467 1393 1685 1431 sumere
1734 1376 2103 1446 promittebat.

535 1469 642 1522 Sed
673 1481 900 1524 sanctus
932 1469 1278 1523 manifestius
1305 1469 1512 1522 faciens
1545 1469 1807 1529 audienti,
1851 1482 1996 1530 vere,
2023 1467 2108 1517 in-

536 1560 678 1627 quit,
714 1575 814 1612 nec
841 1559 1008 1612 semel
1066 1561 1170 1612 huc
1203 1559 1428 1611 veniens
1461 1557 1902 1620 communicasti,
1959 1553 2106 1624 quod

538 1651 642 1704 nisi
679 1651 938 1720 gesseris,
972 1666 1072 1704 nec
1099 1667 1198 1705 nos
1223 1651 1321 1703 tibi
1351 1651 1481 1718 quid
1515 1651 1950 1704 necessariorum
1975 1663 2108 1702 con-

540 1742 680 1796 ferre
711 1743 1034 1811 poterimus.

2228 463 2314 524 Ὠς
2337 463 2393 515 δέ
2424 463 2588 516 πάλιν
2610 465 2672 516 τὸ
2701 465 2881 535 τρίτον
2920 466 3254 536 παρέπεσεν,
3299 467 3466 521 πάλιν
3515 471 3588 523 ἐκ
3623 473 3810 541 τρίτου

2215 553 2394 606 λαϐὼν
2418 557 2764 617 ἐπιδέδωκεν,
2797 557 3039 627 οἰμώξας
3069 557 3283 629 τρόπον
3308 561 3457 625 τινὰ,
3485 564 3588 614 καὶ
3618 567 3809 618 τοιαύ-

2213 663 2312 716 την
2343 651 2529 716 φωνὴν
2563 649 2700 718 πρὸς
2726 649 2816 701 τὸν
2847 649 3178 704 ἀσθενοῦντα
3218 651 3604 720 φθεγξάμενος
3630 670 3646 683 ⁶
3686 659 3809 710 ὀνο

2212 755 2339 803 τως,
2370 739 2584 808 ἀδελφὲ,
2614 741 2754 792 πάνυ
2802 741 2935 794 πολὺ
2994 744 3381 814 προσεπόθη’σα
3437 745 3519 814 τῷ
3569 747 3685 816 νεῷ
3722 748 3809 800 σεῦ

2213 829 2718 898 προσπελάσαντος,
2749 831 2843 884 τοῦ
2879 833 3113 886 ἀκοῦσαί
3157 853 3249 888 σου
3277 837 3356 900 τὺ,
3402 839 3611 906 Ἀμὴν,
3641 840 3802 908 ἀμὴν,

2213 919 2404 988 Κύριε,
2441 919 2709 988 λέγοντος.
2745 922 2802 974 'U
2828 922 2884 974 δὲ
2918 925 3095 988 συνεὶς
3117 925 3192 988 ὡς
3223 928 3320 995 τῆς
3350 928 3460 980 τῶν
3487 931 3808 1000 μυστηρίων

2212 1010 2448 1080 Χριστοῦ
2493 1011 2844 1081 μεταλήψεως
2873 1013 3060 1067 ἕνεκεν
3083 1017 3303 1087 εἴρηκεν
3329 1018 3476 1087 (τότε
3513 1019 3631 1089 γὰρ
3655 1020 3807 1072 τοῦτο

2210 1104 2323 1162 τοῖς
2362 1101 2600 1170 ἱερεῦσιν
2629 1103 2690 1154 τὸ
2745 1103 3011 1166 ζωοποιὸν
3037 1107 3131 1158 καὶ
3159 1109 3424 1178 σωτήριον
3489 1110 3663 1179 σῶμα
3721 1112 3808 1162 καὶ

2211 1186 2350 1256 αἷμα
2382 1181 2616 1261 Χριστοῦ
2645 1193 2736 1245 τοῦ
2763 1195 2897 1246 Θεοῦ
2927 1196 3240 1265 διανέμουσι
3288 1199 3670 1269 πρόσφθεγμα
3724 1200 3807 1252 λέ-

2211 1299 2402 1352 γομεν,
2435 1284 2840 1354 μαρτυροῦντες
2871 1286 3047 1357 οἰκείᾳ
3081 1292 3230 1356 φωνῇ
3264 1293 3356 1341 καὶ
3393 1291 3802 1358 συντιθέμενοι,

2209 1372 2282 1432 ὡς
2307 1373 2506 1442 ἀληθὲς
2537 1374 2632 1425 καὶ
2661 1374 2776 1426 ἔστι
2810 1393 2867 1427 τε
2899 1378 2992 1428 καὶ
3023 1376 3258 1445 λέγεται,
3319 1379 3380 1430 τὸ
3405 1380 3543 1448 πρὸς
3571 1382 3802 1433 ἐκείνων

2211 1465 2288 1524 είς
2311 1464 2516 1532 τροφὴν
2540 1465 2669 1534 ἡμῖν
2703 1466 3076 1536 πνευματικὴν
3127 1469 3221 1520 καὶ
3265 1469 3460 1536 ἄφεσιν
3510 1470 3804 1542 ἁμαρτιῶν

2211 1556 2604 1625 παρεχόμενον,
2641 1558 2759 1609 καθ’
2795 1558 3032 1628 ἑκάστην
3066 1560 3348 1630 Κυριακὴν
3378 1561 3591 1628 ταύτης
3631 1580 3798 1631 μετα-

2212 1647 2510 1717 λαμϐάνειν
2541 1652 2638 1718 τῆς
2667 1649 2940 1704 ἀθανάτου
2969 1652 3174 1720 τροφῆς
3202 1653 3574 1723 ἁπεκρίνατοπ
3602 1654 3754 1708 Ἀλλ’
3777 1657 3802 1705 ὁ

2212 1736 2365 1806 ἅγιος
2397 1740 2776 1812 φανερώτερον
2802 1742 2973 1795 ποιῶν
2991 1742 3067 1812 τῷ
3115 1743 3367 1796 ἀκούοντι
3388 1745 3448 1796 τὸ
3477 1746 3801 1815 λεγόμενον,

541 1840 771 1902 Ὄντως,
801 1837 989 1908 φησὶν,
1033 1836 1141 1889 οὐδ’
1172 1832 1321 1900 ἅπαξ
1353 1835 1539 1890 ἐνθάδε
1583 1835 1758 1906 μολὼν
1795 1833 2178 1903 ἐκοινώνησας’
2211 1834 2346 1906 ὅπερ
2381 1837 2429 1888 εἰ
2472 1836 2547 1907 μὴ
2596 1837 2824 1908 δράσῃς,
2868 1838 2920 1890 τὶ
2967 1837 3076 1891 τῶν
3129 1840 3441 1907 ἀναγκαίων
3489 1842 3694 1910 ὀνῆσαι
3745 1846 3800 1895 οὐ

533 1933 836 2003 δυνάμεθα.

605 2025 850 2094 Surgcns
891 2032 1071 2078 autem
1103 2037 1130 2075 a
1174 2038 1369 2076 somno
1393 2021 1727 2090 Stephanus,
1757 2021 1822 2074 ad
1860 2035 2108 2074 commu-

537 2115 756 2169 nionem
783 2113 1034 2182 confugit
1071 2111 1346 2176 Ecclesiae,
1382 2110 1656 2179 hujusque
1711 2109 1966 2180 mysteria
2025 2121 2111 2160 se-

535 2215 792 2278 quentem
839 2207 1039 2275 reperit
1074 2204 1272 2258 visum.
1319 2201 1457 2256 Hinc
1499 2210 1554 2257 et
1585 2203 1670 2257 his
1699 2202 1790 2270 qui
1841 2200 1969 2253 huic
2003 2198 2110 2251 mi-

536 2301 844 2357 nistrabant
867 2297 934 2352 de
966 2295 1358 2352 ecclesiasticis
1387 2293 1688 2348 Salvatoris
1707 2291 1901 2346 ovibus
1933 2288 2110 2343 factus

537 2400 645 2456 est,
673 2392 944 2447 insaniam
987 2405 1111 2444 esse
1141 2386 1491 2441 manifestam
1519 2426 1533 2449 ,
1569 2397 1882 2454 quanquam
1910 2380 2110 2434 barba-

539 2499 633 2540 rus
660 2491 830 2548 esset,
860 2479 1132 2549 cogitans,
1164 2487 1354 2532 contra
1388 2476 1553 2529 Deum
1579 2481 1633 2527 et
1665 2480 1887 2525 sanctos
1919 2467 2110 2522 Eccle-

536 2579 785 2645 siamque
808 2573 1135 2628 catholicam
1169 2579 1224 2624 et
1253 2568 1611 2623 orthodoxam
1641 2565 1802 2617 tidem
1847 2574 2107 2630 pugnare.

539 2669 643 2723 Sed
684 2669 774 2720 ille
803 2666 895 2735 qui
927 2663 1184 2718 omnibus
1209 2659 1414 2713 invidet
1465 2657 1644 2720 bonis,
1675 2667 1731 2709 et
1775 2655 1828 2707 in
1869 2654 1971 2706 hos
2018 2651 2110 2720 qui

537 2759 819 2811 salvantur
853 2754 1040 2808 livoris
1079 2751 1292 2805 facibus
1335 2747 1655 2809 inardescit,
1689 2745 1890 2798 donum
1949 2741 2111 2795 dimi—

538 2851 687 2905 dium
715 2847 962 2906 abstulit,
989 2846 1116 2898 licet
1150 2853 1321 2896 totum
1381 2840 1597 2893 auferre
1649 2838 1835 2891 volens
1887 2834 2112 2889 minime

2295 2020 2564 2084 Ἀναστὰς
2586 2021 2643 2074 δέ
2667 2022 2776 2074 τῶν
2807 2021 2993 2076 ὕπνων
3025 2025 3052 2076 ό
3082 2024 3372 2092 Στέφανος,
3397 2026 3461 2093 τῇ
3496 2024 3599 2093 τῆς
3635 2026 3796 2077 καθο-

2213 2111 2368 2181 λικῆς
2401 2113 2730 2181 Ἐκκλησίας
2783 2116 3038 2186 κοινωνίᾳ
3081 2115 3484 2186 προσέδραμεν,
3540 2118 3642 2168 καὶ
3695 2121 3798 2178 τοῖς

2210 2203 2410 2273 ταύτης
2477 2205 2796 2274 μυστηρίοις
2823 2205 3098 2277 ἑπομένην
3132 2206 3226 2276 τὴν
3285 2207 3580 2275 ἀνάϐλεψιν
3652 2209 3798 2277 εὕρεο

2214 2309 2365 2347 σκεν.
2413 2294 2690 2348 Ἐντεῦθεν
2719 2297 2813 2347 καὶ
2836 2297 2864 2348 ὁ
2887 2296 3061 2363 τούτῳ
3092 2295 3536 2363 διακονούμενος,
3567 2298 3686 2348 τῶν
3713 2301 3799 2349 ἐι-

2215 2383 2617 2453 κλησιαστικῶν
2647 2384 2740 2436 τοῦ
2759 2384 3010 2454 Σωτῆρος
3035 2384 3322 2453 προϐάτων
3344 2387 3580 2452 ἐγίνετο,
3599 2389 3798 2453 μανία-ιι

2217 2469 2355 2527 εἶναι
2383 2475 2548 2544 σαφῆ.
2585 2474 2761 2528 καίτοι
2795 2474 3068 2546 βάρϐαρος
3124 2474 3223 2539 ὢν,
3279 2476 3672 2545 λογισάμενος,
3743 2480 3800 2530 τὸ

2217 2566 2354 2635 πρὸς
2384 2567 2516 2618 Θεὸν
2546 2568 2641 2620 καὶ
2670 2569 2881 2635 ἁγίους,
2907 2567 3238 2637 Ἐκκλησίαν
3267 2585 3326 2620 τε
3359 2569 3667 2641 καθολικὴν
3709 2572 3800 2624 καὶ

2219 2657 2400 2710 πίστιν
2426 2655 2705 2727 όρθόδοξον
2732 2658 3003 2728 μάχεσθαι
3040 2676 3054 2689 ο
3089 2659 3206 2711 ἀλλ’
3248 2662 3275 2712 ό
3332 2662 3502 2714 πᾶσιν
3559 2661 3652 2713 ἀεὶ
3689 2666 3800 2722 τοῖς

2217 2753 2471 2820 χρηστοῖς
2507 2749 2982 2820 διαφθονούμενος,
3034 2751 3126 2802 καὶ
3160 2751 3381 2813 τούτους
3440 2753 3792 2821 σωζομένους

2219 2839 2541 2902 ἐϐάσκανεν,
2567 2840 2661 2891 καὶ
2697 2839 2756 2890 τὸ
2781 2839 2953 2909 δῶρον
3002 2837 3060 2900 ἐξ
3107 2839 3363 2908 ἡμισείας
3419 2839 3683 2908 ἀφείλετο
3706 2855 3724 2870 ⁸
3757 2841 3804 2891 εἰ

541 2941 829 3011 potuisset.
861 2936 993 2991 Post
1028 2935 1319 2989 sanitatem
1348 2933 1550 3002 quippe
1599 2930 1797 2982 animae
1836 2942 1900 2979 ac
1925 2938 2110 2994 corpo-

2221 2932 2309 2984 καὶ
2354 2932 2414 2984 τὸ
2436 2931 2541 2982 πᾶν
2568 2930 2863 2998 ἀφελέσθαι
2899 2928 3182 2998 βουληθεὶς
3210 2931 3270 2982 οὐ
3299 2929 3614 2998 δεδύνηται,
3674 2933 3802 2993 τοὺς

542 3035 637 3095 ris,
667 3038 1060 3100 receptumque
1079 3026 1366 3090 utriusque
1395 3023 1540 3076 oculi
1567 3020 1765 3081 visum,
1793 3034 1915 3072 cum
1936 3017 2115 3070 adhuc

543 3128 596 3181 in
629 3131 948 3179 sanctorum
978 3118 1202 3172 basilica
1234 3123 1566 3175 moraretur,
1601 3112 1848 3164 minister
1878 3111 2116 3162 interro-

542 3219 700 3288 gabat
727 3214 1060 3284 Stephanum
1099 3228 1112 3264 :
1147 3209 1307 3273 Ecce,
1341 3208 1435 3270 ait,
1471 3204 1762 3265 odomine,
1787 3202 1871 3254 hic
1896 3207 2113 3252 sancto-

544 3325 663 3363 rum
699 3305 1020 3361 obedientes
1055 3299 1253 3369 jussis,
1290 3297 1789 3350 comnmnicatores
1833 3289 2117 3344 catholicae

547 3401 674 3456 facti
732 3413 926 3453 sumus
950 3393 1243 3467 Ecclesia;
1299 3405 1422 3444 cum
1464 3398 1643 3442 autem
1711 3385 1779 3438 ad
1837 3383 2114 3436 civitatem

544 3499 787 3546 nostram
855 3485 1152 3540 auxiliante
1193 3479 1304 3534 Deo
1349 3479 1756 3549 pervenerimus
1807 3476 1861 3527 in
1919 3474 2114 3526 horum

545 3590 703 3653 putas
758 3575 1107 3648 jussionibus
1160 3567 1645 3642 permanebimus?
1700 3582 1767 3620 an
1807 3565 2005 3619 iterum
2048 3560 2116 3614 ad

545 3673 780 3745 pristina
809 3660 1237 3739 repedabimus?
1271 3662 1363 3716 Ille
1391 3675 1519 3716 vero
1542 3659 1606 3714 ad
1631 3674 1754 3712 eum
1797 3653 2112 3725 respondit:

546 3767 682 3821 Dum
704 3777 916 3827 sumus,
940 3759 1215 3828 inquiens,
1233 3755 1342 3818 bic,
1367 3767 1489 3822 quae
1510 3751 1764 3804 videntur
1785 3746 2117 3816 martyribus

546 3869 909 3926 peragamus;
957 3865 1084 3904 cum
1145 3855 1326 3901 autem
1371 3843 1499 3897 hinc
1533 3841 1851 3904 abierimus,
1896 3835 2116 3906 propria

545 3948 800 4016 dogmata
846 3945 990 3998 sicut
1038 3947 1198 3994 antea
1261 3934 1641 3994 retinebimus,
1671 3940 1724 3984 et
1765 3928 1924 3983 tidem
1954 3940 2116 3996 quam

547 4037 704 4091 nobis
735 4043 917 4105 patres
953 4030 1125 4086 nostri
1152 4027 1516 4082 tradiderunt.

619 4297 685 4350 Et
716 4296 831 4348 haec
859 4292 1075 4362 quidem
1111 4289 1244 4344 solis
1274 4286 1490 4340 interim
1533 4281 1932 4338 intentionibus
1967 4281 2116 4334 dice-

548 4394 779 4453 bantur;
811 4402 949 4456 Opus
985 4393 1164 4438 autem
1192 4381 1374 4436 verbis
1413 4379 1656 4435 nondum
1713 4378 1820 4432 tale
1893 4376 2118 4446 copula-

551 4487 736 4545 batur;
776 4481 910 4533 ultio
937 4479 1119 4532 divina
1144 4475 1492 4530 sermonibus
1534 4489 1688 4542 asque
1741 4484 1798 4526 ut
1857 4470 2116 4540 operibus

551 4574 772 4637 auditis,
805 4570 957 4639 quasi
988 4577 1254 4638 agentem,
1277 4565 1547 4619 dicentem
1589 4563 1979 4618 insectabatur.
2004 4560 2117 4613 Nux

550 4665 839 4732 enimpost
862 4661 996 4715 solis
1028 4673 1283 4713 occasum
1319 4668 1370 4710 et
1403 4656 1547 4709 illius
1589 4655 1694 4708 diei
1724 4655 1948 4707 veniens
2005 4660 2118 4704 ter-

555 4757 756 4816 minus,
790 4753 875 4806 his
906 4753 1182 4822 quisupz'a
1212 4758 1410 4803 terram
1444 4749 1600 4801 erant
1633 4747 1873 4814 requiem
1915 4759 2118 4798 conce-

554 4850 734 4910 debat,
767 4843 1075 4899 [nominibus
1114 4842 1340 4904 Scilicet,
1378 4835 1916 4906 aliisqumlannnodo
1939 4835 2120 4889 ferens

552 4951 828 5000 semuum,
857 4943 911 4988 et
945 4938 1180 4987 clamore
1213 4933 1461 4983 vocitans
1494 4931 1698 4992 lmnen,
1736 4942 1857 4978 cum
1882 4942 1980 4978 nec
2005 4927 2119 4994 ipsa

557 5027 798 5095 profecto
834 5040 969 5078 vane
994 5025 1061 5077 ab
1095 5023 1337 5075 omnium
1372 5018 1600 5072 Faetore
1624 5019 1692 5070 sit
1719 5018 1860 5070 tacta
1895 5034 1907 5070 :
1934 5031 2040 5084 qua
2070 5024 2122 5067 et

558 5117 838 5183 Stephano
876 5125 1133 5178 tanquam
1185 5113 1400 5180 ingrato
1426 5119 1692 5177 martyres
1723 5114 2010 5175 apparent,
2069 5113 2123 5158 et

559 5207 1132 5277 ingratitudiniseum
1187 5216 1372 5271 prunas
1429 5203 1580 5252 luere
1641 5206 1865 5265 cogunt,
1915 5197 2123 5250 balneis

559 5299 704 5352 hunc
751 5297 827 5349 uti
878 5295 1278 5364 praecipientes,
1347 5291 1546 5358 quibus
1603 5288 1746 5340 sicut
1799 5286 1993 5354 jussus
2043 5295 2126 5339 est

559 5401 740 5452 utens,
768 5389 841 5440 ita
883 5387 1020 5438 male
1053 5393 1314 5437 tractatus
1356 5390 1460 5443 est,
1492 5388 1550 5433 ut
1579 5391 1736 5432 nocte
1777 5393 1841 5430 ac
1877 5377 1963 5430 die
2004 5377 2126 5444 plu-

561 5481 758 5533 rimum
790 5478 1056 5548 vigilaret,
1081 5485 1277 5529 etcum
1316 5473 1499 5524 multis
1545 5469 1848 5528 doloribus,
1885 5468 2010 5535 quia
2049 5467 2129 5518 in-

561 5583 805 5623 somnem
834 5567 1068 5621 ducebat
1093 5570 1255 5618 vitam
1293 5562 1552 5630 ploraret,
1597 5561 1738 5626 quod
1775 5560 1825 5611 iu
1879 5559 2129 5626 passione

561 5673 821 5713 sensuum
853 5672 948 5711 eos
997 5656 1086 5724 qui
1149 5655 1428 5722 patiuntur
1478 5649 1747 5703 adducere
1799 5648 1968 5700 novit.
2024 5645 2129 5700 Sed

2219 3007 2506 3095 μάρτυρας
2529 3021 2705 3092 εὑρὼν
2734 3023 3083 3084 ὑπασπιστάς
3127 3022 3218 3074 τοῦ
3254 3020 3605 3091 δωρήματος.
3647 3023 3804 3074 Μετὰ

2215 3113 2323 3181 γὰρ
2359 3116 2457 3182 τὴν
2483 3113 2650 3181 ρῶσιν
2676 3115 2773 3181 τῆς
2798 3113 2975 3182 ψυχῆς
3010 3114 3105 3166 καὶ
3137 3113 3233 3164 τοῦ
3259 3111 3537 3180 σώματος,
3561 3113 3660 3164 καὶ
3695 3113 3802 3165 τῶν

2216 3203 2491 3273 ἑκατέρων
2515 3201 2809 3270 ὀφθαλμῶν
2833 3202 2930 3272 τὴν
2958 3201 3275 3269 ἀνάϐλεψιν,
3295 3201 3373 3252 ἐτι
3399 3201 3543 3254 κατὰ
3567 3202 3663 3253 τὸν
3700 3217 3797 3269 ση-

2217 3296 2310 3347 κὸν
2349 3295 2734 3364 διατρίϐοντες,
2773 3295 2800 3345 ὁ
2833 3293 3247 3363 διακονούμενος
3286 3292 3474 3362 ἠρώτα
3518 3294 3610 3345 τὸν
3679 3292 3804 3346 Στέ-

2219 3402 2383 3451 φανον
2418 3401 2431 3415 ·
2499 3384 2654 3448 Ἰδοὺ,
2719 3384 2904 3451 φησὶν,
2945 3383 3153 3446 ἐνθάδε,
3197 3376 3242 3433 ὦ
3289 3382 3468 3450 κύριε,
3521 3386 3646 3445 ταῖς
3695 3385 3800 3434 τῶν

2217 3478 2389 3546 ἁγίων
2418 3476 2733 3538 πεισθέντες
2789 3473 3122 3538 κελεύσεσιν,
3172 3477 3482 3526 κοινωνικοὶ
3519 3475 3621 3542 τῆς
3666 3475 3800 3526 καθ-

2217 3570 2401 3636 ολικῆς
2448 3566 2773 3635 Ἐκκλησίας
2802 3565 3106 3634 γεγόναμεν
3127 3581 3141 3594 °
3193 3565 3292 3634 τὴν
3333 3567 3715 3634 ἐνεγκαμένην
3740 3567 3793 3617 δὲ

2220 3660 2314 3712 σὺν
2381 3658 2499 3728 Θεῷ
2546 3655 3052 3724 καταλαμϐάνοντες
3108 3657 3436 3725 ἐμμένωμεν
3510 3651 3620 3724 ἆρα
3676 3659 3798 3718 ταῖς

2217 3747 2421 3800 τούτων
2457 3744 2796 3808 κελεύσεσιν,
2822 3745 2854 3812 ἢ
2885 3743 3016 3810 πρὸς
3039 3744 3100 3795 τὸ
3133 3744 3324 3813 πρώην
3387 3744 3552 3796 πάλιν
3611 3747 3794 3815 χωρή-

2219 3854 2430 3907 σωμεν;
2470 3838 2529 3888 '0
2568 3836 2623 3888 δὲ
2653 3836 2788 3905 πρὸς
2819 3835 2977 3886 αὐτὸν
3021 3835 3375 3904 ἀπεκρίνατο,
3420 3837 3496 3899 ὼς
3524 3835 3795 3892 Ἐνταῦθα

2222 3927 2320 3997 μὲν
2344 3925 2496 3988 ὄντες
2525 3926 2592 3977 τὰ
2621 3923 2879 3979 δοκοῦντα
2909 3925 3124 3995 δρῶμεν
3147 3929 3258 3986 τοῖς
3293 3926 3588 3996 μάρτυσιν,
3606 3930 3794 3981 ἀπιόν-

2217 4035 2308 4081 τες
2347 4018 2402 4070 δέ
2440 4017 2548 4070 τῶν
2579 4017 2848 4078 ἐντεῦθεν,
2880 4015 2988 4068 τῶν
3021 4016 3235 4068 οἰκείων
3285 4017 3450 4068 πάλιν
3506 4018 3794 4087 δογμάτων

2220 4107 2294 4172 ὡς
2321 4108 2381 4161 τὸ
2437 4109 2565 4179 πρὶν
2598 4106 2967 4176 ἀνθεξώμεθα,
3018 4106 3112 4158 καὶ
3171 4107 3408 4169 πίστεως
3458 4104 3527 4178 ἧς
3557 4110 3691 4178 ἡμῖν
3747 4109 3791 4159 οἱ

2223 4201 2456 4269 πατέρες
2481 4198 2638 4267 ἡμῶν
2669 4199 3027 4268 ἐνεχείρισαν.

2292 4288 2399 4340 Καὶ
2428 4286 2600 4338 ταῦτα
2627 4286 2723 4354 μὲν
2752 4287 2808 4336 ἐν
2839 4283 3026 4353 μόναις
3055 4285 3192 4346 τέως
3217 4284 3434 4350 ἐλέγετο
3461 4288 3588 4349 ταῖς
3614 4286 3786 4338 ἐντεύ-

2221 4377 2366 4442 ξεσιν
2397 4392 2410 4406 ·
2441 4377 2600 4445 ἔργον
2631 4376 2688 4427 δέ
2714 4375 2826 4436 τοῖς
2849 4373 3026 4440 λόγοις
3052 4371 3204 4424 οὔπω
3230 4373 3430 4425 τοιόνδε
3468 4377 3790 4444 συνήπτετο·

2221 4470 2312 4520 καὶ
2339 4468 2460 4536 δίκη
2494 4467 2602 4520 τῶν
2631 4465 2804 4533 λόγων
2833 4464 3021 4532 ῶσπερ
3043 4464 3218 4534 ἔργων
3246 4465 3556 4527 ἀκούσασα,
3593 4469 3670 4530 ὠς
3702 4485 3793 4519 πε·

2222 4559 2467 4630 πραχότα
2491 4558 2581 4610 τὸν
2603 4557 2862 4626 εἰρηκότα
2890 4556 3211 4624 μετήρχετο.
3249 4555 3363 4620 Νὺξ
3400 4557 3513 4626 γάρ
3550 4559 3693 4625 μετὰ
3709 4559 3795 4617 τὰς

2223 4652 2378 4722 ἡλίου
2414 4649 2625 4719 δυσμὰς
2657 4647 2917 4716 κάκείνης
2949 4647 3046 4715 τῆς
3078 4647 3295 4715 ἡμέρας
3349 4646 3586 4699 ἐλθοῦσα
3620 4649 3681 4699 τὸ
3709 4649 3796 4697 πέ-

2226 4758 2324 4813 ρας
2353 4743 2460 4801 τοίς
2486 4740 2577 4790 ἐπὶ
2606 4740 2708 4807 γῆς
2741 4736 3043 4807 ἐϐράϐευσε
3062 4738 3162 4804 τὴν
3233 4737 3548 4790 ἀνάπαυσιν
3593 4737 3797 4806 ἀνθρώ-

2223 4850 2368 4896 ποις,
2404 4829 2648 4899 δηλονότι
2668 4827 2836 4880 ὕπνον
2866 4827 3003 4895 αὐτὴ
3023 4829 3143 4888 ταῖς
3169 4825 3395 4896 πτέρυξι
3423 4828 3696 4896 φέρουσα,
3717 4828 3798 4878 καὶ

2226 4925 2403 4995 βοῶσα
2440 4923 2626 4991 σαφῶς
2649 4921 2722 4982 ὼς
2747 4921 2806 4972 οὑ
2853 4920 3028 4989 μάτην
3086 4918 3196 4970 οὐδ’
3254 4919 3396 4988 αὑτὴ
3464 4919 3544 4988 τῷ
3591 4922 3799 4974 πάντων

2227 5016 2419 5083 ποιητῇ
2453 5008 2969 5079 πεπλαστούργηται
2995 5023 3006 5035 '
3041 5008 3161 5059 καθ’
3183 5009 3248 5076 ἣν
3269 5010 3360 5060 καὶ
3414 5011 3463 5061 ot
3529 5012 3802 5078 μάρτυρες

2226 5107 2480 5175 Στεφάνῳ
2532 5104 2606 5165 ὼς
2654 5101 2933 5171 ἀγνώμονι
2985 5102 3291 5168 φαίνονται,
3349 5103 3444 5154 καὶ
3493 5104 3594 5170 τῆς
3625 5107 3803 5171 ἀχαρι-

2228 5199 2380 5260 στίας
2416 5196 2576 5249 αὐτὸν
2601 5195 2696 5256 τὰς
2724 5195 2879 5255 δίκας
2913 5194 3330 5261 εἰσπράττοντα,
3366 5193 3619 5263 λουτροῖς
3650 5196 3802 5246 ait?»

2227 5288 2610 5357 ἐπιτρέψαντες
2636 5284 2940 5354 χρήσασθαι
2965 5302 2976 5316 ο
3011 5280 3090 5345 οἷς
3144 5285 3215 5346 ὡς
3260 5285 3559 5354 ἐκελεύσθη
3597 5287 3798 5353 1521;31-

2232 5397 2410 5452 μενος,
2465 5377 2610 5430 οὓτω
2660 5376 2873 5445 διετέθη
2918 5377 3123 5439 κακῶς,
3155 5377 3230 5437 ώς
3264 5377 3435 5428 πολλὰ
3458 5382 3796 5446 γρηγορῆςιι

2230 5473 2570 5541 νυχθήμερα,
2605 5471 2698 5523 καὶ
2722 5471 2817 5540 τὴν
2855 5469 3052 5538 πολλὴν
3105 5469 3336 5520 ἀῦπνίαν
3379 5470 3478 5520 σὺν
3507 5471 3629 5531 ταῖς
3685 5469 3796 5520 ὀδύ-

2242 5573 2358 5618 ναις
2393 5555 2697 5624 ὁδύρεσθαι,
2718 5556 2795 5615 εἰς
2814 5553 2980 5615 πάθος
3011 5551 3218 5621 φρενῶν
3250 5554 3436 5619 φέρειν
3457 5552 3666 5603 εἰδυῖαν
3688 5553 3798 5611 τοὺς

2241 5649 2566 5715 πάσχοντας.
2633 5643 2774 5696 Ἀλλ’
2807 5643 2940 5714 αὑτὴ
2988 5645 3082 5713 μὲν
3115 5643 3418 5710 μαστίξασα
3469 5645 3544 5709 ὡς
3582 5647 3698 5698 δέον
