3934 6308
100 366 261 428 3:369

1079 364 1181 422 ss.
1220 363 1393 422 cvm
1429 363 1523 422 ET
1561 336 1880 421 JOANNIS
1909 352 2319 415 MIRACULA.

3236 332 3375 395 3570

102 481 212 530 τὴν
246 477 559 545 ἀγνώμονα,
596 473 974 543 φιλανθρωπίᾳ.
1020 473 1311 544 μαρτύρων
1371 472 1649 527 ἐπαύσατο
1680 486 1694 500 ⁸

1827 485 1920 539 psa
1963 466 2182 537 quidem
2248 458 2628 517 misericordia
2699 461 3023 524 martyrum,
3063 461 3185 517 qute
3229 447 3374 545 sicut

106 571 151 639 ἡ
214 567 495 635 τύφλωσις
554 565 609 617 δὲ
650 565 811 617 πάλιν
873 563 1032 613 αὑτὸν
1080 564 1111 630 ἡ
1156 560 1363 613 παλαιὰ
1407 559 1700 623 διεδέξατο,

121 656 390 725 γλώττης
443 653 656 706 ὄλισθον
717 653 809 703 καὶ
834 646 1092 712 δυσσεϐὲς
1131 650 1368 711 διανοίας
1395 648 1703 709 κολάζουσα

109 748 378 814 γέννημα
402 762 415 775 ·
451 745 544 795 καὶ
574 741 749 795 ταῦτα
774 741 994 808 πάσχων
1025 737 1192 803 ἀξίως
1219 741 1246 791 ό
1278 737 1480 801 ἄθλιος,
1518 738 1704 808 ἠγνόει

115 837 318 900 κακῶς
344 837 442 905 τῆς
483 835 713 904 βασάνου
745 832 806 884 τὸ
840 832 1030 884 αἴτιον.

216 1029 358 1081 Ἀλλ’
396 1028 446 1079 οί
480 1025 915 1097 Χριστομὶμητοι
953 1024 1222 1093 μάρτυρες
1264 1018 1707 1089 ὑπερϐαλλόντως

130 1118 297 1178 ὅντες
321 1114 711 1184 φιλάνθρωποι,
747 1114 840 1166 καὶ
868 1112 1106 1181 σωθῆναι
1141 1110 1347 1170 πΞιντας
1381 1107 1707 1184 ἀνθρώπους

120 1179 430 1270 ἐθέλοντες,
457 1179 551 1258 καὶ
584 1204 758 1256 ἐλθεῖν
778 1206 856 1266 είς
889 1179 1144 1271 ἀληθείας
1164 1179 1479 1267 ὲπίγνωσίν,
1517 1200 1592 1261 ὼς
1643 1198 1708 1251 ἂν

122 1298 409 1367 ὲπιγνοίη,
440 1296 530 1349 καὶ
560 1297 815 1362 ἐπιγνοὺς
845 1292 1205 1364 μεταγνώσει,
1267 1292 1361 1344 κοιλ⁸
1408 1288 1717 1361 μεταγνοὺς

126 1389 360 1458 σωθείη,
391 1387 566 1457 τούτῳ
588 1385 894 1439 δεικνύουσι
923 1385 990 1437 δι’
1016 1383 1312 1455 ὁράματος,
1381 1382 1477 1434 καὶ
1511 1381 1708 1449 φανέν-

121 1497 221 1541 τες
244 1482 303 1532 ὲν
328 1478 583 1549 ἄρχοντος
623 1476 754 1530 εῖδει
789 1493 846 1528 τε
867 1475 957 1527 καὶ
989 1474 1140 1540 τάξει
1203 1472 1294 1525 τοῦ
1355 1472 1455 1541 τὴν
1518 1470 1709 1525 Νικίου

124 1568 288 1621 πόλιν
328 1568 617 1629 ἰθύ-κοντος,
649 1567 746 1636 τῆς
776 1565 913 1634 πρὸς
945 1564 1150 1633 Κῦρον,
1180 1564 1366 1633 φησὶν,
1408 1562 1501 1614 καλ⁵
1523 1560 1709 1614 Ἰωάν-

125 1678 232 1729 νην
259 1660 386 1723 περὶ
407 1659 688 1721 κοινωνίας
714 1657 1010 1725 γενομένης
1067 1656 1215 1725 αύτῷ
1259 1654 1711 1721 συγκαταθέσεως

124 1752 409 1814 ὠνείδιζον
438 1752 534 1821 τὴν
566 1749 901 1821 παράϐασιν,
952 1747 1044 1800 καὶ
1103 1746 1349 1815 στέργειν
1404 1744 1565 1796 αὐτὸν
1611 1745 1711 1805 τὰς

127 1842 277 1912 πρὸς
306 1843 503 1904 αὐτοὺς
525 1841 796 1911 συνθήκας
842 1841 1126 1892 ἐκέλευονο
1175 1838 1265 1890 καὶ
1311 1836 1499 1889 τοῦτον
1548 1834 1706 1904 ήπεί-
1743 1813 1782 1867 Β

129 1935 262 1987 λουν
285 1937 331 1986 εί
367 1934 502 2002 πρὸς
525 1932 689 2003 ἀλλην
717 1933 814 1984 ἴδοι
845 1932 1217 2003 παράτρωσιν.
1265 1930 1323 1982 '0
1361 1930 1418 1982 δὲ
1462 1930 1536 1991 ὼς
1569 1929 1710 1996 έγνω

125 2026 234 2094 τῆς
261 2024 462 2093 βλάϐης
490 2025 549 2077 τὸ
566 2025 758 2086 αἴτιον,
790 2025 1025 2086 ἀναστὰς
1058 2022 1380 2093 ἐπωμόσατο
1412 2022 1609 2091 μηκέτι
1636 2020 1709 2091 μὴ

126 2114 281 2182 λόγῳ
315 2115 387 2184 μὴ
411 2112 557 2185 ἔργῳ
574 2113 780 2166 τοιοῦτό
795 2132 847 2167 τι
875 2111 1298 2185 διαπράξασθαι,
1322 2112 1414 2164 καὶ
1445 2111 1553 2164 τῶν
1574 2126 1711 2180 προ-

129 2205 414 2257 λαϐόντων
435 2206 768 2275 συγγνώμην
794 2203 1014 2273 ἠξίωσε.

210 2342 286 2391 Οἱ.
302 2341 357 2393 δὲ
390 2339 669 2392 θεσπέσιοι
706 2340 980 2409 μάρτυρες
1014 2338 1092 2401 ὡς
1142 2337 1252 2391 ῑδον
1280 2337 1559 2407 ἀραρότως
1590 2353 1712 2389 συν-
1751 2298 1771 2316 ⁸

133 2431 392 2500 θέμενον,
414 2432 507 2482 καὶ
533 2429 709 2508 σθένει
738 2429 902 2483 παντὶ
923 2430 1021 2491 τὰς
1051 2428 1187 2500 πρὸς
1226 2430 1425 2490 αὐτοὺς
1447 2426 1577 2496 περὶ
1620 2427 1712 2479 πί-

138 2535 312 2581 στεως
340 2520 612 2588 συνθήκας
642 2520 926 2587 φυλάττειν
960 2518 1353 2582 σπουδάζοντα,
1378 2516 1539 2570 πάλιν
1564 2513 1713 2586 αὐτῷ

134 2608 286 2661 κατά
313 2609 435 2671 τοὺς
459 2608 657 2671 ὕπνους
688 2609 963 2679 ἐφάνησαν
985 2608 1063 2678 τῷ
1090 2606 1459 2678 θυσιαστηρίῳ
1475 2604 1711 2675 Χριστοῦ

137 2700 678 2770 παριστάμενοι,καὶ
705 2700 804 2771 τήν
845 2699 1177 2769 ἀναίμακτον
1223 2697 1412 2751 θυσίαν
1473 2697 1715 2768 προσφέ-

141 2808 350 2862 ροντες,
407 2787 474 2863 ἧς
514 2790 663 2861 αὐτῷ
688 2792 781 2845 καὶ
846 2791 1156 2861 μετέδωκαν
1202 2790 1667 2861 προσενέγκαντες
1691 2805 1706 2820 ο

138 2883 240 2934 καὶ
275 2881 631 2949 μεταλαϐόντι
656 2882 818 2935 πάλιν
835 2881 984 2952 αὐτῷ
1010 2881 1109 2952 τὴν
1136 2880 1231 2934 τοῦ
1276 2881 1530 2950 Σωτῆρος
1556 2878 1712 2949 Νύμ-

141 2991 254 3042 φην
282 2973 376 3043 τὴν
412 2972 735 3043 Ἐκκλησίαν
759 2973 1044 3037 ὑπέδειξαν
1078 2975 1137 3026 ὲν
1178 2971 1715 3053 λαμπροῖςισθήμα-

144 3081 233 3118 σιν
256 3066 775 3133 ἀπαστράπτουσαν,
804 3064 899 3116 καὶ
923 3063 1129 3132 κόσμον
1154 3062 1384 3132 ἔχουσαν
1417 3059 1598 3113 ἔνθεον
1620 3059 1713 3111 καὶ

1805 537 2140 615 conveniens
2196 563 2311 609 erat
2378 549 2703 606 verberabat
2761 548 3058 615 ingratum,
3113 537 3370 609 quievit;

1805 651 2025 703 caccitas
2052 654 2232 700 autem
2264 646 2313 696 ei
2344 650 2497 695 vetus
2520 643 2817 705 subrogata
2841 642 2948 696 est,
2983 630 3180 700 lingua!
3209 626 3381 681 lubri-

1805 757 1954 805 cum,
1982 747 2035 793 et
2068 738 2293 806 impiqu
2349 732 2549 786 mentis
2578 728 2811 799 puniens
2844 725 3119 795 genimen.
3158 719 3223 773 Et
3249 720 3378 774 dum
3412 751 3422 759 -

1808 835 1922 886 tunc
1974 837 2273 899 pateretur,
2336 824 2549 887 infelix,
2623 818 2913 891 ignorabat
2970 815 3095 868 mali
3155 826 3378 867 causam

1808 918 2089 976 tormenti.

1879 1027 1984 1083 Sed
2016 1036 2283 1096 martyres
2317 1037 2439 1077 cum
2471 1020 2805 1096 excellenter
2860 1015 2969 1071 sint
3012 1014 3104 1067 Dei
3152 1012 3402 1065 aetatula--

1810 1128 1977 1180 tores,
2031 1125 2086 1170 et
2133 1094 2416 1169 hominum
2458 1094 2757 1174 amatores,
2820 1106 3132 1169 salvarique
3187 1118 3380 1157 omnes

1811 1210 2083 1274 homines,
2110 1216 2165 1263 et
2192 1207 2376 1262 venire
2412 1205 2477 1259 ad
2515 1203 2763 1260 veritatis
2792 1200 3160 1270 cognitionem
3190 1196 3380 1253 velint.

1811 1312 1870 1355 ut
1901 1305 2318 1370 agnosceret,et«
2340 1310 2641 1367 agnoscens
2674 1293 2981 1364 paeniteret,
3015 1298 3072 1344 et
3104 1287 3404 1358 paenitens.

1810 1393 2134 1455 salvaretur,
2165 1389 2269 1444 hoc
2290 1387 2590 1443 ostendunt
2622 1401 2716 1456 per
2750 1384 3048 1441 somnium.
3103 1381 3380 1449 Apparent

1810 1482 1956 1537 enim
1997 1481 2051 1534 in
2083 1468 2269 1550 specie
2295 1494 2358 1533 ac
2388 1479 2582 1533 ordine
2602 1475 2871 1546 principis
2906 1472 3230 1541 Niciopolim
3263 1485 3382 1523 mo-

1811 1570 2079 1635 derantis,
2101 1569 2502 1638 exprobrantes
2530 1568 2685 1637 quasi
2728 1567 2793 1620 ad
2823 1565 3029 1635 Cyrum
3052 1561 3409 1618 etJoannem.

1811 1661 1879 1716 de
1901 1659 2286 1716 communione
2322 1658 2478 1714 facta:
2504 1657 2883 1713 conventionis
2917 1650 3380 1725 praevaricationi.

1812 1761 1867 1808 et
1888 1752 2136 1809 stabilire
2165 1751 2319 1806 illum
2354 1750 2530 1805 factas
2559 1751 2626 1805 ad
2655 1765 2715 1805 se
2743 1748 3066 1819 sponsiones
3097 1743 3389 1815 jubebant,

1810 1853 1864 1899 et
1890 1844 2261 1908 minabantur,
2295 1842 2341 1897 si
2379 1841 2444 1894 ad
2470 1841 2637 1894 alium
2667 1840 2809 1893 ultra
2836 1836 3173 1892 declinasset
3227 1845 3391 1887 σῖτος

1812 1949 1947 1989 rem.
1982 1933 2050 1987 At
2077 1933 2167 1988 ille
2194 1947 2320 1987 cum
2342 1932 2582 1987 Iresionis
2610 1930 2958 2001 cognovisset
2988 1940 3232 1990 causam,
3264 1938 3391 1980 sur-

1812 2040 1945 2096 gens
1985 2024 2343 2094 jurejurando
2400 2024 2609 2093 juravit
2660 2022 2890 2076 ulterius
2941 2034 3002 2073 se
3045 2032 3154 2072 non
3194 2014 3385 2079 verbo,

1811 2133 1923 2171 non
1978 2131 2142 2187 opere
2188 2114 2504 2184 hujusmodi
2542 2113 2673 2183 quid
2695 2119 2970 2174 acturum,
2995 2116 3050 2164 et
3079 2099 3388 2178 praeceden—

1815 2209 1947 2263 tium
1978 2206 2192 2262 veniam
2226 2204 2542 2276 postulavit.

1882 2344 2019 2398 Cum
2087 2354 2268 2398 autem
2329 2339 2533 2419 egregii
2594 2347 2863 2409 martyres
2922 2338 3067 2391 hunc
3123 2334 3390 2390 vidissent

1814 2434 2038 2489 ﬁrmiter
2093 2435 2466 2504 pollicentem,
2511 2442 2566 2486 et
2624 2430 2827 2485 virtute
2880 2428 3030 2483 omni
3092 2427 3268 2482 factas
3321 2426 3387 2481 ad

1814 2538 1872 2579 se
1926 2525 1993 2579 de
2044 2525 2148 2579 tide
2192 2523 2519 2593 sponsiones
2571 2520 2855 2576 custodire
2890 2519 3260 2580 festinantem,
3293 2518 3388 2571 ite-

1817 2628 1936 2668 rum
2000 2614 2078 2668 illi
2135 2616 2190 2668 in
2254 2613 2463 2668 somnis
2514 2618 2891 2680 apparuerunt
2960 2610 3118 2663 altari
3186 2607 3391 2661 Christi

1816 2705 2156 2770 assistentes,
2189 2712 2246 2760 et
2292 2704 2646 2759 incruentum
2692 2704 3025 2758 sacriﬁcium
3075 2700 3390 2761 otIerentes,

1818 2796 1884 2853 de
1926 2812 2035 2867 quo
2073 2797 2123 2852 ei
2175 2804 2231 2850 et
2280 2795 2544 2864 impertiti
2592 2802 2721 2849 sunt
2770 2793 2899 2848 dum
2946 2791 3225 2847 oﬂerrent.
3265 2789 3394 2845 Cui-

1817 2904 1923 2958 que
1974 2887 2403 2942 communicanti
2459 2901 2655 2942 rursus
2720 2884 3021 2939 Salvatoris
3083 2884 3407 2953 Sponsam..

1819 2978 2119 3033 Ecclesiam
2156 2978 2366 3032 scilicet
2393 2977 2774 3039 ostenderunt,
2813 2973 2980 3030 claris
3023 2973 3272 3028 vestibus
3301 2988 3396 3026 rn-

1818 3071 2086 3133 tilantem,
2134 3070 2487 3137 divinumque
2535 3076 2789 3122 ornatum
2872 3067 3160 3122 habentem
3232 3071 3396 3134 atque

141 3155 341 3218 κάλλος
361 3155 683 3209 ἀνείκαστον
705 3155 1023 3227 ἀνθρωπίνῃ
1055 3156 1204 3223 φωνῇ
1238 3153 1312 3224 μὴ
1342 3151 1600 3222 λεχθῆναι
1626 3150 1709 3203 δυ-

1820 3158 2256 3214 inzestimabilem
2302 3157 2792 3227 pulchritudinem,
2826 3172 2948 3228 qua:
2991 3158 3235 3211 humana
3264 3169 3397 3209 voce

143 3246 394 3313 νάμενον.
429 3246 585 3313 Ἤτις
610 3246 836 3299 ἐλθοῦσα
852 3246 988 3316 πρὸς
1016 3245 1076 3299 τὸ
1097 3244 1291 3298 σεπτὸν
1308 3241 1716 3312 θυσιαστήριον,

143 3336 310 3389 πάλιν
341 3337 432 3389 καὶ
454 3338 591 3407 αὑτὴ
622 3336 732 3390 τῶν
758 3336 1116 3407 ιπικειμένων
1137 3333 1375 3405 Χριστοῦ
1406 3331 1719 3402 μυστηρίων

142 3425 228 3496 τῷ
262 3427 517 3497 Στεφάνῳ
545 3425 782 3480 λαϐοῦσα
829 3427 1133 3498 μετέδωκεν
1166 3439 1180 3454 ·
1232 3426 1327 3478 καὶ
1372 3425 1485 3486 τοῖς
1545 3422 1720 3490 ἁγίοις

145 3516 444 3586 εἰρηκόσιν,
482 3516 673 3589 Ἀρκεῖ
693 3516 826 3570 αὐτὸ
853 3515 1003 3570 δοθὲν
1048 3515 1183 3583 πρὸς
1204 3513 1504 3578 τελείωσιν,
1548 3511 1721 3564 τοιού-

143 3624 261 3671 τοις
280 3607 612 3680 ἀπεκρίνατο
644 3610 883 3679 ῥήμασιν
907 3624 921 3639 ο
958 3606 1229 3676 Βούλομαι
1249 3603 1587 3676 περιττεύειν
1618 3606 1718 3655 αὑ-

142 3699 241 3752 τὸν
268 3702 377 3760 τοῖς
400 3699 565 3762 θείοις
593 3700 937 3771 δωρήμασιν,
959 3698 1055 3751 καὶ⁵
1081 3697 1240 3750 τοῦτο
1286 3696 1470 3747 πλεῖον
1503 3693 1609 3746 τῶν
1635 3694 1720 3746 δε-

142 3784 386 3854 δομένων
410 3785 741 3855 κομίσασθαι
772 3802 787 3818 ο
820 3785 929 3854 ἐγὼ
963 3785 1071 3856 γάρ
1102 3786 1264 3839 αὐτὸν
1291 3784 1561 3853 ἐδεξάμην
1624 3782 1719 3835 νῦν

144 3877 513 3949 φωτιζόμενον
536 3918 552 3943 ,
586 3880 679 3930 καὶ
709 3879 824 3942 υἱὸς
845 3878 976 3949 ἐμὸς
1000 3879 1108 3931 ἀπὸ
1126 3876 1220 3931 τοῦ
1240 3876 1504 3946 παρόντος
1521 3875 1718 3928 κεκλίιι

146 3984 322 4021 σεται.

220 4082 329 4135 Καὶ
354 4083 525 4135 ταῦτα
558 4083 695 4154 πρὸς
726 4084 852 4144 τοὺς
884 4082 1167 4153 μάρτυρας
1227 4081 1447 4147 λέξασα,
1486 4081 1721 4152 σταυρὸν

146 4173 377 4245 χρύσεον
420 4175 587 4237 λίθοις
627 4174 902 4241 διαυγέσιν
934 4175 1028 4227 καὶ
1059 4174 1260 4243 τιμίοις
1297 4174 1584 4243 λάμποντα
1612 4173 1720 4227 ἀπὸ

142 4264 243 4317 τοῦ
269 4265 539 4334 τραχήλου
564 4264 658 4316 τοῦ
680 4264 802 4316 νέου
826 4264 956 4334 περὶ
976 4263 1036 4317 τὸ
1070 4263 1268 4333 στῆθος
1293 4262 1562 4333 ᾑώρησεν,
1594 4262 1718 4316 τοῦ·

146 4372 240 4409 τον
270 4355 485 4423 φύλακα
515 4356 609 4407 τοῦ
638 4354 886 4417 δοθέντος
937 4355 1088 4425 αὐτῷ
1136 4353 1496 4425 παρασχοῦσα
1547 4354 1716 4422 φωτί-

149 4463 357 4515 σματος
392 4462 407 4477 ⁸
465 4447 546 4500 ὅτι
592 4447 696 4513 ἔξω
726 4447 1058 4518 προελθόντα
1108 4448 1204 4500 τοῦ
1234 4447 1379 4516 ἱεροῦ
1403 4448 1570 4500 τόπου
1625 4447 1717 4499 τὸν
1751 4460 1796 4516 ι)
1825 4459 1978 4506 stans
2012 4468 2027 4517 ;

145 4538 438 4604 Στέφανον,
473 4540 608 4608 μετά
637 4539 736 4609 τὴν
757 4542 857 4609 τῆς
884 4539 1270 4608 μυσταγωγίας
1317 4539 1533 4608 ἐκείνης
1583 4538 1721 4592 ἀπό-

146 4622 323 4691 λυσιν,
357 4629 655 4696 Λίγύπτιός
684 4647 770 4692 τις
798 4629 1040 4698 δυσειδὴς
1070 4630 1186 4699 ἅμα
1214 4632 1311 4683 καὶ
1339 4628 1585 4699 βέϐηλος,
1620 4631 1716 4682 ὲκ·

145 4717 295 4771 δύειν
326 4718 589 4788 ἠϐούλετο
612 4720 713 4789 τῆς
771 4720 1067 4788 ἐκκλησίας
1114 4719 1218 4783 ἔξω
1261 4707 1574 4789 γενόμενον,
1628 4721 1726 4774 καὶ

148 4808 284 4862 πολὺ
315 4812 701 4882 μαχησάμενος
728 4811 788 4864 οὐ
809 4811 1093 4883 δεδύνηται
1126 4828 1141 4843 ·
1174 4810 1310 4865 ἀλλὰ
1333 4811 1428 4865 καὶ
1456 4812 1718 4883 νικηθεὶς,

147 4901 232 4962 είς
263 4899 482 4970 βόθυνόν
512 4918 631 4955 τινα
654 4902 1104 4972 δυσκατάληπτον
1150 4903 1429 4966 πέπτωκε,
1489 4902 1720 4973 σταυροῦ

145 4990 398 5061 δηλονότι
437 4991 534 5046 τοῦ
558 4996 656 5062 τῆς
682 4994 838 5064 νίκης
859 4995 1084 5066 δοτῆρας
1137 4995 1231 5047 καὶ
1262 4994 1500 5064 φύλακος
1525 4996 1617 5047 τὸν
1644 4997 1723 5048 ot-

148 5086 296 5138 κεῑον
326 5088 709 5156 προσκυνητὴν
721 5087 882 5141 πάλιν
912 5085 1259 5158 ρωννύοντος,
1285 5087 1380 5139 καὶ
1407 5088 1565 5158 νίκην
1582 5088 1723 5142 κατά

147 5171 246 5227 τοῦ
280 5175 504 5238 σκότους
530 5176 883 5246 παρέχοντος.
920 5177 1055 5231 Μετ’
1084 5177 1146 5230 οὐ
1176 5177 1312 5229 πολὺ
1336 5176 1399 5229 δὲ
1430 5177 1530 5246 τῆς
1560 5177 1721 5247 νίκης

145 5267 180 5317 ὁ
209 5264 479 5334 Στέφανος
504 5266 601 5321 καὶ
631 5266 741 5327 τῶν
767 5267 1063 5338 ὀφθαλμῶν
1090 5267 1152 5320 τὸ
1206 5268 1395 5330 σκότος
1456 5266 1713 5333 ἀπέθετο,

143 5355 244 5411 καὶ
300 5356 397 5426 τῆς
449 5357 638 5425 ὑγείας
665 5358 971 5427 ἀπήλαυσε,
1022 5358 1196 5412 καὶτὸ
1221 5358 1337 5427 φῶς
1364 5358 1439 5421 ὡς
1472 5358 1529 5411 τὸ
1582 5359 1714 5429 πρὶν

148 5445 431 5513 ἐθεάσατο,
454 5447 679 5518 σερίδων
694 5449 808 5519 ὀπῷ
822 5449 957 5519 πρὸς
995 5447 1292 5520 θεραπείαν
1324 5448 1668 5520 χρησάμενος
1702 5466 1715 5481 ·

146 5536 351 5590 τούτων
371 5539 481 5610 γὰρ
515 5538 980 5609 έκχυματίζεσθαι
1026 5540 1119 5593 τὸν
1148 5539 1281 5593 ὀπὸν
1329 5542 1378 5593 oi
1443 5541 1720 5613 μάρτυρες

143 5627 214 5679 δι’
266 5628 560 5699 δραμάτων
603 5630 916 5684 ἐκέλευσαν.
968 5631 1079 5684 Καὶ
1134 5632 1226 5685 ἐπὶ
1243 5630 1419 5703 τούτῳ
1467 5633 1525 5685 δὲ
1557 5632 1720 5687 πάλιν

145 5718 271 5777 τοὺς
336 5720 606 5785 σωμάτων
659 5722 752 5775 καὶ
776 5720 961 5789 ψυχῶν
1013 5722 1231 5791 ἰατροὺς
1283 5721 1721 5793 ἀνυμνήσαντες,

1818 3250 1923 3303 dici
1948 3264 2053 3303 non
2082 3257 2324 3318 poterat;
2347 3264 2470 3318 qua:
2506 3249 2573 3302 ad
2599 3248 2913 3303 venerabile
2946 3248 3167 3303 veniens
3199 3247 3393 3308 altare.

1771 3382 1777 3388 .
1820 3341 2014 3395 iterum
2043 3351 2096 3396 et
2120 3343 2237 3411 ipsa
2299 3334 2579 3411 proposita
2608 3343 2812 3397 Christi
2867 3351 3089 3412 sumpta
3136 3341 3396 3411 mysteria

1821 3434 2096 3502 Stephano
2123 3435 2379 3502 prazbuit;
2405 3444 2459 3488 et
2479 3434 2793 3490 dicentibus
2814 3436 3023 3490 sanctis
3040 3436 3290 3490 sutIicere
3313 3435 3392 3488 illi

1817 3527 1959 3594 quod
1981 3526 2046 3578 ad
2067 3524 2453 3594 perfectionem
2475 3525 2645 3578 fuerat
2664 3524 3397 3595 attributum,hujuscemodi

1818 3616 2041 3669 verbum
2088 3614 2420 3684 respondit:
2456 3615 2595 3670 Volo
2626 3630 2749 3671 eum
2810 3616 3012 3671 divinis
3065 3615 3391 3671 muneribus

1819 3705 2115 3770 abundare,
2147 3714 2202 3757 et
2230 3706 2331 3759 hoc
2358 3705 2479 3774 plus
2507 3705 2592 3760 his
2624 3721 2745 3775 quae
2779 3706 2904 3760 data
2928 3715 3056 3760 sunt
3076 3713 3382 3775 asportare.

1822 3797 1931 3867 Ego
1957 3797 2103 3851 enim
2132 3812 2280 3851 nunc
2318 3812 2442 3851 emn
2468 3798 2599 3851 dum
2629 3798 3037 3852 illuminaretur
3068 3797 3309 3867 suscepi,
3340 3804 3397 3854 et

1819 3888 1960 3943 illius
1988 3905 2139 3944 meus
2167 3904 2198 3943 a
2229 3898 2470 3960 tempore
2497 3889 2750 3960 praesenti
2779 3890 3086 3944 vocabitur.

1792 4148 1793 4151 η
1887 4086 1955 4139 Ει
1985 4086 2070 4141 his
2100 4085 2166 4139 ad
2219 4093 2487 4156 martyres
2533 4085 2720 4151 dictis,
2755 4100 2976 4140 crucem
3026 4098 3252 4140 auream
3285 4084 3395 4140 ful-

1821 4177 1963 4247 gidis
2001 4164 2367 4247 pretiosisq'ue
2419 4176 2696 4247 lapidibus
2753 4186 3137 4232 coruscantem
3171 4193 3202 4232 ιι
3249 4176 3393 4232 collo

1815 4268 2034 4337 juvenis
2094 4271 2238 4322 circa
2292 4276 2481 4339 peetus
2541 4268 2864 4338 suspendit,
2925 4270 3067 4323 hanc
3128 4268 3393 4326 observa—

1822 4362 2009 4415 tricem
2069 4360 2485 4415 illuminationis
2539 4375 2661 4430 qua:
2713 4361 2793 4415 illi
2848 4362 2971 4415 data
3020 4361 3213 4416 fuerat;
3257 4375 3396 4431 pra:-

2112 4452 2241 4518 quia
2331 4466 2458 4507 cum
2536 4467 2567 4506 a
2639 4468 2799 4508 sacro
2862 4453 2981 4506 loco
3050 4460 3191 4522 post
3244 4453 3393 4507 illam

1823 4546 2068 4616 mysticae
2100 4545 2485 4600 celebrationis
2514 4545 2847 4600 solutionem
2903 4543 3215 4613 Stephanus
3269 4559 3396 4614 pro-

1821 4635 2096 4701 cessisset,
2120 4634 2403 4705 Egyptius
2433 4633 2657 4705 quidam
2687 4632 2888 4694 fmdus.
2922 4641 3085 4703 atque
3116 4633 3380 4703 pollutus,

1822 4726 2040 4781 volebat
2065 4742 2187 4782 eum
2222 4741 2446 4791 exuere,
2474 4740 2600 4781 cum
2632 4735 2788 4779 extra
2816 4726 3105 4781 ecclesiam
3132 4724 3273 4781 foret
3307 4725 3394 4780 in-

1823 4823 2040 4881 ventus,
2068 4822 2124 4871 et
2170 4816 2401 4870 multum
2451 4823 2737 4877 causatus,
2775 4813 2909 4868 nihil
2968 4813 3272 4883 prtevaluit,
3299 4815 3393 4870 sed

1822 4915 1876 4963 et
1906 4908 2086 4963 victus
2116 4909 2169 4962 in
2207 4907 2418 4964 foveam
2471 4907 2764 4977 quamdam
2792 4907 2878 4961 vix
2926 4906 3397 4976 comprehensibi-

1824 4998 1926 5056 lem
1974 4998 2195 5063 cecidit,
2222 5012 2388 5054 cruce
2433 4999 2685 5053 videlicet
2716 4997 2960 5052 victorian
2985 4998 3196 5052 datrice
3225 5005 3280 5052 et
3300 4998 3397 5052 ob-

1823 5088 2140 5152 servatrice,
2194 5088 2477 5157 proprium
2528 5088 2878 5141 adoratorem
2928 5086 3006 5153 ad.
3043 5086 3395 5141 luctationem

1822 5178 2133 5241 roborante.
2165 5188 2218 5233 et
2239 5180 2528 5234 victoriam
2558 5186 2749 5233 contra
2810 5178 3066 5234 tenebras
3099 5178 3393 5233 tribuente.

1824 5266 1994 5322 Paulo
2023 5277 2149 5338 post
2186 5270 2501 5335 victoriam,
2543 5270 2857 5339 Stephanus
2886 5281 2942 5325 et
2978 5270 3236 5325 tenebras
3260 5284 3397 5324 ocu-

1825 5358 1999 5410 lorum
2032 5357 2254 5427 abjecit,
2277 5366 2331 5413 et
2353 5358 2589 5413 sanitate
2612 5358 2820 5427 potitus
2847 5364 3030 5423 est,‘et
3076 5357 3257 5410 lumen
3318 5356 3396 5410 si-

1822 5456 1914 5502 cut
1960 5456 2120 5503 antea
2169 5447 2325 5511 vidit,
2363 5449 2675 5519 intybarum
2725 5462 2895 5503 succo
2928 5446 2995 5501 ad
3055 5445 3421 5525 curationem.

1824 5556 1993 5606 usus;
2018 5556 2083 5594 ex
2114 5541 2199 5595 his
2220 5542 2363 5596 enim
2384 5540 2588 5595 elicere
2610 5556 2842 5596 succum
2872 5550 3141 5610 martyres
3166 5538 3227 5592 in
3247 5551 3396 5593 som-

1823 5631 2239 5702 nisjusserunt.
2269 5630 2336 5686 Et
2389 5633 2443 5685 in
2491 5632 2593 5686 hoc
2624 5632 2824 5688 iterum
2866 5646 3159 5701 corporum
3191 5638 3248 5686 et
3271 5629 3395 5685 ani-

1825 5738 2034 5777 marum
2066 5722 2295 5780 medicis
2322 5722 2668 5789 collaudatis,
2701 5732 2762 5780 et'
2778 5738 2943 5793 super
3005 5723 3105 5778 hos
3148 5720 3399 5785 Christo,
