4002 6312
574 323 674 385 3ἱῦ
687 322 711 385 1

1455 327 1513 387 S.
1554 326 1976 387 SOPHRONII
2016 310 2521 390 PATBIARCHE
2553 330 2960 393 HIEROSOL.

3695 331 3846 398 3572

578 441 672 510 qui
710 456 809 511 per
840 457 935 497 eus
964 450 1221 511 operatus
1253 450 1337 496 est
1375 444 1685 509 sanitatem,
1709 443 1776 497 ad
1811 444 1973 498 aliam
2000 443 2147 499 sani-

2248 446 2344 497 καὶ
2395 445 2499 515 πρό
2550 462 2612 513 γε
2672 446 2879 500 τούτων
2932 447 3168 517 Χριστὸν
3232 450 3323 502 τὸν
3370 449 3438 503 δι’
3467 450 3654 504 αὐτῶν
3683 454 3815 524 ἐνερ

576 541 743 588 tatem
788 540 843 587 et
881 534 1110 587 alterius
1148 534 1466 589 relationem
1520 535 1771 589 miraculi
1805 535 2141 604 gradiamur.

917 768 1154 825 XXXIX.
1183 771 1258 825 De
1294 773 1449 857 Peer
1474 772 1795 844 paralytico.

637 908 904 974 Quoniam
933 909 987 962 in
1022 910 1274 979 utrisque
1308 911 1589 967 miraculis
1622 922 1676 967 et
1731 911 1993 982 prodigiis
2023 927 2146 981 qua

565 1010 1065 1069 praecesseruntmt
1100 1003 1553 1059 enarrationibus
1587 1020 1707 1074 quae
1735 1019 1766 1058 a
1797 1005 1956 1059 nobis
1987 1014 2144 1059 antea

566 1092 728 1147 dicta:
763 1101 915 1156 sunt,
940 1093 1066 1163 Cyri
1094 1101 1260 1162 atque
1307 1086 1538 1149 Ioannis
1592 1104 1909 1151 sanctorum
1938 1103 2147 1166 marty-

564 1200 687 1237 rum
738 1185 807 1239 de
851 1186 956 1239 ﬁde
1005 1186 1281 1243 sententia
1331 1187 1548 1248 claruit.
1584 1187 1802 1255 etquod
1863 1188 2146 1242 catholicas

564 1276 1011 1347 praedicationem
1038 1277 1297 1333 Ecclesiae
1340 1278 1545 1341 colant,
1573 1278 1845 1348 huiusque
1894 1294 2143 1331 cutnmn-

566 1372 783 1425 nionem
850 1370 1275 1441 amplectantur,
1317 1384 1413 1439 per
1465 1371 1755 1425 sanitatem
1821 1384 2010 1423 eorum
2048 1368 2141 1437 qui

565 1463 727 1516 modo
772 1463 1187 1517 commemorati
1239 1471 1369 1518 sunt
1422 1472 1593 1532 patet,
1638 1456 1859 1532 dignun:
1903 1461 2143 1516 arbitror

561 1570 685 1607 esse
714 1554 857 1609 Petri
879 1570 1099 1623 quoque
1133 1556 1450 1610 uieuioriam
1498 1554 1698 1617 facere,
1733 1569 1894 1624 quem
1935 1552 2140 1622 egregii

564 1653 832 1713 martyres
864 1659 988 1698 cum
1028 1650 1191 1699 set-tm
1222 1644 1465 1712 priorum
1502 1652 1667 1706 esset,
1683 1644 1749 1698 ad
1782 1642 2142 1696 sanctissimae

563 1733 750 1787 venire
778 1734 1222 1791 communionem
1257 1733 1513 1789 Ecclesiae
1535 1741 1833 1802 coegerunt
1853 1749 1868 1799 ;
1887 1732 2139 1803 quamvis

2249 536 2449 604 γοῦντα
2472 538 2568 608 τὴν
2596 537 2760 601 ἴασιν,
2804 539 2940 609 προς
2969 540 3133 611 ἄλλην
3186 542 3333 593 ἴασιν
3370 545 3463 595 καὶ
3509 544 3702 613 ἑτέρου
3749 546 3839 597 διι-

2250 630 2448 698 ήγησιν
2475 628 2751 699 θαύματος
2786 630 2973 699 ἴωμεν.

2526 764 2638 817 ΛΘ.
2686 765 2825 832 Περὶ
2856 766 3081 832 Πέτρου
3114 766 3218 819 τοῦ
3260 766 3547 834 παρέτου.

2331 899 2662 968 Ἐπειδήπερ
2693 900 2752 951 ἐν
2781 899 2949 969 ἄμφω
2986 904 3097 964 τοῖς
3124 901 3457 971 προλαϐοῦσι
3493 894 3736 972 θαύμασί
3766 922 3830 957 τε
3861 894 3877 907 ’

2246 991 2339 1044 καὶ
2371 990 2562 1061 τέρασι
2597 993 2691 1045 καὶ
2718 994 2829 1056 τοῖς
2882 993 2990 1062 πρὸ
3015 996 3222 1046 τούτων
3273 994 3544 1064 λεχθεῖσιν
3575 997 3708 1065 ἡμῖν
3750 997 3829 1049 δι-

2243 1085 2353 1153 ηγή
2363 1101 2526 1153 μασιν
2553 1085 2585 1154 ή
2610 1085 2737 1152 περὶ
2763 1085 2998 1148 πίστεως
3024 1084 3217 1155 γνώμη
3240 1086 3421 1156 Κύρου
3448 1088 3546 1141 καὶ
3579 1088 3831 1143 Ἰωάννου

2244 1175 2351 1228 τῶν
2373 1175 2545 1242 ἁγίων
2571 1174 2866 1245 μαρτύρων
2886 1175 3204 1246 δεδήλωται.
3233 1176 3328 1230 καὶ
3356 1176 3430 1240 ὡς
3476 1181 3579 1248 τῆς
3609 1178 3829 1232 καθολι-

2250 1266 2353 1335 κῆς
2388 1264 2715 1333 Ἐκκλησίας
2735 1265 2795 1317 τὸ
2826 1266 3086 1334 κήρυγμα
3109 1265 3377 1331 σέϐουσιν,
3392 1267 3603 1335 καὶ-τὴν
3619 1269 3828 1339 ταύτης

2244 1356 2529 1411 κοινωνίαν
2588 1356 2946 1422 ἀσπάζονται,
2994 1357 3083 1410 διὰ
3103 1356 3205 1426 τῆς
3238 1359 3433 1420 ἰάσεως
3463 1357 3575 1410 τῶν
3610 1375 3825 1428 μνημο-

2241 1446 2538 1501 νευθέντων
2571 1448 2773 1519 ἀρτίως
2809 1446 3230 1516 γιγνώσκονται,
3260 1447 3433 1514 ἄξιον,
3460 1443 3642 1518 οἶμαι,
3692 1453 3827 1502 καθ-

2243 1539 2444 1608 έστηκε
2474 1540 2569 1593 καὶ
2589 1540 2798 1610 Πέτρου
2826 1540 3048 1611 μνήμην
3074 1539 3429 1609 ποιήσασθαι,
3462 1539 3520 1592 ὃν
3549 1541 3597 1593 oi
3625 1540 3825 1593 θεσπέ-

2244 1646 2348 1682 σιοι
2385 1631 2661 1700 μάρτυρες
2710 1629 2808 1699 τῆς
2840 1629 2950 1681 τῶν
2983 1628 3083 1700 πρὸ
3117 1629 3284 1697 αὐτοῦ
3317 1629 3473 1698 δόξης
3504 1630 3825 1700 ὑπάρχοντα

2243 1720 2382 1792 πρὸς
2397 1727 2499 1791 τὴν
2526 1720 2626 1788 τῆς
2644 1720 2954 1790 ἁγιωτάτης
2994 1719 3317 1790 Ἐκκλησίας
3332 1721 3507 1774 ἐλθεῖν
3533 1722 3823 1775 κοινωνίαν

562 1824 667 1876 hoc
691 1839 800 1877 non
848 1826 900 1878 in
933 1827 1243 1896 exemplum
1276 1826 1574 1892 tribuatur,
1604 1826 1697 1881 sed
1730 1826 1801 1881 ob
1845 1825 2133 1881 utilitatem

2239 1813 2572 1884 ἠνάγκασαν.
2613 1812 2723 1866 Καὶ
2747 1813 2796 1864 εί
2826 1810 2901 1882 μὴ
2931 1811 3132 1864 σκοπὸν
3152 1812 3311 1865 τοῦτο
3332 1812 3659 1883 ποιούμεθα,
3687 1813 3825 1868 ἀλλὰ

569 1913 1049 1981 prevaricatorum
1080 1917 1330 1973 ecclesiae
1347 1916 1710 1979 concedatur,
1727 1923 1786 1970 ut
1815 1916 1906 1971 isti
1937 1930 2136 1976 secuti,-

561 2006 690 2058 dum
706 2005 836 2061 illud
854 2007 1130 2076 eloquium
1158 2007 1212 2062 in
1237 2024 1332 2063 ore
1360 2008 1593 2063 duorum
1616 2009 1696 2063 vel
1714 2009 1880 2062 trium
1910 2007 2133 2062 testium

563 2095 745 2150 omnis
777 2088 931 2151 verbi
985 2107 1188 2153 statum
1237 2107 1659 2168 cognoscentes,
1717 2112 1865 2153 nunc
1914 2111 2135 2168 quoque

561 2188 849 2243 veritatem
880 2187 1151 2254 ediscant,
1191 2198 1247 2243 et
1264 2188 1503 2260 propriis
1530 2188 1777 2246 dimissis
1807 2189 2132 2255 haeresibus,

561 2278 628 2331 ad
652 2278 955 2333 Salvator-is
976 2280 1247 2335 accedant
1272 2281 1585 2345 ecclesiam,
1605 2288 1792 2353 typum
1815 2288 2132 2335 sanctorum

560 2377 876 2437 sequentes,
905 2379 959 2424 et
985 2369 1053 2425 ab
1087 2370 1167 2425 eis
1195 2369 1474 2426 Christum
1506 2372 1807 2427 discentes.
1839 2369 2132 2439 Propterea

558 2453 703 2506 enim
736 2463 791 2507 et
815 2469 910 2509 eos
946 2455 1037 2526 qui
1088 2455 1269 2509 adhuc
1299 2457 1627 2526 superstites
1685 2466 1835 2517 sunt,
1867 2465 1921 2510 et
1951 2471 2130 2510 aerem

560 2546 724 2599 istttm
751 2547 1023 2602 visibilem
1058 2549 1272 2618 spirant
1306 2549 1652 2614 adducimus,
1675 2557 1732 2601 ut
1762 2548 1807 2601 si
1835 2548 1991 2603 nobis
2020 2563 2129 2601 non

557 2636 792 2690 credunt
836 2636 1165 2702 dicentibus,
1214 2638 1340 2693 illos
1373 2640 1729 2710 interrogent,
1756 2648 1810 2691 et
1838 2638 1906 2692 ab
1934 2640 2014 2693 eis
2045 2655 2134 2693 ve-

560 2727 781 2782 ritatem
807 2729 1075 2785 ediscant.
1099 2728 1379 2784 Sufllcient
1401 2731 1602 2801 quippe
1620 2729 1781 2786 nobis
1808 2731 1875 2784 ad
1910 2746 2129 2786 omnem

558 2818 906 2874 rectitudinis
933 2820 1336 2884 certitudiuem,
1384 2830 1705 2891 praestantes
1732 2822 1971 2876 favorem
1994 2837 2134 2876 mar-

559 2921 731 2980 tyres,
758 2917 813 2965 et
842 2911 1164 2971 vacillantes
1204 2912 1363 2977 ,circa
1388 2914 1606 2984 pietatis
1659 2915 2025 2985 cognitionem
2074 2917 2130 2971 in

556 3015 716 3055 camo
764 3009 818 3057 et
864 3002 1018 3059 freno
1053 3003 1524 3060 circumferentes.
1561 3005 1667 3061 Sed
1704 3008 1768 3059 ad
1793 3007 2127 3076 propositum

556 3091 865 3157 veniamus,
895 3102 949 3148 et
974 3095 1080 3150 hoc
1110 3095 1308 3151 iterum
1340 3098 1601 3166 operibus
1633 3098 1767 3168 ipsis
1797 3100 1957 3154 etiam
1983 3114 2128 3153 nunc

555 3184 931 3259 ostendamus.
964 3186 1141 3246 Porro
1180 3189 1507 3260 principium
1574 3190 1740 3261 hujus
1795 3192 2128 3248 narrationis

556 3274 720 3331 istinc
749 3275 1040 3336 faciamus.

629 3528 922 3587 Heraclide
948 3533 1153 3601 praedio
1191 3533 1386 3591 Petrus
1405 3545 1547 3600 erat,
1578 3540 1724 3609 quod
1765 3540 1962 3597 stadiis
1988 3556 2127 3611 qua-

555 3619 858 3675 tuordecim
896 3638 926 3675 a
958 3634 1271 3679 sanctorum
1328 3628 1528 3697 teutplo
1562 3628 1825 3695 distabat,
1859 3639 1915 3685 et
1943 3630 2124 3687 disso-

553 3710 780 3766 lutionis
812 3712 1047 3771 habebat
1075 3716 1394 3789 languorem
1453 3736 1518 3776 ex
1567 3737 1764 3792 magna
1808 3721 2127 3779 infirmitate

552 3812 897 3873 generatum,
922 3807 1197 3864 nolentem
1232 3812 1479 3880 recipere
1511 3814 1805 3868 terminum
1843 3815 1945 3870 nisi
1977 3813 2124 3871 Petri

555 3904 787 3951 mortem
840 3898 1088 3965 vidisset,
1118 3912 1171 3955 et
1196 3917 1305 3956 una
1334 3917 1458 3956 cum
1488 3919 1554 3959 eo
1584 3915 1998 3960 monumentum
2033 3922 2127 3977 ap-

553 3988 1003 4058 propinquasset.
1030 3991 1234 4046 Verum
1277 3993 1344 4047 ad
1372 3994 1575 4064 Cyrum
1606 4004 1660 4049 et
1684 3994 1948 4052 Joannem
1980 4012 2124 4051 mar-

542 4086 725 4165 tyres,
749 4094 816 4136 ac
844 4096 940 4152 per
966 4096 1064 4137 eos
1094 4082 1160 4136 ad
1193 4082 1493 4141 Ecclesiam
1526 4084 1874 4151 catholicam,
1892 4093 1947 4141 et
1963 4085 2124 4142 fidem

550 4172 913 4227 orthodoxam
942 4172 1192 4236 veniens,
1219 4182 1345 4227 ante
1395 4182 1625 4229 mortem
1669 4176 1986 4244 languorem
2029 4176 2126 4231 de—

549 4265 758 4335 posuit,
789 4272 845 4318 et
876 4271 1005 4319 ante
1032 4275 1446 4321 monumentum
1479 4266 1767 4323 exitiosam
1798 4267 2077 4339 paralysin
2104 4254 2131 4333 ξ

548 4357 784 4410 veritate
816 4371 1056 4426 namque
1104 4358 1240 4412 nihil
1266 4369 1354 4414 est
1391 4358 1592 4415 fortius
1620 4360 1766 4414 sicut
1821 4357 2124 4415 Zorobabel

2235 1905 2323 1960 διὰ
2344 1904 2441 1975 τὴν
2457 1904 2567 1958 τῶν
2590 1904 3038 1958 ὰποστατούντων
3061 1905 3161 1974 τῆς
3187 1905 3514 1974 Ἐκκλησίας
3526 1905 3821 1975 ὠφέλειαν,

2236 1998 2303 2052 ἶν’
2355 1992 2503 2051 οὗτοι
2553 1996 2697 2050 κατὰ
2738 1997 2798 2050 τὸ
2826 1996 3008 2065 λόγιον
3051 1995 3145 2048 ἐπὶ
3169 1995 3436 2067 στόματος
3459 1996 3613 2065 δύοῆ
3647 1997 3820 2068 τριῶν

2239 2089 2533 2161 μαρτύρων
2569 2088 2769 2152 παντὸς
2799 2089 3045 2159 ῥήματος
3075 2089 3175 2156 τὴν
3206 2089 3395 2143 στάσιν
3426 2087 3816 2156 γινώσκοντες,

2234 2183 2331 2236 καὶ
2356 2181 2451 2234 νῦν
2481 2181 2875 2251 μεταμὰθωσιν
2906 2181 3006 2252 τὴν
3043 2180 3324 2247 ἀλήθειαν,
3353 2183 3448 2234 καὶ
3476 2180 3579 2243 τὰς
3608 2181 3816 2243 οἰκείας

2234 2271 2473 2340 αἱρέσεις
2507 2271 2787 2336 ἐάσαντες,
2809 2272 2876 2340 τῇ
2905 2270 3001 2324 τοῦ
3023 2254 3273 2341 Σωτῆρος
3313 2271 3613 2341 Ἐκκλησία
3644 2288 3814 2342 προσ-

2234 2361 2480 2428 έλθωσιν,
2535 2360 2610 2432 τῷ
2655 2360 2844 2430 σκοπῷ
2891 2360 3000 2414 τῶν
3038 2360 3211 2430 ἁγίων
3258 2362 3533 2430 ἑπόμενοι,
3557 2362 3653 2414 καὶ
3680 2361 3816 2431 πρὶς

2234 2452 2413 2506 αὐτῶν
2440 2452 2502 2506 τὸ
2531 2451 2769 2523 χρηστὸν
2803 2449 3194 2521 διδασκόμενοι.
3233 2452 3334 2504 Διὰ
3367 2452 3525 2505 τοῦτο
3553 2452 3665 2521 γὰρ
3725 2455 3819 2503 καὶ

2231 2544 2360 2609 τοὺς
2422 2544 2502 2598 ἔτι
2559 2546 2699 2598 κατὰ
2747 2544 2836 2597 τὸν
2894 2542 3007 2613 βίον
3074 2543 3417 2615 ὑπάρχοντας
3444 2545 3539 2597 καὶ
3562 2545 3656 2597 τὸν
3678 2546 3818 2614 ἀέρι

2232 2635 2420 2690 τοῦτον
2441 2635 2535 2689 τὸν
2559 2634 2837 2706 ὁρώμενον
2865 2634 3133 2698 πνέοντας
3184 2635 3445 2704 φέρομεν,
3518 2635 3608 2687 ἵνα
3653 2637 3818 2706 εἰπερ

2232 2728 2363 2798 ήμῖν
2388 2727 2765 2796 ἁπιστήσωσιν
2790 2725 3065 2794 λέγουσιν,
3090 2726 3328 2789 ἐκείνους
3363 2726 3562 2789 αὐτοὺς
3599 2727 3815 2796 ἐρωτή-

2234 2835 2420 2882 σωσιν,
2450 2818 2544 2872 καὶ
2568 2819 2699 2889 παρ’
2733 2818 2911 2872 αὐτῶν
2947 2817 3046 2889 τὴν
3068 2818 3330 2887 ἀλήθειαν
3381 2816 3648 2886 μάθωσιν.
3682 2817 3818 2888 Ἀρ-

2232 2909 2455 2963 κέσουσι
2486 2908 2598 2979 γὰρ
2636 2909 2771 2978 ἡμῖν
2803 2908 2940 2979 πρὸς
2974 2909 3155 2961 πᾶσαν
3192 2906 3481 2978 ὀρθότητος
3541 2909 3817 2960 πίστωσιν

2233 2999 2655 3070 συνηγοροῦντες
2673 3000 2723 3052 οἱ
2752 2998 3051 3069 μάρτυρες,
3084 2999 3180 3052 καὶ
3200 2999 3326 3062 τοὺς
3358 2999 3657 3062 σκάζοντας
3676 3001 3820 3069 πρὶς
3899 3052 3905 3056 .

2229 3093 2330 3161 τὴν
2366 3091 2465 3161 τῆς
2491 3089 2775 3154 εὐσεϐείας
2811 3089 3107 3158 ἐπίγνωσιν
3155 3090 3214 3142 ἐν
3246 3087 3410 3159 κημῷ
3444 3089 3540 3141 καὶ
3606 3086 3819 3157 χαλινῷ

2238 3182 2635 3253 μεταφέροντες
2663 3197 2680 3214 ο
2720 3180 2835 3235 ἀλλ’
2866 3181 2959 3233 ἐπὶ
2988 3181 3049 3233 τδ
3103 3180 3463 3250 προκείμενον
3497 3178 3818 3231 ἐπανέλθω-

2237 3292 2357 3345 μεν,
2385 3273 2659 3328 καὶτοῦτο
2701 3275 2864 3328 πάλιν
2884 3274 2953 3327 δι’
3004 3272 3181 3344 ἔργων
3212 3273 3307 3325 καὶ⁵
3342 3270 3438 3324 νῦν
3482 3269 3663 3322 αὐτῶν
3694 3272 3820 3322 ἐπι-

2233 3366 2496 3436 δείξωμεν
2532 3382 2547 3396 ο
2609 3364 2709 3436 τὴν
2760 3364 2933 3436 ἀρχὴν
2958 3363 3013 3418 δὲ
3040 3362 3139 3434 τῆς
3167 3361 3358 3415 τούτου
3389 3360 3695 3431 διηγήσεως
3735 3363 3818 3411 ὲν-

2234 3455 2387 3509 θένδε
2413 3456 2753 3525 ποιήσωμεν.
2836 3484 2847 3491 -

2316 3547 2635 3617 Ἡρακλείου
2680 3546 2769 3599 τοῦ
2827 3547 3104 3618 κτήματος
3160 3546 3188 3597 ὁ
3239 3544 3445 3615 Πέτρος
3492 3542 3816 3613 ἐτύγχανεν,

2234 3642 2263 3695 ὅ
2316 3640 2551 3701 σταδίοις
2599 3638 2731 3691 δέκα
2784 3639 2877 3690 καὶ
2930 3637 3150 3706 τέτρασι
3195 3633 3291 3709 τού
3332 3633 3438 3686 νεὼ
3468 3633 3578 3686 τῶν
3637 3633 3816 3700 ἁγίων

2235 3731 2549 3798 διέστηκενο
2606 3727 2701 3780 καὶ
2751 3727 2981 3796 πάρεσιν
3019 3720 3132 3795 εἶχε
3177 3723 3239 3776 τὸ
3268 3725 3483 3793 νόσημα
3533 3725 3597 3775 ἐκ
3634 3723 3816 3791 μεγά-

2233 3820 2330 3888 λης
2381 3814 2663 3877 ἀσθενείας
2714 3815 3026 3883 γενόμενον,
3060 3813 3110 3864 εί
3166 3811 3241 3881 μὴ
3300 3811 3508 3880 Πέτρου
3556 3808 3815 3860 θεάσοιτο

2235 3910 2486 3972 θάνατον,
2522 3908 2616 3960 καὶ
2652 3905 2748 3958 σὺν
2779 3904 2928 3975 αὐτῷ
2959 3904 3186 3958 πελάσει
3232 3902 3310 3972 τῷ
3352 3901 3617 3972 μνήματι.
3662 3899 3812 3952 ’Δλὶθ

2232 4004 2313 4063 είς
2343 4000 2525 4069 Κῦρον
2570 3996 2739 4051 ἐλθὼν
2778 3997 2871 4049 καὶ
2924 3995 3179 4066 Ἰωάννην
3206 3995 3334 4056 τοὺς
3362 3993 3670 4063 μάρτυρας,
3712 3993 3811 4045 καὶ

2232 4090 2300 4145 δι’
2329 4090 2508 4144 αὐτῶν
2533 4090 2614 4151 είς
2649 4086 2979 4154 Ἐκκλησίαν
2996 4084 3285 4155 καθολικὴν
3314 4084 3409 4136 καὶ
3445 4083 3629 4136 πίστιν
3650 4083 3811 4153 ὀρθό-

2231 4184 2383 4250 δοξον
2412 4181 2518 4255 πρὸ
2537 4181 2769 4236 θανάτου
2793 4181 2892 4248 τὴν
2920 4179 3075 4233 νόσον
3094 4176 3383 4238 ἀπέϐαλεν.
3408 4177 3503 4231 καὶ
3525 4175 3633 4246 πρὸ
3667 4179 3809 4245 μνή-

2236 4290 2403 4346 ματος
2454 4273 2555 4343 τὴν
2589 4272 2834 4342 ὀλέθριον
2875 4270 3138 4339 πάρεσιν·
3188 4265 3448 4338 ἀληθείας
3493 4264 3606 4334 γὰρ
3651 4264 3809 4316 οὐδὲν

2236 4365 2585 4439 ἰσχυρότερον
2608 4403 2623 4428 ,
2656 4362 2734 4423 ώς
2775 4362 2808 4431 ὴ
2852 4358 2948 4415 τοῦ
2977 4355 3281 4431 Ζοροσάϐελ
3317 4357 3559 4411 δείκνυσι
3597 4357 3803 4427 φρόνη-

549 4446 795 4503 ostendit
843 4447 1165 4517 prudentia,
1214 4464 1336 4519 qua‘.
1398 4449 1718 4508 caelestibus
1766 4447 2124 4505 conﬁrmatur

2239 4472 2339 4522 σις,
2378 4454 2480 4524 τῆς
2516 4454 2630 4516 τοῖς
2674 4451 2945 4521 οὐρανίοις
2994 4446 3404 4520 κρατυνομένης
3447 4445 3804 4517 κηρύγμασι,

549 4540 1057 4609 praedicationibus,
1094 4552 1148 4597 et
1178 4540 1480 4597 Ecclesium
1515 4549 1700 4597 servat
1727 4556 1945 4612 semper
1972 4542 2125 4597 insu-

551 4633 873 4699 perabilem,
909 4636 1086 4705 portis
1140 4637 1355 4690 scilicet
1395 4649 1742 4704 nequaquam
1802 4633 2124 4690 inclinatam

549 4723 920 4795 infernique
941 4736 1069 4782 sunt
1104 4728 1342 4781 hmreses
1367 4726 1496 4780 odio
1527 4725 1804 4783 Christum
1837 4726 2125 4792 habentes,

551 4823 606 4872 et
654 4816 858 4873 inferni
916 4819 1172 4875 faucibus
1234 4819 1638 4883 ministrantes,
1666 4830 2005 4889 cunctosque
2046 4818 2125 4872 la-

551 4924 683 4981 psos
716 4910 884 4981 hujus
908 4920 1066 4966 utero
1091 4911 1248 4968 facile
1279 4912 1743 4973 transmittentes.

623 4998 762 5055 Huic
802 5002 948 5056 enim
989 5001 1279 5057 dormienti
1315 5001 1420 5055 [ide
1445 5001 1837 5057 ferventissimi
1857 5010 2129 5071 martyres

551 5092 898 5156 assisteutes,
933 5104 1219 5148 mansuete
1261 5094 1423 5150 simul
1455 5103 1512 5150 et
1566 5095 1760 5154 leniter
1818 5094 2122 5164 disputant.

554 5181 649 5238 Vis
665 5184 1201 5250 euim,asserebaut,
1234 5185 1473 5242 sanitate
1509 5186 1718 5257 perfrui
1747 5195 1801 5241 et
1835 5186 2126 5242 incolumi-

552 5282 685 5333 tate.
715 5277 929 5332 etbanc
958 5277 1254 5346 pessimam
1279 5277 1527 5333 omnium
1559 5278 1938 5333 infirmitatem
1989 5276 2126 5331 effu-

547 5370 722 5434 gere?
758 5371 829 5421 At
867 5368 960 5423 ille
1000 5376 1251 5438 prompte
1284 5369 1718 5440 interrogatione
1771 5380 1994 5437 accepta
2047 5370 2129 5424 la-

540 5457 659 5522 ,biis
684 5457 915 5525 dixit,et
945 5459 1125 5529 capite
1158 5461 1260 5515 hoc
1294 5463 1530 5518 iunueus
1562 5462 1843 5523 indicavit,
1875 5460 2125 5517 manibus

549 5564 681 5603 vero
730 5551 895 5606 motis
944 5551 1089 5606 sicut
1151 5559 1368 5622 poterat
1425 5552 1646 5606 modum
1707 5551 2124 5621 supplicationis

551 5642 912 5696 monstrabat.
944 5641 1210 5713 Martyres
1239 5652 1423 5698 autem
1456 5658 1582 5699 cum
1618 5643 1885 5699 vidissent
1905 5660 2029 5698 eum
2057 5645 2122 5696 ad

553 5731 836 5787 utilitatem
857 5732 1138 5801 anhelare.
1168 5736 1482 5800 huiusmodi
1503 5736 1551 5791 ci
1578 5736 1854 5809 optionem
1888 5744 2121 5812 prtclcuo

2228 4549 2323 4607 xci.
2350 4547 2451 4618 τὴν
2491 4544 2821 4614 Ἐκκλησίαν
2842 4542 2933 4596 ἁεὶ
2958 4540 3234 4612 τηρούσης
3248 4540 3545 4610 ἀήττητον,
3576 4541 3672 4590 καὶ
3700 4537 3803 4590 πύ-

2227 4640 2347 4702 λαις
2371 4637 2501 4711 ᾇδου
2548 4634 2813 4706 μηδαμῶς
2847 4632 3263 4696 ὐποκλίνουσαν,
3315 4631 3518 4694 αἵτινες
3559 4629 3803 4699 αἱρέσεις

2228 4732 2363 4784 εἰσιν
2393 4731 2449 4783 αί
2475 4727 2842 4800 μισόχριστοι,
2874 4728 2943 4796 τῇ
2975 4723 3067 4777 τοῦ
3090 4723 3223 4794 ᾆδον
3259 4721 3679 4792 διακονούμεναι
3701 4720 3800 4788 φά-

2232 4836 2414 4895 ρυγγι,
2450 4820 2545 4873 καὶ
2594 4817 2811 4878 πάντως
2839 4813 3096 4885 εὐμαρῶς
3142 4815 3270 4877 τοὺς
3315 4812 3688 4885 ἐμπίπτοντας
3734 4812 3797 4881 τῇ

2226 4912 2417 4987 τούτου
2444 4909 2647 4979 γαστρὶ
2674 4907 3161 4981 παραπέμπουσαι.
3528 4926 3533 4931 ·

2298 5001 2487 5072 Τούτῳ
2514 5001 2626 5071 γὰρ
2648 5000 2698 5052 oi
2726 5001 2794 5069 τῇ
2832 4998 3013 5051 πίστει
3040 4996 3366 5068 θερμότατοι
3395 4993 3671 5065 μάρτυρες
3698 5008 3801 5044 πα-

2231 5093 2529 5167 ραστάντες
2575 5088 2911 5156 καθεύδοντι,
2964 5089 3158 5161 πράως
3210 5085 3345 5156 ὁμοῦ
3373 5085 3470 5139 καὶ
3513 5084 3802 5155 προσηιῶς

2228 5185 2588 5254 διαλέγονται.
2614 5181 2802 5236 Βούλει
2843 5183 2974 5253 γὰρ,
3021 5180 3282 5265 ἔφασκον,
3312 5179 3416 5248 τῆς
3449 5177 3637 5245 ὑγείας
3662 5176 3800 5227 ἀπο-

2226 5277 2427 5339 λαῦσαι
2450 5277 2545 5330 καὶ
2571 5274 2810 5347 ῥώσεως,
2838 5273 2936 5327 καὶ
2956 5272 3165 5342 ταύτην
3191 5272 3383 5341 φυγεῖν
3404 5269 3505 5338 τὴν
3535 5266 3800 5333 κακίστην

2228 5373 2446 5426 πάντων
2486 5368 2805 5433 ἁσθὲνειανς
2849 5366 2909 5420 '0
2953 5365 3011 5418 δὲ
3061 5363 3356 5434 προθύμως
3385 5358 3801 5430 προσηκάμενος

2225 5464 2324 5534 τὴν
2397 5460 2698 5532 ἐρώτησιν,
2760 5459 2890 5522 Ναὶ,
2921 5460 3034 5520 τοῖς
3085 5456 3320 5526 χείλεσιν
3380 5453 3640 5523 εἴρηκεν,
3710 5449 3798 5499 καὶ

2226 5558 2291 5624 τῇ
2355 5552 2566 5622 κεφαλῇ
2634 5550 2794 5604 τοῦτο
2853 5548 3051 5612 νεύσας
3112 5549 3412 5619 ἐμήνυσενο
3481 5546 3671 5615 χεῖρας
3740 5538 3797 5593 δὲ

2228 5645 2393 5699 κινῶν
2447 5644 2523 5707 ὡς
2579 5642 2830 5713 ἠδύνατο,
2868 5643 2959 5696 τὸν
2997 5644 3098 5713 τῆς
3149 5639 3389 5703 ἱκετείας
3427 5638 3633 5708 τρόπον
3666 5633 3796 5688 ἐδεί-

2229 5754 2407 5790 κνυεν.
2442 5737 2502 5789 Οἱ
2532 5736 2587 5789 δὲ
2627 5736 2900 5819 μάρτυρες
2920 5737 2994 5799 ὼς
3024 5736 3130 5789 ἴδον
3152 5734 3313 5788 αὐτὸν
3343 5731 3476 5803 πρὸς
3507 5729 3606 5801 τὴν
3636 5729 3794 5800 ρὦιν
