3934 6308
251 246 411 307 3573

1231 249 1335 307 ss.
1363 246 1539 306 cvm
1580 246 1672 304 ET
1710 244 2030 306 JOANNIS
2060 222 2476 304 Mmacum.

3400 233 3503 295 357

256 361 636 431 φλεγόμενον,
670 360 931 431 τοιαύτην
971 360 1121 430 αὐτῷ
1162 364 1508 431 προτείνουσι
1544 359 1656 429 (27)
1689 359 1857 429 λητὴν

1967 357 2174 418 dentes.
2209 357 2256 410 si
2307 357 2413 422 vis,
2445 355 2622 421 aiunt,
2655 370 2684 407 a
2722 353 2980 423 languore
3030 350 3276 410 liberari,
3313 364 3544 417 surgens

262 453 410 525 {imo
455 451 872 525 ’ἰσραηλιτικδν]
897 450 1031 505 λεὼν
1060 455 1107 505 οἱ
1152 451 1354 505 τούτων
1397 453 1575 519 γονεῖς
1607 452 1702 503 καὶ
1725 467 1857 519 προσ

264 543 515 614 πάτορες
537 559 552 572 ·
603 543 725 596 ὅθεν
757 543 786 596 ὁ
816 543 1022 613 Πέτρος
1076 542 1211 613 μηδὲ
1244 544 1428 611 τυχεῖν
1470 541 1639 612 ἔφησε
1673 541 1857 611 βούλε-

268 636 404 690 σθαι
442 636 682 708 ῥώσεως,
708 635 845 704 μηδὲ
864 635 965 702 τῆς
993 634 1210 688 συνόδου
1232 635 1485 701 γενέσθαι
1502 633 1601 703 τῆς
1629 635 1688 686 ἐν
1718 632 1859 687 Χαλ-

267 726 465 797 κηδόνι
499 726 863 798 συναχθείσης
891 725 1165 796 όμόδοξος.
1199 725 1263 778 Οί
1294 725 1351 778 δὲ
1378 723 1659 778 θεσπέσιοι
1686 724 1857 778 ταῦτα

266 817 490 885 λέγοντι
528 816 999 889 προσηπείλησαν,
1028 817 1125 870 καὶ
1156 815 1232 880 ὡς
1264 817 1364 870 οὐκ
1394 816 1568 880 ἄλλως
1609 817 1856 888 σωθήσε-

268 926 368 963 ται
401 910 674 980 φήσαντες
723 907 1107 979 ἀνεχώρησαν,
1138 905 1236 970 τὰς
1277 905 1574 976 ἀλγηδόνας
1599 906 1748 975 αὑτῷ
1775 907 1855 959 δι-

270 1001 634 1065 υπνίσαντσς,
692 998 760 1062 ἃς
814 994 958 1068 ἦσαν
1008 998 1165 1050 αὐτοὶ
1203 998 1651 1059 κατιυνάσαντες.
1713 998 1773 1051 '0
1799 998 1856 1052 δὲ

269 1093 507 1156 ταύταις
547 1091 738 1155 δεινῶς
785 1089 1135 1160 αἰκιζόμενος
1174 1090 1335 1144 πάλιν
1382 1090 1638 1160 ἀρωγοὺς
1671 1090 1855 1144 ἐκάλει

269 1181 404 1243 τοὺς
435 1181 717 1251 μάρτυρας
737 1196 750 1211 ο
777 1179 915 1233 ἀλλὰ
956 1178 1117 1233 πάλιν
1146 1177 1415 1242 ἐλθόντες,
1438 1179 1535 1232 καὶ
1565 1178 1636 1232 τά
1663 1178 1856 1249 πρῶτα

272 1268 683 1336 προτείναντες,
719 1266 1037 1336 ἀπράκτους
1073 1265 1367 1319 ἀπέλυσεν.
1397 1265 1474 1318 Οὐ
1507 1264 1668 1334 μόνον
1692 1263 1750 1317 δὲ
1773 1263 1856 1327 δὶς

273 1359 374 1412 καὶ
405 1359 523 1428 τρὶς
566 1358 599 1428 ἦ
629 1359 886 1429 τετράκις
933 1359 1091 1410 τοῦτο
1119 1355 1445 1427 πεποίηκεν,
1487 1355 1623 1409 ἀλλὰ
1657 1355 1857 1410 πολλά-

273 1468 364 1513 κις
405 1451 604 1513 αὑτοὺς
634 1450 818 1505 καλῶν
844 1452 925 1512 είς
961 1450 1236 1519 βοήθειαν,
1268 1449 1363 1501 καὶ
1391 1447 1462 1501 δι’
1501 1443 1681 1502 οἶκτον
1707 1446 1858 1517 αὑτῷ

274 1540 445 1594 πολὺν
472 1539 869 1605 ὑπακούοντας,
910 1542 1004 1593 καὶ⁷
1038 1540 1106 1592 τὰ
1140 1540 1280 1592 αὑτᾶ
1316 1540 1488 1592 ποιεῖν
1534 1537 1856 1608 ἐπιτρέπον-

272 1649 396 1695 τας,
423 1632 496 1692 ὡς.
518 1632 619 1685 οὐκ
648 1632 901 1694 ἐλθόντας
931 1631 1188 1696 ἀπέλυεν,
1222 1629 1297 1700 μὴ
1327 1629 1652 1699 βουλόμενος
1672 1629 1854 1692 αὐτοῖς

1960 446 2264 516 pretiosum
2298 443 2593 500 Jordanem
2640 442 2927 511 ingredere
2964 439 3093 510 (hoc
3125 439 3271 493 enim
3325 439 3545 492 nomine

1958 534 2317 589 Alexandrini
2387 533 2528 588 sacri
2595 530 2943 600 baptismatis
3007 528 3279 597 piscinam
3336 527 3546 594 signiti-

1958 630 2085 680 cant
2108 623 2244 695 (39),
2281 637 2348 678 eo
2367 624 2510 692 quod
2528 621 2784 678 Christus
2817 620 3079 675 Dominus
3109 627 3298 674 noster
3328 617 3397 672 ad
3427 634 3546 688 pur-

1958 712 2237 783 gationem
2271 712 2447 767 nostri
2477 712 2552 766 sit
2586 713 2641 765 in
2683 708 2923 765 Iordane
2954 710 3180 764 llumine
3207 708 3542 779 baptizatus)

1959 804 2324 874 manibusque
2383 793 2583 858 ibidem
2648 803 2798 865 lotis,
2858 802 3120 871 mysteria
3165 800 3376 855 Christi
3422 816 3546 868 qua:

1960 892 2071 947 illic
2103 901 2235 947 sunt
2253 892 2467 962 accipe,
2490 906 2753 946 manuum
2793 890 3147 946 ostendentes
3185 892 3382 960 ﬁgura,
3420 904 3544 944 cor-

1958 984 2108 1054 poris
2135 984 2343 1041 Christi
2378 1002 2443 1040 ac
2473 985 2764 1056 sanguinis
2794 985 3063 1040 viviﬁcam
3092 1000 3159 1040 ac
3176 985 3390 1040 beatam
3416 999 3544 1055 per-

1958 1075 2284 1145 ceptionem.
2304 1076 2404 1142 Qui
2428 1076 2747 1140 hocaudito,
2764 1077 2960 1131 malam
2978 1077 3406 1148 propositionem
3423 1094 3546 1135 esse

1958 1165 2058 1228 ait,
2071 1166 2390 1236 synodoque
2427 1167 2706 1223 maledixit
2729 1166 3449 1240 Chalcedonensi,quamvis
3478 1171 3546 1225 li-

1957 1255 2126 1325 quiilo
2148 1257 2315 1311 sciret
2346 1257 2508 1327 hujus
2539 1270 2820 1316 auctores.
2842 1259 3042 1315 Odium
3074 1260 3278 1332 quippe
3309 1264 3541 1317 multum

1958 1349 2198 1420 [Egyptii
2263 1367 2329 1406 ex
2379 1352 2861 1411 irrationabilitate
2911 1370 2976 1411 ac
3034 1357 3328 1412 barbarico
3378 1374 3545 1413 sensu

1957 1452 2146 1497 contra
2177 1453 2427 1497 sauctmn
2462 1444 2566 1499 hoc
2586 1445 2834 1507 feruntur
2865 1447 3161 1502 concilium
3190 1446 3547 1520 (30),quem-

1959 1533 2251 1585 admodum
2311 1534 2584 1602 quondam
2635 1535 2901 1591 adversus
2952 1536 3315 1593 lsraeliticum
3371 1555 3544 1609 popu-

1959 1622 2094 1685 lum,
2137 1621 2332 1676 horum
2364 1633 2615 1692 parentes
2670 1639 2736 1678 ac
2786 1628 3090 1694 genitores.
3147 1626 3304 1682 Unde
3354 1629 3548 1685 Petrus

276 1723 530 1776 ὑπείκειν
578 1723 673 1776 καὶ
738 1721 1046 1775 πείθεσθαι.
1098 1720 1512 1790 Δυσμετάθετον
1559 1719 1666 1791 γὰρ
1708 1718 1858 1781 ἔθνος

1967 1729 2138 1782 neque
2167 1715 2458 1769 sanitatem
2494 1716 2630 1770 velle
2697 1733 2757 1770 se
2813 1717 3110 1785 impetrare
3174 1717 3334 1783 dixit,
3369 1735 3547 1789 neque

277 1810 566 1876 Αἰγύπτιοι
594 1812 736 1880 (28),
770 1814 864 1865 καὶ¹
893 1812 921 1865 δ
945 1814 1122 1866 ποιεῖν
1149 1809 1298 1877 ἅπαξ
1333 1811 1709 1875 θεσπίσουσιν,
1744 1810 1856 1863 εἴτε

1967 1806 2159 1876 synodi
2186 1821 2312 1874 quae
2337 1806 2686 1862 Chalcedone
2716 1810 2942 1864 collecta
2974 1818 3081 1873 est,
3100 1808 3216 1865 ﬁeri
3252 1821 3549 1866 consenta-

277 1899 441 1952 καλὸν
475 1900 585 1955 εἴτε
620 1899 846 1971 χηρέύοι
892 1900 987 1954 τοῦ
1039 1900 1367 1971 κρείττονος,
1399 1900 1462 1953 οὑ
1515 1900 1719 1970 ῥᾳδίως
1767 1915 1859 1968 με·

1970 1912 2155 1950 neunt.
2192 1897 2273 1950 Illi
2300 1906 2482 1952 autem
2507 1901 2709 1970 egregii
2737 1910 3004 1972 martyres
3057 1902 3174 1959 haec
3217 1903 3421 1959 dicenti
3444 1906 3548 1957 mi-

274 1990 517 2045 θειᾶσινο
545 1992 640 2045 καὶ
663 1986 812 2046 οὗτοι
839 1992 940 2063 μὲν
953 1991 1189 2047 τοιοῦτοι
1213 1992 1578 2061 τυγχάνωσιν
1600 1991 1859 2053 ἅπαντες.

1973 1988 2087 2043 nati
2119 1996 2282 2052 sunt;
2316 1998 2370 2042 et
2410 1993 2558 2058 quod
2596 2006 2705 2046 non
2739 1993 2900 2047 aliter
2935 2000 3083 2050 esset
3131 1995 3431 2050 salvandus
3458 2010 3547 2052 αε-

277 2092 618 2148 severantes,
640 2092 1013 2149 recesserunt,
1051 2082 1270 2139 dolores
1294 2082 1346 2138 ei
1387 2082 1692 2140 excitantes
1710 2095 1853 2150 quos

1967 2078 2097 2132 {delll
2131 2077 2492 2146 sedaverant;
2563 2082 2658 2150 qui
2728 2081 2993 2137 atrociter
3056 2084 3145 2140 his
3198 2086 3543 2145 verberatus.

280 2169 475 2229 iterum
530 2174 812 2245 adjutores
868 2174 1142 2230 asciscere
1186 2181 1458 2243 martyres
1493 2172 1843 2243 procurahat,
1886 2170 1979 2223 sed
2013 2169 2211 2223 iterum
2249 2170 2532 2227 venientes
2584 2182 2640 2227 et
2665 2171 2842 2240 prima
2900 2174 3328 2242 praetendentes,
3406 2178 3546 2230 inef-

280 2265 482 2320 ﬁcaces
532 2265 744 2322 dimisit
778 2284 792 2331 ;
825 2282 937 2320 non
986 2274 1168 2320 autem
1221 2265 1304 2320 bis
1344 2274 1398 2318 et
1424 2273 1508 2323 ter
1542 2273 1637 2319 aut
1666 2274 1860 2333 quater
1881 2261 1984 2316 hoc
2007 2262 2155 2328 fecit,
2192 2267 2287 2321 sed
2328 2266 2609 2320 multoties
2683 2278 2782 2319 eos
2804 2278 3012 2321 vocans
3070 2266 3128 2319 in
3183 2266 3542 2338 adjutorimn,

279 2360 371 2426 qui
408 2375 533 2425 cum
557 2370 778 2431 propter
801 2361 1030 2416 multam
1061 2359 1472 2416 miserationem
1508 2357 1853 2420 exaudirent,
1892 2366 1947 2411 et
1971 2357 2162 2414 eadem
2208 2359 2392 2415 facere
2419 2359 2799 2430 praeciperent,
2836 2358 2992 2429 quasi
3052 2373 3162 2413 non
3240 2360 3546 2426 venissent,

282 2448 417 2503 nihil
452 2455 660 2509 veritus
708 2451 1049 2517 dimittebat,
1081 2450 1278 2507 nolens
1303 2449 1386 2506 eis
1431 2450 1593 2506 subdi
1634 2449 1717 2504 vel
1744 2448 1969 2504 obedire
1994 2466 2010 2514 ;
2034 2450 2184 2505 natio
2213 2452 2360 2507 enim
2392 2449 2775 2521 Egyptiorum
2839 2452 2928 2505 vix
2983 2460 3250 2519 mutatur,
3289 2460 3344 2508 et
3395 2456 3540 2523 quod

282 2537 464 2597 facere
523 2545 693 2599 semel
745 2543 1073 2608 decreverit,
1132 2543 1251 2599 sive
1284 2543 1356 2598 sit
1383 2541 1612 2605 bonum,
1637 2540 1753 2597 sive
1791 2541 1863 2595 sit
1899 2531 2113 2594 meliori
2169 2542 2438 2609 deterius,
2483 2540 2758 2596 diﬁiciiius
2801 2542 3157 2610 immittatur;
3189 2554 3244 2599 et
3292 2545 3383 2601 isti
3413 2549 3535 2616 qui-

286 2641 411 2697 dem
450 2641 588 2697 tales
612 2648 743 2696 sunt
772 2639 1037 2696 universi.

350 2734 555 2803 Πέτρος
573 2734 631 2788 δὲ
650 2733 753 2803 τῆς
780 2734 972 2804 ὀδύνης
1000 2734 1274 2807 ὑπερϐολῇ
1298 2734 1730 2806 τιμωρούμενος,
1759 2735 1857 2789 καὶ

281 2823 470 2892 φέρειν
499 2821 581 2875 ἔτι
630 2822 739 2875 τῶν
765 2822 1017 2893 βασάνων
1061 2823 1160 2895 οὐχ
1191 2819 1304 2890 οἷός
1328 2842 1388 2878 τε
1419 2823 1496 2878 ὢν
1529 2825 1629 2894 τὴν
1668 2824 1863 2897 δριμύ-

281 2931 441 2981 τητα,
467 2914 619 2985 μόλις
648 2915 705 2967 δὲ
735 2917 829 2968 καὶ
857 2914 1003 2968 οὕτω
1032 2916 1277 2980 πεισθεὶς
1303 2920 1415 2983 τοῖς
1437 2917 1545 2971 τῶν
1568 2918 1740 2985 ἁγίων
1771 2935 1863 2995 κε·-

280 3005 570 3074 λεύσμασι,
605 3005 830 3071 τούτους
852 3007 912 3060 τὸ
941 3008 1249 3061 τελευταῖον
1274 3008 1555 3075 ἐκάλεσεν,
1581 3011 1669 3065 ἵνα
1699 3009 1861 3064 πάλιν

278 3095 654 3164 οἰκτείραντες
684 3096 901 3160 ἔλθωσι,
947 3099 1042 3157 καί
1084 3097 1186 3163 τὰς
1225 3097 1424 3197 ὀδύνας
1448 3098 1734 3164 διώξωσιν,
1766 3101 1862 3154 καὶ
1887 3137 1934 3197 c

281 3186 382 3256 τὴν
411 3185 577 3255 ῥῶσιν
615 3186 950 3257 χαρίσωνται
969 3204 983 3218 ’
1020 3191 1112 3247 καὶ
1143 3189 1345 3252 παντὸς
1371 3183 1432 3243 οὗ
1459 3189 1505 3243 δ’
1539 3190 1605 3244 ἂν
1632 3191 1860 3245 ὲθέλωσί

282 3293 343 3331 τε
393 3279 487 3331 καὶ
532 3277 781 3344 λέξωσιν,
835 3279 1027 3334 τούτου
1082 3280 1378 3353 πληρωτὴν
1427 3282 1621 3338 ἑαυτὸν
1663 3283 1860 3354 ὁρίζων

284 3367 549 3423 ἑκούσιον.
580 3370 642 3429 Οἱ
689 3369 745 3423 δὲ
798 3371 1105 3441 συμπαθεῖς
1156 3372 1309 3434 ὄντες
1360 3373 1456 3425 καὶ
1486 3372 1867 3444 φιλάνθρωποι

290 3459 586 3529 μάρτυρες,
620 3460 716 3514 καὶ
742 3461 866 3513 τότε
889 3461 1181 3527 καλοῦντος
1212 3463 1491 3533 ἀφίκοντο,
1516 3464 1610 3518 καὶ
1632 3464 1701 3518 τά
1723 3464 1861 3518 αὑτά

287 3552 463 3602 ποιεῖν
515 3549 883 3616 διετάττοντο,
932 3552 1029 3605 καὶ
1072 3553 1330 3606 κοινωνὸν
1371 3553 1536 3607 αὑτὸν
1575 3553 1721 3626 ἔχειν
1761 3555 1862 3625 τῆς

286 3638 543 3705 πίστεως,
572 3645 622 3697 εί
653 3643 903 3715 πεισθείη
931 3646 1028 3705 καὶ
1050 3646 1291 3718 ποιήσει,
1316 3646 1638 3719 διώμνυντο.
1673 3649 1861 3721 Τούτῳ

283 3732 393 3801 γὰρ
424 3732 509 3787 ἔτι
538 3732 840 3815 διστάζοντι
874 3737 1005 3806 περὶ
1045 3737 1149 3810 τὴν
1192 3737 1301 3793 τῶν
1334 3740 1647 3812 μυστηρίων
1692 3743 1861 3809 μετά-

282 3822 466 3892 ληψιν,
482 3824 596 3877 Οὐκ
615 3825 777 3894 ἀρκεῖ
802 3825 1101 3892 πιστεύειν,
1126 3828 1479 3898 δφθέγξαντο,
1511 3831 1586 3894 ὡς
1610 3833 1791 3901 ἡμεῖς,
1816 3826 1863 3886 ὦ

286 3911 481 3981 Πέτρε,
531 3913 885 3983 πιστεύομεν,
918 3917 1013 3968 καλ⁵
1042 3918 1175 3987 ἡμῖν
1226 3919 1285 3971 ὲν
1315 3917 1394 3989 τῷ
1445 3918 1576 3990 περὶ
1625 3921 1860 3984 πίστεως

285 4002 429 4075 λόγῳ
460 4006 889 4076 συντάττεσθαι;
927 4007 988 4061 '0
1020 4009 1079 4062 δὲ
1101 4011 1239 4080 πρὸς
1266 4011 1465 4074 αὐτοὺς
1498 4011 1661 4066 πάλιν
1681 4013 1861 4081 λέγειν

287 4092 590 4164 ἐτόλμησεν
613 4112 628 4127 ο
658 4095 723 4148 Τί
751 4097 859 4167 γὰρ
897 4098 992 4151 καὶ
1018 4098 1195 4168 ὑμεῖς,
1219 4091 1267 4153 ὧ
1298 4099 1394 4153 τοῦ
1423 4098 1658 4172 Χριστοῦ
1684 4102 1860 4170 μεγά-

286 4182 369 4245 λοι
398 4175 746 4252 θεράποντες,
781 4184 856 4250 ὼς
887 4186 919 4254 ἡ
962 4188 1017 4241 ἐν
1046 4187 1353 4259 Χαλκηδόνι
1403 4189 1687 4243 πιστεύετε
1731 4191 1859 4244 σύν-

286 4272 436 4340 οδος;
456 4275 521 4326 Οί
547 4275 603 4328 δὲ
623 4275 765 4329 κατὰ
784 4274 986 4346 ταύτην
1016 4280 1231 4347 φρονεῖν
1260 4277 1359 4349 τὴν
1381 4278 1490 4333 τῶν
1518 4280 1678 4353 ἱερῶν
1706 4283 1860 4337 ὁσίαν

288 4365 499 4437 πληθὺν
545 4367 938 4438 ὡμολόγησανο
971 4369 1065 4422 καὶ
1100 4369 1244 4423 οὕτω
1292 4373 1570 4425 πιστεύειν
1613 4373 1688 4438 ὡς
1722 4375 1754 4443 ὴ
1801 4376 1859 4428 ἐν

2039 2729 2234 2785 Petrus
2282 2737 2464 2783 autem
2517 2728 2802 2785 doloribus
2858 2731 3087 2786 nimium
3148 2735 3451 2799 cruciatus,
3489 2748 3545 2792 et

1966 2820 2198 2878 suﬁ'erre
2232 2821 2376 2877 ultra
2405 2828 2808 2876 tormentorum
2846 2838 2954 2878 non
2982 2826 3171 2898 valens
3202 2830 3538 2890 acredinem.

1966 2915 2156 2980 sicque
2187 2911 2406 2965 tandem
2440 2918 2760 2966 sanctorum
2811 2910 3157 2980 jussiouibus
3192 2930 3410 2983 parens,
3444 2917 3542 2971 has

1968 3002 2268 3057 novissime
2312 3001 2587 3067 invitavit,
2611 3016 2722 3071 quo
2782 3016 2975 3057 rursus
3003 3003 3212 3059 miserti
3270 3007 3539 3068 venirent.

1965 3102 2019 3146 et
2046 3093 2265 3148 dolores
2298 3093 2583 3162 pellerent,
2610 3100 2665 3146 et
2689 3092 2980 3148 sanitatem
3015 3093 3308 3158 donarent,
3342 3106 3396 3151 et
3441 3106 3560 3168 pro'

1964 3191 2115 3239 certo
2137 3184 2403 3240 deﬁniens
2435 3200 2494 3239 se
2522 3185 2791 3255 quidquid
2830 3187 3029 3241 vellent
3057 3195 3114 3242 et
3142 3188 3411 3255 dicerent,
3443 3205 3540 3244 to-

1964 3274 2200 3330 luntarie
2230 3277 2654 3345 completurum.
2675 3277 2774 3332 Ast
2801 3279 3318 3348 compatientissimi
3351 3297 3539 3338 revera

1963 3374 2018 3419 ct
2070 3374 2347 3422 amatores
2402 3367 2685 3422 hominum
2724 3378 3015 3440 martyres,
3071 3372 3234 3424 etiam
3286 3380 3418 3428 tunc
3448 3373 3542 3428 illo

1965 3463 2193 3510 vocante
2242 3456 2556 3520 veniebant,
2580 3464 2634 3511 et
2659 3456 2850 3512 eadem
2908 3458 3091 3514 facere
3131 3460 3538 3530 praecipiebant,

1962 3546 2599 3617 communicatoremque
2657 3562 2718 3603 se
2783 3548 2909 3603 ﬁdei
2966 3548 3112 3604 hunc
3156 3549 3439 3617 jurabant,
3493 3557 3539 3608 si

1963 3636 2364 3706 acquiesceret,
2402 3644 2458 3692 et
2492 3638 2646 3706 jussa
2679 3638 2984 3707 perﬁceret,
3045 3639 3350 3696 habituros.
3382 3642 3542 3697 Hunc

1962 3742 2093 3797 ergo
2125 3742 2249 3780 cum
2300 3727 2481 3782 adhuc
2528 3728 2678 3783 circa
2731 3737 3201 3784 sacramentorum
3237 3713 3541 3801 perceptio-

1964 3834 2086 3873 nem
2124 3817 2427 3885 dubitaret,
2450 3817 2569 3874 Non
2598 3820 2695 3875 tibi
2741 3820 2942 3875 suiﬁcit
2977 3821 3202 3877 credere
3255 3835 3542 3892 perconta-

1962 3909 2184 3974 bantur,
2215 3911 2360 3969 sicut
2386 3926 2484 3964 nos
2503 3911 2797 3978 credimus,
2825 3910 3051 3975 oPctre,
3082 3925 3136 3968 et
3168 3914 3453 3971 nobiscum
3486 3917 3539 3971 in

1964 4002 2178 4057 ratione
2203 4001 2325 4055 iidei
2343 4003 2650 4073 computari
2683 4004 2707 4056 ?
2737 4002 2828 4056 Ille
2851 4020 2983 4057 vero
3024 4005 3088 4059 ad
3118 4022 3211 4061 eos
3246 4004 3441 4062 iterum
3467 4011 3543 4064 di-

1964 4107 2089 4151 cere
2111 4096 2500 4163 praesumebat,
2533 4096 2910 4163 nunquiduam
2943 4104 2998 4152 et
3026 4113 3141 4163 vos,
3176 4115 3208 4152 ο
3238 4102 3419 4171 magni
3461 4103 3542 4156 fa-

1962 4185 2093 4239 muli
2124 4185 2350 4252 Christi,
2366 4188 2510 4241 sicut
2527 4187 2996 4248 Chalcedonensis
3016 4189 3241 4247 creditis
3266 4194 3543 4263 synodus?

1963 4276 2034 4333 At
2059 4275 2135 4330 illi
2155 4279 2458 4332 secundum
2485 4279 2625 4332 hanc
2644 4294 2840 4349 sapere
2867 4289 3112 4335 sanctam
3138 4280 3540 4338 multitudinem

1963 4370 2300 4423 sacerdotum
2333 4368 2569 4425 couiessi
2601 4382 2748 4436 sunt,
2781 4383 2835 4425 et
2862 4372 2934 4426 ita
2952 4370 3179 4427 credere
3203 4372 3347 4427 sicut
3377 4373 3542 4431 Chal-

284 4455 591 4526 Χαλκηόὁνι
626 4458 961 4513 πεπίστευκε
999 4457 1248 4524 σύνοδοςο
1298 4462 1395 4517 καὶ
1432 4463 1638 4533 ταύτην
1678 4462 1859 4533 ἔλεγον

1969 4461 2282 4518 cedonense
2324 4463 2616 4518 concilium
2666 4463 2899 4518 credidit
2933 4466 3273 4528 astruebant,
3307 4475 3361 4521 et
3402 4467 3541 4523 hanc

290 4547 473 4601 πίστιν
516 4548 683 4619 ὀρθὴν
714 4549 809 4603 καὶ
848 4549 1205 4607 θεόπνευστον
1258 4552 1542 4624 κήρυγμα,
1581 4552 1649 4624 ἣν
1685 4556 1719 4625 ἡ
1773 4554 1862 4607 λε-

289 4639 483 4709 χθεῖσα
509 4628 726 4704 σύνοδος
756 4640 946 4711 ὥρισε.

362 4730 548 4784 Ταῦτα
583 4730 836 4794 λέξαντες
864 4734 915 4785 oi
941 4731 1236 4798 θεσπέσιοι,
1274 4733 1367 4789 καὶ
1396 4732 1466 4786 δι’
1500 4735 1679 4805 ὅρκων
1723 4736 1863 4791 αὑτά

292 4817 710 4887 βεϐαιώσαντες,
734 4820 830 4873 καὶ
855 4821 946 4877 τὸν
968 4821 1173 4892 Πέτρον
1200 4822 1301 4892 ἢδη
1328 4823 1728 4894 προπεισθέντα
1750 4830 1863 4891 τοῖς

290 4907 545 4978 βασάνοις
571 4910 889 4980 δράσαντες,
912 4911 990 4982 τῷ
1008 4912 1184 4967 δοκεῖν
1204 4913 1562 4983 ἀνεχώρησαν
1582 4915 1677 4969 τοῦ
1702 4919 1863 4987 τεμέ-

290 5017 416 5063 νους
439 5002 618 5056 αὐτῶν
640 5004 739 5057 οὐκ
764 5004 1095 5075 εἰργόμενοι.
1126 5004 1184 5058 '0
1198 5005 1255 5059 δὲ
1276 5007 1490 5077 πρωῖας
1507 5007 1569 5059 τὸ
1592 5009 1863 5078 μακάριον

292 5091 579 5165 ιπλήρωσε
642 5098 990 5169 πρόσταγμα,
1035 5098 1133 5153 καὶ
1191 5098 1381 5168 μισθὸν
1423 5098 1708 5165 εὐσεϐείας
1757 5102 1861 5172 τὴν

1963 4566 2086 4607 esse
2116 4553 2275 4607 ﬁdem
2300 4560 2502 4609 rectam
2538 4562 2590 4609 et
2622 4555 3065 4625 praedicationem
3086 4555 3351 4611 divinitus
3374 4558 3541 4628 inspi-

1962 4652 2327 4714 ratam,quam
2349 4645 2608 4715 praedicta
2625 4646 2865 4718 synodus
2885 4646 3177 4711 deﬁnierit,
3198 4650 3535 4707 asserebant.

2035 4736 2162 4793 Hinc
2189 4753 2313 4793 cum
2362 4739 2563 4809 egregii
2613 4739 2899 4804 dixissent,
2934 4747 2990 4794 et
3049 4739 3410 4810 jurejurando
3474 4759 3538 4799 ea

1968 4826 2299 4892 ﬁrmassent,
2328 4826 2660 4897 Petrumque
2687 4828 2799 4898 jam
2818 4827 3104 4884 credulum
3136 4830 3427 4886 tormentis
3446 4846 3542 4902 pa-

1969 4927 2229 4984 trassent,
2260 4928 2323 4973 ut
2348 4928 2596 4989 putatum
2634 4929 2741 4984 est,
2766 4928 3115 4976 recesserunt
3153 4937 3182 4976 a
3212 4923 3417 4995 templo
3436 4939 3540 4981 suo

1968 5011 2175 5067 exclusi
2211 5011 2544 5068 nullatenus.
2592 5014 2662 5067 At
2700 5013 2811 5078 ille,
2854 5014 3013 5069 beato
3063 5015 3334 5087 completo
3380 5033 3542 5073 mane

1967 5111 2258 5173 prtecepm,
2278 5104 2526 5160 mercede
2553 5105 2773 5176 pietatis
2799 5106 3172 5162 incolumitate
3200 5109 3405 5177 potitus
3432 5122 3535 5171 est.

1772 5242 1997 5300 ΝΟΤᾸΞ.

367 5330 479 5399 (ΞἸ)
510 5332 653 5397 Quid
696 5333 751 5387 in
776 5333 986 5388 codicis
1015 5332 1189 5388 Grieci
1224 5333 1422 5387 lacuna
1455 5332 1528 5388 sit
1559 5333 1858 5402 perditum,

296 5393 884 5456 demonstrat-Latinus
914 5410 1115 5457 textus.

326 5496 339 5541 ἰ
371 5470 481 5538 (⁷28)
515 5469 757 5541 ιΕςγιιιίἱ
782 5473 983 5541 quippe
998 5479 1130 5526 sunt
1156 5469 1405 5541 Dioscori
1420 5480 1484 5541 et
1502 5470 1688 5526 Severi
1709 5488 1871 5528 asse-7

297 5540 417 5600 clze,
445 5540 679 5609 quorum
714 5540 995 5595 hominum
1019 5550 1208 5596 contra
1233 5540 1527 5596 concilium
1562 5541 1861 5600 Chalcedo—

301 5625 471 5664 neuse
504 5621 646 5665 nota:
676 5620 806 5666 sunt
832 5614 909 5664 ira
932 5620 986 5667 et
1013 5611 1289 5679 impietas.

2040 5336 2151 5404 (29)
2185 5336 2393 5406 Beapse
2431 5346 2483 5390 et
2513 5339 2565 5390 in
2603 5337 2804 5406 priscis
2839 5336 3197 5391 ecclesiarum
3233 5333 3388 5406 Rom.
3419 5353 3539 5388 mu-

1970 5408 2101 5460 siris
2136 5404 2418 5475 spectatur
2460 5404 2658 5462 i‘luvius
2689 5422 2815 5462 cum
2846 5406 3210 5475 inscriptione
3238 5404 3533 5472 Iordanes,

1968 5492 2077 5544 quo
2116 5477 2397 5532 lustralem
2453 5476 2708 5545 baptismi
2765 5493 2962 5545 aquam
3013 5475 3337 5544 signiﬁcari,
3377 5492 3538 5541 nemo

1969 5546 2312 5610 antiqttarius
2345 5564 2449 5599 non
2477 5547 2630 5600 dicit.

2041 5617 2152 5684 (50)
2178 5616 2321 5672 Gens
2358 5616 2737 5686 [Egyptiortnu
2771 5618 3033 5684 propositi
3072 5627 3232 5672 tenax
