3934 6308
136 371 294 437 3577

1109 365 1213 425 SS.
1247 366 1421 425 CYRI
1453 366 1549 426 ET
1576 364 1899 426 JOANNIS
1935 355 2363 427 'MIRACULA.
2442 420 2451 429 ,

3290 371 3437 433 3578

229 478 410 540 Λίϐυς
441 476 470 529 ὁ
508 475 763 544 Ἰωάννης
792 474 1108 542 ἐτύγχανεν,
1140 473 1236 525 καὶ
1260 473 1601 544 Μαραιώτην
1621 471 1748 544 ᾤκει

1932 474 2136 543 Libyus
2169 477 2405 532 Joannes
2438 488 2575 543 erat,
2628 487 2682 533 et
2718 479 2861 547 apud
2910 478 3203 535 Marmotcu
3239 483 3430 551 primi-

143 572 215 625 τὸ
246 569 550 642 πρότερον·
577 565 692 620 ἀλλ’
718 569 798 629 εἰς
829 565 888 617 τὸ
912 563 1023 616 τῶν
1056 564 1227 631 ἁγίων
1268 566 1563 632 γενόμενος
1587 564 1751 632 τέμε-

145 680 271 727 νυς,
291 661 494 732 τρόπον
514 659 637 713 τινὰ
655 660 815 727 γένος
836 657 1106 726 ἠλλάξατο
1124 673 1138 686 ’
1162 655 1443 722 Αἰγύπτου
1464 655 1573 724 γὰρ
1591 653 1751 706 τοῦτο

153 756 367 828 μᾶλλόν
409 755 526 806 ἐστι
569 749 957 820 πλησιαίτερον
983 762 997 776 ·
1044 746 1107 798 τὸ
1150 745 1207 797 δὲ
1235 745 1334 814 τῆς
1378 745 1749 813 μετοικήσεως

150 847 359 912 αἴτιον,
404 845 617 912 δαίμων
643 837 734 914 ἦν,
759 840 836 902 ώς
878 839 1149 906 λέγουσιν,
1183 835 1392 906 ἄγριος,
1421 834 1479 898 ὃς
1509 837 1566 886 ἐν
1598 832 1750 902 αὐτῷ

150 940 262 1011 τὴν
306 936 592 993 κατοικίαν
624 931 974 1003 ποιούμενος,
1012 931 1284 999 ἀφόρητος
1313 923 1382 998 ἦν
1420 926 1509 980 διὰ
1550 925 1750 994 πολλὴν

153 1030 487 1102 ἀγριότητα.
522 1025 728 1080 Τούτου
765 1025 925 1093 χάριν
957 1023 984 1073 ὁ
1020 1021 1274 1090 Ἰωάννης
1307 1019 1590 1088 δεδεμένος
1624 1017 1752 1070 ἀλύ-

158 1138 320 1174 σεσιν
346 1119 483 1190 πρὸς
505 1118 632 1180 τοὺς
675 1116 960 1186 μάρτυρας
996 1112 1182 1183 ήγετο,
1220 1112 1370 1172 ὅπως
1401 1108 1567 1161 αὑτὸν
1592 1108 1751 1178 ἐλεή-

160 1230 361 1276 σαντες
409 1209 503 1264 τοῦ
552 1205 928 1270 συνοικοῦντος
974 1191 1691 1274 λυτρώσωνταίδαίμονοςο
1723 1197 1753 1250 δ

161 1306 264 1359 καὶ
307 1304 502 1358 θᾶττον
532 1298 902 1370 πεπράχασιν.
946 1295 1299 1356 Ἐκεαλόντες
1349 1292 1459 1361 γάρ
1508 1289 1666 1351 εὐθὺς
1692 1288 1755 1341 τὸ

158 1396 465 1466 δαιμόνιον,
493 1392 594 1464 τῆς
621 1391 814 1447 τούτου
851 1387 1048 1460 μανίας
1075 1387 1299 1458 διηνεκῆ
1332 1387 1632 1457 δωροῦνται
1653 1383 1753 1454 τὴν

160 1489 462 1559 λύτρωσιν.
1066 1530 1073 1537 .
1407 1533 1415 1540 .

252 1580 312 1633 Ὀ
341 1579 397 1631 δὲ
440 1575 649 1646 ταύτης
684 1571 863 1643 τυχὼν
910 1571 1010 1641 τῆς
1047 1567 1392 1640 λυτρώσεως,
1431 1565 1539 1619 τῶν
1582 1581 1759 1618 σεσω-

163 1668 345 1721 κότων
373 1667 544 1734 ἁγίων
586 1663 774 1717 δοῦλον
800 1659 991 1715 ἑαυτὸν
1040 1657 1422 1729 ἀπεγράψατο,
1458 1657 1558 1724 τῆς
1591 1655 1754 1726 θερα-

164 1759 332 1822 πείας
357 1758 516 1824 ἀξίαν
541 1753 952 1824 ἐνδεικνύμενος
989 1749 1224 1813 εὔνοιαν,
1257 1749 1327 1802 δι’
1373 1749 1439 1819 ἢν
1477 1747 1573 1801 καὶ
1628 1764 1755 1817 μετ-

1852 576 1944 621 tus
1977 566 2338 631 habitaverat,
2387 570 2481 624 sed
2534 585 2658 623 eum
2700 572 2767 626 ad
2815 579 3136 626 sanctorum
3189 572 3434 629 venisset

1852 656 2161 720 basilicam,
2195 673 2370 726 genus
2404 660 2564 713 modo
2587 660 2821 730 quodam
2854 663 3106 725 mutavit,
3145 663 3259 716 haec
3285 665 3431 717 enim

1851 756 1936 804 est
1965 748 2203 821 Egypto
2250 753 2641 830 propinquius.
2696 752 2872 808 Porro
2925 755 3434 824 transmigratimus

1852 848 2045 895 auctor
2072 841 2283 896 daemon
2313 854 2452 908 erat,
2485 854 2543 897 ut
2575 843 2779 911 ferunt,
2814 847 3183 916 agreStis,qui
3218 846 3434 900 habita-

1854 932 2056 985 tionem
2090 929 2328 985 faciebat
2360 934 2415 987 in
2455 933 2598 1002 ipso,
2640 942 2696 989 et
2718 941 2837 989 erat
2867 936 2938 989 ob
2974 937 3204 989 multam
3252 935 3437 989 ferita-

1852 1030 1960 1077 tem
1993 1022 2372 1079 intolerabilis.
2409 1025 2585 1094 Hujus
2628 1026 2704 1081 rei
2738 1027 2914 1097 gratia
2945 1026 3187 1083 Joannes
3213 1028 3436 1086 vinctus

1852 1118 2065 1170 catenis
2093 1115 2159 1169 ad
2194 1127 2473 1187 martyres
2505 1119 2798 1187 agebatur,
2834 1120 2878 1173 si
2904 1134 3016 1189 quo
3043 1121 3300 1175 modosui
3327 1121 3434 1174 mi-

1852 1207 2009 1271 serti,
2044 1222 2074 1260 a
2111 1207 2355 1261 daemone
2396 1209 2489 1278 qui
2541 1224 2600 1265 se
2643 1210 2886 1276 tenebat,
2945 1212 3256 1282 eriperent;
3284 1209 3435 1280 quod

1852 1305 1906 1351 et
1965 1297 2229 1351 velociter
2283 1310 2649 1368 peregerunt;
2709 1299 2887 1367 ejeeto
2939 1301 3083 1354 enim
3140 1300 3434 1363 confestim

1852 1380 2151 1448 daemonio,
2187 1382 2255 1438 ab
2287 1383 2453 1454 hujus
2493 1385 2710 1440 insania
2742 1388 3060 1442 continuam
3096 1387 3305 1444 donant
3342 1404 3433 1444 re-

1853 1471 2245 1540 demplionem.

1921 1565 1990 1617 At
2036 1565 2129 1620 ille
2181 1565 2325 1620 hanc
2364 1568 2620 1638 adeptus,
2672 1580 2989 1623 sanctorum
3023 1571 3114 1639 qui
3155 1587 3215 1625 se
3257 1571 3436 1625 salva-

1853 1664 2048 1709 verant
2087 1665 2262 1711 semet
2296 1671 2514 1712 servum
2554 1659 2833 1727 ascripsit,
2884 1662 3171 1714 curatione
3210 1660 3435 1731 dignam

1855 1745 2155 1802 ostendens
2204 1747 2669 1814 benevolentiam,
2717 1764 2816 1820 per
2865 1766 3028 1820 quam
3076 1759 3131 1806 et
3179 1752 3438 1807 transmi-

164 1852 412 1919 ανάστης
467 1848 685 1916 ἐγένετο
711 1888 726 1911 ,
778 1846 875 1899 καὶ
922 1844 1023 1914 τὴν
1058 1842 1287 1913 πατρίδα
1325 1840 1518 1906 λιπὼν,
1561 1840 1622 1893 τὸ
1647 1839 1748 1892 τῶν

1857 1846 2044 1905 grator
2074 1833 2302 1891 eﬂ’ectus
2335 1844 2440 1901 est,
2478 1848 2532 1892 et
2566 1840 2744 1908 patria
2787 1839 3073 1904 derelicta,
3109 1856 3282 1911 penes
3305 1857 3435 1896 san-

167 1943 344 2012 ἀγίων
378 1941 677 2012 μαρτύριον
708 1938 948 2009 ᾤκησεν.
975 1936 1086 1990 Καὶ
1119 1936 1277 1990 τοῦτο
1316 1935 1414 2005 μὲν
1440 1935 1538 2003 τῆς
1570 1949 1752 2003 μετοι-

168 2036 358 2097 κεσίας
388 2034 450 2086 τὸ
487 2033 684 2086 αἴτιον.
716 2030 871 2084 Μετὰ
897 2033 1088 2101 χρόνον
1121 2027 1178 2080 δὲ
1222 2026 1365 2080 πάνυ
1400 2024 1592 2095 συχνὸν
1625 2024 1753 2086 τοὺς

166 2129 400 2198 νεφροὺς
438 2125 649 2195 βαρέως
676 2124 958 2193 ἐνόσησεν,
989 2122 1085 2175 καὶ
1118 2122 1150 2190 ὴ
1175 2120 1328 2182 νόσος
1348 2113 1417 2188 ἧν
1445 2118 1752 2170 ἀνυπόστα-

166 2236 262 2282 τος
283 2235 297 2250 ν
331 2218 463 2270 ποτὲ
493 2217 590 2287 μὲν
620 2217 730 2287 γάρ
778 2215 996 2268 πίπτων
1044 2214 1126 2269 είς
1162 2212 1266 2282 γῆν
1305 2209 1570 2273 ἐκυλίετο,
1621 2206 1752 2261 ποτὲ

165 2309 227 2362 δὲ
259 2311 359 2379 τῆς
409 2308 510 2378 γῆς
548 2305 909 2375 ἀνιστάμενος
942 2304 1046 2359 ἀνὰ
1101 2303 1162 2356 τὸ
1209 2302 1436 2371 τέμενος
1482 2299 1625 2361 ἔθεε,
1658 2299 1754 2352 καὶ

171 2402 519 2472 βαρυφώνοις
550 2399 889 2468 στενάγμασι
926 2397 1135 2459 πάντας
1167 2394 1294 2457 τοὺς
1336 2393 1432 2446 σὺν
1460 2389 1607 2460 αύτῷ
1636 2389 1755 2443 διας

165 2482 457 2565 τρίϐοντας
482 2491 693 2562 ἐστὲρει
723 2492 823 2559 τῆς
853 2486 1185 2558 προσφιλοῦς
1219 2482 1599 2546 ἀναπαύσεως,
1630 2481 1753 2552 ἥτις

169 2585 358 2646 αὐτοῖς
385 2582 594 2653 ἠρεμίᾳ
620 2579 1014 2652 προσγινέσθαι
1049 2578 1316 2648 πέφυκεν,
1346 2574 1440 2628 καὶ
1468 2575 1608 2643 τάχα
1631 2589 1755 2641 συγ-

168 2672 398 2743 γνώμης
429 2672 727 2742 ἐτύγχανεν
761 2669 933 2735 ἀξιος,
981 2668 1157 2732 οὕτως
1188 2664 1434 2736 σφοδρῶς
1475 2661 1752 2732 ὀδυνώμε-

169 2783 285 2828 νος.
317 2767 437 2818 Τῶν
468 2764 566 2834 μὲν
595 2765 705 2835 γάρ
737 2763 915 2818 ἄλλων
941 2760 1131 2815 παθῶν
1163 2759 1294 2822 ἴσως
1317 2774 1402 2821 τις
1429 2759 1529 2827 τῆς
1559 2754 1754 2824 ὀδύνης

172 2859 523 2927 στοχάσαιτο,
550 2856 764 2929 νεφρῶν
794 2856 851 2909 δὲ
881 2855 1044 2909 πόνον
1089 2853 1268 2905 εἰπεῖν
1317 2852 1414 2904 καὶ
1446 2849 1611 2917 ἄλγος
1652 2850 1752 2902 ἁνο

169 2948 425 3005 είκαστον
448 2947 558 3001 τῶν
593 2949 653 3000 ού
688 2947 1037 3001 πεπονθότων
1065 2943 1264 3007 οὐδεὶς,
1295 2940 1525 3011 μόνοιδέ
1552 2937 1753 3007 γιγνώ-

172 3056 395 3093 σκουσιν
441 3041 491 3092 oi
533 3039 883 3108 νοσήσαντες.
930 3033 1276 3090 Κινδυνεύων
1331 3027 1427 3085 οὖν
1459 3029 1752 3095 οὖτως,ώς

171 3130 406 3202 ἔφημεν,
425 3131 680 3203 Ἰωάννης
708 3128 1068 3199 σφοδρότατα,
1092 3127 1233 3196 τάχα
1253 3125 1319 3181 ἀν
1353 3123 1752 3192 συντονωτέρας
1784 3165 1827 3223 C

171 3224 333 3295 ἔτυχε
378 3225 477 3295 τῆς
510 3225 730 3290 ἰάσεως,
765 3223 814 3277 εί
859 3222 956 3276 σὺν
1009 3219 1361 3292 μακροθυμία
1391 3220 1517 3282 τοὺς
1561 3217 1753 3286 ἁγίους

174 3316 413 3370 ἱκέτευε.
1676 3324 1677 3327 ‘

242 3497 425 3555 Καλὸν
466 3497 524 3550 δὲ
572 3495 746 3549 εἰπεῖν
778 3493 928 3557 ὅπως
955 3492 1053 3547 καὶ
1102 3490 1259 3545 τοῦτο
1305 3489 1544 3562 διαφύγῃ
1572 3489 1635 3543 τὸ
1667 3489 1757 3543 νό·

173 3604 359 3661 σημα⁶
388 3590 504 3642 ἐστι
534 3587 643 3658 γὰρ
675 3586 704 3639 ὁ
750 3585 951 3657 τρόπος
996 3583 1221 3655 χάριτος
1255 3582 1513 3653 ἔμπλεος.
1559 3581 1755 3652 Ἰατρί-

173 3699 308 3746 σκος
333 3698 419 3744 τις
455 3678 642 3733 τοῦτον
680 3677 804 3730 ἰδὼν
853 3674 1110 3746 χαλεπῶς
1139 3674 1493 3742 ὀδυνώμενον,
1531 3672 1626 3725 καὶ
1656 3671 1754 3741 τῆς

142 3770 145 3773 “
174 3773 363 3842 ὑγείας
396 3769 637 3832 διακαῶς
665 3768 1016 3840 ὀρεγόμενον,
1046 3767 1185 3837 Τρία
1211 3764 1301 3828 δός
1344 3781 1454 3834 μοι,
1490 3764 1626 3833 πρὸς
1657 3764 1755 3815 αύ-

171 3864 266 3917 σιὸν
295 3862 423 3933 ἔφη,
448 3861 780 3932 νομίσματα,
813 3859 968 3930 κάγώ
1000 3876 1081 3913 σοι
1113 3857 1180 3912 δι’
1226 3856 1503 3911 ἀντιδότου
1529 3855 1754 3927 παρέχω

168 3955 273 4029 τὴν
304 3953 469 4010 ίασιν.
516 3953 575 4007 '0
615 3953 672 4007 δέ
708 3953 901 4022 φυγεῖν
934 3949 1253 4013 σπουδάζων
1280 3950 1379 4017 τὴν
1412 3946 1662 4017 βάσανον,
1692 3946 1753 3999 τὸ

169 4045 392 4118 χρυσίον
436 4043 732 4113 προθύμως
777 4042 1075 4106 ἐπέδωκεν,
1118 4039 1216 4092 καὶ
1253 4038 1433 4092 λαϐὼν
1479 4038 1661 4107 ἐτήρει
1694 4036 1754 4089 τὸ

169 4139 486 4209 φάρμακον,
523 4136 611 4189 ἵνα
640 4135 777 4206 πρὸς
802 4132 1000 4204 ὄρθρον
1029 4132 1161 4185 αὐτὸ
1181 4130 1270 4184 διὰ
1303 4128 1568 4200 στόματος
1600 4128 1753 4198 δέξη-

170 4245 280 4282 ται.
316 4226 426 4280 Kal.
456 4225 577 4279 κατ’
611 4222 830 4293 ἐκείνην
871 4222 971 4294 τὴν
1002 4221 1175 4275 νύκτα
1202 4218 1570 4291 κοιμώμενος,
1608 4232 1752 4285 παρ-

169 4317 410 4380 εστῶτας
447 4315 596 4385 αὐτῷ
634 4313 822 4385 βλέπει
850 4313 977 4376 τοὺς
1016 4312 1325 4383 μάρτυρας,
1352 4312 1448 4365 καὶ
1480 4311 1580 4380 τὴν
1619 4311 1750 4362 άπι-

168 4407 323 4462 στίαν
362 4406 462 4475 τὴν
510 4405 648 4476 πρὸς
698 4404 898 4467 αὐτοὺς
948 4400 1334 4466 ὀνειδίζοντας,
1386 4401 1479 4454 καὶ
1529 4399 1636 4451 τῶν
1668 4399 1748 4462 είς

1854 1930 2067 1979 etorum
2112 1924 2379 1980 habitavit
2425 1928 2769 1999 martyrium.
2810 1928 2877 1982 Et
2916 1931 3034 1986 haec
3076 1932 3299 2000 quidem
3333 1932 3438 1987 fuit

1852 2015 2020 2084 hujus
2053 2031 2223 2071 causa
2248 2019 2781 2088 transmigrationis.
2831 2019 2965 2077 Post
3005 2032 3223 2094 tempus
3249 2031 3433 2078 autem

1854 2109 2151 2164 admodum
2188 2111 2377 2175 breve,
2424 2127 2618 2166 renum
2661 2113 2980 2184 languorem
3011 2118 3255 2185 graviter
3290 2116 3436 2170 inci-

1852 2201 1955 2268 dit,
1983 2210 2037 2257 et
2065 2202 2298 2273 languor
2327 2211 2447 2257 erat
2486 2204 2855 2269 intolerabilis
2883 2224 2896 2260 :
2940 2209 3141 2262 etenim
3181 2208 3436 2279 aliquan-

1853 2291 1925 2346 do
1971 2292 2177 2347 cadens
2210 2293 2265 2345 in
2304 2299 2505 2347 terram
2551 2296 2924 2363 volutabatur,
2965 2297 3266 2366 aliquando
3301 2314 3434 2353 vero

1853 2397 1883 2436 a
1923 2391 2071 2436 terra
2099 2394 2332 2439 erectus
2376 2399 2472 2452 per
2512 2384 2793 2439 basilicam
2835 2386 3208 2454 discurrebat,
3255 2389 3437 2459 gravi-

1852 2476 2070 2545 busque
2098 2476 2332 2531 vocibus
2368 2483 2420 2530 et
2454 2476 2749 2546 gemitibus
2792 2493 2984 2533 omnes
3014 2479 3108 2548 qui
3142 2480 3197 2533 in
3219 2495 3283 2533 ea
3317 2494 3436 2533 mo-

1853 2566 2123 2620 rabantur
2154 2567 2342 2636 requie
2372 2568 2624 2637 privabat
2652 2576 2854 2634 amata,
2890 2585 3012 2640 quae
3039 2570 3149 2625 illis
3184 2571 3251 2625 ad
3280 2571 3434 2639 quie-

1856 2666 1962 2711 tem
1989 2658 2260 2727 proficere
2290 2658 2449 2712 solet.
2485 2657 2550 2712 Et
2585 2657 2729 2714 forte
2756 2661 2912 2715 venia
2947 2661 3149 2732 dignus
3172 2670 3293 2716 erat
3321 2669 3431 2715 tam

1852 2748 2034 2804 valide
2057 2736 2296 2803 dolens:
2328 2763 2455 2802 natu
2480 2748 2710 2803 aliarum
2738 2751 2959 2819 quidem
2990 2752 3310 2821 passionum
3337 2751 3436 2806 do-

1854 2841 1939 2894 lor
1971 2840 2209 2896 fortasse
2241 2842 2535 2911 quisquam
2573 2842 2644 2896 sit
2676 2842 2970 2898 vehemens
3017 2843 3290 2911 advertit;
3344 2860 3436 2899 re-

1853 2950 1984 2988 num
2026 2943 2208 2989 autem
2257 2934 2503 2990 dolorem
2536 2942 2604 2998 fet
2647 2936 2983 3004 cruciatum,
3024 2936 3224 3017 fateor,
3272 2951 3435 2991 nemo

1855 3026 1946 3095 qui
1979 3042 2175 3096 passus
2227 3042 2337 3081 non
2371 3035 2459 3082 est
2493 3028 2773 3096 conjicere
2802 3036 3003 3099 potest,
3041 3045 3165 3085 cum
3209 3030 3312 3084 hoc
3340 3045 3434 3085 so-

1862 3118 2141 3173 lummodo
2170 3119 2261 3190 qui
2295 3119 2495 3173 horum
2527 3120 2847 3190 languorem
2871 3120 3020 3190 passi
3053 3129 3207 3185 sunt,
3233 3123 3432 3176 sciant.

1859 3207 1996 3263 Cum
2025 3224 2156 3278 ergo
2194 3207 2439 3265 Joannes
2477 3217 2611 3277 tam,
2662 3218 2722 3264 ut
2761 3211 3024 3275 diximus,
3065 3212 3244 3267 valide
3284 3209 3435 3280 peri-

1855 3299 2159 3363 clitaretur,
2194 3296 2433 3353 fortasse
2479 3299 2772 3354 sanitatem
2808 3300 2981 3371 magis
3018 3301 3293 3355 concitam
3330 3301 3436 3354 im-

1857 3397 2147 3461 petrasset,
2187 3390 2232 3445 si
2263 3397 2482 3445 sanctos
2516 3391 2903 3462 longanimiter
2931 3392 3251 3463 ﬂagitasset.

1928 3479 2136 3541 Bonum
2165 3488 2347 3534 autem
2394 3488 2477 3534 est
2514 3489 2574 3536 ut
2611 3481 2831 3536 dicatur
2862 3498 2972 3552 quo
2998 3494 3053 3537 et
3081 3483 3227 3537 hunc
3272 3482 3436 3539 modo

1856 3576 2172 3646 languorem
2211 3573 2482 3644 cﬂ‘ugerit,
2506 3583 2593 3630 est
2616 3577 2761 3629 enim
2786 3576 2983 3631 modus
3008 3578 3180 3647 gratia
3216 3577 3430 3645 plenus.

1856 3665 2159 3719 Mediculus
2193 3664 2417 3733 quidam
2466 3665 2612 3719 hunc
2658 3680 2803 3720 saevo
2849 3667 3043 3721 videns
3071 3667 3259 3722 dolore
3302 3666 3432 3721 fati-

1855 3767 2062 3826 gatum,
2106 3764 2160 3811 et
2208 3756 2498 3811 sanitatem
2536 3758 2924 3813 ardentissime
2971 3758 3424 3814 desiderantem:

1856 3847 2013 3913 Tres,
2048 3847 2187 3902 dixit
2209 3847 2277 3902 ad
2312 3842 2462 3912 eum,
2509 3848 2579 3903 da
2626 3848 2759 3903 milli
2805 3864 3081 3916 nummos,
3123 3860 3177 3905 et
3205 3864 3305 3919 ego
3335 3850 3433 3905 tibi

1854 3955 1954 4009 per
1991 3939 2298 3993 antidotum
2354 3937 2646 3993 sanitatem
2688 3939 2982 4008 praestabo.
3015 3936 3208 3994 At‘ille
3245 3940 3435 4010 fugere

1853 4031 2045 4085 volens
2097 4015 2451 4099 supplicium,
2509 4043 2702 4083 aurum
2766 4031 3021 4086 alacriter
3075 4031 3319 4099 tradidit,
3378 4039 3433 4087 et

1852 4129 2079 4190 accepto
2156 4119 2543 4185 medicamine,
2599 4121 2928 4176 observabat
2967 4130 3241 4192 quatenus
3295 4123 3431 4177 illud

1853 4228 1950 4283 per
1984 4226 2048 4267 os
2072 4210 2315 4266 diluculo
2345 4221 2608 4268 sumeret.
2637 4212 2707 4267 Et
2744 4213 2931 4268 eadem
2963 4222 3122 4268 nocte
3149 4213 3431 4270 dormiens

1854 4305 1958 4360 sibi
1996 4311 2269 4375 martyres
2321 4302 2472 4357 videt
2518 4313 2785 4371 astantes,
2817 4312 2871 4360 et
2909 4304 3213 4359 infidelitati
3262 4322 3426 4375 quam

1854 4396 1907 4448 in
1965 4395 2089 4449 illos
2146 4394 2463 4449 ostenderat
2531 4396 2952 4464 exprobrantes,
3016 4408 3073 4451 et
3127 4400 3427 4454 sanitatum

168 4496 330 4551 αὐτὸν
345 4495 617 4564 διαφόρως
646 4493 958 4562 γενομένων
989 4490 1188 4544 ίάσεων
1205 4490 1744 4559 ἀναμιμνήσκοντας.

1855 4501 1991 4553 quas
2023 4486 2076 4538 in
2109 4500 2232 4540 eum
2281 4485 2502 4539 diverso
2534 4484 2695 4540 modo
2726 4496 3014 4555 gesserant
3047 4489 3426 4548 recordantes.

168 4590 243 4645 Οὐ
293 4588 454 4660 μόνον
482 4586 594 4658 γὰρ
643 4585 806 4639 αὐτὸν
844 4583 1100 4653 δαίμονος
1133 4577 1272 4653 ἦσαν
1311 4579 1744 4650 λυτρωσάμενοι,

166 4683 303 4738 ἀλλά
337 4684 430 4736 καὶ
457 4682 552 4736 τοῦ
575 4684 674 4752 τῆς
705 4679 986 4748 ποδάγρας
1034 4676 1258 4732 ἀνιάτου
1291 4676 1619 4747 νοσήματος,
1653 4673 1747 4728 καὶ

170 4774 380 4845 μυρίων
408 4773 584 4827 ἄλλων
608 4772 798 4825 παθῶν
835 4769 1003 4824 ίδικού
1043 4769 1312 4839 δεομένων
1344 4766 1743 4834 συντάγματος,

166 4867 215 4918 εί
249 4863 481 4934 γράφειν
508 4861 651 4915 αὐτά
686 4878 771 4925 τις
800 4860 861 4913 τὸ
888 4858 1012 4913 καθ’
1055 4857 1112 4912 ἓν
1148 4857 1482 4927 ἐθελήσειεν.
1515 4855 1647 4926 Περὶ
1670 4848 1745 4907 ὧν

167 4956 580 5024 ύπομνήσαντες
610 4953 831 5007 πάντων
853 4951 1016 5005 αὑτὸν
1044 4951 1096 5003 οἰ
1124 4949 1449 5012 καλλίνικοι,
1477 4947 1572 5000 καὶ
1598 4945 1743 5017 μάλα

161 5043 393 5114 κομψῶς
448 5042 848 5111 ἐγκαλέσαντες
903 5040 966 5094 τὸ
1027 5040 1299 5103 ἄπιστον,
1366 5038 1426 5091 τὸ
1487 5036 1743 5107 ἀμνημό-

164 5153 390 5197 νευτον,
453 5134 514 5187 τὸ
572 5134 905 5203 ἀχάριστον,
964 5132 1059 5185 καὶ
1125 5130 1181 5184 εί
1232 5147 1286 5183 τι
1357 5128 1568 5192 τούτοις
1626 5129 1743 5181 ἐστὶ¹

168 5225 568 5296 παραπλήσιον.
603 5225 768 5288 Τέλος
821 5226 879 5278 ἐν
925 5222 1179 5295 εἰρωνείᾳ
1225 5222 1317 5275 τὸν
1344 5222 1504 5290 λόγον
1553 5222 1742 5274 ποιού-

169 5333 339 5388 μενοι,
381 5315 469 5381 Τί,
523 5315 731 5384 φασίν;
771 5315 900 5385 ἡμῖν
934 5315 978 5365 εί
1012 5314 1284 5385 παρέσχες
1330 5315 1396 5365 τά
1434 5310 1561 5382 τρία
1591 5311 1744 5382 νομί-

164 5426 368 5480 σματα,
401 5409 501 5462 οὐκ
546 5409 764 5479 εἴχομεν
797 5409 1097 5478 παρασχεῖν
1142 5424 1225 5459 σοι
1260 5406 1362 5475 τὴν
1412 5407 1592 5472 tactv;
1618 5405 1744 5469 τοὺς

164 5500 361 5562 αὐτοὺς
387 5499 579 5567 λόγους
609 5498 1047 5569 ἀπαραλλάκτως
1076 5497 1461 5568 φθεγξάμενοι,
1489 5491 1571 5559 οἷς
1605 5489 1743 5566 πρὸς

163 5590 326 5646 αὐτὸν
375 5594 403 5645 ὁ
437 5592 605 5656 καλὸς
654 5594 864 5654 ἐκεῖνος
920 5593 1201 5662 ίατρίσκος
1246 5591 1542 5661 ἐχρήσατο.
1592 5588 1742 5657 Πλὴν

163 5682 386 5748 ἄπελθε,
415 5683 658 5750 λέγουσι,
686 5683 782 5748 καὶ
808 5683 909 5736 ὅσα
931 5681 1006 5752 τῷ
1038 5682 1207 5752 ίατρῷ
1230 5681 1635 5751 προσεκόμισας
1664 5678 1741 5750 τῷ

160 5775 414 5831 δεδωκότι
444 5792 523 5828 σοι
548 5775 647 5847 τὴν
678 5773 970 5840 ἀντίδοτον,
999 5773 1091 5827 καὶ
1122 5772 1194 5844 τῷ
1220 5773 1472 5842 ἡμετέρῳ
1497 5770 1739 5839 γαζοφυ-

1849 4575 1967 4630 Nou
2022 4577 2166 4629 enim
2211 4575 2358 4630 hunc
2413 4584 2624 4631 tantum
2658 4591 2686 4629 a
2719 4576 2993 4632 daemonio
3039 4580 3426 4647 liberaverant,

1850 4668 1945 4722 sed
1999 4676 2051 4722 et
2087 4668 2154 4720 ab
2208 4666 2501 4721 insanabili
2555 4668 2819 4737 languore
2858 4670 3130 4741 podagrae,
3172 4671 3428 4740 millequ‘e

1848 4759 1974 4812 aliis
2004 4757 2360 4827 passionibus
2391 4771 2510 4827 quae
2555 4756 2776 4825 proprio
2818 4768 3041 4830 egerent
3091 4769 3423 4824 commento,

1849 4852 1896 4904 si
1949 4865 2046 4920 per
2096 4851 2344 4921 singulas
2394 4851 2686 4920 quisquam
2739 4851 2835 4906 bas
2879 4852 3039 4906 vellet
3086 4852 3422 4908 describere.

1847 4944 1980 5010 Quae
2032 4949 2216 4999 omnia
2265 4945 2394 5000 boni
2439 4945 2680 5000 victores
2726 4945 2791 4998 ad
2823 4945 2942 5013 ejus
2978 4945 3298 4999 memoriam
3332 4960 3423 4999 re-

1846 5036 2132 5102 ducentes,
2180 5047 2234 5092 ct
2271 5037 2713 5093 incredulitatem
2750 5037 3127 5106 comptissime
3157 5053 3425 5093 accusan-

1848 5136 1948 5192 tes,
1990 5127 2214 5195 etquod
2248 5127 2515 5179 bonorum
2552 5125 2718 5179 fuerit
2757 5125 3048 5180 immemor
3072 5139 3125 5181 et
3154 5127 3423 5198 ingratus,

1844 5226 1901 5273 et
1942 5219 1989 5273 si
2039 5218 2173 5288 quid
2229 5225 2312 5272 est
2340 5218 2462 5271 istis
2504 5217 2713 5285 simile;
2751 5226 3027 5287 postremo
3055 5234 3152 5288 per
3188 5218 3425 5274 ironiam

1846 5326 2156 5367 sermonem
2212 5310 2520 5363 facientes:
2570 5308 2761 5365 Nonne
2822 5311 2867 5366 si
2927 5311 3108 5377 nobis,
3147 5312 3424 5381 inquiunt,

1846 5414 1955 5458 tres
2002 5403 2127 5458 illos
2178 5416 2432 5456 nummos
2470 5399 2784 5466 lribuisses,
2833 5402 3158 5455 haberemus
3194 5402 3289 5456 tibi
3323 5401 3427 5457 tri-

1846 5497 2014 5551 buere
2047 5496 2374 5551 sanitatem?
2424 5494 2630 5549 eisdem
2668 5494 3088 5548 immutabiliter
3134 5494 3313 5548 verbis
3343 5492 3425 5546 af-

1847 5587 1966 5653 fati,
1998 5588 2196 5657 quibus
2228 5587 2316 5641 ille
2352 5588 2527 5642 bonus
2562 5585 2865 5641 mediculus
2892 5602 3024 5641 usus
3054 5595 3156 5641 est.
3191 5584 3425 5639 Verum-

1847 5691 2026 5736 tamen
2057 5681 2212 5746 vade,
2256 5680 2468 5746 dicunt,
2513 5691 2565 5736 et
2597 5691 2865 5751 quotquot
2910 5681 3120 5735 medico
3145 5680 3236 5749 qui
3275 5679 3427 5736 dedit

1847 5769 1942 5824 tibi
1971 5769 2275 5825 antidotum
2311 5771 2564 5838 attulisti,
2601 5778 2786 5826 nostro
2819 5771 2983 5828 etiam
3025 5770 3422 5843 gazOpbylacio
