3934 6308
511 324 651 389 3579

1386 322 1446 381 S.
1482 321 1899 385 SOPHRONII
1930 325 2440 389 PATRIARCH/E
2472 326 2881 388 HIEROSOL.

3637 320 3801 384 3580

510 437 665 500 aﬂ'er,
719 445 772 490 et
829 448 928 487 nos
988 432 1168 502 potius
1221 431 1319 487 tibi
1368 432 1704 503 porrigimus
1762 435 2074 490 sanitatem.
2099 430 2127 498 Ἀ

2220 440 2351 509 axitp
2385 439 2739 507 προσένεγκε,
2774 436 2869 490 καὶ
2894 437 3055 506 ἡμεῖς
3090 451 3172 488 σοι
3218 433 3416 503 μᾶλλον
3457 434 3561 503 τὴν
3612 433 3802 506 θερα-

512 530 697 598 llaque
752 526 855 594 ipsi
902 539 1028 578 cum
1078 523 1189 577 haec
1220 523 1513 588 dixissent,
1556 535 1927 593 recesserunt.
1983 526 2078 580 Ille

509 634 639 674 vero
674 616 912 669 velocius
956 628 1208 681 surgens,
1264 612 1371 667 tria
1407 612 1497 667 illa
1529 612 1687 668 oﬂ‘ert
1725 615 2078 676 numismata,

512 718 567 763 et
619 707 698 761 sic
755 704 1185 759 incolumitatem
1227 702 1604 772 consequitur.
1656 702 1830 769 Quam
1881 720 2008 758 cum
2053 721 2082 757 a

514 797 720 852 sanctis
755 794 1077 862 accepisset,
1113 793 1345 847 ulterius
1378 808 1571 846 renum
1614 807 1959 862 nequaquam
1995 794 2080 847 in~

518 888 831 942 ﬁrmitatem
867 886 1151 940 sustinuit.
1185 882 1293 938 Nos
1341 894 1521 938 autem
1562 897 1872 938 sermonem
1904 884 1993 938 hic
2019 885 2087 939 de

515 980 610 1034 illo
637 985 1105 1040 consummantes,
1162 984 1589 1042 sanctorumque
1632 974 1936 1030 claritatem
1968 976 2087 1047 glo-

516 1067 824 1134 riﬁcantes,
868 1066 934 1119 ad
984 1073 1191 1121 sanatae
1217 1066 1415 1135 linguae
1451 1064 1693 1134 linguam
1724 1071 1969 1120 nostram
2002 1066 2089 1119 iu-

520 1158 758 1215 citemus
790 1157 1179 1211 narrationem.

520 1269 658 1325 XLI.
719 1270 796 1323 De
839 1286 999 1334 puero
1036 1268 1231 1322 Manna
1274 1268 1363 1337 qui
1394 1268 1637 1337 linguam
1683 1277 1836 1321 extra
1869 1284 1926 1321 os
1967 1283 2092 1335 peu-

1082 1336 1293 1390 dentem
1309 1336 1553 1393 habebat.

591 1427 843 1483 Praesens
885 1430 985 1482 hoc
1024 1429 1333 1496 prodigium
1380 1442 1503 1481 cum
1537 1428 1609 1480 sit
1653 1427 1798 1482 inter
1832 1426 2094 1481 miracula

525 1521 848 1583 maximum,
888 1526 943 1573 et
974 1519 1155 1586 lingua
1198 1532 1417 1586 quoque
1447 1531 1586 1585 opus
1616 1517 1844 1571 haberet
1878 1517 2095 1584 majori,

529 1625 638 1663 non
682 1609 868 1664 carnis
921 1607 1292 1671 multitudine,
1329 1606 1423 1662 sed
1458 1607 1734 1675 loquentia
1781 1606 2098 1660 latitudine-

527 1714 635 1767 que
685 1712 1043 1760 sermonum;
1093 1697 1292 1765 quibus
1326 1712 1426 1751 nos
1472 1712 1578 1750 non
1622 1695 1974 1750 mediocriter
2001 1697 2100 1751 de-

2187 530 2348 583 πείαν
2399 530 2685 599 ὀρέγομεν.
2745 528 2907 581 Αὐτοὶ
2967 526 3067 594 μὲν
3121 525 3218 579 οὖν
3285 525 3460 577 ταῦτα
3513 523 3804 591 λέξαντες

2184 620 2387 690 ῷχοντο
2408 636 2421 649 ·
2457 622 2485 672 ὁ
2518 620 2573 672 δὲ
2606 618 2905 689 ταχύτερον
2935 616 3173 679 ἀναστὰς
3209 616 3279 670 τὰ
3306 616 3432 685 τρία
3468 616 3800 685 προσφέρει

2184 711 2515 781 νομίσματα,
2557 709 2651 761 καὶ
2678 708 2819 761 οὕτω
2848 709 2946 777 τὴν
2981 706 3149 776 ῥῶσιν
3183 707 3497 775 κομίζεται·
3530 708 3607 776 ἢν
3647 706 3796 775 πρὸς

2186 801 2293 852 τῶν
2316 801 2487 867 ἁγίων
2521 799 2832 867 δεξάμενος,
2862 798 3047 850 οὐκέτι
3079 796 3188 849 τῶν
3217 796 3432 866 νεφρῶν
3456 797 3794 867 ἀρρωστία-,ιν

2188 892 2500 960 ὑπέμεινεν.
2529 892 2720 958 Ἡμεῖς
2761 888 2818 941 δὲ
2852 887 2944 940 τὸν
2993 887 3121 956 περ)⁸
3145 887 3309 940 αὑτοῦ
3349 886 3511 955 λόγον
3538 888 3793 940 ἐνταῦθα

2190 981 2599 1051 πληρώσαντες,
2645 982 2738 1034 καὶ
2768 982 2875 1034 τῶν
2921 981 3094 1049 ἁγίων
3136 980 3198 1033 τὸ
3224 981 3380 1042 κλέος
3418 980 3792 1045 δοξάσαντες,

2192 1073 2329 1142 πρὸς
2364 1073 2608 1141 ἰαθείσης
2632 1072 2876 1142 γλώττης
2902 1071 3154 1140 διήγησιν
3184 1070 3282 1141 τὴν
3299 1073 3586 1141 ἡμετέραν
3615 1072 3794 1138 71:1:-

2192 1177 2292 1214 ταν
2320 1162 2654 1230 ὀτρύνωμεν.

2194 1269 2332 1326 MA'.
2355 1272 2489 1337 Περὶ
2513 1271 2619 1324 τοῦ
2641 1270 2882 1325 παιδίου
2905 1271 3082 1337 Μηνᾶ
3099 1272 3205 1325 τοῦ
3223 1271 3340 1334 ἔξω
3364 1270 3486 1336 τὴν
3505 1272 3797 1339 γλῶτταν

2411 1340 2790 1410 κρεμαμένην
2825 1342 2931 1394 τοῦ
2961 1343 3252 1409 στόματος
3286 1342 3567 1409 ἔχοντος.

2268 1431 2342 1483 Τὸ
2397 1431 2571 1502 παρὸν
2617 1429 2776 1483 τοῦτο
2819 1432 3105 1500 τεράστιον
3151 1430 3409 1500 μέγιστον
3463 1430 3527 1483 ὃν
3554 1433 3620 1483 έν
3680 1434 3795 1493 toi;

2200 1520 2463 1590 θαύμασι,
2512 1523 2607 1574 καὶ
2645 1520 2893 1590 γλώττης
2942 1522 3121 1575 ἐδέετο
3153 1520 3422 1590 μείζονος,
3477 1522 3543 1573 ού
3593 1521 3793 1590 πλήθει

2203 1609 2404 1678 σαρκὸς
2433 1608 2666 1679 ἐχούσης
2698 1609 2949 1677 μέγεθος,
2983 1608 3100 1661 ἀλλ’
3132 1608 3349 1678 εὐποιία
3379 1609 3475 1661 καὶ
3500 1609 3690 1677 λόγων
3710 1611 3796 1660 εῖδ-

2205 1699 2418 1770 ρύτητι,
2446 1692 2521 1752 ὧν
2549 1700 2711 1769 ἡμεῖς
2740 1698 2802 1751 οὐ
2840 1698 3077 1767 μετρίως
3107 1698 3437 1767 χηρεύομεν,
3476 1697 3558 1760 ὡς
3590 1700 3664 1751 ὲκ
3691 1699 3799 1748 τῶν
3866 1682 3877 1725 ἶ

530 1764 829 1849 stituimur,
851 1787 1308 1855 quemadmodum
1352 1772 1418 1841 ei:
1449 1788 1532 1840 his
1562 1801 1683 1855 quae
1704 1794 2103 1856 prazcesserunt

2220 1764 3258 1858 προλαϐόντωνδεδήλωταιίἚπειδηδὲ
3288 1764 3384 1840 καὶ
3411 1787 3578 1840 τοῦτο
3614 1787 3799 1854 λέγειν

531 1881 693 1939 datur
733 1878 988 1948 intelligi.
1034 1878 1170 1944 Quia
1207 1894 1335 1934 vero
1377 1888 1432 1933 ct
1468 1879 1574 1933 hoc
1609 1892 1710 1933 nos
1741 1877 1926 1933 dicere
1955 1893 2103 1932 mar-

532 1976 682 2038 tyres
706 1967 1113 2036 judicaverunt,
1150 1967 1397 2021 dicemus
1422 1974 1477 2020 et
1507 1967 1710 2035 ipsum,
1744 1966 1888 2020 sicut
1922 1965 2104 2020 dicere

534 2058 635 2125 ipsi
680 2056 1042 2125 porrexerint.
1081 2055 1276 2110 Mulier
1306 2066 1432 2110 ante
1473 2071 1582 2110 non
1616 2055 1848 2109 multum
1893 2062 2103 2124 tempo-

537 2150 612 2204 ris
643 2149 709 2203 ad
751 2157 1067 2202 sanctorum
1104 2147 1253 2201 venit
1295 2148 1601 2212 basilicam,
1647 2146 1816 2201 Maria
1861 2146 2104 2211 nomine,

532 2255 599 2296 ex
643 2238 863 2310 Egypti
915 2238 1190 2309 Babylone
1237 2238 1493 2303 oriunda,
1525 2245 1581 2291 et
1616 2253 1846 2308 puerum
1900 2238 2107 2297 habens

533 2329 689 2398 quasi
716 2342 989 2382 annorum
1019 2326 1141 2394 plus
1175 2327 1358 2381 minus
1390 2334 1537 2390 octo,
1588 2334 1643 2380 et
1673 2326 1817 2380 hunc
1858 2324 2107 2381 Mennam

536 2420 862 2489 appellabat,
898 2418 967 2472 ad
1013 2418 1280 2472 honorem
1328 2417 1539 2472 scilicet
1585 2416 1845 2487 martyris
1874 2416 1948 2471 ita
1978 2432 2111 2487 puc-

535 2527 655 2565 ΙΊΙΙΙΙ
690 2526 917 2566 vocans.

608 2602 833 2656 Mennas
878 2615 1010 2668 ergo
1058 2613 1196 2670 puer
1227 2598 1471 2668 linguam
1507 2596 1742 2652 habebat
1772 2597 2014 2652 exterius
2043 2602 2113 2654 ab

537 2707 631 2745 ore
655 2689 1004 2758 pendentem,
1062 2689 1547 2756 humanarumque
1600 2686 1931 2756 linguarum,
1986 2702 2112 2757 spe-

538 2783 621 2836 cie
664 2781 893 2835 multum
946 2788 1002 2834 et
1053 2777 1433 2850 magnitudine
1492 2776 1866 2844 dill‘erentem;
1934 2778 2115 2848 palmo

537 2872 682 2927 enim
736 2881 892 2927 extra
946 2872 1090 2925 labia
1138 2870 1540 2941 porrigebatur,
1591 2876 1646 2924 et
1690 2877 1857 2923 totam
1892 2869 2116 2935 barbam

537 2973 592 3020 et
636 2970 823 3034 guttur
868 2963 1170 3032 Operiebat,
1209 2968 1264 3017 et
1308 2961 1484 3016 instar
1536 2959 1632 3014 alti
1665 2968 1721 3016 et
1765 2960 1926 3030 pilosi
1958 2976 2118 3032 supe-

538 3056 705 3110 rioris
751 3054 880 3109 labii
929 3052 1094 3117 facta,
1151 3053 1393 3107 colorem
1444 3049 1672 3105 rubrum
1712 3065 1837 3105 cum
1879 3050 2115 3120 quodam

541 3156 682 3210 atro,
727 3146 937 3200 alterna
988 3144 1109 3199 vice
1154 3149 1503 3198 commutatis
1550 3141 1962 3210 purpurizabat.
2009 3140 2116 3195 Ex-

544 3246 792 3291 trancum
852 3244 907 3289 et
962 3236 1127 3289 nimis
1177 3232 1425 3289 deforme
1487 3234 1861 3304 spectaculmn
1916 3234 2114 3302 posita,

543 3336 885 3396 cunctosque
926 3340 1157 3380 monens
1205 3327 1298 3395 qui
1348 3324 1609 3380 videbant
1648 3324 1718 3378 ad
1748 3325 2000 3381 nausiam
2044 3324 2121 3380 si-

544 3417 656 3470 mul
706 3424 760 3470 et
797 3414 1255 3484 compassionem.
1301 3424 1464 3484 atque
1497 3413 1896 3468 intolerabilem
1948 3414 2123 3468 vomi-

543 3516 695 3573 tum;
738 3521 955 3578 semper
985 3508 1130 3561 enim
1182 3505 1353 3560 fontis
1404 3521 1557 3562 more
1588 3507 1794 3561 salivas
1824 3498 2117 3570 distillaus,

543 3609 597 3654 et
639 3609 858 3667 sputum
901 3598 1105 3672 jngiter
1160 3596 1418 3661 fundens,
1478 3598 1864 3652 vestimentum
1908 3597 2122 3666 rigabat

544 3699 597 3744 et
647 3699 863 3758 peetus,
912 3697 967 3743 ct
999 3688 1127 3742 huic
1181 3703 1246 3742 ex
1290 3688 1512 3758 propria
1570 3686 1990 3758 impertiebatur
2037 3686 2123 3741 ni-

546 3781 791 3849 gredine,
816 3781 1341 3835 communicatorem
1375 3796 1499 3836 eum
1530 3780 1734 3837 coloris
1758 3780 2018 3846 elIiciens;
2049 3779 2122 3834 ita

550 3880 611 3925 ut
648 3872 773 3924 hinc
811 3871 966 3925 multi
1010 3886 1112 3925 nec
1154 3871 1343 3926 videre
1384 3871 1676 3940 puerulum
1733 3879 1975 3941 possent.
2026 3870 2121 3924 sed

545 3975 601 4019 et
626 3965 672 4018 si
703 3978 994 4018 accurrere
1043 3963 1390 4032 contigisset,
1419 3964 1500 4017 sui
1535 3962 1816 4032 operirent
1871 3962 2122 4032 corporis

550 4055 764 4116 oculos,
793 4064 847 4109 et
887 4052 1060 4108 facies
1095 4067 1226 4107 suas
1254 4059 1667 4114 converterent,
1703 4066 1772 4105 ne
1800 4061 1996 4120 praeter
2028 4065 2125 4106 vo-

546 4142 812 4201 iuntalem
843 4144 962 4205 viso
988 4144 1105 4209 illo,
1138 4149 1336 4212 praeter
1361 4143 1698 4197 voluntatem
1726 4156 1986 4211 perverso
2007 4150 2123 4197 sto-

549 4237 745 4301 maclio
772 4234 1132 4287 vomuissent.
1169 4230 1323 4285 Multi
1368 4238 1552 4284 autem
1591 4246 1655 4285 ex
1689 4231 1776 4285 bis
1815 4230 1907 4299 qui
1940 4229 2125 4284 videre

550 4327 698 4382 hunc
738 4326 931 4380 saltem
983 4322 1050 4377 ad
1098 4323 1375 4378 modicum
1428 4330 1704 4392 poterant,
1740 4337 1865 4377 cum
1908 4322 2125 4392 aspice-

549 4429 674 4475 rent
722 4417 1151 4487 magnitudinem
1190 4417 1489 4487 passionis,
1545 4431 1737 4473 vocem
1803 4432 1969 4487 super
2012 4417 2123 4470 hoc

546 4510 891 4574 emittebant,
930 4524 1055 4580 qua:
1086 4524 1115 4562 τι
1142 4508 1428 4563 Salvatore
1465 4521 1632 4577 super
1662 4506 1943 4575 proditore
1980 4506 2125 4560 dicta

549 4601 1050 4669 est,hujuscemodi
1076 4601 1344 4666 clamans,
1369 4599 1497 4671 quia
1522 4599 1723 4655 bonum
1743 4610 1862 4653 erat
1884 4598 1932 4651 ei
1957 4598 2001 4652 si
2028 4613 2128 4652 ua-

548 4702 640 4749 tus
670 4708 777 4747 non
815 4694 1012 4748 l'uiSset
1058 4692 1221 4747 homo
1253 4692 1378 4749 iste.
1424 4691 1657 4759 Quidam
1698 4700 1878 4745 autem
1920 4690 2049 4744 huic
2076 4701 2130 4744 et

550 4784 1032 4854 interrogationem
1079 4784 1378 4850 addebant,
1426 4799 1548 4854 quae
1596 4782 1665 4839 de
1710 4797 1854 4839 caeco
1894 4790 2026 4837 nato
2061 4783 2129 4836 ab

544 4877 835 4945 apostolis,
874 4874 1012 4930 facta
1047 4882 1129 4931 est
1159 4890 1175 4931 :
1217 4875 1375 4941 Quis,
1419 4883 1604 4945 putas,
1629 4873 1902 4944 peccavit,
1945 4873 2033 4928 hic
2058 4888 2129 4928 an

547 4978 801 5039 parentes
829 4968 969 5038 ejus,
1002 4978 1060 5023 ut
1085 4970 1165 5023 sic
1195 4983 1375 5025 caecus
1412 4967 1773 5024 nasceretur?

619 5062 685 5119 Et
714 5063 819 5117 nisi
847 5064 991 5118 [ilius
1023 5078 1202 5119 caecus
1225 5069 1394 5128 esset,
1419 5078 1527 5117 non
1575 5063 1655 5118 sic
1687 5069 1934 5116 materna
1998 5074 2130 5127 pro-

547 5149 740 5207 diisset
774 5170 840 5207 ex
878 5154 1058 5207 vulva.
1089 5152 1193 5207 Sed
1221 5160 1387 5208 noctu
1412 5167 1538 5207 cum
1582 5153 1874 5213 dormiret,
1905 5151 2120 5204 themati

547 5243 773 5313 quidam
821 5244 1021 5300 noxius
1054 5245 1226 5298 multa
1258 5244 1407 5299 circa
1453 5244 1705 5299 homines
1748 5244 2017 5312 languens
2047 5242 2130 5294 in-

544 5335 721 5400 vidia,
780 5351 903 5390 cum
960 5337 1124 5407 hujus
1204 5335 1444 5406 linguam
1514 5334 2049 5405 comprehendisset,
2100 5349 2127 5384 a

544 5426 775 5497 prOpria
810 5427 1145 5481 habitatione
1192 5427 1487 5490 abstraxit,
1522 5434 1577 5479 et
1609 5425 1987 5495 perstringens
2011 5424 2133 5479 sine

547 5514 819 5583 parcitate
870 5514 963 5570 ille
1016 5516 1380 5581 fmdissimus,
1437 5516 1701 5583 majorem
1751 5516 1891 5569 hanc
1955 5514 2130 5586 plagis

548 5614 807 5671 operatus
837 5613 941 5668 est,
975 5606 1221 5677 forisque
1253 5607 1492 5677 pendere
1544 5615 1600 5661 et
1631 5622 1738 5661 non
1781 5606 2026 5676 separari
2064 5607 2134 5658 ab

553 5689 909 5751 interioribus
947 5696 1095 5752 fecit.
1130 5696 1249 5751 Non
1288 5697 1467 5753 sol-um
1498 5697 1643 5752 enim
1679 5713 1843 5767 super
1878 5712 2001 5751 eum
2033 5694 2130 5773 de-

2206 1882 2351 1950 ἡμᾶς
2391 1881 2441 1932 oi
2492 1882 2768 1950 μάρτυρες
2817 1879 3059 1950 ἔκριναν,
3102 1877 3346 1948 λέξωμεν
3391 1880 3487 1931 καὶ
3521 1877 3686 1939 αύτδ,
3725 1879 3798 1938 ὡς

2206 1966 2362 2019 αὐτοὶ
2406 1966 2462 2020 τὸ
2500 1966 2678 2033 λέγειν
2717 1966 2980 2036 ὀρέξωσιν
3004 1982 3019 1997 ·
3064 1966 3289 2019 Γύναιον
3334 1966 3397 2019 οὐ
3432 1966 3546 2035 πρὸ
3592 1966 3799 2020 πολλοῦ

2207 2057 2400 2127 καιροῦ
2411 2059 2502 2111 τὸν
2516 2058 2652 2111 νεὼν
2678 2057 2788 2111 τῶν
2817 2059 2987 2125 ἁγίων
3005 2057 3322 2128 κατείληφε·
3350 2057 3548 2126 Μαρία
3567 2058 3674 2127 μὲν
3685 2059 3803 2110 τοῦ-

2208 2166 2368 2220 νομα,
2401 2152 2498 2216 τῆς
2541 2149 2819 2217 Αἰγύπτου
2859 2150 2913 2203 δὲ
2950 2148 3269 2212 Βαϐυλῶνος
3311 2147 3681 2218 ὁρμώμενον·
3706 2148 3800 2200 καὶ

2212 2241 2496 2308 μειράκιον
2549 2240 2747 2310 ἔχουσα
2781 2240 2915 2293 ἑτῶν
2944 2239 3089 2293 ὀκτὼ
3123 2240 3305 2293 πλεῖον
3345 2240 3378 2309 ἢ
3409 2238 3667 2303 ἔλαττον,
3704 2240 3795 2291 καὶ

2209 2326 2396 2380 τοῦτον
2425 2330 2618 2398 Μηνᾶν
2648 2329 3041 2399 προσηγόρευε,
3065 2328 3202 2397 πρὸς
3227 2328 3392 2399 τιμὴν
3414 2328 3672 2398 δηλονότι
3706 2329 3800 2381 τοῦ

2213 2420 2490 2489 μάρτυρος
2523 2420 2666 2473 οὕτω
2697 2419 3000 2504 τὸκπαιδίον
3027 2421 3330 2474 καλέσασα.

2285 2597 2480 2667 Μηνᾶς
2524 2591 2617 2649 οὖν
2662 2596 2725 2648 τὸ
2758 2597 3044 2667 μειράκιον
3087 2594 3189 2665 τὴν
3225 2593 3475 2662 γλῶτταν
3517 2588 3674 2663 εἶχεν
3702 2594 3801 2657 ἔξω

2215 2687 2571 2759 κρεμαμένην
2616 2686 2711 2739 τοῦ
2769 2686 3059 2756 στόματος,
3099 2685 3229 2738 εῖδει
3268 2684 3377 2738 καὶ
3424 2682 3654 2753 μεγέθει
3694 2684 3800 2735 τῶν

2215 2777 2570 2848 ἀνθρωπίνων
2598 2777 2853 2846 γλωττῶν
2880 2776 3014 2830 πολὺ
3044 2776 3407 2846 διαφέρουσαν
3430 2791 3445 2804 ·
3471 2775 3573 2826 ἐπὶ
3600 2774 3801 2828 σπιθα-

2220 2870 2330 2940 μὴν
2362 2870 2471 2941 γὰρ
2505 2869 2633 2939 μίαν
2665 2868 2770 2935 ἔξω
2796 2868 3017 2938 χειλέων
3055 2865 3314 2937 αίώρητο,
3342 2864 3441 2919 καί⁵
3485 2865 3676 2918 πάντα
3715 2867 3804 2918 τὸν

2221 2961 2460 3029 πώγωνα
2509 2961 2604 3013 καὶ
2648 2959 2738 3011 τὸν
2780 2958 3062 3029 γάργαρον
3112 2957 3336 3019 ἕσκεπε,
3375 2957 3595 3026 ὑπήνης
3647 2958 3804 3026 δίκην

2223 3051 2446 3121 βαθείας
2471 3050 2791 3121 ὑπάρχουσα
2810 3065 2822 3077 ·
2852 3049 2912 3101 τὸ
2943 3048 2998 3101 δὲ
3022 3047 3223 3119 χρῶμα
3252 3047 3315 3100 τὸ
3342 3047 3578 3118 ἐρυθρὸν
3603 3049 3799 3117 μεταλ-

2221 3141 2451 3207 λάξασα,
2501 3143 2640 3212 μετά
2688 3138 2997 3210 μελάνσεώς
3037 3157 3183 3203 τινος
3233 3139 3602 3210 ὲπορφύριζε,
3658 3138 3806 3203 ξένον

2220 3228 2561 3302 προκειμένη
2607 3234 2702 3286 καὶ
2754 3234 3160 3287 δυσειδέστατον
3194 3232 3394 3300 θέαμα,
3445 3232 3541 3284 καὶ
3592 3232 3806 3293 πάντας

2221 3323 2447 3377 κινοῦσα
2472 3326 2597 3387 τοὺς
2629 3325 2925 3395 βλέποντας
2959 3325 3097 3395 πρὸς
3121 3324 3346 3379 ναυτίαν
3367 3322 3507 3392 ὁμοῦ
3541 3324 3639 3376 καὶ
3674 3339 3806 3392 συμ-

2221 3413 2452 3468 πάθειαν
2486 3417 2579 3468 καὶ
2605 3415 2740 3483 πρὸς
2761 3414 3034 3485 ἀφόρητον
3060 3414 3275 3483 ἔμετον.
3298 3413 3411 3466 Ἀεὶ
3444 3413 3558 3485 γὰρ
3588 3412 3805 3475 λιϐάδος

2220 3506 2377 3577 δίκην
2420 3509 2531 3570 τοῖς
2571 3506 2776 3569 σιάλοις
2823 3506 3267 3571 καταστάζουσα,
3313 3505 3406 3559 καὶ
3440 3504 3536 3556 τδν
3577 3505 3805 3558 πτυελδν

2221 3598 2462 3662 ἀεννάως
2516 3598 2827 3669 προχέουσα
2871 3598 2932 3651 τό
2983 3597 3030 3650 θ’
3088 3596 3302 3665 ἱμάτιον
3360 3595 3555 3666 ἔσρεχε
3593 3597 3693 3649 καὶ
3719 3596 3803 3647 τὸν

2224 3687 2468 3756 θώρακα,
2501 3688 2596 3741 καὶ
2622 3686 2780 3741 τοῦτο
2801 3688 2901 3757 τῆς
2919 3687 3127 3751 οἰκείας
3158 3687 3437 3757 μετεδίδου
3469 3686 3801 3756 μελάνσεως,

2224 3779 2478 3832 κοινωνὸν
2512 3778 2644 3831 αὐτὸ
2668 3778 2970 3848 ποιουμένη
2994 3776 3084 3831 τοῦ
3111 3776 3404 3848 χρώματος
3426 3792 3442 3805 ·
3468 3776 3546 3840 ώς
3582 3778 3804 3839 πολλοὺς

2228 3869 2326 3939 μὲν
2354 3868 2607 3922 ἐντεῦθεν
2644 3869 2781 3939 μηδὲ
2806 3871 2935 3940 ὸρᾷν
2957 3868 3018 3922 τὸ
3045 3869 3262 3922 παιδίον
3290 3866 3553 3922 δύνασθαι
3581 3886 3593 3897 ·
3621 3869 3739 3921 ἀλλ’
3760 3872 3802 3921 εἰ

2225 3960 2318 4012 καὶ
2354 3960 2550 4032 συνέϐη
2582 3960 2839 4028 γενέσθαι
2879 3964 3222 4030 συνάντησιν,
3260 3959 3487 4012 σκέπειν
3513 3959 3715 4022 αὐτοὺς
3740 3962 3803 4011 τὰ

2224 4050 2318 4105 τοῦ
2350 4053 2604 4122 σώματος
2644 4052 2893 4124 ὄμματα,
2941 4053 3035 4107 καὶ
3078 4052 3338 4122 στρέφειν
3363 4050 3549 4105 αὐτῶν
3584 4054 3665 4112 εἰς
3689 4052 3801 4104 τού⁹

2227 4141 2372 4195 πίσω
2392 4141 2463 4194 τὰ
2489 4142 2776 4213 πρόσωπα,
2804 4141 2893 4195 ἵνα
2918 4140 2993 4212 μὴ
3031 4140 3185 4211 παρὰ
3224 4139 3455 4210 γνώμην
3483 4138 3577 4192 τὸν
3605 4140 3800 4208 στόμα-

2226 4249 2321 4301 χον
2362 4231 2790 4303 διαστραφέντες
2829 4233 3134 4303 ὲμέσωσινο
3169 4232 3399 4291 πολλοὺς
3446 4231 3502 4284 δὲ
3531 4234 3662 4293 τοὺς
3687 4233 3800 4301 βλέ-

2228 4340 2352 4375 πειν
2394 4324 2527 4377 αὐτὸ
2557 4325 2648 4377 καὶ
2696 4324 2831 4395 πρὸς
2867 4321 3038 4393 βραχὺ
3065 4321 3199 4391 γοῦν
3245 4321 3559 4392 ἰσχύοντας,
3612 4324 3676 4375 τὸ
3716 4323 3798 4375 τοῦ

2158 4453 2202 4509 D
2232 4412 2435 4490 πάθους
2460 4414 2761 4485 ὲνορῶντας
2780 4413 3111 4491 ὑπέρογκον,
3141 4411 3243 4481 τὴν
3265 4411 3417 4480 παρὰ
3442 4411 3537 4464 τού
3560 4412 3800 4481 Σωτῆρος

2230 4504 2325 4556 ἐπὶ
2352 4503 2430 4574 τῷ
2487 4502 2727 4575 προδότῃ
2755 4500 3041 4571 λεχθεῖσαν
3072 4498 3293 4566 ἀφιέναι
3342 4499 3553 4567 φωνὴν,
3602 4499 3801 4550 καὶέπὶ

2225 4596 2388 4649 τοῦτο
2421 4596 2570 4666 βοᾷν,
2605 4595 2687 4647 ὅτι
2711 4593 2876 4647 καλὸν
2899 4588 2967 4663 ἦν
2996 4592 3149 4662 αύτῷ
3183 4592 3232 4643 εί
3257 4591 3360 4643 οὐκ
3383 4589 3650 4659 ἐγεννήθη
3678 4591 3704 4640 ὁ
3727 4590 3798 4640 ἂν·

2229 4687 2446 4759 θρωπος
2471 4689 2706 4751 ἐκεῖνος’
2739 4685 2892 4748 τινὰς
2923 4685 2980 4738 δὲ
3007 4683 3181 4754 ταύτῃ
3213 4680 3565 4754 προστιθέναι
3594 4682 3684 4732 καὶ
3712 4681 3798 4746 τὴν

2232 4780 2361 4849 περὶ
2387 4778 2478 4831 τοῦ
2510 4776 2714 4847 τυφλοῦ
2745 4776 3101 4845 γεννηθέντος
3135 4772 3505 4842 ἁποστολικὴν
3531 4772 3798 4840 ἐπερώτη-

2233 4887 2337 4930 σιν,
2368 4869 2456 4922 τὸ’
2490 4868 2587 4932 Τίς
2617 4870 2725 4938 ἄρα
2754 4869 3028 4939 ἥμαρτεν,
3059 4860 3215 4928 οὗτος
3258 4865 3290 4934 ἢ
3332 4864 3385 4917 oi
3412 4866 3593 4932 γονεῖς
3621 4859 3794 4923 αὐτοῦ,

2232 4962 2299 5015 ἶν’
2328 4960 2501 5021 οὕτως
2525 4961 2751 5029 γένηται
2773 4975 2788 5024 ;

2304 5053 2411 5105 Καὶ
2436 5053 2484 5104 εί
2516 5051 2590 5122 μὴ
2624 5050 2687 5104 τὸ
2726 5049 2936 5105 παιδίον
2974 5048 3172 5117 τυφλὸν
3214 5048 3535 5117 ἐτύγχανεν,
3581 5046 3699 5118 μηδ’
3718 5045 3797 5099 οὗ.

2232 5162 2339 5207 τως
2371 5140 2629 5214 μητρῴας
2644 5139 2834 5211 νηδύος
2853 5139 3124 5210 ἐξέθορεν·
3151 5137 3291 5191 ἀλλὰ
3319 5138 3517 5200 νυκτὸς
3538 5138 3614 5200 ώς
3644 5137 3796 5190 ἐκαθ-

2234 5237 2425 5302 ευδεν,
2499 5234 2706 5305 δαίμων
2775 5250 2858 5296 τις
2946 5231 3224 5302 ἁλιτήριος
3295 5229 3430 5283 πολῦ
3519 5230 3688 5282 νοσῶν
3743 5230 3795 5279 τὸ

2237 5324 2645 5396 μισάνθρωπον,
2675 5325 2770 5394 τῆς
2815 5321 3006 5376 τούτου
3035 5319 3283 5388 γλώττης
3327 5318 3667 5388 δραξάμενος
3704 5316 3792 5381 τῆς

2234 5418 2440 5481 οἰκείας
2483 5416 2668 5479 ἑστίας
2714 5413 3051 5477 ἐξέσπασενο
3103 5412 3197 5464 καὶ
3241 5409 3451 5479 πλήξας
3502 5409 3727 5477 ἀφειδῶς
3769 5406 3791 5456 6

2237 5509 2581 5580 παμμίαρος,
2612 5507 2702 5559 καὶ
2735 5506 2958 5577 μείζονα
2990 5503 3194 5573 ταύτην
3221 5504 3342 5564 ταῖς
3371 5500 3611 5569 πληγαῖς
3650 5502 3793 5568 spra-

2238 5605 2497 5673 σάμενος,
2521 5598 2625 5663 ἔξω
2653 5597 2966 5670 κρέμασθαι
2990 5596 3083 5649 καὶ
3110 5593 3185 5664 μὴ
3211 5592 3513 5662 χωρείσθαι
3536 5595 3644 5655 τοῖς
3669 5589 3792 5641 ἔνειμε

2242 5697 2527 5766 πεποίηκε.
2543 5694 2616 5745 Οὐ
2643 5692 2799 5763 μόνον
2823 5690 2928 5760 γὰρ
2955 5686 3103 5758 αύτῷ
3122 5687 3181 5739 τὸ
3198 5685 3435 5747 δυσειδὲς
3457 5682 3779 5752 ἐπεφαίνεῖνι.
