3934 6308
390 183 414 213 ὶ

199 277 362 344 3581

1262 289 1364 348 SS.
1405 289 1582 350 CYRI
1630 293 1726 352 ET
1765 294 2089 356 JOANNIS
2118 298 2532 362 MIRACULA-

3361 307 3506 371 358:?

197 386 598 483 &1M_xal_':6
632 389 730 483 τῆς
763 390 909 483 ζωῆς
944 393 1098 464 ήνθει
1136 397 1235 466 τῆς
1285 399 1565 470 παρούσης
1602 401 1799 454 ἐπώδυ-

1924 405 2177 464 formitas
2226 411 2545 480 apparebat,
2601 409 2699 466 sed
2749 419 2805 466 et
2844 411 3004 465 dolor
3044 411 3170 466 vita:
3217 419 3500 483 praesentis

204 495 332 533 νον.
361 479 585 549 Τμφῆς
611 481 713 550 μὲν
747 482 854 553 γὰρ
881 487 1108 556 στερεᾶς
1136 489 1406 553 παντοίως
1427 492 1706 562 ἐστέρητο,
1733 494 1808 564 μὴ

1922 494 2148 549 ﬂorebat
2181 511 2194 547 :
2232 497 2412 551 solido
2461 497 2664 567 quippe
2699 499 2825 552 cibo
2859 512 3085 564 prorsus
3113 500 3356 566 calebat,
3389 516 3504 556 non

205 571 543 642 δυναμένων
572 572 655 627 ἐτι
690 575 800 628 τῶν
827 577 1055 630 ὀδόντων
1093 579 1296 650 ταύτην
1347 581 1577 636 λεαίνειν
1619 584 1799 656 ὥσπερ

1912 585 2232 640 valentibus
2279 585 2428 640 hunc
2472 586 2586 640 ullo
2633 586 2799 641 modo
2849 587 3109 668 dentibus
3157 603 3310 642 more
3337 590 3502 647 solito

210 662 536 730 εἰώθεισαν,
563 665 654 719 διά
684 666 784 739 τὴν
815 668 913 739 τῆς
956 669 1202 740 γλώττης
1247 672 1440 744 ἐξοχὴν
1469 674 1564 728 καὶ
1598 676 1811 746 παραύ-

215 753 403 823 ξησιν,
433 757 608 828 ὑγρᾶς
636 759 693 812 δὲ
732 759 884 828 μόλις
905 764 999 814 καὶ
1030 762 1260 834 ροὡδους
1282 764 1502 832 ἐγεύετο
1529 765 1804 838 βρώσεως,

219 853 444 920 μηχανῇ
476 868 583 904 τινι
613 855 713 922 τῆς
741 854 948 924 μητρὸς
974 857 1073 924 τὴν
1105 855 1352 923 γλῶτταν
1371 858 1691 928 ἐίργούσης,
1716 865 1806 914 καὶ

234 941 432 1011 .αύτην
471 943 767 1016 ἐγχεούσης
784 945 861 1015 τῷ
893 948 1140 1017 στόματι.
1171 950 1282 1002 Καὶ
1308 949 1467 1003 τοῦτο
1495 953 1590 1020 μὲν
1621 949 1687 1023 ἦν
1709 953 1802 1006 τοῦ

217 1033 416 1096 παιδὸς
437 1033 496 1086 τὸ
523 1036 885 1108 ἀρρώστημα,
899 1039 926 1092 6
952 1041 1164 1108 μηδεὶς,
1182 1042 1258 1104 ὡς
1275 1039 1448 1112 οἶμαι,
1471 1044 1581 1097 τῶν
1597 1045 1693 1098 ἀνθ
1701 1045 1807 1115 ρώ⁴

216 1142 347 1178 ’πων
397 1127 708 1195 ὑπέμεινεν,
748 1130 883 1201 μηδὲ
929 1131 1192 1196 παθόντος
1243 1133 1403 1187 ἄλλου
1435 1134 1714 1201 τεθέαται,
1757 1139 1806 1190 εί

219 1218 320 1268 καὶ
353 1217 421 1269 τά
450 1219 684 1287 μάλιστα
717 1221 882 1291 μηδὲν
912 1222 1015 1274 ὑπὸ
1054 1223 1144 1276 τὸν
1179 1223 1330 1293 ἥλιον
1362 1221 1499 1276 εἶναι
1528 1227 1713 1278 καινόν
1747 1243 1806 1279 τε

221 1309 323 1359 καὶ
349 1308 657 1376 πρόσφατον
680 1310 708 1363 6
739 1312 900 1379 σοφὸς
937 1313 1368 1386 Ἑκκλησιαστὴς
1392 1316 1732 1386 ἀπεφήνατο.

301 1484 492 1537 Πολλοὶ
521 1485 651 1552 γοῦν
681 1487 870 1550 παῖδες
913 1489 1045 1540 αὐτὸ
1076 1487 1184 1540 τῶν
1234 1487 1436 1555 ἰατρῶν
1485 1487 1802 1551 ἐθεάσαντο,

215 1575 320 1626 καὶ
352 1575 557 1628 τούτων
593 1577 702 1628 ἴδον
735 1578 784 1629 οί
815 1577 1165 1649 προῦχοντες,
1194 1579 1290 1631 καὶ
1337 1577 1474 1649 πρὸς
1523 1577 1583 1630 τὸ
1633 1577 1805 1640 πάθος

228 1666 398 1730 εὐθὺς
431 1668 881 1738 ἐκπληττόμενοι.
918 1671 1140 1737 μονονοὺ
1174 1671 1373 1731 πάντες
1394 1669 1491 1731 τὰς
1520 1669 1672 1737 ὄψεις
1708 1667 1802 1720 τύ-

215 1770 450 1817 πτοντες
477 1754 712 1824 ἔφυγον,
750 1759 946 1826 μηκέτι
979 1757 1172 1829 δρᾶσαι
1205 1757 1632 1826 γιγνώσκοντες,
1673 1759 1808 1829 μήτε

216 1846 404 1917 εὑρεῖν
429 1847 487 1900 ἐν
517 1851 632 1911 τοῖς
666 1848 775 1900 τῶν
803 1851 1048 1920 ἀρχαίων
1071 1850 1487 1918 Ἀσκληπιάδων
1521 1850 1807 1920 συγγράμ-

220 1952 385 2004 μασι.
430 1936 613 2007 Κῦρος
647 1940 706 1991 δὲ
741 1940 837 1993 καὶ¹
870 1941 1122 2010 Ἰωάννης
1153 1941 1202 1992 οἱ
1238 1941 1511 2011 μάρτυρες
1543 1942 1592 1993 οἱ
1623 1939 1806 1993 θεόθεν

213 2025 319 2090 τὰς
349 2026 520 2090 ίάσεις
550 2031 940 2100 προφέροντες,
977 2029 1076 2101 τὴν
1102 2031 1386 2101 παροῦσαν
1418 2029 1617 2094 ἰδόντες
1645 2030 1804 2083 ἀσθέο

214 2135 389 2181 νειαν,
421 2119 573 2172 οὐδὲν
600 2121 812 2173 τοιοῦτο
842 2121 1167 2190 δεδράκασιν
1185 2161 1202 2189 ,
1231 2121 1352 2174 οὐδὲ
1379 2121 1515 2190 πρὸς
1545 2121 1644 2190 τὴν
1673 2120 1804 2175 θέαν

214 2210 391 2280 αὐτὴν
416 2209 816 2282 ἐξεπλάγησαν,
843 2213 964 2266 οὐδὲ
995 2212 1071 2275 ὡς
1099 2213 1339 2284 δυσχερῆ
1389 2213 1800 2286 παρῃτήσαντο,

213 2300 342 2354 οὐδὲ
373 2300 448 2371 μὴ
481 2301 792 2372 γεγράφθαι
827 2301 1028 2372 ταύτης
1071 2303 1132 2356 τὸ
1173 2304 1467 2374 φάρμακον
1506 2303 1657 2372 παρά
1684 2303 1803 2373 Θεῷ

212 2391 298 2462 τῷ
336 2393 553 2446 πάντων
607 2394 775 2465 ίατρῷ
821 2395 1464 2466 διεκήρυξαν.Ἀκριϐὦς
1513 2397 1621 2465 γὰρ
1667 2395 1798 2465 ήπί-

217 2501 436 2550 σταντο,
463 2484 540 2548 ὡς
567 2484 746 2538 πάντα
777 2486 877 2538 ὅσα
908 2486 1160 2556 ἐθέλησεν
1183 2487 1210 2539 6
1237 2485 1439 2553 Κύριος
1468 2485 1722 2555 ἐποίησεν
1745 2487 1800 2538 ἐν

215 2572 299 2644 τῷ
327 2572 541 2644 οὐρανῷ
589 2575 685 2626 καί⁹
729 2575 787 2626 ἐν
827 2576 893 2645 τῇ
925 2575 1018 2644 γῇ,
1051 2576 1109 2626 ἐν
1143 2575 1262 2636 ταῖς
1292 2573 1590 2634 θαλάσσαις
1621 2573 1716 2624 καὶ
1742 2574 1799 2624 ἐν

217 2666 421 2727 πάσαις
461 2668 582 2729 ταῖς
615 2665 892 2730 άϐύσσοις,
921 2667 1016 2719 καὶ
1058 2666 1134 2730 ὡς
1181 2665 1252 2718 τά
1296 2665 1448 2736 παρά
1492 2665 1800 2737 ἀνθρώποις

98 2781 120 2786 -
217 2755 478 2818 ἀδύνατα,
515 2757 714 2811 δυνατᾶ
749 2757 903 2828 παρὰ
949 2756 1069 2827 Θεῷ
1117 2757 1552 2827 καθεστήκασιν,
1583 2759 1677 2810 καὶ
1724 2758 1798 2822 ὠς

219 2846 401 2900 πάντα
430 2847 594 2910 ἐλεεῖ,
610 2847 692 2900 ὃτι
714 2848 914 2911 πάντα,
947 2847 1090 2900 καθὰ
1119 2851 1148 2901 6
1181 2846 1304 2900 Ἰὼϐ
1329 2846 1523 2918 ἔφησε,
1543 2847 1792 2901 δύναται·

219 2938 317 2992 καὶ
339 2937 414 3000 ὡς
459 2939 488 2990 6
520 2937 755 3008 μελῳδὸς
786 2938 950 2990 Δαϐὶδ
983 2940 1041 2991 ὲν
1071 2938 1322 3008 Ψαλμοῖς
1351 2937 1716 3008 ἐμελῴδησεν,
1747 2939 1794 2991 οἱ

1917 673 2322 740 comminuere,
2362 683 2587 743 propter
2628 673 2828 740 linguas
2875 674 3401 744 supereminentiam
3443 685 3499 731 et

1909 763 2220 834 improbum
2271 764 2692 820 incrementum.
2740 764 3029 818 Humidam
3067 781 3197 820 vero
3226 776 3280 820 et
3312 769 3491 821 sorbi-

1909 855 2014 909 lem
2061 855 2442 909 tantummodo
2493 855 2747 926 gustabat
2805 870 3012 917 eseam,
3077 856 3300 924 ingenio
3351 873 3490 925 quo-

1910 947 2034 999 dam
2084 953 2258 1001 matre
2301 945 2543 1016 linguam
2599 955 2844 1012 arcente,
2901 954 2955 1000 et
2989 961 3170 1001 escam
3225 947 3398 1016 ipsam
3437 947 3493 1001 in

1910 1053 1973 1092 os
2004 1036 2337 1094 eﬁ‘undente.
2383 1039 2450 1092 Et
2481 1039 2570 1092 hic
2607 1039 2826 1107 quidem
2875 1038 3028 1107 pueri
3075 1038 3306 1107 languor
3354 1048 3490 1100 erat,

1906 1145 2066 1198 quem
2100 1131 2305 1196 nullus,
2331 1139 2389 1185 ut
2415 1146 2562 1195 reor,
2600 1131 2884 1185 hominum
2932 1130 3220 1192 sustinuit,
3255 1129 3352 1184 sed
3386 1142 3487 1182 nec

1909 1217 2020 1286 pati
2067 1217 2234 1271 alium
2277 1219 2679 1287 contemplatus
2729 1225 2834 1281 est,
2883 1218 3140 1286 quamvis
3202 1216 3339 1269 nihil
3385 1215 3490 1270 sub

1907 1307 2026 1360 sole
2061 1297 2264 1360 novum
2307 1324 2428 1364 esse
2477 1309 2563 1362 vel
2593 1323 2812 1374 recens,
2849 1307 3216 1363 Ecclesiastes
3265 1308 3487 1378 sapiens

1909 1395 2272 1459 perhibuerit.

1978 1481 2128 1536 Multi
2159 1485 2320 1552 igitur
2355 1483 2500 1538 hunc
2528 1484 2782 1553 discipuli
2833 1483 3167 1539 medicorum
3210 1484 3487 1546 viderunt,

1905 1581 1960 1628 et
1988 1574 2180 1628 horum
2207 1575 2389 1628 intuiti
2425 1585 2552 1630 sunt
2572 1583 2956 1645 praeceptores,
2990 1585 3044 1630 et
3070 1590 3169 1646 pro
3191 1582 3336 1628 tanta
3362 1589 3488 1644 pas-

1908 1663 2078 1727 sione,
2108 1663 2398 1732 stupefacti
2443 1679 2656 1730 omnes,
2729 1673 2943 1718 tantum
2996 1665 3365 1734 percutientes
3417 1662 3489 1715 fa-

1837 1736 1885 1795 Β
1913 1757 2053 1822 cies,
2113 1755 2393 1824 fugiebant
2431 1773 2450 1822 ;
2505 1772 2685 1826 neque
2731 1757 2862 1827 quid
2906 1756 3218 1826 hujusmodi
3282 1756 3484 1809 factum

1911 1848 2170 1913 scientes,
2199 1863 2377 1917 neque
2410 1850 2630 1904 audisse
2659 1863 2718 1903 se
2754 1862 3032 1918 nunquam
3082 1847 3190 1901 tale
3213 1847 3483 1916 jurantes,

1909 1940 2003 1993 sed
2039 1954 2142 1993 nec
2167 1939 2444 1994 invenisse
2482 1954 2541 1994 se
2590 1941 2642 1993 in
2676 1939 3028 2008 antiquorum
3059 1923 3478 2005 conscriptioni-

1908 2030 2012 2085 bus
2032 2029 2387 2086 medicorum.
2414 2029 2591 2102 Cyrus
2625 2039 2809 2084 autem
2834 2037 2889 2083 et
2910 2027 3154 2083 Joannes
3215 2035 3482 2097 martyres

1906 2122 2171 2177 sanitates
2240 2121 2505 2176 divinitus
2571 2119 2944 2190 proferentes,
3026 2117 3284 2187 praesenti
3365 2117 3482 2171 visa

1905 2212 2240 2275 inﬁrmitate,
2271 2212 2409 2265 nihil
2451 2193 2558 2266 tale
2584 2219 2894 2281 gesserunt,
2923 2225 3102 2278 neque
3120 2210 3186 2263 ad
3211 2208 3474 2263 visionem

1903 2301 2080 2372 ipsam
2131 2301 2556 2370 obstupuerunt,
2592 2317 2768 2370 neque
2815 2309 2875 2354 ut
2911 2299 3044 2369 quid
3085 2297 3298 2352 diﬁicile
3321 2312 3480 2350 recu-

1903 2403 2119 2458 sarunt,
2155 2393 2249 2447 sed
2301 2409 2473 2464 neque
2523 2393 2686 2461 hujus
2741 2393 3008 2448 medelam
3065 2391 3322 2459 scriptam
3365 2403 3477 2441 non

1902 2499 2024 2540 esse
2058 2486 2197 2552 apud
2225 2483 2394 2537 Deum
2435 2492 2758 2538 cunctorum
2789 2484 3060 2538 medicum
3091 2481 3477 2550 praedicarunt.

1900 2577 2218 2631 Certissime
2244 2592 2478 2646 namque
2504 2583 2791 2640 noverant,
2816 2573 2960 2644 quod
2987 2573 3171 2628 omnia
3221 2587 3480 2640 quascun-

1900 2683 2005 2737 que
2055 2667 2226 2720 voluit
2263 2667 2524 2720 Dmninus
2579 2667 2706 2720 fecit
2734 2668 2786 2719 in
2815 2666 2956 2719 caelo
3001 2671 3056 2718 et
3108 2665 3162 2722 in
3205 2673 3372 2727 terra,
3419 2663 3475 2716 in

1899 2756 2036 2810 mari
2079 2763 2134 2808 et
2186 2757 2238 2810 in
2265 2756 2518 2809 omnibus
2555 2756 2766 2825 abyssis
2804 2772 2818 2819 ;
2859 2762 2912 2808 et
2938 2753 3084 2822 quod
3118 2752 3475 2823 impossibilia

1900 2847 2038 2916 apud
2070 2847 2342 2909 homines,
2368 2847 2643 2914 possibilia
2669 2853 2794 2900 sunt
2826 2844 2970 2914 apud
2997 2844 3165 2899 Deum
3200 2861 3215 2908 ;
3251 2843 3473 2912 etquod

1898 2936 2140 2988 omnium
2197 2936 2514 2996 miseratur,
2577 2939 2703 3004 quia
2743 2937 2948 2996 omnia,
3012 2942 3072 2987 ut
3095 2933 3197 2987 Job
3253 2935 3472 2995 asserit,
3525 2937 3532 2944 ‘

220 3029 498 3099 οἰκτιρμοίν
525 3028 686 3082 αὐτοῦ
719 3029 812 3081 ἐπὶ
841 3029 1019 3082 πάντα
1045 3029 1114 3080 τά
1158 3027 1294 3098 ἔργα
1327 3026 1492 3080 αὐτοῦ
1526 3028 1794 3093 πλουσίως

1905 3038 2102 3100 potest.
2143 3027 2209 3083 Et
2265 3028 2408 3082 sicut
2451 3028 2758 3080 modulator
2809 3025 2974 3079 David
3024 3025 3078 3078 in
3124 3025 3475 3080 Psalmisest

222 3120 560 3190 ἐκχύνονται.
589 3119 751 3172 Ὅθεν
807 3119 900 3173 τὸν
949 3119 1283 3174 ἀσθενοῦντα
1309 3119 1614 3188 δεξάμενοι,
1647 3121 1796 3188 φιλο-

224 3209 497 3279 φροσύνης
534 3209 631 3278 μὲν
660 3209 876 3279 πρῶτον
904 3210 1161 3279 ήξίωσαν,
1194 3205 1312 3262 εἶτα
1339 3211 1432 3264 καὶ
1456 3209 1676 3280 θαρσεῖν
1697 3210 1797 3280 τὴν

221 3301 411 3355 τούτου
460 3301 658 3370 τροφὸν
703 3302 1144 3372 παρεσκεύασαν,
1191 3301 1570 3371 σκοπουμένην
1618 3301 1798 3354 αὐτῶν

222 3392 292 3446 τὰ
318 3382 616 3464 παράδοξα.
647 3395 854 3465 Χρόνον
884 3395 941 3447 δέ
969 3395 1174 3465 βραχὺν
1205 3394 1596 3466 ἀναμείναντες
1619 3395 1678 3448 οὑ
1701 3395 1799 3463 τὴν

225 3484 522 3554 θεραπείαν
554 3484 935 3554 σκεπτόμενοι,
967 3483 1082 3537 ἀλλ’
1112 3484 1197 3537 ἵνα
1227 3485 1301 3555 μὴ
1330 3484 1391 3536 τὸ
1416 3483 1626 3536 τοιοῦτο
1653 3485 1799 3553 πρᾶ-

222 3588 338 3642 γμα
363 3572 664 3642 θαυμάσιον
685 3574 766 3636 είς
792 3573 1007 3641 ὀλίγους
1034 3573 1230 3644 κομιδῇ
1268 3574 1362 3626 καὶ
1381 3573 1502 3626 λίαν
1533 3573 1799 3645 ἀριθμου-

227 3662 418 3732 μένους
441 3662 711 3730 ἀφίκοιτο,
741 3663 1146 3732 ἐμφανέστερον
1166 3663 1221 3715 δὲ
1244 3661 1440 3729 μᾶλλον
1456 3665 1567 3726 τοῖς
1590 3663 1798 3715 πλείοσι

225 3754 317 3808 καὶ
348 3752 768 3824 γνωριμώτερον
797 3754 1028 3822 γένοιτο.
1065 3753 1172 3806 Καὶ
1210 3752 1366 3805 τοῦτο
1391 3752 1547 3823 δῆλον
1573 3752 1680 3804 ἀπὸ
1704 3753 1796 3806 τοῦ

224 3848 320 3914 τῆς
370 3845 563 3908 ἰάσεως
606 3845 808 3915 τρόπου
842 3843 1179 3914 καθέστηκεν
1200 3855 1215 3870 ⁹
1247 3843 1306 3896 οὑ
1335 3843 1443 3916 γὰρ
1474 3845 1591 3896 τόδε
1626 3847 1799 3896 ποιεῖν

223 3936 288 3990 δι’
317 3936 609 4008 ὁράματος,
630 3937 664 4009 ἢ
686 3937 804 3991 τόδε
835 3937 1195 4008 προσέταξαν,
1225 3937 1297 4000 ὡς
1323 3937 1443 4000 ἔθος
1473 3939 1652 4000 αὐτοῖς
1684 3937 1800 3989 διαα

225 4023 577 4093 πράττεσθαι,
605 4015 720 4078 ἀλλ’
741 4026 829 4078 ὅτε
861 4025 1137 4096 ῥωσθῆναι
1162 4025 1223 4080 τὸ
1247 4027 1458 4080 παιδίον
1482 4027 1795 4093 ἐθέσπισαν,

225 4115 391 4180 οὕτως
427 4117 676 4188 ἐπράχθη
715 4117 964 4191 φανερῶς
999 4119 1070 4172 τὰ
1106 4121 1206 4192 τῆς
1246 4119 1489 4190 ῥώσεως.

1902 3121 2252 3186 modulatus,
2310 3121 2691 3174 miserationes
2724 3119 2862 3187 'ejus
2912 3119 3092 3188 epime
3152 3117 3472 3171 funduntur.

1901 3210 2054 3265 Unde
2091 3212 2366 3264 inﬁrmum
2415 3212 2589 3278 primo
2621 3211 2839 3278 quidem
2889 3193 3185 3262 libera-liter
3215 3223 3472 3274 suscepe-

1898 3310 2048 3365 runt,
2094 3294 2446 3356 deinde’vero
2478 3301 2639 3354 etiam
2690 3301 2886 3354 nutrici
2923 3299 3174 3352 ﬁduciam
3207 3298 3474 3367 praestite-

1898 3403 2047 3460 runt,
2083 3410 2268 3448 eorum
2314 3393 2704 3461 contemplanti
2743 3391 3028 3444 miracula.
3055 3391 3302 3458 Cumque
3324 3388 3472 3443 brevi

1899 3494 2145 3555 tempore
2199 3486 2495 3555 prmstolati
2553 3484 2808 3547 fuissent,
2860 3500 2968 3537 non
2997 3497 3161 3551 super
3190 3481 3475 3535 curatione

1900 3553 2262 3644 ambigentes,
2307 3575 2401 3629 sed
2454 3589 2521 3627 ne
2574 3583 2681 3626 tam
2742 3573 3046 3625 mirandum
3101 3572 3378 3639 negotium
3407 3571 3471 3623 ad

1901 3665 2057 3718 valde
2107 3680 2332 3734 paucos,
2365 3673 2419 3717 et
2453 3664 2545 3734 qtti
2582 3672 2810 3732 possent
2843 3664 2998 3717 facile
3029 3661 3307 3716 nttmerari
3348 3676 3473 3729 per-

1897 3757 2152 3824 lingeret,
2195 3758 2304 3809 imo
2347 3765 2407 3807 ut
2460 3755 2806 3810 manifeSIius
2878 3755 3126 3822 pluribus
3178 3763 3230 3807 et
3299 3755 3475 3822 magis

1901 3848 2175 3917 cognitum
2226 3845 2401 3899 ﬁeret.
2442 3845 2507 3898 Et
2554 3845 2660 3898 hoc
2715 3846 3062 3914 perspicuum
3108 3860 3137 3898 a
3170 3845 3506 3899 sanationis

1901 3939 2063 3993 modo
2091 3938 2368 3992 consistit.
2403 3935 2522 3990 Non
2551 3937 2695 3991 enim
2740 3937 2842 3991 hoc
2874 3937 3051 3991 facere
3081 3954 3176 4006 per
3197 3938 3468 3991 somnium

1899 4032 1983 4085 vel
2047 4031 2174 4092 hoc,
2208 4039 2268 4084 ut
2301 4030 2468 4083 moris
2513 4038 2631 4082 erat
2663 4029 2744 4082 eis
2783 4028 2993 4097 agendi,
3019 4027 3304 4098 jusserunt
3336 4045 3350 4092 ;
3377 4027 3470 4081 sed

1900 4121 2122 4192 quando
2166 4120 2494 4174 incolumem
2529 4119 2757 4173 reddere
2815 4135 3040 4189 puerum
3090 4119 3470 4179 decreverunt,

1900 4212 1981 4267 sic
2027 4220 2176 4282 gesta
2218 4218 2346 4265 sunt
2388 4225 2509 4280 quae
2541 4209 2607 4264 ad
2639 4211 2927 4266 sanitatem
2970 4211 3244 4281 pertinere
3267 4209 3474 4278 liquido

1898 4301 2238 4354 claruerunt.

291 4375 578 4447 Μεσούσης
616 4377 717 4448 τῆς
757 4375 970 4447 ἡμέρας
1018 4377 1134 4447 μεθ’
1164 4378 1365 4447 ἡλίκων
1392 4378 1554 4431 τινῶν
1579 4378 1640 4432 τὸ
1675 4395 1794 4449 μει-

1971 4391 2242 4445 Mediante
2294 4390 2403 4454 die,
2446 4404 2571 4444 cum
2639 4387 2962 4458 quibusdam
2997 4385 3289 4441 coaetaneis
3337 4399 3474 4453 puer

229 4467 412 4537 ράκιον
463 4467 570 4537 πρὸ
617 4465 710 4519 τοῦ
746 4465 856 4519 τῶν
905 4467 1076 4534 ἁγίων
1123 4467 1314 4532 ἔπαιζε
1349 4469 1664 4538 μνήματος·
1702 4470 1798 4522 καὶ

225 4557 358 4626 ὅπερ
403 4555 547 4624 φιλεῖ
587 4555 907 4626 συμϐαίνειν
952 4559 1011 4610 ἐν
1057 4560 1170 4620 τοῖς
1209 4557 1416 4611 παίδων
1461 4558 1794 4628 ἀθύρμασιν,

227 4649 352 4700 ποτέ
386 4647 484 4718 μὲν
512 4647 672 4711 αὐτὸς
700 4647 922 4718 ἐτέρους
953 4648 1088 4720 πρὸς
1116 4648 1308 4716 ἔδαφος
1337 4647 1553 4719 ἔφερεν,
1581 4649 1713 4702 ποτὲ
1741 4650 1798 4703 δὲ

226 4738 407 4792 τοῦτον
455 4737 602 4792 ἄλλοι
636 4739 991 4792 κατέϐαλλον.
1032 4740 1300 4800 Πεσόντος
1328 4740 1457 4806 γοῦν
1490 4739 1675 4798 αὑτοῦ.
1706 4743 1800 4794 καὶ

227 4830 333 4890 τοῖς
361 4829 671 4900 μαρμάροις
700 4831 1139 4901 προσεγγισάσης
1172 4833 1270 4900 τῆς
1299 4831 1493 4898 ὅῷεως,
1529 4831 1732 4885 τούτων
1763 4834 1797 4903 ή

227 4918 434 4986 γλῶττα
470 4920 817 4991 προσήψατοο
847 4923 940 4973 καὶ
981 4922 1137 4990 μόνον
1167 4921 1240 4983 ὠς
1268 4920 1489 4991 ἔθηξεν,
1523 4922 1597 4984 ὡς
1634 4924 1696 4975 ἐκ
1721 4941 1802 4976 τι-

229 5028 314 5075 νος
339 5011 646 5082 διωκομένη
667 5013 762 5065 καὶ⁵
788 5011 1084 5081 φεύγουσα,
1113 5014 1250 5083 πρὸς
1273 5014 1408 5083 ὅπερ
1430 5009 1498 5085 ἦν
1522 5016 1579 5066 ἐν
1602 5015 1801 5086 ἀρχαῖς

230 5102 626 5168 συνεστέλλετο,
659 5103 755 5156 καὶ
781 5103 852 5156 τὰ
885 5103 992 5156 ἴδια
1027 5104 1198 5174 μέτρα
1232 5105 1298 5156 τά
1330 5104 1436 5173 πρὸ
1464 5103 1558 5156 τοῦ
1594 5105 1801 5168 πάθους

227 5194 456 5263 ἐδέχετο,
505 5195 600 5247 καὶ
649 5194 745 5264 τὴν
799 5193 1053 5266 εὔχροιαν
1103 5195 1266 5258 εὐθὺς
1318 5195 1710 5264 ἀνελάμϐανεν,
1741 5197 1801 5249 τὸ

225 5285 456 5348 δυσειδὲς
478 5288 655 5339 ἐκεῖνο
681 5287 879 5357 χρῶμα
908 5288 1000 5340 καὶ
1022 5288 1210 5357 σχῆμα
1239 5288 1332 5339 καὶ
1361 5286 1589 5356 μέγεθος
1615 5288 1676 5340 τὸ
1701 5305 1800 5340 πο-

225 5375 492 5447 λυσαρκίᾳ
543 5377 862 5448 βριθόμενον
913 5379 1148 5447 ῥίψασα·
1198 5378 1291 5431 καὶ
1341 5380 1374 5449 ή
1423 5379 1530 5431 τῶν
1574 5379 1801 5434 ὀδόντων

213 5466 492 5530 ἀκουσίως
544 5467 650 5532 ἔξω
701 5468 1112 5538 προκύπτουσα,
1155 5465 1254 5540 τὴν
1305 5469 1560 5540 τοιαύτην
1605 5471 1801 5541 ἀθρόον

227 5557 454 5610 λαθοῦσα
511 5559 824 5628 συνήθειαν,
868 5560 974 5612 οὐδ’
1011 5561 1275 5623 ἑκουσίοις
1326 5564 1660 5628 προκύπτειν
1704 5566 1800 5632 ἡν-

232 5649 424 5718 ίσχετο,
461 5651 574 5705 ἀλλ’
609 5652 739 5703 εῐσω
765 5651 988 5722 χειλέων
1018 5652 1092 5716 ὡς
1123 5654 1176 5704 ἐν
1205 5651 1380 5722 οἰκείᾳ
1414 5653 1641 5707 παστάδι
1671 5655 1803 5708 καθ-

1899 4489 2025 4535 ante
2085 4491 2398 4535 sanctorum
2444 4488 2858 4533 monumentum
2914 4478 3180 4541 ludebat;
3235 4487 3288 4531 et
3323 4477 3472 4545 quod

1898 4573 2380 4642 contingereinter
2406 4571 2565 4626 ludos
2597 4585 2890 4640 puerorum
2921 4571 3145 4636 assolet,
3176 4570 3472 4637 aliquando

1898 4661 2117 4730 quidem
2165 4662 2282 4730 ipse
2332 4660 2470 4714 alios
2501 4661 2554 4712 in
2603 4667 2807 4714 terram
2843 4660 3139 4722 sternebat,
3178 4657 3474 4726 aliquando

1899 4766 2026 4806 vero
2054 4751 2197 4804 hunc
2219 4751 2309 4804 alii
2338 4749 2686 4819 dejiciebant.
2720 4749 2858 4818 Ergo
2890 4763 2955 4802 eo
2990 4747 3215 4802 cadente
3241 4753 3296 4800 et
3326 4760 3473 4798 mar-

1901 4843 2145 4897 moribus
2176 4842 2315 4896 facie
2350 4842 2495 4897 illius
2541 4842 2720 4904 allisa,
2756 4842 2870 4894 haec
2905 4839 3024 4907 ejus
3056 4839 3235 4907 attigit
3264 4837 3468 4906 lingua.

1904 4934 1967 4987 Et
2000 4943 2059 4986 ut
2092 4933 2432 4986 solummodo
2477 4941 2622 4986 taeta
2653 4941 2758 4997 est,
2796 4933 2952 5000 quasi
2998 4945 3026 4982 a
3059 4943 3334 4998 quoquam
3361 4943 3479 4996 pera

1901 5026 2235 5080 secutionem
2286 5039 2466 5092 passa,
2501 5032 2554 5077 et
2596 5023 2721 5094 fuga
2773 5025 2944 5092 lapsa,
2998 5023 3066 5077 ad
3115 5023 3166 5076 id
3219 5021 3360 5091 quod
3418 5023 3470 5074 in

1902 5115 2186 5185 principiis
2207 5123 2325 5168 erat
2353 5113 2702 5184 subterfugit,
2723 5124 2777 5168 et
2803 5129 3109 5170 mensuram
3131 5129 3286 5169 suam
3305 5127 3467 5181 quam

1903 5215 2028 5258 ante
2061 5205 2372 5274 passionem
2415 5205 2698 5269 habuerat,
2735 5207 3006 5274 extemplo
3039 5205 3260 5274 recepit,
3292 5211 3345 5255 et
3376 5203 3473 5256 b0-

1902 5313 2032 5350 num
2089 5298 2327 5351 colorem
2384 5296 2672 5351 confestim
2725 5299 3056 5367 resumpsit,
3103 5297 3334 5352 deformi
3380 5297 3473 5351 illo

1902 5389 2146 5456 exploso,
2173 5403 2236 5442 ac
2263 5387 2435 5443 forma
2465 5405 2557 5442 seu
2587 5389 2958 5458 magnitudine
2996 5406 3116 5459 qua:
3144 5389 3326 5443 multis
3347 5403 3471 5441 car-

1904 5479 2066 5532 nibus
2113 5479 2445 5547 gravabatur
2494 5479 2728 5546 abjecta.
2771 5479 2833 5533 Et
2883 5494 3002 5548 qua:
3043 5480 3160 5533 sine
3194 5481 3472 5534 voluntate

1906 5569 2054 5620 foras
2108 5577 2259 5621 extra
2305 5571 2494 5623 dentes
2538 5570 2852 5634 eminebat,
2895 5570 3206 5640 lmjusmodi
3253 5577 3473 5638 repente

1904 5659 2219 5714 oblitterata
2252 5660 2671 5728 consuetudine,
2707 5677 2807 5717 nec
2839 5661 3141 5719 voluntarie
3163 5664 3474 5736 prominere
