3934 6308
452 371 593 435 3583

1312 378 1375 438 S.
1402 377 1819 440 SOPHRONII
1847 371 2354 438 PATRIARCI—LE
2396 373 2802 433 IIIEROSOL.

3581 370 3739 433 358%

454 486 779 556 patiebatur,
805 488 900 543 sed
931 488 1072 544 intra
1112 488 1256 544 labia
1292 490 1437 546 sicut
1490 493 1545 546 in
1589 494 1812 563 proprio
1842 492 2023 547 locata

2130 488 2331 549 ίσασα,
2368 487 2460 539 καὶ
2501 488 2707 556 κόσμον
2756 486 3103 543 ἀναλαϐοῦσα
3150 488 3242 541 τὸν
3293 487 3585 558 πρότερον,
3636 489 3739 541 καὶ

451 579 715 643 thalamo,
764 580 998 648 priorem
1036 590 1289 635 ornatum
1334 584 1654 653 resumpsit.
1692 583 1756 638 Et
1797 599 1920 639 cum
1948 584 2028 638 fa-

450 676 598 721 ceret
632 670 932 724 secundum
958 680 1213 725 naturam
1238 674 1611 741 operationem
1662 690 1841 742 suam,
1874 677 2026 731 inco-

452 759 637 825 gnitus
684 761 1076 816 ostendebatur
1137 763 1529 833 propemodum
1599 781 1735 835 puer
1789 767 1874 821 his
1930 768 2023 837 qui

451 846 597 901 hunc
626 859 751 903 ante
778 852 1061 921 paululum
1091 854 1359 910 viderant.
1403 853 1519 910 Hoc
1560 866 1738 913 autem
1759 858 2024 911 mirarulo

449 937 613 1003 facto,
656 942 867 997 clamor
906 946 1100 1015 ingens
1131 950 1198 1005 ab
1238 954 1324 1009 his
1363 951 1456 1020 qui
1490 952 1652 1006 simul
1692 951 2025 1019 jocabantur

450 1031 634 1097 pueris
687 1037 1039 1106 exsurgebat,
1092 1050 1146 1093 et.
1184 1057 1377 1099 omnes
1407 1044 1499 1114 qui
1545 1043 1599 1097 in
1631 1043 1833 1111 templo
1866 1049 2024 1097 erant

448 1120 516 1174 ad
557 1122 824 1179 visionem
871 1131 1291 1199 conveniebant,
1342 1136 1433 1204 qui
1481 1135 1547 1190 ad
1589 1144 1859 1205 patratum
1886 1148 2021 1188 con-

447 1216 674 1268 stermti
706 1218 1038 1289 prodigium,
1069 1233 1124 1276 et
1165 1236 1389 1280 sanctos
1413 1226 1665 1280 laudibus
1682 1227 2019 1292 extulerunt,

445 1313 499 1358 et
521 1308 750 1375 positam
773 1310 827 1363 in
847 1311 1157 1382 Evangeliis
1180 1316 1246 1371 de
1260 1316 1559 1373 Salvatoris
1573 1318 1787 1372 actibus
1807 1333 2015 1384 vocem,

448 1410 643 1463 magna
691 1399 1083 1457 vociferatione
1112 1406 1376 1459 miserunt
1406 1426 1419 1460 :
1456 1405 1723 1470 Vidimus,
1747 1409 2019 1472 dicentes,

448 1485 721 1541 mirabilia
784 1489 943 1546 hodie
993 1511 1009 1559 ;
1068 1492 1461 1565 Christumque
1513 1498 1716 1566 ipsum,
1783 1497 1876 1565 qni
1923 1512 2017 1566 per

447 1578 666 1632 eosdem
694 1591 915 1636 sanctos
955 1584 1279 1639 miraculum
1315 1596 1586 1656 gesserat,
1616 1588 2016 1658 gloriﬁcahant,

444 1675 499 1721 et
530 1668 666 1724 bene
706 1671 772 1726 de
800 1677 1034 1729 sanitate
1068 1679 1410 1746 pr0priarum
1458 1681 1776 1749 passionum
1829 1697 2015 1749 spera-

441 1758 595 1811 bant.
627 1758 797 1815 Porro
829 1779 928 1819 nos
952 1766 1283 1821 mirabilium
1314 1769 1476 1825 hodie
1504 1772 1783 1825 auditores
1814 1756 2014 1840 eﬁ‘eCti,

441 1846 747 1918 horumque
790 1855 1058 1921 operariis
1099 1855 1281 1927 dignis
1316 1858 1532 1929 hymnis
1574 1862 1755 1927 elatis,
1782 1861 2015 1917 aliorum

422 1938 777 1998 -mirabilium
826 1944 1123 2002 etliciamur
1156 1964 1459 2019 praecones.

610 2098 774 2155 XLII.
816 2100 893 2157 De
926 2102 1164 2177 Eugenio
1211 2119 1481 2178 geometra
1527 2110 1839 2183 hydropico.

512 2295 586 2352 De
603 2312 732 2354 rure
761 2301 919 2357 nobis
943 2313 1219 2374 geometra
1243 2308 1390 2363 venit
1413 2306 1713 2379 Eugenius,
1741 2311 1832 2378 qui
1857 2326 2021 2369 omne

440 2389 662 2459 quidem
712 2408 935 2452 mensus
982 2404 1065 2452 est
1102 2414 1317 2467 arvum,
1361 2411 1604 2457 ventrem
1646 2412 1824 2458 autem
1857 2421 2017 2461 suum

440 2479 621 2533 metiri
669 2496 776 2536 non
826 2486 1022 2552 potuit,
1081 2488 1173 2558 qui
1198 2504 1263 2543 ex
1312 2491 1546 2560 quadam
1597 2492 1816 2546 humida
1868 2493 1921 2548 in
1958 2509 2019 2549 se

438 2567 667 2623 collecta
705 2573 1013 2628 substantia
1063 2586 1330 2643 creverat,
1372 2594 1479 2633 non
1512 2581 1757 2636 imitatus
1781 2582 2031 2655 muralem.

439 2669 496 2714 et
526 2663 917 2718 numerabilem
968 2668 1419 2736 magnitudinem,
1468 2671 1564 2724 sed
1603 2673 2019 2743 incomprehen-

441 2750 677 2817 sibilem,
721 2761 776 2807 et
805 2756 947 2810 mole
987 2758 1332 2829 maximoque
1366 2767 1579 2817 tumore
1630 2762 1829 2817 factam
1855 2780 2017 2819 mon-

441 2841 592 2897 tibus
622 2843 853 2898 similem
881 2846 1289 2903 celsitudinem.
1314 2849 1597 2908 Demensis
1622 2864 1802 2908 autem
1841 2858 2016 2924 preci-

440 2934 546 2991 bus
579 2938 769 3003 utitur,
797 2939 940 2994 inter
963 2950 1280 2998 sanctorum
1326 2947 1512 3001 volens
1537 2950 1814 3004 numerari
1846 2951 2016 3005 mira-

439 3029 563 3083 cula
607 3046 621 3094 ;
660 3045 907 3100 magnam
946 3034 1148 3103 quippe
1174 3036 1275 3091 hoc
1305 3052 1428 3093 esse
1471 3039 1791 3110 dignitatem
1820 3044 2014 3097 existi-

441 3130 619 3182 mans,
653 3117 858 3173 idcirco
881 3129 938 3174 ut
964 3122 1064 3175 hac
1095 3124 1247 3178 lleret
1267 3125 1464 3196 dignus
1498 3130 1803 3199 proposuit.
1834 3131 1887 3186 In
1913 3133 2014 3187 hoc
2043 3166 2086 3224 ο

440 3206 563 3275 ipso
612 3216 794 3263 autem
840 3219 895 3265 e‘t
943 3213 1180 3282 qualiter
1230 3230 1290 3271 se
1344 3217 1568 3274 haberet
1619 3225 1895 3292 correptio
1924 3224 2019 3279 de-

439 3310 780 3369 monstrans,
804 3314 1016 3361 sextum
1035 3321 1157 3363 sese
1199 3306 1338 3363 inter
1370 3311 1754 3382 Egyptiorum
1790 3316 2020 3371 adduxit

440 3399 496 3446 et
521 3389 814 3462 Libyorum
840 3398 1207 3467 narrationes,
1222 3403 1468 3472 praedicti
1494 3406 1707 3460 numeri
1731 3404 2021 3474 perfectio-

441 3496 565 3536 nem
595 3481 897 3551 admirans,
935 3497 989 3541 et
1019 3487 1165 3544 hunc
1198 3500 1484 3561 propterea
1530 3495 1813 3564 suscipere
1868 3503 2019 3551 sorte

441 3572 710 3630 festinans
736 3593 751 3642 ;
773 3578 914 3633 unde
938 3595 1042 3635 nos
1076 3588 1187 3636 tam
1217 3582 1476 3639 desiderii
1521 3601 1685 3657 quam
1714 3586 2019 3659 disciplina}

441 3664 589 3721 hunc
618 3668 974 3737 admirantes,
1007 3687 1197 3742 preces
1247 3690 1496 3746 agamus.

512 3839 823 3908 Geometra,
856 3851 917 3897 ut
950 3844 1209 3912 diximus,
1247 3859 1364 3904 erat
1396 3848 1697 3920 Eugenius,
1726 3852 2017 3924 IEgyptius

443 3942 659 3999 genere.
694 3929 795 3986 Hic
823 3948 1086 4003 aquarum
1120 3938 1397 4006 potatione
1425 3941 1722 3997 nmltarum
1761 3943 1832 3998 ob
1877 3945 2014 3999 cali-

441 4016 636 4071 dorum
686 4034 872 4074 aerum
908 4024 1215 4079 molestiam
1258 4042 1415 4095 usus,
1454 4029 1771 4099 languorem
1800 4033 2015 4101 gravis-

338 4159 347 4168 ,
443 4110 642 4164 simum
663 4113 872 4179 incidit,
906 4116 997 4185 qui
1022 4116 1177 4172 valde
1202 4134 1356 4173 suam
1384 4120 1703 4190 expandens
1727 4124 2011 4192 virtutem,

442 4200 498 4254 in
553 4200 850 4272 hydrOpem
901 4206 1195 4261 maximam
1248 4209 1532 4264 minimum
1564 4211 1696 4266 illud
1737 4215 2013 4270 residuum

441 4294 745 4347 transtulit.
789 4293 924 4350 Nam
957 4307 1012 4352 et
1062 4298 1162 4353 hoc
1210 4299 1419 4356 habens
1447 4301 1746 4372 Eugenius,
1790 4322 1890 4360 nec
1934 4309 2016 4363 sic

442 4383 512 4437 ab
545 4399 813 4453 aquarum
864 4388 1141 4456 potatione
1174 4393 1428 4447 cessabat
1460 4412 1476 4459 ;
1506 4410 1796 4465 quousque
1828 4409 2016 4454 ventre

2132 578 2430 647 ποιουμένη
2462 578 2604 631 κατὰ
2637 579 2799 647 φύσιν
2832 579 3030 648 ἑαυτῆς
3056 579 3157 649 τὴν
3188 577 3499 649 ἐνέργειαν,
3536 578 3741 647 ἀγνώ-

2131 683 2311 738 ριστον
2360 668 2572 721 ἐδείκνυ
2621 673 2734 731 τοῖς
2779 670 2886 740 πρὸ
2932 669 3183 740 βραχέως
3231 672 3401 743 δρῶσι
3440 672 3636 742 σχεδὸν
3669 672 3734 725 τὸ

2133 758 2440 828 μειράκιον.
2471 759 2677 812 Τούτου
2712 760 2821 830 γὰρ
2850 760 3136 830 γεγονότος
3166 762 3261 815 τοῦ
3290 761 3599 831 θαύματος.
3630 762 3730 831 βοὴ

2126 846 2450 917 διαπρύσιος
2496 849 2633 918 πρὸς
2683 850 2790 901 τῶν
2841 850 3153 922 ἀουρόντων
3208 851 3439 904 παιδίων
3475 852 3725 920 ἐγένετο,

2125 939 2219 992 καὶ
2250 941 2376 1001 τοὺς
2404 941 2461 992 ὲν
2490 922 2710 1011 τῷναῴ
2738 941 2945 1005 πάντας
2989 944 3082 996 ἐπὶ
3130 943 3230 1015 τὴν
3259 943 3389 996 θέαν
3425 945 3728 1013 συνήθροι-

2126 1030 2238 1097 ζεν,
2271 1030 2319 1083 οἳ
2364 1031 2501 1101 πρὸς
2524 1032 2586 1084 τὸ
2614 1031 2856 1102 πραχθὲν
2887 1032 3255 1102 ἐκπλαγέντες
3284 1036 3596 1104 τεράστιον,
3630 1038 3726 1088 καὶ

2124 1123 2248 1186 τοὺς
2275 1123 2461 1190 ἁγίους
2496 1123 2816 1194 ἀνύμνησαν
2835 1167 2851 1192 ,
2888 1126 3151 1195 κάκείνην
3180 1124 3278 1195 τὴν
3307 1126 3496 1196 φωνὴν
3526 1125 3629 1195 τὴν
3668 1128 3727 1177 ἐν

2123 1213 2477 1281 Εὑαγγελίοις
2504 1215 2768 1285 κειμένην
2797 1217 2927 1288 περὶ
2950 1218 3057 1269 τῶν
3073 1216 3165 1270 τοῦ
3184 1217 3437 1288 Σωτῆρος
3462 1218 3727 1287 πράξεων

2124 1306 2522 1376 μεγαλα-ρώνως
2540 1308 2876 1376 ἀνέπεμπον,
2892 1308 3012 1362 Εἴδο
3020 1327 3140 1379 μεν,
3150 1309 3423 1377 λέγοντες,
3436 1326 3512 1361 πα
3523 1309 3725 1379 ράδοξα

2124 1398 2396 1467 σήμερον·
2430 1400 2521 1451 καὶ
2559 1399 2796 1469 Χριστὸν
2829 1401 2993 1454 αὑτὸν
3026 1402 3118 1454 τὸν
3164 1401 3230 1454 δι’
3266 1402 3449 1455 αὐτῶν
3494 1418 3721 1471 πεπρα-

2120 1489 2253 1558 χότα
2296 1489 2356 1541 τὸ
2400 1489 2585 1559 θαῦμα
2633 1490 3086 1562 εὐχαριστοῦντες
3121 1494 3408 1559 ἐδόξαζονο
3457 1494 3555 1545 καὶ
3586 1494 3717 1563 περὶ

2117 1582 2217 1651 τῆς
2244 1581 2462 1650 ῥώσεως
2489 1583 2688 1647 πάντες
2712 1584 2959 1653 ἐγένοντο
2987 1587 3095 1639 τῶν
3124 1588 3343 1640 οἰκείων
3370 1588 3517 1658 παθη
3531 1590 3723 1645 μάτων

2119 1673 2414 1737 εὐέλπιδες.
2465 1675 2658 1745 Ἡμεῖς
2692 1675 2749 1728 δὲ
2777 1677 3100 1748 παραδόξων
3135 1679 3401 1748 ἀκροαταὶ
3428 1680 3720 1748 γενόμενοι

2122 1765 2387 1836 σήμερον,
2429 1767 2523 1819 καὶ
2554 1768 2680 1830 τοὺς
2709 1767 2914 1821 τούτων
2948 1771 3186 1837 ἐργάτας
3215 1770 3382 1836 ἀξίως
3430 1772 3721 1843 ὑμνήσαν-

2121 1874 2233 1923 τες,
2266 1856 2584 1931 παραδόξων
2618 1858 2794 1913 ἄλλων
2823 1859 3114 1931 γενώμεθα
3146 1863 3412 1933 κήρυκες.

2155 2096 2290 2152 Mll'.
2343 2096 2483 2165 Περὶ
2524 2098 2815 2167 Εὐγενίου
2856 2100 2959 2152 τοῦ
2998 2099 3330 2169 γεωμέτρου
3370 2101 3677 2170 ὑδρωπιὰ-

2789 2184 3010 2234 carro;
3020 2209 3034 2222 .

2189 2298 2280 2365 Ἐξ
2316 2299 2557 2370 ἀρούρας
2588 2300 2721 2370 ἡμῖν
2771 2301 2800 2352 ό
2845 2302 3168 2374 γεωμέτρης
3211 2299 3375 2373 ἦλθεν
3426 2305 3707 2373 Εὑγένιος,

2120 2397 2300 2448 πᾶσαν
2351 2394 2450 2465 μὲν
2507 2394 2926 2465 μετρησάμενος
2974 2398 3234 2467 ἄρουραν,
3269 2396 3470 2451 ἑαυτοῦ
3517 2398 3577 2451 δὲ
3609 2400 3713 2469 τὴν

2118 2486 2357 2555 γαστέρα
2385 2488 2604 2557 μετρεῖν
2630 2486 2691 2539 οὑ
2717 2486 3032 2555 δυνάμενος,
3057 2487 3122 2540 ἐκ
3142 2506 3286 2552 τινος
3308 2489 3484 2558 ὑγρᾶς
3515 2492 3717 2551 οὐσίας

2118 2581 2193 2642 είς
2229 2577 2396 2647 αὑτὴν
2423 2576 2815 2648 ἀθροιζομένης
2844 2577 3162 2648 αὑξήσασαν
3182 2617 3198 2643 ,
3229 2581 3323 2632 καὶ
3358 2582 3711 2649 μιμουμένην

2118 2671 2217 2723 οὑκ
2255 2669 2544 2739 ἀρουραῖον
2572 2668 2908 2739 εὑμέτρητον
2947 2668 3198 2738 μέγεθος,
3229 2669 3343 2723 ἀλλ’
3376 2671 3563 2741 ὄρεσιν
3595 2673 3709 2723 ἐοι-

2119 2759 2212 2820 κὸς
2246 2758 2568 2827 δυσέφικτον
2604 2756 2807 2827 ὕψωμα
2829 2798 2844 2822 ,
2874 2762 2997 2821 ταῖς
3043 2759 3371 2830 ὑπερόγκοις
3410 2761 3504 2813 καὶ
3550 2762 3709 2829 μεγί-

2121 2865 2274 2911 σταις
2303 2849 2568 2917 οἰδήσεσι.
2601 2849 3060 2918 Μεμετρημέναις
3101 2850 3158 2902 δὲ
3201 2850 3399 2919 χρῆται
3427 2852 3703 2920 δεήσεσιν,

2120 2938 2552 3008 συμμετρεῖσθαι
2582 2940 2693 3001 τοῖς
2727 2937 2965 3013 Θαύμασι
3000 2939 3105 2992 τῶν
3136 2941 3307 3007 ἁγίων
3336 2941 3704 3010 βουλόμενοςο

2123 3029 2366 3100 μεγάλην
2400 3029 2509 3098 γὰρ
2539 3024 2683 3082 εἶναι
2717 3029 2815 3098 τὴν
2857 3029 3014 3094 ἀξίαν
3055 3030 3381 3100 ἡγούμενος,
3410 3030 3500 3084 διὰ
3544 3031 3709 3085 τοῦτο

2118 3120 2324 3190 ταύτης
2349 3119 2630 3184 ἀξιοῦσθαι
2661 3120 3002 3191 προείρηται.
3022 3121 3108 3173 Ἐν
3134 3122 3321 3191 ταυτῷ
3343 3121 3400 3175 δὲ
3430 3125 3526 3176 καὶ
3554 3125 3709 3187 ὅπως

2119 3208 2233 3279 ἔχει
2263 3209 2599 3272 παιδεύσεως
2634 3209 3064 3278 ἐνδεικνύμενος,
3091 3209 3250 3263 ἕκτον
3274 3211 3465 3264 ἑαυτὸν
3496 3213 3555 3264 ὲν
3583 3215 3705 3275 ταῖς

2118 3300 2431 3368 Αἰγυπτίων
2476 3300 2571 3352 καὶ
2617 3299 2832 3353 Λιϐύων
2877 3300 3054 3370 ἦγαγε
3103 3300 3442 3371 διηγήσεσιν,
3477 3300 3572 3353 τοῦ
3614 3301 3701 3351 λε·-

2118 3389 2339 3461 χθέντος
2364 3387 2599 3459 ἀριθμοῦ
2630 3386 2927 3458 θαυμάζων
2948 3388 3007 3441 τὸ
3031 3389 3235 3442 τέλειον
3261 3429 3276 3455 ,
3312 3389 3408 3442 καὶ
3431 3389 3519 3442 διὰ
3540 3389 3704 3443 τοῦτο

2117 3483 2308 3537 τοῦτον
2357 3481 2668 3543 σπουδάσας
2701 3479 3121 3551 κληρώσασθαι·
3172 3481 3295 3534 ὅθεν
3326 3482 3488 3551 ἡμεῖς
3516 3482 3609 3534 τοῦ
3641 3499 3700 3534 τε

2117 3574 2284 3628 πόθου
2315 3573 2410 3626 καὶ
2436 3572 2535 3642 τῆς
2565 3571 2815 3635 παιδείας
2846 3571 3010 3625 αὑτὸν
3034 3572 3398 3641 ὰγασάμενοι,
3429 3572 3529 3642 τὴν
3550 3572 3698 3642 αῐτη·

2120 3682 2206 3720 σιν
2243 3664 2556 3737 δράσωμεν.

2187 3842 2513 3914 Γεωμέτρης
2541 3838 2631 3915 ἦν,
2665 3846 2740 3907 ὡς
2770 3843 2929 3916 ἔφην,
2959 3845 3236 3913 Εὑγένιος,
3268 3845 3330 3898 τδ
3357 3845 3511 3914 γένος
3534 3846 3697 3911 Αἰγύ-

2116 3950 2293 3996 πτιος.
2334 3928 2501 3996 Οὗτος
2528 3934 2824 4006 ὑδροποσίᾳ
2853 3935 3021 4006 πολλῇ
3072 3935 3163 3989 διὰ
3202 3936 3303 4007 τὴν
3332 3936 3441 3989 τῶν
3481 3936 3701 4005 Θερμῶν

2115 4020 2294 4092 ἀέρων
2343 4020 2643 4091 ὲπάχθειαν
2684 4021 3001 4094 χρώμενος,
3051 4022 3132 4087 είς
3177 4025 3334 4077 νόσον
3387 4024 3699 4094 βαρυτάτην

2117 4112 2514 4174 εῑσπέπτωκεν,
2539 4113 2661 4183 ἥτις
2689 4113 2824 4167 πολὺ
2854 4115 2953 4183 τῆς
2985 4115 3191 4178 οἰκείας
3220 4115 3448 4170 ἐνδοῦσα
3474 4115 3701 4185 σφοδρό-

2114 4222 2298 4276 τητος,
2324 4206 2426 4267 ,εἰς
2457 4204 2645 4276 ὕδερον
2686 4206 2943 4274 μέγιστον
2973 4206 3035 4259 τὸ
3067 4207 3301 4278 σμικρὸν
3353 4209 3532 4260 ἐκεῖνο
3577 4223 3703 4278 μετ·

2118 4295 2308 4349 έόαλεν
2342 4295 2609 4366 ἑλειμμα·
2657 4298 2751 4350 καὶ
2796 4297 2956 4351 τοῦτο
2988 4300 3095 4372 γάρ
3126 4300 3264 4369 ἔχων
3294 4302 3574 4369 Εὑγένιος,
3603 4301 3702 4369 τῆς

2115 4387 2225 4440 τῶν
2270 4387 2476 4441 ὑδάτων
2509 4389 2609 4441 οὑκ
2638 4390 2802 4458 ἔληγε
2834 4392 3077 4454 πόσεως·
3125 4392 3229 4454 ἕως
3273 4386 3333 4444 οὗ
3376 4394 3495 4445 κατ’
3524 4393 3703 4460 ὀλίγον

441 4479 781 4530 tumescente
801 4477 1061 4546 paulatim
1082 4479 1287 4549 iaceret
1312 4482 1627 4551 immobilis,
1654 4495 1770 4540 cete
1789 4490 2013 4557 grandia

2123 4478 2472 4549 ὀγκούμενος,
2504 4478 2759 4549 ἀκίνητος
2785 4479 3020 4550 ἔμεινεν,
3040 4483 3135 4534 καὶ
3163 4482 3366 4550 μᾶλλον
3395 4484 3701 4544 κατέκειτο.

440 4576 496 4622 et
524 4582 749 4638 magnos
803 4568 1046 4626 imitatus
1091 4571 1377 4639 dracones,
1427 4575 1523 4646 qui
1560 4592 1852 4645 corporum
1877 4582 2015 4635 mole

439 4662 923 4734 magnitudineque
953 4664 1186 4733 gravati,
1219 4664 1477 4721 incedere
1504 4665 1559 4720 in
1604 4670 1876 4723 anteriora
1906 4686 2014 4725 nou

442 4752 641 4809 valent.
674 4753 874 4810 Verum
901 4772 1007 4811 non
1045 4767 1174 4810 tunc
1219 4756 1289 4810 ab
1320 4773 1584 4827 aquarum
1613 4771 1740 4830 potu
1771 4764 2016 4831 quiesce-

442 4842 534 4900 bat
569 4862 582 4898 :
626 4845 771 4901 unde
796 4861 917 4900 cum
952 4861 1113 4900 omne
1135 4846 1532 4902 incrementum
1563 4856 1769 4903 motum
1817 4851 2019 4905 haheat.

444 4935 798 5005 principium,
841 4939 984 4990 sicut
1036 4936 1229 4991 horum
1278 4938 1437 5008 periti
1467 4940 1857 5009 dogmatizaut,
1902 4942 2017 5009 ipse

441 5026 725 5080 crescebat
792 5027 1104 5082 nullatenus
1159 5038 1381 5090 motus,
1438 5037 1629 5083 natura
1685 5035 1847 5083 etiam
1898 5032 2016 5099 ipsa

444 5118 636 5168 horum
700 5116 927 5171 fallente
970 5119 1321 5173 sententiam.
1360 5118 1532 5173 Porro
1584 5120 1769 5175 dicere
1817 5122 2014 5174 iterum

441 5216 496 5260 et.
528 5208 579 5259 in
641 5209 743 5262 hoc
792 5210 1052 5278 languore
1100 5209 1435 5265 medicorum
1463 5212 1855 5277 inﬁrmitatem,
1890 5229 2015 5267 cum

444 5299 697 5354 omnibus
727 5300 800 5354 sit
839 5302 1150 5369 perspicua,
1182 5303 1450 5356 recusabo
1484 5320 1497 5368 ;
1533 5303 1647 5356 haec
1694 5302 1838 5356 enim
1867 5313 2016 5357 certa

443 5395 548 5451 est,
605 5390 727 5444 licet
758 5405 857 5445 nos
911 5398 1210 5447 taceamus.
1262 5390 1407 5463 Ergo
1452 5394 1591 5447 hanc
1626 5394 1844 5446 silentio
1878 5410 2017 5463 przc-

446 5487 740 5546 tereuutes,
790 5480 1018 5539 Joannis
1082 5493 1135 5538 et
1179 5482 1303 5555 Cyri
1355 5500 1607 5540 verorum
1681 5488 2017 5540 medicorum

448 5570 701 5625 virtutem
741 5573 1028 5630 fatebimur
1066 5594 1079 5630 :
1118 5584 1385 5647 quantum
1415 5579 1559 5632 enim
1587 5573 2017 5648 prmcedentium

453 5659 740 5718 inhrmitas
785 5667 924 5721 facta
967 5678 1050 5723 est
1081 5670 1300 5724 silentio
1350 5671 1533 5741 digna,
1576 5679 1783 5726 tantum
1824 5671 2017 5727 horum

456 5749 625 5805 virtus
654 5754 963 5820 tuaguisone
991 5757 1333 5825 praedicatur.
1372 5759 1500 5813 Nam
1527 5768 1579 5814 cl
1603 5759 1709 5815 illis
1745 5754 2018 5830 Eugenius

2117 4570 2186 4620 τά
2214 4567 2425 4637 μεγάλα
2456 4569 2598 4638 κήτη
2629 4571 2724 4622 καὶ
2752 4570 2880 4633 τοὺς
2910 4570 3179 4641 μεγάλους
3216 4571 3551 4643 μιμούμενος
3574 4575 3702 4643 δρά-

2119 4676 2335 4724 κοντας,
2364 4658 2412 4711 οἳ
2446 4659 2714 4728 σωμάτων
2762 4659 2912 4730 ὄγκῳ
2958 4662 3051 4713 καὶ
3088 4662 3308 4729 μεγέθει
3348 4661 3698 4731 βαρούμενοι,

2118 4754 2197 4814 είς
2245 4751 2315 4803 τὰ
2363 4751 2549 4820 πρόσω
2579 4754 2777 4820 χωρεῖν
2804 4752 2903 4804 οὑκ
2934 4752 3231 4821 ἰσχύουσιν.
3261 4753 3399 4805 Ἀλλ’
3427 4754 3549 4806 οὑδὲ
3578 4755 3699 4805 τότε

2116 4841 2215 4910 τῆς
2241 4840 2350 4893 τῶν
2382 4840 2591 4893 ὑδάτων
2619 4840 2853 4894 ἐπαύετο
2887 4842 3127 4905 πόσεως’
3154 4842 3276 4895 ὅθεν
3307 4844 3489 4912 πάσης
3531 4844 3701 4912 αὐξή-

2118 4948 2257 4994 σεως
2286 4932 2461 5002 ἀρχὴν
2490 4931 2720 5002 ἐχούσης
2747 4932 2845 5002 τὴν
2877 4933 3093 5004 κίνησιν
3114 4972 3129 4997 ,
3156 4934 3232 4996 ὡς
3260 4935 3309 4986 οἰ
3338 4933 3509 4987 ταῦτα
3539 4934 3702 4985 δεινοὶ

2116 5022 2557 5093 δογματίζουσιν,
2595 5024 2757 5087 αὑτὸς
2788 5020 2941 5095 ηὖξε,
2981 5027 3078 5079 καὶ
3126 5026 3248 5096 μηδ’
3278 5026 3416 5087 ὅλως
3446 5024 3701 5093 κινούμε-

2117 5134 2206 5180 νος
2232 5117 2331 5186 τὴν
2365 5116 2525 5185 φύσιν
2552 5116 2742 5186 αὑτὴν,
2764 5117 2858 5169 καὶ
2883 5117 2944 5169 τὸ
2967 5117 3169 5170 τούτων
3201 5114 3701 5187 παραλογιζόμενος

2118 5207 2416 5276 Θέσπισμα.
2450 5207 2644 5273 Λέγειν
2673 5207 2727 5259 δὲ
2756 5207 2917 5260 πάλιν
2949 5208 3041 5260 καὶ
3071 5207 3164 5260 ἐπὶ
3193 5206 3383 5259 τούτου
3414 5205 3507 5257 τοῦ
3541 5210 3701 5273 νοση-

2121 5316 2293 5369 ματος
2342 5297 2450 5350 τῶν
2505 5297 2704 5368 ἰατρῶν
2752 5298 2850 5369 τὴν
2896 5298 3181 5352 ἀσθένειαν
3214 5298 3288 5360 ὡς
3324 5301 3490 5350 πᾶσιν
3534 5294 3700 5349 οὖσαν

2119 5389 2447 5443 εὐσύνοπτον
2479 5389 2916 5461 παραιτήσομαι·
2952 5389 3086 5461 δήλη
3118 5391 3226 5460 γὰρ
3256 5388 3393 5456 αῦτη
3434 5388 3701 5457 καθέστη-

2118 5501 2235 5548 κεν,
2284 5481 2383 5534 κᾶν
2434 5483 2593 5552 ἡμεῖς
2643 5483 3031 5553 σιωπήσωμεν.
3078 5470 3287 5535 Οὐκοῦν
3323 5481 3529 5551 ταύτην
3572 5483 3695 5550 σιγῇ

2121 5572 2554 5643 παρελάσαντες,
2583 5571 2679 5641 τὴν
2717 5573 2963 5625 Ἰωάννου
2997 5575 3090 5625 καὶ
3119 5571 3303 5642 Κύρου
3351 5571 3458 5623 τῶν
3510 5570 3696 5641 ἀληθι-

2121 5663 2226 5717 νῶν
2263 5661 2461 5732 ἰατρῶν
2490 5661 2733 5732 λέξωμεν
2764 5662 2991 5733 δύναμιν
3012 5680 3026 5693 ·
3073 5664 3197 5716 ὅσον
3229 5661 3338 5733 γάρ
3367 5664 3399 5731 ἡ
3426 5662 3535 5714 τῶν
3566 5677 3696 5732 προ-

2121 5756 2395 5811 λαϐόντων
2444 5752 2698 5809 ἀσθένεια
2749 5757 2903 5825 σιγῆς
2939 5755 3063 5819 ἀξία
3095 5755 3407 5823 γεγένηται,
3457 5752 3694 5822 τοσαύτη
