4002 6312
262 340 418 404 3585

1298 320 1403 381 SS.
1441 320 1614 381 CYRI
1641 318 2093 381 ETJOANNIS
2117 318 2525 381 MIBACULA.

3373 288 3593 380 3586'

274 452 483 506 τούτων
525 446 559 513 ἡ
603 441 831 509 δύναμις
882 434 1280 504 μεγαλοφώνως
1318 432 1682 503 κηρύττεταιο
1730 430 1887 490 ἐπεὶ,

1989 439 2075 484 ost
2108 432 2332 484 multam
2363 429 2755 498 experientiam
2781 436 3040 499 tanquam
3069 428 3303 485 inﬁrmis
3325 430 3517 500 depul-

278 543 565 598 κάκείνους
605 530 861 599 Εὐγένιος
890 525 1030 596 μετὰ
1060 526 1253 595 πεῖραν
1280 523 1478 595 πολλὴν
1506 523 1580 585 ὡς
1607 522 1851 583 ἀσθενεῖς

1989 522 2051 585 is,
2081 519 2182 574 hos
2215 534 2281 574 ex
2313 520 2432 575 solo
2454 518 2643 573 auditu
2670 519 2839 573 veluti
2879 527 3133 589 potentes
3157 519 3341 590 elegit.

279 630 700 702 παρωσάμενος,
746 621 967 682 τούτους
995 617 1069 680 ὡς
1098 617 1355 679 δυνατοὺς
1384 617 1447 669 ὲκ
1483 616 1650 685 μόνης
1681 612 1854 680 ἀκοῆς

279 722 589 786 ἐπελέξατο.
870 770 875 775 .

354 812 558 867 Ἐλθὼν
590 803 682 862 οὖν
715 806 807 857 ἐπὶ
840 802 901 855 τὸ
929 799 1037 853 τῶν
1065 798 1235 865 ἁγίων
1267 797 1519 868 ἰατρεῖον,
1566 796 1627 847 τὸ
1675 796 1855 865 πάσης

2025 777 2218 845 itaque
2240 791 2363 830 cum
2418 776 2651 832 venisset
2716 777 2782 831 ad
2841 786 3151 833 sanctorum
3217 778 3521 832 remedium

283 904 515 977 ἀκηδίας
541 902 634 954 καὶ
667 894 935 950 παντοίων
970 890 1160 945 παθῶν
1190 888 1529 953 ἀλεξίκακον,
1556 888 1648 940 καὶ
1691 888 1856 957 πείρᾳ

1990 870 2376 937 apessendum,
2412 870 2556 938 quod
2585 886 2747 925 omne
2795 872 3012 925 ta-dium
3046 880 3099 926 et
3120 870 3367 926 diversas
3398 884 3524 939 pas-

287 996 608 1070 μεμάθηκεν
637 990 665 1043 ὃ
696 989 761 1041 δι’
795 986 962 1055 ἀκοῆς
1010 982 1117 1054 πρὸ
1156 979 1250 1034 τοῦ
1297 979 1498 1040 πάθους
1533 978 1854 1070 ἐγίγνωσκε.

284 1068 402 1143 καὶ
431 1085 682 1151 καθάπερ
713 1077 1050 1150 ἠκούσαμεν,
1089 1072 1259 1134 οὕτως
1291 1071 1385 1124 καὶ
1415 1069 1620 1138 ῐδομεν,
1653 1069 1749 1120 σὺν
1782 1068 1859 1137 τῷ

290 1177 517 1251 μελῳδῷ
545 1169 877 1243 διαπρυσίως
921 1167 1216 1236 ἐκήρυττεν
1236 1179 1250 1193 ο
1280 1163 1400 1216 κατ’
1430 1162 1599 1251 αὐτὴν
1628 1159 1737 1228 γὰρ
1764 1160 1861 1242 εὐ..

287 1245 429 1333 θέως
458 1245 557 1337 τὴν
584 1264 776 1328 νύκτα,
819 1258 919 1330 τὴν
956 1254 1073 1326 μεθ’
1104 1255 1320 1325 ἡμέραν
1349 1255 1408 1304 ὲν
1507 1251 1860 1319 παρεγένετο,

262 1361 399 1431 -πρὸ
427 1358 519 1412 τοῦ
549 1357 722 1425 τάφου
751 1352 859 1405 τῶν
890 1349 1060 1417 ἁγίων
1090 1345 1451 1416 κοιμώμενος,
1495 1343 1711 1404 τούτους
1742 1340 1862 1412 W-

290 1468 385 1504 πει
414 1446 700 1517 προϊόντας
730 1442 852 1503 τοὺς
886 1440 1189 1509 μάρτυρας,
1220 1435 1317 1487 καὶ
1342 1434 1478 1504 πρὸς
1507 1432 1666 1485 αὑτὸν
1698 1432 1866 1503 ἡκουε

286 1544 554 1610 λέγοντας
577 1554 592 1571 ·
640 1533 899 1595 ’Δναστὰς
926 1529 1196 1590 ἐντεῦθεν,
1230 1527 1475 1594 Εὐγένιε,
1496 1526 1628 1596 πρὸς
1648 1525 1746 1594 τὴν
1769 1523 1867 1595 σὴν

280 1633 481 1688 -ἐστίαν
530 1626 813 1696 άπόδραμε
838 1639 851 1653 ·
899 1622 1008 1674 ἰδοὺ
1036 1621 1145 1689 γάρ
1180 1636 1238 1671 σε
1268 1618 1333 1670 δι’
1361 1617 1516 1687 ἡμῶν
1559 1617 1587 1668 6
1635 1614 1868 1686 Χριστὸς

280 1724 678 1796 ἐθεράπευσεν,
704 1718 800 1770 καὶ
828 1714 925 1785 τὴν
957 1713 1110 1765 νόσον
1136 1707 1203 1783 ἦς
1231 1709 1394 1763 ἕνεκα
1428 1708 1562 1779 πρὸς
1589 1709 1737 1776 ἡμᾶς
1769 1703 1864 1776 ἧλ-

284 1816 388 1874 θες
436 1812 644 1866 ἰάσατο.
693 1802 969 1875 Ἐγερθεὶς
996 1798 1088 1855 οὖν
1126 1799 1358 1869 πορεύου
1390 1797 1525 1869 πρὸς
1551 1796 1865 1866 ἀφεδρῶνας

290 1907 377 1968 ὼς
416 1898 669 1972 τάχιστα,
707 1898 801 1951 καὶ
826 1896 1006 1947 πᾶσαν
1032 1891 1128 1963 τὴν
1156 1893 1214 1944 ὲν
1243 1890 1326 1942 σοὶ
1356 1888 1710 1957 συναχθεῖσαν
1736 1885 1867 1956 ὓλην

296 1994 563 2050 ἀπόϐαλε.
607 1991 715 2044 Καὶ
759 1987 930 2041 ταῦτα
975 1985 1249 2053 λέγοντες,
1298 1982 1397 2052 τῆς
1449 1980 1543 2033 τοῦ
1591 1980 1868 2040 νοσοῦντος

297 2086 508 2147 κοιλίας
535 2080 894 2153 προσέψαυον,
928 2076 1002 2138 ὡς
1033 2074 1191 2144 δῆθεν
1235 2071 1397 2124 αὑτὸν
1440 2068 1867 2138 καταψήχοντες,

296 2179 380 2252 τῷ
406 2177 450 2233 δ’
474 2174 663 2244 ἀληθεῖ
692 2171 789 2242 τὴν
815 2165 1044 2236 ἐκϐολὴν
1089 2162 1552 2234 δημιουργοῦντες
1596 2161 1706 2224 τοῖς
1745 2157 1884 2212 ὖδαω

300 2288 411 2325 σιν.

375 2361 546 2416 Τοῦτο
567 2356 818 2427 δρώντων
866 2350 1066 2417 αὐτῶν,
1107 2348 1183 2411 ὡς
1234 2345 1353 2417 μεθ’
1382 2344 1547 2399 ὕπνον
1579 2343 1787 2414 (ταυτὸν
1817 2343 1875 2397 δὲ

299 2459 402 2511 καὶ
451 2453 585 2524 μετά
626 2452 783 2502 νόσον
826 2441 1022 2512 εἰπεῖν)
1057 2439 1312 2508 Εύγένιος
1340 2438 1524 2505 ἔλεγεν
1556 2437 1743 2507 (μέχρι
1768 2435 1877 2505 γὰρ
1952 2490 1959 2493 .

302 2548 479 2601 ὒπνου
524 2543 593 2597 τὰ
639 2541 736 2611 τῆς
780 2537 936 2592 νόσου
984 2530 1341 2604 κεκράτηκε),
1368 2529 1568 2598 γύναια
1598 2528 1724 2598 τρία
1768 2526 1878 2579 τῶν

307 2635 606 2709 μαρτύρων
665 2628 885 2683 ὄπισθεν
917 2624 1145 2695 ἔκραζεν
1166 2638 1181 2652 ·
1217 2621 1374 2684 Τίνος
1427 2619 1650 2686 ἕνεκεν,
1710 2617 1877 2686 ἅγιοι,

303 2730 469 2799 ἡμεῖς
502 2725 601 2794 μὲν
631 2723 820 2792 χρόνον
848 2718 1043 2787 ἔχομεν
1067 2713 1254 2768 ἐνθάδε
1289 2710 1624 2781 καθήμεναι,
1646 2710 1740 2762 καὶ
1761 2709 1881 2799 ταῖς

305 2798 541 2888 πληγαῖς
563 2811 894 2879 ὀδυνώμεναι
929 2806 1060 2876 (τῶν
1088 2806 1197 2873 γὰρ
1233 2804 1411 2855 ἐκεῖσε
1437 2802 1708 2869 κειμένων
1728 2798 1884 2866 ἐτύγ-

305 2905 580 2981 xatvov,tb;
613 2901 816 2963 ταύτας
842 2899 1062 2964 ἐπέγνω
1096 2893 1210 2964 μετ’
1228 2892 1357 2981 ὄναρ
1378 2895 1406 2945 6
1433 2890 1764 2961 ἄρρωστος),
1790 2890 1886 2943 καὶ

308 2979 633 3067 νοσημάτων
652 2990 806 3044 οὔπω
829 2986 1181 3056 πεπαύμεθα⁶
1207 2979 1360 3046 οὗτος
1387 2984 1442 3036 δὲ
1465 2982 1590 3052 χθὲς
1616 2982 1884 3050 ἀφικόμε.

308 3105 425 3151 νος,
484 3084 578 3138 καὶ
628 3079 789 3135 πάθει
834 3077 1135 3148 τηλικούτῳ
1187 3073 1593 3145 κρατούμενος,
1634 3073 1887 3142 σήμερον

254 3232 261 3235 .
309 3178 543 3249 ἠξίωται
583 3172 821 3245 ῥώσεως,
858 3170 951 3223 καὶ
1000 3169 1198 3238 χωρεῖν
1227 3166 1364 3218 οίκοι
1393 3163 1713 3243 κελεύεται;
1744 3162 1886 3232 Πρὸς

310 3272 383 3333 ἃς
417 3267 745 3339 στραφέντες
777 3262 825 3315 οἱ
858 3260 1151 3332 μάρτυρες,
1180 3258 1365 3325 φησὶν,
1401 3256 1538 3325 μετὰ
1569 3255 1748 3323 πάσης
1784 3254 1889 3305 άπ-

314 3359 602 3427 ελογοῦντο
661 3352 985 3425 πραότητοςο
1042 3350 1156 3419 Οὐχ
1212 3350 1394 3418 ἡμεῖς,
1445 3340 1490 3398 ὧ
1537 3345 1756 3410 γύναια,
1789 3346 1889 3414 τῆς

317 3450 512 3520 ὑγείας
558 3446 897 3515 τυγχάνομεν
943 3441 1124 3512 κύριοι
1146 3481 1160 3503 ,
1208 3438 1341 3492 ἀλλά
1371 3436 1604 3506 Χριστὸς
1631 3438 1659 3487 6
1688 3434 1887 3503 προϐο-

316 3541 448 3603 λεύς
471 3556 526 3592 τε
556 3537 647 3589 καὶ
665 3532 947 3604 πρύτανις.
979 3527 1354 3597 Ἀφικνοῦνται
1382 3544 1526 3590 τινες
1549 3525 1891 3597 μακροτέρας

320 3631 573 3694 παιδείας
620 3626 887 3693 δεόμενοι,
925 3623 1020 3675 καὶ
1069 3620 1255 3674 πάλιν
1282 3619 1459 3687 ἕτεροι
1492 3616 1890 3686 θεραπευθῆναι

321 3722 519 3775 θᾶττον
562 3716 866 3785 ὀφείλοντες
885 3727 901 3741 '
941 3712 1103 3780 ἡμεῖς
1140 3710 1249 3778 γάρ
1281 3708 1422 3778 ὑπὲρ
1452 3708 1664 3760 πάντων
1693 3706 1892 3775 ὁμοίως

320 3810 424 3873 τὰς
471 3807 709 3866 ἱκετείας
752 3801 1133 3873 προσφέρομεν
1152 3815 1168 3831 ο
1206 3799 1298 3851 καὶ
1325 3796 1383 3850 ὃν
1411 3797 1481 3850 ἂν
1511 3797 1646 3867 πρὸς
1674 3796 1766 3849 τοῦ
1797 3797 1895 3849 Δε-

324 3900 526 3955 σπότου
575 3896 714 3950 Θεοῦ
763 3895 857 3947 καὶ
910 3892 1163 3962 Σωτῆρος
1198 3888 1368 3957 Ἰησοῦ
1419 3887 1656 3959 Χριστοῦ
1702 3887 1895 3940 κελευ-

325 3989 611 4058 σθείημεν,
639 3985 827 4038 τοῦτον
872 3980 1307 4052 θεραπεύσαντες
1358 3979 1518 4040 εὐθὺς
1565 3977 1890 4048 ἀπολύομεν.

322 4077 526 4132 Τοῦτον
551 4073 642 4130 οὖν
671 4076 765 4128 καὶ
788 4075 944 4143 ὑμεῖς
974 4072 1071 4125 σὺν
1099 4069 1606 4141 ἡμῖνιίκετεύσατε,
1657 4069 1746 4122 ἵνα
1795 4071 1895 4140 τὴν

323 4169 488 4240 χάριν
539 4163 809 4234 παράσχοι
859 4160 967 4213 τῶν
1024 4160 1304 4230 ὑμετέρων
1343 4160 1650 4228 αἰτήσεων*
1698 4156 1793 4209 καὶ
1844 4158 1894 4209 εί

327 4254 792 4325 σπλαγχνισθείη,
837 4251 932 4304 καὶ
979 4250 1135 4320 μόνον
1182 4248 1435 4301 κελεῦσαι
1488 4244 1894 4310 καταξιὼσειεν,

324 4349 537 4418 ταχέως
569 4348 726 4419 ἡμεῖς
757 4344 1039 4413 πληρωταὶ
1063 4339 1173 4393 τῶν
1198 4340 1357 4392 θείων
1393 4337 1557 4391 αὑτοῦ
1590 4337 1897 4407 θεσπισμά-

1961 959 2147 1015 siones
2194 960 2462 1030 abigebat,
2495 962 2870 1029 experimento
2909 962 3121 1026 didicit,
3159 962 3302 1032 quod
3334 963 3524 1016 auditu

1960 1056 2086 1103 ante
2143 1052 2452 1118 passionem
2496 1063 2848 1121 cognoverat.
2898 1052 2964 1105 Et
3003 1054 3146 1107 sicut
3191 1054 3524 1123 audivimus,

1963 1141 2034 1193 ita
2060 1150 2113 1194 et
2134 1142 2388 1208 vidimus,
2409 1159 2531 1198 eum
2562 1143 2901 1199 modulatore
2919 1146 3148 1200 altisone
3175 1145 3525 1215 praedicabat.

1962 1227 2161 1282 Eadem
2206 1231 2407 1300 quippe
2440 1233 2703 1285 continuo
2754 1244 2933 1300 nocte,
2966 1244 3087 1302 post
3115 1235 3256 1289 diem
3300 1249 3406 1303 qua
3434 1248 3527 1289 ve-

1964 1328 2140 1385 nerat,
2200 1334 2322 1373 cum
2373 1329 2500 1375 ante
2553 1323 2866 1392 sepulcrum
2913 1325 3528 1389 sanctorumtlormiret,

1965 1411 2066 1466 bos
2101 1411 2244 1466 videt
2279 1413 2575 1482 procedere
2618 1423 2904 1485 martyres,
2940 1423 2993 1469 et
3027 1415 3211 1469 dicere
3247 1415 3352 1471 sibi
3377 1413 3534 1469 audi—

1968 1503 2091 1555 vit:
2134 1501 2307 1573 Surge
2349 1502 2496 1567 hinc,
2550 1503 2781 1573 Eugeni,
2848 1504 2916 1558 ad
2978 1512 3239 1575 tuamque
3300 1506 3525 1560 domum

1968 1594 2253 1660 regredere
2282 1608 2296 1644 :
2333 1606 2462 1645 ecce
2495 1593 2638 1645 enim
2665 1600 2716 1646 te
2756 1607 2850 1661 per
2884 1608 2984 1647 nos
3020 1592 3275 1647 Christus
3300 1593 3532 1660 curavit,

1970 1690 2023 1735 et
2076 1684 2417 1751 languorem,
2454 1690 2677 1751 propter
2722 1697 2882 1750 quem
2911 1682 2977 1734 ad
3006 1697 3105 1737 nos
3137 1683 3353 1747 venisti,
3375 1697 3538 1738 sana-

1970 1771 2062 1825 vit.
2093 1768 2333 1838 Surgens
2360 1786 2492 1840 ergo
2522 1772 2589 1825 ad
2614 1786 2890 1827 secessum
2915 1773 3240 1842 quantocius
3264 1788 3536 1842 propera;

1969 1869 2023 1916 et
2067 1860 2251 1916 faecem
2310 1876 2526 1916 omnem
2593 1878 2714 1933 quae
2746 1864 2799 1917 in
2834 1875 2886 1918 te
2914 1864 3143 1919 collecta
3201 1872 3306 1928 est,
3363 1864 3537 1919 abice.

1971 1949 2037 2003 Et
2064 1967 2188 2006 cum
2243 1953 2356 2007 haec
2385 1953 2649 2018 dicerent,
2677 1962 2921 2008 ventrem
2960 1956 3543 2025 tetigeruntlanguen-

1973 2043 2064 2106 tis,
2103 2044 2248 2097 hunc
2298 2046 2454 2114 quasi
2492 2044 2773 2113 fricantes,
2823 2046 2916 2101 sed
2952 2047 3007 2100 in
3034 2046 3260 2101 veritate
3289 2046 3542 2100 morbum

1972 2133 2311 2205 aegritudinis
2366 2135 2740 2204 insequentes,
2793 2143 2846 2189 et
2876 2150 3141 2205 aquarum
3178 2134 3541 2203 abjeCtionem

1974 2224 2268 2280 salubriter
2292 2235 2602 2293 operantes.

2045 2315 2182 2369 Cum
2218 2322 2399 2369 autem
2435 2315 2539 2370 hoc
2580 2324 2856 2386 gererent,
2889 2322 2948 2369 ut
2997 2326 3119 2386 post
3149 2314 3420 2371 somnium
3464 2313 3543 2385 (id

1978 2408 2156 2480 ipsum
2188 2416 2272 2462 est
2309 2406 2353 2461 si
2405 2406 2655 2462 dicamus
2702 2413 2826 2476 post
2866 2407 3207 2477 languorem,
3249 2421 3424 2476 usque
3479 2406 3547 2461 ad

1979 2513 2230 2555 somnum
2285 2498 2486 2568 quippe
2543 2513 2603 2553 se
2644 2499 2874 2568 languor
2929 2498 3227 2567 obtinuit),
3273 2497 3550 2567 Eugenius

1980 2590 2277 2654 asserebat,
2314 2590 2571 2643 mulieres
2606 2596 2716 2643 tres
2744 2589 3054 2643 clamabant
3078 2597 3200 2658 post
3229 2598 3498 2658 martyres
3528 2606 3542 2641 :

1981 2680 2369 2746 Quamobrem,
2407 2679 2602 2747 sancti,
2633 2694 2733 2735 nos
2778 2695 2981 2734 annum
3037 2680 3124 2733 hic
3168 2681 3433 2734 habemus
3466 2695 3555 2734 se-

1981 2769 2194 2831 dentes,
2231 2768 2528 2837 plagasque
2556 2767 2802 2825 dolentes
2839 2769 2926 2837 (ex
2953 2767 3063 2821 illis
3092 2768 3233 2821 enim
3257 2775 3416 2820 erant
3437 2781 3557 2836 quae

1985 2857 2389 2926 illicjacebant,
2424 2865 2481 2908 ut
2518 2855 2616 2910 has
2656 2864 2780 2924 post
2827 2855 3102 2909 somnium
3127 2856 3441 2924 recognovit
3477 2856 3557 2907 in-

1987 2946 2216 3016 ﬁrmus),
2246 2954 2300 3001 et
2324 2961 2434 3016 prae
2463 2946 2819 3017 languoribus
2853 2946 3096 3016 requiem
3128 2961 3236 3000 no.1
3269 2945 3557 3010 habemus,

1988 3048 2042 3093 et
2076 3038 2177 3093 iste
2210 3040 2303 3108 qui
2330 3038 2447 3091 heri
2473 3037 2643 3105 venit,
2680 3047 2734 3091 et
2768 3028 3210 3107 passione‘tanta
3246 3039 3559 3104 tenebatur,

1992 3130 2154 3184 hodie
2179 3129 2416 3185 sanitate
2444 3128 2645 3199 dignus
2662 3128 2915 3192 ellicitur,
2940 3140 2995 3183 et
3018 3128 3239 3183 domum
3255 3129 3405 3182 abire
3426 3144 3561 3198 prae-

1994 3220 2229 3291 cipitur?
2255 3220 2337 3274 Ad
2358 3236 2496 3290 quas
2532 3232 2803 3291 martyres
2829 3220 2986 3290 quasi
3011 3221 3262 3275 conversi
3293 3235 3416 3274 cum
3446 3236 3562 3274 om-

1996 3309 2051 3362 ni
2082 3309 2498 3364 mansuetudine
2530 3310 2934 3389 respondebant
2965 3326 2981 3362 :
3009 3311 3130 3364 Non
3153 3325 3274 3376 nos,
3300 3326 3333 3362 ο
3368 3312 3564 3364 mulie-

1996 3413 2106 3463 res,
2130 3400 2383 3454 sanitatis
2420 3398 2626 3453 domini
2663 3415 2880 3463 sumus,
2927 3403 3021 3456 sed
3060 3401 3314 3455 Christus
3349 3402 3441 3469 qui
3481 3409 3566 3455 est

1997 3488 2247 3556 provisor
2277 3494 2331 3542 et
2353 3495 2561 3541 custos.
2600 3486 2837 3542 Veniunt
2867 3489 3038 3559 igitur
3064 3488 3153 3542 hic
3187 3489 3412 3557 quidam
3449 3504 3555 3557 pro

1999 3578 2211 3632 Iixioris
2237 3578 2620 3646 castigationis
2659 3588 2904 3647 egentes,
2936 3587 2992 3633 et
3023 3593 3222 3633 rursus
3250 3578 3340 3630 alii
3385 3580 3568 3633 curari

1997 3670 2106 3723 cito
2130 3669 2421 3735 debentes;
2452 3682 2553 3724 nos
2581 3669 2724 3723 enim
2748 3671 3006 3725 similiter
3039 3684 3141 3740 pro
3164 3670 3422 3724 omnibus
3440 3685 3568 3739 sup-

1998 3761 2319 3832 plicationes
2345 3760 2647 3825 oﬂerimus,
2676 3769 2731 3815 et
2746 3776 3134 3832 quemcunque
3164 3777 3195 3816 a
3218 3762 3571 3818 dominatore

1958 3859 1962 3862 ‘
1998 3848 2110 3906 Deo
2138 3864 2202 3903 ac
2235 3847 2522 3904 Salvatore
2571 3858 2763 3904 nostro
2796 3848 2925 3906 Jesu
2957 3850 3181 3906 Christo
3218 3852 3360 3921 jussi
3404 3852 3562 3907 fueri-

1998 3960 2122 4000 mus
2151 3959 2366 4009 curare,
2398 3947 2543 3999 hunc
2594 3954 2848 4001 sanatum
2895 3946 3185 4002 confestim
3218 3947 3570 4004 dimittimus.

2001 4038 2157 4090 Hunc
2191 4051 2320 4106 ergo
2339 4044 2392 4091 et
2417 4050 2515 4091 vos
2535 4052 2638 4090 una
2661 4037 2946 4093 nobiseum
2974 4048 3219 4106 exorate,
3251 4048 3311 4094 ut
3340 4042 3573 4111 gratiam

2000 4140 2309 4186 vestrarum
2369 4131 2576 4186 tribuat
2623 4132 2969 4199 sanitatum;
3014 4139 3069 4187 et
3104 4134 3149 4188 si
3195 4134 3577 4190 misericordia

2003 4229 2182 4277 motus
2208 4230 2423 4293 tantum
2473 4222 2637 4277 fuerit
2681 4223 2872 4294 jubere
2903 4225 3181 4297 dignatus,
3235 4228 3443 4282 celeres
3476 4242 3577 4281 nos

2003 4316 2363 4383 completores
2399 4315 2705 4370 divinorum
2736 4316 2857 4384 ejus
2886 4318 3228 4374 decretorum
3255 4319 3574 4380 eﬂiciemur,

322 4407 437 4494 τωῖ
468 4407 796 4508 γιγνύμεθα’
826 4407 887 4488 οῦ
919 4434 1088 4503 χωρὶς
1131 4431 1488 4508 ὲπινεύσεως,
1521 4428 1645 4482 οὔτε
1681 4431 1887 4498 κρατεῖι

2005 4407 2123 4461 sine
2169 4407 2326 4475 cujus
2366 4419 2497 4460 nutu
2535 4423 2712 4477 neque
2743 4416 2929 4464 tenere
2974 4427 3151 4481 neque
3202 4413 3473 4466 dimittere
3506 4411 3576 4465 ad

325 4526 454 4582 οὒτε
485 4526 738 4580 ἀπολύειν
762 4526 886 4588 τοὺς
911 4524 1046 4594 πρὸς
1079 4523 1224 4592 ἡμᾶς
1252 4520 1577 4592 ἐρχομένους
1601 4518 1896 4588 δυνάμεθα.

326 4620 443 4675 Καὶ
467 4618 644 4671 ταῦτα
677 4619 774 4687 μὲν
802 4618 851 4668 οἱ
881 4615 1156 4668 θεσπέσιοι
1194 4614 1468 4684 μάρτυρες
1509 4611 1644 4681 πρὸς
1686 4613 1781 4672 τὰς
1810 4628 1906 4675 γυ-

326 4713 525 4786 ναῖκας
564 4706 914 4776 ἐφθέγξαντο.

409 4801 615 4853 ’Υπνου
661 4799 716 4852 δὲ
762 4798 858 4851 καὶ¹
908 4796 1242 4867 στρωμάτων
1289 4795 1527 4856 ἀναστὰς
1570 4793 1597 4845 6
1628 4793 1929 4868 Εὐγένιος,

327 4893 469 4964 πρὸς
497 4890 812 4960 ἀφεδρῶνας
852 4881 1171 4950 ἐσπούδαζε,
1208 4885 1456 4938 σπεύδειν
1482 4886 1643 4938 αὑτὸν
1674 4885 1773 4953 τῆς
1804 4901 1905 4951 γα.

330 4985 494 5054 στρδς
524 4982 657 5053 πρὸς
682 4981 743 5033 τὸ
776 4980 1112 5051 μαρτυρικὺν
1144 4976 1559 5046 ἀναγκαζούσης
1604 4976 1903 5045 ἐπίταγμα.

333 5078 444 5145 Καὶ
475 5078 531 5127 ὲν
563 5073 775 5134 τούτοις
807 5071 1116 5139 γενόμενος,
1167 5069 1387 5122 ἃπασαν
1435 5068 1597 5130 εὐθὺς
1643 5067 1740 5136 τὴν
1775 5065 1907 5135 ὕλην

332 5166 459 5240 [τὴν
507 5167 564 5215 ὲν
593 5164 693 5233 μιᾷ
718 5161 907 5232 χρόνου
928 5162 1132 5230 στιγμῇ
1161 5158 1558 5228 προσεκένωσε·
1582 5157 1673 5209 καὶ
1704 5156 1910 5224 ταύτην

324 5254 612 5320 κενωθεὶς,
633 5254 704 5316 ὡς
722 5253 1046 5323 εἰρήκαμεν,
1065 5254 1092 5303 6
1109 5251 1326 5303 πάντων
1343 5247 1597 5301 εἰσελθὼν
1616 5249 1741 5301 ὅσον
1776 5247 1910 5317 πρὸς

328 5341 474 5408 εἶδος
517 5345 843 5415 παχύτερος,
886 5343 1021 5395 πολὺ
1057 5340 1265 5394 πολλῶν
1299 5340 1487 5409 ἐξῆλθε
1523 5341 1635 5393 τῶν
1667 5337 1912 5409 ἀφεδρῶ-

326 5456 439 5491 νων
476 5437 801 5506 ίσχνότερος.
850 5435 1066 5487 Μᾶλλον
1107 5434 1163 5486 δὲ
1201 5432 1475 5486 κάνταῦθα
1523 5432 1835 5504 σύμμετρος
1883 5433 1912 5484 6

329 5531 652 5601 γεωμέτρης
705 5526 951 5598 ἐξέθορε·
1006 5527 1167 5596 μόνον
1228 5527 1336 5595 γὰρ
1385 5527 1482 5594 τῆς
1536 5525 1771 5596 γαστρὸς
1818 5525 1909 5578 τὸν

266 5602 273 5607 ι
329 5623 500 5688 ὄγκον
528 5621 684 5690 ἔσχεν
716 5617 1044 5688 ἀμέτρητον,
1070 5617 1166 5670 καὶ
1194 5616 1283 5671 τὸν
1315 5616 1506 5688 καιρὸν
1545 5618 1644 5687 τῆς
1693 5616 1908 5679 ίάσεως,

328 5713 426 5768 τὸν
474 5712 573 5782 μὲν
621 5711 707 5764 διά
741 5709 943 5777 πολλὴν
977 5710 1116 5764 πάνυ
1149 5708 1481 5778 βραχύτητα,
1515 5708 1606 5762 τὸν
1637 5708 1692 5761 δὲ
1723 5708 1810 5761 διὰ
1853 5706 1912 5759 τὸ

2005 4515 2105 4553 nos
2148 4500 2426 4554 venientes
2479 4501 2741 4556 valemus.
2804 4500 2871 4554 Et
2924 4502 3038 4557 haec
3096 4502 3315 4572 quidem
3371 4504 3576 4575 egregii

2005 4600 2276 4664 martyres
2308 4594 2373 4648 ad
2403 4594 2660 4648 mulieres
2692 4594 2812 4647 illas
2835 4593 2981 4647 atIati
3004 4604 3154 4650 sunt.

2074 4775 2209 4831 Cum
2259 4784 2437 4829 autem
2487 4789 2516 4828 a
2551 4789 2744 4828 somno
2784 4782 2837 4827 et
2888 4767 3202 4829 stramentis
3252 4777 3580 4832 surrexisset

2011 4869 2308 4938 Eugenius,
2345 4868 2408 4920 ad
2444 4866 2671 4919 latrinas
2694 4866 3058 4927 accelerabat,
3089 4866 3235 4942 hunc
3271 4868 3581 4921 accelerare

2010 4972 2200 5015 ventre
2230 4960 2293 5011 ad
2329 4959 2681 5028 martyricum
2707 4967 2938 5025 cogente
2962 4956 3327 5028 ‘prmccptum.
3359 4959 3421 5012 Et
3453 4976 3579 5012 enm

2008 5053 2071 5106 ad
2104 5051 2203 5104 bas
2226 5051 2582 5119 pervenisset,
2615 5063 2830 5101 omnem
2860 5048 3127 5102 continuo
3160 5049 3367 5112 limum,
3406 5049 3497 5119 qui
3525 5051 3580 5105 in

2009 5144 2317 5214 eo_diutins
2349 5139 2549 5203 fuerat,
2585 5155 2696 5193 uno
2725 5150 2929 5209 puncto
2959 5140 3224 5209 temporis
3257 5142 3579 5195 exinanivit.

2012 5234 2075 5287 Et
2122 5234 2247 5297 hoc,
2276 5243 2336 5288 ut
2372 5232 2638 5297 diximus,
2670 5231 2975 5293 exinanito,
3000 5231 3091 5300 qui
3129 5232 3379 5286 omnibus
3409 5235 3584 5287 intra-

2009 5331 2085 5384 vit
2117 5336 2381 5397 quantum
2432 5324 2499 5378 ad
2554 5323 2790 5392 speciem
2834 5323 3112 5392 grassior,
3164 5325 3348 5377 multis
3392 5326 3581 5391 exivit,

2010 5428 2309 5476 evacuante
2359 5432 2418 5471 se
2467 5430 2708 5476 secessu,
2757 5415 3035 5485 gracilior.
3094 5415 3206 5468 lino
3249 5424 3304 5470 et
3347 5417 3429 5471 sic
3457 5432 3585 5488 geo-

2015 5520 2184 5566 metra
2217 5511 2319 5563 iste
2346 5508 2591 5578 pristinae
2615 5521 2886 5560 mensura:
2919 5505 3167 5561 redditus
3194 5508 3434 5562 exsilivit
3454 5525 3471 5577 ;
3495 5525 3586 5564 so-

2013 5608 2122 5661 lum
2163 5621 2396 5675 namque
2447 5603 2655 5658 ventris
2696 5601 2887 5655 habuit
2934 5610 3228 5667 tumorem,
3276 5608 3330 5656 et
3370 5609 3587 5672 tempus

2014 5700 2266 5755 sanitatis
2316 5699 2639 5752 immensum
2669 5712 2684 5761 ;
2718 5695 2822 5751 hoc
2850 5692 3073 5765 quidem
3111 5697 3181 5751 ob
3214 5695 3438 5749 multam
3481 5711 3589 5766 op-
