3930 6316
459 302 596 363 3537

1362 313 1422 372 S.
1461 312 1875 372 SOPHRONII
1919 311 2424 370 PATRIARCILE
2459 311 2864 372 HIEROSOL.

3595 313 3735 375 3588

463 417 592 481 pido
627 417 970 482 brevitatem,
1002 419 1151 473 illum
1177 437 1305 475 vero
1330 433 1552 492 propter
1574 435 1782 478 vastam
1816 431 1870 478 et
1911 424 2042 477 ina:-

2157 424 2280 476 πολὺ
2310 425 2406 476 καὶ
2437 423 2758 478 ἀνείκαστον
2783 423 3032 493 μέγεθος.
3077 422 3232 476 Οὕτω
3263 423 3360 492 μὲν
3386 422 3480 475 οὖν
3513 441 3608 478 και
3639 425 3736 475 Εὖ-

463 507 793 561 stimabilcm
841 510 1292 578 magnitudinem.
1340 512 1528 583 Itaque
1560 516 1744 570 taliter
1773 524 1826 570 et
1860 515 2038 584 Euge—

459 595 590 650 nins
622 613 807 651 necem
843 599 1055 668 fugiens
1081 602 1448 672 aegritudinis,
1475 615 1528 659 et
1554 607 1770 660 concite
1801 606 2038 662 sanitate

464 696 740 756 percepta,
775 691 982 756 gratias
1019 694 1299 749 moderate
1326 701 1679 766 martyribus,
1714 707 1769 752 et
1813 698 2038 753 Christo

463 778 551 846 qui
571 793 775 846 pereos
802 783 1204 851 perceptionem
1229 789 1463 841 contulit
1489 789 1828 852 modulatus,
1853 789 2038 844 exsul-

463 876 585 922 tans
607 885 635 922 a
673 873 875 940 templo
901 878 1154 930 secessit.
1189 876 1362 932 Porro
1393 894 1498 934 nos
1533 879 1730 934 iterum
1759 883 1917 950 quasi
1946 896 2039 936 sa—

461 959 689 1014 nitatem
727 963 829 1031 ipsi
867 965 1044 1034 adepti
1079 969 1450 1024 fuissemusin
1476 971 2041 1041 relationejucunda-

460 1051 524 1117 ti,
557 1051 835 1107 Christum
868 1067 1198 1126 sanctosque
1226 1060 1441 1130 hymnis
1472 1071 1754 1128 canentes,
1785 1063 1851 1117 ad
1876 1063 2040 1117 aliam

460 1141 834 1197 delectabilem
870 1147 1289 1213 proﬁciscamur
1324 1151 1684 1206 auditionem.

870 1238 1050 1292 XLIII.
1089 1240 1164 1294 De
1196 1241 1432 1296 Taurino
1472 1243 1645 1296 lardo.

533 1326 702 1380 Adest
727 1339 781 1381 et
810 1328 1088 1387 Taurinus
1112 1347 1142 1386 e
1177 1334 1427 1402 proximo
1462 1335 1713 1397 veniens,
1742 1343 1798 1390 et
1823 1335 1911 1389 vix
1946 1351 2044 1389 an-

462 1431 533 1470 no
576 1420 792 1473 tandem
836 1423 1183 1490 perveniens,
1235 1425 1363 1479 dum
1411 1425 1513 1481 iter
1547 1427 1763 1481 eminus
1803 1427 1936 1496 agit,
1972 1427 2044 1482 ob

463 1507 766 1564 breviorem
812 1513 1008 1580 pedum
1054 1522 1108 1568 et
1161 1517 1460 1570 tardiorem
1511 1517 1802 1584 effectum;
1842 1531 1895 1573 et
1933 1536 2042 1574 non

464 1608 674 1653 tantum
713 1601 877 1667 hujus
907 1605 984 1656 rei
1025 1605 1300 1674 gratia,ut
1326 1617 1576 1676 apparet,
1611 1607 1704 1662 sed
1741 1617 1795 1661 et
1820 1622 2036 1678 percus-

463 1703 608 1744 sura:
649 1705 817 1746 causa
862 1693 1094 1757 fabrilis,
1152 1704 1378 1764 propter
1423 1712 1587 1766 quam
1646 1706 1905 1753 canentes
1943 1713 2045 1753 nos

2144 514 2321 579 γένιος
2352 513 2442 566 τὸν
2474 517 2639 584 μόρον
2670 516 2856 581 φυγὼν
2907 514 3004 566 τοῦ
3051 518 3378 585 νοσήματος,
3413 515 3511 567 καὶ
3548 515 3738 568 σύντο-

2149 621 2246 674 μον
2290 603 2388 673 τὴν
2438 603 2627 672 ὑγείαν
2676 603 3048 673 δρεψάμενος,
3083 604 3182 676 τὴν
3231 605 3395 675 χάριν
3446 606 3739 675 εὐρύθμως

2149 693 2468 764 μελῳδήσας
2503 697 2614 756 τοῖς
2665 697 2903 764 μάρτυσι
2938 696 3034 748 καὶ
3079 697 3304 766 Χριστῷ
3335 695 3415 766 τῷ
3463 696 3535 749 δι’
3561 697 3736 750 αὐτῶν

2143 785 2398 838 δεδωκότι
2422 785 2482 837 τὸ
2505 783 2828 855 δρέψασθαι,
2854 787 2946 839 τοῦ
2972 786 3078 839 νεὼ
3100 788 3336 856 σκιρτῶν
3363 787 3734 858 ἀνεχώρησεν.

2157 877 2348 945 Ἡμεῖς
2371 877 2426 928 δὲ
2449 875 2608 930 πάλιν
2627 876 2702 939 ὡς
2728 876 3062 941 πεπονθότες
3081 878 3183 949 τὴν
3201 879 3366 942 ἴασιν,
3397 882 3464 950 τῇ
3488 881 3737 950 διηγήσει

2145 968 2492 1037 τερπόμενοι.
2522 970 2759 1038 Χριστὸν
2805 971 2899 1023 καὶ
2949 970 3076 1032 τοὺς
3131 971 3321 1038 ἁγίους
3365 973 3734 1044 ὑμνήσαντες,

2147 1059 2235 1111 ἐπ’
2269 1057 2398 1114 ἄλλο
2432 1060 2664 1131 τερπνὸν
2700 1061 3035 1133 ὁρμήσωμεν
3072 1061 3345 1132 ἄκουσμα.

2402 1233 2535 1289 Ml".
2581 1235 2717 1302 Περὶ
2764 1237 3052 1302 Ταυρίνου
3112 1237 3488 1304 λωρόποδος.

2222 1325 2463 1396 Πάρεστι
2512 1328 2606 1380 καὶ
2643 1329 2907 1396 Ταυρῖνος
2938 1331 3001 1381 ἐκ
3047 1329 3142 1381 τοῦ
3191 1331 3361 1394 πέλας
3403 1333 3738 1402 ἐρχόμενος·

2155 1417 2305 1484 μόλις
2335 1417 2392 1470 δέ
2427 1435 2557 1471 ποτε
2585 1419 2723 1489 πρὸς
2751 1421 2782 1488 ή
2793 1421 2898 1488 μᾶς
2926 1419 3256 1488 ἀφικόμενος
3275 1421 3350 1484 ὠς
3384 1422 3486 1493 τὴν
3508 1427 3740 1495 πορείαν

2155 1508 2431 1578 μακρόθεν
2452 1510 2798 1580 ποιούμενος,
2817 1511 2905 1564 διά
2929 1510 3028 1582 τὴν
3053 1511 3163 1564 τῶν
3192 1512 3370 1565 ποδῶν
3404 1515 3742 1584 βραδυτέραν

2151 1599 2435 1670 ἐνέργειαν
2459 1618 2472 1631 ·
2523 1603 2618 1656 καὶ
2647 1603 2708 1654 οὐ
2746 1602 2915 1672 μόνης
2943 1603 3151 1674 ταύτης
3202 1604 3386 1674 χάριν,
3412 1605 3490 1669 ὡς
3545 1606 3736 1667 ἔοικεν,

2153 1689 2291 1743 ἀλλά
2345 1691 2441 1745 καὶ
2492 1691 2590 1744 τοῦ
2620 1692 2981 1761 χαλκευτικοῦ
3027 1692 3373 1763 κρούσματος
3403 1693 3594 1755 ἕνεκα,
3628 1695 3740 1752 δι’δ

465 1792 781 1838 sanctorum
827 1785 1114 1852 miracula,
1148 1788 1314 1842 citius
1346 1789 1541 1843 audire
1575 1806 1679 1844 non
1723 1792 1914 1846 valuit.
1947 1791 2056 1847 Ve-

2157 1781 2526 1834 κελαδούντων
2559 1781 2716 1852 ἡμῶν
2739 1782 2848 1835 τῶν
2878 1781 3046 1850 ἁγίων
3073 1782 3143 1835 τὰ
3175 1774 3455 1852 θαύματα,
3473 1783 3738 1838 πυθέσθαι

464 1883 776 1929 rumtamen
807 1877 1031 1932 veniens
1075 1879 1346 1933 rationem
1392 1880 1666 1937 tarditatis
1695 1883 1953 1948 reddidit,
1990 1891 2046 1939 et

465 1982 534 2021 ne
558 1969 960 2035 praeteriremus
986 1985 1109 2025 eum
1142 1987 1250 2026 non
1283 1973 1548 2043 scriptum
1579 1977 1850 2045 poposcit,
1881 1992 2042 2046 quem

465 2057 684 2130 dignam
728 2075 828 2129 pro
889 2063 1048 2132 culpa
1101 2065 1370 2118 rationem
1425 2064 1740 2131 facientem,
1780 2083 1950 2124 unum
1977 2084 2043 2122 ex

466 2149 553 2204 his
595 2151 748 2204 illum
780 2151 874 2220 qui
920 2152 972 2206 in
1027 2155 1345 2225 martyricis
1383 2155 1692 2226 gloriantur
1719 2157 2048 2212 visitationi-

465 2237 567 2292 bus
604 2239 890 2296 faciemus.

536 2331 773 2386 Heraclii
834 2334 1247 2402 possessionis,
1298 2350 1420 2404 qua:
1475 2336 1677 2406 templo
1730 2347 2048 2393 sanctorum

465 2425 714 2491 proxima
747 2435 886 2491 erat,
915 2435 969 2481 et
995 2426 1220 2482 Sabbati
1254 2427 1321 2482 ab
1351 2427 1456 2482 hoc
1489 2427 1686 2482 itinere
1720 2436 1932 2482 tantum
1964 2428 2049 2483 di-

465 2517 668 2582 stabat,
695 2517 745 2568 id
777 2529 862 2572 est
880 2527 1116 2587 quatuor
1139 2519 1442 2572 stadiorum
1467 2520 1720 2574 ctdecem
1745 2520 2049 2591 intercape-

464 2607 614 2673 dine,
656 2609 890 2664 villanus
911 2609 1184 2663 Taurinus
1215 2620 1352 2673 erat,
1377 2621 1433 2664 et
1468 2611 1763 2664 clavariam
1797 2613 2050 2668 sectaba-

467 2703 556 2749 tur
584 2706 792 2765 artem;
823 2699 1020 2768 pedum
1058 2706 1238 2753 autem
1271 2715 1381 2754 non
1408 2701 1578 2755 levem
1621 2703 1939 2770 possidebat
1967 2704 2050 2757 in-

469 2787 777 2840 firmitatem
808 2789 899 2842 sed
939 2805 1216 2858 magnam,
1261 2799 1316 2845 et
1345 2807 1466 2861 qua:
1495 2791 1794 2847 auditionis
1813 2795 2050 2848 excede-

468 2880 559 2932 bat
586 2893 916 2932 sermonem.
953 2877 1016 2932 Ili
1048 2881 1195 2934 enim
1227 2881 1413 2949 specie
1441 2880 1661 2950 pedum,
1693 2882 1739 2935 si
1759 2881 2047 2936 dicendum

466 2972 570 3027 est,
617 2965 905 3032 abnegata,
953 2964 1198 3020 lurorum
1233 2966 1598 3021 imitabantur
1629 2970 1868 3038 speciem
1901 2986 2048 3024 mor-

469 3070 725 3121 tuorum;
765 3068 986 3126 propter
1019 3057 1164 3127 quod
1194 3067 1249 3112 et
1275 3073 1397 3112 eum
1429 3075 1592 3129 quem
1631 3059 2047 3133 habebantpos-

466 3162 763 3212 sessorem,
821 3147 914 3201 tali
951 3149 1282 3218 cognomine
1310 3151 1580 3204 nominari
1615 3151 1899 3220 fecerunt;
1936 3155 2049 3207 cla-
2073 3139 2120 3196 δ

466 3240 677 3292 varium
725 3239 869 3292 enim
923 3240 992 3294 ab
1035 3248 1153 3294 arte
1205 3242 1601 3311 cognominare
1639 3245 1980 3312 omittentes,
2019 3260 2050 3298 a

469 3329 701 3398 pedibus
751 3331 1025 3384 vocabant
1075 3331 1317 3403 loripeda
1347 3350 1362 3398 ;
1398 3341 1452 3386 et
1482 3331 1755 3402 Iortejam
1787 3335 1923 3389 bene
1957 3337 2048 3390 tali

464 3437 590 3474 eum
621 3422 843 3475 nomine
868 3423 1205 3489 vocitabant,
1238 3424 1500 3494 quoniam
1535 3427 1697 3495 pedes
1731 3443 1839 3480 non
1872 3428 2050 3482 solum

466 3514 711 3567 lororum
768 3515 1046 3569 habebant
1095 3515 1318 3583 idioma,
1364 3516 1460 3571 sed
1495 3517 1624 3586 quia
1658 3527 1712 3572 et
1746 3519 2049 3572 secundum

469 3611 584 3659 haec
616 3615 774 3660 erant
803 3607 1063 3675 deinceps
1083 3607 1414 3673 ineﬂicaces,
1449 3619 1503 3664 et
1531 3609 1662 3678 quia
1697 3611 1857 3679 quasi
1883 3625 1910 3663 a
1935 3611 2052 3664 cla-

469 3698 618 3751 varia
650 3707 874 3768 propter
904 3699 1070 3768 pedes
1104 3708 1221 3754 arte
1253 3701 1564 3770 quiescens,
1593 3716 1625 3755 a
1663 3701 1862 3770 pedum
1895 3717 2054 3756 voca-

468 3791 628 3845 batur
664 3792 943 3861 languore.
983 3792 1141 3846 Hanc
1179 3789 1456 3847 Taurinus
1486 3793 1778 3862 pessimam
1819 3794 2050 3847 infirmi-

468 3891 636 3937 tatem
698 3883 930 3947 habens,
975 3891 1101 3954 post
1141 3890 1444 3939 extremam
1484 3884 1828 3939 medicorum
1863 3887 2050 3956 repul-

467 3976 710 4039 sionem,
772 3975 918 4044 quod
996 3990 1274 4043 nunquam
1331 3975 1628 4044 aliquando
1683 3976 1846 4044 pedes
1907 3987 2052 4032 esset

469 4066 1064 4134 moturus-huiusmodi
1111 4066 1550 4136 perhibentium;
1603 4065 1719 4121 haac
1739 4067 1885 4120 enim
1934 4079 2052 4121 erat

467 4157 706 4226 ipsorum
742 4173 804 4211 ex
857 4165 976 4210 arte
1026 4157 1344 4220 sententia;
1375 4156 1442 4210 ad
1495 4156 1697 4226 Cyrum
1734 4160 2050 4216 sublevatus

469 4248 638 4312 venit,
667 4255 721 4302 et
757 4245 1028 4301 Joannem
1071 4245 1200 4317 Cyri
1227 4254 1676 4316 commartyrem,
1709 4247 1906 4302 divinae
1942 4265 2052 4303 me-

467 4339 665 4393 dicinae
694 4348 1084 4409 praiceptores,
1117 4350 1172 4394 et
1203 4355 1312 4394 non
1341 4339 1462 4410 ejus
1486 4357 1606 4409 quae
1638 4341 2046 4412 Hippocratem,

466 4429 756 4494 Calenum,
789 4439 842 4486 et
873 4433 1266 4497 Democritum,
1308 4433 1400 4502 qui
1438 4433 1505 4487 de
1534 4442 1680 4488 terra
1726 4435 2045 4504 loquuntur,
2081 4464 2126 4519 υ

472 4517 600 4571 facit
643 4519 940 4583 doctores;
991 4535 1102 4588 quo
1136 4519 1446 4576 admirandi
1480 4531 1752 4594 martyres
1795 4526 2046 4581 veniente

468 4618 749 4679 suscepto,
776 4610 923 4663 hunc
947 4611 1184 4664 sanitate
1213 4611 1463 4682 dignum,
1494 4628 1658 4682 quam
1687 4614 1763 4668 illi
1791 4615 2047 4684 despera-

469 4710 676 4765 verant,
706 4700 1086 4756 reddiderunt.
1122 4702 1465 4771 Apparentes
1495 4705 1639 4758 enim
1664 4706 1713 4760 ei
1744 4707 2046 4760 secundum

468 4809 674 4848 morem
703 4794 758 4846 in
800 4794 1118 4848 stramentis
1149 4802 1203 4847 et
1250 4794 1427 4860 lectis,
1462 4796 1678 4849 salitam
1707 4798 2044 4852 coturnicem

465 4891 520 4936 et
546 4883 878 4936 exsiccatam
905 4883 1227 4954 praecipiunt
1261 4899 1502 4948 sumere,
1532 4893 1587 4938 et
1612 4884 1752 4939 hanc
1779 4895 1955 4939 terere
1992 4892 2048 4939 et

466 4974 632 5044 pedes
671 4991 875 5045 ungere
921 4977 1252 5041 sancientes,
1299 4976 1499 5030 iterum
1550 4977 1713 5032 veluti
1761 4979 2040 5031 somnium

464 5070 846 5123 :wolaverunt.
879 5073 947 5122 At
983 5069 1073 5125 ille
1097 5077 1220 5138 post
1255 5072 1529 5124 somnium
1565 5071 1709 5140 quod
1742 5069 2047 5139 imperave-

468 5166 591 5211 rant
619 5159 844 5223 faciens,
879 5159 1208 5214 mirabiliter
1238 5160 1563 5222 satiabatur,
1593 5167 1647 5214 et
1678 5161 1823 5214 omni
1849 5161 2045 5229 pedum

466 5250 786 5305 infirmitate
853 5258 905 5304 ct
965 5250 1168 5304 duritia
1221 5251 1348 5315 illa,
1393 5251 1746 5320 lororumque
1815 5252 2046 5306 deformi

467 5357 696 5411 prorsus
732 5341 1127 5410 imaginatione
1179 5341 1448 5410 deposita,
1486 5341 1694 5410 integer
1731 5349 1786 5395 et
1816 5342 2046 5410 pedibus

465 5434 626 5488 bonis
655 5432 832 5489 faelus
858 5441 966 5498 est,
991 5441 1043 5486 et
1073 5433 1212 5487 forte
1236 5434 1484 5488 obtinere
1511 5433 1823 5487 coturnices
1851 5432 2046 5502 pedum

467 5525 838 5582 crassitudine
868 5526 1076 5579 valens.
1118 5526 1184 5579 Et
1217 5525 1492 5582 Taurinus
1521 5525 1738 5594 quidem
1766 5525 2048 5593 sospitatis

468 5619 625 5687 cepia
670 5616 866 5681 fretus,
887 5619 1185 5688 gratiarum
1221 5618 1531 5672 actionibus
1551 5615 1660 5671 Deo
1683 5618 2046 5688 martyribus-

470 5723 577 5778 que
609 5708 832 5775 oblatis,
884 5709 1116 5768 recessit
1152 5727 1166 5764 :
1196 5725 1295 5766 nos
1324 5720 1505 5764 autem
1534 5709 1764 5779 hymnos
1819 5719 2049 5764 cantan-

2155 1871 2347 1926 θᾶττον
2376 1873 2477 1927 οὐκ
2509 1872 2750 1944 ἴσχυσεν.
2783 1872 2982 1927 Ἐλθὼν
3001 1874 3093 1928 οὖν
3119 1876 3270 1944 ὅμως
3300 1875 3401 1939 τὰς
3431 1878 3615 1940 αἰτίας
3649 1877 3738 1930 τοῦ

2155 1963 2384 2035 βράδους
2410 1965 2735 2036 ἀπήγγειλε,
2768 1967 2864 2020 καὶ
2915 1966 2990 2037 μὴ
3044 1967 3338 2037 παρελθεῖν
3371 1968 3540 2021 αὑτὸν
3566 1970 3736 2036 ἄγραι

2155 2072 2255 2124 φον
2279 2056 2478 2127 ᾔτησεν
2498 2073 2512 2089 ο
2544 2057 2604 2111 ὃν
2629 2057 2704 2122 ὡς
2740 2059 2962 2125 ἀναξίαν
2991 2059 3091 2128 τῆς
3124 2057 3385 2129 μέμψεως
3415 2058 3518 2130 τὴν
3547 2061 3740 2113 ἀπολο-

2153 2149 2281 2216 γίαν
2333 2149 2657 2220 ποιήσαντα,
2709 2150 2805 2204 ἕνα
2841 2167 2952 2203 των
3001 2150 3315 2220 αὐχούντων
3369 2156 3738 2222 μαρτυρικαξ

2155 2237 2481 2306 ἐπισκέψεσι
2522 2239 2616 2291 καὶ
2653 2239 2817 2292 αὑτὸν
2857 2238 3239 2310 ποιησώμεθα.

2241 2329 2560 2401 Ἡρακλείου
2583 2331 2676 2384 τοῦ
2711 2333 2990 2402 κτήματος
3022 2333 3117 2386 τοῦ
3146 2334 3226 2404 τῷ
3253 2334 3407 2405 σηκῷ
3428 2336 3540 2389 τῶν
3571 2337 3738 2405 ἁγίων

2159 2424 2632 2493 προσεγγίζοντος,
2661 2425 2756 2478 καὶ
2783 2424 3056 2479 σαϐϐάτου
3084 2426 3202 2480 ὁδὸν
3228 2426 3422 2480 τούτου
3454 2429 3619 2498 μόνον
3643 2432 3742 2484 ἀπ-

2157 2514 2392 2584 έχοντος,
2423 2516 2704 2570 τουτέστιν
2727 2516 3003 2587 τεττάρων
3047 2518 3140 2571 καὶ
3184 2519 3316 2572 δέκα
3364 2520 3599 2573 σταδίων
3629 2522 3742 2575 διά-

2158 2623 2364 2676 στημα,
2407 2609 2671 2679 κωμήτης
2716 2611 2745 2662 ὁ
2798 2610 3066 2681 Ταυρῖνος
3126 2612 3442 2682 ἐτύγχανεν,
3495 2615 3593 2666 καὶ
3643 2615 3742 2684 τὴν

2156 2695 2490 2766 ήλουργικὴν
2513 2697 2709 2768 τέχνην
2741 2699 3063 2769 μετήρχετο,
3099 2699 3207 2752 τῶν
3232 2701 3411 2753 ποδῶν
3445 2703 3549 2771 τὴν
3580 2702 3744 2755 ἁσθέο

2157 2802 2303 2838 νειαν
2335 2787 2399 2838 ού
2427 2786 2694 2856 τυχοῦσαν
2716 2790 2998 2859 ἐκέκτητο,
3024 2790 3158 2845 ἀλλά
3185 2793 3432 2861 μεγάλην
3460 2795 3556 2846 καὶ
3585 2793 3743 2861 λόγον

2156 2877 2328 2946 ἀκοῆς
2361 2879 2784 2949 ὑπεραίρουσαν.
2805 2876 2965 2935 Οὗτοι
3005 2883 3111 2953 γάρ
3143 2883 3204 2935 τὸ
3231 2883 3338 2936 τῶν
3369 2885 3550 2937 ποδῶν
3581 2881 3746 2950 εἶδος,

2158 2970 2204 3020 εί
2251 2969 2396 3022 ἔστιν
2445 2973 2638 3035 εἰπεῖν,
2675 2971 3065 3042 ἀρνησάμενοι,
3101 2974 3290 3043 λώρων
3321 2976 3624 3045 ἐμιμοῦντο
3654 2995 3745 3031 νε-

2157 3058 2307 3128 κρῶν
2358 3059 2629 3130 ἰδιότητα·
2683 3061 2750 3114 δι’
2779 3062 2808 3114 ὃ
2861 3063 2956 3116 καὶ
3009 3064 3100 3117 τὸν
3148 3064 3340 3134 έχοντα
3373 3069 3639 3137 κτήτορα,
3677 3072 3744 3138 τῇ

2151 3147 2356 3202 τούτων
2373 3151 2658 3221 ἐπωνυμίᾳ
2681 3155 3045 3224 πεποιήκασιν
3060 3154 3291 3223 όνομάζε
3301 3155 3448 3208 σθαιο
3465 3159 3524 3209 τὸ
3549 3159 3751 3226 ήλουρ-

2153 3240 2247 3307 γὸν
2274 3240 2382 3310 γὰρ
2411 3241 2769 3311 ἐπονομάζειν
2799 3245 2906 3296 ἀπὸ
2933 3244 3033 3312 τῆς
3072 3245 3268 3313 τέχνης
3312 3247 3598 3311 ἐάσαντες,
3635 3249 3748 3301 ἀπὸ

2151 3333 2261 3386 τῶν
2282 3334 2456 3386 ποδῶν
2487 3334 2716 3388 ἐκάλουν
2762 3333 3043 3405 λωρόποδα
3065 3353 3079 3365 ·
3109 3337 3202 3389 καὶ
3242 3338 3384 3406 τάχα
3412 3340 3598 3402 καλῶς
3630 3358 3748 3394 τοι-

2152 3423 2295 3494 ούτῳ
2338 3424 2499 3477 αὐτὸν
2545 3425 2774 3479 ἐκάλουν
2825 3427 3069 3493 ὀνόματι,
3106 3428 3341 3498 ἐπείπερ
3381 3430 3432 3482 ei
3487 3431 3648 3495 πόδες
3680 3435 3744 3486 οὗ

2155 3515 2315 3584 μόνον
2343 3515 2404 3568 τὺ
2427 3515 2534 3568 τῶν
2566 3517 2755 3586 λώρων
2780 3516 2938 3588 ἔσχον
2968 3517 3185 3588 ἰδίωμα,
3216 3519 3330 3572 ἀλλ’
3362 3519 3443 3572 ὅτι
3476 3523 3573 3574 καὶ
3602 3525 3749 3576 κατά

2151 3605 2323 3658 ταῦτα
2349 3601 2491 3676 ἦσαν
2517 3605 2705 3660 λοιπὸν
2745 3607 3098 3677 ἀνενέργητοι
3125 3623 3139 3636 ⁸
3165 3608 3258 3660 καὶ
3287 3609 3392 3670 ὅτι,
3420 3611 3609 3679 φησὶν,
3642 3611 3746 3679 τῆς

2151 3696 2488 3766 ⁴ήλουργικῆς
2517 3697 2715 3767 τέχνης
2746 3697 2833 3750 διὰ
2861 3699 2985 3761 τοὺς
3022 3697 3191 3760 πόδας
3228 3699 3599 3768 παυσάμενος,
3632 3702 3745 3754 ἀπὸ

2152 3790 2244 3842 τοῦ
2275 3791 2383 3845 τῶν
2417 3791 2594 3843 ποδῶν
2623 3789 2871 3842 ἐκαλεῖτο
2902 3790 3232 3860 νοσήματος.
3265 3789 3484 3859 Ταύτην
3525 3793 3553 3843 ὁ
3596 3790 3746 3844 Ταυ-

2156 3882 2301 3950 ρῖνος
2353 3879 2450 3950 τὴν
2495 3880 2763 3950 κακίστην
2806 3881 2944 3950 έχων
2991 3881 3298 3946 ἀσθένειαν,
3336 3883 3475 3951 μετά
3505 3883 3605 3952 τήν
3635 3884 3744 3935 τῶν

2156 3969 2356 4038 ίατρῶν
2382 3970 2701 4023 τελευταίαν
2737 3970 3035 4038 ἀπόφασιν,
3064 3970 3139 4031 ὡς
3180 3971 3281 4022 οὐκ
3309 3969 3374 4022 ἀν
3409 3986 3543 4022 ποτε
3574 3969 3745 4032 πόδας

2151 4060 2179 4111 ὁ
2207 4061 2448 4122 τοιοῦτος
2477 4050 2940 4130 κινήσειεεβφύτη
2967 4059 3073 4131 γάρ
3107 4055 3177 4131 ἦν
3210 4060 3392 4112 αὐτῶν
3424 4061 3490 4113 ἐκ
3519 4062 3621 4131 τῆς
3652 4061 3742 4114 τέ-

2153 4167 2286 4219 χνης
2331 4150 2630 4218 ἀπόφασις)
2665 4151 2798 4220 πρὸς
2833 4143 2938 4202 ’τὸν
2981 4150 3161 4219 Κῦρον
3198 4151 3489 4220 αἰρόμενος
3521 4151 3742 4222 ἔρχεται

2153 4239 2248 4290 καὶ
2289 4240 2544 4310 Ἰωάννην
2567 4241 2660 4293 τὸν
2688 4239 2874 4309 Κύρου
2907 4240 3000 4293 τοῦ
3028 4240 3171 4292 θείου
3207 4243 3741 4312 συμμάρτυρα,τοὺς

2154 4327 2304 4392 θείας
2341 4329 2593 4400 ἰατρικῆς
2617 4331 3010 4399 ἐπιστήμονας,
3040 4331 3135 4382 καὶ
3157 4330 3218 4381 οὐ
3242 4331 3340 4398 τῆς
3369 4330 3740 4403 Ἱπποκράτην

2154 4427 2249 4479 καὶ
2281 4425 2518 4495 Γαληνδν
2545 4423 2641 4477 καὶ
2670 4423 3031 4492 Δημόκριτον,
3079 4422 3204 4485 τοὺς
3233 4424 3339 4477 ἀπὸ
3369 4424 3472 4493 γῆς
3509 4425 3740 4493 φθεγγο.

2161 4518 2378 4587 μένους,
2405 4517 2732 4586 ποιουμένης
2749 4515 3207 4584 γεννήτορας.“ον
3227 4515 3275 4565 οἱ
3293 4515 3590 4583 θαυμάσιοι
3609 4518 3739 4585 μάρ·

2154 4627 2317 4680 τυρες
2347 4609 2566 4662 ἐλθόντα
2593 4607 2895 4677 δεξάμενοι,
2927 4607 3149 4675 ῥώσεως
3191 4606 3295 4673 τῆς
3347 4607 3477 4678 παρ’
3513 4608 3734 4661 ἐκείνων

2155 4699 2605 4769 ἀπογνωσθείσης
2656 4698 2914 4768 ἠξίωσαν.
2953 4697 3216 4757 Φανέντες
3265 4696 3373 4764 γὰρ
3423 4697 3575 4766 αὐτῷ
3607 4693 3734 4750 κὶθ¹

2157 4793 2355 4854 ὕπνους
2375 4795 2468 4844 καὶ
2517 4789 2828 4860 στρωμνὰς,
2855 4787 2929 4849 ὡς
2971 4786 3250 4850 είώθασιν,
3286 4785 3486 4838 παστὸν
3533 4787 3736 4856 δρτυγα

2157 4889 2342 4940 λαϐεῖν
2395 4887 2780 4947 ἐπιτάττουσι,
2831 4884 2925 4937 καὶ
2959 4884 3148 4936 τοῦτον
3182 4883 3375 4953 τρέψαι
3415 4885 3510 4935 καὶ
3555 4883 3737 4952 χρίσαι

2156 4983 2282 5044 τοὺς
2313 4980 2478 5042 πόδας
2515 4979 2894 5039 θεσπίσαντες,
2924 4977 3088 5028 πάλιν
3119 4977 3194 5038 ὼς
3227 4975 3360 5045 ὄναρ
3389 4976 3735 5044 ἀπέπτησαν.

2168 5071 2225 5124 '0
2247 5071 2302 5123 δέ
2339 5069 2478 5140 μετὰ
2503 5069 2592 5121 τὸν
2624 5066 2790 5121 ὕπνον
2825 5069 3059 5136 ποιήσας
3080 5066 3140 5119 τὸ
3165 5065 3471 5134 θέσπισμα,
3501 5066 3739 5135 παραδό-

2157 5164 2261 5229 ξως
2295 5164 2559 5233 ἐρώννυτο
2577 5203 2592 5227 ,
2631 5161 2726 5215 καὶ
2752 5161 2858 5213 πᾶν
2882 5160 3171 5213 ἀποϐαλὼν
3204 5159 3311 5212 τῶν
3340 5158 3516 5213 ποδῶν
3548 5161 3610 5212 τὸ
3637 5162 3736 5231 ap.

2158 5255 2339 5325 ῥώστη
2349 5273 2445 5325 μα,
2472 5257 2565 5308 καὶ
2592 5255 2652 5307 τὸ
2681 5253 3055 5323 κατεσκληκδς
3083 5254 3256 5304 ἐκεῖνο
3290 5254 3384 5304 καὶ
3408 5252 3516 5304 τῶν
3550 5251 3738 5323 λώρων

2156 5347 2557 5400 δυσειδέστατον
2582 5345 2828 5414 ίνδαλμα,
2851 5345 3037 5416 ἄρτιος
3070 5345 3162 5396 καὶ
3188 5342 3482 5405 καλλίπους
3506 5344 3736 5409 ἐγίνετο,

2158 5439 2252 5490 καὶ
2281 5437 2423 5506 τάχα
2455 5437 2688 5507 ὄρτυγας
2739 5439 2964 5504 κρατεῖν
3009 5437 3072 5503 τῇ
3123 5433 3231 5485 τῶν
3265 5432 3441 5485 ποδῶν
3473 5432 3736 5502 ταχύτητι

2160 5526 2516 5590 ἱκανώτατος.
2567 5529 2674 5580 Καὶ
2705 5528 2967 5597 Ταυρίνος
3001 5525 3098 5596 μὲν
3125 5525 3266 5578 οὕτω
3298 5523 3518 5595 ῥώσεως
3569 5526 3627 5576 ἐν
3652 5525 3738 5576 εὑ·

2160 5620 2326 5690 πορίᾳ
2356 5620 2670 5688 γενόμενος,
2705 5619 3112 5688 εὐχαριστήσας
3138 5615 3258 5686 Θεῷ
3304 5617 3399 5669 καὶ
3444 5618 3561 5676 τοῖς
3599 5617 3735 5687 μάρ-

2158 5728 2314 5766 τυσιν
2348 5711 2916 5782 άπελήλυθεν.Ἦμεῖς
2948 5710 3004 5763 δέ
3031 5709 3404 5780 ὑμνήσαντες,
3442 5711 3534 5763 καὶ
3566 5709 3737 5776 λόγων
