3930 6316
143 324 298 388 3589

1188 324 1293 384 SS.
1334 325 1506 384 CYRI
1540 326 1634 385 ET
1672 324 1993 386 JOANNIS
2021 326 2436 388 MIRACULA.

1850 145 1879 173 Ι

3280 339 3433 402 3590

142 431 417 502 εὐπορίαν
463 430 599 502 πρὸς
641 430 742 501 τὴν
790 429 898 484 τῶν
945 430 1147 484 λοιπῶν
1178 433 1476 501 θαυμάτων
1506 434 1729 501 ἁπαγγε

1860 450 1958 496 tus,
1994 445 2046 489 et
2082 452 2399 491 sermonum
2445 438 2780 507 opulentiam
2815 440 2882 495 ad
2912 441 3250 512 reliquorum
3283 448 3431 504 reci-

142 520 274 579 λίαν
312 524 654 592 αἰτήσαντες,
698 521 796 574 σὺν
835 521 1116 593 προθυμίᾳ
1152 522 1356 593 ταύτης
1394 524 1666 595 ἐχώμεθα.

220 725 361 778 MA'.
381 723 519 791 Περί
555 725 779 789 "Aram;
806 722 920 791 τῆς
937 725 1312 793 peracri-piae
1336 726 1470 795 τρία
1498 743 1670 782 κατα-

638 795 900 861 matiam-
924 794 1273 863 σαμαμίθια.

1193 810 1273 849 ια.

638 795 900 861 θυούσης
924 809 1089 862 eam

222 885 344 956 Πρὸ
371 884 524 939 τοῦδε
581 885 719 956 πρὸς
758 882 944 956 χώραν
974 885 1143 954 ἄλλην
1183 886 1279 938 καί
1305 885 1461 939 πόλιν
1488 886 1744 940 εἰσέλθω-

152 994 261 1046 μεν
282 979 319 1049 ἢ
352 978 548 1048 κώμην
597 978 796 1047 ἑτέραν
822 976 1192 1048 μετέλθωμεν,
1220 977 1402 1046 λέγειν
1434 980 1584 1033 ἐστὶν
1607 980 1740 1034 ἀκό-

146 1068 346 1122 λουθον
378 1070 470 1123 καὶ
494 1069 677 1139 θαῦμα
697 1069 907 1139 ἕτερον,
926 1068 1021 1122 καί
1043 1070 1184 1139 τάχα
1201 1069 1294 1124 τοῦ
1328 1070 1737 1141 προρρηθέντος

148 1159 479 1230 ὑπέρτερον,
513 1159 542 1212 δ
570 1158 702 1229 παρ’
723 1158 907 1211 αὐτῶν
938 1156 1101 1212 πάλιν
1129 1158 1237 1211 τῶν
1258 1158 1430 1225 ἁγίων
1457 1159 1743 1229 προελθεῖν

146 1249 249 1302 ἐπὶ
289 1249 593 1320 μοναστρίᾳ
621 1248 730 1302 τινὶ
771 1248 872 1319 τὴν
903 1249 1076 1318 αὐτὴν
1111 1248 1336 1321 οἰκούσῃ
1375 1249 1572 1318 κώμην
1601 1251 1741 1321 ἐμά-

146 1343 346 1412 θομεν.
400 1344 507 1396 Καὶ
538 1343 780 1412 λέξωμεν
803 1341 939 1395 Θεοῦ
960 1342 1022 1395 τὸ
1042 1343 1220 1409 λέγειν
1255 1343 1610 1413 παρέχοντος.
1644 1344 1739 1397 καὶ

143 1435 280 1497 τοὺς
308 1436 409 1501 τῆς
430 1435 601 1504 αὐτῆς
639 1434 830 1504 κώμης
863 1435 1156 1506 οἰκήτορας
1176 1435 1420 1503 ἀλλήλων
1459 1435 1740 1499 παντελῶς

144 1525 210 1576 οὐ
243 1524 572 1595 χωρίσωςιεν
597 1540 611 1553 ·
660 1525 709 1577 εἰ
733 1525 825 1577 καὶ
868 1525 1072 1595 Πέτρου
1103 1524 1324 1587 τούτους
1345 1524 1648 1594 διαστῆσαι,
1679 1525 1739 1578 ὃν

146 1616 260 1686 πρὸ
288 1616 491 1688 μικροῦ
514 1616 868 1686 παρεθέμεθα
899 1617 1000 1685 τῆς
1035 1616 1294 1687 ρηθείσης
1325 1615 1519 1687 κώμης
1557 1618 1738 1689 ὑπάρ-

146 1724 342 1777 χοντα,
370 1708 532 1777 ἑτέρα
568 1725 652 1771 τις
684 1708 826 1778 ἡμᾶς
857 1708 1244 1776 κατηνάγκασε
1286 1708 1578 1778 πρόφασις.

221 1797 300 1852 Τὸ
347 1799 671 1872 Ἡράκλειον
706 1797 864 1852 τοῦτο
910 1800 1211 1869 κτημάτιον
1238 1798 1370 1870 ᾤκει
1416 1800 1732 1870 μονάστρια,
1763 1781 1811 1841 Β

149 1892 326 1943 Ἄννα
352 1892 449 1962 μὲν
467 1891 725 1960 τοῦνομα,
761 1891 877 1961 μετ’
899 1891 1073 1944 ἄλλων
1097 1891 1152 1944 δὲ
1178 1892 1464 1963 παρθένων
1501 1894 1737 1948 ἐποιεῖτο

146 1985 247 2053 τὴν
278 1984 518 2052 οἴκησιν.
559 1983 727 2036 Ἐτῶν
756 1982 865 2053 γὰρ
894 1977 962 2053 ἦν
986 1981 1118 2035 ὡσεὶ
1155 1982 1385 2045 δώδεκα,
1414 1984 1447 2053 ἢ
1479 1984 1573 2037 καὶ
1607 1984 1735 2037 τοῦ-

146 2090 240 2126 τον
276 2073 409 2143 ἔσχε
457 2072 551 2126 τὸν
591 2073 781 2142 χρόνον
827 2071 1090 2126 ἐλάττονα
1115 2089 1128 2103 ’
1163 2072 1287 2144 ἥτις
1322 2074 1509 2143 ἡλικία
1550 2074 1736 2145 μένειν

145 2164 231 2232 ἐφ’
266 2165 439 2233 ἑαυτῇ
470 2162 538 2216 δι’
563 2162 825 2234 ἀπειρίαν
851 2162 913 2215 οὐ
947 2161 1194 2224 δύναται,
1231 2164 1327 2216 καὶ
1357 2163 1448 2217 νοῦ
1473 2166 1570 2218 καὶ
1604 2182 1736 2235 φρε-

146 2254 253 2308 νῶν
298 2255 604 2326 ὀλιγότητι.
669 2255 796 2318 Πῶς
837 2254 947 2325 γάρ
973 2255 1002 2307 ὁ
1043 2254 1284 2319 τοιοῦτος
1317 2258 1378 2309 οὐ
1410 2257 1549 2328 πρὸς
1594 2254 1735 2328 αἷμα

143 2347 241 2399 καὶ
282 2348 489 2418 σάρκα,
541 2346 676 2400 ἀλλὰ
708 2346 846 2417 πρὸς
876 2347 977 2411 τὰς
1002 2348 1175 2419 ἀρχὰς
1203 2349 1297 2402 καὶ
1328 2348 1429 2411 τὰς
1482 2347 1734 2416 ἐξουσίας

146 2438 240 2491 καὶ
275 2438 411 2500 τοὺς
444 2436 894 2510 κοσμοκράτορας
919 2439 1012 2493 τοῦ
1051 2439 1246 2503 αἰῶνος
1273 2439 1486 2501 τούτου,
1537 2441 1630 2493 καί
1663 2440 1733 2494 τὰ

145 2528 500 2597 πνευματικὰ
523 2529 623 2598 τῆς
653 2530 918 2599 πονηρίας
944 2531 1280 2596 παλαίσειεν,
1304 2530 1404 2598 τήν
1428 2530 1609 2600 πάλην
1633 2529 1733 2602 τὴν

145 2621 283 2691 πρὸς
316 2621 514 2685 αὐτοὺς
552 2621 968 2690 ἀναδεξάμενος,
1006 2624 1055 2675 εἰ
1104 2622 1200 2675 τοῦ
1254 2622 1733 2693 παιδοτρισοῦντος

145 2714 515 2785 χηρεύσειεν;
553 2715 586 2786 ἢ
637 2714 756 2779 πῶς
792 2715 1048 2785 δαίμονος
1097 2716 1251 2788 γνοίη
1289 2718 1511 2771 ποικίλα
1573 2719 1734 2788 νοσή-

150 2823 321 2874 ματα,
372 2806 421 2858 εἰ
474 2806 548 2878 μὴ
598 2807 753 2876 σχοίη
785 2807 876 2861 τὸν
904 2809 1083 2863 εἰδότα
1120 2808 1472 2875 διδάσκαλον;
1531 2809 1564 2880 ἢ
1614 2809 1731 2873 πῶς

146 2898 369 2965 ἀπάτην
410 2897 586 2967 ὄφεως
635 2900 728 2951 καὶ
773 2900 1109 2971 πανουργίαν
1138 2899 1456 2967 φυλάξαιτο,
1497 2901 1565 2973 ἢν
1620 2901 1730 2956 οὐδ’

146 2986 256 3039 Εὔα
293 2987 628 3058 χωρισθεῖσα
668 2989 864 3060 μικρὸν
920 2990 1015 3043 τοῦ
1061 2990 1232 3061 Ἀδὰμ
1258 2991 1595 3059 ἔφυλάξατος
1629 2992 1731 3047 Διά

144 3078 322 3133 ταότοι
365 3079 475 3149 γὰρ
507 3080 608 3150 τὴν
648 3081 905 3152 παιδικὴν
942 3082 1163 3151 ἡλικίαν
1190 3083 1314 3136 καθ’
1358 3085 1530 3154 αὐτὴν
1559 3086 1730 3138 οἰκεῖν

144 3172 243 3224 οὐκ
285 3171 593 3233 ἀκίνδυνον,
635 3173 730 3226 καὶ
768 3171 1006 3241 μάλιστα
1041 3174 1138 3243 τὴν
1180 3174 1316 3245 πρὸς
1349 3174 1605 3244 δαίμονας
1638 3173 1730 3227 τὸν

147 3262 389 3332 πόλεμον
430 3261 679 3331 ἔχουσαν,
732 3263 825 3315 καὶ
860 3262 934 3333 μὴ
978 3263 1287 3334 δυναμένην
1311 3265 1449 3328 ὅλως
1487 3266 1730 3337 τηρῆσαι

148 3353 561 3420 γιγνώσκουσαν
612 3353 856 3425 κεφαλὴν
906 3352 1086 3422 ὅψεως
1114 3356 1299 3427 ἡρέμα
1333 3373 1450 3418 πως
1483 3356 1731 3411 εἰσελαύ-

147 3462 367 3511 νουσαν,
414 3444 449 3516 ἢ
499 3446 735 3518 πτέρναν
784 3446 883 3519 τὴν
926 3448 1135 3501 οἰκείαν
1183 3447 1333 3519 αὐτῷ
1385 3448 1731 3520 τηρουμένην

152 3537 558 3593 σκεπάσασθαι.
1419 3528 1423 3533 ⁷

167 3819 170 3822 ’
223 3820 390 3876 Ὅθεν
440 3824 474 3893 ἠ
521 3821 773 3894 παροῦσα
818 3823 1119 3894 μονάστρια
1161 3821 1467 3893 νηπιώδους
1516 3823 1733 3894 ἡλικίας

150 3915 514 3985 τυγχάνουσα,
537 3918 631 3968 καὶ
663 3916 797 3985 πρδς
824 3914 973 3986 ὤραν
1002 3914 1111 3967 τῶν
1138 3917 1293 3983 ἄγειν
1313 3915 1625 3987 δυναμένων
1646 3912 1733 3971 οἷα

154 4005 440 4076 συμϐαίνει
493 4006 829 4077 χηρεῦσασαο
873 4004 1048 4074 καινῷ
1084 4004 1241 4076 δεινῷ
1287 4008 1731 4077 περιπέπτωκεν,

148 4090 193 4163 ᾧ
223 4097 472 4160 διάϐολος
519 4099 656 4168 αὐτῇ
707 4079 1272 4169 προευτρέπισε,⁸καί
1318 4098 1489 4169 μόνην
1530 4100 1729 4170 εὑρὼν,

149 4190 326 4261 τούτῳ
351 4190 427 4259 τῷ
446 4190 632 4261 τρόπῳ
657 4192 792 4261 πρὸς
812 4191 1041 4246 θάνατον
1065 4189 1255 4262 ἤλασε.
1279 4192 1598 4245 Μονωθείσα
1624 4191 1733 4264 γὰρ

148 4279 291 4350 αῦτη
318 4280 424 4332 τῶν
452 4281 650 4346 ἄλλων,
689 4275 779 4334 οἷα
815 4282 1099 4351 μειράκιον
1124 4285 1194 4336 τά
1219 4283 1521 4353 μειρακίων
1542 4283 1726 4354 διήνυε

152 4373 397 4438 παίγνια,
427 4372 694 4441 καλάμοις
714 4373 824 4424 τισί
846 4373 944 4444 τὴν
968 4374 1098 4447 περὶ
1124 4375 1183 4446 τὸ
1210 4373 1427 4435 παίζειν
1448 4373 1732 4444 πληροῦσα

1846 528 2108 583 tationem
2143 530 2541 584 miraculorum
2571 530 2960 601 emagitautes,
2980 533 3123 589 hanc
3153 550 3278 591 cum
3315 539 3435 593 aia-

1845 621 2042 675 critate
2082 622 2553 677 continuabimus.

1844 728 2028 787 XLIV.
2057 731 2137 786 De
2182 734 2339 787 Anna
2391 733 2592 788 ancilla
2633 732 2886 808 Deique:
2932 736 3037 789 tria
3082 735 3429 808 deglntirerat

2452 804 2823 858 samamithia.

1916 896 2231 966 Antequam
2270 896 2339 951 ad
2370 896 2652 966 regionem
2697 896 2884 960 aliam,
2919 895 3004 949 vel
3028 896 3306 952 civitatem
3334 909 3431 954 aut

1846 990 2135 1044 castellum
2178 991 2474 1045 transitum
2530 988 2821 1053 faciamus,
2856 1003 3199 1058 consequens
3246 1002 3332 1047 est
3373 1003 3431 1046 ut

1844 1089 1898 1135 et
1947 1080 2095 1134 aliud
2143 1081 2394 1137 dicamus
2441 1082 2791 1147 miraculum,
2829 1092 2883 1137 et
2920 1082 3065 1141 forte
3104 1085 3428 1154 praecedenti

1844 1172 2168 1237 sublimius,
2216 1173 2362 1242 quod
2416 1175 2487 1228 ab
2534 1175 2671 1244 ipsis
2710 1173 2909 1230 iterum
2959 1176 3171 1235 sanctis
3214 1183 3430 1248 gestum
3520 1232 3532 1243 ,

1846 1265 2017 1320 fuisse
2067 1265 2123 1320 in
2156 1267 2393 1335 quadam
2435 1267 2633 1320 ancilla
2671 1266 2764 1322 Dei
2812 1267 3061 1337 ejusdem
3104 1270 3430 1324 habitatrice

1843 1356 2006 1415 villae,
2043 1355 2359 1411 didicimus.
2389 1355 2455 1410 Et
2481 1357 2751 1421 dicemus,
2778 1356 2888 1412 Deo
2923 1358 3185 1429 largiente
3210 1359 3430 1413 dicendi

1841 1448 2119 1513 effectum,
2151 1457 2205 1502 et
2240 1448 2587 1503 habitatores
2618 1450 2862 1518 ejusdem
2894 1450 3035 1503 villzc
3059 1466 3168 1506 non
3206 1466 3432 1522 separa-

1841 1539 2021 1593 bituus
2054 1554 2285 1609 prorsus
2319 1540 2390 1594 ab
2423 1539 2660 1594 invicem
2683 1556 2699 1605 ;
2720 1542 2846 1595 licet
2869 1540 3091 1595 Petrum
3115 1558 3277 1611 quem
3303 1552 3432 1598 ante

1840 1632 2007 1699 paulo
2042 1633 2579 1697 commendavimus,
2601 1648 2629 1685 a
2659 1632 2771 1700 jam
2792 1633 2938 1687 dicta
2966 1634 3091 1688 villa
3119 1649 3427 1699 secernere,

1838 1723 1943 1776 alia
1974 1738 2074 1779 nos
2099 1725 2279 1794 coegit
2309 1724 2557 1795 quaedam
2586 1725 2826 1778 occasio.

1915 1816 2273 1871 Heracliense
2322 1817 2428 1871 hoc
2469 1816 2732 1886 praedium
2775 1817 2976 1869 ancilla
3006 1814 3101 1871 Dei
3143 1817 3297 1869 Anna
3332 1831 3433 1870 uo-

1842 1911 1991 1962 mine
2024 1907 2329 1972 habitabat,
2364 1918 2418 1962 et
2447 1907 2844 1963 habitationem
2886 1922 3011 1962 cum
3037 1908 3162 1962 aliis
3199 1906 3431 1977 virgini-

1840 2001 1945 2057 bus
1979 1999 2245 2068 faciebat;
2278 2016 2548 2055 annorum
2575 2002 2720 2054 enim
2753 2011 2872 2056 erat
2903 2000 3060 2070 quasi
3110 1999 3426 2063 duodecim,

1840 2093 1924 2147 vel
1978 2104 2129 2149 certe
2187 2093 2411 2149 brevius
2454 2092 2567 2148 illis
2603 2092 2796 2147 habuit
2842 2101 3092 2161 tempus;
3131 2106 3254 2161 qua:
3295 2099 3429 2146 aetas

1842 2200 2064 2239 manere
2090 2199 2258 2255 super
2285 2199 2347 2241 se
2374 2194 2483 2238 tam
2518 2193 2744 2254 propter
2782 2182 3115 2253 imperitiam
3156 2196 3319 2254 quam
3356 2183 3429 2236 ob

1842 2276 2156 2330 intellectus
2218 2283 2274 2330 et
2324 2268 2593 2330 sensuum
2633 2275 3006 2343 paucitatem,
3066 2289 3173 2328 non
3221 2281 3425 2344 potest.

1839 2361 2130 2431 Quomodo
2188 2365 2333 2419 enim
2373 2364 2694 2435 hujusmodi
2739 2379 2852 2419 non
2889 2365 3159 2421 adversus
3202 2366 3427 2436 sangui-

1840 2472 1961 2512 nem
1987 2464 2040 2510 et
2068 2471 2314 2521 carnem,
2347 2457 2443 2513 sed
2492 2458 2760 2513 adversus
2803 2457 3149 2528 principatus
3185 2466 3239 2513 et
3275 2468 3429 2529 pote-

1839 2555 2028 2612 states,
2063 2555 2118 2602 et
2148 2558 2394 2603 rectores
2433 2547 2619 2602 saeculi
2664 2547 2853 2617 hujus,
2884 2557 2938 2602 et
2985 2548 3293 2618 spiritualia
3323 2564 3423 2603 ne-

1836 2637 2023 2706 quitiat
2047 2638 2369 2704 luctabitur,
2418 2638 2813 2694 colluctatione
2860 2640 3131 2695 adversus
3170 2640 3294 2693 illos
3331 2655 3427 2695 as-

1842 2739 2086 2799 sumpta,
2132 2729 2177 2783 si
2223 2744 2520 2799 puerorum
2559 2730 2884 2785 institutore
2923 2731 3300 2786 destituatur?
3331 2739 3426 2785 aut

1838 2822 2116 2891 quomodo
2145 2821 2348 2875 diaboli
2379 2821 2529 2876 varia
2573 2821 2711 2876 sciet
2740 2821 3048 2886 molimina,
3085 2822 3191 2877 nisi
3226 2822 3425 2877 habeat

1810 2894 2067 2982 'gnaruut
2125 2912 2498 2983 magistrum?
2559 2920 2655 2968 aut
2705 2915 2986 2983 quomodo
3044 2914 3423 2984 deceptionetn

1837 3003 2108 3073 serpentis
2154 3011 2209 3057 et
2263 3003 2525 3058 astutiam
2567 3003 2920 3065 observabit,
2964 3018 3128 3073 quam
3175 3018 3274 3059 nec
3315 3003 3424 3061 Eva

1834 3100 2085 3162 separata
2133 3092 2436 3161 pauxillum
2469 3091 2537 3147 ab
2564 3092 2736 3147 Adam
2785 3092 3144 3149 observavit?
3197 3092 3426 3163 Propter

1834 3183 1949 3238 haec
1982 3183 2126 3239 enim
2152 3182 2384 3253 puerilis
2409 3191 2545 3240 aetas
2574 3184 2716 3253 apud
2755 3199 2814 3239 se
2845 3184 3095 3239 habitare
3124 3184 3247 3241 sine
3276 3184 3439 3265 perii

1830 3273 1954 3327 culo
1981 3289 2091 3327 nun
2125 3281 2325 3343 potest,
2364 3280 2418 3328 et
2445 3274 2681 3328 maxime
2716 3273 2807 3328 illa
2839 3289 2962 3344 quae
2989 3275 3195 3329 bellum
3229 3273 3429 3329 adver-

1832 3378 1927 3419 sus
1957 3363 2235 3420 daemonas
2262 3365 2448 3431 habet,
2469 3372 2525 3419 et
2553 3380 2666 3419 non
2701 3366 2867 3428 valet,
2894 3374 2988 3420 aut
3021 3378 3171 3420 certe
3202 3367 3426 3436 penitus

1832 3455 2088 3511 nesciens
2131 3456 2430 3511 observare
2480 3466 2647 3526 caput
2711 3460 2986 3527 serpentis
3034 3459 3241 3513 sensim
3290 3475 3429 3527 quo-

1832 3544 2123 3601 dammodo
2155 3547 2490 3617 insequens;
2537 3549 2621 3602 vel
2662 3551 2945 3618 proprium
2985 3548 3202 3618 operire
3244 3551 3429 3603 calca-

1836 3653 2020 3703 neum,
2072 3653 2140 3693 ne
2176 3639 2255 3694 illi
2295 3647 2640 3695 monstretur
2700 3639 2882 3695 modis
2927 3640 3190 3696 omnibus
3237 3642 3430 3696 obser-

1833 3727 2099 3786 vandum.

1905 3817 2061 3876 Unde
2123 3835 2366 3892 praesens
2416 3821 2616 3877 ancilla
2666 3821 2762 3878 Dei
2820 3838 2944 3878 cum
2995 3822 3225 3893 puerilis
3283 3835 3429 3879 esset

1833 3913 2034 3978 atatis,
2061 3914 2128 3967 ad
2165 3913 2358 3969 horam
2393 3913 2649 3968 custodia
2680 3913 2979 3968 valentium
3022 3928 3142 3967 eam
3175 3913 3428 3968 circum-

1833 4004 2056 4068 ducere,
2090 4004 2255 4058 sicuti
2289 4005 2432 4061 solet
2461 4018 2607 4074 saepe
2646 4004 2970 4074 contingere
3004 4002 3287 4069 destituta,
3331 4019 3428 4058 no-

1833 4095 2059 4150 vitatem
2092 4096 2267 4150 diram
2296 4096 2555 4160 incurrit,
2590 4111 2755 4166 quam
2787 4097 2837 4149 ei
2869 4095 3124 4150 diabolus
3155 4109 3427 4165 prmpara-

1832 4187 1933 4253 vit,
1971 4196 2027 4243 et
2054 4187 2226 4242 solam
2260 4188 2542 4243 inventam
2566 4186 2670 4242 ho'c
2700 4188 2862 4243 modo
2890 4186 2958 4242 ad
2990 4196 3220 4241 mortem
3257 4187 3427 4255 impu-

1834 4278 1919 4334 lit.
1954 4278 2091 4335 Cum
2118 4281 2263 4335 enim
2293 4281 2467 4335 solum
2495 4294 2555 4335 se
2585 4281 2655 4335 ab
2682 4281 2806 4335 aliis
2840 4281 2978 4345 lucc,
3009 4287 3199 4350 utpme
3221 4280 3425 4349 puclla,

1838 4370 2063 4435 videret,
2101 4372 2413 4441 puellarum
2442 4374 2855 4443 exsequebatur
2894 4372 3153 4430 ludibria,
3201 4370 3427 4425 calamis

151 4464 411 4521 διάθεσιν.
453 4467 564 4521 Kal.
600 4466 730 4519 ποτὲ
769 4467 865 4536 μὲν
905 4467 995 4519 τὸν
1024 4466 1267 4535 κάλαμον
1302 4465 1532 4538 αἴρουσα
1564 4483 1729 4536 προσ-

1841 4463 2170 4533 quibusdant
2200 4466 2425 4534 jocandi
2463 4466 2686 4536 replens
2718 4464 2992 4519 allectum.
3025 4462 3093 4516 Et
3125 4462 3427 4532 aliquando

151 4553 293 4623 ἧπτε
351 4557 427 4627 τῷ
476 4559 727 4625 στὸματι,
782 4557 912 4610 ποτὲ
949 4557 1007 4610 δὲ
1053 4557 1216 4611 πάλιν
1257 4556 1591 4609 ἀποκινοῦσα
1634 4556 1729 4609 τοῦ

152 4651 418 4718 στόματος
450 4652 546 4702 καὶ
576 4650 711 4718 πρὸς
755 4648 948 4717 ἔδαφος
979 4648 1265 4720 ρίπτουσα,
1299 4649 1459 4702 πάλιν
1491 4647 1731 4715 ἐλάμϐα-

150 4755 239 4789 νεν
262 4738 446 4809 ἓτερον
464 4780 479 4800 ,
507 4741 599 4791 καὶ
631 4737 793 4792 πάλιν
829 4739 889 4791 ὲν
915 4738 1063 4807 αὐτῷ
1086 4739 1152 4790 τά
1181 4738 1320 4792 αὐτὰ
1355 4738 1728 4808 διεπράττετο.

163 4827 302 4879 Ἀλλ’
336 4829 394 4879 ὲν
422 4829 531 4897 ὅσῳ
559 4829 683 4890 τοὺς
713 4827 946 4891 δόνακας
975 4827 1194 4897 ἧμειϐε,
1236 4827 1329 4880 τὸν
1359 4828 1459 4895 μὲν
1495 4828 1602 4881 ἀπὸ
1636 4827 1730 4879 τοῦ

151 4921 417 4989 στόματος
453 4921 721 4990 ῥίπτουσα
743 4961 756 4981 ,
788 4920 881 4972 τὸν
906 4920 964 4973 δὲ
1008 4919 1384 4989 λαμϐάνουσα.
1420 4920 1514 4973 καί
1543 4920 1731 4973 τοῦτον

146 5012 258 5073 τοῖς
313 5011 491 5065 ὀδοῦσι
547 5011 931 5083 προσφέρουσα
958 5052 973 5075 ,
1026 5013 1133 5065 τινὶ
1185 5011 1419 5082 καλάμῳ
1470 5016 1729 5079 συνέτυχε

149 5098 333 5172 ὲγιιύῳ
387 5100 618 5157 θανάτου
671 5103 1017 5173 τυγχάνοντι,
1068 5104 1162 5157 καὶ
1216 5103 1494 5174 θησαυρὸν
1551 5103 1729 5172 ἔχοντι

150 5194 383 5264 χαλεπὸν
407 5196 501 5251 καὶ
530 5196 841 5267 ὲπόλεθρον.

220 5373 357 5443 Τρία
385 5374 495 5446 γὰρ
529 5375 736 5445 ἑρπετὰ
761 5375 832 5427 τὰ
860 5374 1171 5445 καλούμενα
1202 5373 1513 5444 σαμαμίθια
1540 5372 1727 5427 τοῦτον

149 5461 322 5535 ᾤκουν
351 5467 443 5519 τὸν
472 5467 736 5537 κάλαμον.
778 5466 988 5536 φωλεὸν
1012 5467 1177 5520 αὑτὸν
1207 5467 1303 5519 καὶ
1330 5466 1514 5537 κοίτην
1543 5465 1728 5519 ποιού-

152 5571 307 5622 μενα,
347 5556 406 5610 δν
445 5559 670 5622 ἀκάκως
710 5558 1007 5626 ἁρπάσασα
1034 5559 1112 5630 τῷ
1148 5557 1337 5630 οἰκείῳ
1380 5559 1727 5629 προσήνεγκε

150 5643 395 5716 στόματι.
462 5647 543 5701 Τά
594 5648 650 5701 δὲ
688 5647 783 5701 τοῦ
816 5649 1114 5720 κινήματος
1189 5647 1582 5719 ὲπαισθὸμενα,
1631 5650 1727 5702 καὶ

148 5734 280 5803 πρὸς
313 5735 491 5807 φυγὴν
537 5738 933 5809 θορυΰούμενα,
980 5739 1069 5793 διὰ
1118 5739 1215 5810 τῆς
1257 5738 1436 5810 ἀρχῆς
1480 5739 1725 5811 ἐκπηδή-

1834 4554 2107 4608 calamum
2156 4553 2372 4610 tollens
2421 4556 2505 4609 ori
2566 4554 2899 4625 applicaleat,
2944 4553 3245 4622 aliquando
3293 4567 3428 4608 vero

1835 4645 1938 4699 hoc
1966 4645 2039 4700 ab
2069 4661 2166 4701 ore
2216 4656 2451 4715 remoto,
2488 4653 2544 4701 et
2592 4646 2648 4700 in
2692 4657 2894 4699 terram
2932 4644 3202 4714 proiecto,
3240 4659 3425 4699 sume-

1833 4737 1927 4791 bat
1955 4739 2157 4793 iterum
2188 4739 2380 4805 alium,
2418 4749 2473 4794 et
2500 4755 2698 4794 rursus
2726 4741 2778 4792 in
2825 4741 2945 4809 ipso
2973 4737 3161 4793 eadem
3195 4753 3423 4808 perage-

1833 4829 1948 4884 bat.
1990 4827 2194 4886 Verum
2230 4830 2360 4885 dum
2420 4831 2722 4886 arundines
2770 4829 3172 4884 alternantibus
3206 4827 3425 4883 vicibus

1833 4920 2136 4988 manderet,
2169 4921 2330 4976 aliam
2362 4924 2550 4997 abere
2583 4921 2903 4993 projiciens,
2944 4921 3106 4974 aliam
3130 4934 3260 4975 vero
3281 4921 3425 4975 acci-

1831 5010 2012 5080 piens,
2074 5021 2130 5068 et
2180 5015 2320 5069 hanc
2364 5012 2624 5071 dentibus
2683 5012 2938 5074 aﬂ‘erens,
2994 5013 3063 5067 ad
3125 5011 3421 5083 quamdam

1831 5104 2050 5161 devenit
2096 5107 2449 5172 arundinem,
2498 5123 2623 5178 qua:
2654 5114 2885 5163 mortem
2918 5106 2974 5160 in
3023 5115 3179 5160 utero
3210 5106 3423 5175 baiula-

1830 5193 1942 5259 bat,
1975 5210 2272 5266 secumque
2298 5212 2361 5251 ac
2387 5197 2761 5268 perniciosum
2788 5196 3065 5252 introrsus
3101 5196 3419 5252 thesaurum

1833 5286 2083 5342 habebat.

1900 5379 2030 5433 Tria
2083 5380 2227 5434 enim
2271 5381 2679 5455 reptiliatqum
2732 5389 3003 5434 vocantur
3046 5377 3417 5441 samamithia,

1830 5471 1976 5524 hunc
2027 5472 2297 5525 talentum
2353 5470 2701 5535 habitabant,
2747 5486 2909 5538 quem
2965 5470 3069 5525 sibi
3131 5469 3417 5524 latibulum

1831 5560 2074 5614 fecerant
2105 5569 2158 5615 et
2190 5561 2390 5626 cubile,
2426 5578 2589 5631 quem
2617 5560 2944 5630 simpliciter
2979 5569 3256 5626 arreptum
3291 5575 3415 5627 pro-

1829 5648 1952 5717 prio
1987 5650 2176 5703 attulit
2215 5652 2320 5705 ori.
2375 5650 2475 5706 Illa
2504 5665 2635 5705 vero
2688 5666 2811 5706 cum
2848 5664 3055 5705 molunt
3086 5649 3418 5714 sensissent,

1830 5741 1895 5796 ad
1938 5740 2115 5812 fugam
2153 5743 2397 5809 turbata,
2423 5756 2475 5796 οι
2511 5758 2608 5813 per
2646 5742 2866 5797 initium
2903 5741 3024 5812 ejus
3044 5741 3238 5797 calami
3265 5740 3413 5810 quod
