4002 6316
556 303 691 371 3591

1451 304 1512 362 S.
1545 299 1963 362 SOPHRONII
1994 298 2499 359 PATRIARCH/E
2539 298 2943 360 HIEROSOL.

3680 305 3818 368 3592

559 418 645 473 ori
682 414 993 486 proximum
1041 420 1161 469 erat
1204 412 1525 481 insilientia,
1571 413 1626 467 in
1676 420 1891 468 uterum
1941 410 2135 481 puella:

2244 426 2404 464 σαντα
2457 410 2552 480 τῆς
2598 412 2898 482 ἐγγισάσης
2930 411 3008 482 τῷ
3053 413 3299 482 στόματι,
3338 413 3416 475 εἰς
3454 412 3555 483 τὴν
3579 400 3817 486 γαστέρα

559 510 724 563 allata
760 514 910 570 sunt,
946 520 1052 560 non
1090 506 1463 560 voluntarium
1516 504 1845 559 sustinentia
1894 503 2130 573 lapsum.

561 598 619 651 In
672 609 919 651 ventrem
980 606 1162 650 autem
1216 597 1409 666 pucllze
1453 596 1704 660 inducta,
1756 606 1806 650 et
1855 595 2134 649 insolitam

561 687 953 742 habitationem
974 702 1315 757 nequaquam
1337 687 1797 758 ferentia,fugere
1831 686 1957 740 inde
1989 693 2137 739 sata-

560 778 780 847 gebant.
834 776 1044 830 Taliter
1110 786 1292 831 autem
1357 778 1761 841 discnrrentia,
1817 782 1872 830 et
1923 775 2137 828 miserae

560 868 711 923 illius
748 869 967 923 interim
1017 869 1321 939 praecordia
1377 869 1788 931 conturbantia,
1829 866 2136 922 contortio-

559 975 766 1028 nesque
798 960 1071 1015 viscerum
1107 960 1383 1024 facientia,
1421 960 1796 1014 intolerabiles
1847 958 1924 1011 illi
1979 957 2135 1012 dolo-

560 1066 650 1104 res
690 1051 1085 1119 operabantur,
1129 1066 1269 1120 quos
1330 1049 1576 1120 profecto
1624 1064 1787 1104 nemo
1850 1050 2137 1118 scriptura:

558 1142 1047 1207 commendaverit,
1068 1141 1283 1196 etiamsi
1306 1141 1536 1194 multum
1567 1140 1763 1194 habeat
1789 1139 2135 1207 experimen-

560 1239 676 1285 tum
716 1231 1022 1301 languoris.
1056 1230 1209 1286 Unde
1235 1231 1416 1301 puella
1467 1232 1813 1286 incessanter
1849 1230 2138 1299 plangebat

560 1330 615 1375 et
642 1322 905 1389 ejnlabat,
956 1322 1357 1390 oculorumque
1409 1322 1682 1392 lacrymas
1712 1319 2051 1383 eﬂundebat,
2085 1331 2139 1374 et

558 1410 845 1480 quiescere
902 1411 1122 1479 penitus
1203 1426 1315 1464 non
1364 1411 1599 1465 valebat.
1660 1410 1893 1475 Quando
1955 1418 2136 1464 autem

561 1516 733 1554 unum
775 1516 841 1553 ex
883 1499 1190 1568 reptilibus,
1232 1515 1355 1569 quae
1404 1501 1661 1567 absorpta
1724 1499 1961 1562 fuerant,
2005 1514 2139 1567 pau-

560 1590 732 1646 lulum
807 1592 1170 1660 quiescebat,
1242 1593 1290 1645 si
1369 1601 1547 1646 tamen
1623 1590 1920 1660 aliquando
1985 1591 2141 1659 quie-

2236 501 2340 572 τῆς
2373 502 2561 564 παιδὸς
2591 503 2866 574 φέρονται,
2890 503 3143 557 ἀκούσιον
3181 502 3392 556 ὄλισθον
3422 505 3810 573 ὑπομείναντα.

2237 593 2332 655 Εἰς
2358 593 2455 661 τὴν
2481 592 2689 645 κοιλίαν
2710 594 2766 645 δὲ
2788 593 3184 664 κατενεχθέντα
3204 594 3303 662 τῆς
3333 594 3737 664 μείρακος,·καὶ
3758 599 3815 650 τὸ

2237 683 2387 749 ξένον
2410 684 2505 751 τῆς
2529 683 2711 746 ἑστίας
2740 683 2829 753 μὴ,
2846 684 3097 753 φέροντα,
3117 683 3337 752 φεύγειν
3367 685 3625 737 κάκεῖθεν
3654 687 3812 755 ἠπεί-

2236 790 2393 841 γοντο
2419 789 2434 803 ·
2487 772 2622 827 ἀλλά
2652 774 2751 845 τὴν
2791 774 2968 838 ἔξοδον
3020 774 3122 828 ούκ
3175 776 3530 842 ἐγίγνωσκον.
3570 776 3725 829 οὕτω
3760 776 3813 829 δὶ

2235 867 2607 938 διατρέχοντα,
2644 868 2739 922 καὶ
2777 867 2879 934 τῆς
2921 867 3057 930 τέως
3087 868 3279 931 ἀθλίας
3301 870 3371 922 τά
3406 868 3694 938 σπλάγχνα
3719 888 3811 923 τα-

2239 960 2524 1029 ράττοντα,
2565 959 2658 1012 καί
2706 958 3015 1028 συστροφάς
3044 958 3152 1012 τῶν
3198 960 3446 1026 ἐγκάτων
3474 962 3773 1030 ποιούμενα
3794 1000 3808 1024 ,

2235 1050 2547 1110 δυσοίστους
2591 1049 2726 1119 αὐτῇ
2780 1050 2878 1111 τὰς
2909 1049 3207 1118 ἀλγηδόνας
3230 1050 3545 1118 εἰργάζοντο
3572 1056 3588 1071 ⁶
3624 1050 3690 1113 ἀς
3718 1051 3811 1105 οόκ

2236 1141 2302 1196 ἀν
2361 1158 2447 1203 τις
2507 1142 2692 1210 γραφῇ
2735 1144 3157 1210 παραστήσειεν,
3202 1140 3314 1193 οὐδ’
3350 1142 3399 1194 εἰ
3429 1144 3627 1211 πεῖραν
3660 1142 3810 1211 σχοίη

2237 1231 2438 1300 πολλὴν
2470 1230 2559 1283 τοῦ
2592 1232 2895 1300 νοσήματος
2919 1247 2933 1261 ·
2983 1232 3106 1284 ὅθεν
3140 1232 3172 1301 ἡ
3208 1234 3338 1294 παῖς
3363 1232 3658 1296 ἀπαύστως
3705 1234 3817 1285 ἐκό-

2244 1337 2409 1372 πτετο
2429 1320 2520 1370 καὶ
2536 1318 2786 1382 ὀλόλυζεν
2809 1319 2904 1372 καὶ
2921 1319 3132 1388 δάκρυα
3156 1319 3265 1373 τῶν
3284 1320 3551 1389 ὀμμάτων
3578 1323 3811 1391 ἐξέχεεν,

2236 1413 2332 1463 καὶ
2369 1410 2647 1472 παντελῶς
2694 1411 2923 1480 ἠρεμεῖν
2953 1410 3053 1462 οὐκ
3081 1412 3330 1479 ἠδύνατο.
3357 1412 3490 1464 Ὅτε
3519 1413 3630 1482 γὰρ
3659 1413 3722 1467 τὸ
3756 1414 3811 1466 ἒν

2237 1501 2347 1553 τῶν
2389 1500 2804 1553 καταποθέντων
2844 1501 3092 1570 ἑρπετῶν
3116 1502 3295 1570 ὀλίγον
3330 1504 3626 1572 ἡσύχαζεν,
3656 1506 3810 1576 εἰπερ

2239 1590 2370 1642 ποτέ
2404 1590 2497 1642 καὶ
2548 1588 2841 1658 ἡσύχαζεν,
2877 1590 2944 1642 τά
2978 1590 3139 1642 λοιπά
3168 1590 3262 1644 δύο
3289 1591 3385 1660 τὴν
3407 1593 3576 1662 κόρην
3607 1593 3811 1661 ἐδάμαέ

564 1687 772 1752 scebat,
820 1687 1027 1755 reliqua
1070 1686 1179 1739 duo
1228 1686 1463 1755 puellam
1514 1686 1832 1740 domabant.
1876 1683 2032 1749 Quod
2091 1682 2136 1739 si

2244 1678 2332 1745 ζον
2359 1696 2372 1709 ·
2408 1680 2438 1749 ἢ
2482 1679 2574 1732 καὶ
2613 1681 2681 1732 τά
2721 1679 2813 1732 δύο
2859 1679 3135 1745 πολλάκις,
3185 1682 3269 1733 ἵνα
3307 1683 3580 1735 καὶτοῦτο
3611 1684 3808 1753 δῶμεν,

562 1748 768 1830 ιτιίειιιι⁷
811 1748 952 1828 (1υο-
994 1789 1059 1829 ex
1138 1748 1244 1829 his-
1286 1790 1717 1844 nonnunquam,
1780 1785 1839 1829 ut
1902 1748 1966 1830 iet
2031 1774 2135 1830 hoc

2244 1770 2550 1831 ἐκάθευδον,
2602 1770 2663 1822 τὸ
2700 1770 2885 1840 ἕτερον
2917 1772 3017 1823 οὐκ
3058 1772 3325 1824 ἐπαύετο³
3366 1773 3481 1825 ἀλλ’
3515 1774 3811 1843 ἀκοίμητον

563 1868 779 1932 demus,
834 1865 974 1921 forte
1046 1866 1418 1931 dormiebant,
1479 1866 1701 1920 tertium
1759 1865 1913 1919 nullo
1972 1866 2133 1918 modo

563 1960 904 2032 quiescebat,
933 1959 1028 2015 sed
1052 1960 1100 2014 ei
1140 1974 1247 2013 non
1286 1958 1646 2013 dormientem
1691 1957 2005 2012 conferebat
2032 1956 2133 2011 do-

2240 1865 2376 1933 αύτῇ
2408 1862 2503 1932 τὴν
2534 1861 2723 1929 ὀδύνην
2759 1859 3074 1931 ἐὸράὸευον,
3106 1862 3237 1915 ποτὲ
3270 1863 3369 1933 μὲν
3401 1864 3459 1916 τὸ
3491 1864 3571 1928 ἓν,
3600 1866 3733 1917 ποτέ
3761 1865 3812 1918 δὲ

2240 1956 2308 2011 τά
2339 1956 2430 2009 δύο
2451 1996 2465 2020 ,
2501 1953 2760 2016 πολλάκις
2786 1954 2843 2007 δέ
2875 1954 3054 2008 καὶτὰ
3073 1955 3199 2026 τρία.
3228 1957 3638 2028 σπαράσσοντα.

563 2055 755 2107 lorem.
786 2052 971 2123 Itaque
1001 2055 1164 2109 modo
1203 2052 1424 2123 quidem
1455 2068 1645 2119 unum,
1678 2054 1843 2108 modo
1867 2068 1995 2108 vero
2035 2051 2165 2118 duo,
2207 2053 2484 2106 multoties
2522 2057 2705 2106 autem
2735 2057 2791 2106 et
2826 2052 2944 2119 ipsa
3009 2051 3134 2118 tria,
3192 2051 3439 2107 eamdem
3505 2054 3812 2123 discerpere

565 2140 953 2201 noscebantur.

636 2236 773 2291 Cum
800 2251 931 2306 ergo
955 2236 1095 2291 inter
1146 2234 1522 2291 indesinentes
1573 2243 1628 2290 et
1666 2235 1966 2289 acerrimos
1991 2242 2140 2288 esset

567 2327 807 2389 dolores,
859 2325 1138 2380 ferebatur
1191 2326 1256 2379 ad
1329 2334 1586 2393 sanctos;
1638 2325 1908 2379 medicum
1993 2323 2139 2378 enim

565 2431 675 2470 non
717 2416 1027 2470 inveniebat
1051 2416 1243 2481 alium,
1276 2416 1371 2486 qui
1408 2426 1599 2471 contra
1649 2424 1856 2469 tantam
1892 2414 2140 2468 sufficere

567 2519 755 2577 posset
796 2521 1121 2562 aerumnam.
1156 2502 1346 2576 Igitur,
1402 2517 1463 2562 ut
1508 2506 1717 2560 dictum
1768 2517 1872 2568 est,
1916 2506 2141 2560 veniens

565 2607 620 2654 et
646 2610 920 2670 martyres
946 2600 1348 2667 compatientes
1369 2598 1674 2661 inveniens,
1703 2598 2015 2651 maturiusa
2041 2598 2139 2650 tri-

565 2689 694 2759 plici
737 2689 1109 2743 redimebatur
1135 2689 1428 2757 supplicio.
1466 2688 1724 2743 Dicamus
1760 2696 1940 2741 autem
1965 2696 2020 2740 ut
2054 2684 2141 2738 fa-

569 2788 656 2833 cta
687 2790 769 2833 e5t
828 2781 946 2849 ipsa
1003 2780 1343 2848 redemptio;
1393 2788 1478 2835 est
1535 2778 1682 2833 enim
1736 2778 2139 2847 redemptorum

566 2871 740 2940 gratia
776 2870 957 2938 plena.
981 2870 1087 2922 Alii
1120 2871 1337 2924 cuidam
1375 2871 1768 2924 infirmantium
1803 2871 2031 2924 fratrum
2088 2871 2142 2924 in

2324 2235 2414 2287 'Ev
2452 2233 2752 2297 ἀπαύστοις
2777 2232 2869 2287 οὖν
2908 2233 2999 2287 καὶ
3025 2233 3297 2305 δριμείαις
3324 2234 3614 2306 ἀλγηδόσιν
3644 2238 3814 2307 ὑπάρ-

2242 2343 2415 2396 χουσα
2440 2325 2575 2395 πρὸς
2598 2326 2722 2388 τοὺς
2745 2325 2937 2393 ἁγίους
2953 2327 3201 2397 ἐφέρετο,
3229 2326 3412 2400 ἰατρὸν
3439 2328 3537 2398 οὐχ
3563 2328 3813 2396 εὕρισκεν

2241 2417 2427 2485 ἕτερον
2458 2415 2595 2488 πρὸς
2634 2417 2917 2486 συμφοράν
2941 2416 3208 2487 τοσαύτην
3233 2417 3465 2488 ἀρκέσαι
3494 2418 3809 2490 δυνάμενον.

2256 2508 2517 2563 Ἐλθοῦσα
2535 2507 2736 2573 τοίνυν,
2762 2508 2837 2568 ὠς
2866 2506 3099 2578 εἴρηται,
3131 2508 3224 2560 καὶ
3247 2508 3552 2578 συμπαθεῖς
3583 2510 3815 2580 εὑροῦσα

2239 2603 2367 2664 τοὺς
2388 2601 2689 2671 μάρτυρας,
2710 2600 2903 2653 θᾶττον
2924 2600 3023 2669 τῆς
3043 2598 3274 2669 τριπλῆς
3299 2599 3508 2668 ἐκείνης
3529 2599 3815 2672 ἐλυτρούτο

2248 2692 2543 2754 κολάσεως.
2581 2691 2841 2759 Εῖπωμεν
2886 2690 2941 2743 δὲ
2988 2691 3176 2743 καὶτὸ
3222 2690 3412 2760 λύτρον
3453 2690 3529 2752 ὡς
3571 2693 3812 2759 γέγονεν’

2244 2782 2390 2835 ἔστιν
2428 2782 2537 2853 γὰρ
2565 2781 2663 2850 τῆς
2694 2779 2800 2831 τῶν
2829 2781 3257 2849 λυτρωσαμένων
3289 2782 3508 2851 χάριτος
3541 2782 3778 2851 ἔμπλεον
3797 2797 3812 2811 ο

2250 2872 2463 2944 Ἐτέρῳ
2483 2872 2593 2924 τινί⁵
2622 2872 2730 2925 τῶν
2758 2871 3125 2925 ἀσθενούντων
3143 2871 3385 2941 ἀδελςςῶν
3414 2872 3546 2943 ὖναρ
3574 2874 3817 2936 ἐλθόντες

566 2961 690 3015 visu
723 2962 900 3015 sancti
932 2960 1213 3016 venientes
1262 2962 1373 3026 dic,
1414 2962 1691 3030 inquiunt,
1730 2961 2010 3015 monachae
2055 2961 2142 3016 isti

2245 2966 2295 3017 οἱ
2341 2963 2506 3031 ἅγιοι,
2543 2963 2701 3028 Εἰπὲ,
2761 2961 2919 3031 φασὶ,
2958 2964 3024 3032 τῇ
3077 2961 3258 3034 paeon
3300 2961 3473 3031 ταύτῃ
3516 2962 3820 3033 μοναστρίᾳ

568 3067 690 3122 quin
728 3052 950 3115 clamat,
979 3051 1249 3117 clamabat
1270 3052 1414 3105 enim
1440 3052 1661 3106 assidue
1691 3060 1745 3106 et
1768 3036 1994 3121 prorsus
2031 3067 2137 3106 non

2244 3055 2397 3125 (ἐϐόα
2434 3054 2544 3125 γὰρ
2576 3053 2837 3125 διηνεκῶς
2881 3056 2976 3106 καὶ
3005 3052 3065 3105 τὸ
3099 3052 3317 3105 σύνολον
3350 3053 3450 3105 οὐκ
3478 3052 3816 3122 ἐκάθευδεν),

568 3137 895 3201 dormiebat,
920 3145 989 3215 ut
1026 3152 1186 3192 mane
1215 3138 1451 3207 vigilans
1491 3139 1559 3193 ad
1593 3155 1756 3193 unam
1795 3155 1862 3194 ex
1896 3140 2139 3195 tabernis

2248 3148 2335 3200 ἵνα
2375 3148 2586 3214 πρωΐας
2627 3145 2958 3215 ὀρθρίσασα,
2990 3146 3070 3206 εἰς
3102 3143 3159 3196 ἐν
3189 3144 3298 3196 τῶν
3328 3142 3646 3214 καπηλείων
3670 3145 3819 3210 ἐξιλ-

568 3226 902 3297 (grediatur,
926 3228 1245 3298 priusquam
1278 3244 1460 3284 escam
1492 3239 1670 3300 gustet
1720 3232 1806 3286 vel
1853 3240 2062 3300 potum,
2095 3242 2143 3286 et

2247 3236 2328 3290 θοι
2361 3237 2490 3305 πρὶν
2513 3236 2544 3304 ἢ
2578 3233 2865 3305 βρώματος
2890 3234 2924 3305 ἢ
2951 3234 3190 3302 πόματος
3218 3232 3482 3302 γεύσηται
3517 3249 3531 3263 ’
3564 3236 3667 3287 καὶ
3694 3235 3820 3286 κάν-

569 3317 728 3371 cadia
762 3318 866 3370 tria
892 3319 1130 3386 (species
1155 3319 1270 3373 haec
1295 3318 1488 3372 calicis
1506 3319 1612 3389 est)
1628 3321 1707 3374 sic
1730 3320 1873 3388 apud
1902 3321 2147 3374 Alexan-

568 3408 761 3463 drinos
814 3417 1029 3475 vocata,
1084 3410 1271 3465 bibere
1314 3410 1504 3480 jejuna
1566 3413 1825 3481 patiatur,
1850 3420 1905 3465 et
1942 3413 2147 3467 veloci-

574 3511 657 3555 ter
680 3500 969 3555 sanitatem
1015 3516 1110 3571 per
1138 3502 1420 3557 cadiorum
1453 3504 1729 3573 potionem
1752 3504 1995 3573 recipiet.

641 3681 712 3732 At
748 3680 837 3734 ille
876 3679 1093 3735 somnio
1142 3680 1284 3744 viso,
1324 3686 1448 3751 post
1495 3679 1771 3735 somnium
1836 3679 2148 3735 monastriae

571 3769 864 3835 retulit,ut
922 3769 1028 3824 sibi
1085 3779 1357 3840 martyres
1410 3768 1689 3837 iusserant
1722 3785 1737 3836 ;
1775 3784 1895 3838 quae
1951 3770 2143 3822 borum

572 3862 759 3917 audita
789 3860 1057 3930 iussione,
1114 3876 1272 3917 mane
1302 3861 1369 3916 ad
1414 3862 1745 3931 cauponium
1776 3862 1929 3924 exiit,
1952 3869 2006 3914 et
2036 3868 2146 3913 tres

575 3956 774 4012 situlas
806 3957 934 4010 vino
958 3956 1147 4025 plenas
1171 3955 1432 4026 protinus
1461 3955 1776 4025 bibitaquis
1805 3971 1913 4010 non
1943 3955 2144 4020 misto;

573 4063 680 4102 non
728 4049 890 4102 mista
936 4048 1135 4118 quippe
1186 4049 1373 4102 bibere
1424 4047 1531 4101 tria
1585 4047 1678 4101 illa
1720 4047 1936 4116 jussnm
1972 4046 2148 4104 fuerat

571 4138 727 4194 cadia
764 4154 779 4203 ;
812 4138 1034 4206 quibus,
1078 4148 1136 4192 ut
1167 4137 1302 4198 dixi,
1341 4137 1642 4208 absorptis,
1671 4151 1918 4194 movetur
1960 4142 2145 4203 statim

571 4230 946 4294 advomituin,
984 4239 1039 4286 et
1076 4246 1202 4286 cum
1249 4232 1437 4285 vinum
1480 4231 1835 4298 evmnuissct,
1868 4247 1973 4285 una
2021 4249 2144 4288 cum

572 4338 639 4378 eo
670 4321 952 4377 evidenter
977 4322 1141 4375 etiam
1180 4321 1283 4375 tria
1341 4321 1433 4375 illa
1485 4322 1727 4375 evomuit
1776 4323 2143 4388 samamithia,

571 4416 770 4484 quibus
811 4429 908 4484 per
939 4428 999 4467 os
1022 4412 1252 4483 abiectis
1281 4413 1351 4468 ab
1377 4414 1525 4468 omni
1558 4428 1685 4467 mox
1711 4412 2003 4468 afﬂictione
2030 4414 2138 4468 dif-
2178 4396 2220 4449 Ῑ)

572 4505 817 4575 ﬁcilique
850 4504 1055 4564 dolore.
1098 4519 1162 4558 ac
1193 4506 1419 4559 verbere
1444 4505 1671 4558 liberata
1709 4512 1813 4569 est,
1850 4520 1968 4574 quae
1998 4520 2143 4562 onus

574 4597 708 4651 illud
733 4598 1025 4668 tridyinum
1046 4596 1226 4651 adhuc
1252 4595 1592 4667 parturiehat
1613 4597 1667 4650 in
1700 4608 1857 4653 utero
1886 4596 2144 4667 deporta-

575 4692 711 4736 tnin.
744 4682 932 4749 Itaque
964 4682 1121 4736 Anna
1152 4683 1370 4751 quidem
1404 4682 1727 4748 monastria,
1779 4683 1859 4738 sic
1906 4694 2140 4739 mortem

574 4790 695 4842 quae
718 4774 875 4827 sibia
937 4774 1276 4828 daemonibus
1304 4783 1600 4842 praeparata
1652 4772 1830 4829 fuerat
1881 4776 2141 4841 exsilivit,

576 4866 777 4920 fortius
803 4864 1141 4919 medicorum
1184 4865 1473 4930 auxilium,
1496 4879 1658 4933 quam
1714 4865 1930 4920 illorum
1961 4876 2147 4922 essent

575 4959 811 5021 insidiae,
842 4968 1181 5022 consecuta;
1223 4965 1276 5011 et
1301 4955 1368 5010 ad
1413 4955 1645 5026 hymnos
1679 4966 1993 5013 sanctorum
2026 4974 2147 5013 om-

577 5065 698 5110 nes.
725 5050 816 5118 qui
871 5049 1021 5102 illam
1050 5048 1341 5101 sanitatem
1371 5047 1622 5102 viderant
1649 5049 1958 5111 concitans,
1986 5058 2148 5118 atque

575 5159 699 5198 cum
719 5144 805 5197 his
824 5157 919 5196 eos
939 5141 1191 5194 laudibus
1215 5139 1473 5205 efferens,
1494 5156 1620 5193 cum
1651 5140 1736 5195 his
1768 5142 1931 5195 etiam
1965 5158 1994 5195 a
2014 5153 2149 5196 tem-

577 5235 667 5305 plo
696 5232 946 5288 discedit.
977 5230 1086 5285 Nos
1110 5240 1316 5298 autem,
1346 5232 1438 5302 qui
1497 5247 1644 5286 nunc
1679 5231 1948 5298 audimus,
1991 5233 2148 5302 quasi

581 5343 711 5386 tunc
753 5334 1052 5397 praesentes
1110 5341 1357 5380 essemus
1408 5326 1714 5389 credentes,
1741 5328 1945 5380 sanctis
1995 5326 2150 5397 hym-

578 5432 770 5472 norum
805 5415 1061 5470 laudibus
1088 5416 1422 5481 cumulatis,‘
1440 5415 1508 5470 ad
1541 5415 1677 5471 alios
1702 5416 1934 5487 hymnos
1987 5418 2152 5471 mira-

582 5510 703 5565 cula
730 5508 950 5563 auditus
975 5523 1344 5578 praeparemus
1371 5519 1425 5564 et
1455 5525 1571 5564 ora.

828 5598 989 5654 XLV.
1021 5599 1092 5654 De
1121 5600 1336 5656 Cobiote
1364 5602 1523 5656 surdo
1558 5586 1865 5658 cdmelario.

656 5688 741 5743 Ab
792 5689 1029 5761 Egypto
1081 5707 1275 5747 rursus
1328 5694 1381 5747 in
1420 5692 1642 5765 Libyam
1679 5702 2049 5755 transeamus,
2097 5704 2151 5749 et

2245 3347 2333 3382 νια
2365 3327 2493 3399 τρία
2516 3324 2675 3399 (εἶδος
2727 3325 2882 3378 τοῦτο
2916 3325 3225 3393 καθέστηκε
3255 3324 3476 3387 κύλικος
3501 3324 3652 3378 οὕτω
3694 3324 3820 3394 παρ’

2258 3415 2660 3486 Ἀλεξανδρεῦσι
2693 3414 3006 3485 λεγόμενον)
3056 3417 3199 3467 πιεῖν
3244 3415 3430 3484 νῆστις
3488 3417 3819 3484 ἀνάσχοιτο,

2245 3509 2340 3561 καὶ
2367 3508 2652 3577 τάχος’τὴν
2702 3508 2846 3560 ἰασιν
2897 3506 2985 3560 διὰ
3037 3506 3136 3575 τῆς
3176 3505 3284 3560 τῶν
3320 3506 3553 3560 καννίων
3611 3507 3820 3571 δέξεται

2245 3599 2476 3660 πόσεως.

2327 3690 2384 3742 '0
2434 3690 2490 3742 δὲ
2518 3690 2797 3760 θεωρήσας
2827 3690 2919 3743 τὸν
2958 3688 3189 3759 ὀνειρον,
3238 3692 3305 3760 τῇ
3353 3688 3583 3759 νοσούσῃ
3635 3688 3823 3742 τοῦτον

2248 3781 2367 3852 μεθ’
2399 3780 2565 3835 ὕπνον
2595 3782 2959 3851 ἀπήγγελλεν,
2982 3782 3056 3847 ὼς
3084 3785 3133 3836 οἰ
3167 3782 3444 3854 μάρτυρες
3460 3780 3612 3851 αὑτῷ
3644 3782 3824 3835 διετά-

2248 3872 2442 3938 ξαντο·
2501 3875 2534 3943 ή
2599 3873 2655 3926 δέ
2715 3873 2815 3943 τῆς
2885 3874 3091 3928 τούτων
3159 3874 3436 3943 πυθομένη
3494 3874 3818 3936 κελεύσεως.

2246 3963 2457 4035 πρωΐας
2501 3966 2579 4027 εἰς
2608 3965 2902 4034 καπηλεῖον
2939 3964 3242 4036 ἐξέρχεται,
3288 3965 3511 4026 καὶτὰς
3554 3967 3710 4034 τρεῖς
3734 3964 3821 4016 εύ-

2248 4048 2381 4109 θέως
2406 4047 2526 4101 ἔπιε
2552 4049 2813 4116 κύλικας,
2849 4051 2992 4105 οἴνου
3026 4051 3302 4122 γεμούσας
3333 4051 3406 4122 μὴ
3434 4055 3693 4121 μιγέντος
3714 4055 3820 4113 τοῖς

2248 4139 2432 4192 ὓδασιν
2466 4155 2479 4167 ⁸
2510 4139 2724 4211 ἄκρατα
2753 4142 2859 4214 γάρ
2895 4146 3038 4195 πιεῖν
3068 4145 3134 4197 τά
3181 4147 3306 4215 τρία
3336 4145 3663 4199 κεκέλευστο
3697 4146 3821 4198 κάν·

2247 4248 2356 4283 νιαο
2379 4231 2541 4301 ἆπερ,
2574 4231 2648 4296 ὡς
2674 4229 2846 4298 εἷπον,
2876 4235 3178 4304 ροφήσασα,
3213 4238 3441 4288 κινεῖται
3466 4236 3663 4288 θάττον
3689 4235 3819 4303 πρὸς

2248 4323 2460 4392 ἔμετον,
2494 4323 2587 4377 καὶ
2622 4322 2710 4377 τὸν
2754 4320 2895 4376 οἰνον
2935 4325 3200 4395 ἐμέσασα,
3242 4326 3367 4395 ἐμεῖ
3408 4326 3705 4395 προφανῶς
3732 4327 3818 4378 καὶ

2249 4415 2316 4467 τά
2345 4414 2471 4485 τρία
2502 4414 2597 4466 σὺν
2634 4415 2779 4482 αὑτῷ
2806 4416 3117 4485 σαμαμίθια
3161 4417 3249 4469 διά
3288 4418 3554 4486 στόματος
3590 4417 3814 4487 ῥίψασα,

2250 4507 2429 4576 πάσης
2480 4506 2642 4569 εὐθὺς
2696 4507 2989 4576 ἀπηλλάγη
3046 4510 3342 4572 κακώσεως
3392 4510 3484 4560 καὶ
3522 4508 3814 4579 δυσχεροῦς

2247 4596 2437 4666 ὀδύνης
2482 4598 2575 4649 καὶ
2608 4596 2890 4665 μάστιγος,
2924 4597 2991 4660 ἃς
3020 4599 3048 4650 ὁ
3098 4598 3293 4665 φόρτος
3328 4599 3534 4660 ἐκεῖνος
3565 4599 3593 4650 ὀ
3638 4596 3817 4667 τρίδυ-

2250 4707 2346 4760 μος
2372 4689 2904 4760 ἐπικυοφορούμενος
2937 4688 3145 4743 ὤδινεν.
3190 4691 3296 4742 Καὶ
3331 4690 3497 4741 Ἀννα
3536 4691 3632 4743 μὲν
3663 4692 3694 4757 ἡ
3727 4706 3815 4757 μο-

2248 4782 2477 4852 νάστρια
2525 4782 2666 4835 οὕτω
2713 4782 2803 4835 τὸν
2852 4783 2916 4836 ἐκ
2948 4782 3216 4851 δαιμόνων
3268 4781 3402 4851 αύτῇ
3454 4781 3812 4834 σκευασθέντα

2246 4873 2275 4925 δ
2300 4872 2469 4940 έφυγε
2517 4872 2767 4936 θάνατον,
2827 4874 3178 4944 ἰσχυροτέρας
3222 4874 3425 4943 ἰατρῶν
3466 4874 3690 4943 ἀρωγῆς
3722 4872 3811 4938 τῆς

2249 4963 2473 5016 ἐκείνων
2517 4963 2807 5033 ἐπιϐουλῆς
2860 4965 3235 5035 εύπορήσασα.
3296 4965 3402 5015 Καὶ
3462 4964 3669 5023 πάντας
3697 4961 3816 5020 τοὺς

2248 5052 2489 5122 ὁρῶντας
2518 5053 2616 5122 τὴν
2644 5052 2787 5106 ἴασιν
2809 5054 2944 5123 πρὸς
2972 5053 3171 5123 ὕμνους
3194 5054 3301 5106 τῶν
3330 5053 3499 5120 ἀγίων
3525 5051 3813 5122 ὀτρύνασα,

2250 5144 2345 5196 καὶ
2389 5145 2485 5196 σὺν
2528 5143 2737 5206 τούτοις
2772 5144 2968 5207 αὐτοὺς
3006 5144 3393 5213 ἀνυμνήσασα,
3435 5142 3531 5196 τοῦ
3562 5142 3816 5211 τεμένους

2250 5235 2573 5304 ἀπέρχεται.
2622 5235 2821 5304 Ἡμεῖς
2859 5236 2913 5288 δέ
2947 5236 3041 5288 νῦν
3076 5237 3126 5288 οἰ
3158 5235 3469 5297 ἀκούοντες,
3498 5234 3575 5297 ὡς
3620 5235 3671 5286 οἰ
3700 5233 3814 5284 τότε

2251 5327 2512 5396 παρόντες
2534 5326 2900 5391 πιστεύοντες,
2925 5328 3049 5389 τοὺς
3075 5328 3265 5394 ἁγίους
3290 5328 3456 5391 ἀξίως
3483 5327 3815 5397 ὑμνήσαντες

2251 5418 2387 5487 πρὸς
2414 5418 2631 5486 ἐτέρους
2668 5416 2870 5486 ὕμνους
2901 5419 2992 5471 καὶ
3024 5418 3278 5487 θαύματα
3309 5420 3407 5482 τὰς
3432 5419 3600 5480 ἀκοὰς
3630 5418 3814 5485 εὑτρε-

2253 5508 2501 5576 πίσωμεν
2530 5508 2623 5560 καὶ
2646 5509 2712 5560 τὰ
2738 5509 2993 5576 στόματα.

2323 5598 2455 5653 ME'.
2493 5600 2626 5666 Περί
2660 5599 2950 5652 Κοδιώτου
2977 5600 3083 5653 τοῦ
3115 5601 3315 5669 κωφοῦ
3350 5601 3747 5669 καμηλαρίου.

2337 5689 2456 5742 Ἀπ’
2510 5688 2784 5758 Αἰγύπτου
2843 5689 3002 5742 πάλιν
3044 5691 3124 5754 εἰς
3176 5691 3382 5763 Λιϐύην
3431 5691 3805 5762 μετέλθωμεν·
