4002 6316
300 339 440 403 3593

1328 339 1429 398 SS.
1453 338 1626 398 CYRI
1663 338 1757 398 ET
1785 336 2107 398 JOANNIS
2143 338 2558 401 MIRACULA.

3435 340 3573 404 3594

303 457 401 509 καὶ
434 458 493 509 ἐν
527 454 604 524 τῷ
632 455 905 526 Μαρεώτῃ
934 452 1236 523 γενόμενοι,
1270 452 1556 524 Κοϐιώτην
1581 452 1674 505 τὸν
1703 452 1886 521 κωφὸν

2013 469 2113 507 tum
2177 457 2320 525 apud
2383 455 2662 510 Mareoten
2717 454 2986 510 fuerimus
3045 454 3271 519 inventi,
3307 454 3574 511 Cobiotcn

304 548 733 619 ἀνιχνεύσωμεν.
770 547 876 602 Τοῦ
908 545 1210 615 Μαρεώτου
1253 546 1362 617 γάρ
1391 540 1544 610 οὗτος
1570 546 1886 615 ἐτύγχανεν·

305 643 402 696 καὶ
439 642 694 710 εὑρόντες
736 644 849 704 τοῖς
888 639 1252 711 προλαϐοῦσιν
1288 638 1617 709 συνάψωμεν
1640 655 1653 670 ·
1700 638 1796 692 καὶ
1824 643 1891 693 τὰ

306 732 430 789 κατ’
468 735 630 788 αὐτὸν
671 736 783 797 τοῖς
835 732 1128 787 ἀκούουσιν
1162 731 1623 801 ἀπαγγείλωμεψ
1670 730 1893 802 Γραφῆς

307 825 416 896 γάρ
468 825 593 890 ἄξια
636 825 704 876 τὰ
756 824 837 887 είς
889 824 1051 876 αὑτὸν
1104 823 1373 894 δραθὲντα
1413 825 1526 885 τοῖς
1589 823 1881 892 μάρτυσιν.

310 917 510 985 κωφὸς
538 918 567 969 ὁ
600 914 887 986 Κοόιώτης
911 916 1175 985 γεγένητο
1193 954 1209 977 ,
1236 916 1335 985 οὐχ
1363 913 1536 976 οὕτως
1575 914 1641 966 ἐκ
1681 914 1894 984 μήτρας

307 1009 633 1078 γενόμενος,
670 1008 782 1060 ἀλλ’
835 1010 990 1076 ἄφνω
1031 1004 1318 1075 κωφωθεὶς
1349 1005 1425 1068 ὡς
1472 1007 1593 1070 ταῖς
1625 1005 1895 1074 καμήλοις

309 1100 651 1170 παρέϐαλλεν
679 1117 694 1132 ο
740 1099 948 1153 τούτων
996 1099 1102 1169 γὰρ
1127 1098 1215 1151 ἀεὶ
1239 1099 1346 1151 τῶν
1387 1097 1544 1161 ζώων
1578 1096 1890 1167 ἐφρόντιζε,

308 1196 406 1247 xxi.
441 1193 546 1264 πρὸ
604 1191 947 1269 κωφώσεως,
978 1192 1072 1244 καὶ
1107 1190 1225 1261 μετ’
1283 1188 1552 1256 αἰφνίδιον
1612 1187 1893 1257 κώφωσιν,

311 1283 623 1355 βαρυτάτην
662 1280 719 1359 δὲ
766 1283 866 1347 τὴν
898 1282 1052 1335 νόσον
1094 1282 1448 1352 ὑπάρχουσαν
1472 1295 1486 1308 ·
1526 1277 1651 1333 οὔτε
1684 1278 1794 1350 γὰρ
1833 1280 1895 1332 τὸ

313 1376 534 1431 σύνολον
570 1378 788 1448 ἥκουεν,
818 1372 943 1427 οὔτε
979 1375 1087 1427 τῶν
1118 1375 1259 1428 πάνυ
1295 1374 1547 1444 μεγάλων
1584 1374 1688 1442 τῆς
1712 1372 1896 1442 φωνῆς

312 1467 763 1538 προσῃσθάνετο,
806 1463 921 1520 οἷον
978 1466 1153 1536 δήμου
1199 1465 1330 1534 βοῆς
1377 1466 1409 1535 ἢ
1452 1464 1723 1535 θαλάττης
1760 1458 1896 1533 ἦχον

312 1557 690 1629 ὑψοὺμενον,ἢ
725 1558 977 1628 μεγάλων
995 1559 1211 1626 ἀνέμων
1238 1557 1569 1628 ροιζήματα.·
1604 1556 1662 1609 ὃν
1692 1556 1894 1619 πάντες

314 1654 364 1704 οἱ
395 1649 681 1721 θεώμενοι,
697 1650 946 1720 δαίμονος
969 1650 1255 1721 ἐνέργειαν
1288 1649 1387 1719 τὴν
1407 1647 1666 1718 κώφωσιν
1686 1647 1895 1713 ελεγον,

318 1738 411 1789 καὶ
430 1737 492 1789 οὐ
527 1736 696 1799 πάθος
730 1737 762 1808 ἢ
794 1737 1111 1807 σύμπτωμα
1138 1736 1409 1807 σώματος.
1443 1734 1551 1791 Καὶ
1569 1738 1709 1806 τάχα
1740 1737 1898 1806 ταλη·

1994 547 2220 602 surdum
2248 548 2668 618 investigetnus.
2706 547 2804 602 llic
2835 548 2982 604 enim
3015 545 3383 603 Mareoteusis
3413 557 3574 614 erat;

1990 647 2045 691 et
2091 640 2369 694 inventum
2425 640 2602 694 virum
2648 640 2927 710 prioribus
2956 648 3335 716 annectamus,
3363 648 3418 695 et
3455 657 3578 709 qua:

1993 730 2141 784 circa
2165 747 2289 785 eum
2318 740 2475 802 gesta
2508 724 2660 794 sunt,
2680 732 3032 787 audientibus
3066 730 3280 785 referant
3307 748 3373 786 ns
3397 774 3411 797 ,
3430 734 3580 787 scri-

1995 831 2155 892 plura
2187 824 2390 893 quippe
2425 824 2588 894 digna
2610 833 2760 887 sunt,
2796 840 2919 894 qua:
2968 826 3021 878 itt
3057 841 3123 880 eo
3155 832 3287 879 sunt
3311 840 3342 879 a
3369 836 3576 896 marty-

1996 916 2149 969 ribus
2202 929 2344 970 aeta.
2396 915 2611 971 Surdus
2680 916 2939 973 Cobiotes
2990 917 3113 983 fuit,
3155 933 3380 972 none:
3415 918 3580 971 vulva

1997 1006 2198 1068 factus,
2230 1007 2326 1061 sed
2363 1008 2549 1062 Subito
2598 1009 2823 1072 surdus,
2873 1024 3000 1062 cum
3050 1007 3277 1063 camelis
3322 1010 3578 1071 haereret,

2004 1097 2233 1151 effectus
2264 1116 2277 1150 :
2302 1104 2494 1152 horum
2525 1082 2763 1168 namque
2788 1114 3005 1168 semper
3033 1099 3580 1160 auiutalitnucuram,

1995 1200 2049 1244 et
2075 1198 2201 1244 ante
2226 1201 2279 1245 et
2316 1202 2607 1260 postquam
2642 1200 2865 1261 repente
2889 1193 3093 1246 surdus
3120 1190 3298 1246 factus
3328 1201 3433 1252 est,
3464 1209 3583 1261 per-

1997 1284 2214 1353 agebat.
2248 1285 2384 1338 Cutn
2418 1296 2599 1339 autem
2633 1285 2867 1355 languor
2893 1294 3042 1341 esset
3068 1286 3452 1356 gravissimus,
3485 1302 3583 1339 ne-

1997 1393 2104 1446 que
2132 1378 2277 1431 enim
2312 1378 2420 1430 ullo
2449 1379 2609 1432 modo
2638 1378 2915 1442 audiebat,
2936 1393 3113 1449 neque
3139 1378 3329 1433 saltem
3347 1379 3584 1449 grandes

1999 1470 2261 1538 Strepitus
2307 1472 2602 1532 sentiebat,
2656 1482 2714 1524 ttt
2767 1480 2896 1539 puta
2949 1471 3444 1540 vulgiclamorem,
3491 1478 3585 1539 aut,

1998 1562 2213 1615 sonitus
2252 1563 2418 1615 maris
2447 1563 2645 1620 elatos.
2680 1573 2775 1615 aut
2806 1562 3110 1632 ingentium
3157 1574 3442 1617 ventorum
3479 1562 3584 1617 im-

2002 1659 2187 1719 petum
2220 1665 2475 1719 magnutn
2512 1669 2524 1704 :
2551 1667 2714 1720 quem
2749 1667 2941 1706 omnes
2965 1651 3345 1721 inspicit-tiles,
3377 1653 3584 1707 dmino-

2003 1743 2092 1796 nis
2173 1744 2555 1811 operationem
2610 1760 2736 1798 esse
2808 1744 3125 1814 huiusmodi
3203 1744 3585 1815 aegritudinem

315 1827 444 1890 θοῦς
468 1830 850 1898 ἐστοχάσαντο,
883 1829 947 1882 ἔκ
978 1847 1037 1882 τε
1058 1829 1152 1882 τοῦ
1180 1828 1394 1900 ἀθρόως
1424 1829 1700 1900 συμϐῆναι
1732 1828 1791 1882 τὸ
1814 1828 1898 1881 νό-

2013 1834 2431 1899 astrttebaut,ct
2477 1850 2586 1889 non
2646 1838 2900 1905 corporis
2961 1837 3154 1891 vilium
3205 1838 3323 1891 sire
3373 1851 3589 1894 casum.

317 1936 492 1990 σημα,
512 1920 574 1973 ἔκ
604 1938 663 1972 τε
692 1920 787 1974 τοῦ
828 1921 1035 1992 μηδένα
1064 1920 1174 1974 τῶν
1212 1919 1412 1990 ίατρῶν
1428 1920 1705 1988 ὠφέλειαν,
1725 1920 1899 1990 τούτῳ

315 2011 439 2063 τινὰ
471 2011 763 2083 δυνηθῆναι
789 2013 1140 2084 χαρίσασθαι.
1184 2013 1419 2076 Πολλοὺς
1448 2011 1557 2081 γὰρ
1589 2011 1892 2083 περιελθὼν

318 2104 415 2154 καὶ
465 2103 759 2175 πληρώσας
805 2104 1018 2157 πολλῶν
1067 2104 1463 2173 ἐπιτάγματος,
1512 2103 1673 2167 αὐτὸς
1724 2105 1783 2156 ἐν
1822 2103 1902 2172 τῷ

317 2197 483 2248 πάθει
517 2196 779 2266 διέμενεν,
801 2197 1064 2266 διαφορὰν
1087 2198 1271 2268 εὑρεῖν
1299 2199 1359 2250 οὐ
1383 2197 1700 2265 δυνάμενος.
1734 2195 1900 2249 Ὅθεν

321 2279 528 2358 ίατροίς
564 2288 734 2341 πολλὰ
779 2290 992 2359 χαίρειν
1045 2289 1440 2360 φθεγξάμενος,
1490 2289 1601 2342 τῶν
1640 2287 1904 2358 καμήλων

309 2380 975 2451 ἐφρόντιζεν,ἀπαλλαγὴν
1004 2381 1099 2435 τοῦ
1137 2380 1329 2435 λοιποῦ
1360 2381 1436 2453 μὴ
1465 2381 1784 2452 προσδοκῶν
1809 2382 1904 2437 τοῦ

319 2490 381 2525 νο
394 2494 411 2524 ;
422 2474 650 2542 ἠματος.

395 2703 507 2756 Καὶ
535 2704 674 2774 τάχα
702 2704 767 2758 ἂν
796 2704 943 2758 οὕτω
976 2705 1137 2777 μέχρι
1171 2703 1400 2758 θανάτου
1430 2704 1719 2775 διέμεινεν,
1752 2705 1799 2758 εἰ
1832 2706 1906 2777 μὴ

324 2793 463 2864 πρὸς
485 2793 594 2846 τῶν
618 2796 920 2865 συντέχνων
945 2797 1020 2859 ὡς
1047 2795 1228 2864 κωφὸς
1252 2796 1635 2866 κατετρέχετο,
1664 2798 1757 2851 καὶ
1782 2797 1911 2850 πολ-

322 2886 424 2957 λὴν
451 2887 547 2957 τὴν
573 2887 788 2940 ἀδικίαν
826 2888 1096 2957 ὑπέμενεν
1118 2903 1132 2916 ·
1160 2881 1234 2941 ὧν
1255 2888 1316 2941 οὐ
1342 2879 1622 2959 βαστάσας
1649 2888 1747 2959 τὴν
1779 2889 1907 2943 δυσ-

323 2979 462 3050 κερῆ
506 2980 906 3050 παραπόνησιν,
943 2980 1158 3034 ἅπαντα
1193 2979 1388 3047 λιπὼν,
1419 2980 1518 3051 τὴν
1571 2981 1777 3047 ἑστίαν,
1811 2984 1911 3045 τὰς

325 3070 630 3140 καμήλους,
653 3071 721 3125 τὰ
776 3071 1109 3142 ὑπάρχοντα.
1170 3071 1266 3126 καὶ
1322 3072 1511 3142 μηδενὶ
1561 3073 1728 3143 μηδὲν
1784 3075 1911 3144 περὶ

2007 1925 2067 1980 Et
2126 1925 2267 1981 forte
2314 1928 2586 1982 veraciter
2638 1928 3010 1991 aestimabant,
3043 1939 3153 1982 tam
3205 1944 3270 1983 ex
3330 1943 3398 1983 eo
3442 1927 3588 2000 quod

2004 2018 2238 2087 languor
2289 2019 2475 2074 subito
2506 2019 2855 2088 contigisset,
2883 2035 3049 2086 quam
3090 2035 3156 2073 ex
3187 2035 3252 2073 eo
3281 2017 3428 2088 quod
3467 2019 3589 2072 nqu

2006 2111 2089 2166 lus
2121 2111 2460 2165 medicorum
2503 2111 2814 2180 profectum
2847 2110 2974 2163 huic
2999 2111 3298 2180 quemlibet
3332 2109 3591 2164 conferte

2008 2204 2319 2274 potuisset;
2358 2204 2562 2257 multos
2608 2203 2757 2256 enim
2794 2202 3156 2265 circumiens,
3191 2211 3247 2257 et
3289 2207 3589 2256 multorum

2006 2297 2290 2367 complens
2311 2304 2667 2366 praeceptum,
2691 2297 2810 2365 ipse
2826 2296 2879 2350 in
2908 2296 3165 2365 passione
3186 2304 3589 2365 perseverarat,

2007 2386 2448 2440 meliorationem
2493 2385 2735 2454 aliquant
2762 2386 3007 2454 reperire
3045 2400 3155 2440 non
3189 2388 3399 2441 valens.
3437 2384 3592 2440 Unde

2007 2477 2236 2532 medicis
2276 2477 2399 2531 vale
2462 2478 2671 2542 dicens,
2714 2478 3054 2532 camelorqu
3118 2494 3310 2533 curam
3343 2479 3591 2547 gerebat.

2010 2570 2320 2625 libertatem
2351 2569 2420 2624 de
2438 2579 2642 2625 caetero
2662 2570 2946 2641 languoris
2972 2585 3085 2625 non
3120 2571 3473 2641 praestolans.

2082 2704 2147 2758 Et
2186 2705 2325 2761 forte
2349 2706 2430 2761 sic
2465 2722 2642 2776 usque
2672 2706 2737 2760 ad
2769 2716 2999 2762 mortem
3032 2708 3221 2777 procul
3255 2708 3428 2763 dubio
3468 2722 3593 2775 per-

2012 2794 2327 2859 mansisset,
2362 2794 2466 2850 nisi
2519 2812 2549 2849 a
2582 2795 2801 2864 collegis
2837 2804 3100 2866 tanquam
3151 2794 3352 2850 surdus
3404 2796 3596 2849 illude-

2015 2894 2184 2947 retur,
2244 2887 2584 2956 multamque
2655 2887 2915 2957 injuriam
2985 2896 3302 2957 pateretur;
3357 2903 3593 2957 quorum

2012 2976 2286 3031 tliﬂicilem
2325 2977 2677 3033 aﬂlictionem
2709 2994 2817 3033 non
2854 2977 3059 3044 ferens,
3089 2980 3458 3050 omnibusque
3500 2980 3596 3033 dc-

2012 3069 2245 3135 relictis,
2272 3069 2438 3125 domo
2469 3070 2748 3137 videlicet,
2770 3071 2995 3125 camelis
3022 3080 3075 3124 et
3106 3071 3473 3141 patrimoniis,
3503 3087 3599 3124 ne-

328 3162 559 3232 μηδενδς
614 3163 1010 3234 ἐντειλάμενος,
1063 3163 1228 3235 ζήλου
1286 3162 1567 3235 πλησθεὶς.
1615 3167 1711 3219 καὶ
1765 3166 1908 3219 θείου

2017 3162 2150 3216 mini
2181 3161 2479 3231 quidquam
2509 3163 2577 3216 de
2605 3176 2884 3232 quoquam
2921 3162 3251 3232 praecipiens
3282 3163 3401 3217 zelo
3425 3162 3601 3232 reple-

327 3253 601 3324 πρδςτοὺς
632 3254 917 3324 μάρτυρας
941 3254 1162 3325 ἔρωτος,
1189 3255 1388 3318 αὐτῶν,
1414 3255 1488 3319 ὡς
1522 3250 1699 3326 οἶμαι,
1730 3257 1914 3311 τοιαύ-

321 3362 428 3413 την
460 3343 608 3415 αὐτῷ
632 3345 1122 3415 προσπνευσάντων
1155 3345 1707 3416 διάνοιαν,δρομαίως
1736 3349 1828 3400 ἐπὶ
1853 3348 1916 3401 τὸ

327 3435 536 3486 τούτων
587 3433 884 3506 μαρτύριον
930 3436 1171 3507 ἔτρεχεν,
1218 3438 1472 3507 τοιαύτην
1516 3439 1679 3509 μόνον
1734 3441 1915 3510 φωνὴν

333 3525 473 3594 πρὸς
527 3528 651 3589 τοὺς
703 3527 954 3597 ἑταίρους
1002 3529 1404 3600 φθεγξάμενος·
1439 3533 1515 3602 Ζῇ
1546 3530 1677 3602 γὰρ,
1727 3533 1913 3601 φησὶν,

335 3616 570 3685 Χριστὸς
587 3615 759 3680 ὀΘεδς
786 3617 965 3687 ἡμῶν,
990 3618 1065 3680 ὡς
1088 3620 1136 3671 εί
1162 3620 1236 3689 μὴ
1253 3620 1389 3690 πρὸς
1416 3621 1599 3691 Κῦρον
1624 3622 1914 3676 καὶΊωάν-
1944 3620 1947 3625 ’

330 3725 430 3776 νην
459 3709 586 3770 τοὺς
614 3708 803 3776 ἁγίους
829 3710 929 3762 οὐκ
958 3707 1175 3781 ἄπειμι,
1209 3712 1303 3764 καὶ
1330 3709 1552 3775 τούτους
1582 3713 1915 3778 ἐκὸιὸαστὰς

330 3798 433 3868 τῆς
486 3800 626 3869 ἐμῆς
684 3802 948 3869 ἐπηρείας
1000 3803 1333 3872 ποιήσομαιο
1391 3803 1695 3867 καὶτοῦτο
1746 3800 1916 3859 είπὼν

328 3889 540 3959 γυμνὸς
567 3889 953 3961 ἐπενδυμάτων
987 3891 1124 3962 πρὸς
1153 3893 1280 3956 τοὺς
1320 3893 1603 3964 μάρτυρας
1624 3893 1876 3967 ἔδραμεν.

405 4018 538 4070 Τότε
589 4017 800 4086 γίνεταί
857 4034 910 4070 τι
970 4017 1293 4088 παράδοξον,
1346 4020 1441 4072 καὶ
1474 4020 1569 4088 τῆς
1597 4019 1703 4073 τῶν
1746 4020 1916 4089 ἁγίων

329 4110 557 4179 χάριτος
597 4108 769 4176 ἄξιον,
820 4108 914 4161 καὶ
941 4109 1041 4179 τῆς
1062 4109 1229 4162 αὐτοῦ
1278 4110 1478 4179 πολλῆς
1537 4113 1633 4164 καὶ
1674 4112 1956 4181 μεγάλης⁴

332 4200 692 4271 θερμότητος.
722 4200 793 4253 Ἦ
823 4199 985 4271 μόνον
1010 4200 1120 4272 γὰρ
1147 4200 1335 4270 ἐξῆλθε
1362 4201 1459 4271 τὴν
1486 4201 1662 4272 πύλην
1690 4203 1792 4287 τῆς
1819 4204 1916 4257 πό-

330 4294 473 4357 λεως
510 4294 634 4363 ἣτις
664 4293 895 4365 Ἦλιακὴ
930 4289 1387 4364 προσηγόρευται,
1424 4295 1625 4359 εὐθέως
1650 4296 1814 4373 αρτοῦ
1852 4298 1919 4351 τά

302 4430 307 4433 ,
329 4378 449 4438 ὦτα
473 4384 703 4455 ἦρξαντο
729 4385 1218 4454 διανοίγεσθαι,κα“ι
1238 4386 1418 4455 φωνὰς
1434 4389 1596 4451 αὐτὸς
1615 4388 1918 4457 ἀνθρώπων

2018 3262 2107 3310 tus
2139 3262 2193 3309 et
2223 3254 2410 3308 divino
2443 3269 2570 3324 erga
2601 3264 2872 3325 martyres
2902 3253 3200 3323 desiderio,
3246 3255 3383 3325 ipsis
3411 3254 3485 3316 ei,
3541 3264 3601 3309 ut.

2018 3363 2163 3410 reor,
2190 3347 2351 3402 talem
2396 3346 2799 3413 inspirantibus
2836 3330 3099 3410 animam,
3137 3348 3344 3401 cursim
3376 3346 3443 3400 ad
3497 3347 3600 3400 ho-

2019 3455 2139 3494 rum
2174 3437 2495 3508 martyrium
2522 3434 2861 3502 festinabat;
2918 3434 3234 3504 hujusmodi
3292 3430 3359 3490 ad
3416 3437 3600 3493 socios

2019 3544 2151 3584 voce
2182 3535 2394 3580 tantum
2441 3524 2664 3589 affatus,
2698 3522 2847 3579 Vivit
2875 3525 3023 3579 enim
3082 3524 3363 3589 Christus,
3397 3525 3598 3596 inquit,

2020 3621 2184 3685 Deus,
2212 3619 2258 3674 si
2284 3620 2349 3672 ad
2398 3615 2598 3688 Cyrum
2629 3625 2683 3672 et
2737 3614 3005 3671 Joannem
3054 3624 3280 3672 sanctos
3308 3632 3418 3672 non
3460 3618 3596 3679 iero.

2019 3724 2073 3768 et
2108 3714 2207 3767 hos
2241 3719 2594 3767 essecutores
2634 3709 2899 3764 molestia:
2932 3724 3066 3765 meze
3118 3722 3228 3763 non
3262 3709 3466 3764 fecero.
3533 3709 3599 3764 Et

2021 3804 2123 3857 hoc
2159 3802 2327 3863 dicto,
2389 3799 2726 3856 indumentis
2778 3808 2980 3855 exutus
3013 3801 3266 3855 cucurrit
3324 3800 3392 3854 ad
3446 3816 3596 3856 mar—

2022 3907 2188 3951 ιννιιε.
2788 3904 2797 3909 “

2089 4026 2247 4082 Tunc
2275 4026 2438 4080 etiam
2473 4024 2533 4079 fit
2560 4024 2824 4095 quiddam
2856 4024 3131 4089 mirabile,
3167 4034 3602 4097 sanctorumque

2017 4115 2216 4186 gratia,
2246 4123 2299 4168 et
2325 4115 2500 4183 ipsius
2532 4112 2705 4167 multo
2736 4120 2792 4170 et
2821 4127 3022 4183 magno
3072 4112 3288 4169 fervore
3337 4114 3602 4184 dignissio

2020 4220 2192 4260 mum.
2225 4201 2295 4259 Ut
2315 4205 2459 4259 enim
2491 4209 2705 4256 tantum
2741 4212 2954 4272 portam
2989 4201 3230 4258 civitatis
3256 4200 3448 4266 exivit,
3478 4218 3601 4272 quae

2020 4297 2239 4352 lleliace
2273 4295 2546 4367 appellata
2576 4303 2682 4361 est,
2709 4310 2837 4350 mox
2893 4308 3058 4349 aures
3101 4293 3224 4363 ejus
3254 4308 3473 4365 cmpere
3503 4311 3571 4365 pa
3584 4285 3616 4337 ε’

2020 4398 2251 4453 teseere,
2287 4398 2341 4443 et
2374 4388 2655 4442 hominum
2700 4386 2819 4456 ipse
2859 4401 3026 4441 voces
3056 4387 3287 4452 audire;
3341 4395 3398 4441 et
3423 4401 3600 4456 quan-

331 4478 720 4532 πυνοάνεσθαιο
751 4480 863 4548 ὅσῳ
884 4480 941 4533 δὲ
970 4481 1035 4551 τῇ
1073 4480 1271 4551 πορείᾳ
1294 4481 1616 4550 προέκοπτε,
1658 4481 1908 4536 τοσοῦτον

2021 4486 2135 4531 tutu
2189 4477 2243 4530 in
2275 4476 2472 4530 itinere
2518 4473 2860 4544 proliciebat,
2918 4482 3128 4527 tantum
3161 4489 3327 4529 voces
3359 4477 3596 4544 recipie-

331 4570 522 4641 φωνῆς
569 4569 753 4623 πλεῖον
801 4568 1239 4641 ἀντελαμϐάνετο
1263 4586 1279 4599 ⁸
1326 4571 1420 4623 καὶ
1460 4569 1602 4623 οὕτω
1641 4570 1701 4624 τὸ
1738 4571 1913 4640 δῶρον

332 4663 474 4733 πρὸς
519 4661 617 4734 τὴν
661 4662 763 4732 τῆς
809 4661 931 4715 ὁδοῦ
978 4660 1263 4733 προκοπὴν
1300 4659 1679 4732 κομιζόμενος,
1713 4663 1772 4714 ἐν
1804 4662 1914 4731 ὅσῳ

331 4756 445 4808 τῶν
491 4754 662 4823 ἁγίων
690 4755 863 4825 εἰσείη
889 4752 951 4807 τὸ
976 4754 1222 4824 τέμενος,
1282 4754 1344 4806 τὸ
1390 4753 1591 4807 τέλειον
1617 4755 1716 4826 τῆς
1746 4755 1914 4824 ἀκοῆς

330 4846 712 4917 ἀπελάμϐανε,
768 4848 877 4900 πᾶν
928 4846 1073 4917 ἴχνος
1112 4846 1205 4899 καὶ
1243 4845 1528 4917 γνώρισμα
1568 4845 1667 4915 τῆς
1712 4845 1914 4914 πολλῆς

331 4943 548 5010 ἐκείνης
594 4938 895 5010 ἁπολείψας
949 4937 1282 5007 κωφώσεως.
1326 4938 1437 4991 Καὶ
1490 4936 1556 5008 δὴ
1597 4936 1696 5007 τὴν
1744 4936 1916 5007 ρὦιν

331 5032 481 5086 κατὰ
513 5032 613 5102 τὴν
646 5032 873 5101 πορείαν
905 5029 1263 5100 δρεψάμενος,
1299 5027 1375 5090 ὡς
1412 5026 1570 5097 ὑγιὴς
1594 5032 1705 5089 τοῖς
1738 5027 1916 5095 ἁγίοις

331 5127 432 5179 καὶ
482 5124 581 5194 οὐχ
614 5124 689 5186 ὡς
739 5124 878 5193 ἔχων
930 5122 1277 5192 προσήρχετο
1316 5120 1530 5190 νόσημα
1555 5136 1569 5149 ο
1612 5119 1707 5172 καὶ
1752 5136 1919 5189 προσ-

334 5218 567 5285 ενέγκας
593 5216 753 5278 εὐθὺς
788 5214 856 5268 τὰ
888 5216 1241 5286 χαριστήρια,
1269 5212 1406 5283 ᾠδαὶ
1430 5212 1473 5265 δ’
1503 5209 1640 5284 ἦσαν
1672 5213 1797 5275 τοὺς
1828 5228 1917 5264 σεο

332 5312 589 5372 αωκότας
619 5308 994 5378 γεραίρουσαι,
1029 5309 1127 5378 τὴν
1150 5305 1318 5376 αὐτὴν
1338 5304 1537 5366 εὐθέως
1563 5303 1868 5375 ὑπέστρεφε
1900 5322 1914 5338 ·

256 5414 261 5419 ’
333 5406 477 5477 μηδὲ
528 5403 752 5460 καθίσαι
800 5402 942 5456 κατὰ
991 5401 1085 5453 τὸν
1131 5398 1237 5452 τῶν
1270 5397 1562 5469 μαρτύρων
1593 5396 1915 5467 σηκδνὰνα-

330 5498 620 5570 σχόμενος.
668 5497 778 5551 Καὶ
808 5496 968 5565 ἡμεῖς
1016 5493 1072 5546 δὲ
1110 5490 1211 5561 τὴν
1262 5491 1388 5559 περὶ
1438 5490 1627 5541 τούτου
1663 5487 1955 5559 διήγησιν.

327 5589 814 5661 ἐκπληρώσαντες,
866 5587 961 5640 καὶ
987 5584 1056 5638 τὰ
1080 5586 1222 5654 ὑπὲρ
1248 5582 1420 5649 αὐτῆς
1450 5580 1779 5650 χαριστήρια
1806 5582 1918 5644 τοῖς

268 5734 277 5745 _
330 5682 514 5752 ἁγίοις
563 5681 968 5753 προσάξαντες,
994 5679 1243 5748 διήγησιν
1274 5674 1435 5727 ἄλλου
1475 5673 1756 5741 ποιώμεθα.
1785 5672 1918 5727 θαύ-

330 5791 530 5850 μέλος.

596 5868 898 5935 ,Ριτιιοιη
938 5866 1050 5925 Gtt.
1095 5867 1258 5927 LXX
1277 5861 1464 5924 XVII.

2014 4569 2128 4633 bat,
2152 4577 2206 4622 et
2234 4568 2315 4622 sic
2332 4568 2535 4621 donum
2561 4565 2865 4622 secundum
2884 4563 2986 4619 viae
3010 4565 3314 4635 profectum
3336 4566 3598 4635 paulatim

2018 4659 2347 4731 percipiens,
2403 4658 2532 4712 dum
2587 4664 2908 4712 sanctorum
2972 4655 3356 4727 ingrederetur
3409 4656 3598 4713 basili-

2016 4765 2159 4812 cam,
2220 4747 2614 4818 perfectionem
2653 4746 2968 4802 resumebat
3007 4745 3252 4810 auditus,
3310 4748 3461 4803 omni
3503 4764 3596 4803 ve-

2018 4842 2180 4911 stigio
2230 4849 2285 4895 et
2337 4841 2497 4908 signo
2559 4839 2745 4893 multae
2787 4853 2901 4893 suae
2952 4837 3204 4894 absurdae
3257 4838 3596 4896 infirmitatis

2017 4933 2216 4988 deleto.
2274 4931 2520 5002 Cumque
2578 4930 3017 4984 incolumitatem
3076 4929 3274 4985 itinere
3319 4930 3598 5001 percepis-

2018 5034 2123 5092 set,
2170 5038 2430 5096 tanquatn
2464 5039 2635 5080 sanus
2663 5032 2718 5078 et
2772 5038 2882 5077 non
2914 5022 3060 5078 sicut
3116 5031 3361 5093 trgi-olus
3412 5038 3601 5094 procc-

2018 5121 2182 5176 dehat
2232 5119 2298 5172 ad
2343 5128 2612 5181 sanctos;
2646 5124 2698 5171 et
2731 5116 3035 5186 gratiarum
3096 5114 3412 5173 actionibus
3461 5131 3599 5171 cun-

2020 5212 2199 5267 festini
2258 5211 2481 5274 oblatis,
2559 5210 2814 5264 cantibus
2899 5208 3153 5265 scilicet-
3200 5208 3600 5265 honorantibus

2020 5307 2345 5367 salvator-es,
2375 5303 2565 5358 eadem
2598 5302 2690 5357 die
2721 5303 2991 5357 continuo
3027 5301 3318 5361 remeavit.
3354 5316 3459 5355 nec
3510 5317 3602 5356 se-

2020 5397 2148 5452 dere
2174 5394 2396 5464 quidem
2429 5394 2485 5447 itt
2540 5403 2842 5463 martyrum
2888 5390 3120 5447 basilica
3151 5402 3372 5461 passus.
3428 5389 3603 5446 Porro

2022 5506 2122 5545 nos
2173 5490 2242 5543 tle
2295 5488 2401 5542 hoc
2450 5485 2789 5540 narratione.
2819 5484 3113 5553 completa,
3169 5483 3600 5552 διαστῶσι-ψη

2019 5583 2227 5639 sanctis
2255 5580 2451 5635 oﬂiciis
2476 5579 2791 5649 persolutis,
2812 5575 3159 5634 relationem-
3178 5575 3411 5635 alterius
3430 5576 3603 5635 faele-

2022 5689 2144 5730 tttus
2173 5672 2442 5730 miraculi.

3140 5858 3252 5917 113
