4002 6316
1396 363 1455 420 S.
1490 356 1903 419 SOPHRONII
1943 356 2447 417 PATRIARCIIE
2489 360 2889 421 HIEROSOL.
3621 356 3766 415 3596

906 468 1088 524 XLVI.
1145 469 1216 523 De
1253 470 1461 525 tribuno
1500 487 1654 523 (ατο.

2403 470 2551 537 MS".
2590 473 2727 538 Περί
2767 471 3079 539 τριϐούνου
3123 469 3229 524 τοῦ
3272 468 3529 536 τυφλοῦ.

574 562 784 617 Hennae
813 563 1068 633 martyris
1094 563 1375 632 tetnplum.
1421 573 1475 616 et
1508 564 1649 630 qttod
1686 570 1769 616 est
1808 562 2066 627 templum

2245 562 2317 614 Τὸ
2364 563 2524 633 Μηνᾶ
2562 562 2658 616 τοῦ
2692 563 2969 634 μάρτυρος
2998 563 3247 630 τέμενος,
3294 563 3388 614 καὶ
3429 562 3493 613 το
3519 559 3626 630 πρὸ
3665 558 3766 611 τοῦ

504 662 629 708 ante
663 653 1057 718 habitaculum,
1110 654 1280 707 totius
1310 663 1395 708 est
1444 652 1624 724 Libya:
1668 652 1943 723 gloriatio,
1978 666 2074 706 cn-

2200 672 2229 706 ἐ
2240 656 2432 724 μένους
2444 655 2921 725 δωμάτιον,πάσης
2936 654 3140 724 Λιϐύης
3152 654 3456 722 καθέστηκε
3477 652 3768 722 φρύαγμα,

502 749 589 801 ius
623 746 900 800 habitator
945 757 1172 802 sanctus
1223 755 1278 801 et
1310 754 1503 803 custos
1555 747 1719 800 etiam
1779 754 2072 815 antequam

2200 740 2242 817 ᾗς
2282 747 2521 815 οἰκήτωρ
2570 749 2599 798 ὁ
2646 747 2800 814 ἅγιος
2828 746 2925 799 καὶ
2958 744 3154 812 φύλαξ,
3207 745 3303 799 καὶ
3349 745 3456 815 προ
3486 742 3590 813 τῆς
3622 744 3771 812 ὑπερ

504 853 603 906 pro
632 837 860 892 Christo
895 846 1200 907 pateretur,
1232 854 1373 904 erat,
1403 850 1458 896 et
1508 842 1736 911 posthac
1767 839 1942 893 fuisse
1992 838 2076 891 di-

2200 837 2414 907 (ριστοῦ
2470 837 2773 909 μαρτυρίας
2836 837 3171 907 ἐτύγχανεν,
3219 836 3312 889 καὶ
3367 835 3508 906 μετά
3560 835 3770 901 ταύτην

501 923 808 993 gnoscitur.
853 922 917 977 Et
973 933 1124 979 certe
1163 927 1334 995 gloria
1385 937 1438 982 et
1476 926 1800 981 escellentia
1854 925 2075 993 dignum

2200 928 2527 999 γνωρίζεταν
2562 929 2674 982 Καὶ
2698 927 2848 995 ἀξιον
2882 928 3052 991 ὅντως
3083 927 3332 988 εὐκλείας
3353 926 3415 978 τὸ
3446 926 3635 992 κτῆμα
3668 930 3758 976 κα

505 1024 593 1072 est
627 1014 944 1079 aedificium,
974 1025 1029 1071 et
1080 1018 1418 1073 sublimitate
1471 1019 1665 1088 majori
1697 1033 1712 1072 :
1749 1033 1847 1089 per
1900 1019 2078 1087 ipsum

2200 1023 2537 1091 ρρυάγματος
2592 1020 2835 1090 μείζονος
2867 1035 2881 1049 ⁸
2919 1018 2985 1072 δι’
3034 1017 3201 1072 αὑτοῦ
3242 1019 3350 1089 γὰρ
3379 1020 3407 1071 ὃ
3442 1035 3502 1071 τε
3533 1018 3771 1086 Μαρεώ-

505 1112 653 1165 enim
680 1118 790 1164 tam
835 1109 1107 1165 Mareotes
1142 1126 1309 1179 quam
1357 1110 1525 1182 Libya
1557 1121 1668 1165 tota
1698 1126 1872 1180 usque
1900 1112 1955 1163 in
1984 1109 2081 1162 ho-

2200 1128 2302 1182 της,
2333 1113 2426 1165 καὶ
2455 1114 2488 1183 ή
2521 1112 2695 1182 Λιδύη
2725 1114 2876 1166 πᾶσα
2910 1111 3074 1181 μέχρι
3096 1111 3197 1178 τῆς
3228 1111 3471 1179 τήμερον
3493 1110 3729 1179 ἕστηκεν
3752 1126 3767 1140 ·

507 1204 761 1259 diernum
797 1201 941 1255 diem
997 1203 1275 1267 consisut,
1326 1210 1382 1256 et
1441 1204 1586 1272 quod
1645 1211 1731 1256 est
1783 1202 2079 1255 maximum

2200 1204 2281 1256 ιαὶ
2304 1204 2366 1256 τὸ
2388 1203 2451 1275 δὴ
2483 1205 2758 1274 μέγιστον,
2788 1204 3222 1274 Ἀλεξάνδρειαή
3255 1203 3466 1272 μεγάλη
3501 1202 3599 1254 καὶ
3624 1201 3767 1268 λαμο

509 1294 840 1349 Alexandria
868 1310 1059 1364 magna
1090 1304 1145 1349 et
1176 1295 1324 1350 clara
1347 1296 1671 1365 Christique
1698 1308 1916 1364 semper
1941 1293 2082 1346 ami-

2200 1295 2302 1366 πρά
2336 1295 2432 1349 καὶ
2481 1296 2855 1367 φιλόχριστος.
2893 1295 3049 1351 Ὅσοι
3090 1295 3221 1364 γοῦν
3264 1292 3442 1347 τὸτοῦ
3494 1292 3771 1363 μάρτυρος

499 359 640 424 3595

506 1399 595 1440 ca.
623 1385 901 1454 Quotquot
927 1400 1057 1454 ergo
1079 1387 1333 1457 martyris
1356 1388 1532 1441 nostis
1555 1387 1900 1458 martyrium,
1921 1386 2083 1439 etiam

512 1477 654 1543 quod
695 1477 839 1530 circa
866 1479 971 1531 hoc
995 1476 1285 1531 aediﬁcium
1322 1480 1512 1545 utique
1546 1479 1757 1540 nostis;
1787 1478 1879 1532 ubi
1906 1487 1963 1532 et
1988 1475 2089 1529 tri—

514 1569 717 1628 bunus,
737 1568 830 1635 qui
861 1582 1102 1636 praesens
1132 1568 1196 1621 ad
1229 1569 1547 1622 relationem
1582 1569 1823 1637 prolatus
1855 1576 1962 1629 est,
1991 1566 2082 1619 ihi-

513 1660 635 1713 dem
672 1670 832 1714 natus
862 1667 1026 1729 atque
1059 1660 1316 1727 nutritus,
1344 1662 1398 1714 in
1422 1661 1597 1713 virum
1649 1659 1948 1729 perfectqu
1996 1673 2090 1713 oc-

512 1750 711 1805 currit.

2190 1387 2302 1439 ῐστε
2338 1386 2658 1458 μαρτύριον,
2691 1388 2787 1441 καὶ
2820 1387 2880 1441 τὸ
2906 1388 3041 1458 ’περί
3082 1387 3241 1441 τοῦτο
3269 1385 3569 1456 κτημάτων
3593 1424 3608 1447 ,
3633 1389 3774 1437 πάλιν.

2188 1491 2280 1537 τες
2302 1475 2658 1543 γιγνώσκετε,
2682 1475 2803 1528 ὅθεν
2826 1478 2853 1529 ὁ
2878 1475 3069 1545 παρὼν
3098 1474 3378 1546 τριὸοῦνος
3403 1474 3485 1536 εἰς
3515 1475 3770 1541 διήγησιν

2191 1563 2433 1633 ὥρμητο,
2466 1566 2643 1618 ἐκεῖσε
2682 1566 2966 1636 γεννηθεὶς
2997 1566 3092 1619 καὶ
3112 1565 3342 1635 τραφεὶς
3369 1565 3462 1618 καὶ
3492 1567 3573 1627 εἰς
3595 1564 3768 1634 ἄνδρα

2188 1655 2394 1707 τέλειον
2422 1657 2774 1727 ἀφικόμενος.

588 1836 687 1894 llic
714 1839 869 1895 valde
887 1840 1180 1895 crudeliter
1211 1840 1414 1895 visibus
1445 1838 1773 1902 infirmatus,
1803 1854 1925 1892 cum
1978 1854 2087 1893 non

2264 1832 2433 1900 Οὗτος
2456 1838 2595 1891 πάνυ
2631 1837 2820 1901 δεινῶς
2855 1838 3158 1909 ἀσθενήσας
3193 1838 3292 1910 τὴν
3314 1839 3527 1907 ὅρασιν,
3563 1839 3656 1890 καὶ
3696 1838 3772 1907 μὴ

517 1932 823 1986 invenisset
858 1933 1152 1997 medicum,
1193 1932 1285 2000 qui
1309 1932 1621 2001 passionem
1655 1947 1851 1985 sanare
1880 1941 2087 2002 posset,

517 2027 583 2079 ad
627 2025 925 2092 perfectam
958 2024 1260 2093 impellitur
1307 2024 1629 2079 circitatem.
1683 2023 1758 2076 Ita
1799 2033 1858 2077 ut
1912 2039 2092 2092 neque

519 2120 697 2173 noctis
735 2117 1041 2171 absentiam
1095 2133 1270 2186 neque
1309 2117 1416 2171 diei
1472 2120 1815 2186 praesentiam
1865 2125 2089 2183 nosset;

514 2222 863 2275 compressos
898 2207 1044 2259 enim
1105 2206 1337 2260 habebat
1388 2207 1579 2261 oculos
1643 2218 1697 2260 et
1746 2222 2089 2276 nequaquam

519 2312 760 2366 apertos.
788 2316 912 2355 cum
948 2300 1204 2354 videlicet
1235 2302 1302 2352 ab
1331 2300 1563 2354 invicem
1612 2301 1855 2366 separari
1906 2301 2092 2369 palpe-

474 2420 481 2429 ε
521 2396 630 2445 ira:
663 2393 814 2445 nullo
844 2393 1003 2445 modo
1043 2401 1291 2461 possent,
1351 2406 1417 2445 ac
1477 2391 1522 2445 si
1575 2392 1810 2461 gluttino
1855 2393 2092 2460 quodam

514 2498 763 2537 animus.
805 2483 1003 2537 Verum
1036 2490 1092 2536 et
1119 2483 1212 2535 tali
1245 2481 1500 2536 tribunus
1532 2482 1848 2536 infirmitate
1886 2480 2091 2542 habita,

521 2593 627 2628 non
702 2574 1018 2628 incredulus
1083 2573 1271 2641 gratiae
1321 2572 1452 2641 Cyri
1508 2571 1609 2624 fuit
1675 2573 1790 2625 sive
1843 2569 2092 2636 Joannis,

519 2666 612 2719 sed
653 2664 740 2733 pie
778 2671 832 2715 et
883 2662 1033 2731 juste
1081 2663 1361 2724 credebat,
1396 2660 1542 2730 quod
1575 2662 1620 2716 si
1674 2660 1938 2730 profugus
1990 2661 2090 2715 ho-

520 2771 641 2807 rum
702 2753 985 2822 profectus
1039 2751 1364 2817 efﬁceretur,
1420 2752 1596 2806 visum
1652 2752 1898 2822 profecto
1949 2752 2093 2806 reci-

523 2853 695 2913 peret,
742 2843 891 2913 quod
936 2851 993 2898 et
1040 2851 1164 2897 actu
1221 2842 1554 2912 completum
1612 2852 1737 2911 est;
1793 2843 1885 2911 qui
1946 2843 2091 2896 enim

520 2936 627 2990 title
677 2934 1036 2989 cirnfirmaltts
1090 2940 1195 2999 est,
1252 2941 1306 2987 et
1370 2934 1532 3002 hujus
1602 2934 1766 2988 habet
1821 2933 2095 2989 immobile

522 3028 962 3092 fundamentum,
1012 3028 1300 3081 amandam
1341 3028 1625 3081 consuevit
1671 3042 1791 3095 quae
1823 3027 1876 3079 in
1914 3026 2093 3096 operi-

518 3122 625 3176 bus
674 3128 760 3174 cst
815 3118 1045 3190 adipisci
1098 3118 1520 3189 perfectionem.
1577 3118 1712 3173 Nam
1781 3136 1939 3173 nemo
2000 3120 2164 3195 (μείς

523 3212 633 3266 υεο
687 3209 940 3275 credidit,
973 3209 1273 3264 derelictus
1304 3218 1431 3274 est;
1494 3210 1586 3262 sed
1643 3217 1803 3278 prout
1840 3207 2091 3270 credidit,

520 3303 723 3356 factum
757 3310 887 3368 est;
949 3313 1001 3356 et
1031 3316 1130 3371 pro
1173 3299 1427 3355 mercede
1462 3300 1608 3366 fidei,
1645 3299 1945 3355 desiderata
1999 3299 2096 3351 oh-

591 3483 671 3537 Ad
708 3482 1034 3554 martyrium
1071 3496 1203 3552 ergo
1239 3490 1560 3537 sanctorum
1593 3482 1841 3545 veniens,
1885 3491 1937 3537 et
1971 3490 2099 3535 nato

520 3590 666 3629 neco
691 3574 847 3630 fidem
870 3576 1087 3631 .habens
1124 3576 1486 3640 consimilem,
1516 3584 1571 3631 et
1609 3575 1909 3631 secundum
1946 3576 2096 3629 illum

523 3669 808 3724 dormiens
841 3684 869 3723 a
903 3677 1223 3725 sanctorum
1245 3668 1505 3723 audiebat
1533 3656 1740 3739 gratia:
1780 3664 1944 3733 Vade,
1978 3667 2095 3721 lava

518 3762 577 3815 iu
631 3761 798 3823 Siloa,
829 3770 885 3814 et
922 3760 1099 3815 vides,
1154 3760 1465 3813 lmitatores
1496 3759 1643 3812 enim
1680 3758 1733 3810 hi
1796 3756 2098 3814 Salvatoris

446 3842 449 3847 ⁴
517 3868 649 3907 cum
690 3852 822 3914 sint,
880 3853 1087 3907 eisdem
1121 3852 1298 3920 ipsius
1332 3851 1516 3906 verbis
1548 3861 1797 3913 utuntur,
1832 3851 2097 3904 festinan-

527 3954 608 4000 tes
663 3958 879 4012 semper
927 3942 1241 4006 ostendere,
1292 3942 1437 3996 unde
1490 3942 1789 3997 sanitatum
1865 3943 2096 4013 gratiam

524 4032 775 4088 fundant.
810 4033 946 4087 Cum
977 4041 1158 4088 autem
1206 4032 1514 4102 langueret,
1552 4040 1853 4103 martyrqu
1909 4032 2099 4086 audito

530 4137 831 4195 pracepto,
884 4126 950 4180 ad
998 4135 1247 4180 sanctam
1288 4124 1498 4179 (Christi
1542 4122 1636 4179 Dei
1696 4126 1872 4179 nostri
1909 4125 2101 4179 civita-

524 4229 634 4273 tem
665 4219 831 4281 venit,
861 4224 916 4270 et
948 4231 1072 4270 cum
1103 4216 1483 4272 descendisset
1526 4215 1580 4270 in
1640 4215 1869 4277 Siloam,
1934 4216 2098 4283 hujus

520 4310 687 4380 aquis
710 4309 881 4371 lotus,
923 4308 1178 4377 protinus
1207 4307 1361 4362 vidit.
1394 4307 1535 4362 Inde
1576 4322 1708 4361 vero
1761 4322 1885 4360 cum
1948 4308 2099 4361 ince-

522 4405 663 4458 dens
690 4400 1146 4465 videret,-sciens
1198 4402 1441 4455 muneris
1485 4400 1701 4453 visnum
1765 4399 2097 4468 magnitudi-

2189 1929 2366 1998 τυχὼν
2396 1929 2580 1999 ἰατροῦ
2604 1929 2901 1999 δυναμένου
2927 1930 2986 1983 τὸ
3017 1931 3188 1994 πάθος
3216 1930 3493 1996 ἰάσασθαι,
3521 1930 3658 1999 πρὸς
3691 1948 3771 1981 τε-

2191 2021 2339 2075 λείαν
2362 2020 2648 2073 ἐλαύνεται
2679 2020 2973 2089 τύφλωσιν,
3007 2021 3082 2083 ὡς
3117 2020 3252 2090 μηδὲ
3276 2023 3470 2085 νυκτὸς
3497 2021 3771 2074 ἀπουσίαν

2195 2111 2329 2183 μηδὲ
2375 2112 2680 2181 παρουσίαν
2712 2112 2926 2182 ἡμέρας
2977 2112 3304 2166 ἐπίστασθαι
3350 2113 3404 2165 εἴ
3442 2130 3588 2175 τινος
3623 2113 3770 2164 λίποι

2192 2202 2286 2254 τοῦ
2312 2201 2720 2267 διαγγέλλοντος
2749 2219 2765 2233 ·
2797 2202 3089 2272 μεμυκότα
3127 2202 3233 2272 γὰρ
3263 2203 3389 2270 ἔσχε
3420 2207 3488 2255 τά
3519 2202 3768 2270 ὄμματα,

2192 2292 2289 2344 καὶ
2340 2293 2608 2361 μηδαμῶς
2655 2293 2979 2363 ἀνοιγόμενα
3013 2313 3025 2325 ·
3058 2294 3191 2365 μηδὲ
3232 2292 3485 2364 χωρίζειν
3522 2294 3772 2362 ἀλλήλοιν

2193 2386 2493 2454 δυνάμενος
2543 2386 2618 2447 ὡς
2664 2385 2772 2439 ἀπὺ
2839 2386 3033 2454 κολλῆς
3080 2404 3222 2449 τινος
3262 2386 3663 2457 προσηλωμένα
3704 2389 3772 2437 τε

2197 2475 2459 2547 βλέφαρα.
2494 2477 2602 2529 Καὶ
2632 2477 2888 2546 τοιαύτην
2917 2478 2944 2529 ὁ
2980 2476 3261 2546 τριϐούνος
3297 2478 3436 2547 ἔχων
3462 2479 3715 2530 ἀσθένεια
3732 2503 3769 2534 μ.

2193 2569 2293 2621 οὐκ
2329 2568 2550 2636 ἠπίστει
2575 2566 2758 2637 Κύρου
2787 2567 2880 2620 καί
2923 2568 3169 2622 Ἰωάννου
3199 2572 3265 2638 τῇ
3298 2569 3500 2637 χάριτι,
3537 2568 3652 2620 ἀλλ’
3681 2568 3771 2620 εύ-

2196 2657 2371 2721 σεΰῶς
2392 2659 2486 2711 καὶ
2511 2655 2736 2722 διγσίως
2782 2659 3090 2720 ἐπίστευεν,
3124 2660 3198 2722 ὡς
3237 2662 3286 2713 εἰ
3312 2660 3561 2730 πρόσφυξ
3588 2660 3770 2714 αὐτῶν

2196 2749 2524 2817 ἀφικόμενος
2553 2748 2779 2816 γένοιτο,
2812 2750 3027 2812 πάντως
3063 2751 3124 2803 τὸ
3151 2750 3368 2820 βλέπειν
3400 2752 3721 2821 κομίσηται,
3744 2750 3773 2803 ὅ

2196 2839 2290 2893 καὶ
2329 2838 2526 2907 πράξει
2557 2838 2937 2909 πεπλήρωται.
2978 2840 3038 2893 '0
3070 2839 3176 2911 γὰρ
3217 2842 3397 2895 πίστει
3427 2840 3770 2911 βεϐαιωθείς,

2195 2929 2289 2981 καὶ
2336 2927 2541 2998 ταύτης
2586 2928 2680 2981 τὸν
2724 2929 2976 2997 θεμέλιον
3029 2928 3168 2999 ἔχων
3219 2929 3536 2994 ἀσάλευτον,
3578 2929 3771 2982 εἴωθεν

2194 3020 2482 3089 τυγχάνειν
2515 3019 2609 3073 καὶ
2650 3023 2764 3083 τοῖς
2791 3022 2849 3074 ἐν
2880 3019 3063 3092 ἔργοις
3098 3020 3233 3091 πρὸς
3277 3021 3463 3088 φίλους
3493 3020 3769 3088 τελειότηο

2195 3126 2283 3170 τος
2312 3126 2327 3139 ο
2359 3110 2483 3163 ἐπεὶ
2528 3112 2717 3181 μηδεὶς
2761 3112 3058 3176 πιστεύσας
3099 3114 3246 3183 παρά
3287 3112 3422 3167 Θεοῦ
3458 3112 3773 3167 καταλέλει-

2201 3216 2350 3262 πται,
2392 3200 2507 3253 ἀλλ’
2542 3203 2620 3261 ὡς
2647 3202 2899 3256 ἐπίστευε
2927 3206 3140 3272 γέγονε,
3175 3204 3269 3256 καὶ
3300 3204 3491 3272 μισθὸν
3519 3204 3644 3273 ἔσχε
3669 3204 3774 3272 τῆς

2201 3288 2437 3352 πίστεως
2464 3290 2560 3359 τὴν
2588 3289 2698 3344 τῶν
2731 3291 3079 3360 ποθουμένων
3108 3293 3427 3347 ἀπόλαυσιν.

2283 3476 2370 3531 Ἐν
2400 3475 2477 3545 τῷ
2507 3477 2791 3548 μαρτυρίῳ
2819 3476 2950 3545 γοῦν
2973 3478 3101 3531 ’τῶν
3129 3478 3298 3547 ἁγίων
3334 3479 3641 3549 γενόμενος,
3679 3483 3773 3533 καὶ

2197 3567 2276 3638 τῷ
2305 3569 2368 3621 ὲκ
2406 3568 2674 3637 γεννητῆς
2706 3569 2891 3639 τυφλῷ
2923 3569 3022 3641 τὴν
3063 3572 3247 3623 πίστιν
3278 3570 3416 3640 έχων
3450 3572 3769 3641 ἐφάμιλλον,

2200 3662 2320 3713 κατ’
2346 3661 2554 3714 ἐκεῖνον
2579 3660 2941 3731 κοιμώμενος,
2984 3665 3119 3732 πρὸς
3139 3663 3240 3732 τῆς
3264 3663 3373 3718 τῶν
3403 3664 3574 3732 ἀγίων
3603 3666 3771 3736 ἧκουε

2199 3753 2439 3822 χάριτος,
2468 3752 2687 3821 ’Ὕπαγε
2719 3754 2867 3824 νίψαι
2901 3756 2981 3818 εἰς
3021 3754 3113 3807 τὸν
3143 3756 3384 3826 Σιλωὰμ,
3419 3757 3512 3809 καὶ
3542 3757 3771 3809 ἀναϐλέ-

2200 3861 2344 3907 πεις.
2371 3844 2624 3914 Μιμηταὶ
2662 3844 2769 3916 γάρ
2800 3838 2945 3900 οὗτοι
2990 3845 3087 3900 τοῦ
3127 3848 3378 3917 Σωτῆρος
3412 3849 3770 3918 ὑπάρχοντες,

2197 3938 2310 3999 τοῖς
2349 3936 2515 3989 αὐτοῦ
2555 3936 2850 4008 κέχρηνται
2897 3937 3157 4008 ῥήμασιν,
3205 3938 3293 3992 διὰ
3341 3940 3557 3992 πάντων
3601 3939 3773 4003 δεῖξαι

2203 4027 2595 4091 σπουδάζοντες
2617 4028 2725 4080 τῶν
2754 4029 3018 4097 ἰαμάτων,
3042 4028 3163 4082 ὅθεν
3185 4029 3281 4098 τὴν
3306 4030 3467 4099 χάριν
3490 4029 3770 4100 ἀρύονται,

2212 4117 2271 4170 ⁸0
2292 4118 2461 4170 νοσῶν
2486 4118 2543 4171 δὲ
2566 4117 2660 4170 τοῦ
2690 4117 2798 4171 τῶν
2829 4119 3124 4189 μαρτύρων
3149 4117 3391 4182 ἀκούσας
3424 4121 3774 4189 προστάγμαο

2199 4224 2311 4272 τος,
2341 4208 2438 4278 τὴν
2469 4209 2632 4275 ἁγίαν
2659 4207 2895 4279 Χριστοῦ
2927 4208 3021 4262 τοῦ
3050 4208 3187 4261 Θεοῦ
3224 4209 3382 4280 ἡμῶν
3415 4209 3569 4261 πόλιν
3595 4210 3776 4264 κατεί-

2200 4295 2359 4369 ληφε,
2392 4302 2485 4352 καὶ
2512 4300 2789 4354 κατελθὼν
2818 4301 2899 4364 εἰς
2937 4302 3030 4354 τὸν
3055 4300 3296 4368 Σιλωὰμ,
3321 4304 3434 4365 τοῖς
3466 4302 3660 4355 τούτου
3698 4321 3775 4355 νι-

2199 4389 2440 4459 ψάμενος
2463 4390 2671 4455 ὖδασιν,
2694 4393 2896 4456 εὐθέως
2915 4392 3226 4461 ἀνέϐλεψεν.
3265 4391 3506 4445 Ἐκεῖθεν
3535 4392 3590 4445 δὲ
3613 4394 3774 4446 πάλιν

526 4510 677 4557 nem,
712 4494 778 4547 ad
805 4500 1029 4548 sanctos
1051 4507 1248 4547 rursus
1275 4490 1543 4556 occurrit,
1578 4501 1634 4545 et
1662 4489 1804 4559 apud
1837 4505 1932 4544 eos
1960 4490 2093 4544 resi-

2201 4483 2343 4554 ὁρῶν
2398 4485 2746 4553 ἀφικόμενος,
2801 4484 2959 4548 εἰδὼς
3013 4485 3108 4538 τοῦ
3137 4485 3247 4537 τῶν
3290 4485 3466 4555 ﬁt};sz
3495 4484 3669 4556 δώρου
3713 4486 3775 4540 τὸ

458 4598 463 4607 ‘
525 4588 638 4639 duo
658 4586 783 4640 vitae
805 4594 1047 4653 tempore
1070 4581 1557 4644 habitavit,donec
1578 4580 1859 4634 dormiens
1888 4580 1939 4633 in
1968 4594 2100 4648 pace

525 4677 920 4744 requiesceret,
952 4674 1197 4729 bonitate
1228 4673 1388 4727 nobis
1415 4680 1639 4727 ostensa
1664 4685 1827 4740 quam
1851 4685 1977 4737 erga
2010 4671 2101 4724 bc-

525 4764 838 4821 nefactores
874 4765 1083 4819 habere
1111 4763 1397 4818 debemus.

602 4948 669 5002 Et
696 4947 961 5002 tribunus
987 4946 1231 5018 quidem.
1261 4946 1444 5000 taliter
1505 4961 1608 5016 ope
1661 4952 1939 5017 percepta,
1998 4944 2101 5002 fide

528 5058 597 5095 ae
639 5041 1018 5096 incolumitate
1042 5040 1156 5106 jam
1181 5039 1327 5093 dicta
1360 5039 1565 5108 potitus
1590 5046 1694 5093 est.
1730 5039 1884 5094 Alius
1916 5047 2099 5093 autem

526 5132 753 5200 quidam
790 5129 1175 5184 Tabetmensis
1200 5128 1526 5194 monachus,
1559 5144 1623 5183 ex
1661 5128 1745 5183 his
1774 5130 1868 5198 qui
1894 5138 2100 5198 patrem

524 5232 588 5276 et
633 5220 856 5287 optimae
887 5220 1015 5275 vitae
1043 5219 1370 5290 magistrum
1406 5234 1662 5287 magnum
1693 5234 1754 5274 se
1800 5219 2105 5288 gloriantur

529 5313 796 5368 habuisse
829 5309 1213 5377 Pachomium,
1252 5323 1516 5381 tanquam
1548 5325 1673 5366 eum
1727 5312 1820 5378 qui
1870 5322 2104 5364 conver-

532 5404 767 5459 sationis
793 5418 987 5459 corum
1022 5403 1186 5459 fuerit
1211 5412 1424 5469 auctor,
1446 5401 1730 5472 factusque
1762 5402 1834 5457 sit
1849 5402 1930 5456 eis
1958 5401 2105 5455 scala

458 5524 463 5534 -
530 5495 968 5558 amndncens
993 5496 1061 5552 ad
1086 5496 1313 5561 caelum,
1346 5496 1546 5550 tribuni
1575 5498 1892 5563 languorem
1925 5493 2105 5548 ferens

531 5566 912 5656 aliudque
947 5588 1117 5642 venit.
1183 5587 1250 5640 Et
1279 5585 1468 5641 cadent
1505 5589 1575 5639 ab
1611 5585 1693 5639 eis
1737 5583 1925 5637 audita
1980 5583 2103 5651 jus-

536 5666 714 5741 κίοιτε,
746 5677 1263 5743 Vadediccutibus,
1320 5679 1438 5731 lava
1480 5678 1533 5731 in
1592 5677 1762 5737 Siloa,
1811 5684 1864 5728 et
1916 5676 2104 5739 vides;

530 5768 890 5841 (tetuhtorio
920 5768 1001 5822 eis
1028 5767 1226 5822 metu
1257 5767 1534 5836 respondit
1563 5784 1578 5820 :
1630 5766 1724 5820 Iiie
1754 5765 1971 5835 quidem
2001 5782 2101 5821 ιιιθν

2205 4574 2453 4644 μέγεθος,
2498 4578 2612 4638 τοῖς
2641 4575 2817 4644 ἁγίοις
2860 4576 3015 4638 αὖθις
3064 4576 3468 4646 προσέδραμεν,
3505 4580 3597 4629 καὶ
3640 4580 3771 4648 παρ’

2200 4667 2384 4727 αὐτοῖς
2404 4664 2493 4717 τὸν
2520 4665 2801 4719 ἐπίλοιπον
2816 4665 2908 4719 τοῦ
2935 4666 3048 4735 βίου
3078 4668 3268 4737 χρόνον
3297 4666 3643 4737 κατῴκησεν,
3676 4671 3774 4737 μὲ-

2201 4772 2325 4827 χρις
2361 4749 2422 4809 οὗ
2459 4755 2743 4825 κοιμηθεὶς
2770 4757 3137 4819 ἀνεπαύσατο,
3163 4759 3264 4827 τὴν
3293 4756 3507 4809 εὔνοιαν
3530 4760 3666 4828 ἡμῖν
3700 4760 3774 4811 ἐν·

2201 4849 2568 4921 δεικνύμενος,
2602 4851 2667 4920 ἢν
2709 4850 2839 4919 πρὸς
2865 4849 3156 4919 εὐεργέτας
3187 4850 3330 4919 ἔχειν
3356 4850 3667 4919 ὀφείλομεν.

2274 4941 2383 4995 Καὶ
2419 4941 2701 5011 τριῖοοῦνος
2743 4943 2839 5010 μὲν
2873 4942 3045 5004 οὕτως
3095 4941 3371 5005 ἀπώνατο,
3421 4942 3657 5006 πίστεως
3685 4945 3774 4995 καὶ

2204 5032 2423 5103 ῥώσεως
2454 5033 2552 5101 τῆς
2582 5033 2866 5103 λεχθείσης
2900 5035 3182 5104 ἐπέτυχεν.
3215 5034 3406 5097 ’Δλλος
3430 5035 3485 5087 δέ
3512 5050 3594 5097 τις
3614 5052 3775 5098 μοια-

2204 5127 2334 5195 στὴς
2362 5126 2811 5197 Ταόεννησιώτης
2841 5127 2931 5180 τὸν
2979 5128 3233 5196 πατέρων
3262 5127 3474 5195 πατέρα
3505 5129 3598 5180 καὶ
3632 5126 3773 5199 ζωῆς

2204 5218 2433 5290 ἀρίστης
2461 5219 2779 5273 διδάσκαλον
2807 5220 2897 5271 τὸν
2935 5219 3109 5288 μέγαν
3136 5219 3447 5288 αὐχούντων
3475 5220 3769 5288 Παχόμιον,

2202 5311 2276 5374 ώς
2307 5310 2409 5379 τῆς
2445 5311 2624 5365 αὐτῶν
2658 5313 2930 5376 πολιτείας
2960 5314 3278 5383 ἀρχηγέτην
3320 5312 3616 5380 γενόμενον
3637 5351 3653 5373 ,
3682 5316 3772 5366 καὶ

2204 5399 2406 5471 κλίμαξ
2444 5403 2895 5478 αὑτοίςαχεγονὼς
2936 5402 3072 5472 πρὸς
3110 5402 3340 5472 obpava
3371 5404 3479 5455 ἀπὸ
3509 5403 3612 5472 γῆ;
3642 5405 3767 5455 ἀνα-

2205 5488 2468 5562 φέρουσα,
2499 5493 2560 5546 τδ
2599 5495 2693 5546 τοῦ
2720 5494 3003 5564 τριϐούνου
3036 5496 3216 5563 φέρων
3259 5492 3600 5565 ἀρρώστημα
3639 5494 3771 5561 προς

2204 5586 2329 5648 τοὺς
2361 5588 2643 5657 μάρτυρας
2683 5585 2922 5656 ἔρχεται,
2959 5587 3052 5638 καὶ
3093 5586 3191 5655 τῆς
3230 5586 3399 5654 αὐτῆς
3432 5585 3569 5654 πρὸς
3594 5583 3771 5638 αὐτῶν

2200 5674 2444 5740 ἀκούσας
2475 5675 2797 5740 κελεύσεως,
2824 5678 3040 5745 Ὕπαγε
3063 5678 3534 5746 λεγόντων,·νίψαι
3565 5678 3645 5737 εἰς
3681 5680 3771 5730 τον

2209 5763 2429 5834 Σιλωὰμ
2477 5765 2573 5820 καὶ
2601 5766 2924 5827 ἁναῦλέπεις
2950 5810 2963 5831 ,
2995 5770 3291 5837 χαριέντως
3324 5768 3506 5830 αὐτοῖς
3547 5765 3761 5838 anzfo
