4002 6316
464 272 605 333 3ῗιῗΠ

1470 253 1572 310 SS.
1608 248 1783 310 CYRI
1813 249 1909 308 ET
1938 247 2259 309 JOANNIS
2290 244 2699 306 MIRACULA.

3586 231 3730 295 3598

467 399 595 436 νατο
624 399 636 412 ·
678 378 917 435 Ἐκεῖνος
977 372 1076 442 μὲν
1131 370 1158 422 6
1208 366 1426 436 τυφλὸς.
1482 359 1527 417 ὧ
1564 364 1847 434 μακάριοι,
1890 363 1917 414 6
1956 359 2051 413 τοῦ

2172 377 2282 422 ευς,
2341 376 2374 414 ο
2410 360 2575 421 beati,
2603 358 2695 427 qui
2723 370 2965 424 prtesens
3023 356 3352 421 prateeptum
3409 361 3437 399 tt
3497 344 3767 398 Domino,

422 524 435 533 ,
465 472 732 542 παρόντος
762 463 1186 537 προστάγματος
1203 459 1339 528 πρὸς
1364 455 1458 509 τοῦ
1488 453 1761 530 Δεσπότου
1786 451 1895 504 τῶν
1914 450 2050 503 ὅλων

467 560 797 629 πυθόμενος,
844 556 902 606 ἐν
951 547 1355 621 Ἰεροσολύμοις
1387 545 1702 614 ἐτύγχανεν.
1729 543 1824 596 καὶ
1846 541 1935 594 τὸν
1963 540 2054 592 Et-

463 654 623 721 ).toitp.
677 652 941 714 ἐκέκτητο
973 643 1212 721 γείτονα,
1236 636 1334 693 ’καὶ
1360 641 1410 692 εἰ
1460 637 1672 721 πτωχός
1702 632 2051 705 ἐγνωρζετο,

464 716 871 808 δαπανημάτων
917 737 1017 789 ούκ
1070 720 1302 806 ἔχρῃζεν
1352 729 1489 800 πρὸς
1533 728 1598 783 τὸ
1624 716 1912 796 πληρῶσαι
1957 720 2053 775 τοῦ

468 834 721 903 Σωτῆρος
771 831 869 902 τὴν
923 828 1190 896 σωτήριον
1224 822 1494 877 ἔνταλσιν.
1555 817 1699 887 Ἐγὼ
1744 818 1800 871 δὲ
1841 815 2056 885 πτωχὸς

469 929 733 996 ὑπάρχων
760 924 853 976 καὶ
880 921 1166 991 πρότερον,
1192 918 1308 972 νυνὶ
1335 917 1391 969 δὲ
1417 914 1552 967 πολὺ
1578 912 1671 966 τοῦ
1697 911 1817 964 τότε
1840 906 2052 976 πτωχό-

468 1036 645 1090 τερος,
679 1016 776 1069 καὶ
824 1014 956 1069 αὐτὸ
999 1012 1107 1083 γὰρ
1159 1011 1297 1079 ὅπερ
1339 1007 1651 1076 ἐκεκτήμην
1688 1003 1793 1072 πρὸ
1825 1000 1919 1052 τού
1945 999 2054 1050 τῶν

468 1113 734 1183 ὀμμάτων
782 1108 1112 1176 νοσήματος,
1151 1104 1232 1163 είς
1277 1099 1498 1170 ἰατροὺς
1552 1096 1911 1163 ἐδαπάνησα·
1960 1090 2055 1142 καὶ

469 1203 748 1263 τοσούτοις
795 1196 1047 1268 ἀφεστὼς
1086 1193 1181 1247 τοῦ
1216 1191 1441 1262 Σιλωὰμ
1474 1189 1827 1256 διαστήμασι.
1882 1182 2056 1243 ποίοις

471 1295 725 1348 κελεύετε
776 1292 1057 1360 χρήσομαι
1102 1284 1382 1357 χρημάσιν
1427 1281 1568 1351 πρὸς
1625 1277 1905 1332 τελείωσιν
1956 1272 2053 1325 τοῦ

472 1387 742 1459 ὑμετέρου
766 1381 1158 1450 θεσπίσματος.

542 1484 605 1535 Oi
634 1482 692 1534 δέ
723 1478 864 1532 πάνυ
906 1473 1121 1544 σεμνῶς
1161 1470 1559 1543 μειδιάσαντες,
1607 1463 1701 1518 καὶ
1727 1458 2054 1533 τερφθέντες

472 1568 637 1626 αὐτοῦ
670 1571 790 1631 ταῖς
836 1566 1027 1629 καλαῖς
1069 1562 1447 1633 ἀποκρίσεσιν,
1481 1556 1579 1610 καὶ
1608 1553 1717 1608 τῶν
1759 1549 2055 1618 ἀναλωμά-

472 1682 581 1717 των
611 1660 805 1731 ἀγαθοὶ
845 1658 1090 1727 δωτῆρες
1124 1654 1385 1723 ἐγίνοντο.
1430 1647 1656 1703 Ἀπελθε
1706 1644 1837 1715 γὰρ,
1870 1640 2055 1709 φασὶν,

2154 461 2482 506 cuuclorum
2521 448 2750 511 audivit,
2810 442 3208 514 Hierosolymis
3242 447 3381 501 erat,
3410 446 3464 490 et
3524 436 3731 489 Siloam

2156 544 2360 601 fontem
2424 543 2666 597 vicinum
2726 538 3001 598 habebat,
3054 545 3107 590 et
3170 534 3297 587 licet
3339 546 3544 598 pauper
3612 543 3736 581 esse

2158 648 2498 701 nosceretur,
2546 641 2866 702 sumptuum
2932 638 3116 683 tamen
3180 638 3286 679 noo
3331 623 3611 690 indigebat
3667 619 3739 673 ad

2155 729 2489 799 implendum
2520 724 2824 779 Salvatoris
2847 721 3087 777 salutare
3117 726 3467 787 praeceptum.
3497 712 3609 782 Ego
3642 729 3742 766 uu-

2156 832 2264 877 tem
2289 820 2383 891 qui
2417 834 2624 889 pauper
2650 817 2819 872 etiam
2851 815 3107 885 primitus
3138 826 3310 874 erant,
3339 816 3394 861 ct
3426 822 3571 861 nunc
3601 806 3740 859 mul-

2157 924 2213 968 to
2249 914 2568 984 pauperior,
2604 921 2658 964 et
2684 910 2862 978 ipsum
2913 905 3061 959 enim
3114 902 3259 973 quod
3288 910 3414 955 ante
3450 899 3739 954 oculorum

2157 1007 2476 1075 languorem
2509 1002 2794 1063 habebam,
2836 1000 2888 1051 in
2924 997 3166 1051 medicos
3201 991 3557 1060 Consumpsi;
3615 991 3741 1058 qui-

2157 1111 2264 1166 qute
2296 1103 2375 1148 tot
2404 1108 2432 1147 a
2468 1093 2614 1147 Siloa
2649 1090 2842 1161 spatiis
2877 1088 3092 1146 absum,
3126 1084 3330 1154 quibus
3370 1082 3437 1134 ad
3474 1096 3740 1133 consum-

2159 1186 2419 1240 maudum
2486 1191 2819 1256 praeceptum
2875 1192 3118 1234 vestrum
3194 1175 3402 1245 jubetis
3489 1173 3741 1244 pecuniis
3828 1221 3836 1228 .

2158 1286 2302 1337 utar.

2212 1446 2295 1516 ‘At
2327 1460 2404 1515 illi
2436 1460 2592 1514 valde
2624 1460 2850 1512 hooesle
2885 1454 3256 1514 subridentes,
3291 1459 3344 1506 et
3377 1451 3429 1503 iu
3470 1448 3617 1503 illius
3646 1448 3742 1501 bo-

2160 1556 2246 1610 nis
2302 1552 2555 1609 delectati
2610 1549 3098 1619 responsionibus,
3154 1545 3318 1601 etiam
3380 1557 3744 1611 expcnsarum

2162 1645 2382 1715 benigni
2436 1645 2658 1697 datores
2691 1640 2866 1695 eﬂ'ecti
2907 1648 3068 1704 sunt;
3128 1639 3330 1690 etenim
3373 1653 3387 1687 :
3425 1635 3615 1703 Perge,
3667 1638 3749 1684 iu-

473 1761 554 1821 είς
698 1753 1007 1825 Φρόντωνος
1035 1746 1375 1815 καλουμένην
1422 1742 1720 1795 ἀπόστασιν
1755 1734 2063 1807 (ἀποθήκην

2172 1738 2386 1807 ιμιίιιιιι.
2445 1737 2513 1789 ad
2566 1733 2844 1804 apostasin
2897 1746 3020 1801 quas
3083 1727 3422 1781 Phroutouis
3480 1734 3747 1786 vocatur,

472 1849 531 1902 δὲ
559 1825 776 1915 λέγουσι
809 1844 907 1914 τὴν
937 1840 1238 1895 ἀπόστασιν
1269 1840 1327 1891 ἐν
1360 1834 1549 1897 ἄλλαις
1582 1829 1790 1903 χώραις
1822 1829 1920 1879 καὶ
1944 1825 2057 1878 ’τό-

475 1957 598 2003 ποις
640 1939 734 1991 καὶ
754 1932 1016 2003 πόλεσιν),
1067 1931 1296 1984 κάκεῖσε
1332 1926 1531 1995 Θωμᾶν
1573 1923 1665 1975 τὸν
1706 1919 1801 1973 τοῦ
1839 1915 2061 1987 Κυμινᾶ

476 2032 572 2085 τοῦ
613 2028 911 2096 Αἰγυπτίου
964 2022 1213 2078 πιστικὸν
1247 2019 1597 2086 ἐπιζήτησον,
1628 2014 1722 2067 καὶ
1756 2012 1946 2065 τοῦτον
1970 2010 2060 2061 εύ-

476 2124 608 2197 ρὼν,
669 2121 1029 2190 Ἀὀὸάκυρος,
1072 2116 1240 2186 ἐρεῖς,
1272 2114 1366 2165 καὶ
1402 2109 1654 2178 Ἰωάννης
1694 2106 1745 2159 oi.
1785 2104 2062 2173 μάρτυρες

476 2191 614 2286 πρὸς
654 2212 713 2265 σέ
758 2229 823 2283 με
870 2207 1215 2276 πεπόμφασι,
1250 2202 1343 2257 καὶ
1385 2199 1587 2272 χρυσὸν
1623 2198 1720 2249 ἕνα
1757 2211 1846 2264 μοι
1880 2191 2061 2246 δοῦναι

475 2282 845 2369 θεσπίζουσιν,
879 2300 947 2352 ἵν’
980 2297 1126 2368 εὕρω
1157 2293 1405 2350 δαπάνας
1446 2286 1801 2356 ποιήσασθαι,
1841 2282 2061 2353 ἐπειδή-

477 2415 585 2467 περ
618 2397 699 2458 είς
723 2393 822 2463 τὴν
851 2390 1015 2460 ἁγίαν
1067 2404 1134 2458 με
1171 2385 1332 2438 πόλιν
1360 2380 1708 2435 ἀπέστειλαν.
1737 2376 1849 2429 Καὶ
1880 2374 2057 2428 ταῦτα’

481 2464 580 2558 μὲν
609 2485 891 2554 εἰρηκότες
919 2479 1160 2550 ἀπῆλθον
1205 2477 1254 2530 οἱ
1282 2475 1453 2542 ἀγιοι.
1514 2470 1600 2533 Ὧς
1631 2469 1686 2521 δὲ
1741 2465 1860 2537 μεθ’
1890 2464 2059 2519 ὕπνον

476 2554 578 2648 τὴν
605 2575 763 2629 πόλιν
804 2570 1102 2627 κατέλαϐεν
1155 2566 1251 2621 καί
1280 2563 1381 2635 τὴν
1412 2560 1713 2617 ἀπόστασιν
1761 2554 1941 2626 εὑρὼν
1966 2554 2062 2606 καὶ

477 2644 572 2722 τόν
617 2665 928 2735 ἄνθρωπον,
976 2662 1086 2715 τῶν
1130 2652 1488 2728 ἀγίωνίεῖπεν
1517 2650 1613 2721 τὴν
1641 2648 1887 2703 κέλευσιν
1915 2661 1931 2676 ο
1967 2644 2062 2698 καὶ

478 2757 662 2813 λαϐὼν
685 2757 887 2818 εὐθέως
899 2757 961 2807 τὸ
981 2754 1224 2822 νόμισμα
1267 2744 1586 2820 (προθύμως
1616 2742 1725 2813 γὰρ
1745 2739 1843 2793 καὶ
1860 2738 2063 2807 Θωμᾶς

478 2853 543 2905 τὸ
593 2848 927 2922 μαρτυρικδν
951 2846 1269 2915 προσήκατο
1315 2835 1641 2904 θέσπισμα),
1685 2834 1764 2894 εἰς
1800 2831 1929 2890 τοὺς
1967 2825 2062 2879 τοῦ

484 2920 721 3011 Χριστοῦ
753 2939 950 3000 τόπους
981 2935 1298 3005 ἀπέρχεται,
1329 2929 1424 2982 καὶ
1462 2927 1519 2979 ἐν
1540 2924 1617 2992 τῷ
1645 2920 1870 2990 Σιλωὰμ
1899 2934 2065 2971 σπου-

2165 1833 2446 1903 (horreutn
2481 1836 2663 1881 autem
2701 1825 2896 1879 dicunt
2945 1821 3227 1893 apostasiu
3255 1820 3307 1872 in
3342 1806 3464 1872 aliis
3516 1817 3749 1885 regioni-

2164 1923 2294 1989 bus,
2326 1922 2461 1976 locis
2504 1929 2558 1974 et
2609 1916 2881 1986 urbibus),
2917 1926 2971 1970 et
3026 1915 3138 1969 illte
3191 1911 3455 1965 Thomam
3506 1909 3751 1979 Cyntinia:

2165 2013 2406 2086 Egyptii
2438 2020 2711 2082 proretam
2740 2010 2992 2077 inquire;
3023 2015 3078 2061 et
3127 2006 3231 2059 hoc
3265 1998 3510 2066 invento,
3566 2001 3751 2054 Abba-

2164 2120 2349 2177 cyrus,
2381 2104 2556 2163 diees,
2588 2110 2641 2155 et
2689 2100 2927 2155 Joannes
2956 2106 3228 2168 martyres
3265 2094 3335 2149 ad
3370 2103 3421 2148 te
3454 2109 3539 2146 me
3580 2091 3750 2145 mise-

2167 2205 2316 2263 ruut,
2348 2205 2403 2251 et
2444 2211 2671 2249 aureum
2698 2208 2867 2247 unum
2925 2190 3057 2244 mihi
3106 2189 3226 2243 dari
3279 2186 3630 2259 praecipiunt,
3689 2193 3750 2237 ut

2165 2289 2441 2344 inveniam
2504 2301 2776 2357 expensas
2832 2285 3033 2348 facere,
3086 2281 3349 2352 quoniam
3395 2279 3462 2333 ad
3501 2285 3746 2333 sanctam

2165 2395 2252 2435 me
2279 2379 2555 2433 civitatem
2586 2379 2877 2430 miserunt.
2925 2373 2991 2426 Et
3025 2372 3113 2427 his
3152 2370 3374 2442 quidem
3407 2368 3575 2423 dictis
3619 2382 3751 2422 sau-
3835 2380 3839 2384 ’

2164 2475 2235 2527 eti
2269 2471 2545 2526 abierunt.
2582 2468 2676 2522 Ille
2708 2482 2839 2521 vero
2866 2474 2989 2536 post
3031 2478 3311 2525 somnum,
3357 2463 3426 2516 ad
3467 2462 3748 2515 civitatem

2166 2563 2415 2625 veniens,
2469 2575 2595 2616 cum
2647 2558 2925 2629 apostasiu
2968 2563 3024 2611 et
3082 2556 3356 2611 hominem
3425 2553 3749 2616 invenisset,

2164 2661 2482 2710 sanctorum
2539 2651 2845 2721 jussiouem
2898 2646 3090 2709 edixit,
3163 2656 3218 2700 et
3269 2655 3497 2714 accepto
3561 2645 3746 2697 statim

2167 2746 2526 2811 numismate,
2563 2742 2823 2796 alacriter
2850 2741 2997 2794 enim
3025 2747 3079 2793 et
3106 2735 3349 2791 Thomas
3394 2736 3747 2807 martyricatu

2166 2837 2509 2892 sanctionem
2542 2835 2777 2904 accepit,
2805 2832 2873 2886 ad
2905 2840 3097 2886 sancta
3135 2827 3340 2883 Christi
3382 2828 3499 2882 loca
3529 2841 3754 2897 progre-

2166 2930 2336 2992 ditur,
2366 2939 2420 2982 et
2451 2927 2517 2981 ad
2553 2926 2757 2980 Siloam
2792 2923 3041 2986 veniens,
3096 2920 3262 2991 hujus
3321 2919 3517 2973 rivulis
3575 2919 3748 2973 facies

482 3010 646 3100 δαίως
666 3033 980 3105 γενόμενος,
1007 3031 1119 3091 τοῖς
1141 3026 1331 3081 τούτου
1360 3023 1595 3095 ῥείθροις
1624 3018 1721 3080 τὰς
1750 3017 1900 3085 δψεις
1933 3016 2065 3067 ἀπο-

2172 3021 2317 3074 Iavit.
2351 3018 2417 3072 Et
2453 3027 2576 3088 post
2608 3019 2756 3073 illam
2790 3015 3118 3086 lavationem
3151 3027 3274 3066 mox
3321 3012 3448 3066 lotis
3479 3010 3749 3073 faciebus,

487 3127 847 3199 ματτόμενος,
891 3125 989 3177 σὺν
1027 3121 1148 3183 ταῖς
1186 3117 1365 3190 ῥανίσι
1401 3113 1498 3168 τοῦ
1533 3112 1773 3180 νάματος
1824 3107 1920 3158 καὶ
1953 3104 2064 3158 τῶν

483 3198 777 3290 όφθαλμῶν
807 3216 905 3288 τὴν
953 3214 1122 3285 ἀχλὺν
1155 3209 1497 3280 ἀπεμάξατο.
1536 3200 1831 3272 Ἐγνώρισε
1862 3198 1972 3270 γὰρ
2004 3198 2065 3250 τὸ

485 3312 631 3382 ὕδωρ
664 3311 725 3363 τὸ
746 3310 1077 3379 πρόσταγμα
1105 3303 1344 3363 καὶτοὺς
1376 3296 1700 3368 πέμψαντας
1746 3293 2027 3364 μάρτυρας
2048 3331 2064 3355 ,

482 3404 706 3466 δούλους
742 3402 906 3463 ὄντας
934 3395 1174 3469 Χριστοῦ
1215 3395 1309 3447 καὶ
1345 3392 1685 3462 θεράποντας
1717 3385 1809 3439 τοῦ
1839 3386 1945 3455 πρὸ
1971 3384 2066 3438 αύ-

483 3494 596 3548 τῶν
619 3495 710 3548 τὸν
735 3488 935 3563 τυφλὸν
964 3487 1404 3547 ἀποστείλαντος.
1437 3482 1528 3536 Διδ
1553 3481 1647 3533 καὶ
1672 3479 1867 3532 θᾶττον
1889 3475 2068 3529 αὐτῶν

490 3587 714 3657 πληρῶν
736 3586 805 3639 τὰ
825 3582 1196 3652 κελεύσματα,
1230 3580 1326 3632 σὺν
1352 3576 1428 3646 τῷ
1447 3572 1717 3643 τριϐούνῳ
1746 3571 1843 3625 καὶ
1879 3567 2069 3621 τοῦτον

489 3679 845 3749 ἀντέπεμψεν
885 3677 1170 3747 βλέποντα,
1213 3672 1400 3742 ὥσπερ
1432 3669 1525 3723 καὶ
1553 3669 1676 3720 τότε
1706 3664 1908 3732 τυφλὸν
1935 3663 2070 3733 πρὸς

489 3772 581 3826 τὸν
623 3771 786 3823 αὑτὸν
835 3768 1103 3836 δεσπότην
1142 3759 1483 3818 ἀπέστειλεν.
1530 3757 1723 3827 Ἡμεῖς
1766 3753 1823 3806 δέ
1857 3752 2072 3813 τούτοις

489 3868 603 3928 τοῖς
634 3864 763 3932 περὶ
788 3861 896 3916 τῶν
930 3857 1190 3913 ίαθέντων
1213 3854 1308 3910 δύο
1329 3850 1550 3920 τυφλῶν
1572 3847 1843 3919 λεχθεῖσιν
1871 3842 2072 3915 ἀρκού-

496 3975 673 4031 μενοι,
697 3956 826 4018 τοὺς
852 3954 1042 4023 ἁγίους
1076 3951 1171 4005 καὶ⁵
1205 3948 1301 4002 νῦν
1332 3944 1772 4014 εὐφημήσαντες,
1808 3937 1945 3993 ἀλλα
1975 3951 2076 4006 κη-

497 4050 711 4122 ρύττειν
739 4045 919 4101 αὐτῶν
950 4040 1336 4111 σπουδάσωμεν
1357 4035 1634 4107 θαύματα.

494 4162 626 4218 SIZ'.
649 4160 789 4228 Περὶ
813 4156 1128 4226 Πατρικιου
1147 4155 1216 4209 ἐν
1239 4152 1364 4228 τρῖς
1393 4147 1722 4219 ὀφθαλμοῖς
1740 4145 2076 4213 ἐσχήκοτος

1094 4223 1466 4292 λευκώματα.

565 4326 668 4379 Τὸν
706 4320 1091 4395 Πηλουσιώτην
1118 4316 1412 4388 ιιατρίκιον
1442 4312 1676 4383 συνάψαι
1722 4311 1835 4371 τοῖς
1874 4305 2073 4371 προλα-

2169 3130 2276 3169 uua
2301 3127 2426 3167 ettm
2456 3112 2632 3183 guttis
2665 3109 2984 3168 ﬂuentibus,
3033 3106 3320 3160 oculorum
3350 3103 3516 3159 etiam
3541 3103 3755 3158 caecita-

2170 3216 2276 3262 tem
2295 3207 2554 3261 detersit:
2574 3205 2795 3274 agnovit
2815 3201 2961 3258 euitn
2988 3214 3127 3271 aqua
3151 3209 3506 3271 pra‘ceptum,
3530 3205 3582 3251 et
3608 3195 3756 3267 quod

2171 3308 2466 3371 martyres,
2502 3299 2595 3371 qui
2652 3297 2718 3350 ad
2753 3312 2812 3350 se
2864 3295 3296 3354 destinaverant,
3357 3291 3502 3345 servi
3550 3290 3754 3344 Christi

2169 3404 2355 3448 essent
2405 3399 2458 3443 et
2508 3388 2699 3443 famuli
2750 3387 2892 3456 ejus,
2928 3387 3022 3455 qui
3070 3393 3200 3438 ante
3254 3383 3376 3436 illos
3418 3398 3623 3437 caecum
3669 3382 3758 3437 di-

2171 3494 2403 3540 rexerat.
2439 3482 2505 3535 Et
2535 3480 2745 3535 idcirco
2779 3479 3050 3533 maturius
3074 3490 3263 3530 eorum
3301 3476 3586 3543 praeceptis
3607 3489 3760 3527 com-

2173 3575 2353 3646 pletis,
2382 3587 2488 3626 una
2540 3584 2665 3623 cum
2703 3568 3033 3630 tribuum-et
3080 3564 3228 3618 hunc
3279 3577 3501 3632 quoque
3547 3563 3761 3617 remisit

2173 3666 2468 3727 videntem,
2522 3662 2666 3717 sicut
2732 3659 2894 3714 etiam
2957 3666 3090 3709 tunc
3142 3669 3349 3708 caecum
3396 3653 3464 3707 ad
3515 3654 3757 3723 ipsorum

2174 3755 2822 3815 retnisitdominatorem.
2847 3750 3019 3805 Porro
3043 3762 3142 3802 nos
3167 3747 3273 3809 his,
3306 3760 3429 3817 quae
3452 3746 3520 3798 de
3541 3745 3758 3800 duobus

2172 3852 2319 3905 dicta
2370 3856 2499 3905 sunt
2544 3846 2706 3902 czecis
2747 3846 2978 3906 sanatis,
3026 3838 3292 3901 contenti,
3349 3837 3559 3893 sanctis
3612 3853 3759 3892 nunc

2173 3945 2339 3999 etiam
2366 3939 2714 4004 collaudatis,
2733 3938 2836 3991 alia
2859 3937 3103 4006 ipsorum
3128 3931 3425 4004 prmdicare
3445 3942 3760 4001 satagemus

2176 4035 2463 4087 miracula.

2233 4144 2438 4201 XLVII.
2481 4146 2555 4200 De
2590 4131 2824 4198 Patricio
2858 4140 3128 4210 albugine;
3168 4139 3219 4192 in
3261 4139 3428 4192 oculis
3469 4136 3710 4191 habente.

2248 4310 2604 4380 Consequens
2660 4317 2743 4362 est
2801 4317 2861 4360 ut
2915 4304 3225 4361 Pelusioteu
3281 4301 3577 4356 Patricium
3630 4315 3759 4355 cum

500 4416 687 4470 δοῦσιν
722 4412 1033 4469 ἀκόλουθον.
1070 4410 1132 4462 Εἰ
1162 4408 1270 4478 γὰρ
1311 4406 1421 4459 τῶν
1447 4404 1711 4475 ὀμμάτων
1745 4399 1873 4455 ἄλλο
1900 4398 1961 4452 τὸ
1985 4396 2065 4450 νό⁴

2182 4402 2612 4475 prtem-dentibus
2632 4408 3013 4454 auuectamus.
3031 4395 3165 4451 Nam
3190 4404 3245 4451 et
3273 4396 3319 4451 si
3354 4396 3494 4450 alius
3515 4401 3603 4449 est
3628 4409 3763 4448 ocu-

499 4524 670 4580 σημα,
703 4509 798 4561 καὶ
833 4507 933 4573 τῆς
982 4503 1177 4562 ἰάσεως
1210 4497 1464 4569 ῥτρόπος
1502 4492 1845 4560 καθέστηκεν
1869 4489 2075 4557 ἕτερος,

497 4602 614 4656 ἀλλ’
646 4600 703 4653 ἓν
736 4595 1062 4668 ἀμφοτέρων
1087 4594 1148 4647 τὸ
1183 4589 1348 4651 τέλος
1373 4588 1694 4657 γεγένηται,
1727 4583 1818 4636 καὶ
1844 4580 1956 4634 τῶν
1988 4595 2076 4632 νο-

502 4695 761 4766 σημάτων
798 4693 830 4761 ή
861 4687 1156 4757 τύφλωσις,
1197 4685 1292 4739 καὶ
1315 4681 1421 4736 τῶν
1458 4677 1765 4749 θεραπειῶν
1788 4676 1822 4746 ἡ
1848 4672 2078 4727 ἀνάϐλε-

496 4787 609 4857 ψις.
646 4783 856 4838 Οὐκοῦν
891 4779 1136 4848 εἴπωμεν
1169 4776 1262 4831 καὶ
1292 4774 1456 4827 αὑτοῦ
1487 4772 1547 4825 τὸ
1580 4767 1954 4842 ἀρρώστημα,
1985 4763 2080 4816 καὶ

496 4877 594 4932 τοῦ
629 4875 1064 4948 ἀρῤωστήματος
1092 4869 1191 4941 τὴν
1226 4870 1368 4920 ἴασιν
1399 4864 1472 4934 μὴ
1498 4863 1843 4933 χωρίσωμεν.
1873 4857 2079 4926 Πηλου-

500 4944 716 5035 σιὼτης⁷
761 4961 828 5037 ἦν
870 4964 898 5014 6
930 4960 1247 5030 Πατρίκιος,
1304 4955 1400 5011 καὶ
1441 4954 1623 5016 δοῦλος
1662 4948 1957 5018 ἐτύγχανεν
1983 4944 2077 4998 τοῦ

498 5061 602 5132 Ιἰὴν
641 5057 972 5128 Ἐκκλησίαν
993 5052 1091 5124 τὴν
1114 5055 1292 5105 ἐκεῖσε
1322 5046 1703 5116 ποιμαίνοντος
1732 5057 1747 5072 ⁸
1779 5043 1873 5094 καὶ
1899 5037 2079 5092 πεσὼν

500 5153 582 5214 εἰς
635 5142 899 5220 ὀμμάτων
932 5144 1239 5208 ἀσθένειαν,
1283 5142 1342 5192 ἐν
1383 5137 1557 5207 ταύτῃ
1599 5139 1661 5189 το
1707 5134 1830 5186 καθ’
1865 5132 2080 5203 ἡμέραν

502 5245 828 5310 προέκοπτε,
878 5236 939 5292 οὐ
966 5239 1080 5299 τοῖς
1126 5231 1435 5304 ἔμπροσθεν
1481 5226 1953 5295 ἐπεκτεινόμενος,
1986 5224 2082 5277 καὶ

497 5334 609 5387 τῶν
632 5331 856 5384 ὄπισθεν
888 5325 1377 5395 ἐπιλανθανόμενος
1408 5341 1421 5353 ·
1450 5319 1487 5392 ἢ
1520 5318 1630 5391 γὰρ
1659 5317 1723 5371 ἂν
1746 5315 1986 5388 ζηλωτὸς
2011 5310 2080 5385 ἦν

495 5426 577 5496 τῷ
606 5422 845 5497 περιττῷ
886 5420 985 5490 τῆς
1019 5418 1261 5489 ὁράσεως
1286 5433 1299 5446 ο
1333 5414 1470 5468 ἀ).λᾶ
1504 5413 1614 5466 τῶν
1648 5411 1747 5482 μὲν
1767 5408 2081 5480 ἔμπροσθεν

498 5514 991 5581 ἐπιλανθανόμενος
1013 5550 1035 5575 ι
1068 5511 1178 5570 τοῖς
1221 5507 1277 5559 δὲ
1315 5505 1540 5559 ὄπισθεν
1582 5494 2030 5569 ἐπεκτεινόμενος
2063 5515 2081 5529 ο

496 5609 642 5661 οὔτω
668 5602 968 5673 γὰράὺτὸν
994 5599 1196 5669 εὐφυὴς
1226 5596 1410 5667 ἰατρὸς
1444 5595 1830 5667 ἐθεράπευσεν.
1862 5592 1993 5655 Ταῖς
2023 5589 2080 5643 δὲ

500 5704 615 5757 κατ’
652 5698 831 5764 ἐλίγον
866 5696 1168 5765 προκοπαῑς
1200 5691 1371 5744 ἐλθὼν
1397 5689 1532 5761 πρὸς
1552 5689 1612 5742 τὸ
1640 5688 1868 5752 τέλειον,
1901 5684 2070 5739 πολλὰ

2184 4500 2357 4553 lorum
2400 4498 2631 4566 languor
2657 4502 2713 4549 et
2745 4492 3000 4548 sanitatis
3035 4491 3251 4555 modus,
3289 4503 3430 4544 unus
3466 4495 3646 4544 tamen
3678 4498 3764 4542 est

2182 4591 2236 4645 iu
2273 4600 2504 4660 utroque
2531 4588 2655 4641 iiuis
2682 4586 2928 4649 eﬂ'ectus,
2958 4584 3243 4639 oculorum
3288 4583 3505 4637 scilicet
3542 4580 3762 4637 accitas

2180 4692 2234 4735 et
2266 4681 2465 4747 recepti
2484 4680 2636 4734 visus
2656 4679 2886 4732 curatio.
2904 4674 3047 4745 Ergo
3063 4683 3117 4731 et
3146 4675 3460 4743 languorem
3487 4672 3760 4735 dicamus,

2180 4786 2235 4828 et
2280 4772 2564 4842 languoris
2610 4771 2905 4825 sanitatem
2940 4782 3050 4822 non
3085 4766 3419 4821 dividamus.
3451 4763 3763 4819 Pelusiotcs

2180 4874 2300 4919 erat
2336 4863 2635 4927 Patricius,
2669 4869 2723 4916 et
2751 4876 2946 4915 servus
2983 4859 3124 4926 ejus,
3157 4859 3252 4928 qui
3299 4856 3500 4912 ibidem
3551 4856 3762 4912 consti-

2182 4966 2355 5012 tutam
2389 4956 2611 5026 regebat
2630 4953 2951 5014 Ecclesiant,
2965 4959 3019 5007 et
3036 4951 3092 5005 iu
3122 4950 3492 5006 inﬁrmitatem
3513 4948 3763 5004 incidens

2181 5052 2489 5114 oculorum,
2512 5047 2566 5101 in
2596 5049 2698 5101 hac
2725 5045 2791 5099 tle
2814 5044 2902 5098 die
2939 5044 2993 5098 in
3022 5042 3164 5097 diem
3197 5040 3539 5112 proﬁciebat.
3576 5054 3682 5095 non
3709 5041 3763 5094 iu

2182 5153 2245 5191 ea
2273 5151 2394 5207 quae
2416 5144 2542 5189 ante
2562 5143 2693 5189 sunt
2714 5150 2771 5187 se
2800 5134 3127 5196 extendens,
3157 5141 3210 5187 et
3233 5145 3423 5186 eorum
3455 5147 3578 5202 qua:
3612 5139 3764 5187 ret-0

2184 5241 2309 5285 sunt
2336 5229 2700 5291 obliviscens;
2723 5228 2868 5298 quod
2888 5227 2932 5283 si
2953 5226 3232 5297 gessisset,
3256 5224 3549 5281 laudabilis
3570 5228 3763 5295 procul

2183 5325 2346 5378 dubio
2373 5330 2519 5379 esset
2541 5319 2879 5377 abundantia
2911 5321 3099 5388 visus;
3136 5318 3232 5373 sed
3263 5332 3452 5373 eorum
3481 5334 3605 5388 qua:
3637 5329 3765 5375 ante

2183 5414 2409 5478 oblitus,
2450 5418 2507 5483 et
2552 5410 2614 5464 in
2662 5424 2726 5463 ea
2765 5422 2887 5478 quae
2933 5415 3079 5462 retro
3129 5406 3443 5463 consistunt
3477 5416 3760 5473 extensus,

2183 5504 2326 5560 sicut
2357 5490 2578 5574 quidam
2618 5499 2938 5569 ingeniosus
2961 5496 3207 5554 medicus
3233 5498 3553 5554 medebatur
3592 5497 3764 5558 Porro

2184 5606 2307 5647 cum
2352 5589 2420 5645 ad
2475 5587 2868 5660 perfectionem
2915 5587 3254 5656 pervenisset
3299 5587 3558 5657 paulatim
3594 5585 3762 5659 proﬂ-

2183 5682 2356 5751 cicns,
2384 5678 2736 5735 multividens
2764 5677 3079 5746 dicebatur;
3120 5679 3201 5733 sic
3238 5680 3383 5735 enim
3416 5676 3764 5736 laudabiliter
