3930 6316
343 249 480 311 3599

1279 249 1341 308 S.
1373 247 1785 308 SOPHRONH
1832 239 2337 303 ΡΑΤΒΙΛΒΟΗίΕ
2381 238 2786 298 HIEROSDL.

3462 231 3608 292 3601i

342 372 518 415 caecos
545 357 829 412 nominare
866 357 1081 422 solent;
1134 356 1244 426 jam
1294 358 1421 411 non'
1445 357 1684 412 laborem
1722 373 1908 426 quem-
1946 400 1952 412 ι

2045 350 2232 402 ὶλέπων
2277 348 2529 416 ἐλέγετο·
2567 348 2710 399 οὓτω
2751 346 2859 415 γὰρ
2906 345 3166 413 εὐφήμως
3214 342 3340 406 τοὺς
3371 343 3614 410 τυφλοὺς

343 451 472 506 libet
524 459 788 520 praestans
838 449 884 502 ei
942 448 1035 518 qui
1094 457 1255 503 antea
1296 449 1614 503 medebatur
1659 467 1672 503 :
1720 450 1919 504 etenim

340 543 626 612 albugines
660 542 712 595 in
751 541 1018 595 ambobus
1052 541 1228 595 oculis
1272 540 1511 604 habens,
1538 540 1829 609 pessimam
1854 540 1920 592 li-

342 636 606 691 bertatem
666 633 899 713 accepit,
965 634 1033 687 ob
1083 647 1245 703 quam
1313 632 1543 687 ulterius
1585 631 1924 700 Asclepiadis

342 725 567 779 minime
587 722 926 778 subdehatur
946 741 962 789 ;
986 724 1080 778 sed
1106 724 1337 777 habebat
1367 726 1665 779 cazcitatem
1699 725 1927 795 inexpu-

341 812 613 882 gnabilem
645 810 947 875 dominam,
979 826 1100 880 quae
1133 826 1192 865 se
1225 812 1382 880 quasi
1415 826 1677 865 mucrone
1703 820 1920 880 captum

341 920 369 958 a
394 903 624 959 medicis
643 903 994 971 subripuerat
1017 921 1033 957 :
1060 914 1250 957 contra
1277 918 1439 972 quam
1464 902 1574 971 jam
1599 916 1921 973 repugnare,

340 1004 394 1052 et
416 996 484 1050 ab
510 1011 571 1050 ca
591 999 866 1065 captivum
897 995 1163 1065 recipere,
1193 996 1452 1048 omnibus
1469 1002 1585 1047 erat
1611 994 1923 1065 numinibus

343 1086 707 1157 impossibile,
738 1085 841 1141 soli
872 1098 1052 1140 autem
1084 1085 1191 1138 Deo
1226 1085 1507 1154 possibile,
1531 1091 1583 1137 et
1610 1084 1693 1137 his
1723 1084 1924 1153 quibus

343 1182 498 1233 abeo
523 1179 697 1249 gratia
728 1179 1027 1233 sanitatum
1058 1177 1342 1237 tribuitur,
1364 1176 1628 1245 apostolis
1650 1176 1923 1242 videlicet,

337 1266 522 1333 justis,
552 1263 855 1335 prophetis.
885 1275 938 1318 et
983 1264 1349 1334 martyribus,
1382 1264 1474 1332 qui
1518 1264 1924 1333 irreprehensi-

340 1354 524 1408 biliter
555 1353 832 1417 vixerunt,
863 1352 1143 1420 Deumque
1182 1351 1343 1405 bonis
1390 1352 1646 1421 Operihus
1675 1351 1925 1419 placave-

341 1448 499 1507 runt;
551 1450 605 1493 et
653 1439 863 1493 idcirco
927 1439 1080 1492 illum
1142 1439 1399 1492 oniuibus
1452 1453 1573 1509 quae
1631 1437 1921 1501 voluerint,

342 1533 545 1587 habent
575 1534 973 1587 exauditorem.

414 1627 558 1679 lmos
610 1636 790 1679 autem
838 1640 903 1678 ex
953 1625 1055 1677 hac
1107 1625 1260 1679 beata
1320 1632 1373 1677 et
1412 1622 1649 1694 gloriosa
1705 1631 1925 1676 caterva

339 1718 540 1791 Cyrum
590 1720 754 1771 etiam
817 1726 873 1772 et
912 1716 1207 1782 Joannem,
1247 1716 1519 1770 Patricius
1553 1731 1677 1770 esse
1715 1716 1919 1777 sciens,
1963 1702 2005 1755 Β

340 1817 395 1864 et
422 1824 580 1878 posse
605 1823 663 1862 se.
704 1808 772 1862 ab
801 1822 987 1861 amara
1021 1808 1111 1859 illa
1144 1806 1364 1860 domina
1399 1807 1653 1871 liberare,
1682 1813 1735 1860 et
1762 1806 1925 1860 liber-

339 1911 507 1955 tatem
554 1901 759 1955 donare
800 1916 964 1971 quam
1000 1901 1338 1953 medicorum
1369 1900 1619 1953 amittere
1653 1897 1779 1951 fecit
1808 1897 1924 1965 opi-

342 1996 552 2059 tnlatio,
585 1994 651 2047 ad
683 1994 806 2047 illos
838 2009 962 2048 cum
1002 1994 1105 2046 lide
1138 1993 1306 2053 venit,
1341 2006 1447 2059 qua
1487 1991 1690 2059 liquido
1721 1991 1927 2043 sciebat

343 2102 502 2155 posse
534 2084 752 2140 ﬂectere
788 2092 1077 2154 martyres.
1109 2083 1176 2136 At
1221 2082 1297 2135 illi
1338 2082 1469 2136 huic
1511 2096 1608 2151 per
1651 2080 1924 2135 somnium

323 2160 548 2245 astant,
571 2188 623 2233 et
645 2181 861 2232 modum
888 2177 1142 2231 sanitatis
1173 2177 1503 2230 anuuntiaut
1533 2193 1546 2229 :
1577 2175 1629 2228 in
1669 2175 1924 2228 balneum

341 2271 543 2339 quippe
575 2268 783 2337 ingredi
817 2266 1030 2334 iubent,
1084 2274 1136 2319 et
1179 2266 1347 2320 facies
1406 2265 1593 2319 colore
1655 2263 1834 2329 linire,
1875 2269 1929 2316 ct.

280 2352 283 2359 ’
343 2379 437 2431 μοι’
489 2363 636 2414 hunc
686 2359 861 2413 visum
906 2358 1175 2427 recipere,
1218 2356 1380 2425 cujus
1430 2353 1667 2408 maxima
1716 2369 1839 2421 pars
1872 2360 1931 2405 ttt

342 2457 498 2508 aiunt
546 2453 667 2506 calx
722 2460 828 2515 est,
866 2456 1189 2520 priusquam
1247 2448 1504 2502 laticihus
1555 2447 1929 2515 irrigaretur:

344 2545 651 2599 iucensoria
708 2558 839 2598 vero
877 2550 959 2596 est
1011 2541 1128 2594 haae
1182 2539 1406 2608 oppido,
1446 2544 1499 2593 et
1541 2552 1732 2607 parum
1777 2535 1935 2588 valde

342 2637 601 2692 concedit
647 2635 782 2702 igni,
847 2641 908 2687 ut
959 2634 1195 2686 humana
1233 2644 1463 2696 corpora
1515 2628 1689 2697 magis
1718 2636 1932 2684 exurat.

348 2732 441 2785 Ille
465 2744 594 2784 vero
621 2727 753 2780 nihil
779 2725 844 2777 ad
877 2733 1193 2779 sanctorum
1224 2729 1498 2791 praecepta
1530 2730 1844 2781 cunctatus,
1869 2716 1937 2772 ad

355 2820 609 2872 balneum
644 2812 1036 2884 proﬁciscitur,
1071 2822 1122 2863 et
1155 2811 1363 2864 cursim
1411 2810 1596 2880 specie
1641 2809 1754 2878 jam
1791 2807 1937 2861 dicta

349 2913 562 2973 linitur,
583 2920 634 2964 et
660 2923 784 2963 cum
812 2906 1103 2961 mansissvt
1128 2914 1251 2975 post
1284 2904 1596 2958 unctionem
1621 2917 1939 2972 parumper,

264 3010 270 3018 ‘
348 3014 404 3058 ut
466 3008 873 3057 consueverunt
930 2999 1110 3054 facere
1171 2998 1262 3068 qui
1326 2996 1571 3066 collyriis
1623 3012 1652 3048 a
1708 2994 1935 3049 medicis

349 3101 710 3166 intinguntur,
746 3092 949 3162 apertis
1000 3092 1200 3156 oculis,
1245 3104 1593 3161 compressos
1645 3088 1790 3143 enim
1833 3088 1933 3143 hos

351 3189 607 3250 habebat.
641 3188 800 3252 sedit,
833 3196 883 3241 et
926 3195 1151 3256 repente
1181 3186 1357 3240 visum
1394 3184 1626 3255 adeptus
1659 3190 1763 3246 est,
1785 3199 1937 3239 more

352 3285 712 3353 lacrymarum
733 3279 1012 3350 deponens
1031 3279 1313 3349 albugincs
1331 3294 1343 3339 ;
1364 3286 1417 3333 et
1440 3278 1543 3332 hoc
1567 3277 1729 3330 modo
1755 3278 1935 3330 lumen

351 3375 511 3428 sicuti
532 3360 682 3442 prius
697 3373 1100 3441 contemplatus
1118 3378 1222 3438 est,
1240 3370 1494 3440 quodque
1514 3369 1759 3439 proiecto
1777 3369 1939 3439 colly-

352 3470 448 3524 riis
467 3468 801 3522 medicorum
829 3467 1105 3519 amiserat.
1122 3466 1251 3519 Erat
1276 3471 1456 3518 autem
1481 3463 1816 3532 inopinatmn
1837 3462 1939 3518 mi-

351 3562 624 3627 raculum,
660 3559 863 3630 quippe
901 3575 1025 3613 cum
1062 3561 1224 3615 etiam
1260 3557 1477 3619 videns,
1505 3557 1757 3610 balneum
1789 3555 1939 3610 exire

352 3669 459 3707 non
498 3660 716 3718 nosset;
749 3668 875 3707 nam
908 3661 963 3705 et
1005 3666 1110 3718 qua
1139 3651 1438 3704 intraverat
1472 3647 1787 3713 nesciebat;
1843 3644 1936 3700 sed

351 3744 543 3814 egebat
580 3743 742 3797 etiam
777 3752 908 3797 tunc
948 3741 1196 3805 ductore,
1237 3755 1360 3793 cum
1403 3739 1520 3808 ipse
1555 3737 1770 3791 acutius
1806 3736 1939 3790 duc-

353 3848 470 3893 tore
495 3836 724 3890 videret.
748 3836 824 3890 Er
857 3836 958 3890 hoc
991 3837 1135 3891 enim
1162 3834 1227 3888 ad
1260 3836 1524 3905 templum
1560 3847 1813 3894 currens,
1843 3845 1938 3884 eos
1980 3894 1983 3895 ν

353 3926 445 3994 qui
485 3924 740 3978 videbant
774 3925 826 3977 in
868 3922 1286 3978 admirationem
1333 3922 1597 3979 vertebat,
1630 3928 1684 3975 et
1718 3919 1783 3973 ad
1813 3934 1941 3973 san-

354 4022 569 4068 ciorum
600 4013 756 4068 bona:
788 4011 943 4066 fama!
970 4013 1242 4082 praeconia
1269 4012 1733 4081 erigebat.Sanus
1756 4018 1937 4063 autem

353 4112 408 4161 ct
444 4104 561 4172 ipse
608 4103 809 4168 factus,
857 4102 1191 4173 martyribus
1226 4101 1318 4170 qui
1364 4109 1694 4157 sanaverant
1732 4101 1941 4155 collauo

358 4196 526 4259 datis,
571 4193 855 4249 Pelusium
903 4193 1207 4262 repedavit.
1237 4194 1305 4248 ΕΙ.
1336 4208 1437 4247 nos
1468 4207 1688 4263 quoque
1720 4192 1939 4264 hymnis

357 4303 452 4341 eos
485 4297 839 4352 coronantes,
872 4285 1103 4339 aliorum
1142 4284 1251 4340 illis
1292 4287 1619 4355 hymnorum
1673 4283 1935 4347 fomitem,

359 4378 584 4432 alterius
624 4377 872 4431 miraculi
909 4377 1172 4446 scriptum
1206 4376 1514 4431 inferimus.

469 4672 707 4728 XLVIII.
770 4672 844 4727 De
896 4674 1122 4727 Antonio
1166 4624 1386 4728 Tlieba'o
1428 4677 1528 4743 .qm’
1582 4676 1836 4730 viscerum

855 4743 1158 4810 patiebatur
1195 4743 1448 4798 dolorem.

434 4830 626 4888 Adhuc
683 4835 1011 4888 clamantem
1081 4833 1335 4890 audimus
1389 4836 1710 4901 Antonium,
1769 4835 1948 4891 adlmc

364 4939 592 4995 magnas
641 4926 984 4980 emittentem
1034 4941 1217 4991 voces,
1264 4926 1446 4981 adhuc
1492 4928 1689 4983 eximie
1744 4926 1950 4983 vocife-

364 5024 597 5079 rantem,
646 5031 757 5070 non
813 5024 1037 5087 propter
1078 5017 1400 5088 languorem
1432 5019 1526 5089 qui
1560 5018 1717 5089 fugit,
1752 5019 1845 5075 sed
1879 5020 1949 5073 ob
1998 5086 2003 5091 δ

366 5104 596 5176 gratiam
650 5120 772 5175 qua:
826 5106 1091 5160 attributa
1128 5118 1231 5167 est.
1285 5122 1447 5172 quam
1500 5109 1670 5163 taceri
1724 5116 1950 5178 propter

369 5197 595 5251 multam
631 5213 742 5251 non
783 5198 917 5253 sinit
946 5199 1409 5264 benevolentiam,
1442 5198 1534 5255 sed
1570 5216 1695 5255 cum
1727 5200 1951 5270 reliquis

319 5292 325 5298 ’
368 5290 545 5354 pascit
590 5281 1003 5351 narrationibus
1033 5290 1370 5346 dinumerari
1408 5291 1677 5360 quasjam
1703 5291 1951 5360 descrip-

371 5381 567 5443 simus,
595 5390 651 5436 et
688 5398 851 5436 unam
878 5384 994 5437 fieri
1031 5398 1156 5438 cum
1191 5385 1384 5439 horum
1418 5383 1706 5453 scripturis
1745 5399 1953 5437 connu-

323 5486 327 5493 ·
372 5472 693 5526 merandam
718 5490 733 5540 ;
763 5474 922 5544 cujus
953 5473 1290 5531 voluntatem
1317 5476 1621 5535 laudantes,
1641 5475 1952 5545 petitionem

362 5561 538 5616 'citius
574 5564 916 5633 impleamus.

451 5654 720 5711 Thebans
750 5666 867 5711 erat
897 5655 1191 5719 Antonius,
1236 5664 1290 5711 et
1334 5656 1470 5711 civis
1519 5654 1813 5711 Thebaidis
1849 5660 1957 5709 Au-

2022 438 2405 510 ὀνομάζουσιν,
2444 436 2643 508 μηκέτι
2675 436 2842 488 κόπον
2866 434 2991 487 τινα
3031 432 3404 503 παρεχόμενος
3438 431 3517 500 τῷ
3546 431 3611 483 τὸ

2027 529 2156 601 πρὶν
2190 529 2353 583 αὑτὸν
2418 526 2718 599 ίατρεύοντι
2743 542 2759 558 ο
2806 523 3056 594 ἐσχηκὼς
3111 525 3222 591 γὰρ
3273 526 3331 576 ἐν
3365 523 3613 592 δμμασιν

2025 618 2357 689 ἀμφοτέροις
2378 616 2729 687 λευκὼματα,
2755 616 3023 685 κακίστην
3041 612 3353 682 ἐλευθερίαν
3369 613 3611 677 ἐδέξατο,

2025 710 2094 763 δι’
2122 705 2188 779 ἦς
2216 708 2536 770 οὐκέτιντοῖς
2573 705 2997 773 Ἀσκληπιάδαις
3033 704 3317 769 ὑπέκειτο,
3337 703 3453 756 ἀλλ’
3486 701 3616 771 ἔσχε

2026 802 2124 872 τὴν
2155 800 2429 869 τύφλωσιν
2480 800 2693 867 ἄμαχον
2735 796 3045 860 δέσποιναν,
3070 795 3411 865 δορυάλωτον
3448 793 3621 847 αὐτὸν

2026 893 2137 944 τῶν
2179 891 2378 961 ἰατρῶν
2410 889 2840 958 ἀφαρπάσασαν,
2876 887 2944 958 ἦν
2974 887 3038 939 τὸ
3084 886 3274 938 λοιπὸν
3308 884 3620 951 καταγωνί-

2031 986 2226 1041 σασθαι
2257 982 2351 1035 καὶ
2384 982 2570 1034 λαϐεῖν
2604 980 2699 1034 ἀπ’
2727 980 2897 1049 αὐτῆς
2929 978 3019 1032 τὸν
3047 978 3419 1049 αἰχμάλωτον.
3452 979 3621 1029 πᾶσιν

2027 1076 2338 1146 ἀνθρώποις
2381 1073 2629 1145 ὑπῆρχεν
2691 1071 2974 1133 ἀδύνατον,
3015 1070 3161 1141 μόνῳ
3206 1071 3265 1123 δὲ
3317 1070 3441 1139 Θεῷ
3488 1071 3621 1141 ῥᾷον

2027 1176 2349 1246 ἐτύγχανεν,
2373 1174 2468 1225 καὶ
2504 1174 2615 1233 τοῖς
2645 1159 2739 1224 ἀπ’
2765 1170 2931 1223 αὐτοῦ
2962 1167 3330 1239 δωρουμένοις
3362 1167 3572 1235 ἰάματα
3601 1182 3617 1195 ’

2026 1267 2317 1322 ἀπόστολοι
2372 1266 2417 1318 δ’
2477 1258 2626 1318 οὗτοι
2683 1265 2779 1317 καὶ
2815 1264 3014 1317 δίκαιοι
3054 1261 3149 1314 καὶ
3198 1258 3482 1328 προφῆται
3530 1257 3625 1310 καὶ

2031 1362 2307 1431 μάρτυρες
2346 1359 2653 1428 ἀμέμπτως
2688 1355 3005 1426 βιώσαντες,
3057 1354 3151 1406 καὶ
3176 1352 3311 1405 Θεὸν
3351 1350 3623 1421 θεραπεύο

2030 1469 2223 1514 σαντες
2274 1467 2287 1479 ·
2322 1449 2417 1502 καὶ
2447 1449 2537 1502 διὰ
2585 1448 2744 1502 τοῦτο
2775 1446 3100 1517 πειθόμενον
3126 1446 3186 1499 ἐν
3217 1444 3426 1497 ἅπασιν
3454 1442 3621 1495 αὐτον

2028 1542 2109 1609 οἷς
2140 1545 2417 1597 ἐθέλουσιν
2443 1542 2655 1612 ἔχοντα.

2100 1638 2203 1690 Δύο
2233 1637 2288 1689 δὲ
2322 1635 2524 1704 ταύτης
2555 1636 2654 1704 τῆς
2693 1633 2967 1702 μακαρίας
2993 1633 3088 1685 καὶ
3110 1632 3374 1702 λαμπρᾶς
3404 1630 3621 1699 ὁμηγύο

2033 1748 2172 1801 ρεως
2206 1731 2299 1781 καὶ
2357 1718 2541 1799 Κῦρον
2586 1729 2680 1779 καὶ
2725 1728 2975 1795 Ἰωάννην
2999 1725 3159 1788 εἰδὼς
3213 1727 3242 1777 ό
3301 1724 3620 1794 Πατρίκιος,

2032 1821 2128 1875 καὶ
2157 1820 2489 1888 δυναμένους
2519 1819 2683 1871 αὑτὸν
2705 1819 2803 1886 τῆς
2839 1818 3045 1886 πικρᾶς
3078 1818 3296 1886 ἐκείνης
3327 1816 3623 1883 δεσποίνης

2032 1910 2433 1983 λυτρώσασθαι,
2500 1911 2595 1963 καὶ
2649 1910 2748 1978 τὴν
2804 1909 3118 1979 ἐλευθερίαν
3162 1910 3521 1979 χαρίσασθαι,
3554 1911 3623 1980 ἢν

2037 2005 2235 2074 ἰατρῶν
2290 2003 2481 2072 ἀρωγὴ
2523 2000 2971 2070 προσαπώλεσεν,
3030 2001 3170 2068 μετὰ
3211 2000 3452 2062 πίστεως
3488 2001 3622 2069 πρὸς

2034 2094 2229 2158 αὐτοὺς
2263 2095 2504 2165 ἔρχεται,
2553 2092 2756 2163 ταύτην
2793 2092 2981 2160 σαφῶς
3021 2092 3391 2160 ἐπιστάμενος
3435 2095 3623 2144 πεῖσαι

1962 2239 1966 2243 .
2035 2187 2341 2255 δυναμένην
2385 2186 2513 2248 τοὺς
2563 2185 2867 2255 μάρτυρας.
2917 2185 2979 2238 Οί
3024 2184 3083 2237 δὲ
3117 2183 3291 2253 τούτῳ
3334 2186 3458 2236 κατ’
3489 2186 3623 2252 ὄναρ

2041 2278 2421 2347 παρίστανται,
2463 2279 2555 2329 καὶ
2585 2282 2677 2330 τόν
2700 2277 2905 2345 τρόπον
2929 2275 3028 2345 τῆς
3063 2276 3255 2340 ὑγείας
3297 2276 3619 2345 μηνύουσιν·

2039 2370 2118 2430 εἷς
2150 2368 2212 2419 τὸ
2246 2368 2467 2437 λουτρὸν
2491 2369 2600 2438 γὰρ
2622 2366 2811 2421 τοῦτον
2840 2368 2975 2420 ἰέναι
3006 2367 3341 2430 κελεύουσιν,
3374 2367 3473 2419 καὶ
3494 2366 3630 2420 λασ-

2040 2462 2166 2532 νείῳ
2198 2462 2295 2524 τὰς
2321 2460 2472 2530 ὄψεις
2498 2459 2835 2531 ἐγχρίεσθαι,
2858 2459 2951 2512 καὶ
2978 2458 3064 2511 διὰ
3091 2457 3281 2511 τούτου
3312 2457 3373 2510 τὸ
3401 2458 3627 2527 βλέπειν

2042 2551 2397 2620 κομίζεσθαιο
2429 2547 2490 2606 οὗ
2522 2551 2581 2603 τὸ
2621 2551 2893 2615 πλεῖστον,
2932 2550 3007 2612 ὡς
3054 2550 3333 2616 λέγουσιν,
3360 2550 3629 2613 ἄσϐεστος

2042 2629 2190 2697 ἐστιν
2224 2644 2298 2708 ὡς
2332 2643 2594 2714 βραχεῖσα
2635 2641 2851 2712 πρῶτον
2899 2644 2956 2695 ἐν
3013 2641 3202 2695 ὕδατι·
3260 2641 3535 2710 καυστικὴ
3578 2641 3626 2693 δ’

2043 2735 2182 2806 αὓτη
2212 2735 2332 2789 λίαν
2356 2734 2714 2805 καθέστηκεν,
2739 2734 2835 2787 καὶ
2853 2733 3011 2801 ὀλίγα
3050 2735 3191 2786 πάνυ
3219 2732 3629 2803 παραχωροῦσα

2046 2832 2178 2901 πυρὶ
2199 2829 2337 2899 πρὸς
2364 2829 2427 2881 τὸ
2467 2827 2665 2898 μᾶλλον
2697 2825 2875 2879 καίειν
2915 2826 3234 2897 ἀνθρώπινα
3279 2827 3532 2896 σώματα.
3566 2824 3629 2878 '0

2044 2920 2101 2973 δὲ
2141 2921 2307 2991 μηδὲν
2349 2921 2426 2983 είς
2456 2921 2526 2972 τὰ
2566 2918 2675 2973 τῶν
2706 2918 2878 2984 ἁγίων
2908 2918 3173 2980 ὲνδυάσας
3202 2918 3625 2988 προστάγματα,

1961 3049 2003 3107 c
2047 3014 2125 3074 είς
2157 3014 2216 3066 τὸ
2237 3012 2459 3080 λουτρὸν
2485 3012 2623 3082 μετᾶ
2641 3011 2731 3064 τὸν
2753 3010 2961 3078 ὄνειρον
2995 3009 3186 3073 ἔξεισι,
3222 3009 3320 3062 καὶ
3363 3009 3626 3079 δρομαῖος

2038 3103 2129 3159 τοῦ
2170 3102 2451 3172 λεχθέντος
2479 3103 2654 3166 εἴδους
2707 3103 3019 3172 ὲγχρίεται’
3053 3102 3148 3153 καὶ
3208 3100 3401 3169 μείνας
3445 3097 3622 3168 βραχὺ

2041 3194 2179 3266 μετὰ
2207 3195 2305 3258 τὴν
2332 3194 2666 3264 ἐγχείρησιν,
2690 3178 2881 3264 ωσπερ
2912 3192 3173 3267 είῴθασιν
3199 3194 3374 3245 ποιεῖν
3408 3193 3456 3244 οἱ
3496 3191 3625 3243 χοὶ-

2036 3284 2272 3353 λουρίοις
2302 3283 2452 3353 παρὰ
2493 3286 2698 3355 ἰατροῖς
2737 3282 3085 3353 ὲγχριόμενοι
3110 3297 3123 3312 ·
3160 3280 3379 3344 ἀνοίξας
3423 3279 3480 3332 δὲ
3515 3282 3621 3333 πά-

2038 3376 2121 3429 λιν
2154 3376 2226 3430 τὰ
2257 3376 2502 3446 ὄμματα,
2531 3375 2817 3445 μεμυκότα
2848 3377 2959 3445 γὰρ
2987 3375 3127 3445 ἔχων
3152 3373 3328 3427 ταῦτα
3360 3374 3617 3441 ἐκάθητο.

2047 3468 2243 3539 ἀθρόον
2295 3467 2589 3535 ἀνέϐλεψεν
2617 3505 2630 3529 ,
2670 3465 2922 3536 δακρύων
2974 3466 3131 3537 δίκην
3184 3463 3519 3532 καταγαγὼν
3552 3463 3618 3515 ri

2038 3558 2389 3631 λευκώματα,
2439 3561 2535 3612 καὶ
2581 3558 2740 3611 ταυτὶ
2777 3558 2837 3610 τὸ
2890 3556 3008 3627 φῶς
3039 3558 3115 3619 ὡς
3143 3557 3292 3610 ἔστιν
3337 3556 3616 3615 ἐθεάσιτο.

2040 3654 2177 3721 ὅπερ
2216 3650 2413 3721 ἰατρῶν
2440 3648 2773 3719 κολλουρίοις
2803 3648 3105 3703 ἀπώλεσεν,
3123 3646 3231 3701 Ἦν
3260 3649 3317 3699 δὲ
3342 3649 3403 3700 τὸ
3438 3647 3619 3714 θαῦμα

2041 3740 2344 3815 παράδοξον
2364 3757 2377 3773 ο
2407 3741 2498 3794 καὶ
2528 3740 2742 3810 βλέπων
2773 3740 2881 3810 γὰρ
2911 3740 2971 3792 τὸ
3005 3739 3230 3810 λουτρὸν
3267 3737 3501 3804 ἐξελθεῖν
3522 3739 3620 3789 οὐκ

2041 3834 2359 3901 ἐγίνωσκεν,
2427 3833 2549 3885 ἐπεὶ
2585 3832 2706 3902 μηδ’
2737 3832 2855 3894 οἵας
2906 3830 3154 3899 εἰσῆλθεν
3186 3829 3473 3898 ἠπίστατο,
3507 3827 3617 3879 ἀλλ’

2041 3926 2218 3978 ἐδέετο
2252 3927 2343 3979 καὶ
2370 3925 2489 3976 τότε
2513 3923 2610 3976 τοῦ
2641 3923 3049 3994 ποδηγήσαντος
3078 3921 3239 3974 πλέον
3266 3921 3428 3982 αὐτὸς
3467 3919 3617 3973 τοῦτ(

2042 4016 2360 4088 διηγοῦντος
2379 4013 2672 4083 θεώμενος.
2710 4014 2806 4067 Ἐκ
2833 4013 3028 4067 τούτου
3059 4011 3114 4064 δὲ
3140 4010 3366 4081 δραμὼν
3400 4011 3533 4081 πρὸς
3561 4009 3623 4062 τὸ

2042 4110 2290 4179 τέμενος.
2321 4110 2444 4170 τοὺς
2474 4106 2722 4177 ὁρῶντας
2752 4104 3073 4174 ἐξέπληττε,
3108 4105 3203 4158 καὶ
3230 4103 3365 4172 πρὸς
3391 4104 3490 4166 τὰς
3515 4104 3616 4155 τῶι.

2043 4201 2213 4269 ἁγίων
2251 4199 2525 4269 εὐφημίας
2550 4198 2814 4269 διήγειρε.
2847 4196 3106 4259 Ῥωσθεὶς
3131 4195 3189 4250 δὲ
3215 4195 3309 4249 καὶ
3338 4196 3500 4257 αὐτὸς
3529 4198 3621 4247 εὐ-

2043 4292 2305 4361 φημὴσας
2356 4290 2478 4352 τοὺς
2532 4287 2842 4358 μάρτυρας,
2886 4287 2966 4348 είς
2994 4285 3055 4339 τὸ
3089 4285 3387 4356 Πηλούσιον
3429 4284 3619 4356 ᾤχετο.

1972 4390 2016 4445 D
2045 4382 2157 4434 Kal.
2185 4381 2343 4450 ἡμεῖς
2368 4378 2426 4432 δὲ
2453 4381 2565 4443 τοῖς
2587 4377 2779 4450 ὕμνοις
2806 4378 3005 4440 αὐτοὺς
3025 4376 3489 4444 στεφανώσαντες,
3508 4378 3619 4430 ἑτέ-

2047 4489 2157 4542 ρων
2188 4470 2371 4530 αὐτοῖς
2402 4468 2587 4538 ὓμνων
2640 4466 2897 4539 ἀφορμὴν
2951 4467 3051 4539 τὴν
3109 4468 3298 4538 ἑτέρου
3347 4467 3621 4536 θαύματος

2047 4561 2269 4632 γραφὴν
2296 4559 2720 4630 εἱσενέγκωμεν.
3684 4550 3689 4553 ⁵

2117 4675 2254 4728 ΜΗ’.
2295 4673 2434 4741 Περὶ
2488 4674 2817 4760 Ἀντωνίου,
2846 4672 2955 4727 τοῦ
2997 4673 3255 4742 Θηϐαίου
3291 4672 3364 4727 τὰ
3395 4671 3623 4741 σπλάγ-

2591 4760 2708 4813 χνα
2738 4758 3106 4813 παρ-κοντος.

2125 4835 2246 4888 Ἔτι
2281 4833 2512 4905 βοῶντος
2554 4833 2839 4888 Ἀντωνίου
2894 4833 3263 4904 πυνθάνομαι,
3317 4833 3395 4885 ἔτι
3446 4832 3622 4901 φωνὰς

2056 4924 2298 4996 μεγάλας
2328 4923 2723 4992 ἐκπέμποντος,
2758 4920 2838 4973 ἔτι
2897 4920 2967 4975 τὰ
3020 4922 3256 4991 μέγιστα
3312 4920 3618 4991 κράζοντος,

2053 5019 2149 5088 οὐχ
2172 5017 2336 5069 ἕνεκα
2357 5014 2453 5068 τοῦ
2479 5015 2740 5084 φυγόντος
2777 5014 3082 5083 νοσήματος
3103 5052 3117 5075 ,
3150 5012 3286 5066 ἀλλὰ
3320 5014 3417 5081 τῆς
3455 5011 3620 5064 6002i-

2055 5127 2155 5178 σης
2177 5108 2336 5179 χάριν
2367 5108 2565 5169 ἰάσεως
2584 5120 2597 5135 ⁸
2621 5106 2688 5176 ἢν
2714 5104 3024 5159 σιωπᾶσθαι
3053 5104 3141 5158 διὰ
3162 5104 3361 5176 πολλὴν
3381 5105 3480 5156 οὐκ
3506 5102 3624 5170 ἀφί-

2054 5217 2176 5270 ησιν
2206 5200 2434 5263 έννοιαν,
2473 5196 2610 5251 ἀλλᾶ
2655 5200 2778 5261 ταῖς
2810 5196 3024 5259 λοιπαῖς
3075 5199 3304 5251 αἰτεῖται
3345 5195 3568 5248 συντάττ
3594 5217 3624 5232 ο

2058 5292 2201 5355 σθαι,
2232 5285 2321 5355 αἷς
2349 5291 2450 5362 ήδη
2475 5291 2855 5361 γεγράφαμεν,
2907 5290 3000 5343 καὶ
3032 5290 3163 5359 μίαν
3208 5289 3460 5356 γενέσθαι
3508 5288 3620 5347 ταῖς

2057 5382 2260 5435 τούτων
2291 5385 2529 5452 γραφαῖς
2557 5380 2866 5451 ἐναρίθμιον
2890 5396 2902 5408 ·
2945 5375 3006 5434 οὗ
3036 5380 3132 5449 τὴν
3187 5379 3371 5447 βόησιν
3418 5375 3622 5430 ἐπαινέο

2061 5490 2275 5538 σαντες,
2306 5472 2404 5543 τὴν
2431 5473 2643 5540 αἴτησιν
2675 5472 2864 5525 θᾶττον
2898 5472 3295 5541 πληρώσωμεν.

2133 5660 2361 5728 Θηΰαίος
2389 5653 2506 5728 ἦνό
2554 5646 2858 5721 Ἀντώνιος,
2916 5660 3011 5709 καὶ
3067 5656 3286 5727 πολίτης
3348 5655 3615 5709 Ἀντωνίου
