4002 6316
383 424 521 497 ron

1393 435 1497 507 SS.
1537 430 1711 491 CYRI
1752 428 1846 490 ET
1873 427 2193 500 JOANNIS
2234 428 2651 489 MIRACULA.

3517 423 3659 485 36θέ

381 550 485 616 τῆς
520 546 753 608 πόλεως.
777 543 944 607 Οὗτος
978 543 1291 613 βαρυτάτην
1315 544 1472 611 ἔσχεν
1512 541 1816 601 ἀσθένειαν,
1855 540 1976 609 ἥτις

2090 538 2265 593 tonius
2324 538 2496 593 urbis.
2545 538 2645 593 Hic
2704 536 3084 606 gratissimam
3142 532 3380 589 habebat
3428 530 3662 586 inﬁrmi-

384 640 445 689 υύ
471 637 658 690 παισὶν
685 635 906 705 ἰατρῶν,
929 635 1028 686 ούκ
1074 634 1253 696 ἄλλοις
1300 632 1630 702 ἀνθρώποις,
1665 632 1767 684 οὐκ
1819 629 1969 698 αύτῷ

385 729 464 796 τῷ
489 727 732 780 νοσοῦντι
759 731 855 780 καὶ
885 727 1147 796 πάσχοντι
1193 726 1328 795 δήλη
1384 725 1546 795 μέχρι
1585 726 1825 793 σήμερον
1874 724 1969 789 γεῖ-

386 835 536 887 γονε,
572 817 686 870 ἀλλ’
716 816 996 883 ἄγνωστος
1026 814 1337 885 ἀνθρώποις
1370 815 1607 881 ἐγένετο,
1642 815 1734 866 καὶ
1757 829 1971 866 παυσα-

391 908 529 978 μένη
583 908 677 960 καὶ
707 907 812 976 πρὸ
836 896 1047 968 τούτοις
1082 906 1388 971 ὑπάρξασα.
1422 906 1582 957 Ἐϐὁα
1615 905 1721 973 γὰρ
1756 905 1914 968 μόνον
1944 902 1973 953 ὁ

387 1001 670 1070 ἄρρωστος
695 999 764 1051 τὰ
816 996 1098 1067 σπλάγχνα
1142 997 1330 1060 δεινῶς
1371 995 1845 1064 κατατρώγεσθαι,
1883 993 1975 1046 καὶ

389 1092 577 1160 ῶσπερ
601 1090 706 1143 ὑπὸ
734 1090 1033 1159 σκωλήκων
1058 1088 1480 1159 βιϐρώσκεσθαι.
1512 1089 1648 1158 μήτε
1670 1088 1770 1155 τὴν
1796 1086 1974 1139 αἰτίαν

391 1179 571 1244 εἰδὼς,
607 1182 741 1250 μήτε
767 1180 828 1232 τὸ
859 1179 1026 1239 πάθος
1056 1178 1331 1242 παντελῶς
1386 1179 1770 1245 ἐπιστάμενος.
1810 1175 1973 1229 Ἀλλὰ

394 1277 488 1326 καὶ
537 1272 643 1325 τῶν
681 1272 883 1340 ἰατρῶν
917 1271 966 1323 οἰ
1026 1269 1344 1338 σοφώτεροι,
1380 1271 1475 1322 καὶ
1527 1268 1686 1333 δόξαν
1718 1267 1976 1336 εἰδήσεως

380 1356 629 1432 ἷξχοντες,
667 1361 856 1414 τοῦτον
882 1362 1181 1430 συχνότατα
1217 1360 1509 1431 βλέποντες
1545 1362 1685 1413 κατὰ
1728 1356 1972 1421 κάθοδον,

374 1454 559 1521 om»
590 1452 683 1505 καὶ
707 1450 876 1519 ἄλλην
902 1450 1002 1520 τὴν
1037 1450 1195 1503 νόσον
1246 1451 1502 1516 ἐδόξαζον
1527 1467 1540 1479 ’
1581 1450 1677 1501 καὶ
1730 1446 1825 1500 νῦν
1878 1447 1976 1515 μὲν

382 1544 617 1613 Ltd-3:13;,
647 1544 742 1596 νῦν
762 1543 808 1596 δ’
838 1545 1055 1612 ἐκείνην
1076 1542 1363 1613 ὲφήμιζονο
1390 1543 1485 1596 καὶ
1512 1542 1641 1595 ποτὲ
1677 1542 1775 1611 μὲν
1796 1540 1974 1604 τοῦτο,

354 1604 523 1711 {me
557 1635 602 1687 δ’
646 1616 835 1687 λὲκείνο
873 1635 930 1686 τὸ
963 1634 1140 1686 αἴτιον
1200 1633 1418 1700 ἔλεγονο
1468 1638 1565 1685 καὶ
1621 1632 1683 1684 τὸ
1737 1632 1978 1701 σήμερον

366 1732 597 1801 ,ἀρέσαν
627 1730 766 1800 μετὰ
816 1729 1054 1797 σοϐαρᾶς
1110 1727 1315 1798 ὀφρύος
1366 1730 1478 1789 τοῖς
1526 1725 1752 1787 ἅπασιν,
1788 1723 1979 1794 αὔριον

394 1822 759 1891 σοϐαρωτέρῳ
818 1821 1131 1889 φρονήματι
1193 1816 1498 1880 διεπτύετο,
1552 1819 1645 1871 καὶ
1684 1816 1847 1871 πάλιν
1886 1816 1977 1868 ὑπ’

393 1912 575 1964 αὐτῶν
607 1912 956 1978 ἁνετρέπετο,
984 1909 1172 1977 ἕτερον
1196 1908 1337 1961 εἶναι
1368 1903 1461 1961 κάκ.
1495 1908 1556 1960 οὐ
1582 1908 1642 1960 τὸ
1672 1906 1857 1977 χθιζὸν
1888 1908 1980 1976 βε-

392 2001 740 2071 ϐαιούμενον.
775 2001 861 2062 Ὠς
893 2001 947 2053 δὲ
972 2000 1182 2053 πολλῶν
1204 2000 1462 2053 τοιούτων
1495 2001 1524 2052 ό
1553 1999 1834 2070 ἄρρωστος
1866 2001 1982 2050 πεῖ-

398 2116 498 2167 ραν
532 2098 735 2166 πολλὴν
785 2097 1020 2165 διῆλθεν,
1076 2098 1173 2150 καὶ
1221 2097 1487 2168 διαφορὰν
1519 2096 1613 2149 τοῦ
1643 2096 1850 2160 πάθους
1884 2096 1983 2166 οὐχ

394 2192 671 2257 εὖρισκεν,
706 2187 821 2240 ἀλλ’
882 2189 941 2239 ὲν
974 2187 1189 2250 ὀδύναις
1232 2188 1319 2240 disi
1350 2190 1470 2250 ταῖς
1529 2187 1721 2250 αὐταῖς
1755 2186 1976 2255 ἐγνωρί-

396 2277 543 2345 ζετο,
579 2279 705 2347 μίαν
732 2275 872 2331 εἶναι
902 2279 1086 2332 κακῶν
1117 2279 1509 2333 διασκέπτεται
1555 2279 1656 2348 τὴν
1691 2278 1827 2348 πρὸς
1871 2277 1986 2331 K6-

401 2389 494 2442 ρον
522 2374 617 2423 καὶ
654 2372 906 2441 Ἰωάννην
925 2372 1050 2434 τοὺς
1083 2371 1366 2442 μάρτυρας
1399 2369 1603 2440 ἄφιξιν.
1647 2372 1710 2424 Εἰ
1756 2372 1832 2441 μὴ
1876 2371 1985 2442 γὰρ

396 2458 566 2521 οὗτοι,
595 2465 780 2533 φησιν,
813 2462 1015 2531 ταύτης
1055 2481 1123 2532 με
1152 2463 1255 2530 τῆς
1302 2463 1549 2534 ἀνάγκης
1592 2462 1984 2533 λυτρώσονται,

395 2555 473 2618 ὡς
507 2556 601 2608 καὶ
625 2556 734 2607 τῶν
762 2555 1009 2625 κρυφίων
1042 2556 1141 2625 τὴν
1168 2554 1396 2624 ἔρευναν
1430 2554 1665 2624 ἔχοντες,
1697 2554 1790 2608 καὶ
1817 2553 1987 2623 γινώ-

400 2662 553 2698 σκειν
597 2645 884 2716 δυνάμενοι
917 2644 987 2697 τὰ
1031 2649 1143 2707 τοῖς
1191 2645 1374 2709 ἄλλοις
1420 2644 1727 2715 ἀνθρώποις
1759 2646 1985 2708 ἀθέατα,

398 2737 557 2797 ἄλλος
580 2735 753 2798 οὐδείς
798 2752 865 2805 με
907 2732 1080 2789 σῶσαι
1102 2736 1416 2807 δυνήσεται,
1448 2736 1609 2806 χάριν
1635 2735 1889 2805 τοιαύτην
1924 2737 1986 2788 ἐκ

397 2826 536 2878 Θεοῦ
569 2826 644 2897 μὴ
669 2826 985 2896 δεξάμενος.

471 2917 687 2986 Ταύτην
736 2917 814 2981 εἰς
866 2919 991 2981 τοὺς
1027 2918 1218 2986 ἁγίους
1244 2918 1345 2987 τὴν
1403 2918 1585 2972 πίστιν
1614 2918 1983 2990 φραξάμενος,

398 3014 540 3080 πρὸς
581 3012 777 3075 αὐτοὺς
798 3012 1184 3082 παραγίνεται,
1208 3014 1302 3066 καὶ
1334 3012 1485 3082 διετῆ
1512 3015 1704 3083 χρόνον
1741 3012 1843 3066 ἀνὰ
1877 3013 1988 3065 τῶν

396 3104 580 3157 αὐτῶν
630 3108 796 3169 σηκὸν
849 3103 1226 3174 διαιτώμενος,
1263 3107 1359 3159 καὶ
1391 3106 1629 3169 πίστεως
1684 3106 1758 3176 μὴ
1797 3103 1986 3160 παθὼν

394 3197 498 3265 τῆς
528 3196 609 3259 εἰς
631 3195 757 3259 τοὺς
790 3200 1074 3267 μάρτυρας
1101 3197 1313 3265 ὕφεσιν,
1345 3197 1411 3268 ἢν
1435 3199 1463 3251 ό
1490 3197 1746 3260 τοσοῦτος
1794 3196 1987 3267 καιρὸς

2030 659 2045 668 ο
2074 638 2262 694 tatem,
2305 645 2427 699 qua:
2477 645 2585 683 non
2640 629 2932 697 discipmis
2980 625 3349 685 medicorum.
3398 639 3504 677 non
3540 624 3665 678 aliis

2076 723 2414 795 hominibus,
2445 739 2554 777 non
2589 724 2692 792 ipsi
2720 721 3002 792 languenti
3041 735 3215 789 usque
3244 718 3408 774 hodie
3438 719 3658 781 claruit,

2075 815 2169 871 sed
2211 819 2396 884 ignota
2440 823 2559 870 erat
2594 815 2936 877 hominibus,
2964 821 3018 868 et
3068 812 3323 881 primitus
3349 811 3480 864 dum
3516 810 3662 867 exsi-

2076 915 2267 971 steret,
2332 917 2387 961 et
2444 905 2795 975 postmodmn
2847 921 2970 959 cum
3032 913 3320 959 cessasset.
3378 902 3665 959 Clamabat

2075 997 2219 1051 enim
2262 1003 2472 1049 tantum
2513 995 2768 1051 infirmus
2802 1013 2863 1052 se
2902 993 3166 1051 atrociter
3215 994 3522 1051 visceribus
3570 1010 3666 1050 co-

2077 1089 2259 1151 medi,
2323 1104 2501 1158 neque
2560 1103 2784 1144 causam
2849 1088 3057 1151 sciens,
3115 1102 3292 1157 neque
3351 1087 3666 1157 passionem

2077 1192 2310 1246 prorsus
2357 1192 2685 1247 agnoscens.
2741 1177 2847 1233 Sed
2882 1185 2938 1233 et
2983 1177 3323 1233 medicorum
3377 1178 3671 1248 sapientis-

2079 1269 2227 1332 simi,
2253 1275 2308 1322 et
2337 1268 2652 1339 opinionem
2684 1268 2931 1324 scientiae
2972 1268 3264 1335 habentes,
3306 1269 3451 1325 hunc
3483 1269 3671 1341 saepis-

2079 1357 2216 1413 sime
2248 1359 2522 1413 intnentes
2548 1373 2643 1426 per
2680 1359 3000 1425 circuitum,
3029 1359 3194 1414 alium
3230 1369 3282 1415 et
3334 1360 3502 1415 alium
3554 1361 3673 1431 opi-

2082 1450 2352 1503 nabantur
2410 1450 2683 1515 morbum,
2731 1460 2787 1505 et
2845 1466 2995 1506 nunc
3042 1451 3264 1522 quidem
3315 1452 3481 1517 hunc,
3526 1467 3674 1508 nunc

2078 1529 2209 1597 vero
2240 1543 2390 1596 illum
2422 1542 2813 1608 diﬂ‘amabant;
2841 1553 2894 1597 et
2929 1543 3229 1613 aliquando
3254 1544 3475 1615 quidem
3507 1546 3672 1604 hanc.

2080 1634 2376 1703 aliquando
2416 1643 2599 1687 autem
2633 1634 2783 1688 illum
2821 1650 2945 1689 esse
2978 1650 3206 1691 causam
3240 1637 3671 1707 asseverabant;

2080 1734 2136 1779 et
2164 1723 2312 1794 quod
2348 1724 2509 1779 hodie
2537 1725 2797 1782 omnibus
2832 1728 3082 1795 placebat
3133 1744 3260 1783 cum
3309 1729 3455 1783 elato
3482 1744 3676 1798 super-

2083 1817 2232 1881 cilio,
2266 1832 2390 1873 cras
2426 1818 2599 1888 magis
2643 1818 2789 1872 elato
2840 1834 3007 1873 sensu
3045 1819 3442 1889 respuebatur;
3472 1829 3527 1876 et
3561 1821 3675 1876 ite-

2014 1919 2205 1976 Brom
2252 1910 2399 1979 quod
2454 1912 2524 1964 ab
2580 1910 2692 1964 illis
2746 1910 3116 1978 refutabatur,
3154 1911 3305 1968 aliud
3357 1912 3676 1970 hesternum

2087 1999 2257 2055 fuisse
2291 2000 2683 2055 afﬁrmabatur.
2715 2001 2852 2057 Cum
2891 2005 3074 2059 autem
3105 2004 3359 2060 iulirmus
3382 2006 3677 2059 multorum

2084 2092 2276 2147 talium
2308 2093 2747 2161 experimentum
2791 2095 3021 2148 multum
3063 2110 3128 2151 ac
3175 2096 3457 2151 diversum
3489 2112 3680 2166 perce-

2083 2187 2277 2258 pisset,
2306 2185 2857 2256 melioratiouemque
2889 2171 3163 2256 passionis
3200 2204 3308 2244 non
3353 2190 3676 2254 invenisset,

2085 2278 2182 2334 sed
2218 2279 2270 2331 in
2300 2277 2581 2334 doloribus
2606 2294 2823 2349 semper
2848 2279 3053 2335 eisdem
3087 2288 3440 2349 perseverare
3478 2282 3679 2353 digno-

2086 2377 2353 2434 Sceretur,
2374 2383 2536 2422 uuam
2567 2383 2691 2423 esse
2717 2368 3047 2423 solutionem
3065 2369 3349 2434 deliberat,
3380 2371 3446 2426 ad
3473 2370 3675 2444 Cyrum

2088 2460 2300 2515 scilicet
2350 2468 2405 2514 ct
2448 2458 2715 2514 Joannem
2770 2458 3200 2529 profectionem;
3246 2462 3350 2517 nisi
3387 2464 3532 2517 enim
3585 2465 3677 2520 isti

2089 2568 2195 2614 me.
2244 2553 2342 2614 ait,
2395 2567 2427 2606 a
2478 2552 2809 2607 necessitate
2855 2552 3232 2619 liberaverint,
3261 2555 3353 2624 qui
3390 2565 3447 2611 et
3490 2558 3679 2611 occul—

2089 2651 2267 2693 torum
2306 2641 2634 2695 scrutinium
2691 2641 2912 2706 habent,
2963 2652 3018 2698 et
3066 2659 3406 2713 cognoscere
3451 2659 3679 2718 possunt

2090 2750 2211 2804 qua:
2254 2734 2378 2789 aliis
2429 2743 2560 2789 sunt
2610 2733 2930 2790 hominibus
2976 2736 3300 2801 invisibilia,
3334 2739 3477 2796 alius
3521 2756 3681 2795 nemo

2090 2828 2303 2880 Salvam
2342 2842 2425 2881 me
2456 2826 2678 2897 poterit,
2717 2828 2810 2882 tali
2846 2844 2877 2883 a
2913 2828 3026 2885 Deo
3057 2830 3234 2901 gratia
3286 2843 3392 2885 non
3434 2843 3679 2903 accepta.

2163 2916 2272 2972 Huc
2304 2932 2430 2988 erga
2463 2928 2688 2973 sanctos
2728 2918 2833 2974 fide
2872 2920 3140 2987 munitus,
3173 2921 3240 2976 ad
3281 2936 3378 2977 eos
3425 2924 3596 2987 venit,
3628 2930 3680 2976 et

2092 3027 2189 3081 per
2245 3010 2527 3066 biennium
2566 3010 2621 3065 in
2663 3025 2854 3065 eorum
2895 3012 3154 3067 habitans
3193 3015 3418 3083 templo,
3460 3025 3514 3068 et
3557 3014 3679 3069 fidei

2088 3102 2238 3157 circa
2273 3108 2549 3172 martyres
2580 3101 2856 3158 defectum
2889 3118 3001 3157 non
3032 3104 3267 3174 patiens.
3312 3105 3377 3159 ad
3406 3120 3566 3174 quem
3601 3106 3682 3158 ui-

2093 3194 2291 3247 mirum
2345 3193 2684 3264 operamlum
2741 3196 2790 3250 ei
2855 3203 3067 3251 tantum
3128 3204 3346 3267 tempus
3407 3197 3683 3252 suliiciens

399 3288 588 3351 ἱκανὸς
620 3284 688 3359 ἦν
712 3287 862 3357 αὐτῷ
889 3289 1356 3360 κατεργάσασθαι,
1388 3289 1563 3352 οὕτως
1590 3289 1886 3349 ἀπαύστως
1913 3288 1985 3352 ὡς

2093 3283 2311 3351 fuerat;
2339 3298 2463 3339 cum
2508 3285 2589 3338 sic
2632 3285 3031 3353 indesinenter,
3079 3295 3136 3341 ut
3180 3288 3437 3354 diximus,
3472 3288 3683 3342 doleret

396 3382 611 3450 ἔφημεν
649 3380 975 3451 όδυνωμένῳ
1009 3382 1106 3435 καί.
1151 3382 1407 3453 κράζοντι
1432 3422 1446 3443 ,
1483 3383 1577 3433 καὶ
1614 3381 1746 3450 μηδὲ
1788 3381 1988 3443 νύκτας

401 3475 536 3544 μηδὲ
562 3475 659 3544 τῆς
688 3476 829 3544 μετὰ
858 3474 1062 3544 ταύτην
1111 3476 1326 3545 ἡμέρας
1358 3473 1418 3526 τὸ
1482 3473 1697 3527 σύνολον
1736 3473 1986 3540 λέγοντι,
2034 3498 2037 3499 ν

396 3564 500 3633 τὴν
554 3564 720 3634 pom
777 3565 992 3633 ἀθρόως
1045 3564 1365 3634 κομίζεταιο
1400 3565 1539 3633 μήτε
1575 3582 1628 3618 τι
1679 3563 1990 3626 κελευσθεὶς

399 3653 827 3725 διαπράξασθαι,
856 3652 1047 3725 ῶσπερ
1087 3654 1327 3716 ἅπαντες
1374 3654 1424 3706 οἱ
1457 3653 1720 3717 παθόντες
1766 3655 1859 3707 καὶ
1887 3669 1990 3705 πα-

401 3743 515 3797 θῶν
533 3744 697 3798 ἕνεκα
718 3738 794 3814 τῷ
826 3744 939 3813 ναῷ
975 3744 1427 3817 παρεδρεύοντες,
1465 3748 1601 3816 μήτε
1649 3763 1701 3798 τι
1748 3745 1837 3798 διὰ
1877 3762 1983 3813 γα⁴

402 3837 564 3904 στρος
597 3836 851 3905 ἐμϐαλὼν
879 3838 912 3907 ἦ
948 3838 1241 3905 ἀναγαγὼν
1273 3840 1362 3891 δια
1392 3838 1694 3909 στόματος·
1737 3838 1899 3908 μόνον
1926 3838 1984 3891 δὲ

400 3930 529 3991 τοῦς
560 3928 748 3995 ἁγίους
800 3928 937 3998 μετὰ
987 3927 1085 3995 τὴν
1147 3929 1313 3998 ρῶσιν
1361 3929 1665 3999 ἑωρακέναι
1706 3928 1988 3996 λέγοντας,

415 4019 553 4073 Ἰδού
586 4037 645 4073 σε
672 4020 778 4072 τῶν
810 4020 997 4074 παθῶν
1024 4021 1367 4092 ὲρυσὰμεθα,
1393 4024 1486 4074 καὶ
1513 4021 1706 4083 πάθοις
1749 4021 1932 4074 οὐκέτι
1962 4022 1990 4073 ὃ

408 4108 573 4180 μέχρι
618 4109 711 4163 τοῦ
764 4112 1028 4180 παρόντος
1090 4111 1403 4182 ὑπέμεινες.
1444 4111 1710 4175 Ἀναστὰς
1760 4111 1854 4165 οὖν
1880 4114 1980 4182 τὴν

402 4203 783 4272 ὲνεγκαμὲνην
838 4204 1139 4271 κατάλαϐε,
1199 4205 1398 4276 μηκέτι
1434 4204 1597 4259 τοῦτο
1657 4204 1870 4258 δειλιῶν
1928 4205 1989 4258 τὸ

404 4293 745 4366 ἀρρώστημα
763 4311 780 4327 ο
820 4297 936 4348 ἐκεῖ
957 4296 1014 4348 δὲ
1038 4297 1378 4367 γιγνόμενος,
1406 4298 1488 4360 εἰς
1517 4296 1785 4369 ἡμέτερον
1818 4296 1987 4367 ὄνομα

407 4384 674 4452 φύτευσον
705 4384 972 4454 ἄμπελον,
1003 4387 1095 4437 καὶ
1124 4386 1329 4455 ταύτην
1360 4388 1519 4457 ἡμεῖς
1556 4388 1653 4440 σὺν
1682 4387 1765 4439 σοὶ
1808 4403 1985 4457 γεωρ-

404 4481 670 4546 γήσομεν,
701 4477 797 4529 καὶ
822 4477 1070 4548 φυλακὴν
1101 4478 1239 4546 ὁμοῦ
1296 4480 1397 4547 τήν
1444 4478 1824 4549 ἁρμόττουσαν
1855 4480 1990 4547 ἡμῖν

2092 3385 2255 3446 atque
2284 3375 2568 3440 clamaret,
2596 3384 2650 3430 et
2681 3392 2860 3445 neque
2894 3388 3053 3433 nocte
3086 3387 3262 3450 neque
3297 3380 3385 3433 die
3417 3395 3539 3449 qua:
3563 3393 3682 3449 post

2094 3468 2233 3521 hanc
2259 3467 2436 3522 fuerat
2460 3468 2870 3532 terminaretur,
2892 3469 3075 3524 subito
3093 3471 3324 3540 percipit
3340 3472 3681 3540 sospitatem,

2094 3572 2271 3626 neque
2300 3557 2433 3625 quid
2480 3566 2665 3627 ageret
2690 3557 2886 3626 jussus
2919 3574 3070 3615 more
3100 3563 3348 3615 omnium
3382 3564 3475 3632 qui
3514 3578 3682 3616 causa

2091 3648 2412 3718 passionum
2466 3647 2523 3701 in
2571 3648 2774 3719 templo
2814 3651 3198 3718 morabantur,
3244 3670 3420 3723 neque
3475 3655 3680 3722 aliquid

2075 3740 2769 3810 perventremimmittens,
2817 3749 2911 3796 aut
2967 3758 3062 3808 per
3115 3758 3179 3799 os
3212 3746 3491 3810 edocens;
3538 3748 3685 3801 solos

2093 3842 2275 3887 autem
2322 3844 2547 3890 sanctos
2585 3845 2712 3904 post
2755 3836 3047 3893 sanitatem
3083 3840 3216 3894 vidit
3243 3840 3347 3895 sibi
3384 3841 3631 3896 dicentes
3666 3859 3682 3895 :

2093 3924 2237 3979 Ecce
2276 3931 2328 3980 te
2352 3940 2382 3979 a
2418 3926 2770 3994 passionibus
2819 3928 3189 3995 liberavimus,
3225 3942 3280 3987 et
3310 3933 3537 4004 patieris
3576 3951 3681 3988 non

2087 4015 2201 4083 jam
2220 4015 2367 4084 quod
2385 4024 2614 4072 eatenus
2642 4018 2937 4087 pertulisti.
2960 4017 3207 4091 Surgens
3229 4038 3381 4092 ergo,
3405 4022 3473 4077 ad
3495 4023 3682 4077 urbem

2091 4123 2215 4177 qtue
2263 4117 2315 4163 te
2346 4110 2573 4179 protulit
2613 4111 2726 4176 abi,
2763 4112 3000 4168 ulterius
3045 4114 3188 4169 hanc
3228 4130 3338 4169 non
3378 4114 3684 4171 formidans

2092 4202 2635 4258 infirmitatctn.Cum
2656 4212 2837 4260 autem
2864 4204 2997 4261 illuc
3027 4208 3368 4277 perveneris,
3392 4208 3457 4262 ad
3482 4224 3682 4262 nomen

2094 4305 2345 4350 nostrum
2400 4296 2587 4366 planta
2635 4299 2826 4361 vitem,
2860 4306 2915 4352 et
2955 4299 3097 4353 hanc
3148 4308 3326 4354 tecum
3373 4314 3475 4355 nos
3522 4316 3684 4355 exco-

2095 4384 2290 4448 Iemus,
2316 4376 2373 4441 et
2401 4387 2771 4442 communiter
2798 4388 2923 4458 ejus
2958 4389 3420 4445 vindemiabimus
3454 4390 3680 4453 bonum,

2094 4477 2161 4532 ad
2196 4479 2547 4549 torcularque
2584 4490 2930 4549 asportatum
2981 4482 3145 4535 simul
3200 4482 3561 4537 calcabimus.
3600 4482 3679 4535 'l‘n

405 4565 829 4635 προσοισόμεθα.
861 4566 956 4618 καὶ
988 4566 1184 4629 κοινῶς
1213 4566 1386 4636 αὐτῆς
1412 4568 1503 4620 καὶ
1529 4567 1619 4619 τὸν
1642 4567 1838 4637 βότρυν
1860 4567 1985 4637 δρε-

2095 4582 2276 4625 autem
2324 4571 2509 4624 vinum
2557 4571 2844 4627 uobiscum
2893 4571 3174 4638 dividens,
3211 4583 3419 4643 partem
3461 4576 3681 4644 quidem

408 4657 647 4725 ᾠόμεθα,
677 4659 774 4711 καὶ
824 4657 959 4728 πρὸς
1006 4657 1166 4729 ληνὸν
1201 4659 1486 4730 ἐρχόμενοι
1532 4664 1984 4731 συμπατήσομεν.

409 4751 483 4803 Σὺ
513 4750 566 4802 (Σὲ
594 4751 686 4803 τὸν
711 4746 851 4803 οἶνον
884 4751 1003 4821 μεθ’
1034 4751 1192 4823 ήμῶν
1222 4753 1579 4823 μεριζόμενος
1611 4754 1707 4825 τὴν
1737 4750 1836 4823 μὲν
1887 4755 1988 4824 σὴν

406 4843 715 4914 ἀπόμοιραν
735 4843 999 4910 λάμϐανε,
1029 4846 1122 4897 καὶ
1151 4845 1226 4907 ὡς
1264 4845 1328 4898 ἂν
1358 4844 1563 4906 ἐθέλοις
1604 4844 1861 4898 ἀνάλισκε
1885 4860 1897 4872 ·
1930 4845 1991 4898 τὸ

408 4931 577 5003 μέρος
600 4932 657 4985 δὲ
686 4933 746 4985 τὸ
796 4935 1067 5005 ἡμέτερον
1106 4934 1225 4986 κατ’
1248 4934 1369 4997 ἔτος
1395 4935 1577 4989 ἐνθάδε
1615 4934 1887 4988 κατάϐαλε
1912 4936 1991 4996 εἰς

404 5020 561 5078 οἶκον
591 5023 781 5077 τοῦτον
809 5025 902 5077 τὸν
929 5026 1220 5096 ἡμέτερον,
1268 5032 1362 5080 καὶ
1412 5029 1572 5079 τοὲτο
1600 5030 1709 5090 τοῖς
1761 5029 1817 5080 ἐν
1846 5026 1993 5097 αύτῴ

410 5113 659 5170 νοσοῦσιν
686 5115 931 5186 ἀδελφοῖς
962 5118 1323 5188 καταμεριζε.

486 5209 592 5260 Καὶ
621 5206 793 5261 ταῦτα
845 5208 944 5279 μὲν
972 5205 1126 5262 εἷπον
1159 5211 1209 5263 ol
1264 5210 1559 5281 μάρτυρες,
1612 5212 1706 5265 καὶ
1738 5212 1798 5264 οὐ
1831 5212 1993 5279 μόνον

407 5295 585 5363 εἷπον,
630 5299 764 5353 ἀλλὰ
799 5301 893 5353 καὶ
917 5302 1190 5371 φήσαντες
1216 5303 1479 5373 ἔπραξαν.
1522 5304 1610 5356 Ἐν
1636 5303 1861 5371 Θηϐαΐδι
1885 5302 1993 5373 γὰρ

407 5390 652 5445 ἀνελθὼν
681 5392 711 5444 ό
752 5392 1057 5457 Ἀντώνιος,
1089 5394 1283 5447 θᾶττον
1316 5396 1392 5459 ὡς
1434 5395 1736 5465 ἐκελεύσθη
1770 5396 1993 5464 φυτεύει

407 5486 509 5553 τὴν
539 5482 804 5552 ἄμπελον,
829 5484 922 5536 ml.
940 5489 1066 5548 τοῦς
1101 5486 1289 5554 ἁγίους
1319 5490 1377 5540 ἐν
1412 5490 1579 5541 πᾶσιν
1600 5484 1679 5553 οἷς
1706 5491 1994 5559 εἰρήκασιν

411 5577 591 5648 εὑρὼν
610 5578 1029 5651 ἁιτιλήπτορας,
1055 5583 1523 5651 συμφυτεύοντας,
1552 5586 1988 5657 συντρυτῶντας,

411 5672 508 5725 καὶ
541 5671 666 5733 τοὺς
700 5670 931 5739 βότρυας
962 5674 1367 5739 σδνθλίϐοντας,
1403 5678 1493 5729 καί
1515 5677 1579 5747 δὴ
1618 5679 1873 5748 μέγιστον
1901 5680 1995 5730 εύ-

411 5762 735 5831 λοψῦντας,
766 5765 858 5815 καὶ
884 5766 1205 5828 σκέπονταε,
1230 5770 1322 5822 καὶ
1349 5769 1523 5824 πάντα
1546 5770 1752 5840 ἀρεστά
1784 5769 1999 5833 ποιοῦν-

413 5868 513 5914 τας
545 5853 636 5906 καὶ
663 5845 882 5906 ecum.
915 5853 1046 5906 Κατ’
1074 5856 1203 5908 αὐτὸ
1228 5856 1289 5925 δή
1316 5856 1374 5908 τὶ
1402 5856 1517 5921 ἔτος
1549 5858 1828 5930 διιὶιρυξεν,
1861 5859 1994 5929 ἐφύ-

2093 4668 2243 4714 tuam
2275 4657 3053 4732 accipe,etquomudocnuque
3090 4663 3224 4718 velis
3249 4662 3526 4731 expende;
3555 4678 3683 4733 par-

2093 4759 2200 4803 tem
2232 4765 2363 4805 vero
2401 4760 2642 4805 nostram
2686 4759 2793 4805 huc
2836 4766 2931 4821 per
2966 4752 3215 4823 singulos
3244 4769 3420 4809 annos
3448 4754 3680 4816 devebc.

2095 4841 2148 4894 in
2184 4841 2325 4896 hanc
2375 4840 2627 4895 videlicet
2675 4840 2899 4896 dounun
2955 4854 3225 4912 nostram,
3260 4852 3315 4899 et
3369 4845 3511 4901 hanc
3567 4846 3681 4900 Iane

2094 4934 2385 5003 gucntibus
2410 4933 2464 4985 in
2496 4949 2557 4987 ca
2597 4931 2861 4990 fratribus
2887 4934 3090 4991 divide.

2168 5208 2233 5263 Et
2266 5218 2533 5281 martyres
2566 5209 2786 5280 quidem
2817 5208 2931 5264 lucc
2954 5210 3232 5279 dixerunt,
3258 5222 3312 5267 ct
3362 5231 3467 5267 non
3507 5215 3681 5267 solum

2097 5304 2374 5365 dixerunt,
2426 5302 2519 5357 sed
2561 5309 2617 5356 ct
2657 5300 2910 5359 dicentes
2954 5316 3207 5374 egerunt.
3256 5303 3313 5360 In
3349 5305 3682 5362 Thebaidem

2099 5408 2337 5463 namque
2364 5407 2486 5446 cum
2521 5391 2769 5446 venisset
2800 5392 3097 5462 Antonius,
3126 5397 3517 5465 plantatocius
3542 5398 3686 5451 sicut

2093 5486 2286 5555 jussus
2320 5497 2403 5539 εει
2441 5482 2635 5549 vitem,
2673 5492 2900 5538 sanctos
2946 5484 2999 5538 in
3044 5485 3302 5541 omnibus
3335 5502 3457 5557 quae
3499 5486 3687 5541 dixere

2102 5579 2464 5650 opitulator-es
2512 5576 2822 5639 inveniens,
2860 5592 3049 5632 secum
3085 5578 3299 5633 scilicet
3347 5580 3683 5649 plantautes.

2104 5688 2287 5726 secum
2311 5669 2649 5732 excoleutes,
2676 5683 2863 5724 secum
2883 5669 3283 5726 viudemiantes
3309 5681 3362 5725 et
3393 5673 3687 5744 botryuncs

2100 5771 2305 5835 pariter
2336 5762 2782 5832 comprimentes,
2814 5769 2870 5816 et
2908 5762 3051 5831 quod
3097 5770 3181 5818 est
3220 5763 3562 5834 potissimum
3593 5763 3683 5817 bc-

2102 5857 2418 5913 ncdiccntcs
2439 5867 2490 5911 et
2518 5862 2890 5926 protegentes,
2914 5863 3075 5925 atque
3098 5858 3280 5913 omnia
3303 5873 3422 5925 quae
3448 5854 3682 5913 diﬂiciaiia
