  <div class='ocr_page' id='page_1' title='image "/cluster/home/n/w/nwhite01/storage/ocr_20150623/87 pars.3/pst.000005712915/418.png"; bbox 0 0 3930 6316; ppageno 0'>
   <div class='ocr_carea' id='block_1_1' title="bbox 317 230 464 293">
    <p class='ocr_par' dir='ltr' id='par_1_1' title="bbox 317 230 464 293">
     <span class='ocr_line' id='line_1_1' title="bbox 317 230 464 293; baseline -0.014 0"><span class='ocrx_word' id='word_1_1' title='bbox 317 230 464 293; x_wconf 70' lang='lat'><strong>3805</strong></span> 
     </span>
    </p>
   </div>
   <div class='ocr_carea' id='block_1_2' title="bbox 1350 236 2587 303">
    <p class='ocr_par' dir='ltr' id='par_1_2' title="bbox 1350 236 2587 303">
     <span class='ocr_line' id='line_1_2' title="bbox 1350 236 2587 303; baseline 0.002 -5"><span class='ocrx_word' id='word_1_2' title='bbox 1350 237 1453 300; x_wconf 89' lang='lat' dir='ltr'><strong>SS.</strong></span> <span class='ocrx_word' id='word_1_3' title='bbox 1490 239 1664 300; x_wconf 74' lang='lat' dir='ltr'><strong>CYlll</strong></span> <span class='ocrx_word' id='word_1_4' title='bbox 1687 236 1780 299; x_wconf 85' lang='lat' dir='ltr'><strong>ET</strong></span> <span class='ocrx_word' id='word_1_5' title='bbox 1809 237 2130 299; x_wconf 80' lang='lat' dir='ltr'><strong>JOANNIS</strong></span> <span class='ocrx_word' id='word_1_6' title='bbox 2168 240 2587 303; x_wconf 73' lang='lat' dir='ltr'><strong>MIRACULA.</strong></span> 
     </span>
    </p>
   </div>
   <div class='ocr_carea' id='block_1_3' title="bbox 3496 190 3524 214">
    <p class='ocr_par' dir='ltr' id='par_1_3' title="bbox 3496 190 3524 214">
     <span class='ocr_line' id='line_1_3' title="bbox 3496 190 3524 214; baseline 0 0"><span class='ocrx_word' id='word_1_7' title='bbox 3496 190 3524 214; x_wconf 77' lang='grc' dir='ltr'><em>Ι</em></span> 
     </span>
    </p>
   </div>
   <div class='ocr_carea' id='block_1_4' title="bbox 3435 238 3578 303">
    <p class='ocr_par' dir='ltr' id='par_1_4' title="bbox 3435 238 3578 303">
     <span class='ocr_line' id='line_1_4' title="bbox 3435 238 3578 303; baseline 0 0"><span class='ocrx_word' id='word_1_8' title='bbox 3435 238 3578 303; x_wconf 71' lang='lat'><strong>3606</strong></span> 
     </span>
    </p>
   </div>
   <div class='ocr_carea' id='block_1_5' title="bbox 317 341 1904 417">
    <p class='ocr_par' dir='ltr' id='par_1_5' title="bbox 317 341 1902 417">
     <span class='ocr_line' id='line_1_5' title="bbox 317 341 1902 417; baseline 0.004 -25"><span class='ocrx_word' id='word_1_9' title='bbox 317 342 549 411; x_wconf 74' lang='grc' dir='ltr'>ὥρμητο</span> <span class='ocrx_word' id='word_1_10' title='bbox 578 342 675 411; x_wconf 77' lang='grc' dir='ltr'>τῆς</span> <span class='ocrx_word' id='word_1_11' title='bbox 698 342 840 395; x_wconf 73' lang='grc' dir='ltr'>κατὰ</span> <span class='ocrx_word' id='word_1_12' title='bbox 868 341 996 396; x_wconf 77' lang='grc' dir='ltr'><strong>Σαῒν</strong></span> <span class='ocrx_word' id='word_1_13' title='bbox 1022 342 1120 413; x_wconf 74' lang='grc' dir='ltr'>τὴν</span> <span class='ocrx_word' id='word_1_14' title='bbox 1152 344 1303 398; x_wconf 83' lang='grc' dir='ltr'>πόλιν</span> <span class='ocrx_word' id='word_1_15' title='bbox 1334 346 1649 417; x_wconf 83' lang='grc' dir='ltr'>Μετήλεως.</span> <span class='ocrx_word' id='word_1_16' title='bbox 1676 346 1902 406; x_wconf 75' lang='grc' dir='ltr'><strong>Τούτοις</strong></span> 
     </span>
    </p>
   </div>
   <div class='ocr_carea' id='block_1_6' title="bbox 2012 341 3589 417">
    <p class='ocr_par' dir='ltr' id='par_1_6' title="bbox 2012 344 3589 416">
     <span class='ocr_line' id='line_1_6' title="bbox 2012 344 3589 416; baseline 0.001 -18"><span class='ocrx_word' id='word_1_17' title='bbox 2012 346 2288 415; x_wconf 80' lang='lat' dir='ltr'><strong>coquitur.</strong></span> <span class='ocrx_word' id='word_1_18' title='bbox 2323 346 2593 403; x_wconf 70' lang='lat' dir='ltr'><strong>Praeterea</strong></span> <span class='ocrx_word' id='word_1_19' title='bbox 2623 345 2896 413; x_wconf 69' lang='lat' dir='ltr'><strong>Georgius</strong></span> <span class='ocrx_word' id='word_1_20' title='bbox 2933 344 3301 416; x_wconf 81' lang='lat' dir='ltr'><strong>possessionis</strong></span> <span class='ocrx_word' id='word_1_21' title='bbox 3341 355 3459 400; x_wconf 88' lang='lat' dir='ltr'><strong>erat</strong></span> <span class='ocrx_word' id='word_1_22' title='bbox 3490 364 3589 402; x_wconf 83' lang='lat' dir='ltr'><strong>cu-</strong></span> 
     </span>
    </p>
   </div>
   <div class='ocr_carea' id='block_1_7' title="bbox 316 432 1900 508">
    <p class='ocr_par' dir='ltr' id='par_1_7' title="bbox 316 432 1900 508">
     <span class='ocr_line' id='line_1_7' title="bbox 316 432 1900 508; baseline 0.004 -24"><span class='ocrx_word' id='word_1_23' title='bbox 316 434 384 485; x_wconf 73' lang='grc' dir='ltr'>ὲκ</span> <span class='ocrx_word' id='word_1_24' title='bbox 413 432 686 504; x_wconf 70' lang='grc' dir='ltr'>διαφόρων</span> <span class='ocrx_word' id='word_1_25' title='bbox 739 434 1058 505; x_wconf 70' lang='grc' dir='ltr'><strong>ἐρχομένοις</strong></span> <span class='ocrx_word' id='word_1_26' title='bbox 1097 437 1280 489; x_wconf 82' lang='grc' dir='ltr'>τόπων</span> <span class='ocrx_word' id='word_1_27' title='bbox 1342 438 1722 508; x_wconf 76' lang='grc' dir='ltr'>προσκυνῆσαι</span> <span class='ocrx_word' id='word_1_28' title='bbox 1772 438 1900 500; x_wconf 78' lang='grc' dir='ltr'>τοὺς</span> 
     </span>
    </p>
   </div>
   <div class='ocr_carea' id='block_1_8' title="bbox 323 524 1902 599">
    <p class='ocr_par' dir='ltr' id='par_1_8' title="bbox 323 524 1902 599">
     <span class='ocr_line' id='line_1_8' title="bbox 323 524 1902 599; baseline 0.004 -22"><span class='ocrx_word' id='word_1_29' title='bbox 323 524 632 596; x_wconf 76' lang='grc' dir='ltr'>μάρτυρας,</span> <span class='ocrx_word' id='word_1_30' title='bbox 688 526 889 594; x_wconf 83' lang='grc' dir='ltr'>γύναια</span> <span class='ocrx_word' id='word_1_31' title='bbox 960 529 1054 583; x_wconf 80' lang='grc' dir='ltr'><strong>δύο</strong></span> <span class='ocrx_word' id='word_1_32' title='bbox 1098 529 1355 596; x_wconf 76' lang='grc' dir='ltr'>διάφορα,</span> <span class='ocrx_word' id='word_1_33' title='bbox 1379 530 1475 583; x_wconf 58' lang='grc' dir='ltr'><strong>καὶ¹</strong></span> <span class='ocrx_word' id='word_1_34' title='bbox 1498 530 1679 583; x_wconf 88' lang='grc' dir='ltr'>τόπων</span> <span class='ocrx_word' id='word_1_35' title='bbox 1709 530 1869 599; x_wconf 81' lang='grc' dir='ltr'>διαφό</span> <span class='ocrx_word' id='word_1_36' title='bbox 1888 559 1902 570; x_wconf 90' lang='grc'><strong>-</strong></span> 
     </span>
    </p>
   </div>
   <div class='ocr_carea' id='block_1_9' title="bbox 322 614 1919 690">
    <p class='ocr_par' dir='ltr' id='par_1_9' title="bbox 322 614 1919 690">
     <span class='ocr_line' id='line_1_9' title="bbox 322 614 1919 690; baseline 0.004 -23"><span class='ocrx_word' id='word_1_37' title='bbox 322 631 435 684; x_wconf 88' lang='grc' dir='ltr'><strong>ρων</strong></span> <span class='ocrx_word' id='word_1_38' title='bbox 465 614 787 686; x_wconf 82' lang='grc' dir='ltr'><strong>ὁρμώμενα,</strong></span> <span class='ocrx_word' id='word_1_39' title='bbox 849 618 1165 690; x_wconf 83' lang='grc' dir='ltr'>προσφορὰς</span> <span class='ocrx_word' id='word_1_40' title='bbox 1219 619 1512 690; x_wconf 79' lang='grc' dir='ltr'><strong>διαφόρους</strong></span> <span class='ocrx_word' id='word_1_41' title='bbox 1556 624 1669 684; x_wconf 77' lang='grc' dir='ltr'>τοῖς</span> <span class='ocrx_word' id='word_1_42' title='bbox 1727 623 1919 689; x_wconf 65' lang='grc' dir='ltr'>ἁγίοις</span> 
     </span>
    </p>
   </div>
   <div class='ocr_carea' id='block_1_10' title="bbox 322 708 1902 784">
    <p class='ocr_par' dir='ltr' id='par_1_10' title="bbox 322 708 1902 784">
     <span class='ocr_line' id='line_1_10' title="bbox 322 708 1902 784; baseline 0.008 -26"><span class='ocrx_word' id='word_1_43' title='bbox 322 708 661 779; x_wconf 79' lang='grc' dir='ltr'><strong>προσφέρειν</strong></span> <span class='ocrx_word' id='word_1_44' title='bbox 713 709 1064 780; x_wconf 67' lang='grc' dir='ltr'>παρέχουσιν*</span> <span class='ocrx_word' id='word_1_45' title='bbox 1090 712 1168 782; x_wconf 81' lang='grc' dir='ltr'>τῷ</span> <span class='ocrx_word' id='word_1_46' title='bbox 1188 713 1286 782; x_wconf 79' lang='grc' dir='ltr'>μὲν</span> <span class='ocrx_word' id='word_1_47' title='bbox 1321 712 1432 782; x_wconf 70' lang='grc' dir='ltr'><strong>γὰρ</strong></span> <span class='ocrx_word' id='word_1_48' title='bbox 1517 714 1749 784; x_wconf 85' lang='grc' dir='ltr'>Πιαμὼο</span> <span class='ocrx_word' id='word_1_49' title='bbox 1784 733 1902 784; x_wconf 78' lang='grc' dir='ltr'>τρι-</span> 
     </span>
    </p>
   </div>
   <div class='ocr_carea' id='block_1_11' title="bbox 326 783 1903 872">
    <p class='ocr_par' dir='ltr' id='par_1_11' title="bbox 326 783 1903 872">
     <span class='ocr_line' id='line_1_11' title="bbox 326 783 1903 872; baseline 0.004 -24"><span class='ocrx_word' id='word_1_50' title='bbox 326 798 535 866; x_wconf 79' lang='grc' dir='ltr'>μήτσια</span> <span class='ocrx_word' id='word_1_51' title='bbox 567 798 662 850; x_wconf 83' lang='grc' dir='ltr'><strong>δύο</strong></span> <span class='ocrx_word' id='word_1_52' title='bbox 698 798 949 852; x_wconf 85' lang='grc' dir='ltr'>δέδωκεν·</span> <span class='ocrx_word' id='word_1_53' title='bbox 979 783 1043 852; x_wconf 77' lang='grc' dir='ltr'><strong>ὗν</strong></span> <span class='ocrx_word' id='word_1_54' title='bbox 1068 800 1125 854; x_wconf 79' lang='grc' dir='ltr'>δὲ</span> <span class='ocrx_word' id='word_1_55' title='bbox 1157 801 1248 855; x_wconf 72' lang='grc' dir='ltr'>καὶ</span> <span class='ocrx_word' id='word_1_56' title='bbox 1273 800 1350 871; x_wconf 80' lang='grc' dir='ltr'>τῷ</span> <span class='ocrx_word' id='word_1_57' title='bbox 1376 783 1640 872; x_wconf 16' lang='grc' dir='ltr'>Γεωργίῳί</span> <span class='ocrx_word' id='word_1_58' title='bbox 1662 783 1903 872; x_wconf 75' lang='grc' dir='ltr'>παρέσχε</span> 
     </span>
    </p>
   </div>
   <div class='ocr_carea' id='block_1_12' title="bbox 325 889 1905 963">
    <p class='ocr_par' dir='ltr' id='par_1_12' title="bbox 325 889 1905 963">
     <span class='ocr_line' id='line_1_12' title="bbox 325 889 1905 963; baseline 0.004 -23"><span class='ocrx_word' id='word_1_59' title='bbox 325 890 385 940; x_wconf 56' lang='grc' dir='ltr'><strong>τι</strong></span> <span class='ocrx_word' id='word_1_60' title='bbox 422 889 630 960; x_wconf 70' lang='grc' dir='ltr'>ἓτερον*</span> <span class='ocrx_word' id='word_1_61' title='bbox 662 890 698 944; x_wconf 77' lang='grc' dir='ltr'><strong>ἃ.</strong></span> <span class='ocrx_word' id='word_1_62' title='bbox 719 889 788 942; x_wconf 88' lang='grc' dir='ltr'><strong>δι’</strong></span> <span class='ocrx_word' id='word_1_63' title='bbox 816 891 1010 943; x_wconf 76' lang='grc' dir='ltr'>ἑαυτὸν</span> <span class='ocrx_word' id='word_1_64' title='bbox 1043 892 1141 963; x_wconf 85' lang='grc' dir='ltr'>μὲν</span> <span class='ocrx_word' id='word_1_65' title='bbox 1166 892 1355 960; x_wconf 73' lang='grc' dir='ltr'>ἔλεγον</span> <span class='ocrx_word' id='word_1_66' title='bbox 1378 894 1605 961; x_wconf 73' lang='grc' dir='ltr'>ἐνέγκαι</span> <span class='ocrx_word' id='word_1_67' title='bbox 1642 895 1905 960; x_wconf 75' lang='grc' dir='ltr'>συντάξα-</span> 
     </span>
    </p>
   </div>
   <div class='ocr_carea' id='block_1_13' title="bbox 326 981 1904 1056">
    <p class='ocr_par' dir='ltr' id='par_1_13' title="bbox 326 981 1904 1056">
     <span class='ocr_line' id='line_1_13' title="bbox 326 981 1904 1056; baseline 0.003 -22"><span class='ocrx_word' id='word_1_68' title='bbox 326 981 472 1045; x_wconf 79' lang='grc' dir='ltr'>σθαι,</span> <span class='ocrx_word' id='word_1_69' title='bbox 512 981 588 1052; x_wconf 79' lang='grc' dir='ltr'>μὴ</span> <span class='ocrx_word' id='word_1_70' title='bbox 615 981 909 1050; x_wconf 81' lang='grc' dir='ltr'>δυνάμεναι</span> <span class='ocrx_word' id='word_1_71' title='bbox 937 983 994 1037; x_wconf 77' lang='grc' dir='ltr'>δὲ</span> <span class='ocrx_word' id='word_1_72' title='bbox 1036 983 1208 1037; x_wconf 83' lang='grc' dir='ltr'>ταῦτα</span> <span class='ocrx_word' id='word_1_73' title='bbox 1238 985 1305 1037; x_wconf 70' lang='grc' dir='ltr'><strong>δῖ’</strong></span> <span class='ocrx_word' id='word_1_74' title='bbox 1353 985 1562 1039; x_wconf 79' lang='grc' dir='ltr'><strong>ἑαυτῶν</strong></span> <span class='ocrx_word' id='word_1_75' title='bbox 1606 986 1904 1056; x_wconf 83' lang='grc' dir='ltr'>προσενέγ-</span> 
     </span>
    </p>
   </div>
   <div class='ocr_carea' id='block_1_14' title="bbox 324 1074 1908 1147">
    <p class='ocr_par' dir='ltr' id='par_1_14' title="bbox 324 1074 1908 1147">
     <span class='ocr_line' id='line_1_14' title="bbox 324 1074 1908 1147; baseline 0.002 -21"><span class='ocrx_word' id='word_1_76' title='bbox 324 1075 547 1137; x_wconf 86' lang='grc' dir='ltr'>κασθαι,</span> <span class='ocrx_word' id='word_1_77' title='bbox 608 1074 822 1144; x_wconf 82' lang='grc' dir='ltr'><strong>ἀνάγκῃ</strong></span> <span class='ocrx_word' id='word_1_78' title='bbox 858 1074 1004 1137; x_wconf 80' lang='grc' dir='ltr'>τινὸς</span> <span class='ocrx_word' id='word_1_79' title='bbox 1052 1074 1149 1146; x_wconf 81' lang='grc' dir='ltr'>τὴν</span> <span class='ocrx_word' id='word_1_80' title='bbox 1177 1075 1405 1147; x_wconf 77' lang='grc' dir='ltr'><strong>πορείαν</strong></span> <span class='ocrx_word' id='word_1_81' title='bbox 1428 1074 1752 1141; x_wconf 78' lang='grc' dir='ltr'>κωλύοντος,</span> <span class='ocrx_word' id='word_1_82' title='bbox 1794 1077 1908 1129; x_wconf 77' lang='grc' dir='ltr'>διαο</span> 
     </span>
    </p>
   </div>
   <div class='ocr_carea' id='block_1_15' title="bbox 325 1164 1903 1236">
    <p class='ocr_par' dir='ltr' id='par_1_15' title="bbox 325 1164 1903 1236">
     <span class='ocr_line' id='line_1_15' title="bbox 325 1164 1903 1236; baseline 0.002 -19"><span class='ocrx_word' id='word_1_83' title='bbox 325 1166 507 1227; x_wconf 68' lang='grc' dir='ltr'>κόνοις</span> <span class='ocrx_word' id='word_1_84' title='bbox 533 1164 746 1227; x_wconf 81' lang='grc' dir='ltr'><strong>τούτοις</strong></span> <span class='ocrx_word' id='word_1_85' title='bbox 766 1166 1085 1236; x_wconf 78' lang='grc' dir='ltr'>ἐκέχρηντο,</span> <span class='ocrx_word' id='word_1_86' title='bbox 1114 1167 1199 1220; x_wconf 85' lang='grc' dir='ltr'>ἵνα</span> <span class='ocrx_word' id='word_1_87' title='bbox 1238 1166 1409 1220; x_wconf 77' lang='grc' dir='ltr'>ταῦτά</span> <span class='ocrx_word' id='word_1_88' title='bbox 1438 1184 1602 1233; x_wconf 84' lang='grc' dir='ltr'>φασιν</span> <span class='ocrx_word' id='word_1_89' title='bbox 1631 1169 1903 1232; x_wconf 85' lang='grc' dir='ltr'>ἀπιόντες,</span> 
     </span>
    </p>
   </div>
   <div class='ocr_carea' id='block_1_16' title="bbox 324 1256 1907 1331">
    <p class='ocr_par' dir='ltr' id='par_1_16' title="bbox 324 1256 1907 1331">
     <span class='ocr_line' id='line_1_16' title="bbox 324 1256 1907 1331; baseline 0.003 -23"><span class='ocrx_word' id='word_1_90' title='bbox 324 1258 442 1318; x_wconf 85' lang='grc' dir='ltr'>τοῖς</span> <span class='ocrx_word' id='word_1_91' title='bbox 458 1256 634 1323; x_wconf 82' lang='grc' dir='ltr'><strong>ἁγίοις</strong></span> <span class='ocrx_word' id='word_1_92' title='bbox 649 1256 791 1326; x_wconf 85' lang='grc' dir='ltr'>ὑπὲρ</span> <span class='ocrx_word' id='word_1_93' title='bbox 808 1257 965 1328; x_wconf 85' lang='grc' dir='ltr'>ήμῶν</span> <span class='ocrx_word' id='word_1_94' title='bbox 983 1258 1414 1330; x_wconf 81' lang='grc' dir='ltr'>προσκομίσητε·</span> <span class='ocrx_word' id='word_1_95' title='bbox 1437 1259 1594 1331; x_wconf 91' lang='grc' dir='ltr'>χρέος</span> <span class='ocrx_word' id='word_1_96' title='bbox 1609 1260 1715 1329; x_wconf 86' lang='grc' dir='ltr'>γὰρ</span> <span class='ocrx_word' id='word_1_97' title='bbox 1738 1262 1907 1313; x_wconf 84' lang='grc' dir='ltr'>ταῦτα</span> 
     </span>
    </p>
   </div>
   <div class='ocr_carea' id='block_1_17' title="bbox 328 1347 1905 1423">
    <p class='ocr_par' dir='ltr' id='par_1_17' title="bbox 328 1347 1905 1423">
     <span class='ocr_line' id='line_1_17' title="bbox 328 1347 1905 1423; baseline 0.003 -23"><span class='ocrx_word' id='word_1_98' title='bbox 328 1350 422 1401; x_wconf 64' lang='grc' dir='ltr'>καὶ</span> <span class='ocrx_word' id='word_1_99' title='bbox 456 1349 514 1399; x_wconf 76' lang='grc' dir='ltr'><strong>οὐ</strong></span> <span class='ocrx_word' id='word_1_100' title='bbox 544 1347 716 1417; x_wconf 82' lang='grc' dir='ltr'>δῶρον</span> <span class='ocrx_word' id='word_1_101' title='bbox 767 1349 1147 1419; x_wconf 81' lang='grc' dir='ltr'><strong>τυγχάνουσιν.</strong></span> <span class='ocrx_word' id='word_1_102' title='bbox 1183 1351 1247 1402; x_wconf 84' lang='grc' dir='ltr'>Οί</span> <span class='ocrx_word' id='word_1_103' title='bbox 1295 1350 1353 1404; x_wconf 71' lang='grc' dir='ltr'>δὲ</span> <span class='ocrx_word' id='word_1_104' title='bbox 1384 1353 1483 1413; x_wconf 73' lang='grc' dir='ltr'>τὰς</span> <span class='ocrx_word' id='word_1_105' title='bbox 1510 1352 1761 1423; x_wconf 78' lang='grc' dir='ltr'><strong>αἰτήσεις</strong></span> <span class='ocrx_word' id='word_1_106' title='bbox 1795 1352 1905 1405; x_wconf 83' lang='grc' dir='ltr'><strong>τῶν</strong></span> 
     </span>
    </p>
   </div>
   <div class='ocr_carea' id='block_1_18' title="bbox 324 1439 1909 1514">
    <p class='ocr_par' dir='ltr' id='par_1_18' title="bbox 324 1439 1909 1514">
     <span class='ocr_line' id='line_1_18' title="bbox 324 1439 1909 1514; baseline 0.004 -22"><span class='ocrx_word' id='word_1_107' title='bbox 324 1440 565 1509; x_wconf 86' lang='grc' dir='ltr'>γυναίων</span> <span class='ocrx_word' id='word_1_108' title='bbox 620 1439 926 1508; x_wconf 76' lang='grc' dir='ltr'><strong>δεξάμενοι,</strong></span> <span class='ocrx_word' id='word_1_109' title='bbox 981 1442 1079 1496; x_wconf 82' lang='grc' dir='ltr'>σὺν</span> <span class='ocrx_word' id='word_1_110' title='bbox 1124 1444 1314 1506; x_wconf 81' lang='grc' dir='ltr'>αὑταῖς</span> <span class='ocrx_word' id='word_1_111' title='bbox 1338 1445 1432 1496; x_wconf 78' lang='grc' dir='ltr'>καὶ</span> <span class='ocrx_word' id='word_1_112' title='bbox 1451 1442 1519 1497; x_wconf 89' lang='grc' dir='ltr'><strong>τὰ</strong></span> <span class='ocrx_word' id='word_1_113' title='bbox 1548 1444 1799 1514; x_wconf 80' lang='grc' dir='ltr'>διδόμενα</span> <span class='ocrx_word' id='word_1_114' title='bbox 1823 1445 1909 1498; x_wconf 84' lang='grc' dir='ltr'>δέ·</span> 
     </span>
    </p>
   </div>
   <div class='ocr_carea' id='block_1_19' title="bbox 326 1532 1908 1608">
    <p class='ocr_par' dir='ltr' id='par_1_19' title="bbox 326 1532 1908 1608">
     <span class='ocr_line' id='line_1_19' title="bbox 326 1532 1908 1608; baseline 0.004 -25"><span class='ocrx_word' id='word_1_115' title='bbox 326 1549 529 1600; x_wconf 84' lang='grc' dir='ltr'>χονται,</span> <span class='ocrx_word' id='word_1_116' title='bbox 556 1532 617 1583; x_wconf 82' lang='grc' dir='ltr'><strong>οὐ</strong></span> <span class='ocrx_word' id='word_1_117' title='bbox 652 1532 1006 1601; x_wconf 72' lang='grc' dir='ltr'>φιλαδελφίας</span> <span class='ocrx_word' id='word_1_118' title='bbox 1064 1533 1232 1588; x_wconf 73' lang='grc' dir='ltr'>ἕνεκα</span> <span class='ocrx_word' id='word_1_119' title='bbox 1285 1536 1378 1588; x_wconf 72' lang='grc' dir='ltr'>καὶ</span> <span class='ocrx_word' id='word_1_120' title='bbox 1432 1536 1601 1606; x_wconf 76' lang='grc' dir='ltr'>τιμῆς</span> <span class='ocrx_word' id='word_1_121' title='bbox 1630 1536 1730 1607; x_wconf 82' lang='grc' dir='ltr'>τῆς</span> <span class='ocrx_word' id='word_1_122' title='bbox 1770 1537 1908 1608; x_wconf 85' lang='grc' dir='ltr'>πρὸς</span> 
     </span>
    </p>
   </div>
   <div class='ocr_carea' id='block_1_20' title="bbox 323 1623 1904 1699">
    <p class='ocr_par' dir='ltr' id='par_1_20' title="bbox 323 1623 1904 1699">
     <span class='ocr_line' id='line_1_20' title="bbox 323 1623 1904 1699; baseline 0.004 -24"><span class='ocrx_word' id='word_1_123' title='bbox 323 1626 454 1686; x_wconf 65' lang='grc' dir='ltr'>τοὶς</span> <span class='ocrx_word' id='word_1_124' title='bbox 487 1623 796 1694; x_wconf 83' lang='grc' dir='ltr'>μάρτυρας,</span> <span class='ocrx_word' id='word_1_125' title='bbox 827 1624 1073 1696; x_wconf 78' lang='grc' dir='ltr'>ὑπῆρχον</span> <span class='ocrx_word' id='word_1_126' title='bbox 1095 1627 1205 1698; x_wconf 72' lang='grc' dir='ltr'><strong>γὰρ</strong></span> <span class='ocrx_word' id='word_1_127' title='bbox 1226 1629 1290 1678; x_wconf 77' lang='grc' dir='ltr'>ἂν</span> <span class='ocrx_word' id='word_1_128' title='bbox 1321 1628 1413 1681; x_wconf 80' lang='grc' dir='ltr'>καὶ</span> <span class='ocrx_word' id='word_1_129' title='bbox 1442 1628 1727 1699; x_wconf 84' lang='grc' dir='ltr'>μακάριοι,</span> <span class='ocrx_word' id='word_1_130' title='bbox 1761 1646 1904 1699; x_wconf 84' lang='grc' dir='ltr'>μαρ-</span> 
     </span>
    </p>
   </div>
   <div class='ocr_carea' id='block_1_21' title="bbox 322 1715 1904 1792">
    <p class='ocr_par' dir='ltr' id='par_1_21' title="bbox 322 1715 1904 1792">
     <span class='ocr_line' id='line_1_21' title="bbox 322 1715 1904 1792; baseline 0.005 -25"><span class='ocrx_word' id='word_1_131' title='bbox 322 1715 547 1784; x_wconf 75' lang='grc' dir='ltr'>τυρικοῦ</span> <span class='ocrx_word' id='word_1_132' title='bbox 587 1716 929 1786; x_wconf 80' lang='grc' dir='ltr'>σεόάσματος</span> <span class='ocrx_word' id='word_1_133' title='bbox 970 1720 1064 1772; x_wconf 78' lang='grc' dir='ltr'>καὶ</span> <span class='ocrx_word' id='word_1_134' title='bbox 1121 1719 1473 1790; x_wconf 85' lang='grc' dir='ltr'>φιλαλληλίας</span> <span class='ocrx_word' id='word_1_135' title='bbox 1525 1722 1687 1792; x_wconf 86' lang='grc' dir='ltr'>χάριν</span> <span class='ocrx_word' id='word_1_136' title='bbox 1745 1724 1904 1775; x_wconf 84' lang='grc' dir='ltr'>τοῦτο</span> 
     </span>
    </p>
   </div>
   <div class='ocr_carea' id='block_1_22' title="bbox 323 1806 1905 1884">
    <p class='ocr_par' dir='ltr' id='par_1_22' title="bbox 323 1806 1905 1884">
     <span class='ocr_line' id='line_1_22' title="bbox 323 1806 1905 1884; baseline 0.006 -26"><span class='ocrx_word' id='word_1_137' title='bbox 323 1806 660 1877; x_wconf 75' lang='grc' dir='ltr'>ποιούμενοι·</span> <span class='ocrx_word' id='word_1_138' title='bbox 699 1808 815 1862; x_wconf 87' lang='grc' dir='ltr'>ἀλλ’</span> <span class='ocrx_word' id='word_1_139' title='bbox 861 1809 943 1863; x_wconf 80' lang='grc' dir='ltr'>ὅτι</span> <span class='ocrx_word' id='word_1_140' title='bbox 970 1810 1199 1864; x_wconf 83' lang='grc' dir='ltr'>κλέπται</span> <span class='ocrx_word' id='word_1_141' title='bbox 1246 1806 1391 1882; x_wconf 82' lang='grc' dir='ltr'>ἦσαν</span> <span class='ocrx_word' id='word_1_142' title='bbox 1420 1828 1435 1843; x_wconf 89' lang='grc'><strong>·</strong></span> <span class='ocrx_word' id='word_1_143' title='bbox 1467 1812 1628 1867; x_wconf 77' lang='grc' dir='ltr'>τοῦτο</span> <span class='ocrx_word' id='word_1_144' title='bbox 1658 1813 1768 1884; x_wconf 81' lang='grc' dir='ltr'><strong>γὰρ</strong></span> <span class='ocrx_word' id='word_1_145' title='bbox 1811 1816 1905 1868; x_wconf 75' lang='grc' dir='ltr'>καὶ</span> 
     </span>
    </p>
   </div>
   <div class='ocr_carea' id='block_1_23' title="bbox 323 1899 1906 1978">
    <p class='ocr_par' dir='ltr' id='par_1_23' title="bbox 323 1899 1906 1978">
     <span class='ocr_line' id='line_1_23' title="bbox 323 1899 1906 1978; baseline 0.008 -28"><span class='ocrx_word' id='word_1_146' title='bbox 323 1899 455 1969; x_wconf 75' lang='grc' dir='ltr'>περὶ</span> <span class='ocrx_word' id='word_1_147' title='bbox 487 1899 693 1975; x_wconf 67' lang='grc' dir='ltr'>τουτων</span> <span class='ocrx_word' id='word_1_148' title='bbox 738 1902 915 1955; x_wconf 85' lang='grc' dir='ltr'>εἰπεῖν</span> <span class='ocrx_word' id='word_1_149' title='bbox 971 1904 1114 1956; x_wconf 72' lang='grc' dir='ltr'>κατὰ</span> <span class='ocrx_word' id='word_1_150' title='bbox 1138 1903 1230 1957; x_wconf 77' lang='grc' dir='ltr'><strong>τὸν</strong></span> <span class='ocrx_word' id='word_1_151' title='bbox 1278 1904 1423 1959; x_wconf 82' lang='grc' dir='ltr'>θεῖον</span> <span class='ocrx_word' id='word_1_152' title='bbox 1456 1905 1712 1978; x_wconf 82' lang='grc' dir='ltr'>Ἰωάννην</span> <span class='ocrx_word' id='word_1_153' title='bbox 1757 1910 1906 1962; x_wconf 75' lang='grc' dir='ltr'>ἐστὶν</span> 
     </span>
    </p>
   </div>
   <div class='ocr_carea' id='block_1_24' title="bbox 323 1990 1902 2070">
    <p class='ocr_par' dir='ltr' id='par_1_24' title="bbox 323 1990 1902 2070">
     <span class='ocr_line' id='line_1_24' title="bbox 323 1990 1902 2070; baseline 0.007 -28"><span class='ocrx_word' id='word_1_154' title='bbox 323 1990 581 2060; x_wconf 78' lang='grc' dir='ltr'>ἁρμόδιον</span> <span class='ocrx_word' id='word_1_155' title='bbox 604 2007 619 2023; x_wconf 89' lang='grc'><strong>·</strong></span> <span class='ocrx_word' id='word_1_156' title='bbox 653 1992 746 2045; x_wconf 73' lang='grc' dir='ltr'>καὶ</span> <span class='ocrx_word' id='word_1_157' title='bbox 766 1993 828 2045; x_wconf 75' lang='grc' dir='ltr'>τὸ</span> <span class='ocrx_word' id='word_1_158' title='bbox 856 1993 1010 2047; x_wconf 82' lang='grc' dir='ltr'>δοθὲν</span> <span class='ocrx_word' id='word_1_159' title='bbox 1040 1996 1242 2048; x_wconf 82' lang='grc' dir='ltr'>οἰκεῖον</span> <span class='ocrx_word' id='word_1_160' title='bbox 1278 1997 1626 2068; x_wconf 75' lang='grc' dir='ltr'>προσεδόκων</span> <span class='ocrx_word' id='word_1_161' title='bbox 1678 1998 1902 2070; x_wconf 78' lang='grc' dir='ltr'>λημμά-</span> 
     </span>
    </p>
   </div>
   <div class='ocr_carea' id='block_1_25' title="bbox 320 2081 1906 2157">
    <p class='ocr_par' dir='ltr' id='par_1_25' title="bbox 320 2081 1906 2157">
     <span class='ocr_line' id='line_1_25' title="bbox 320 2081 1906 2157; baseline 0.005 -24"><span class='ocrx_word' id='word_1_162' title='bbox 320 2098 439 2133; x_wconf 83' lang='grc' dir='ltr'>τιον</span> <span class='ocrx_word' id='word_1_163' title='bbox 461 2097 473 2109; x_wconf 89' lang='grc'><strong>·</strong></span> <span class='ocrx_word' id='word_1_164' title='bbox 502 2081 531 2134; x_wconf 82' lang='grc' dir='ltr'><strong>ὃ</strong></span> <span class='ocrx_word' id='word_1_165' title='bbox 552 2081 646 2135; x_wconf 78' lang='grc' dir='ltr'><strong>καὶ</strong></span> <span class='ocrx_word' id='word_1_166' title='bbox 691 2100 759 2134; x_wconf 89' lang='grc' dir='ltr'><strong>πε</strong></span> <span class='ocrx_word' id='word_1_167' title='bbox 771 2084 1065 2154; x_wconf 83' lang='grc' dir='ltr'>πράχασιν.</span> <span class='ocrx_word' id='word_1_168' title='bbox 1113 2089 1333 2153; x_wconf 82' lang='grc' dir='ltr'>ἀγνοεῖν</span> <span class='ocrx_word' id='word_1_169' title='bbox 1380 2086 1540 2142; x_wconf 80' lang='grc' dir='ltr'>τοῦτο</span> <span class='ocrx_word' id='word_1_170' title='bbox 1565 2090 1693 2153; x_wconf 84' lang='grc' dir='ltr'>τοὺς</span> <span class='ocrx_word' id='word_1_171' title='bbox 1717 2091 1906 2157; x_wconf 86' lang='grc' dir='ltr'>ἁγίους</span> 
     </span>
    </p>
   </div>
   <div class='ocr_carea' id='block_1_26' title="bbox 320 2172 1907 2252">
    <p class='ocr_par' dir='ltr' id='par_1_26' title="bbox 320 2172 1907 2252">
     <span class='ocr_line' id='line_1_26' title="bbox 320 2172 1907 2252; baseline 0.008 -28"><span class='ocrx_word' id='word_1_172' title='bbox 320 2172 579 2242; x_wconf 68' lang='grc' dir='ltr'>οἰόμενοι.</span> <span class='ocrx_word' id='word_1_173' title='bbox 622 2173 762 2227; x_wconf 79' lang='grc' dir='ltr'>Ἀλλ’</span> <span class='ocrx_word' id='word_1_174' title='bbox 789 2174 957 2239; x_wconf 72' lang='grc' dir='ltr'>ὅντως</span> <span class='ocrx_word' id='word_1_175' title='bbox 994 2177 1046 2229; x_wconf 85' lang='grc' dir='ltr'><strong>οι</strong></span> <span class='ocrx_word' id='word_1_176' title='bbox 1077 2178 1300 2232; x_wconf 85' lang='grc' dir='ltr'>δείλαιοι</span> <span class='ocrx_word' id='word_1_177' title='bbox 1362 2180 1664 2252; x_wconf 82' lang='grc' dir='ltr'>ἀμφότεροι</span> <span class='ocrx_word' id='word_1_178' title='bbox 1718 2182 1907 2247; x_wconf 80' lang='grc' dir='ltr'>κακῶς</span> 
     </span>
    </p>
   </div>
   <div class='ocr_carea' id='block_1_27' title="bbox 322 2264 1906 2344">
    <p class='ocr_par' dir='ltr' id='par_1_27' title="bbox 322 2264 1906 2344">
     <span class='ocr_line' id='line_1_27' title="bbox 322 2264 1906 2344; baseline 0.008 -29"><span class='ocrx_word' id='word_1_179' title='bbox 322 2264 838 2334; x_wconf 76' lang='grc' dir='ltr'>πραγματεύονται·</span> <span class='ocrx_word' id='word_1_180' title='bbox 870 2267 1119 2322; x_wconf 84' lang='grc' dir='ltr'>εὐτελέσι</span> <span class='ocrx_word' id='word_1_181' title='bbox 1154 2270 1263 2341; x_wconf 84' lang='grc' dir='ltr'>γὰρ</span> <span class='ocrx_word' id='word_1_182' title='bbox 1286 2270 1541 2341; x_wconf 80' lang='grc' dir='ltr'>λήμμασι</span> <span class='ocrx_word' id='word_1_183' title='bbox 1565 2274 1657 2326; x_wconf 61' lang='grc' dir='ltr'><strong>καὶ⁹</strong></span> <span class='ocrx_word' id='word_1_184' title='bbox 1679 2289 1906 2344; x_wconf 89' lang='grc' dir='ltr'>σμικρο-</span> 
     </span>
    </p>
   </div>
   <div class='ocr_carea' id='block_1_28' title="bbox 320 2357 1907 2436">
    <p class='ocr_par' dir='ltr' id='par_1_28' title="bbox 320 2357 1907 2436">
     <span class='ocr_line' id='line_1_28' title="bbox 320 2357 1907 2436; baseline 0.006 -27"><span class='ocrx_word' id='word_1_185' title='bbox 320 2357 509 2420; x_wconf 80' lang='grc' dir='ltr'>τάτοις</span> <span class='ocrx_word' id='word_1_186' title='bbox 535 2358 675 2412; x_wconf 79' lang='grc' dir='ltr'>πάνυ</span> <span class='ocrx_word' id='word_1_187' title='bbox 700 2358 1034 2428; x_wconf 82' lang='grc' dir='ltr'>τιμήμασιν,</span> <span class='ocrx_word' id='word_1_188' title='bbox 1072 2361 1340 2432; x_wconf 77' lang='grc' dir='ltr'>βασάνους</span> <span class='ocrx_word' id='word_1_189' title='bbox 1370 2363 1616 2433; x_wconf 80' lang='grc' dir='ltr'>μεγάλας</span> <span class='ocrx_word' id='word_1_190' title='bbox 1652 2365 1907 2436; x_wconf 78' lang='grc' dir='ltr'>κομίζον-</span> 
     </span>
    </p>
   </div>
   <div class='ocr_carea' id='block_1_29' title="bbox 320 2450 1904 2524">
    <p class='ocr_par' dir='ltr' id='par_1_29' title="bbox 320 2450 1904 2524">
     <span class='ocr_line' id='line_1_29' title="bbox 320 2450 1904 2524; baseline 0.006 -24"><span class='ocrx_word' id='word_1_191' title='bbox 320 2465 412 2502; x_wconf 88' lang='grc' dir='ltr'><strong>ται</strong></span> <span class='ocrx_word' id='word_1_192' title='bbox 444 2489 460 2514; x_wconf 91' lang='grc'><strong>,</strong></span> <span class='ocrx_word' id='word_1_193' title='bbox 518 2450 614 2503; x_wconf 80' lang='grc' dir='ltr'>καὶ</span> <span class='ocrx_word' id='word_1_194' title='bbox 670 2452 946 2524; x_wconf 82' lang='grc' dir='ltr'>τιμωρίας</span> <span class='ocrx_word' id='word_1_195' title='bbox 991 2452 1052 2505; x_wconf 81' lang='grc' dir='ltr'><strong>οὐ</strong></span> <span class='ocrx_word' id='word_1_196' title='bbox 1112 2453 1343 2524; x_wconf 79' lang='grc' dir='ltr'>μετρίας</span> <span class='ocrx_word' id='word_1_197' title='bbox 1401 2455 1726 2524; x_wconf 81' lang='grc' dir='ltr'>ὑφίστανται</span> <span class='ocrx_word' id='word_1_198' title='bbox 1760 2471 1775 2487; x_wconf 77' lang='grc' dir='ltr'><strong>ο</strong></span> <span class='ocrx_word' id='word_1_199' title='bbox 1837 2456 1904 2511; x_wconf 80' lang='grc' dir='ltr'><strong>ἶν’</strong></span> 
     </span>
    </p>
   </div>
   <div class='ocr_carea' id='block_1_30' title="bbox 322 2540 1906 2614">
    <p class='ocr_par' dir='ltr' id='par_1_30' title="bbox 322 2540 1906 2614">
     <span class='ocr_line' id='line_1_30' title="bbox 322 2540 1906 2614; baseline 0.007 -22"><span class='ocrx_word' id='word_1_200' title='bbox 322 2540 638 2609; x_wconf 71' lang='grc' dir='ltr'>Αἰγυπτίων</span> <span class='ocrx_word' id='word_1_201' title='bbox 673 2542 893 2597; x_wconf 83' lang='grc' dir='ltr'>πάντων</span> <span class='ocrx_word' id='word_1_202' title='bbox 927 2543 1220 2598; x_wconf 60' lang='grc' dir='ltr'>παιδευταί</span> <span class='ocrx_word' id='word_1_203' title='bbox 1245 2545 1490 2614; x_wconf 85' lang='grc' dir='ltr'>γένοιντο</span> <span class='ocrx_word' id='word_1_204' title='bbox 1519 2548 1614 2600; x_wconf 77' lang='grc' dir='ltr'>καὶ</span> <span class='ocrx_word' id='word_1_205' title='bbox 1643 2547 1906 2603; x_wconf 56' lang='grc' dir='ltr'>διδάσκω</span> 
     </span>
    </p>
   </div>
   <div class='ocr_carea' id='block_1_31' title="bbox 322 2629 1906 2712">
    <p class='ocr_par' dir='ltr' id='par_1_31' title="bbox 322 2629 1906 2712">
     <span class='ocr_line' id='line_1_31' title="bbox 322 2629 1906 2712; baseline 0.007 -29"><span class='ocrx_word' id='word_1_206' title='bbox 322 2629 430 2697; x_wconf 87' lang='grc' dir='ltr'>λοι,</span> <span class='ocrx_word' id='word_1_207' title='bbox 480 2632 668 2700; x_wconf 84' lang='grc' dir='ltr'>ἁγίους</span> <span class='ocrx_word' id='word_1_208' title='bbox 729 2633 911 2688; x_wconf 81' lang='grc' dir='ltr'>σέὅειν</span> <span class='ocrx_word' id='word_1_209' title='bbox 972 2633 1050 2699; x_wconf 84' lang='grc' dir='ltr'>ὡς</span> <span class='ocrx_word' id='word_1_210' title='bbox 1087 2635 1317 2706; x_wconf 75' lang='grc' dir='ltr'>ὤφελον,</span> <span class='ocrx_word' id='word_1_211' title='bbox 1371 2637 1593 2708; x_wconf 80' lang='grc' dir='ltr'>καὶτῆς</span> <span class='ocrx_word' id='word_1_212' title='bbox 1628 2639 1807 2694; x_wconf 78' lang='grc' dir='ltr'>αὐτῶν</span> <span class='ocrx_word' id='word_1_213' title='bbox 1829 2639 1906 2712; x_wconf 80' lang='grc' dir='ltr'>μὴ</span> 
     </span>
    </p>
   </div>
   <div class='ocr_carea' id='block_1_32' title="bbox 324 2723 1905 2801">
    <p class='ocr_par' dir='ltr' id='par_1_32' title="bbox 324 2723 1905 2801">
     <span class='ocr_line' id='line_1_32' title="bbox 324 2723 1905 2801; baseline 0.005 -24"><span class='ocrx_word' id='word_1_214' title='bbox 324 2723 659 2779; x_wconf 75' lang='grc' dir='ltr'>καταπτύειν</span> <span class='ocrx_word' id='word_1_215' title='bbox 687 2725 991 2798; x_wconf 79' lang='grc' dir='ltr'>δυνάμεως.</span> <span class='ocrx_word' id='word_1_216' title='bbox 1031 2727 1308 2793; x_wconf 74' lang='grc' dir='ltr'>Λαϐόντες</span> <span class='ocrx_word' id='word_1_217' title='bbox 1341 2732 1453 2801; x_wconf 84' lang='grc' dir='ltr'>γὰρ</span> <span class='ocrx_word' id='word_1_218' title='bbox 1494 2731 1604 2784; x_wconf 85' lang='grc' dir='ltr'><strong>τῶν</strong></span> <span class='ocrx_word' id='word_1_219' title='bbox 1661 2732 1905 2799; x_wconf 89' lang='grc' dir='ltr'>γυναίων</span> 
     </span>
    </p>
   </div>
   <div class='ocr_carea' id='block_1_33' title="bbox 321 2814 1907 2892">
    <p class='ocr_par' dir='ltr' id='par_1_33' title="bbox 321 2814 1907 2892">
     <span class='ocr_line' id='line_1_33' title="bbox 321 2814 1907 2892; baseline 0.008 -25"><span class='ocrx_word' id='word_1_220' title='bbox 321 2814 393 2869; x_wconf 89' lang='grc' dir='ltr'><strong>τά</strong></span> <span class='ocrx_word' id='word_1_221' title='bbox 414 2817 686 2885; x_wconf 81' lang='grc' dir='ltr'>τάγματα,</span> <span class='ocrx_word' id='word_1_222' title='bbox 732 2820 825 2872; x_wconf 74' lang='grc' dir='ltr'><strong>καὶ</strong></span> <span class='ocrx_word' id='word_1_223' title='bbox 852 2819 989 2889; x_wconf 77' lang='grc' dir='ltr'>πρὸς</span> <span class='ocrx_word' id='word_1_224' title='bbox 1015 2820 1326 2892; x_wconf 83' lang='grc' dir='ltr'>προσευχὴν</span> <span class='ocrx_word' id='word_1_225' title='bbox 1353 2822 1698 2892; x_wconf 79' lang='grc' dir='ltr'>ἀφικόμενοι,</span> <span class='ocrx_word' id='word_1_226' title='bbox 1732 2824 1907 2879; x_wconf 78' lang='grc' dir='ltr'>ταῦτα</span> 
     </span>
    </p>
   </div>
   <div class='ocr_carea' id='block_1_34' title="bbox 322 2906 1905 3002">
    <p class='ocr_par' dir='ltr' id='par_1_34' title="bbox 322 2906 1905 3002">
     <span class='ocr_line' id='line_1_34' title="bbox 322 2906 1905 3002; baseline 0.006 -44"><span class='ocrx_word' id='word_1_227' title='bbox 322 2906 450 3002; x_wconf 60' lang='grc' dir='ltr'>κοιθῖ</span> <span class='ocrx_word' id='word_1_228' title='bbox 478 2907 595 2960; x_wconf 85' lang='grc' dir='ltr'>όδὸν</span> <span class='ocrx_word' id='word_1_229' title='bbox 620 2909 1063 3002; x_wconf 69' lang='grc' dir='ltr'>δαπανήσαντες,</span> <span class='ocrx_word' id='word_1_230' title='bbox 1115 2910 1280 2965; x_wconf 82' lang='grc' dir='ltr'>πάλιν</span> <span class='ocrx_word' id='word_1_231' title='bbox 1325 2913 1686 3002; x_wconf 67' lang='grc' dir='ltr'>ἀπέρχονται,</span> <span class='ocrx_word' id='word_1_232' title='bbox 1734 2915 1905 2987; x_wconf 82' lang='grc' dir='ltr'><strong>Κύρῳ</strong></span> 
     </span>
    </p>
   </div>
   <div class='ocr_carea' id='block_1_35' title="bbox 2000 435 3588 510">
    <p class='ocr_par' dir='ltr' id='par_1_35' title="bbox 2000 435 3588 510">
     <span class='ocr_line' id='line_1_35' title="bbox 2000 435 3588 510; baseline 0.004 -23"><span class='ocrx_word' id='word_1_233' title='bbox 2000 435 2221 505; x_wconf 80' lang='lat' dir='ltr'><strong>jusdam</strong></span> <span class='ocrx_word' id='word_1_234' title='bbox 2255 437 2399 507; x_wconf 88' lang='lat' dir='ltr'><strong>apud</strong></span> <span class='ocrx_word' id='word_1_235' title='bbox 2434 436 2731 510; x_wconf 66' lang='lat' dir='ltr'><strong>Egyptqu</strong></span> <span class='ocrx_word' id='word_1_236' title='bbox 2755 439 3071 509; x_wconf 69' lang='lat' dir='ltr'><strong>degentium</strong></span> <span class='ocrx_word' id='word_1_237' title='bbox 3101 438 3200 510; x_wconf 88' lang='lat' dir='ltr'><strong>(l).</strong></span> <span class='ocrx_word' id='word_1_238' title='bbox 3226 437 3321 494; x_wconf 87' lang='lat' dir='ltr'><strong>His</strong></span> <span class='ocrx_word' id='word_1_239' title='bbox 3346 455 3373 493; x_wconf 77' lang='grc' dir='ltr'><strong>ιι</strong></span> <span class='ocrx_word' id='word_1_240' title='bbox 3408 439 3588 495; x_wconf 83' lang='lat' dir='ltr'><strong>diver-</strong></span> 
     </span>
    </p>
   </div>
   <div class='ocr_carea' id='block_1_36' title="bbox 2004 529 3589 603">
    <p class='ocr_par' dir='ltr' id='par_1_36' title="bbox 2004 529 3589 603">
     <span class='ocr_line' id='line_1_36' title="bbox 2004 529 3589 603; baseline 0.003 -19"><span class='ocrx_word' id='word_1_241' title='bbox 2004 529 2083 584; x_wconf 86' lang='lat' dir='ltr'><strong>sis</strong></span> <span class='ocrx_word' id='word_1_242' title='bbox 2130 531 2479 588; x_wconf 74' lang='lat' dir='ltr'><strong>venicntibus</strong></span> <span class='ocrx_word' id='word_1_243' title='bbox 2532 533 2671 586; x_wconf 87' lang='lat' dir='ltr'><strong>locis</strong></span> <span class='ocrx_word' id='word_1_244' title='bbox 2707 540 2979 603; x_wconf 83' lang='lat' dir='ltr'><strong>martyres</strong></span> <span class='ocrx_word' id='word_1_245' title='bbox 3014 531 3269 597; x_wconf 87' lang='lat' dir='ltr'><strong>adorare,</strong></span> <span class='ocrx_word' id='word_1_246' title='bbox 3329 532 3589 588; x_wconf 85' lang='lat' dir='ltr'><strong>mulieres</strong></span> 
     </span>
    </p>
   </div>
   <div class='ocr_carea' id='block_1_37' title="bbox 2006 621 3589 688">
    <p class='ocr_par' dir='ltr' id='par_1_37' title="bbox 2006 621 3589 688">
     <span class='ocr_line' id='line_1_37' title="bbox 2006 621 3589 688; baseline 0.004 -16"><span class='ocrx_word' id='word_1_247' title='bbox 2006 624 2127 675; x_wconf 70' lang='lat' dir='ltr'><strong>duae</strong></span> <span class='ocrx_word' id='word_1_248' title='bbox 2155 621 2384 676; x_wconf 80' lang='lat' dir='ltr'><strong>diversae</strong></span> <span class='ocrx_word' id='word_1_249' title='bbox 2410 635 2475 677; x_wconf 85' lang='lat' dir='ltr'><strong>ac</strong></span> <span class='ocrx_word' id='word_1_250' title='bbox 2495 623 2835 678; x_wconf 88' lang='lat' dir='ltr'><strong>diversormn</strong></span> <span class='ocrx_word' id='word_1_251' title='bbox 2876 623 3118 678; x_wconf 87' lang='lat' dir='ltr'><strong>locorum</strong></span> <span class='ocrx_word' id='word_1_252' title='bbox 3145 625 3415 688; x_wconf 79' lang='lat' dir='ltr'><strong>oriundae,</strong></span> <span class='ocrx_word' id='word_1_253' title='bbox 3433 625 3589 679; x_wconf 86' lang='lat' dir='ltr'><strong>obia-</strong></span> 
     </span>
    </p>
   </div>
   <div class='ocr_carea' id='block_1_38' title="bbox 2005 709 3589 768">
    <p class='ocr_par' dir='ltr' id='par_1_38' title="bbox 2005 709 3589 768">
     <span class='ocr_line' id='line_1_38' title="bbox 2005 709 3589 768; baseline 0.003 -7"><span class='ocrx_word' id='word_1_254' title='bbox 2005 709 2187 766; x_wconf 89' lang='lat' dir='ltr'><strong>tiones</strong></span> <span class='ocrx_word' id='word_1_255' title='bbox 2232 711 2480 766; x_wconf 84' lang='lat' dir='ltr'><strong>diversas</strong></span> <span class='ocrx_word' id='word_1_256' title='bbox 2523 714 2733 766; x_wconf 83' lang='lat' dir='ltr'><strong>sanctis</strong></span> <span class='ocrx_word' id='word_1_257' title='bbox 2777 714 3028 767; x_wconf 85' lang='lat' dir='ltr'><strong>tribuunt</strong></span> <span class='ocrx_word' id='word_1_258' title='bbox 3063 710 3375 767; x_wconf 80' lang='lat' dir='ltr'><strong>oll‘erendas</strong></span> <span class='ocrx_word' id='word_1_259' title='bbox 3409 730 3425 768; x_wconf 89' lang='lat'><strong>:</strong></span> <span class='ocrx_word' id='word_1_260' title='bbox 3463 729 3589 768; x_wconf 87' lang='lat' dir='ltr'><strong>nam</strong></span> 
     </span>
    </p>
   </div>
   <div class='ocr_carea' id='block_1_39' title="bbox 2009 801 3588 872">
    <p class='ocr_par' dir='ltr' id='par_1_39' title="bbox 2009 801 3588 872">
     <span class='ocr_line' id='line_1_39' title="bbox 2009 801 3588 872; baseline 0.001 -16"><span class='ocrx_word' id='word_1_261' title='bbox 2009 801 2202 856; x_wconf 84' lang='lat' dir='ltr'><strong>harum</strong></span> <span class='ocrx_word' id='word_1_262' title='bbox 2243 804 2464 872; x_wconf 82' lang='lat' dir='ltr'><strong>quidem</strong></span> <span class='ocrx_word' id='word_1_263' title='bbox 2498 804 2667 860; x_wconf 88' lang='lat' dir='ltr'><strong>altera</strong></span> <span class='ocrx_word' id='word_1_264' title='bbox 2700 804 2948 859; x_wconf 86' lang='lat' dir='ltr'><strong>Piamoth</strong></span> <span class='ocrx_word' id='word_1_265' title='bbox 2981 805 3217 860; x_wconf 86' lang='lat' dir='ltr'><strong>trimisia</strong></span> <span class='ocrx_word' id='word_1_266' title='bbox 3237 805 3347 860; x_wconf 89' lang='lat' dir='ltr'><strong>duo</strong></span> <span class='ocrx_word' id='word_1_267' title='bbox 3374 806 3588 869; x_wconf 87' lang='lat' dir='ltr'><strong>tribuit,</strong></span> 
     </span>
    </p>
   </div>
   <div class='ocr_carea' id='block_1_40' title="bbox 2009 893 3590 966">
    <p class='ocr_par' dir='ltr' id='par_1_40' title="bbox 2009 893 3590 966">
     <span class='ocr_line' id='line_1_40' title="bbox 2009 893 3590 966; baseline 0.004 -20"><span class='ocrx_word' id='word_1_268' title='bbox 2009 909 2161 953; x_wconf 84' lang='lat' dir='ltr'><strong>suem</strong></span> <span class='ocrx_word' id='word_1_269' title='bbox 2203 906 2383 949; x_wconf 88' lang='lat' dir='ltr'><strong>autem</strong></span> <span class='ocrx_word' id='word_1_270' title='bbox 2421 893 2655 964; x_wconf 80' lang='lat' dir='ltr'><strong>Georgio</strong></span> <span class='ocrx_word' id='word_1_271' title='bbox 2689 895 2920 964; x_wconf 74' lang='lat' dir='ltr'><strong>pnebuit</strong></span> <span class='ocrx_word' id='word_1_272' title='bbox 2960 895 3165 960; x_wconf 88' lang='lat' dir='ltr'><strong>altera;</strong></span> <span class='ocrx_word' id='word_1_273' title='bbox 3209 910 3331 966; x_wconf 64' lang='lat' dir='ltr'><strong>quae</strong></span> <span class='ocrx_word' id='word_1_274' title='bbox 3393 911 3491 966; x_wconf 91' lang='lat' dir='ltr'><strong>per</strong></span> <span class='ocrx_word' id='word_1_275' title='bbox 3529 912 3590 952; x_wconf 81' lang='lat' dir='ltr'><strong>se</strong></span> 
     </span>
    </p>
   </div>
   <div class='ocr_carea' id='block_1_41' title="bbox 2007 984 3589 1055">
    <p class='ocr_par' dir='ltr' id='par_1_41' title="bbox 2007 984 3589 1055">
     <span class='ocr_line' id='line_1_41' title="bbox 2007 984 3589 1055; baseline 0.001 -19"><span class='ocrx_word' id='word_1_276' title='bbox 2007 984 2227 1055; x_wconf 83' lang='lat' dir='ltr'><strong>quidem</strong></span> <span class='ocrx_word' id='word_1_277' title='bbox 2283 984 2570 1039; x_wconf 85' lang='lat' dir='ltr'><strong>oblaturas</strong></span> <span class='ocrx_word' id='word_1_278' title='bbox 2615 1002 2675 1039; x_wconf 85' lang='lat' dir='ltr'><strong>se</strong></span> <span class='ocrx_word' id='word_1_279' title='bbox 2722 985 2938 1039; x_wconf 75' lang='lat' dir='ltr'><strong>vovisse</strong></span> <span class='ocrx_word' id='word_1_280' title='bbox 2987 985 3265 1051; x_wconf 84' lang='lat' dir='ltr'><strong>dicebant,</strong></span> <span class='ocrx_word' id='word_1_281' title='bbox 3320 985 3414 1040; x_wconf 88' lang='lat' dir='ltr'><strong>sed</strong></span> <span class='ocrx_word' id='word_1_282' title='bbox 3458 999 3589 1040; x_wconf 88' lang='lat' dir='ltr'><strong>cum</strong></span> 
     </span>
    </p>
   </div>
   <div class='ocr_carea' id='block_1_42' title="bbox 2009 1075 3590 1152">
    <p class='ocr_par' dir='ltr' id='par_1_42' title="bbox 2009 1075 3590 1152">
     <span class='ocr_line' id='line_1_42' title="bbox 2009 1075 3590 1152; baseline 0.002 -23"><span class='ocrx_word' id='word_1_283' title='bbox 2009 1075 2125 1129; x_wconf 69' lang='lat' dir='ltr'><strong>haec</strong></span> <span class='ocrx_word' id='word_1_284' title='bbox 2152 1091 2247 1146; x_wconf 90' lang='lat' dir='ltr'><strong>per</strong></span> <span class='ocrx_word' id='word_1_285' title='bbox 2277 1092 2337 1131; x_wconf 89' lang='lat' dir='ltr'><strong>se</strong></span> <span class='ocrx_word' id='word_1_286' title='bbox 2361 1077 2580 1131; x_wconf 78' lang='lat' dir='ltr'><strong>deferre</strong></span> <span class='ocrx_word' id='word_1_287' title='bbox 2617 1091 2727 1130; x_wconf 87' lang='lat' dir='ltr'><strong>non</strong></span> <span class='ocrx_word' id='word_1_288' title='bbox 2762 1084 3008 1146; x_wconf 82' lang='lat' dir='ltr'><strong>possent,</strong></span> <span class='ocrx_word' id='word_1_289' title='bbox 3046 1076 3377 1131; x_wconf 87' lang='lat' dir='ltr'><strong>necessitate</strong></span> <span class='ocrx_word' id='word_1_290' title='bbox 3401 1077 3590 1152; x_wconf 85' lang='lat' dir='ltr'><strong>cujus-</strong></span> 
     </span>
    </p>
   </div>
   <div class='ocr_carea' id='block_1_43' title="bbox 2009 1152 3589 1238">
    <p class='ocr_par' dir='ltr' id='par_1_43' title="bbox 2009 1152 3589 1238">
     <span class='ocr_line' id='line_1_43' title="bbox 2009 1152 3589 1238; baseline 0.003 -18"><span class='ocrx_word' id='word_1_291' title='bbox 2009 1167 2134 1221; x_wconf 84' lang='lat' dir='ltr'><strong>dam</strong></span> <span class='ocrx_word' id='word_1_292' title='bbox 2164 1167 2257 1237; x_wconf 89' lang='lat' dir='ltr'><strong>qui</strong></span> <span class='ocrx_word' id='word_1_293' title='bbox 2306 1167 2451 1220; x_wconf 88' lang='lat' dir='ltr'><strong>viam</strong></span> <span class='ocrx_word' id='word_1_294' title='bbox 2498 1167 2855 1237; x_wconf 82' lang='lat' dir='ltr'><strong>impediebat,</strong></span> <span class='ocrx_word' id='word_1_295' title='bbox 2903 1166 2989 1223; x_wconf 85' lang='lat' dir='ltr'><strong>his</strong></span> <span class='ocrx_word' id='word_1_296' title='bbox 3029 1169 3122 1236; x_wconf 83' lang='lat' dir='ltr'><strong>qui</strong></span> <span class='ocrx_word' id='word_1_297' title='bbox 3169 1168 3407 1224; x_wconf 76' lang='lat' dir='ltr'><strong>ministri</strong></span> <span class='ocrx_word' id='word_1_298' title='bbox 3449 1152 3589 1238; x_wconf 83' lang='lat' dir='ltr'><strong>opus</strong></span> 
     </span>
    </p>
   </div>
   <div class='ocr_carea' id='block_1_44' title="bbox 2007 1257 3589 1325">
    <p class='ocr_par' dir='ltr' id='par_1_44' title="bbox 2007 1257 3589 1325">
     <span class='ocr_line' id='line_1_44' title="bbox 2007 1257 3589 1325; baseline 0.003 -13"><span class='ocrx_word' id='word_1_299' title='bbox 2007 1257 2308 1325; x_wconf 84' lang='lat' dir='ltr'><strong>habebant,</strong></span> <span class='ocrx_word' id='word_1_300' title='bbox 2350 1271 2407 1314; x_wconf 92' lang='lat' dir='ltr'><strong>ut</strong></span> <span class='ocrx_word' id='word_1_301' title='bbox 2454 1262 2568 1314; x_wconf 55' lang='lat' dir='ltr'><strong>haec</strong></span> <span class='ocrx_word' id='word_1_302' title='bbox 2592 1261 3049 1315; x_wconf 36' lang='lat' dir='ltr'><strong>aiunt‘al-euutes</strong></span> <span class='ocrx_word' id='word_1_303' title='bbox 3086 1259 3331 1317; x_wconf 77' lang='lat' dir='ltr'><strong>offeratis</strong></span> <span class='ocrx_word' id='word_1_304' title='bbox 3381 1263 3589 1317; x_wconf 81' lang='lat' dir='ltr'><strong>sanctis</strong></span> 
     </span>
    </p>
   </div>
   <div class='ocr_carea' id='block_1_45' title="bbox 2013 1352 3588 1421">
    <p class='ocr_par' dir='ltr' id='par_1_45' title="bbox 2013 1352 3588 1421">
     <span class='ocr_line' id='line_1_45' title="bbox 2013 1352 3588 1421; baseline 0.003 -16"><span class='ocrx_word' id='word_1_305' title='bbox 2013 1367 2111 1421; x_wconf 91' lang='lat' dir='ltr'><strong>pro</strong></span> <span class='ocrx_word' id='word_1_306' title='bbox 2147 1352 2343 1420; x_wconf 89' lang='lat' dir='ltr'><strong>nobis;</strong></span> <span class='ocrx_word' id='word_1_307' title='bbox 2376 1352 2621 1406; x_wconf 79' lang='lat' dir='ltr'><strong>debitum</strong></span> <span class='ocrx_word' id='word_1_308' title='bbox 2654 1352 2802 1408; x_wconf 86' lang='lat' dir='ltr'><strong>enim</strong></span> <span class='ocrx_word' id='word_1_309' title='bbox 2835 1352 2974 1417; x_wconf 79' lang='lat' dir='ltr'><strong>haec,</strong></span> <span class='ocrx_word' id='word_1_310' title='bbox 3003 1363 3191 1409; x_wconf 89' lang='lat' dir='ltr'><strong>etnon</strong></span> <span class='ocrx_word' id='word_1_311' title='bbox 3221 1354 3423 1411; x_wconf 89' lang='lat' dir='ltr'><strong>donum</strong></span> <span class='ocrx_word' id='word_1_312' title='bbox 3453 1370 3588 1410; x_wconf 87' lang='lat' dir='ltr'><strong>con-</strong></span> 
     </span>
    </p>
   </div>
   <div class='ocr_carea' id='block_1_46' title="bbox 2011 1444 3590 1516">
    <p class='ocr_par' dir='ltr' id='par_1_46' title="bbox 2011 1444 3590 1516">
     <span class='ocr_line' id='line_1_46' title="bbox 2011 1444 3590 1516; baseline 0 -17"><span class='ocrx_word' id='word_1_313' title='bbox 2011 1446 2234 1500; x_wconf 87' lang='lat' dir='ltr'><strong>sistunt.</strong></span> <span class='ocrx_word' id='word_1_314' title='bbox 2263 1445 2332 1498; x_wconf 78' lang='lat' dir='ltr'><strong>At</strong></span> <span class='ocrx_word' id='word_1_315' title='bbox 2362 1445 2436 1497; x_wconf 90' lang='lat' dir='ltr'><strong>illi</strong></span> <span class='ocrx_word' id='word_1_316' title='bbox 2471 1445 2936 1514; x_wconf 74' lang='lat' dir='ltr'><strong>postulationibus</strong></span> <span class='ocrx_word' id='word_1_317' title='bbox 2968 1444 3296 1501; x_wconf 81' lang='lat' dir='ltr'><strong>feminarum</strong></span> <span class='ocrx_word' id='word_1_318' title='bbox 3327 1448 3590 1516; x_wconf 84' lang='lat' dir='ltr'><strong>acceptis,</strong></span> 
     </span>
    </p>
   </div>
   <div class='ocr_carea' id='block_1_47' title="bbox 2011 1520 3623 1602">
    <p class='ocr_par' dir='ltr' id='par_1_47' title="bbox 2011 1520 3623 1602">
     <span class='ocr_line' id='line_1_47' title="bbox 2011 1520 3623 1602; baseline 0.002 -15"><span class='ocrx_word' id='word_1_319' title='bbox 2011 1548 2137 1587; x_wconf 90' lang='lat' dir='ltr'><strong>cum</strong></span> <span class='ocrx_word' id='word_1_320' title='bbox 2161 1534 2242 1588; x_wconf 86' lang='lat' dir='ltr'><strong>eis</strong></span> <span class='ocrx_word' id='word_1_321' title='bbox 2277 1534 2441 1587; x_wconf 86' lang='lat' dir='ltr'><strong>etiam</strong></span> <span class='ocrx_word' id='word_1_322' title='bbox 2473 1550 2595 1602; x_wconf 71' lang='lat' dir='ltr'><strong>quae</strong></span> <span class='ocrx_word' id='word_1_323' title='bbox 2640 1534 2843 1587; x_wconf 88' lang='lat' dir='ltr'><strong>dantur</strong></span> <span class='ocrx_word' id='word_1_324' title='bbox 2872 1544 3182 1598; x_wconf 89' lang='lat' dir='ltr'><strong>assumunt,</strong></span> <span class='ocrx_word' id='word_1_325' title='bbox 3234 1551 3343 1590; x_wconf 90' lang='lat' dir='ltr'><strong>non</strong></span> <span class='ocrx_word' id='word_1_326' title='bbox 3385 1520 3623 1591; x_wconf 38' lang='lat' dir='ltr'><strong>amoris.</strong></span> 
     </span>
    </p>
   </div>
   <div class='ocr_carea' id='block_1_48' title="bbox 2011 1622 3593 1695">
    <p class='ocr_par' dir='ltr' id='par_1_48' title="bbox 2011 1622 3593 1695">
     <span class='ocr_line' id='line_1_48' title="bbox 2011 1622 3593 1695; baseline 0.002 -17"><span class='ocrx_word' id='word_1_327' title='bbox 2011 1622 2369 1678; x_wconf 73' lang='lat' dir='ltr'><strong>fraternitatis</strong></span> <span class='ocrx_word' id='word_1_328' title='bbox 2411 1624 2493 1678; x_wconf 87' lang='lat' dir='ltr'><strong>vel</strong></span> <span class='ocrx_word' id='word_1_329' title='bbox 2533 1622 2760 1679; x_wconf 88' lang='lat' dir='ltr'><strong>honoris</strong></span> <span class='ocrx_word' id='word_1_330' title='bbox 2808 1632 3110 1695; x_wconf 81' lang='lat' dir='ltr'><strong>martyrum</strong></span> <span class='ocrx_word' id='word_1_331' title='bbox 3153 1640 3359 1689; x_wconf 86' lang='lat' dir='ltr'><strong>causa,</strong></span> <span class='ocrx_word' id='word_1_332' title='bbox 3403 1636 3593 1681; x_wconf 65' lang='lat' dir='ltr'><strong>essent</strong></span> 
     </span>
    </p>
   </div>
   <div class='ocr_carea' id='block_1_49' title="bbox 1936 1700 3593 1784">
    <p class='ocr_par' dir='ltr' id='par_1_49' title="bbox 1936 1700 3593 1784">
     <span class='ocr_line' id='line_1_49' title="bbox 1936 1700 3593 1784; baseline 0.001 -15"><span class='ocrx_word' id='word_1_333' title='bbox 1936 1706 1979 1762; x_wconf 83' lang='grc' dir='ltr'><strong>Β</strong></span> <span class='ocrx_word' id='word_1_334' title='bbox 2007 1715 2153 1769; x_wconf 84' lang='lat' dir='ltr'><strong>enim</strong></span> <span class='ocrx_word' id='word_1_335' title='bbox 2196 1713 2334 1767; x_wconf 77' lang='lat' dir='ltr'><strong>beati</strong></span> <span class='ocrx_word' id='word_1_336' title='bbox 2381 1714 2425 1767; x_wconf 89' lang='lat' dir='ltr'><strong>si</strong></span> <span class='ocrx_word' id='word_1_337' title='bbox 2469 1714 2749 1784; x_wconf 85' lang='lat' dir='ltr'><strong>martyrici</strong></span> <span class='ocrx_word' id='word_1_338' title='bbox 2805 1714 3011 1776; x_wconf 87' lang='lat' dir='ltr'><strong>cultus,</strong></span> <span class='ocrx_word' id='word_1_339' title='bbox 3049 1719 3105 1768; x_wconf 90' lang='lat' dir='ltr'><strong>et</strong></span> <span class='ocrx_word' id='word_1_340' title='bbox 3152 1700 3324 1767; x_wconf 76' lang='lat' dir='ltr'><strong>mutui</strong></span> <span class='ocrx_word' id='word_1_341' title='bbox 3385 1716 3593 1770; x_wconf 84' lang='lat' dir='ltr'><strong>amoris</strong></span> 
     </span>
    </p>
   </div>
   <div class='ocr_carea' id='block_1_50' title="bbox 2008 1803 3589 1877">
    <p class='ocr_par' dir='ltr' id='par_1_50' title="bbox 2008 1803 3589 1877">
     <span class='ocr_line' id='line_1_50' title="bbox 2008 1803 3589 1877; baseline -0.001 -18"><span class='ocrx_word' id='word_1_342' title='bbox 2008 1807 2186 1877; x_wconf 77' lang='lat' dir='ltr'><strong>gratia</strong></span> <span class='ocrx_word' id='word_1_343' title='bbox 2220 1804 2335 1859; x_wconf 64' lang='lat' dir='ltr'><strong>haec</strong></span> <span class='ocrx_word' id='word_1_344' title='bbox 2364 1805 2623 1875; x_wconf 65' lang='lat' dir='ltr'><strong>egissent.</strong></span> <span class='ocrx_word' id='word_1_345' title='bbox 2655 1804 2748 1860; x_wconf 90' lang='lat' dir='ltr'><strong>sed</strong></span> <span class='ocrx_word' id='word_1_346' title='bbox 2770 1805 2896 1874; x_wconf 89' lang='lat' dir='ltr'><strong>quia</strong></span> <span class='ocrx_word' id='word_1_347' title='bbox 2929 1803 3077 1859; x_wconf 83' lang='lat' dir='ltr'><strong>fures</strong></span> <span class='ocrx_word' id='word_1_348' title='bbox 3103 1811 3290 1872; x_wconf 87' lang='lat' dir='ltr'><strong>erant,</strong></span> <span class='ocrx_word' id='word_1_349' title='bbox 3320 1805 3425 1860; x_wconf 88' lang='lat' dir='ltr'><strong>ltoc</strong></span> <span class='ocrx_word' id='word_1_350' title='bbox 3444 1806 3589 1859; x_wconf 80' lang='lat' dir='ltr'><strong>enim</strong></span> 
     </span>
    </p>
   </div>
   <div class='ocr_carea' id='block_1_51' title="bbox 2008 1885 3663 1967">
    <p class='ocr_par' dir='ltr' id='par_1_51' title="bbox 2008 1885 3663 1967">
     <span class='ocr_line' id='line_1_51' title="bbox 2008 1885 3663 1967; baseline -0.001 -14"><span class='ocrx_word' id='word_1_351' title='bbox 2008 1885 2174 1953; x_wconf 80' lang='lat' dir='ltr'><strong>etiam</strong></span> <span class='ocrx_word' id='word_1_352' title='bbox 2211 1899 2280 1953; x_wconf 90' lang='lat' dir='ltr'><strong>de</strong></span> <span class='ocrx_word' id='word_1_353' title='bbox 2319 1897 2404 1953; x_wconf 89' lang='lat' dir='ltr'><strong>his</strong></span> <span class='ocrx_word' id='word_1_354' title='bbox 2438 1899 2744 1953; x_wconf 86' lang='lat' dir='ltr'><strong>secundum</strong></span> <span class='ocrx_word' id='word_1_355' title='bbox 2768 1897 3015 1950; x_wconf 89' lang='lat' dir='ltr'><strong>divinum</strong></span> <span class='ocrx_word' id='word_1_356' title='bbox 3051 1894 3322 1952; x_wconf 83' lang='lat' dir='ltr'><strong>Joannem</strong></span> <span class='ocrx_word' id='word_1_357' title='bbox 3353 1906 3479 1967; x_wconf 86' lang='lat' dir='ltr'><strong>apte</strong></span> <span class='ocrx_word' id='word_1_358' title='bbox 3505 1897 3591 1951; x_wconf 90' lang='lat' dir='ltr'><strong>di-</strong></span> <span class='ocrx_word' id='word_1_359' title='bbox 3660 1922 3663 1925; x_wconf 89' lang='lat'><strong><em>-</em></strong></span> 
     </span>
    </p>
   </div>
   <div class='ocr_carea' id='block_1_52' title="bbox 2008 1988 3595 2060">
    <p class='ocr_par' dir='ltr' id='par_1_52' title="bbox 2008 1988 3595 2060">
     <span class='ocr_line' id='line_1_52' title="bbox 2008 1988 3595 2060; baseline 0.001 -17"><span class='ocrx_word' id='word_1_360' title='bbox 2008 1990 2387 2056; x_wconf 88' lang='lat' dir='ltr'><strong>cendumcst;</strong></span> <span class='ocrx_word' id='word_1_361' title='bbox 2432 2001 2487 2044; x_wconf 88' lang='lat' dir='ltr'><strong>et</strong></span> <span class='ocrx_word' id='word_1_362' title='bbox 2517 1988 2665 2060; x_wconf 90' lang='lat' dir='ltr'><strong>quod</strong></span> <span class='ocrx_word' id='word_1_363' title='bbox 2711 1990 2898 2044; x_wconf 89' lang='lat' dir='ltr'><strong>datum</strong></span> <span class='ocrx_word' id='word_1_364' title='bbox 2933 1988 3134 2054; x_wconf 79' lang='lat' dir='ltr'><strong>fuerat,</strong></span> <span class='ocrx_word' id='word_1_365' title='bbox 3180 1989 3461 2059; x_wconf 91' lang='lat' dir='ltr'><strong>proprium</strong></span> <span class='ocrx_word' id='word_1_366' title='bbox 3499 2004 3595 2044; x_wconf 73' lang='lat' dir='ltr'><strong>ex-</strong></span> 
     </span>
    </p>
   </div>
   <div class='ocr_carea' id='block_1_53' title="bbox 2011 2076 3590 2149">
    <p class='ocr_par' dir='ltr' id='par_1_53' title="bbox 2011 2076 3590 2149">
     <span class='ocr_line' id='line_1_53' title="bbox 2011 2076 3590 2149; baseline -0.001 -15"><span class='ocrx_word' id='word_1_367' title='bbox 2011 2081 2335 2149; x_wconf 81' lang='lat' dir='ltr'><strong>spectabant</strong></span> <span class='ocrx_word' id='word_1_368' title='bbox 2357 2079 2747 2134; x_wconf 87' lang='lat' dir='ltr'><strong>munuscuium</strong></span> <span class='ocrx_word' id='word_1_369' title='bbox 2784 2076 2987 2143; x_wconf 84' lang='lat' dir='ltr'><strong>facere,</strong></span> <span class='ocrx_word' id='word_1_370' title='bbox 3009 2077 3154 2148; x_wconf 88' lang='lat' dir='ltr'><strong>quod</strong></span> <span class='ocrx_word' id='word_1_371' title='bbox 3186 2084 3241 2133; x_wconf 89' lang='lat' dir='ltr'><strong>et</strong></span> <span class='ocrx_word' id='word_1_372' title='bbox 3273 2087 3590 2148; x_wconf 76' lang='lat' dir='ltr'><strong>gesserunt,</strong></span> 
     </span>
    </p>
   </div>
   <div class='ocr_carea' id='block_1_54' title="bbox 2007 2168 3591 2241">
    <p class='ocr_par' dir='ltr' id='par_1_54' title="bbox 2007 2168 3591 2241">
     <span class='ocr_line' id='line_1_54' title="bbox 2007 2168 3591 2241; baseline -0.001 -16"><span class='ocrx_word' id='word_1_373' title='bbox 2007 2170 2113 2225; x_wconf 90' lang='lat' dir='ltr'><strong>hoc</strong></span> <span class='ocrx_word' id='word_1_374' title='bbox 2164 2181 2386 2226; x_wconf 86' lang='lat' dir='ltr'><strong>sanctos</strong></span> <span class='ocrx_word' id='word_1_375' title='bbox 2433 2170 2692 2241; x_wconf 76' lang='lat' dir='ltr'><strong>ignorare</strong></span> <span class='ocrx_word' id='word_1_376' title='bbox 2746 2176 3024 2240; x_wconf 85' lang='lat' dir='ltr'><strong>putantes.</strong></span> <span class='ocrx_word' id='word_1_377' title='bbox 3077 2168 3184 2224; x_wconf 84' lang='lat' dir='ltr'><strong>Sed</strong></span> <span class='ocrx_word' id='word_1_378' title='bbox 3228 2183 3357 2225; x_wconf 85' lang='lat' dir='ltr'><strong>vere</strong></span> <span class='ocrx_word' id='word_1_379' title='bbox 3404 2169 3591 2225; x_wconf 85' lang='lat' dir='ltr'><strong>miseri</strong></span> 
     </span>
    </p>
   </div>
   <div class='ocr_carea' id='block_1_55' title="bbox 2006 2260 3657 2337">
    <p class='ocr_par' dir='ltr' id='par_1_55' title="bbox 2006 2260 3657 2337">
     <span class='ocr_line' id='line_1_55' title="bbox 2006 2260 3657 2337; baseline -0.001 -20"><span class='ocrx_word' id='word_1_380' title='bbox 2006 2261 2333 2318; x_wconf 72' lang='lat' dir='ltr'><strong>amburbale</strong></span> <span class='ocrx_word' id='word_1_381' title='bbox 2367 2263 2595 2317; x_wconf 86' lang='lat' dir='ltr'><strong>mercati</strong></span> <span class='ocrx_word' id='word_1_382' title='bbox 2635 2272 2803 2327; x_wconf 86' lang='lat' dir='ltr'><strong>sunt;</strong></span> <span class='ocrx_word' id='word_1_383' title='bbox 2843 2260 3047 2316; x_wconf 79' lang='lat' dir='ltr'><strong>vilibus</strong></span> <span class='ocrx_word' id='word_1_384' title='bbox 3077 2261 3222 2316; x_wconf 90' lang='lat' dir='ltr'><strong>enim</strong></span> <span class='ocrx_word' id='word_1_385' title='bbox 3267 2263 3593 2329; x_wconf 80' lang='lat' dir='ltr'><strong>acceptioui-</strong></span> <span class='ocrx_word' id='word_1_386' title='bbox 3654 2334 3657 2337; x_wconf 90' lang='lat'><em>_</em></span> 
     </span>
    </p>
   </div>
   <div class='ocr_carea' id='block_1_56' title="bbox 2007 2352 3592 2424">
    <p class='ocr_par' dir='ltr' id='par_1_56' title="bbox 2007 2352 3592 2424">
     <span class='ocr_line' id='line_1_56' title="bbox 2007 2352 3592 2424; baseline -0.002 -14"><span class='ocrx_word' id='word_1_387' title='bbox 2007 2355 2110 2411; x_wconf 87' lang='lat' dir='ltr'><strong>bus</strong></span> <span class='ocrx_word' id='word_1_388' title='bbox 2141 2364 2195 2409; x_wconf 92' lang='lat' dir='ltr'><strong>et</strong></span> <span class='ocrx_word' id='word_1_389' title='bbox 2235 2353 2393 2409; x_wconf 81' lang='lat' dir='ltr'><strong>valde</strong></span> <span class='ocrx_word' id='word_1_390' title='bbox 2428 2353 2630 2410; x_wconf 89' lang='lat' dir='ltr'><strong>modici</strong></span> <span class='ocrx_word' id='word_1_391' title='bbox 2669 2352 2828 2424; x_wconf 86' lang='lat' dir='ltr'><strong>pretii</strong></span> <span class='ocrx_word' id='word_1_392' title='bbox 2860 2362 3134 2408; x_wconf 88' lang='lat' dir='ltr'><strong>tormenta</strong></span> <span class='ocrx_word' id='word_1_393' title='bbox 3185 2369 3381 2424; x_wconf 76' lang='lat' dir='ltr'><strong>magna</strong></span> <span class='ocrx_word' id='word_1_394' title='bbox 3415 2354 3592 2423; x_wconf 77' lang='lat' dir='ltr'><strong>perci-</strong></span> 
     </span>
    </p>
   </div>
   <div class='ocr_carea' id='block_1_57' title="bbox 2007 2450 3593 2523">
    <p class='ocr_par' dir='ltr' id='par_1_57' title="bbox 2007 2450 3593 2523">
     <span class='ocr_line' id='line_1_57' title="bbox 2007 2450 3593 2523; baseline 0 -20"><span class='ocrx_word' id='word_1_395' title='bbox 2007 2452 2193 2523; x_wconf 89' lang='lat' dir='ltr'><strong>piunt,</strong></span> <span class='ocrx_word' id='word_1_396' title='bbox 2231 2460 2283 2506; x_wconf 89' lang='lat' dir='ltr'><strong>et</strong></span> <span class='ocrx_word' id='word_1_397' title='bbox 2334 2466 2523 2523; x_wconf 79' lang='lat' dir='ltr'><strong>pmnas</strong></span> <span class='ocrx_word' id='word_1_398' title='bbox 2568 2452 2715 2507; x_wconf 86' lang='lat' dir='ltr'><strong>haud</strong></span> <span class='ocrx_word' id='word_1_399' title='bbox 2764 2450 3070 2506; x_wconf 89' lang='lat' dir='ltr'><strong>mediocres</strong></span> <span class='ocrx_word' id='word_1_400' title='bbox 3108 2451 3433 2515; x_wconf 88' lang='lat' dir='ltr'><strong>incurrunt,</strong></span> <span class='ocrx_word' id='word_1_401' title='bbox 3482 2467 3593 2522; x_wconf 84' lang='lat' dir='ltr'><strong>quo</strong></span> 
     </span>
    </p>
   </div>
   <div class='ocr_carea' id='block_1_58' title="bbox 2009 2523 3590 2616">
    <p class='ocr_par' dir='ltr' id='par_1_58' title="bbox 2009 2523 3590 2616">
     <span class='ocr_line' id='line_1_58' title="bbox 2009 2523 3590 2616; baseline -0.004 -16"><span class='ocrx_word' id='word_1_402' title='bbox 2009 2543 2392 2616; x_wconf 65' lang='lat' dir='ltr'><strong>Egyptiornm</strong></span> <span class='ocrx_word' id='word_1_403' title='bbox 2417 2546 2662 2599; x_wconf 86' lang='lat' dir='ltr'><strong>omnium</strong></span> <span class='ocrx_word' id='word_1_404' title='bbox 2686 2543 2999 2599; x_wconf 88' lang='lat' dir='ltr'><strong>eruditorcs</strong></span> <span class='ocrx_word' id='word_1_405' title='bbox 3025 2542 3216 2598; x_wconf 80' lang='lat' dir='ltr'><strong>tierent</strong></span> <span class='ocrx_word' id='word_1_406' title='bbox 3248 2523 3590 2614; x_wconf 60' lang='lat' dir='ltr'><strong>etinagistri,</strong></span> 
     </span>
    </p>
   </div>
   <div class='ocr_carea' id='block_1_59' title="bbox 2008 2634 3592 2703">
    <p class='ocr_par' dir='ltr' id='par_1_59' title="bbox 2008 2634 3592 2703">
     <span class='ocr_line' id='line_1_59' title="bbox 2008 2634 3592 2703; baseline -0.002 -12"><span class='ocrx_word' id='word_1_407' title='bbox 2008 2646 2231 2691; x_wconf 85' lang='lat' dir='ltr'><strong>sanctos</strong></span> <span class='ocrx_word' id='word_1_408' title='bbox 2261 2643 2318 2689; x_wconf 91' lang='lat' dir='ltr'><strong>ut</strong></span> <span class='ocrx_word' id='word_1_409' title='bbox 2346 2635 2591 2691; x_wconf 83' lang='lat' dir='ltr'><strong>debitum</strong></span> <span class='ocrx_word' id='word_1_410' title='bbox 2619 2643 2704 2690; x_wconf 90' lang='lat' dir='ltr'><strong>est</strong></span> <span class='ocrx_word' id='word_1_411' title='bbox 2736 2634 2974 2697; x_wconf 88' lang='lat' dir='ltr'><strong>colendi,</strong></span> <span class='ocrx_word' id='word_1_412' title='bbox 3003 2648 3307 2703; x_wconf 80' lang='lat' dir='ltr'><strong>eorumque</strong></span> <span class='ocrx_word' id='word_1_413' title='bbox 3336 2635 3592 2690; x_wconf 78' lang='lat' dir='ltr'><strong>virtutem</strong></span> 
     </span>
    </p>
   </div>
   <div class='ocr_carea' id='block_1_60' title="bbox 2008 2723 3595 2796">
    <p class='ocr_par' dir='ltr' id='par_1_60' title="bbox 2008 2723 3595 2796">
     <span class='ocr_line' id='line_1_60' title="bbox 2008 2723 3595 2796; baseline -0.001 -15"><span class='ocrx_word' id='word_1_414' title='bbox 2008 2729 2235 2782; x_wconf 88' lang='lat' dir='ltr'><strong>minime</strong></span> <span class='ocrx_word' id='word_1_415' title='bbox 2267 2725 2585 2796; x_wconf 89' lang='lat' dir='ltr'><strong>respuendi.</strong></span> <span class='ocrx_word' id='word_1_416' title='bbox 2624 2725 2882 2794; x_wconf 80' lang='lat' dir='ltr'><strong>Acceptis</strong></span> <span class='ocrx_word' id='word_1_417' title='bbox 2911 2723 3058 2778; x_wconf 89' lang='lat' dir='ltr'><strong>enim</strong></span> <span class='ocrx_word' id='word_1_418' title='bbox 3098 2725 3389 2779; x_wconf 89' lang='lat' dir='ltr'><strong>mulierum</strong></span> <span class='ocrx_word' id='word_1_419' title='bbox 3429 2725 3595 2790; x_wconf 84' lang='lat' dir='ltr'><strong>votis,</strong></span> 
     </span>
    </p>
   </div>
   <div class='ocr_carea' id='block_1_61' title="bbox 2008 2815 3596 2887">
    <p class='ocr_par' dir='ltr' id='par_1_61' title="bbox 2008 2815 3596 2887">
     <span class='ocr_line' id='line_1_61' title="bbox 2008 2815 3596 2887; baseline -0.001 -16"><span class='ocrx_word' id='word_1_420' title='bbox 2008 2816 2075 2871; x_wconf 76' lang='lat' dir='ltr'><strong>ad</strong></span> <span class='ocrx_word' id='word_1_421' title='bbox 2106 2822 2412 2873; x_wconf 87' lang='lat' dir='ltr'><strong>orationem</strong></span> <span class='ocrx_word' id='word_1_422' title='bbox 2455 2815 2688 2887; x_wconf 81' lang='lat' dir='ltr'><strong>profecti</strong></span> <span class='ocrx_word' id='word_1_423' title='bbox 2731 2825 2884 2879; x_wconf 88' lang='lat' dir='ltr'><strong>sunt,</strong></span> <span class='ocrx_word' id='word_1_424' title='bbox 2921 2826 2974 2869; x_wconf 86' lang='lat' dir='ltr'><strong>et</strong></span> <span class='ocrx_word' id='word_1_425' title='bbox 3012 2815 3100 2870; x_wconf 89' lang='lat' dir='ltr'><strong>his</strong></span> <span class='ocrx_word' id='word_1_426' title='bbox 3123 2817 3178 2869; x_wconf 89' lang='lat' dir='ltr'><strong>in</strong></span> <span class='ocrx_word' id='word_1_427' title='bbox 3209 2815 3295 2870; x_wconf 89' lang='lat' dir='ltr'><strong>via</strong></span> <span class='ocrx_word' id='word_1_428' title='bbox 3335 2830 3596 2873; x_wconf 54' lang='lat' dir='ltr'><strong>consunv</strong></span> 
     </span>
    </p>
   </div>
   <div class='ocr_carea' id='block_1_62' title="bbox 2010 2908 3603 2982">
    <p class='ocr_par' dir='ltr' id='par_1_62' title="bbox 2010 2908 3603 2982">
     <span class='ocr_line' id='line_1_62' title="bbox 2010 2908 3603 2982; baseline 0.003 -19"><span class='ocrx_word' id='word_1_429' title='bbox 2010 2912 2138 2982; x_wconf 88' lang='lat' dir='ltr'><strong>ptis,</strong></span> <span class='ocrx_word' id='word_1_430' title='bbox 2179 2911 2427 2974; x_wconf 88' lang='lat' dir='ltr'><strong>redeunt,</strong></span> <span class='ocrx_word' id='word_1_431' title='bbox 2460 2924 2585 2966; x_wconf 90' lang='lat' dir='ltr'><strong>cum</strong></span> <span class='ocrx_word' id='word_1_432' title='bbox 2622 2911 2768 2982; x_wconf 77' lang='lat' dir='ltr'><strong>Cyro</strong></span> <span class='ocrx_word' id='word_1_433' title='bbox 2791 2909 2925 2963; x_wconf 87' lang='lat' dir='ltr'><strong>nihil</strong></span> <span class='ocrx_word' id='word_1_434' title='bbox 2957 2918 3011 2963; x_wconf 89' lang='lat' dir='ltr'><strong>et</strong></span> <span class='ocrx_word' id='word_1_435' title='bbox 3039 2908 3236 2964; x_wconf 81' lang='lat' dir='ltr'><strong>Joanni</strong></span> <span class='ocrx_word' id='word_1_436' title='bbox 3258 2910 3603 2981; x_wconf 68' lang='lat' dir='ltr'><strong>martyribus</strong></span> 
     </span>
    </p>
   </div>
   <div class='ocr_carea' id='block_1_63' title="bbox 328 2998 1904 3101">
    <p class='ocr_par' dir='ltr' id='par_1_63' title="bbox 328 2998 1897 3077">
     <span class='ocr_line' id='line_1_63' title="bbox 328 2998 1897 3077; baseline 0.005 -26"><span class='ocrx_word' id='word_1_437' title='bbox 328 2998 497 3070; x_wconf 82' lang='grc' dir='ltr'>μηδὲν</span> <span class='ocrx_word' id='word_1_438' title='bbox 546 3000 643 3054; x_wconf 68' lang='grc' dir='ltr'>καὶ</span> <span class='ocrx_word' id='word_1_439' title='bbox 682 3000 906 3074; x_wconf 81' lang='grc' dir='ltr'>Ἰωάννῃ</span> <span class='ocrx_word' id='word_1_440' title='bbox 959 3004 1072 3065; x_wconf 84' lang='grc' dir='ltr'>τοῖς</span> <span class='ocrx_word' id='word_1_441' title='bbox 1125 3002 1388 3074; x_wconf 83' lang='grc' dir='ltr'>μάρτυσι,</span> <span class='ocrx_word' id='word_1_442' title='bbox 1433 2998 1508 3059; x_wconf 82' lang='grc' dir='ltr'><strong>ὧν</strong></span> <span class='ocrx_word' id='word_1_443' title='bbox 1546 3006 1897 3077; x_wconf 76' lang='grc' dir='ltr'>ἐκομίσαντο,</span> 
     </span>
    </p>
   </div>
   <div class='ocr_carea' id='block_1_64' title="bbox 2012 2998 3236 3101">
    <p class='ocr_par' dir='ltr' id='par_1_64' title="bbox 2012 3001 3236 3074">
     <span class='ocr_line' id='line_1_64' title="bbox 2012 3001 3236 3074; baseline -0.002 -16"><span class='ocrx_word' id='word_1_444' title='bbox 2012 3021 2071 3058; x_wconf 77' lang='lat' dir='ltr'><strong>ex</strong></span> <span class='ocrx_word' id='word_1_445' title='bbox 2104 3004 2189 3059; x_wconf 86' lang='lat' dir='ltr'><strong>his</strong></span> <span class='ocrx_word' id='word_1_446' title='bbox 2223 3022 2344 3074; x_wconf 71' lang='lat' dir='ltr'><strong>quae</strong></span> <span class='ocrx_word' id='word_1_447' title='bbox 2376 3005 2573 3058; x_wconf 85' lang='lat' dir='ltr'><strong>collata</strong></span> <span class='ocrx_word' id='word_1_448' title='bbox 2613 3002 2851 3066; x_wconf 77' lang='lat' dir='ltr'><strong>fuerant,</strong></span> <span class='ocrx_word' id='word_1_449' title='bbox 2881 3001 3236 3057; x_wconf 88' lang='lat' dir='ltr'><strong>obtulissent.</strong></span> 
     </span>
    </p>
   </div>
   <div class='ocr_carea' id='block_1_65' title="bbox 325 3094 820 3165">
    <p class='ocr_par' dir='ltr' id='par_1_65' title="bbox 325 3094 820 3165">
     <span class='ocr_line' id='line_1_65' title="bbox 325 3094 820 3165; baseline 0.01 -20"><span class='ocrx_word' id='word_1_450' title='bbox 325 3094 820 3165; x_wconf 80' lang='grc' dir='ltr'>προσκομίσαντες.</span> 
     </span>
    </p>
   </div>
   <div class='ocr_carea' id='block_1_66' title="bbox 401 3186 1902 3262">
    <p class='ocr_par' dir='ltr' id='par_1_66' title="bbox 401 3186 1902 3262">
     <span class='ocr_line' id='line_1_66' title="bbox 401 3186 1902 3262; baseline 0.005 -24"><span class='ocrx_word' id='word_1_451' title='bbox 401 3187 509 3239; x_wconf 71' lang='grc' dir='ltr'><strong>Καὶ</strong></span> <span class='ocrx_word' id='word_1_452' title='bbox 522 3186 728 3241; x_wconf 82' lang='grc' dir='ltr'>τούτων</span> <span class='ocrx_word' id='word_1_453' title='bbox 753 3189 1212 3259; x_wconf 85' lang='grc' dir='ltr'>γιγνωσκομένων</span> <span class='ocrx_word' id='word_1_454' title='bbox 1227 3190 1648 3262; x_wconf 79' lang='grc' dir='ltr'>ἐμακροθύμουν</span> <span class='ocrx_word' id='word_1_455' title='bbox 1666 3194 1714 3246; x_wconf 82' lang='grc' dir='ltr'>οξ</span> <span class='ocrx_word' id='word_1_456' title='bbox 1735 3194 1902 3260; x_wconf 76' lang='grc' dir='ltr'>ἅγιοι,</span> 
     </span>
    </p>
   </div>
   <div class='ocr_carea' id='block_1_67' title="bbox 323 3272 1903 3353">
    <p class='ocr_par' dir='ltr' id='par_1_67' title="bbox 323 3272 1903 3353">
     <span class='ocr_line' id='line_1_67' title="bbox 323 3272 1903 3353; baseline 0.006 -24"><span class='ocrx_word' id='word_1_457' title='bbox 323 3278 425 3348; x_wconf 79' lang='grc' dir='ltr'>τὴν</span> <span class='ocrx_word' id='word_1_458' title='bbox 455 3280 795 3349; x_wconf 80' lang='grc' dir='ltr'>μετάγνωσιν</span> <span class='ocrx_word' id='word_1_459' title='bbox 822 3272 1000 3334; x_wconf 78' lang='grc' dir='ltr'>αὐτῶν</span> <span class='ocrx_word' id='word_1_460' title='bbox 1031 3282 1413 3353; x_wconf 84' lang='grc' dir='ltr'>ἀναμένοντες,</span> <span class='ocrx_word' id='word_1_461' title='bbox 1446 3286 1537 3336; x_wconf 78' lang='grc' dir='ltr'>καὶ</span> <span class='ocrx_word' id='word_1_462' title='bbox 1585 3285 1677 3338; x_wconf 76' lang='grc' dir='ltr'>τὸν</span> <span class='ocrx_word' id='word_1_463' title='bbox 1703 3288 1903 3339; x_wconf 75' lang='grc' dir='ltr'>Δεσπό-</span> 
     </span>
    </p>
   </div>
   <div class='ocr_carea' id='block_1_68' title="bbox 318 3368 1900 3446">
    <p class='ocr_par' dir='ltr' id='par_1_68' title="bbox 318 3368 1900 3446">
     <span class='ocr_line' id='line_1_68' title="bbox 318 3368 1900 3446; baseline 0.006 -24"><span class='ocrx_word' id='word_1_464' title='bbox 318 3385 425 3437; x_wconf 79' lang='grc' dir='ltr'><strong>την</strong></span> <span class='ocrx_word' id='word_1_465' title='bbox 456 3368 691 3438; x_wconf 70' lang='grc' dir='ltr'>Χριστὸν</span> <span class='ocrx_word' id='word_1_466' title='bbox 723 3370 816 3423; x_wconf 76' lang='grc' dir='ltr'>καὶ</span> <span class='ocrx_word' id='word_1_467' title='bbox 845 3372 902 3424; x_wconf 84' lang='grc' dir='ltr'>ἐν</span> <span class='ocrx_word' id='word_1_468' title='bbox 927 3371 1102 3441; x_wconf 85' lang='grc' dir='ltr'>τούτῳ</span> <span class='ocrx_word' id='word_1_469' title='bbox 1139 3372 1521 3445; x_wconf 71' lang='grc' dir='ltr'>φιλανθρωπίᾳ</span> <span class='ocrx_word' id='word_1_470' title='bbox 1554 3376 1900 3446; x_wconf 78' lang='grc' dir='ltr'>μιμούμενοι.</span> 
     </span>
    </p>
   </div>
   <div class='ocr_carea' id='block_1_69' title="bbox 338 3459 1904 3537">
    <p class='ocr_par' dir='ltr' id='par_1_69' title="bbox 338 3459 1904 3537">
     <span class='ocr_line' id='line_1_69' title="bbox 338 3459 1904 3537; baseline 0.006 -25"><span class='ocrx_word' id='word_1_471' title='bbox 338 3459 478 3519; x_wconf 79' lang='grc' dir='ltr'>Ἀλλ’</span> <span class='ocrx_word' id='word_1_472' title='bbox 503 3461 579 3524; x_wconf 84' lang='grc' dir='ltr'><strong>ὡς</strong></span> <span class='ocrx_word' id='word_1_473' title='bbox 608 3462 714 3514; x_wconf 74' lang='grc' dir='ltr'>ἴδον</span> <span class='ocrx_word' id='word_1_474' title='bbox 749 3462 1156 3525; x_wconf 80' lang='grc' dir='ltr'>καταλαϐόντας</span> <span class='ocrx_word' id='word_1_475' title='bbox 1194 3465 1263 3517; x_wconf 71' lang='grc' dir='ltr'><strong>τὰ</strong></span> <span class='ocrx_word' id='word_1_476' title='bbox 1306 3464 1434 3526; x_wconf 75' lang='grc' dir='ltr'>ἴδια,</span> <span class='ocrx_word' id='word_1_477' title='bbox 1467 3467 1563 3518; x_wconf 75' lang='grc' dir='ltr'>καὶ</span> <span class='ocrx_word' id='word_1_478' title='bbox 1618 3467 1751 3536; x_wconf 73' lang='grc' dir='ltr'>προς</span> <span class='ocrx_word' id='word_1_479' title='bbox 1807 3470 1904 3537; x_wconf 82' lang='grc' dir='ltr'>μὲν</span> 
     </span>
    </p>
   </div>
   <div class='ocr_carea' id='block_1_70' title="bbox 324 3550 1905 3629">
    <p class='ocr_par' dir='ltr' id='par_1_70' title="bbox 324 3550 1905 3629">
     <span class='ocr_line' id='line_1_70' title="bbox 324 3550 1905 3629; baseline 0.005 -25"><span class='ocrx_word' id='word_1_480' title='bbox 324 3550 553 3615; x_wconf 74' lang='grc' dir='ltr'>ἑαυτοὺς</span> <span class='ocrx_word' id='word_1_481' title='bbox 583 3552 1047 3623; x_wconf 67' lang='grc' dir='ltr'>ἀναστρέψαντας,</span> <span class='ocrx_word' id='word_1_482' title='bbox 1085 3556 1184 3608; x_wconf 81' lang='grc' dir='ltr'><strong>οὐκ</strong></span> <span class='ocrx_word' id='word_1_483' title='bbox 1208 3557 1652 3629; x_wconf 60' lang='grc' dir='ltr'>ἀναστρέζιαντας</span> <span class='ocrx_word' id='word_1_484' title='bbox 1682 3559 1736 3611; x_wconf 71' lang='grc' dir='ltr'>δὲ</span> <span class='ocrx_word' id='word_1_485' title='bbox 1769 3559 1905 3628; x_wconf 72' lang='grc' dir='ltr'>πρὸς</span> 
     </span>
    </p>
   </div>
   <div class='ocr_carea' id='block_1_71' title="bbox 329 3643 1903 3719">
    <p class='ocr_par' dir='ltr' id='par_1_71' title="bbox 329 3643 1903 3719">
     <span class='ocr_line' id='line_1_71' title="bbox 329 3643 1903 3719; baseline 0.003 -22"><span class='ocrx_word' id='word_1_486' title='bbox 329 3643 640 3714; x_wconf 85' lang='grc' dir='ltr'>μετάνοιαν,</span> <span class='ocrx_word' id='word_1_487' title='bbox 675 3645 843 3709; x_wconf 78' lang='grc' dir='ltr'>ἀξίως</span> <span class='ocrx_word' id='word_1_488' title='bbox 903 3648 1253 3719; x_wconf 83' lang='grc' dir='ltr'>ἀμφοτέρους</span> <span class='ocrx_word' id='word_1_489' title='bbox 1313 3650 1635 3714; x_wconf 74' lang='grc' dir='ltr'>αίκίζονται·</span> <span class='ocrx_word' id='word_1_490' title='bbox 1670 3650 1765 3703; x_wconf 77' lang='grc' dir='ltr'>τοῦ</span> <span class='ocrx_word' id='word_1_491' title='bbox 1806 3653 1903 3719; x_wconf 75' lang='grc' dir='ltr'>μὲν</span> 
     </span>
    </p>
   </div>
   <div class='ocr_carea' id='block_1_72' title="bbox 325 3733 1904 3808">
    <p class='ocr_par' dir='ltr' id='par_1_72' title="bbox 325 3733 1904 3808">
     <span class='ocr_line' id='line_1_72' title="bbox 325 3733 1904 3808; baseline 0.003 -20"><span class='ocrx_word' id='word_1_492' title='bbox 325 3733 556 3803; x_wconf 79' lang='grc' dir='ltr'>Ιιιαμὼθ</span> <span class='ocrx_word' id='word_1_493' title='bbox 588 3735 756 3799; x_wconf 87' lang='grc' dir='ltr'>πόδας</span> <span class='ocrx_word' id='word_1_494' title='bbox 781 3737 875 3789; x_wconf 82' lang='grc' dir='ltr'>καὶ</span> <span class='ocrx_word' id='word_1_495' title='bbox 904 3740 1093 3808; x_wconf 84' lang='grc' dir='ltr'>χεῖρας</span> <span class='ocrx_word' id='word_1_496' title='bbox 1136 3739 1517 3808; x_wconf 79' lang='grc' dir='ltr'>συνδήσαντες,</span> <span class='ocrx_word' id='word_1_497' title='bbox 1544 3742 1639 3793; x_wconf 71' lang='grc' dir='ltr'>καὶ</span> <span class='ocrx_word' id='word_1_498' title='bbox 1674 3742 1780 3793; x_wconf 77' lang='grc' dir='ltr'><strong>πᾶν</strong></span> <span class='ocrx_word' id='word_1_499' title='bbox 1805 3741 1904 3794; x_wconf 71' lang='grc' dir='ltr'><strong>αὑ-</strong></span> 
     </span>
    </p>
   </div>
   <div class='ocr_carea' id='block_1_73' title="bbox 322 3827 1900 3903">
    <p class='ocr_par' dir='ltr' id='par_1_73' title="bbox 322 3827 1900 3903">
     <span class='ocr_line' id='line_1_73' title="bbox 322 3827 1900 3903; baseline 0.003 -23"><span class='ocrx_word' id='word_1_500' title='bbox 322 3828 415 3881; x_wconf 75' lang='grc' dir='ltr'><strong>τοῦ</strong></span> <span class='ocrx_word' id='word_1_501' title='bbox 436 3828 496 3881; x_wconf 84' lang='grc' dir='ltr'>τὸ</span> <span class='ocrx_word' id='word_1_502' title='bbox 516 3827 674 3900; x_wconf 82' lang='grc' dir='ltr'>σῶμα</span> <span class='ocrx_word' id='word_1_503' title='bbox 696 3831 815 3892; x_wconf 88' lang='grc' dir='ltr'>ταῖς</span> <span class='ocrx_word' id='word_1_504' title='bbox 842 3828 943 3899; x_wconf 75' lang='grc' dir='ltr'>τῆς</span> <span class='ocrx_word' id='word_1_505' title='bbox 963 3830 1249 3901; x_wconf 81' lang='grc' dir='ltr'>παρέσεως</span> <span class='ocrx_word' id='word_1_506' title='bbox 1279 3831 1494 3896; x_wconf 75' lang='grc' dir='ltr'>ὀδύναις</span> <span class='ocrx_word' id='word_1_507' title='bbox 1520 3833 1809 3903; x_wconf 75' lang='grc' dir='ltr'>μαστίξανι</span> <span class='ocrx_word' id='word_1_508' title='bbox 1822 3851 1900 3897; x_wconf 87' lang='grc' dir='ltr'>ες·</span> 
     </span>
    </p>
   </div>
   <div class='ocr_carea' id='block_1_74' title="bbox 324 3910 1903 3997">
    <p class='ocr_par' dir='ltr' id='par_1_74' title="bbox 324 3910 1903 3997">
     <span class='ocr_line' id='line_1_74' title="bbox 324 3910 1903 3997; baseline 0.003 -24"><span class='ocrx_word' id='word_1_509' title='bbox 324 3919 602 3991; x_wconf 81' lang='grc' dir='ltr'>Γεωργίου</span> <span class='ocrx_word' id='word_1_510' title='bbox 632 3920 711 3985; x_wconf 81' lang='grc' dir='ltr'>δὲ,</span> <span class='ocrx_word' id='word_1_511' title='bbox 744 3920 932 3974; x_wconf 80' lang='grc' dir='ltr'>τοῦτον</span> <span class='ocrx_word' id='word_1_512' title='bbox 977 3910 1499 3993; x_wconf 71' lang='grc' dir='ltr'>συγκαταϐρώξαντι</span> <span class='ocrx_word' id='word_1_513' title='bbox 1553 3926 1903 3997; x_wconf 71' lang='grc' dir='ltr'>πονηροτάτῳ</span> 
     </span>
    </p>
   </div>
   <div class='ocr_carea' id='block_1_75' title="bbox 321 4012 1899 4085">
    <p class='ocr_par' dir='ltr' id='par_1_75' title="bbox 321 4012 1899 4085">
     <span class='ocr_line' id='line_1_75' title="bbox 321 4012 1899 4085; baseline 0.004 -19"><span class='ocrx_word' id='word_1_514' title='bbox 321 4012 537 4083; x_wconf 83' lang='grc' dir='ltr'>δαίμονι</span> <span class='ocrx_word' id='word_1_515' title='bbox 581 4013 682 4083; x_wconf 82' lang='grc' dir='ltr'>τὴν</span> <span class='ocrx_word' id='word_1_516' title='bbox 723 4013 972 4085; x_wconf 80' lang='grc' dir='ltr'>εἰσϐολὴν</span> <span class='ocrx_word' id='word_1_517' title='bbox 1039 4018 1517 4085; x_wconf 77' lang='grc' dir='ltr'>συγχωρήσαντες.</span> <span class='ocrx_word' id='word_1_518' title='bbox 1575 4017 1802 4080; x_wconf 82' lang='grc' dir='ltr'>Γνόντες</span> <span class='ocrx_word' id='word_1_519' title='bbox 1840 4017 1899 4072; x_wconf 80' lang='grc' dir='ltr'>δὲ</span> 
     </span>
    </p>
   </div>
   <div class='ocr_carea' id='block_1_76' title="bbox 324 4105 1902 4183">
    <p class='ocr_par' dir='ltr' id='par_1_76' title="bbox 324 4105 1902 4183">
     <span class='ocr_line' id='line_1_76' title="bbox 324 4105 1902 4183; baseline 0.003 -23"><span class='ocrx_word' id='word_1_520' title='bbox 324 4107 519 4160; x_wconf 75' lang='grc' dir='ltr'>θᾶττον</span> <span class='ocrx_word' id='word_1_521' title='bbox 542 4108 591 4160; x_wconf 80' lang='grc' dir='ltr'><strong>οἱ</strong></span> <span class='ocrx_word' id='word_1_522' title='bbox 619 4106 848 4170; x_wconf 84' lang='grc' dir='ltr'>τάλανες</span> <span class='ocrx_word' id='word_1_523' title='bbox 878 4105 1004 4171; x_wconf 66' lang='grc' dir='ltr'>τοὺς</span> <span class='ocrx_word' id='word_1_524' title='bbox 1033 4109 1415 4175; x_wconf 85' lang='grc' dir='ltr'>κακώσαντας,</span> <span class='ocrx_word' id='word_1_525' title='bbox 1452 4108 1548 4163; x_wconf 75' lang='grc' dir='ltr'>καὶ</span> <span class='ocrx_word' id='word_1_526' title='bbox 1602 4109 1902 4183; x_wconf 76' lang='grc' dir='ltr'>διαρρήδην</span> 
     </span>
    </p>
   </div>
   <div class='ocr_carea' id='block_1_77' title="bbox 324 4196 1901 4272">
    <p class='ocr_par' dir='ltr' id='par_1_77' title="bbox 324 4196 1901 4272">
     <span class='ocr_line' id='line_1_77' title="bbox 324 4196 1901 4272; baseline 0.004 -24"><span class='ocrx_word' id='word_1_527' title='bbox 324 4197 490 4248; x_wconf 75' lang='grc' dir='ltr'>πᾶσιν</span> <span class='ocrx_word' id='word_1_528' title='bbox 535 4196 971 4269; x_wconf 84' lang='grc' dir='ltr'>ὁμολογήσαντες</span> <span class='ocrx_word' id='word_1_529' title='bbox 1024 4201 1140 4262; x_wconf 89' lang='grc' dir='ltr'>τοῖς</span> <span class='ocrx_word' id='word_1_530' title='bbox 1179 4199 1407 4264; x_wconf 83' lang='grc' dir='ltr'>οἰκείοις</span> <span class='ocrx_word' id='word_1_531' title='bbox 1450 4199 1521 4254; x_wconf 75' lang='grc' dir='ltr'>τὰ</span> <span class='ocrx_word' id='word_1_532' title='bbox 1559 4202 1901 4272; x_wconf 79' lang='grc' dir='ltr'>πταίσματα,</span> 
     </span>
    </p>
   </div>
   <div class='ocr_carea' id='block_1_78' title="bbox 323 4289 1905 4365">
    <p class='ocr_par' dir='ltr' id='par_1_78' title="bbox 323 4289 1905 4365">
     <span class='ocr_line' id='line_1_78' title="bbox 323 4289 1905 4365; baseline 0.004 -24"><span class='ocrx_word' id='word_1_533' title='bbox 323 4290 646 4357; x_wconf 74' lang='grc' dir='ltr'>αἰτήσαντες</span> <span class='ocrx_word' id='word_1_534' title='bbox 673 4289 731 4342; x_wconf 75' lang='grc' dir='ltr'>δὲ</span> <span class='ocrx_word' id='word_1_535' title='bbox 753 4289 850 4342; x_wconf 79' lang='grc' dir='ltr'>καὶ</span> <span class='ocrx_word' id='word_1_536' title='bbox 878 4290 944 4344; x_wconf 70' lang='grc' dir='ltr'>τὰ</span> <span class='ocrx_word' id='word_1_537' title='bbox 970 4289 1167 4358; x_wconf 84' lang='grc' dir='ltr'>γύναια</span> <span class='ocrx_word' id='word_1_538' title='bbox 1195 4294 1265 4345; x_wconf 82' lang='grc' dir='ltr'>τὰ</span> <span class='ocrx_word' id='word_1_539' title='bbox 1292 4291 1393 4356; x_wconf 86' lang='grc' dir='ltr'><strong>τὰς</strong></span> <span class='ocrx_word' id='word_1_540' title='bbox 1451 4294 1772 4365; x_wconf 69' lang='grc' dir='ltr'>προσφορὰς</span> <span class='ocrx_word' id='word_1_541' title='bbox 1806 4296 1905 4348; x_wconf 80' lang='grc' dir='ltr'><strong>αὺ-</strong></span> 
     </span>
    </p>
   </div>
   <div class='ocr_carea' id='block_1_79' title="bbox 2086 3183 3599 3257">
    <p class='ocr_par' dir='ltr' id='par_1_79' title="bbox 2086 3183 3599 3257">
     <span class='ocr_line' id='line_1_79' title="bbox 2086 3183 3599 3257; baseline 0.001 -18"><span class='ocrx_word' id='word_1_542' title='bbox 2086 3188 2148 3239; x_wconf 70' lang='grc' dir='ltr'>Ει</span> <span class='ocrx_word' id='word_1_543' title='bbox 2177 3187 2261 3240; x_wconf 83' lang='lat' dir='ltr'><strong>his</strong></span> <span class='ocrx_word' id='word_1_544' title='bbox 2283 3186 2471 3257; x_wconf 81' lang='lat' dir='ltr'><strong>gestis,</strong></span> <span class='ocrx_word' id='word_1_545' title='bbox 2501 3184 2883 3250; x_wconf 68' lang='lat' dir='ltr'><strong>mquanimiter</strong></span> <span class='ocrx_word' id='word_1_546' title='bbox 2916 3183 3390 3248; x_wconf 59' lang='lat' dir='ltr'><strong>ferebant&#39;sancti,</strong></span> <span class='ocrx_word' id='word_1_547' title='bbox 3425 3187 3599 3256; x_wconf 64' lang='lat' dir='ltr'><strong>[uenio</strong></span> 
     </span>
    </p>
   </div>
   <div class='ocr_carea' id='block_1_80' title="bbox 2013 3277 3590 3346">
    <p class='ocr_par' dir='ltr' id='par_1_80' title="bbox 2013 3277 3590 3346">
     <span class='ocr_line' id='line_1_80' title="bbox 2013 3277 3590 3346; baseline -0.001 -14"><span class='ocrx_word' id='word_1_548' title='bbox 2013 3283 2238 3334; x_wconf 75' lang='lat' dir='ltr'><strong>tentiam</strong></span> <span class='ocrx_word' id='word_1_549' title='bbox 2260 3296 2449 3332; x_wconf 78' lang='lat' dir='ltr'><strong>eorum</strong></span> <span class='ocrx_word' id='word_1_550' title='bbox 2471 3285 2876 3346; x_wconf 63' lang='lat' dir='ltr'><strong>exspectantes,</strong></span> <span class='ocrx_word' id='word_1_551' title='bbox 2895 3285 2949 3331; x_wconf 86' lang='lat' dir='ltr'><strong>et</strong></span> <span class='ocrx_word' id='word_1_552' title='bbox 2972 3277 3403 3333; x_wconf 77' lang='lat' dir='ltr'><strong>DominiCltristi</strong></span> <span class='ocrx_word' id='word_1_553' title='bbox 3429 3280 3590 3333; x_wconf 84' lang='lat' dir='ltr'><strong>etiam</strong></span> 
     </span>
    </p>
   </div>
   <div class='ocr_carea' id='block_1_81' title="bbox 2013 3369 3599 3427">
    <p class='ocr_par' dir='ltr' id='par_1_81' title="bbox 2013 3369 3599 3427">
     <span class='ocr_line' id='line_1_81' title="bbox 2013 3369 3599 3427; baseline 0.001 -2"><span class='ocrx_word' id='word_1_554' title='bbox 2013 3374 2065 3425; x_wconf 90' lang='lat' dir='ltr'><strong>in</strong></span> <span class='ocrx_word' id='word_1_555' title='bbox 2101 3373 2205 3424; x_wconf 88' lang='lat' dir='ltr'><strong>hoc</strong></span> <span class='ocrx_word' id='word_1_556' title='bbox 2242 3371 2676 3426; x_wconf 84' lang='lat' dir='ltr'><strong>misericordiam</strong></span> <span class='ocrx_word' id='word_1_557' title='bbox 2707 3371 3009 3425; x_wconf 85' lang='lat' dir='ltr'><strong>imitantes.</strong></span> <span class='ocrx_word' id='word_1_558' title='bbox 3043 3369 3149 3424; x_wconf 91' lang='lat' dir='ltr'><strong>Sed</strong></span> <span class='ocrx_word' id='word_1_559' title='bbox 3181 3386 3306 3424; x_wconf 91' lang='lat' dir='ltr'><strong>cum</strong></span> <span class='ocrx_word' id='word_1_560' title='bbox 3328 3372 3599 3427; x_wconf 71' lang='lat' dir='ltr'><strong>vidissent</strong></span> 
     </span>
    </p>
   </div>
   <div class='ocr_carea' id='block_1_82' title="bbox 2010 3460 3593 3532">
    <p class='ocr_par' dir='ltr' id='par_1_82' title="bbox 2010 3460 3593 3532">
     <span class='ocr_line' id='line_1_82' title="bbox 2010 3460 3593 3532; baseline 0 -15"><span class='ocrx_word' id='word_1_561' title='bbox 2010 3479 2104 3517; x_wconf 91' lang='lat' dir='ltr'><strong>eos</strong></span> <span class='ocrx_word' id='word_1_562' title='bbox 2131 3463 2199 3517; x_wconf 90' lang='lat' dir='ltr'><strong>ad</strong></span> <span class='ocrx_word' id='word_1_563' title='bbox 2241 3463 2458 3532; x_wconf 87' lang='lat' dir='ltr'><strong>propria</strong></span> <span class='ocrx_word' id='word_1_564' title='bbox 2505 3477 2803 3526; x_wconf 65' lang='lat' dir='ltr'><strong>remeasse,</strong></span> <span class='ocrx_word' id='word_1_565' title='bbox 2847 3469 2902 3516; x_wconf 90' lang='lat' dir='ltr'><strong>et</strong></span> <span class='ocrx_word' id='word_1_566' title='bbox 2943 3460 3009 3516; x_wconf 89' lang='lat' dir='ltr'><strong>ad</strong></span> <span class='ocrx_word' id='word_1_567' title='bbox 3042 3478 3100 3517; x_wconf 89' lang='lat' dir='ltr'><strong>se</strong></span> <span class='ocrx_word' id='word_1_568' title='bbox 3129 3477 3452 3528; x_wconf 84' lang='lat' dir='ltr'><strong>conversos,</strong></span> <span class='ocrx_word' id='word_1_569' title='bbox 3486 3480 3593 3518; x_wconf 87' lang='lat' dir='ltr'><strong>non</strong></span> 
     </span>
    </p>
   </div>
   <div class='ocr_carea' id='block_1_83' title="bbox 2012 3551 3596 3625">
    <p class='ocr_par' dir='ltr' id='par_1_83' title="bbox 2012 3551 3596 3625">
     <span class='ocr_line' id='line_1_83' title="bbox 2012 3551 3596 3625; baseline 0.001 -18"><span class='ocrx_word' id='word_1_570' title='bbox 2012 3565 2197 3607; x_wconf 66' lang='lat' dir='ltr'><strong>autem</strong></span> <span class='ocrx_word' id='word_1_571' title='bbox 2233 3568 2533 3608; x_wconf 81' lang='lat' dir='ltr'><strong>conversos</strong></span> <span class='ocrx_word' id='word_1_572' title='bbox 2569 3554 2635 3606; x_wconf 90' lang='lat' dir='ltr'><strong>ad</strong></span> <span class='ocrx_word' id='word_1_573' title='bbox 2679 3554 3084 3622; x_wconf 65' lang='lat' dir='ltr'><strong>paenitentiam,</strong></span> <span class='ocrx_word' id='word_1_574' title='bbox 3115 3553 3280 3623; x_wconf 75' lang='lat' dir='ltr'><strong>digne</strong></span> <span class='ocrx_word' id='word_1_575' title='bbox 3318 3551 3596 3625; x_wconf 80' lang='lat' dir='ltr'><strong>ﬂagellant</strong></span> 
     </span>
    </p>
   </div>
   <div class='ocr_carea' id='block_1_84' title="bbox 2013 3644 3593 3716">
    <p class='ocr_par' dir='ltr' id='par_1_84' title="bbox 2013 3644 3593 3716">
     <span class='ocr_line' id='line_1_84' title="bbox 2013 3644 3593 3716; baseline 0.002 -17"><span class='ocrx_word' id='word_1_576' title='bbox 2013 3657 2339 3715; x_wconf 84' lang='lat' dir='ltr'><strong>utrumque;</strong></span> <span class='ocrx_word' id='word_1_577' title='bbox 2376 3645 2623 3699; x_wconf 75' lang='lat' dir='ltr'><strong>i’iamoth</strong></span> <span class='ocrx_word' id='word_1_578' title='bbox 2657 3646 2875 3715; x_wconf 80' lang='lat' dir='ltr'><strong>quidem</strong></span> <span class='ocrx_word' id='word_1_579' title='bbox 2908 3660 3103 3699; x_wconf 86' lang='lat' dir='ltr'><strong>manus</strong></span> <span class='ocrx_word' id='word_1_580' title='bbox 3142 3653 3195 3699; x_wconf 89' lang='lat' dir='ltr'><strong>et</strong></span> <span class='ocrx_word' id='word_1_581' title='bbox 3237 3644 3403 3716; x_wconf 83' lang='lat' dir='ltr'><strong>pedes</strong></span> <span class='ocrx_word' id='word_1_582' title='bbox 3433 3647 3593 3702; x_wconf 88' lang='lat' dir='ltr'><strong>colli-</strong></span> 
     </span>
    </p>
   </div>
   <div class='ocr_carea' id='block_1_85' title="bbox 2012 3737 3595 3810">
    <p class='ocr_par' dir='ltr' id='par_1_85' title="bbox 2012 3737 3595 3810">
     <span class='ocr_line' id='line_1_85' title="bbox 2012 3737 3595 3810; baseline 0.004 -21"><span class='ocrx_word' id='word_1_583' title='bbox 2012 3751 2226 3810; x_wconf 74' lang='lat' dir='ltr'><strong>gautcs,</strong></span> <span class='ocrx_word' id='word_1_584' title='bbox 2268 3747 2320 3793; x_wconf 87' lang='lat' dir='ltr'><strong>ct</strong></span> <span class='ocrx_word' id='word_1_585' title='bbox 2352 3747 2528 3792; x_wconf 79' lang='lat' dir='ltr'><strong>totum</strong></span> <span class='ocrx_word' id='word_1_586' title='bbox 2559 3754 2760 3808; x_wconf 89' lang='lat' dir='ltr'><strong>corpus</strong></span> <span class='ocrx_word' id='word_1_587' title='bbox 2791 3738 2909 3805; x_wconf 83' lang='lat' dir='ltr'><strong>ejus</strong></span> <span class='ocrx_word' id='word_1_588' title='bbox 2951 3737 3267 3809; x_wconf 83' lang='lat' dir='ltr'><strong>paralyseos</strong></span> <span class='ocrx_word' id='word_1_589' title='bbox 3311 3738 3595 3795; x_wconf 79' lang='lat' dir='ltr'><strong>doloribus</strong></span> 
     </span>
    </p>
   </div>
   <div class='ocr_carea' id='block_1_86' title="bbox 2013 3830 3596 3903">
    <p class='ocr_par' dir='ltr' id='par_1_86' title="bbox 2013 3830 3596 3903">
     <span class='ocr_line' id='line_1_86' title="bbox 2013 3830 3596 3903; baseline -0.001 -16"><span class='ocrx_word' id='word_1_590' title='bbox 2013 3834 2395 3893; x_wconf 83' lang='lat' dir='ltr'><strong>verberantes;</strong></span> <span class='ocrx_word' id='word_1_591' title='bbox 2424 3830 2645 3902; x_wconf 80' lang='lat' dir='ltr'><strong>Georgii</strong></span> <span class='ocrx_word' id='word_1_592' title='bbox 2678 3841 2879 3896; x_wconf 84' lang='lat' dir='ltr'><strong>autem,</strong></span> <span class='ocrx_word' id='word_1_593' title='bbox 2913 3831 3004 3900; x_wconf 87' lang='lat' dir='ltr'><strong>qui</strong></span> <span class='ocrx_word' id='word_1_594' title='bbox 3039 3845 3162 3884; x_wconf 90' lang='lat' dir='ltr'><strong>cum</strong></span> <span class='ocrx_word' id='word_1_595' title='bbox 3196 3833 3372 3885; x_wconf 78' lang='lat' dir='ltr'><strong>altero</strong></span> <span class='ocrx_word' id='word_1_596' title='bbox 3403 3847 3596 3903; x_wconf 76' lang='lat' dir='ltr'><strong>accep-</strong></span> 
     </span>
    </p>
   </div>
   <div class='ocr_carea' id='block_1_87' title="bbox 2011 3919 3595 3991">
    <p class='ocr_par' dir='ltr' id='par_1_87' title="bbox 2011 3919 3595 3991">
     <span class='ocr_line' id='line_1_87' title="bbox 2011 3919 3595 3991; baseline 0 -15"><span class='ocrx_word' id='word_1_597' title='bbox 2011 3933 2123 3976; x_wconf 90' lang='lat' dir='ltr'><strong>tttm</strong></span> <span class='ocrx_word' id='word_1_598' title='bbox 2175 3938 2401 3989; x_wconf 83' lang='lat' dir='ltr'><strong>porcum</strong></span> <span class='ocrx_word' id='word_1_599' title='bbox 2434 3921 2508 3991; x_wconf 65' lang='grc' dir='ltr'><strong>(Ξ)</strong></span> <span class='ocrx_word' id='word_1_600' title='bbox 2542 3920 2876 3985; x_wconf 74' lang='lat' dir='ltr'><strong>cumedcrat,</strong></span> <span class='ocrx_word' id='word_1_601' title='bbox 2917 3919 3160 3990; x_wconf 76' lang='lat' dir='ltr'><strong>pessimo</strong></span> <span class='ocrx_word' id='word_1_602' title='bbox 3202 3920 3472 3977; x_wconf 65' lang='lat' dir='ltr'><strong>daemonio</strong></span> <span class='ocrx_word' id='word_1_603' title='bbox 3511 3923 3595 3976; x_wconf 82' lang='lat' dir='ltr'><strong>itt-</strong></span> 
     </span>
    </p>
   </div>
   <div class='ocr_carea' id='block_1_88' title="bbox 2013 4012 3593 4084">
    <p class='ocr_par' dir='ltr' id='par_1_88' title="bbox 2013 4012 3593 4084">
     <span class='ocr_line' id='line_1_88' title="bbox 2013 4012 3593 4084; baseline -0.001 -17"><span class='ocrx_word' id='word_1_604' title='bbox 2013 4015 2237 4068; x_wconf 87' lang='lat' dir='ltr'><strong>truitum</strong></span> <span class='ocrx_word' id='word_1_605' title='bbox 2286 4014 2653 4084; x_wconf 81' lang='lat' dir='ltr'><strong>indulgentes.</strong></span> <span class='ocrx_word' id='word_1_606' title='bbox 2683 4012 2935 4082; x_wconf 87' lang='lat' dir='ltr'><strong>Cumque</strong></span> <span class='ocrx_word' id='word_1_607' title='bbox 2969 4013 3239 4069; x_wconf 88' lang='lat' dir='ltr'><strong>maturius</strong></span> <span class='ocrx_word' id='word_1_608' title='bbox 3288 4014 3473 4070; x_wconf 86' lang='lat' dir='ltr'><strong>miseri</strong></span> <span class='ocrx_word' id='word_1_609' title='bbox 3514 4015 3593 4068; x_wconf 76' lang='lat' dir='ltr'><strong>at-</strong></span> 
     </span>
    </p>
   </div>
   <div class='ocr_carea' id='block_1_89' title="bbox 2010 4104 3592 4176">
    <p class='ocr_par' dir='ltr' id='par_1_89' title="bbox 2010 4104 3592 4176">
     <span class='ocr_line' id='line_1_89' title="bbox 2010 4104 3592 4176; baseline 0.001 -18"><span class='ocrx_word' id='word_1_610' title='bbox 2010 4104 2262 4174; x_wconf 77' lang='lat' dir='ltr'><strong>ﬂzgentes</strong></span> <span class='ocrx_word' id='word_1_611' title='bbox 2295 4120 2354 4160; x_wconf 90' lang='lat' dir='ltr'><strong>sc</strong></span> <span class='ocrx_word' id='word_1_612' title='bbox 2398 4105 2811 4176; x_wconf 81' lang='lat' dir='ltr'><strong>cognovissent,</strong></span> <span class='ocrx_word' id='word_1_613' title='bbox 2845 4111 2899 4159; x_wconf 83' lang='lat' dir='ltr'><strong>et</strong></span> <span class='ocrx_word' id='word_1_614' title='bbox 2955 4104 3133 4173; x_wconf 88' lang='lat' dir='ltr'><strong>palam</strong></span> <span class='ocrx_word' id='word_1_615' title='bbox 3178 4105 3437 4161; x_wconf 88' lang='lat' dir='ltr'><strong>onmibus</strong></span> <span class='ocrx_word' id='word_1_616' title='bbox 3476 4107 3592 4161; x_wconf 79' lang='lat' dir='ltr'><strong>suis</strong></span> 
     </span>
    </p>
   </div>
   <div class='ocr_carea' id='block_1_90' title="bbox 2010 4196 3594 4270">
    <p class='ocr_par' dir='ltr' id='par_1_90' title="bbox 2010 4196 3594 4270">
     <span class='ocr_line' id='line_1_90' title="bbox 2010 4196 3594 4270; baseline 0.004 -20"><span class='ocrx_word' id='word_1_617' title='bbox 2010 4202 2261 4270; x_wconf 84' lang='lat' dir='ltr'><strong>proprias</strong></span> <span class='ocrx_word' id='word_1_618' title='bbox 2309 4196 2554 4254; x_wconf 71' lang='lat' dir='ltr'><strong>confessi</strong></span> <span class='ocrx_word' id='word_1_619' title='bbox 2582 4199 2774 4268; x_wconf 85' lang='lat' dir='ltr'><strong>culpas</strong></span> <span class='ocrx_word' id='word_1_620' title='bbox 2811 4196 3064 4263; x_wconf 81' lang='lat' dir='ltr'><strong>fuissent,</strong></span> <span class='ocrx_word' id='word_1_621' title='bbox 3103 4198 3594 4270; x_wconf 84' lang='lat' dir='ltr'><strong>postulassentque</strong></span> 
     </span>
    </p>
   </div>
   <div class='ocr_carea' id='block_1_91' title="bbox 2012 4291 3594 4363">
    <p class='ocr_par' dir='ltr' id='par_1_91' title="bbox 2012 4291 3594 4363">
     <span class='ocr_line' id='line_1_91' title="bbox 2012 4291 3594 4363; baseline -0.001 -16"><span class='ocrx_word' id='word_1_622' title='bbox 2012 4292 2264 4356; x_wconf 83' lang='lat' dir='ltr'><strong>feminas,</strong></span> <span class='ocrx_word' id='word_1_623' title='bbox 2291 4307 2413 4363; x_wconf 76' lang='lat' dir='ltr'><strong>qtue</strong></span> <span class='ocrx_word' id='word_1_624' title='bbox 2444 4291 2752 4348; x_wconf 88' lang='lat' dir='ltr'><strong>oblationes</strong></span> <span class='ocrx_word' id='word_1_625' title='bbox 2775 4291 2879 4347; x_wconf 88' lang='lat' dir='ltr'><strong>sibi</strong></span> <span class='ocrx_word' id='word_1_626' title='bbox 2916 4292 3286 4363; x_wconf 73' lang='lat' dir='ltr'><strong>prtebuerant,</strong></span> <span class='ocrx_word' id='word_1_627' title='bbox 3317 4306 3384 4347; x_wconf 91' lang='lat' dir='ltr'><strong>ne</strong></span> <span class='ocrx_word' id='word_1_628' title='bbox 3404 4307 3462 4347; x_wconf 90' lang='lat' dir='ltr'><strong>se</strong></span> <span class='ocrx_word' id='word_1_629' title='bbox 3481 4308 3594 4346; x_wconf 78' lang='lat' dir='ltr'><strong>ma-</strong></span> 
     </span>
    </p>
   </div>
   <div class='ocr_carea' id='block_1_92' title="bbox 321 4375 1904 4457">
    <p class='ocr_par' dir='ltr' id='par_1_92' title="bbox 321 4375 1904 4456">
     <span class='ocr_line' id='line_1_92' title="bbox 321 4375 1904 4456; baseline 0.006 -24"><span class='ocrx_word' id='word_1_630' title='bbox 321 4381 435 4443; x_wconf 81' lang='grc' dir='ltr'>τοῖς</span> <span class='ocrx_word' id='word_1_631' title='bbox 456 4380 876 4453; x_wconf 86' lang='grc' dir='ltr'>παρασχόμενα,</span> <span class='ocrx_word' id='word_1_632' title='bbox 909 4383 1178 4453; x_wconf 80' lang='grc' dir='ltr'>κατάραις</span> <span class='ocrx_word' id='word_1_633' title='bbox 1211 4375 1394 4449; x_wconf 71' lang='grc' dir='ltr'>αὐτοῖς</span> <span class='ocrx_word' id='word_1_634' title='bbox 1416 4384 1491 4456; x_wconf 83' lang='grc' dir='ltr'>μὴ</span> <span class='ocrx_word' id='word_1_635' title='bbox 1510 4385 1904 4453; x_wconf 77' lang='grc' dir='ltr'>καθάπτεσθαι,</span> 
     </span>
    </p>
   </div>
   <div class='ocr_carea' id='block_1_93' title="bbox 2012 4375 3597 4457">
    <p class='ocr_par' dir='ltr' id='par_1_93' title="bbox 2013 4382 3597 4454">
     <span class='ocr_line' id='line_1_93' title="bbox 2013 4382 3597 4454; baseline 0.001 -17"><span class='ocrx_word' id='word_1_636' title='bbox 2013 4383 2404 4437; x_wconf 86' lang='lat' dir='ltr'><strong>ledictiouibus</strong></span> <span class='ocrx_word' id='word_1_637' title='bbox 2430 4383 2781 4454; x_wconf 81' lang='lat' dir='ltr'><strong>itttpctcrcnt,</strong></span> <span class='ocrx_word' id='word_1_638' title='bbox 2806 4382 2874 4437; x_wconf 90' lang='lat' dir='ltr'><strong>ad</strong></span> <span class='ocrx_word' id='word_1_639' title='bbox 2902 4393 3127 4439; x_wconf 88' lang='lat' dir='ltr'><strong>sanctos</strong></span> <span class='ocrx_word' id='word_1_640' title='bbox 3158 4383 3317 4439; x_wconf 90' lang='lat' dir='ltr'><strong>sicuti</strong></span> <span class='ocrx_word' id='word_1_641' title='bbox 3348 4398 3456 4439; x_wconf 83' lang='lat' dir='ltr'><strong>non</strong></span> <span class='ocrx_word' id='word_1_642' title='bbox 3478 4399 3597 4453; x_wconf 87' lang='lat' dir='ltr'><strong>spe-</strong></span> 
     </span>
    </p>
   </div>
   <div class='ocr_carea' id='block_1_94' title="bbox 323 4472 1902 4548">
    <p class='ocr_par' dir='ltr' id='par_1_94' title="bbox 323 4472 1902 4548">
     <span class='ocr_line' id='line_1_94' title="bbox 323 4472 1902 4548; baseline 0.006 -23"><span class='ocrx_word' id='word_1_643' title='bbox 323 4472 459 4542; x_wconf 64' lang='grc' dir='ltr'>ττρὸς</span> <span class='ocrx_word' id='word_1_644' title='bbox 521 4472 648 4535; x_wconf 80' lang='grc' dir='ltr'>τοὺς</span> <span class='ocrx_word' id='word_1_645' title='bbox 704 4472 892 4540; x_wconf 80' lang='grc' dir='ltr'>ἁγίους</span> <span class='ocrx_word' id='word_1_646' title='bbox 916 4473 993 4536; x_wconf 86' lang='grc' dir='ltr'><strong>ὡς</strong></span> <span class='ocrx_word' id='word_1_647' title='bbox 1023 4473 1124 4527; x_wconf 86' lang='grc' dir='ltr'><strong>οὐκ</strong></span> <span class='ocrx_word' id='word_1_648' title='bbox 1188 4475 1427 4546; x_wconf 75' lang='grc' dir='ltr'>ἤλπισαν</span> <span class='ocrx_word' id='word_1_649' title='bbox 1482 4477 1756 4548; x_wconf 78' lang='grc' dir='ltr'>ἔρχονται,</span> <span class='ocrx_word' id='word_1_650' title='bbox 1806 4480 1902 4534; x_wconf 70' lang='grc' dir='ltr'>καὶ</span> 
     </span>
    </p>
   </div>
   <div class='ocr_carea' id='block_1_95' title="bbox 323 4558 1900 4641">
    <p class='ocr_par' dir='ltr' id='par_1_95' title="bbox 323 4558 1900 4641">
     <span class='ocr_line' id='line_1_95' title="bbox 323 4558 1900 4641; baseline 0.004 -25"><span class='ocrx_word' id='word_1_651' title='bbox 323 4561 657 4633; x_wconf 74' lang='grc' dir='ltr'>συγγνώμης</span> <span class='ocrx_word' id='word_1_652' title='bbox 679 4567 866 4634; x_wconf 80' lang='grc' dir='ltr'>τυχεῖν</span> <span class='ocrx_word' id='word_1_653' title='bbox 914 4564 1223 4618; x_wconf 80' lang='grc' dir='ltr'>ὲλιτάνευον</span> <span class='ocrx_word' id='word_1_654' title='bbox 1246 4558 1321 4619; x_wconf 85' lang='grc' dir='ltr'>ὧν</span> <span class='ocrx_word' id='word_1_655' title='bbox 1346 4566 1426 4631; x_wconf 82' lang='grc' dir='ltr'><strong>είς</strong></span> <span class='ocrx_word' id='word_1_656' title='bbox 1456 4567 1655 4631; x_wconf 62' lang='grc' dir='ltr'>αὐτοὺς</span> <span class='ocrx_word' id='word_1_657' title='bbox 1715 4571 1900 4641; x_wconf 83' lang='grc' dir='ltr'>ἡμαρ-</span> 
     </span>
    </p>
   </div>
   <div class='ocr_carea' id='block_1_96' title="bbox 321 4656 1720 4728">
    <p class='ocr_par' dir='ltr' id='par_1_96' title="bbox 321 4656 1720 4728">
     <span class='ocr_line' id='line_1_96' title="bbox 321 4656 1720 4728; baseline 0.004 -19"><span class='ocrx_word' id='word_1_658' title='bbox 321 4657 576 4723; x_wconf 75' lang='grc' dir='ltr'>τήκασιν,</span> <span class='ocrx_word' id='word_1_659' title='bbox 602 4659 898 4728; x_wconf 80' lang='grc' dir='ltr'>σωφρονεῖν</span> <span class='ocrx_word' id='word_1_660' title='bbox 918 4657 1013 4710; x_wconf 69' lang='grc' dir='ltr'>τοῦ</span> <span class='ocrx_word' id='word_1_661' title='bbox 1051 4656 1241 4711; x_wconf 86' lang='grc' dir='ltr'>λοιποῦ</span> <span class='ocrx_word' id='word_1_662' title='bbox 1275 4659 1720 4727; x_wconf 86' lang='grc' dir='ltr'>συνταττόμενοι.</span> 
     </span>
    </p>
   </div>
   <div class='ocr_carea' id='block_1_97' title="bbox 393 4747 1898 4821">
    <p class='ocr_par' dir='ltr' id='par_1_97' title="bbox 393 4747 1898 4821">
     <span class='ocr_line' id='line_1_97' title="bbox 393 4747 1898 4821; baseline 0.003 -19"><span class='ocrx_word' id='word_1_663' title='bbox 393 4750 456 4802; x_wconf 80' lang='lat' dir='ltr'><strong>Oi</strong></span> <span class='ocrx_word' id='word_1_664' title='bbox 483 4747 540 4801; x_wconf 79' lang='grc' dir='ltr'>δὲ</span> <span class='ocrx_word' id='word_1_665' title='bbox 570 4748 852 4821; x_wconf 83' lang='grc' dir='ltr'>μάρτυρες</span> <span class='ocrx_word' id='word_1_666' title='bbox 882 4749 975 4802; x_wconf 82' lang='grc' dir='ltr'>τὸν</span> <span class='ocrx_word' id='word_1_667' title='bbox 997 4748 1226 4820; x_wconf 86' lang='grc' dir='ltr'>Πιαμὼθ</span> <span class='ocrx_word' id='word_1_668' title='bbox 1262 4751 1355 4803; x_wconf 73' lang='grc' dir='ltr'><strong>ἐπὶ</strong></span> <span class='ocrx_word' id='word_1_669' title='bbox 1384 4751 1559 4821; x_wconf 85' lang='grc' dir='ltr'>μῆνας</span> <span class='ocrx_word' id='word_1_670' title='bbox 1591 4751 1650 4819; x_wconf 78' lang='grc' dir='ltr'><strong>ἐξ</strong></span> <span class='ocrx_word' id='word_1_671' title='bbox 1684 4754 1898 4807; x_wconf 83' lang='grc' dir='ltr'>αίκισά-</span> 
     </span>
    </p>
   </div>
   <div class='ocr_carea' id='block_1_98' title="bbox 326 4839 1898 4912">
    <p class='ocr_par' dir='ltr' id='par_1_98' title="bbox 326 4839 1898 4912">
     <span class='ocr_line' id='line_1_98' title="bbox 326 4839 1898 4912; baseline 0.003 -18"><span class='ocrx_word' id='word_1_672' title='bbox 326 4855 478 4911; x_wconf 75' lang='grc' dir='ltr'>μενοι</span> <span class='ocrx_word' id='word_1_673' title='bbox 498 4839 608 4893; x_wconf 82' lang='grc' dir='ltr'><strong>τῶν</strong></span> <span class='ocrx_word' id='word_1_674' title='bbox 638 4839 887 4910; x_wconf 73' lang='grc' dir='ltr'>βασάνων</span> <span class='ocrx_word' id='word_1_675' title='bbox 915 4841 1168 4909; x_wconf 82' lang='grc' dir='ltr'>ἀφιᾶσιν·</span> <span class='ocrx_word' id='word_1_676' title='bbox 1197 4842 1293 4894; x_wconf 68' lang='grc' dir='ltr'>καὶ</span> <span class='ocrx_word' id='word_1_677' title='bbox 1325 4842 1418 4895; x_wconf 86' lang='grc' dir='ltr'>τὸν</span> <span class='ocrx_word' id='word_1_678' title='bbox 1452 4843 1728 4912; x_wconf 76' lang='grc' dir='ltr'>τρόπονδὲ</span> <span class='ocrx_word' id='word_1_679' title='bbox 1748 4843 1898 4909; x_wconf 75' lang='grc' dir='ltr'>λέξο-</span> 
     </span>
    </p>
   </div>
   <div class='ocr_carea' id='block_1_99' title="bbox 325 4932 1906 5005">
    <p class='ocr_par' dir='ltr' id='par_1_99' title="bbox 325 4932 1906 5005">
     <span class='ocr_line' id='line_1_99' title="bbox 325 4932 1906 5005; baseline 0.003 -20"><span class='ocrx_word' id='word_1_680' title='bbox 325 4949 427 5003; x_wconf 79' lang='grc' dir='ltr'><strong>μεν</strong></span> <span class='ocrx_word' id='word_1_681' title='bbox 444 4932 541 5003; x_wconf 86' lang='grc' dir='ltr'>τῆς</span> <span class='ocrx_word' id='word_1_682' title='bbox 558 4933 834 5001; x_wconf 75' lang='grc' dir='ltr'>ἀφέσεωςο</span> <span class='ocrx_word' id='word_1_683' title='bbox 864 4933 1012 4985; x_wconf 71' lang='grc' dir='ltr'>ἐστιν</span> <span class='ocrx_word' id='word_1_684' title='bbox 1037 4933 1145 5005; x_wconf 84' lang='grc' dir='ltr'>γὰρ</span> <span class='ocrx_word' id='word_1_685' title='bbox 1165 4933 1473 5003; x_wconf 85' lang='grc' dir='ltr'>διηγήσεως</span> <span class='ocrx_word' id='word_1_686' title='bbox 1489 4934 1660 5000; x_wconf 73' lang='grc' dir='ltr'>ἀξιοςο</span> <span class='ocrx_word' id='word_1_687' title='bbox 1683 4936 1906 4990; x_wconf 81' lang='grc' dir='ltr'>ἐκάθευ-</span> 
     </span>
    </p>
   </div>
   <div class='ocr_carea' id='block_1_100' title="bbox 321 5022 1905 5096">
    <p class='ocr_par' dir='ltr' id='par_1_100' title="bbox 321 5022 1905 5096">
     <span class='ocr_line' id='line_1_100' title="bbox 321 5022 1905 5096; baseline 0.003 -17"><span class='ocrx_word' id='word_1_688' title='bbox 321 5026 378 5079; x_wconf 88' lang='grc' dir='ltr'><strong>δε</strong></span> <span class='ocrx_word' id='word_1_689' title='bbox 413 5022 644 5095; x_wconf 84' lang='grc' dir='ltr'>Πιαμὼθ</span> <span class='ocrx_word' id='word_1_690' title='bbox 676 5024 771 5078; x_wconf 74' lang='grc' dir='ltr'><strong>ἐπὶ</strong></span> <span class='ocrx_word' id='word_1_691' title='bbox 825 5022 1147 5096; x_wconf 85' lang='grc' dir='ltr'>στρώματα,</span> <span class='ocrx_word' id='word_1_692' title='bbox 1188 5027 1284 5078; x_wconf 74' lang='grc' dir='ltr'>καὶ</span> <span class='ocrx_word' id='word_1_693' title='bbox 1308 5025 1527 5096; x_wconf 80' lang='grc' dir='ltr'>βλέπειν</span> <span class='ocrx_word' id='word_1_694' title='bbox 1571 5028 1746 5083; x_wconf 79' lang='grc' dir='ltr'>ἐδόκει</span> <span class='ocrx_word' id='word_1_695' title='bbox 1778 5031 1905 5094; x_wconf 83' lang='grc' dir='ltr'>τοὺς</span> 
     </span>
    </p>
   </div>
   <div class='ocr_carea' id='block_1_101' title="bbox 325 5116 1901 5189">
    <p class='ocr_par' dir='ltr' id='par_1_101' title="bbox 325 5116 1901 5189">
     <span class='ocr_line' id='line_1_101' title="bbox 325 5116 1901 5189; baseline 0.003 -18"><span class='ocrx_word' id='word_1_696' title='bbox 325 5116 515 5186; x_wconf 83' lang='grc' dir='ltr'>ἁγίους</span> <span class='ocrx_word' id='word_1_697' title='bbox 572 5116 810 5188; x_wconf 83' lang='grc' dir='ltr'>ὁράματι</span> <span class='ocrx_word' id='word_1_698' title='bbox 859 5116 1032 5171; x_wconf 83' lang='grc' dir='ltr'>ταῦτα</span> <span class='ocrx_word' id='word_1_699' title='bbox 1063 5117 1462 5189; x_wconf 85' lang='grc' dir='ltr'>προσελθόντας</span> <span class='ocrx_word' id='word_1_700' title='bbox 1495 5120 1591 5174; x_wconf 73' lang='grc' dir='ltr'><strong>καὶ</strong></span> <span class='ocrx_word' id='word_1_701' title='bbox 1620 5120 1901 5189; x_wconf 80' lang='grc' dir='ltr'>λέγοντας.</span> 
     </span>
    </p>
   </div>
   <div class='ocr_carea' id='block_1_102' title="bbox 324 5207 1906 5286">
    <p class='ocr_par' dir='ltr' id='par_1_102' title="bbox 324 5207 1906 5286">
     <span class='ocr_line' id='line_1_102' title="bbox 324 5207 1906 5286; baseline 0.003 -25"><span class='ocrx_word' id='word_1_702' title='bbox 324 5207 515 5274; x_wconf 82' lang='grc' dir='ltr'>Θέλεις</span> <span class='ocrx_word' id='word_1_703' title='bbox 540 5212 726 5281; x_wconf 78' lang='grc' dir='ltr'>τυχεῖν</span> <span class='ocrx_word' id='word_1_704' title='bbox 755 5207 856 5279; x_wconf 79' lang='grc' dir='ltr'>τῆς</span> <span class='ocrx_word' id='word_1_705' title='bbox 911 5209 1106 5274; x_wconf 84' lang='grc' dir='ltr'>ίὰσεως</span> <span class='ocrx_word' id='word_1_706' title='bbox 1133 5214 1225 5264; x_wconf 72' lang='grc' dir='ltr'><strong>καὶ</strong></span> <span class='ocrx_word' id='word_1_707' title='bbox 1252 5214 1445 5281; x_wconf 85' lang='grc' dir='ltr'>φυγεῖν</span> <span class='ocrx_word' id='word_1_708' title='bbox 1470 5212 1571 5282; x_wconf 76' lang='grc' dir='ltr'>τῆς</span> <span class='ocrx_word' id='word_1_709' title='bbox 1615 5213 1775 5268; x_wconf 84' lang='grc' dir='ltr'>νόσου</span> <span class='ocrx_word' id='word_1_710' title='bbox 1806 5215 1906 5286; x_wconf 78' lang='grc' dir='ltr'>τὴν</span> 
     </span>
    </p>
   </div>
   <div class='ocr_carea' id='block_1_103' title="bbox 326 5298 1900 5379">
    <p class='ocr_par' dir='ltr' id='par_1_103' title="bbox 326 5298 1900 5379">
     <span class='ocr_line' id='line_1_103' title="bbox 326 5298 1900 5379; baseline 0.007 -28"><span class='ocrx_word' id='word_1_711' title='bbox 326 5298 595 5368; x_wconf 67' lang='grc' dir='ltr'>βάσανονς</span> <span class='ocrx_word' id='word_1_712' title='bbox 649 5301 707 5353; x_wconf 83' lang='grc' dir='ltr'>Ὀ</span> <span class='ocrx_word' id='word_1_713' title='bbox 736 5299 816 5364; x_wconf 76' lang='grc' dir='ltr'>δὲ,</span> <span class='ocrx_word' id='word_1_714' title='bbox 843 5300 952 5353; x_wconf 76' lang='grc' dir='ltr'><strong>Καὶ</strong></span> <span class='ocrx_word' id='word_1_715' title='bbox 973 5299 1140 5370; x_wconf 83' lang='grc' dir='ltr'>μάλα,</span> <span class='ocrx_word' id='word_1_716' title='bbox 1168 5301 1306 5373; x_wconf 78' lang='grc' dir='ltr'>πρὸς</span> <span class='ocrx_word' id='word_1_717' title='bbox 1328 5302 1527 5366; x_wconf 81' lang='grc' dir='ltr'>αὐτοὺς</span> <span class='ocrx_word' id='word_1_718' title='bbox 1548 5305 1900 5379; x_wconf 66' lang='grc' dir='ltr'>ἀπεκρίνατο.</span> 
     </span>
    </p>
   </div>
   <div class='ocr_carea' id='block_1_104' title="bbox 322 5390 1905 5465">
    <p class='ocr_par' dir='ltr' id='par_1_104' title="bbox 322 5390 1905 5465">
     <span class='ocr_line' id='line_1_104' title="bbox 322 5390 1905 5465; baseline 0.003 -19"><span class='ocrx_word' id='word_1_719' title='bbox 322 5390 589 5465; x_wconf 73' lang='grc' dir='ltr'>Είβούλῃ</span> <span class='ocrx_word' id='word_1_720' title='bbox 606 5390 772 5460; x_wconf 80' lang='grc' dir='ltr'>φασὶν</span> <span class='ocrx_word' id='word_1_721' title='bbox 803 5390 1009 5463; x_wconf 83' lang='grc' dir='ltr'>ταύτην</span> <span class='ocrx_word' id='word_1_722' title='bbox 1045 5392 1261 5447; x_wconf 73' lang='grc' dir='ltr'>ἐκδῦναι</span> <span class='ocrx_word' id='word_1_723' title='bbox 1285 5393 1384 5465; x_wconf 80' lang='grc' dir='ltr'>τὴν</span> <span class='ocrx_word' id='word_1_724' title='bbox 1425 5398 1686 5464; x_wconf 79' lang='grc' dir='ltr'>μάστιγα,</span> <span class='ocrx_word' id='word_1_725' title='bbox 1722 5398 1790 5450; x_wconf 81' lang='grc' dir='ltr'>τὰ</span> <span class='ocrx_word' id='word_1_726' title='bbox 1811 5398 1905 5451; x_wconf 76' lang='grc' dir='ltr'>δύο</span> 
     </span>
    </p>
   </div>
   <div class='ocr_carea' id='block_1_105' title="bbox 2013 4472 3590 4546">
    <p class='ocr_par' dir='ltr' id='par_1_105' title="bbox 2013 4472 3590 4546">
     <span class='ocr_line' id='line_1_105' title="bbox 2013 4472 3590 4546; baseline 0.003 -21"><span class='ocrx_word' id='word_1_727' title='bbox 2013 4481 2268 4526; x_wconf 80' lang='lat' dir='ltr'><strong>raverant</strong></span> <span class='ocrx_word' id='word_1_728' title='bbox 2316 4474 2569 4538; x_wconf 87' lang='lat' dir='ltr'><strong>veniunt,</strong></span> <span class='ocrx_word' id='word_1_729' title='bbox 2622 4483 2676 4527; x_wconf 90' lang='lat' dir='ltr'><strong>et</strong></span> <span class='ocrx_word' id='word_1_730' title='bbox 2727 4472 2940 4527; x_wconf 85' lang='lat' dir='ltr'><strong>veniam</strong></span> <span class='ocrx_word' id='word_1_731' title='bbox 2995 4474 3062 4530; x_wconf 87' lang='lat' dir='ltr'><strong>de</strong></span> <span class='ocrx_word' id='word_1_732' title='bbox 3082 4474 3189 4528; x_wconf 67' lang='lat' dir='ltr'><strong>&#39;bis</strong></span> <span class='ocrx_word' id='word_1_733' title='bbox 3243 4491 3366 4546; x_wconf 69' lang='lat' dir='ltr'><strong>quae</strong></span> <span class='ocrx_word' id='word_1_734' title='bbox 3420 4482 3472 4530; x_wconf 83' lang='lat' dir='ltr'><strong>in</strong></span> <span class='ocrx_word' id='word_1_735' title='bbox 3515 4492 3590 4530; x_wconf 86' lang='lat' dir='ltr'><strong>eo</strong></span> 
     </span>
    </p>
   </div>
   <div class='ocr_carea' id='block_1_106' title="bbox 2010 4565 3593 4638">
    <p class='ocr_par' dir='ltr' id='par_1_106' title="bbox 2010 4565 3593 4638">
     <span class='ocr_line' id='line_1_106' title="bbox 2010 4565 3593 4638; baseline 0.004 -20"><span class='ocrx_word' id='word_1_736' title='bbox 2010 4573 2370 4635; x_wconf 60' lang='lat' dir='ltr'><strong>peccaverant</strong></span> <span class='ocrx_word' id='word_1_737' title='bbox 2417 4565 2713 4634; x_wconf 82' lang='lat' dir='ltr'><strong>impetrare</strong></span> <span class='ocrx_word' id='word_1_738' title='bbox 2765 4565 3231 4634; x_wconf 81' lang='lat' dir='ltr'><strong>deprecabantur.</strong></span> <span class='ocrx_word' id='word_1_739' title='bbox 3276 4567 3477 4638; x_wconf 74' lang='lat' dir='ltr'><strong>corrigi</strong></span> <span class='ocrx_word' id='word_1_740' title='bbox 3525 4568 3593 4624; x_wconf 83' lang='lat' dir='ltr'><strong>de</strong></span> 
     </span>
    </p>
   </div>
   <div class='ocr_carea' id='block_1_107' title="bbox 2010 4658 3397 4727">
    <p class='ocr_par' dir='ltr' id='par_1_107' title="bbox 2010 4658 3397 4727">
     <span class='ocr_line' id='line_1_107' title="bbox 2010 4658 3397 4727; baseline -0.004 -14"><span class='ocrx_word' id='word_1_741' title='bbox 2010 4667 2208 4713; x_wconf 63' lang='lat' dir='ltr'><strong>caetero</strong></span> <span class='ocrx_word' id='word_1_742' title='bbox 2232 4658 2569 4727; x_wconf 85' lang='lat' dir='ltr'><strong>pollicentes.</strong></span> <span class='ocrx_word' id='word_1_743' title='bbox 2850 4698 2853 4701; x_wconf 84' lang='lat'><strong>.</strong></span> <span class='ocrx_word' id='word_1_744' title='bbox 3394 4726 3397 4727; x_wconf 15' lang='grc' dir='ltr'><em>ν</em></span> 
     </span>
    </p>
   </div>
   <div class='ocr_carea' id='block_1_108' title="bbox 2083 4747 3590 4822">
    <p class='ocr_par' dir='ltr' id='par_1_108' title="bbox 2083 4747 3590 4822">
     <span class='ocr_line' id='line_1_108' title="bbox 2083 4747 3590 4822; baseline 0.003 -18"><span class='ocrx_word' id='word_1_745' title='bbox 2083 4750 2347 4822; x_wconf 76' lang='lat' dir='ltr'><strong>Martyres</strong></span> <span class='ocrx_word' id='word_1_746' title='bbox 2387 4759 2567 4804; x_wconf 89' lang='lat' dir='ltr'><strong>autem</strong></span> <span class='ocrx_word' id='word_1_747' title='bbox 2609 4764 2734 4803; x_wconf 91' lang='lat' dir='ltr'><strong>cum</strong></span> <span class='ocrx_word' id='word_1_748' title='bbox 2788 4747 3035 4805; x_wconf 74' lang='lat' dir='ltr'><strong>l’iamoth</strong></span> <span class='ocrx_word' id='word_1_749' title='bbox 3086 4767 3183 4821; x_wconf 89' lang='lat' dir='ltr'><strong>per</strong></span> <span class='ocrx_word' id='word_1_750' title='bbox 3234 4768 3454 4808; x_wconf 82' lang='lat' dir='ltr'><strong>menses</strong></span> <span class='ocrx_word' id='word_1_751' title='bbox 3497 4769 3590 4808; x_wconf 76' lang='lat' dir='ltr'><strong>sex</strong></span> 
     </span>
    </p>
   </div>
   <div class='ocr_carea' id='block_1_109' title="bbox 2014 4840 3593 4912">
    <p class='ocr_par' dir='ltr' id='par_1_109' title="bbox 2014 4840 3593 4912">
     <span class='ocr_line' id='line_1_109' title="bbox 2014 4840 3593 4912; baseline 0.001 -15"><span class='ocrx_word' id='word_1_752' title='bbox 2014 4846 2425 4905; x_wconf 83' lang='lat' dir='ltr'><strong>vcrberasseut,</strong></span> <span class='ocrx_word' id='word_1_753' title='bbox 2477 4858 2506 4896; x_wconf 88' lang='lat' dir='ltr'><strong>a</strong></span> <span class='ocrx_word' id='word_1_754' title='bbox 2547 4842 2832 4912; x_wconf 84' lang='lat' dir='ltr'><strong>suppliciis</strong></span> <span class='ocrx_word' id='word_1_755' title='bbox 2858 4840 3216 4898; x_wconf 86' lang='lat' dir='ltr'><strong>dimiserunt.</strong></span> <span class='ocrx_word' id='word_1_756' title='bbox 3256 4842 3320 4898; x_wconf 86' lang='lat' dir='ltr'><strong>Et</strong></span> <span class='ocrx_word' id='word_1_757' title='bbox 3368 4842 3593 4898; x_wconf 84' lang='lat' dir='ltr'><strong>modum</strong></span> 
     </span>
    </p>
   </div>
   <div class='ocr_carea' id='block_1_110' title="bbox 2011 4934 3593 5006">
    <p class='ocr_par' dir='ltr' id='par_1_110' title="bbox 2011 4934 3593 5006">
     <span class='ocr_line' id='line_1_110' title="bbox 2011 4934 3593 5006; baseline 0.001 -17"><span class='ocrx_word' id='word_1_758' title='bbox 2011 4948 2231 5006; x_wconf 85' lang='lat' dir='ltr'><strong>quoque</strong></span> <span class='ocrx_word' id='word_1_759' title='bbox 2270 4935 2519 4990; x_wconf 88' lang='lat' dir='ltr'><strong>dicemus</strong></span> <span class='ocrx_word' id='word_1_760' title='bbox 2550 4934 2936 5001; x_wconf 75' lang='lat' dir='ltr'><strong>dimissionis;</strong></span> <span class='ocrx_word' id='word_1_761' title='bbox 2968 4943 3052 4988; x_wconf 87' lang='lat' dir='ltr'><strong>est</strong></span> <span class='ocrx_word' id='word_1_762' title='bbox 3082 4936 3230 4989; x_wconf 88' lang='lat' dir='ltr'><strong>enim</strong></span> <span class='ocrx_word' id='word_1_763' title='bbox 3273 4937 3593 4991; x_wconf 78' lang='lat' dir='ltr'><strong>narratione</strong></span> 
     </span>
    </p>
   </div>
   <div class='ocr_carea' id='block_1_111' title="bbox 2011 5021 3590 5096">
    <p class='ocr_par' dir='ltr' id='par_1_111' title="bbox 2011 5021 3590 5096">
     <span class='ocr_line' id='line_1_111' title="bbox 2011 5021 3590 5096; baseline 0.003 -18"><span class='ocrx_word' id='word_1_764' title='bbox 2011 5026 2235 5096; x_wconf 79' lang='lat' dir='ltr'><strong>dignus.</strong></span> <span class='ocrx_word' id='word_1_765' title='bbox 2271 5023 2582 5078; x_wconf 85' lang='lat' dir='ltr'><strong>Dormiebat</strong></span> <span class='ocrx_word' id='word_1_766' title='bbox 2613 5021 2887 5091; x_wconf 74' lang='lat' dir='ltr'><strong>l’iamoth,</strong></span> <span class='ocrx_word' id='word_1_767' title='bbox 2923 5036 2976 5081; x_wconf 91' lang='lat' dir='ltr'><strong>et</strong></span> <span class='ocrx_word' id='word_1_768' title='bbox 3002 5026 3251 5096; x_wconf 79' lang='lat' dir='ltr'><strong>aspicere</strong></span> <span class='ocrx_word' id='word_1_769' title='bbox 3284 5038 3509 5084; x_wconf 82' lang='lat' dir='ltr'><strong>sanctos</strong></span> <span class='ocrx_word' id='word_1_770' title='bbox 3534 5029 3590 5082; x_wconf 87' lang='lat' dir='ltr'><strong>iu</strong></span> 
     </span>
    </p>
   </div>
   <div class='ocr_carea' id='block_1_112' title="bbox 2013 5114 3588 5186">
    <p class='ocr_par' dir='ltr' id='par_1_112' title="bbox 2013 5114 3588 5186">
     <span class='ocr_line' id='line_1_112' title="bbox 2013 5114 3588 5186; baseline 0.001 -16"><span class='ocrx_word' id='word_1_771' title='bbox 2013 5118 2130 5171; x_wconf 78' lang='lat' dir='ltr'><strong>visu</strong></span> <span class='ocrx_word' id='word_1_772' title='bbox 2164 5114 2390 5186; x_wconf 86' lang='lat' dir='ltr'><strong>putabat</strong></span> <span class='ocrx_word' id='word_1_773' title='bbox 2433 5115 2499 5169; x_wconf 88' lang='lat' dir='ltr'><strong>ad</strong></span> <span class='ocrx_word' id='word_1_774' title='bbox 2538 5129 2599 5170; x_wconf 89' lang='lat' dir='ltr'><strong>se</strong></span> <span class='ocrx_word' id='word_1_775' title='bbox 2621 5115 2902 5171; x_wconf 79' lang='lat' dir='ltr'><strong>venientes</strong></span> <span class='ocrx_word' id='word_1_776' title='bbox 2949 5123 3117 5186; x_wconf 81' lang='lat' dir='ltr'><strong>atque</strong></span> <span class='ocrx_word' id='word_1_777' title='bbox 3149 5118 3265 5171; x_wconf 71' lang='lat' dir='ltr'><strong>haec</strong></span> <span class='ocrx_word' id='word_1_778' title='bbox 3291 5114 3541 5175; x_wconf 80' lang='lat' dir='ltr'><strong>dicentes</strong></span> <span class='ocrx_word' id='word_1_779' title='bbox 3578 5142 3588 5171; x_wconf 88' lang='grc'>;</span> 
     </span>
    </p>
   </div>
   <div class='ocr_carea' id='block_1_113' title="bbox 2014 5206 3595 5280">
    <p class='ocr_par' dir='ltr' id='par_1_113' title="bbox 2014 5206 3595 5280">
     <span class='ocr_line' id='line_1_113' title="bbox 2014 5206 3595 5280; baseline -0.001 -18"><span class='ocrx_word' id='word_1_780' title='bbox 2014 5209 2109 5264; x_wconf 73' lang='lat' dir='ltr'><strong>Vis</strong></span> <span class='ocrx_word' id='word_1_781' title='bbox 2137 5207 2367 5279; x_wconf 88' lang='lat' dir='ltr'><strong>adipisci</strong></span> <span class='ocrx_word' id='word_1_782' title='bbox 2415 5209 2707 5263; x_wconf 85' lang='lat' dir='ltr'><strong>sanitatem</strong></span> <span class='ocrx_word' id='word_1_783' title='bbox 2746 5215 2800 5261; x_wconf 91' lang='lat' dir='ltr'><strong>et</strong></span> <span class='ocrx_word' id='word_1_784' title='bbox 2836 5206 3026 5278; x_wconf 74' lang='lat' dir='ltr'><strong>fugere</strong></span> <span class='ocrx_word' id='word_1_785' title='bbox 3068 5223 3098 5264; x_wconf 89' lang='lat' dir='ltr'><strong>a</strong></span> <span class='ocrx_word' id='word_1_786' title='bbox 3130 5208 3413 5280; x_wconf 77' lang='lat' dir='ltr'><strong>languoris</strong></span> <span class='ocrx_word' id='word_1_787' title='bbox 3461 5223 3595 5278; x_wconf 74' lang='lat' dir='ltr'><strong>Sup-</strong></span> 
     </span>
    </p>
   </div>
   <div class='ocr_carea' id='block_1_114' title="bbox 2014 5298 3588 5374">
    <p class='ocr_par' dir='ltr' id='par_1_114' title="bbox 2014 5298 3588 5374">
     <span class='ocr_line' id='line_1_114' title="bbox 2014 5298 3588 5374; baseline 0.001 -18"><span class='ocrx_word' id='word_1_788' title='bbox 2014 5301 2211 5374; x_wconf 80' lang='lat' dir='ltr'><strong>plicio?</strong></span> <span class='ocrx_word' id='word_1_789' title='bbox 2239 5303 2307 5356; x_wconf 83' lang='lat' dir='ltr'><strong>At</strong></span> <span class='ocrx_word' id='word_1_790' title='bbox 2356 5300 2447 5356; x_wconf 88' lang='lat' dir='ltr'><strong>ille</strong></span> <span class='ocrx_word' id='word_1_791' title='bbox 2473 5302 2536 5354; x_wconf 80' lang='lat' dir='ltr'><strong>ad</strong></span> <span class='ocrx_word' id='word_1_792' title='bbox 2572 5314 2668 5356; x_wconf 88' lang='lat' dir='ltr'><strong>eos</strong></span> <span class='ocrx_word' id='word_1_793' title='bbox 2696 5320 2708 5355; x_wconf 90' lang='lat'>:</span> <span class='ocrx_word' id='word_1_794' title='bbox 2743 5298 2811 5355; x_wconf 87' lang='lat' dir='ltr'><strong>Et</strong></span> <span class='ocrx_word' id='word_1_795' title='bbox 2832 5299 3009 5366; x_wconf 85' lang='lat' dir='ltr'><strong>valde,</strong></span> <span class='ocrx_word' id='word_1_796' title='bbox 3043 5300 3346 5370; x_wconf 89' lang='lat' dir='ltr'><strong>respondit.</strong></span> <span class='ocrx_word' id='word_1_797' title='bbox 3389 5298 3447 5356; x_wconf 77' lang='lat' dir='ltr'><strong>Si</strong></span> <span class='ocrx_word' id='word_1_798' title='bbox 3481 5303 3588 5365; x_wconf 85' lang='lat' dir='ltr'><strong>vis,</strong></span> 
     </span>
    </p>
   </div>
   <div class='ocr_carea' id='block_1_115' title="bbox 2012 5391 3594 5465">
    <p class='ocr_par' dir='ltr' id='par_1_115' title="bbox 2012 5391 3594 5465">
     <span class='ocr_line' id='line_1_115' title="bbox 2012 5391 3594 5465; baseline -0.001 -14"><span class='ocrx_word' id='word_1_799' title='bbox 2012 5397 2193 5461; x_wconf 86' lang='lat' dir='ltr'><strong>aiunt,</strong></span> <span class='ocrx_word' id='word_1_800' title='bbox 2249 5398 2353 5450; x_wconf 88' lang='lat' dir='ltr'><strong>hoc</strong></span> <span class='ocrx_word' id='word_1_801' title='bbox 2392 5392 2666 5465; x_wconf 74' lang='lat' dir='ltr'><strong>ﬂagellum</strong></span> <span class='ocrx_word' id='word_1_802' title='bbox 2716 5392 2971 5458; x_wconf 87' lang='lat' dir='ltr'><strong>evadere,</strong></span> <span class='ocrx_word' id='word_1_803' title='bbox 3016 5391 3125 5449; x_wconf 88' lang='lat' dir='ltr'><strong>duo</strong></span> <span class='ocrx_word' id='word_1_804' title='bbox 3168 5393 3401 5451; x_wconf 73' lang='lat' dir='ltr'><strong>triuzisia</strong></span> <span class='ocrx_word' id='word_1_805' title='bbox 3437 5392 3594 5451; x_wconf 80' lang='lat' dir='ltr'><strong>defer</strong></span> 
     </span>
    </p>
   </div>
   <div class='ocr_carea' id='block_1_116' title="bbox 1844 5511 2076 5569">
    <p class='ocr_par' dir='ltr' id='par_1_116' title="bbox 1844 5511 2076 5569">
     <span class='ocr_line' id='line_1_116' title="bbox 1844 5511 2076 5569; baseline -0.004 -4"><span class='ocrx_word' id='word_1_806' title='bbox 1844 5511 2076 5569; x_wconf 66' lang='lat' dir='ltr'><strong>NOTAE.</strong></span> 
     </span>
    </p>
   </div>
   <div class='ocr_carea' id='block_1_117' title="bbox 395 5598 906 5668">
    <p class='ocr_par' dir='ltr' id='par_1_117' title="bbox 395 5598 906 5668">
     <span class='ocr_line' id='line_1_117' title="bbox 395 5598 906 5668; baseline -0.002 -15"><span class='ocrx_word' id='word_1_807' title='bbox 395 5599 474 5668; x_wconf 77' lang='grc' dir='ltr'><strong>(Ι)</strong></span> <span class='ocrx_word' id='word_1_808' title='bbox 519 5598 633 5652; x_wconf 84' lang='lat' dir='ltr'><strong>Imo</strong></span> <span class='ocrx_word' id='word_1_809' title='bbox 667 5598 854 5653; x_wconf 65' lang='lat' dir='ltr'><strong>fit-ture</strong></span> <span class='ocrx_word' id='word_1_810' title='bbox 895 5617 906 5652; x_wconf 91' lang='lat'><strong>:</strong></span> 
     </span>
    </p>
   </div>
   <div class='ocr_carea' id='block_1_118' title="bbox 956 5598 1896 5669">
    <p class='ocr_par' dir='ltr' id='par_1_118' title="bbox 956 5598 1896 5669">
     <span class='ocr_line' id='line_1_118' title="bbox 956 5598 1896 5669; baseline 0.006 -18"><span class='ocrx_word' id='word_1_811' title='bbox 956 5598 1212 5654; x_wconf 76' lang='lat' dir='ltr'><strong>oriundus</strong></span> <span class='ocrx_word' id='word_1_812' title='bbox 1275 5608 1392 5661; x_wconf 71' lang='lat' dir='ltr'><strong>eral</strong></span> <span class='ocrx_word' id='word_1_813' title='bbox 1451 5616 1589 5669; x_wconf 70' lang='lat' dir='ltr'><strong>)mga</strong></span> <span class='ocrx_word' id='word_1_814' title='bbox 1649 5600 1896 5657; x_wconf 58' lang='lat' dir='ltr'><strong>Mctrlidc</strong></span> 
     </span>
    </p>
   </div>
   <div class='ocr_carea' id='block_1_119' title="bbox 324 5669 866 5727">
    <p class='ocr_par' dir='ltr' id='par_1_119' title="bbox 324 5669 866 5727">
     <span class='ocr_line' id='line_1_119' title="bbox 324 5669 866 5727; baseline -0.004 0"><span class='ocrx_word' id='word_1_815' title='bbox 324 5670 389 5727; x_wconf 67' lang='grc' dir='ltr'><strong>εἰς</strong></span> <span class='ocrx_word' id='word_1_816' title='bbox 404 5687 465 5724; x_wconf 74' lang='lat' dir='ltr'><strong>ca</strong></span> <span class='ocrx_word' id='word_1_817' title='bbox 490 5669 669 5725; x_wconf 69' lang='lat' dir='ltr'><strong>urbem</strong></span> <span class='ocrx_word' id='word_1_818' title='bbox 714 5671 866 5725; x_wconf 73' lang='lat' dir='ltr'><strong>Satn.</strong></span> 
     </span>
    </p>
   </div>
   <div class='ocr_carea' id='block_1_120' title="bbox 2000 5601 3594 5727">
    <p class='ocr_par' dir='ltr' id='par_1_120' title="bbox 2000 5601 3594 5727">
     <span class='ocr_line' id='line_1_120' title="bbox 2000 5601 3594 5727; baseline 0.002 -71"><span class='ocrx_word' id='word_1_819' title='bbox 2000 5675 2031 5727; x_wconf 63' lang='grc'>6</span> <span class='ocrx_word' id='word_1_820' title='bbox 2074 5605 2149 5703; x_wconf 43' lang='grc' dir='ltr'><strong>(1Ξέ</strong></span> <span class='ocrx_word' id='word_1_821' title='bbox 2182 5601 2412 5659; x_wconf 81' lang='lat' dir='ltr'><strong>Videtur</strong></span> <span class='ocrx_word' id='word_1_822' title='bbox 2439 5601 2767 5661; x_wconf 83' lang='lat' dir='ltr'><strong>Anastasius</strong></span> <span class='ocrx_word' id='word_1_823' title='bbox 2792 5602 2988 5675; x_wconf 75' lang='lat' dir='ltr'><strong>legisse</strong></span> <span class='ocrx_word' id='word_1_824' title='bbox 3024 5602 3202 5676; x_wconf 76' lang='grc' dir='ltr'>τούτῳ</span> <span class='ocrx_word' id='word_1_825' title='bbox 3229 5604 3384 5659; x_wconf 59' lang='grc' dir='ltr'>ὗντσν</span> <span class='ocrx_word' id='word_1_826' title='bbox 3399 5619 3435 5660; x_wconf 56' lang='lat' dir='ltr'><strong>.r.</strong></span> <span class='ocrx_word' id='word_1_827' title='bbox 3452 5617 3594 5662; x_wconf 54' lang='lat' dir='ltr'><strong>31.n-</strong></span> 
     </span>
     <span class='ocr_line' id='line_1_121' title="bbox 2040 5690 2326 5727; baseline 0.007 -2"><span class='ocrx_word' id='word_1_828' title='bbox 2040 5690 2326 5727; x_wconf 63' lang='lat'><strong>9&quot;&quot;.1‘1703.</strong></span> 
     </span>
    </p>
   </div>
   <div class='ocr_carea' id='block_1_121' title="bbox 2039 5690 2326 5745">
    <p class='ocr_par' dir='ltr' id='par_1_121' title="bbox 2039 5690 2326 5745">
     <span class='ocr_line' id='line_1_122' title="bbox 2039 5690 2326 5745; baseline 0.003 -19"><span class='ocrx_word' id='word_1_829' title='bbox 2039 5695 2095 5745; x_wconf 73' lang='grc' dir='ltr'>ραι</span> <span class='ocrx_word' id='word_1_830' title='bbox 2108 5690 2326 5739; x_wconf 61' lang='grc' dir='ltr'>ιξαιντος.</span> 
     </span>
    </p>
   </div>
  </div>
