3930 6316
503 270 603 333 361
614 269 637 333 1

1362 289 1422 348 S.
1456 290 1877 357 SOPHRONII
1921 298 2425 363 PATRIARCH/E
2469 305 2874 367 HIEROSOL.

3646 308 3795 375 3612

507 384 777 439 recensita
833 396 983 455 sunt,
1028 406 1149 459 quae
1195 396 1438 466 quinque
1481 416 1648 470 super
1696 404 1886 459 decem
1934 417 2085 475 sunt,

2192 414 2569 481 τυγχάνουσιν,
2611 414 2764 477 τέλος
2812 414 3152 484 τευξάμενοι,
3201 418 3326 482 τοὺς
3363 417 3580 473 τούτων
3622 423 3790 492 θερα-

507 476 671 529 linem
706 477 988 545 facientes,
1021 487 1356 555 martyribus
1389 492 1480 560 qui
1517 494 1712 550 horum
1759 508 1890 552 sunt
1920 514 2084 553 cura-

508 576 657 621 tores
685 569 1093 639 benedicamus,
1115 585 1168 630 et
1197 577 1297 634 hos
1320 583 1481 640 nobis
1506 585 1560 640 in
1587 589 1847 642 auxilium
1878 606 2084 645 cenvo-

507 666 714 720 cantes,
740 661 805 713 ad
834 661 1145 721 divinorum
1178 671 1495 728 relationem
1523 678 1938 749 miraculorum,
1963 698 2085 752 quae

506 748 562 802 in
596 750 820 820 reliquis
851 757 1107 821 gentibus
1136 776 1285 829 gesta
1317 774 1468 830 sunt,
1511 784 1887 838 properemus.

578 858 846 917 lNlTlUM
894 865 1403 943 BllithilLORUM
1448 875 1618 943 QUAE
1660 881 1727 936 IN
1761 882 2086 942 EXTEROS

1023 936 1314 997 samum
1369 936 1573 1002 StILi't‘.

693 1044 779 1099 LI.
821 1047 894 1102 De
925 1047 1148 1121 Georgio
1178 1056 1269 1123 qui
1299 1066 1607 1113 cataractas
1648 1065 1893 1129 pertulit.

577 1207 820 1280 Tempus
866 1224 1045 1270 autem
1101 1218 1209 1290 jam
1258 1221 1331 1275 sit
1371 1238 1544 1292 pauca
1598 1226 1761 1280 etiam
1806 1230 2086 1300 prodigio-

513 1316 657 1365 rum,
688 1320 809 1373 qua:
843 1321 871 1358 a
911 1311 1244 1380 martyribus
1269 1312 1326 1366 in
1354 1316 1563 1371 exteris
1603 1317 1744 1372 facta
1795 1330 1943 1384 Sunt,
1981 1321 2088 1380 lto-

510 1395 691 1449 manis
718 1395 989 1461 videlicet,
1021 1398 1228 1455 Galatis
1257 1410 1312 1456 et
1351 1403 1637 1473 Cilicibus,
1670 1410 1887 1466 Asianis
1921 1415 2085 1469 etiam

508 1495 563 1539 et
602 1489 874 1546 lnsulanis
925 1500 1089 1561 atque
1142 1492 1520 1564 Phoenicibus,
1585 1501 2091 1575 Constantinopoli-

511 1578 655 1632 tanis
684 1587 740 1632 et
769 1579 1216 1652 Bithyniensihus
1255 1595 1311 1640 et
1348 1587 1727 1659 IEthiopibus,
1758 1591 2088 1653 Thracensi-

509 1668 616 1723 bus
651 1680 705 1723 et
748 1670 939 1736 Medis,
976 1673 1392 1747 Palaestinisque
1435 1695 1500 1735 ac
1531 1684 1684 1753 Syris
1714 1696 1770 1739 et
1811 1686 2083 1754 Elamitis,

507 1777 610 1816 nec
642 1778 750 1817 non
773 1767 1029 1821 omnibus
1046 1784 1167 1836 qum
1192 1770 1297 1825 sub
1325 1774 1467 1827 caelo
1500 1784 1629 1830 sunt
1650 1780 1927 1846 gentibus,
1959 1783 2087 1840 huic

509 1852 896 1907 commendare
927 1854 1140 1911 laudem
1172 1863 1458 1929 opusculo.
1486 1861 1763 1934 lmpotens
1784 1872 1929 1925 enim
1963 1888 2085 1929 sum

506 1956 609 2010 ego
662 1942 728 1996 ad
781 1943 1158 2001 sui'ferendum
1214 1950 1407 2006 horum
1464 1954 1607 2010 ultra
1655 1957 1985 2017 calumniam
2032 1971 2085 2018 et

506 2030 813 2086 molestiam
851 2034 1276 2107 incessabilem;
1309 2044 1567 2111 quoniam
1615 2049 1854 2113 sanctis,
1908 2054 2083 2118 aiunt,

505 2122 627 2176 sine
656 2140 1019 2194 personarum
1051 2133 1371 2201 acceptione
1409 2135 1869 2198 distribuentibus
1905 2148 2083 2201 omni-

503 2215 607 2270 bus
636 2222 948 2288 sanitatem,
975 2232 1028 2276 et
1047 2238 1213 2292 super
1228 2242 1419 2283 omnes
1449 2232 1733 2301 aequaliter
1759 2250 1826 2289 ex
1839 2237 2084 2305 penden-

502 2309 651 2366 tibus
692 2312 833 2366 dona
867 2313 1127 2371 bonitatis
1155 2333 1287 2384 suae,
1335 2331 1610 2380 extremos
1664 2340 1767 2381 nos
1799 2328 1853 2382 in
1890 2344 2080 2384 eorum

504 2400 758 2458 laudibus
786 2405 1111 2474 ordiuastis,
1160 2410 1553 2472 imbecilliores
1610 2416 1868 2477 fortassis
1895 2434 1950 2476 et
1996 2424 2083 2478 in-

500 2504 687 2563 gratos
718 2506 882 2567 atque
920 2500 1107 2555 tardos
1145 2517 1246 2559 nos
1294 2506 1361 2558 ad
1409 2509 1711 2575 gratiarum
1766 2514 2081 2571 actionibus

502 2587 691 2661 plenas
721 2605 819 2658 pro
854 2593 1074 2646 collatis
1109 2594 1395 2652 beneﬁciis
1428 2598 1586 2654 odas.
1612 2599 1919 2658 Praesertim
1954 2604 2077 2661 cuin

414 2667 425 2679 ⁸
503 2692 603 2732 nos
642 2658 791 2749 digni
826 2682 1002 2737 simus
1028 2684 1301 2753 praeferri,
1338 2689 1569 2743 multum
1615 2693 1954 2752 sustinentes
2000 2699 2082 2752 la-

501 2767 713 2833 borem,
747 2772 1068 2843 itinerisque
1132 2779 1497 2848 transigentes
1538 2780 1841 2851 fastidium,
1876 2797 1930 2842 et
1959 2805 2077 2845 ma-

502 2863 653 2917 rinas
686 2873 1007 2932 respuentes
1061 2870 1356 2937 procellas,
1396 2880 1448 2925 et
1505 2888 1645 2928 saava
1698 2878 1941 2945 pericula
1982 2896 2081 2949 pa-

2190 504 2396 567 πεντὰς
2441 504 2855 575 εὐφημήσωμεν
2888 508 3197 579 μάρτυρας,
3232 509 3326 561 καὶ
3381 513 3624 575 τούτους
3652 515 3788 582 ἡμῖν

2190 590 2326 658 πρὸς
2374 593 2687 663 συμμαχίαν
2732 593 3083 661 καλέσαντες,
3123 597 3215 649 ἐπὶ
3248 597 3401 650 θείαν
3458 597 3626 666 αὖθις
3654 606 3787 673 ἀφήο

2188 697 2350 749 γησιν
2377 682 2490 734 τῶν
2521 685 2613 735 ἐπὶ
2641 683 2850 748 λοιποῖς
2872 682 3050 739 ἔθνεσι
3090 689 3444 760 πραχθέντων
3474 691 3785 763 suum”.

2191 769 2531 839 χωρήσωμεν
2542 810 2555 823 .

2188 879 2376 932 ΑΡΧΗ
2438 880 2574 933 ΤΩΝ
2644 881 2751 935 ΕΙΣ
2799 881 3087 1007 Ξῗίίὶρῐιῖὁξῐ
3131 886 3171 938 Γ
3174 888 3551 944 ΡΑΦΕΝΤΩΝ
3617 894 3785 948 6A1“-

2189 1058 2319 1114 NA'.
2353 1061 2496 1129 napi
2524 1064 2823 1140 Γεωργίρυ
2878 1065 2987 1140 τοῦ
3043 1071 3452 1140 πρεσϐυτέρου
3506 1075 3621 1130 τοῦ
3672 1095 3783 1133 za-

2695 1136 2906 1201 θόντος
2953 1136 3263 1206 ἐπίχυσιν.

2262 1222 2468 1293 Καιρδς
2505 1222 2549 1276 δ’
2580 1224 2645 1278 ἂν
2673 1226 2758 1295 εἴη
2802 1224 2989 1279 λοιπὸν
3019 1228 3113 1281 καὶ
3143 1228 3352 1301 βραχέα
3383 1233 3495 1285 τῶν
3526 1236 3625 1288 ἐπὶ
3674 1241 3786 1301 τοῖς

2186 1309 2415 1374 ὀθνείοις
2471 1314 2776 1381 γεγονότων
2823 1318 2932 1378 τοῖς
2994 1317 3285 1390 μάρτυσιν,
3356 1321 3667 1394 Ῥωμαίοις
3703 1345 3782 1391 τε,

2190 1401 2352 1469 φημὶ,
2382 1402 2474 1455 καὶ
2510 1403 2798 1470 Γαλάταις,
2845 1408 2941 1460 καὶ
2978 1406 3177 1474 Κίλιξι.
3217 1410 3502 1479 Αίσιανοῖς
3548 1434 3633 1478 τε,
3690 1423 3783 1473 καὶ

2189 1494 2520 1561 Νησιώταις,
2554 1499 2648 1551 καὶ
2672 1500 2896 1568 Φοίνιξι,
2954 1502 3272 1569 Βυζαντίοις
3301 1523 3361 1561 τε
3402 1512 3499 1563 καὶ
3536 1512 3785 1577 Βιθυνοῖς

2191 1586 2284 1637 καὶ
2317 1582 2551 1657 Αἰθίοψι,
2578 1589 2748 1661 Θρᾳξί
2780 1608 2841 1643 τε
2875 1594 2972 1646 καὶ
3012 1595 3224 1664 Μήδοις
3272 1600 3367 1652 καὶ
3397 1602 3641 1673 Ἄραψι,
3673 1605 3783 1657 Πα-

2190 1674 2481 1742 λαιστινοῖς
2518 1696 2577 1732 τε
2607 1682 2702 1734 καὶ
2730 1682 2922 1754 Σύροις
2955 1685 3051 1738 καὶ
3093 1686 3449 1759 Ἐλαμίταις,
3502 1696 3609 1747 καὶ
3650 1699 3782 1749 πᾶσι

2188 1769 2303 1830 τοῖς
2341 1768 2449 1822 ὑπὸ
2483 1770 2574 1824 τὸν
2602 1773 2833 1842 οὐρανὸν
2871 1776 3233 1846 τυγχάνουσιν
3265 1779 3502 1847 ἔθνεσιν,
3533 1786 3681 1856 τῷδε
3707 1790 3782 1859 τῷ

2187 1859 2297 1910 τῶν
2329 1860 2622 1931 ἐγκωμίων
2662 1865 3009 1936 παραθέσθαι
3053 1872 3420 1943 συντάγματι.
3446 1879 3653 1949 Φέρειν
3680 1882 3781 1953 γὰρ

2189 1948 2270 2002 ἔτι
2292 1949 2498 2005 τούτων
2523 1954 2623 2024 οὑχ
2655 1952 2765 2018 οἶός
2791 1958 2850 2011 τὲ
2884 1962 3000 2030 εἰμι
3049 1962 3149 2033 τὴν
3177 1967 3523 2038 κατάρρησιν
3557 1973 3661 2024 καὶ
3690 1975 3781 2043 τὴν

2188 2037 2467 2094 ἄπαυστον
2512 2043 2775 2120 δχλησινχ
2825 2049 2907 2102 ὅτι
2938 2052 3072 2118 φασὶ
3114 2053 3224 2106 τῶν
3251 2037 3424 2124 ἁγίων
3450 2037 3781 2131 ἀπροσωπο-

2187 2129 2410 2200 λήπτως
2458 2135 2592 2188 πᾶσι
2641 2138 2919 2206 νεμόντων
2948 2145 3050 2212 τὴν
3081 2145 3248 2211 ἴασιν,
3297 2150 3393 2200 καὶ
3443 2154 3626 2206 πᾶσιν
3658 2154 3783 2219 ἴσως

2188 2222 2574 2290 ἐφαπλούντων
2598 2229 2666 2281 τὰ
2695 2229 2846 2300 δῶρα
2872 2232 2972 2302 τῆς
2999 2235 3182 2289 αὐτῶν
3204 2220 3577 2311 ἀγαθότητος,
3601 2249 3780 2300 τελευ-

2185 2315 2370 2379 ταίους
2421 2318 2567 2389 ἡμᾶς
2616 2321 2674 2374 ὲν
2718 2325 2841 2386 ταῖς
2878 2325 3059 2378 αὐτῶν
3114 2329 3417 2399 εὐφημίαις
3470 2338 3780 2407 τετάχατε,

2184 2405 2551 2479 νοθρωτέρους
2597 2412 2739 2482 τάχα
2783 2432 2886 2468 που
2924 2418 3017 2470 καὶ
3048 2418 3378 2490 ἀγνώμονας
3424 2427 3528 2479 καὶ
3560 2405 3781 2498 βραδεῖς

2184 2498 2321 2568 πρὸς
2362 2500 2461 2563 τὰς
2507 2502 2646 2572 ὑπὲρ
2695 2503 2800 2573 τῆς
2841 2505 3158 2576 εὐεργεσίας
3202 2517 3609 2585 χαριστηρίους
3641 2519 3781 2589 ᾠδὰς

2184 2593 2564 2661 αἰνιττόμενοι.
2603 2596 2799 2650 Καίτοι
2836 2603 3229 2671 προκρίνεσθαι
3258 2609 3422 2675 ἡμεῖς
3468 2609 3538 2663 ἄν
3584 2613 3779 2683 εἴημεν

2182 2683 2347 2749 ἄξιοι,
2370 2686 2538 2740 πολὺν
2570 2688 2937 2758 ὑπομένοντες
2959 2696 3228 2764 κάματον,
3253 2699 3578 2771 ὁδοιπορίας
3600 2722 3666 2757 τε
3691 2709 3779 2758 :6-

2181 2794 2281 2829 πον
2302 2776 2580 2843 ἀνύοντες,
2611 2781 2707 2834 καὶ
2731 2781 3019 2837 θαλαττίου
3051 2790 3465 2856 καταπτύοντες
3499 2795 3795 2862 κλύδωνος.

2181 2870 2277 2922 καὶ
2311 2871 2578 2926 κινδύνων
2625 2874 2878 2943 χαλεπῶν
2910 2878 3251 2949 ἀνεχόμενοι,
3292 2886 3390 2936 καὶ
3420 2886 3785 2959 ἀναρίθμητα

500 2956 719 3021 tientes,
760 2969 815 3012 et
848 2958 1137 3014 innumera
1189 2963 1363 3031 spatia
1411 2956 1754 3034 uicusantes,
1804 2981 1861 3025 et
1892 2987 2079 3029 amore

2185 2961 2526 3033 διαστήματα
2587 2966 2900 3036 τέμνοντες,
2962 2971 3059 3024 καὶ
3119 2971 3271 3044 πόθῳ
3320 2974 3404 3044 τῷ
3470 2956 3784 3047 magiae;

500 3049 649 3103 circa
691 3062 958 3121 martyres
993 3052 1183 3109 habito
1220 3056 1289 3110 ab
1338 3056 1472 3126 ipsis
1521 3058 1589 3112 ad
1632 3076 1727 3115 eos
1765 3064 2081 3123 novissimis

2186 3056 2469 3126 μάρτυρας
2516 3059 2611 3111 ἀπ’
2665 3061 2845 3115 αὐτῶν
2897 3063 3034 3133 πρὸς
3086 3066 3285 3131 αὐτοὺς
3326 3067 3438 3120 τῶν
3504 3071 3785 3140 ἐσχατιιῖη

503 3140 703 3196 finibus
728 3154 887 3197 terrai
922 3144 1207 3215 abeuntes,
1251 3155 1306 3202 et
1334 3150 1537 3218 ubique
1573 3154 1929 3217 pradicantes
1954 3156 2081 3229 Cyri

2185 3148 2571 3218 ἀπερχόμενοι,
2605 3151 2700 3203 καὶ
2729 3155 3037 3223 πανταχόσε
3054 3155 3422 3227 κηρύττοντες
3448 3161 3646 3231 Κύρου
3690 3165 3785 3216 καὶ

497 3231 835 3303 Joannisque
856 3236 1143 3301 miracula,
1172 3245 1226 3291 et
1253 3239 1582 3296 ineffabilem
1617 3258 1807 3299 eorum
1839 3256 1895 3302 et
1917 3252 2081 3302 attri-

2197 3239 2446 3293 Ἰωάννου
2478 3241 2548 3293 τὰ
2572 3242 2852 3312 θαύματα.
2904 3246 3000 3298 καὶ
3034 3248 3132 3318 τὴν
3180 3250 3422 3320 ἄρρητον
3466 3254 3661 3308 αὐτῶν
3692 3257 3786 3309 καὶ

503 3324 687 3379 bntam
740 3326 1002 3383 divinitus
1036 3327 1440 3388 fortitudinem.
1497 3332 1700 3388 Horum
1754 3347 1933 3392 autem
1977 3355 2080 3396 nos

2185 3327 2463 3383 θεόσδοτον
2488 3330 2738 3401 δύναμιν.
2786 3334 3003 3388 Τούτων
3046 3336 3102 3389 δὲ
3143 3339 3304 3407 ἡμεῖς
3327 3339 3422 3393 τὸν
3453 3341 3626 3413 ζῆλον
3659 3346 3786 3399 θαυ-

503 3418 679 3470 zelum
741 3418 1025 3484 mirantes,
1076 3427 1132 3474 et
1199 3436 1298 3489 pro
1345 3428 1499 3477 tanto
1552 3425 1734 3482 studio
1773 3429 1919 3498 quod
1951 3445 2079 3499 erga

2186 3418 2471 3488 μάζοντες,
2516 3423 2609 3474 καὶ
2641 3422 2738 3494 τὴν
2784 3424 2921 3495 πρὸς
2965 3428 3067 3491 τὰς
3112 3429 3223 3482 τῶν
3273 3430 3449 3499 ἁγίων
3496 3435 3784 3507 εὐφημίας

500 3513 816 3563 sanctormn
865 3507 1054 3563 laudes
1100 3509 1373 3566 habebant
1425 3514 1898 3587 obstupescentes.
1956 3536 2080 3589 per-

500 3601 692 3670 paucis
723 3601 1005 3656 tristitiam
1039 3604 1374 3673 medeamur,
1426 3606 1508 3663 eis
1548 3610 1809 3665 rationem
1843 3613 2081 3667 redden-

498 3699 602 3753 tes,
633 3702 686 3745 et
733 3694 1010 3763 querelam
1064 3711 1186 3767 quae
1224 3696 1489 3754 adversus
1540 3716 1645 3757 nos
1673 3716 1789 3757 erat
1834 3706 2078 3759 circum-

498 3786 576 3840 sol
590 3793 790 3841 ventes.

568 3875 812 3947 Denique
857 3878 1183 3949 jampridem
1234 3881 1495 3945 diximus.
1544 3886 1675 3953 quia
1729 3900 1897 3941 causa
1951 3887 2075 3943 fidei

497 3967 800 4031 miraculis,
835 3985 956 4039 quae
1004 3971 1058 4025 in
1096 3974 1299 4029 exteris
1334 3974 1478 4029 facta
1526 3987 1675 4041 sunt,
1726 3994 1791 4032 ea
1826 3997 1946 4050 quae
1975 3997 2073 4036 su-

496 4072 593 4127 per
637 4056 910 4128 indigenis
949 4061 1308 4128 refulserunt,
1354 4076 1733 4135 praeponentes
1773 4072 2074 4142 descripsi-

497 4166 637 4213 mus,
655 4158 711 4206 et
737 4167 834 4222 pro
860 4152 945 4207 his
968 4156 1279 4225 apologiam
1305 4158 1548 4214 texuisse
1574 4160 1953 4230 dignoscimur
1977 4183 1992 4233 ;
2015 4176 2069 4221 et

495 4242 639 4309 quod
683 4258 858 4312 neque
900 4244 1121 4299 ultimos
1173 4261 1274 4301 vos
1315 4249 1462 4303 velut
1508 4249 1759 4320 ingratos
1817 4255 2068 4323 posueri—

2183 3510 2417 3582 σπουδὴν
2458 3512 2816 3584 ἀγασάμενοι,
2868 3516 2935 3570 δι’
2959 3519 3163 3585 ὀλίγων
3204 3521 3304 3592 τὴν
3345 3522 3530 3594 λύπην
3558 3528 3781 3581 ἀπεσώ-

2184 3602 2344 3669 μεθα,
2395 3603 2691 3674 ἀπολογίας
2735 3609 2932 3674 αὐτοὺς
2988 3612 3343 3679 ἀξιώσαντες,
3408 3618 3509 3670 καὶ
3547 3620 3611 3672 τὸ
3654 3622 3780 3674 καθ’

2179 3692 2337 3763 ἡμῶν
2362 3696 2751 3769 περιλύσαντες
2778 3699 3051 3772 ἔγκλημα.

2253 3879 2392 3950 Ἤδη
2467 3879 2568 3949 μὲν
2623 3880 2733 3950 γάρ
2776 3874 3144 3953 προλαϐόντες
3178 3887 3505 3958 εἰρήκαμεν,
3552 3891 3640 3944 ὅτι
3684 3894 3772 3946 πίο

2178 3988 2348 4034 στεως
2387 3971 2572 4037 ἕνεκα,
2608 3972 2719 4026 τῶν
2763 3975 2852 4026 ἐπ’
2880 3974 3110 4040 ὀθνείοις
3162 3981 3507 4050 γιγνομένων
3555 3982 3772 4055 θαυμά-

2173 4078 2282 4114 των
2309 4061 2379 4114 τά
2426 4060 2518 4115 ἐπὶ
2561 4064 2675 4125 τοῖς
2729 4063 3016 4134 αὐτόχθοσι
3060 4065 3357 4138 λάμψαντα
3413 4076 3772 4145 προεγρᾱψα.

2176 4168 2295 4222 μεν,
2319 4154 2411 4205 καὶ
2441 4152 2539 4224 τὴν
2574 4153 2712 4224 ὑπὲρ
2736 4154 2940 4208 τούτων
2961 4155 3252 4229 φθάνωμεν
3281 4162 3583 4232 ἀπολογίαν
3627 4168 3769 4232 figa-

2170 4258 2361 4305 ναντες
2380 4258 2394 4273 ’
2421 4243 2516 4297 καὶ
2538 4243 2613 4304 ώς
2638 4242 2762 4296 οὔτε
2787 4245 3131 4310 τελευταίους
3152 4248 3298 4318 ὑμᾶς
3323 4249 3400 4314 ὡς
3432 4252 3767 4323 ἀχαρίστους

494 4347 637 4399 mus,
674 4348 850 4402 neque
887 4335 1093 4404 primos
1124 4335 1247 4391 illos
1271 4339 1429 4408 quasi
1462 4340 1637 4410 magis
1678 4343 1838 4397 nobis
1883 4344 2094 4400 devoti‘

2185 4332 2465 4404 ἐτάξαμεν,
2496 4334 2622 4388 οὔτε
2675 4332 2929 4406 πρώτους
2969 4314 3209 4403 ἐκείνους
3241 4340 3319 4404 ώς
3352 4314 3559 4413 μᾶλλον
3602 4314 3767 4409 ὄντας

494 4422 605 4478 sint
655 4426 1080 4493 praetulerimus,
1121 4426 1234 4497 jam
1289 4431 1685 4498 perhibuimus.
1754 4431 1809 4489 In
1842 4437 2068 4495 talibus

492 4513 635 4564 enim
669 4528 983 4583 praeponere
1008 4529 1362 4586 quemquam,
1389 4526 1484 4571 aut
1504 4521 1712 4590 scripto
1739 4534 2068 4594 postponere

493 4605 680 4669 alium,
718 4621 894 4674 neque
927 4608 1233 4676 postposito
1268 4611 1459 4663 nocuit
1489 4626 1665 4679 neque
1695 4614 1823 4668 huic
1856 4630 2069 4686 pra'po-

490 4698 656 4752 situm
683 4699 929 4753 exhibuit
964 4701 1264 4756 meliorem.
1301 4700 1435 4755 Nam
1476 4720 1654 4774 neque
1687 4708 1861 4761 vinea:
1892 4708 2067 4763 domi-

491 4804 596 4846 nus
624 4792 889 4857 operariis
914 4792 1216 4850 mercedem
1240 4793 1551 4861 conferens,
1577 4811 1674 4851 eos
1701 4797 1794 4867 qui
1829 4799 2065 4867 primum

491 4880 698 4948 operati
725 4878 965 4946 fuerant,
1007 4881 1438 4940 honorabiliores
1483 4887 1800 4944 novissimis
1831 4890 2067 4947 arbitra-

491 4978 581 5024 tus
624 4977 740 5037 est,
795 4986 970 5040 neque
1026 4974 1296 5030 mercedis
1325 4974 1602 5032 dationem
1664 4992 1694 5031 a
1751 4982 2067 5038 novissimis

492 5057 782 5128 incipiens,
813 5060 1164 5127 reprehendit
1193 5076 1289 5117 eos
1339 5064 1434 5131 qui
1473 5073 1601 5118 ante
1653 5066 2063 5135 laboraverant,

490 5150 596 5204 nisi
622 5152 748 5221 quia
778 5150 897 5205 zelo
927 5154 1116 5220 repleti
1152 5165 1661 5221 murmuraverunt,
1703 5167 1757 5212 et
1801 5160 1924 5230 plus
1968 5178 2068 5217 ac-

488 5242 674 5311 cipere
710 5258 873 5312 quam
914 5245 1126 5298 sancita
1155 5244 1373 5300 fuerant
1396 5247 1705 5306 voluerunt.

559 5333 671 5404 Ego
703 5342 884 5390 autem
915 5318 1079 5392 etiam
1113 5337 1268 5393 timui
1299 5355 1366 5394 ne
1398 5339 1537 5397 forte
1571 5359 1673 5400 nos
1706 5346 2065 5404 Alexandrini

489 5428 968 5495 reprehenderent,
1011 5437 1270 5501 tanquam
1324 5433 1591 5500 injuriam
1645 5440 1794 5508 passi
1842 5451 2066 5512 propter

488 5519 832 5592 privilegium
868 5526 1012 5593 quod
1045 5532 1268 5594 putatur
1294 5541 1324 5580 a
1360 5531 1537 5593 vobis,
1564 5527 1695 5584 dum
1728 5533 2064 5603 gubernato-

489 5620 578 5662 res
602 5612 693 5678 qui
730 5614 912 5669 nautis
948 5614 1385 5673 honorabiliores
1427 5629 1578 5684 sunt,
1631 5620 1684 5676 in
1743 5625 2063 5682 novissimis

491 5696 739 5763 trimum,
797 5711 847 5756 et
900 5708 1104 5773 aur‘gm
1166 5716 1285 5775 post
1321 5723 1588 5779 equorum
1646 5712 1835 5772 clunes
1891 5716 2057 5785 positi

2169 4427 2541 4496 εὐγνώμονας.
2587 4429 2662 4482 Τὸ
2704 4429 2815 4502 γὰρ
2856 4431 2915 4484 ἐν
2956 4431 3169 4496 τούτοις
3194 4436 3544 4505 προταγῆναί
3570 4455 3695 4492 τινα
3729 4442 3777 4512 ἢ,

2170 4518 2421 4590 δεύτερον
2446 4524 2726 4595 γραφῆναι
2747 4523 2839 4576 τὸν
2866 4522 3073 4595 ἕτερον,
3103 4525 3258 4579 οὐδὲν
3298 4526 3427 4581 οὔτε
3459 4530 3556 4582 τὸν
3577 4531 3782 4595 δεῦτε-ι

2172 4626 2264 4680 ρον
2306 4592 2571 4681 ἔϐλαψεν,
2589 4612 2711 4666 οὐδὲ
2734 4613 2927 4668 τούτου
2959 4592 3053 4668 τὸν
3079 4615 3315 4671 λαὸόντα
3336 4618 3544 4690 δέδειχε
3574 4594 3779 4707 κρείτ-ς

2169 4718 2331 4757 τονα’
2366 4706 2489 4758 ἐπεὶ
2520 4707 2660 4777 μήτε
2683 4706 2779 4761 τοῦ
2805 4709 3128 4779 ἀμπελῶνος
3155 4712 3185 4765 ό
3204 4713 3489 4784 Δεσπότης
3519 4719 3633 4780 τοῖς
3668 4706 3796 4788 ἐρ-ῖι

2170 4797 2366 4865 γάταις
2392 4798 2484 4852 τὸν
2519 4800 2711 4871 μισθὸν
2744 4803 3119 4874 παρεχόμενος
3139 4845 3154 4869 ,
3200 4804 3309 4857 τῶν
3346 4806 3599 4876 ἐσχάτων
3629 4810 3757 4873 τοὺς

2172 4891 2389 4960 πρῶτον
2437 4892 2847 4966 ἐργασαμένους
2893 4895 3258 4967 τιμιωτέρους
3296 4898 3547 4967 ἡγήσατο
3576 4916 3591 4929 ·
3630 4899 3755 4954 οὔτε

2168 4981 2268 5051 τῆς
2309 4981 2652 5051 μισθοδοσίας
2697 4986 2804 5040 ἀπὸ
2832 4987 2943 5042 τῶν
2994 4991 3243 5061 ἐσχάτων
3284 4990 3597 5063 ἀρξάμενος
3630 4996 3752 5058 τοὺς

2170 5072 2547 5143 προλαϐόντας
2602 5076 2913 5148 ἐμέμψατο,
2968 5084 3018 5135 εἰ
3064 5086 3142 5155 μὴ
3196 5083 3361 5158 ζήλου
3416 5086 3756 5157 πλησθέντες

2170 5163 2496 5234 ἐγόγγυσαν,
2533 5170 2628 5222 καὶ
2661 5170 2833 5225 πλείω
2864 5172 3165 5245 λαμϐάνειν
3193 5177 3304 5230 τῶν
3343 5178 3753 5233 θεσπισθέντων

2169 5257 2479 5328 ἠϐούλοντο.

2252 5349 2393 5418 Ἐγὼ
2445 5350 2502 5404 δὲ
2537 5353 2631 5406 καὶ
2667 5353 2880 5409 δέδοικα
2925 5359 3122 5429 μήπως
3170 5361 3336 5431 ἡμεῖς
3381 5363 3747 5433 Ἀλεξανδρεῖς

2171 5446 2567 5516 ἐπιϐλέψοιντο,
2612 5449 2689 5512 ὡς
2723 5449 3041 5521 ὑϐρισμένοι
3067 5453 3158 5507 διὰ
3179 5456 3276 5510 τοῦ
3304 5456 3594 5519 δοκοῦντος
3623 5457 3749 5526 ύμῖν

2171 5539 2609 5608 προτερήματος,
2654 5540 2812 5612 είπερ
2862 5543 3191 5617 κυϐερνῆται
3245 5547 3346 5616 μὲν
3399 5549 3448 5601 οί
3486 5547 3747 5601 τῶν-ναυ-

2169 5628 2337 5682 τικῶν
2411 5630 2770 5703 τιμιώτεροι,
2827 5635 2886 5687 ὲν
2942 5638 3193 5711 ἐσχάτοις
3255 5637 3580 5701 καθέζονται
3637 5637 3744 5689 τῶν

2169 5720 2429 5793 τριήρων,
2474 5722 2565 5777 καὶ
2608 5723 2715 5779 τῶν
2751 5727 2930 5781 ἵππων
2971 5729 3192 5785 ὄπισθεν
3227 5734 3272 5786 si
3305 5733 3532 5803 ἡνίοχοι,
3571 5731 3665 5786 καὶ
3695 5733 3742 5786 οἱ
