  <div class='ocr_page' id='page_1' title='image "/cluster/home/n/w/nwhite01/storage/ocr_20150623/87 pars.3/pst.000005712915/423.png"; bbox 0 0 3930 6316; ppageno 0'>
   <div class='ocr_carea' id='block_1_1' title="bbox 503 271 647 335">
    <p class='ocr_par' dir='ltr' id='par_1_1' title="bbox 503 271 647 335">
     <span class='ocr_line' id='line_1_1' title="bbox 503 271 647 335; baseline 0.007 -1"><span class='ocrx_word' id='word_1_1' title='bbox 503 271 647 335; x_wconf 80' lang='lat'><strong>3615</strong></span> 
     </span>
    </p>
   </div>
   <div class='ocr_carea' id='block_1_2' title="bbox 510 476 2093 545">
    <p class='ocr_par' dir='ltr' id='par_1_2' title="bbox 510 476 2093 545">
     <span class='ocr_line' id='line_1_2' title="bbox 510 476 2093 545; baseline 0.011 -18"><span class='ocrx_word' id='word_1_2' title='bbox 510 476 728 545; x_wconf 86' lang='lat' dir='ltr'><strong>quidem</strong></span> <span class='ocrx_word' id='word_1_3' title='bbox 758 477 1046 534; x_wconf 73' lang='lat' dir='ltr'><strong>confestim</strong></span> <span class='ocrx_word' id='word_1_4' title='bbox 1088 481 1370 537; x_wconf 90' lang='lat' dir='ltr'><strong>oculorum</strong></span> <span class='ocrx_word' id='word_1_5' title='bbox 1424 486 1622 540; x_wconf 84' lang='lat' dir='ltr'><strong>humor</strong></span> <span class='ocrx_word' id='word_1_6' title='bbox 1665 488 1922 543; x_wconf 88' lang='lat' dir='ltr'><strong>deorsum</strong></span> <span class='ocrx_word' id='word_1_7' title='bbox 1959 488 2093 544; x_wconf 86' lang='lat' dir='ltr'><strong>ﬂue-</strong></span> 
     </span>
    </p>
   </div>
   <div class='ocr_carea' id='block_1_3' title="bbox 516 568 2091 644">
    <p class='ocr_par' dir='ltr' id='par_1_3' title="bbox 516 568 2091 644">
     <span class='ocr_line' id='line_1_3' title="bbox 516 568 2091 644; baseline 0.009 -23"><span class='ocrx_word' id='word_1_8' title='bbox 516 568 628 632; x_wconf 91' lang='lat' dir='ltr'><strong>bat;</strong></span> <span class='ocrx_word' id='word_1_9' title='bbox 681 570 897 623; x_wconf 74' lang='lat' dir='ltr'><strong>mundae</strong></span> <span class='ocrx_word' id='word_1_10' title='bbox 941 578 1122 626; x_wconf 92' lang='lat' dir='ltr'><strong>autem</strong></span> <span class='ocrx_word' id='word_1_11' title='bbox 1176 575 1396 643; x_wconf 84' lang='lat' dir='ltr'><strong>pupillae</strong></span> <span class='ocrx_word' id='word_1_12' title='bbox 1446 592 1510 630; x_wconf 90' lang='lat' dir='ltr'><strong>ac</strong></span> <span class='ocrx_word' id='word_1_13' title='bbox 1566 578 1760 634; x_wconf 73' lang='lat' dir='ltr'><strong>lucida:</strong></span> <span class='ocrx_word' id='word_1_14' title='bbox 1823 581 2001 644; x_wconf 66' lang='lat' dir='ltr'><strong>factm,</strong></span> <span class='ocrx_word' id='word_1_15' title='bbox 2063 599 2091 635; x_wconf 89' lang='lat' dir='ltr'><strong>a</strong></span> 
     </span>
    </p>
   </div>
   <div class='ocr_carea' id='block_1_4' title="bbox 514 662 2092 735">
    <p class='ocr_par' dir='ltr' id='par_1_4' title="bbox 514 662 2092 735">
     <span class='ocr_line' id='line_1_4' title="bbox 514 662 2092 735; baseline 0.01 -24"><span class='ocrx_word' id='word_1_16' title='bbox 514 674 699 714; x_wconf 84' lang='lat' dir='ltr'><strong>crassa</strong></span> <span class='ocrx_word' id='word_1_17' title='bbox 765 662 853 714; x_wconf 88' lang='lat' dir='ltr'><strong>illa</strong></span> <span class='ocrx_word' id='word_1_18' title='bbox 898 665 1128 718; x_wconf 92' lang='lat' dir='ltr'><strong>materia</strong></span> <span class='ocrx_word' id='word_1_19' title='bbox 1169 666 1416 722; x_wconf 80' lang='lat' dir='ltr'><strong>liberatae</strong></span> <span class='ocrx_word' id='word_1_20' title='bbox 1476 673 1853 735; x_wconf 89' lang='lat' dir='ltr'><strong>remanebant,</strong></span> <span class='ocrx_word' id='word_1_21' title='bbox 1909 684 1960 727; x_wconf 90' lang='lat' dir='ltr'><strong>et</strong></span> <span class='ocrx_word' id='word_1_22' title='bbox 2003 674 2092 727; x_wconf 84' lang='lat' dir='ltr'><strong>iu-</strong></span> 
     </span>
    </p>
   </div>
   <div class='ocr_carea' id='block_1_5' title="bbox 514 748 2094 830">
    <p class='ocr_par' dir='ltr' id='par_1_5' title="bbox 514 748 2094 830">
     <span class='ocr_line' id='line_1_5' title="bbox 514 748 2094 830; baseline 0.011 -31"><span class='ocrx_word' id='word_1_23' title='bbox 514 763 637 799; x_wconf 78' lang='lat' dir='ltr'><strong>lucu</strong></span> <span class='ocrx_word' id='word_1_24' title='bbox 694 748 816 803; x_wconf 84' lang='lat' dir='ltr'><strong>sine</strong></span> <span class='ocrx_word' id='word_1_25' title='bbox 861 750 1253 820; x_wconf 86' lang='lat' dir='ltr'><strong>impedimento</strong></span> <span class='ocrx_word' id='word_1_26' title='bbox 1312 758 1672 826; x_wconf 77' lang='lat' dir='ltr'><strong>recipiebant,</strong></span> <span class='ocrx_word' id='word_1_27' title='bbox 1731 770 1785 813; x_wconf 88' lang='lat' dir='ltr'><strong>et</strong></span> <span class='ocrx_word' id='word_1_28' title='bbox 1835 761 2094 830; x_wconf 84' lang='lat' dir='ltr'><strong>deinceps</strong></span> 
     </span>
    </p>
   </div>
   <div class='ocr_carea' id='block_1_6' title="bbox 432 840 2095 923">
    <p class='ocr_par' dir='ltr' id='par_1_6' title="bbox 432 840 2095 923">
     <span class='ocr_line' id='line_1_6' title="bbox 432 840 2095 923; baseline 0.009 -31"><span class='ocrx_word' id='word_1_29' title='bbox 432 910 447 923; x_wconf 44' lang='grc' dir='ltr'><strong><em>ο</em></strong></span> <span class='ocrx_word' id='word_1_30' title='bbox 512 840 888 908; x_wconf 87' lang='lat' dir='ltr'><strong>operahautur</strong></span> <span class='ocrx_word' id='word_1_31' title='bbox 933 847 1250 912; x_wconf 81' lang='lat' dir='ltr'><strong>Operatione</strong></span> <span class='ocrx_word' id='word_1_32' title='bbox 1287 864 1446 918; x_wconf 82' lang='lat' dir='ltr'><strong>quam</strong></span> <span class='ocrx_word' id='word_1_33' title='bbox 1478 859 1611 910; x_wconf 81' lang='lat' dir='ltr'><strong>ante</strong></span> <span class='ocrx_word' id='word_1_34' title='bbox 1652 853 1958 921; x_wconf 78' lang='lat' dir='ltr'><strong>passioiiem</strong></span> <span class='ocrx_word' id='word_1_35' title='bbox 1996 855 2095 907; x_wconf 88' lang='lat' dir='ltr'><strong>ha-</strong></span> 
     </span>
    </p>
   </div>
   <div class='ocr_carea' id='block_1_7' title="bbox 515 930 2095 1011">
    <p class='ocr_par' dir='ltr' id='par_1_7' title="bbox 515 930 2095 1011">
     <span class='ocr_line' id='line_1_7' title="bbox 515 930 2095 1011; baseline 0.011 -30"><span class='ocrx_word' id='word_1_36' title='bbox 515 930 765 985; x_wconf 83' lang='lat' dir='ltr'><strong>buerant.</strong></span> <span class='ocrx_word' id='word_1_37' title='bbox 804 931 869 985; x_wconf 84' lang='lat' dir='ltr'><strong>Et</strong></span> <span class='ocrx_word' id='word_1_38' title='bbox 921 934 1023 989; x_wconf 94' lang='lat' dir='ltr'><strong>hoc</strong></span> <span class='ocrx_word' id='word_1_39' title='bbox 1072 939 1290 1006; x_wconf 85' lang='lat' dir='ltr'><strong>quidem</strong></span> <span class='ocrx_word' id='word_1_40' title='bbox 1334 941 1482 1011; x_wconf 91' lang='lat' dir='ltr'><strong>quod</strong></span> <span class='ocrx_word' id='word_1_41' title='bbox 1529 941 1731 996; x_wconf 89' lang='lat' dir='ltr'><strong>factum</strong></span> <span class='ocrx_word' id='word_1_42' title='bbox 1783 951 1867 999; x_wconf 86' lang='lat' dir='ltr'><strong>est</strong></span> <span class='ocrx_word' id='word_1_43' title='bbox 1916 944 1967 997; x_wconf 87' lang='lat' dir='ltr'><strong>in</strong></span> <span class='ocrx_word' id='word_1_44' title='bbox 2029 961 2095 999; x_wconf 88' lang='lat' dir='ltr'><strong>eo</strong></span> 
     </span>
    </p>
   </div>
   <div class='ocr_carea' id='block_1_8' title="bbox 513 1023 2092 1102">
    <p class='ocr_par' dir='ltr' id='par_1_8' title="bbox 513 1023 2092 1102">
     <span class='ocr_line' id='line_1_8' title="bbox 513 1023 2092 1102; baseline 0.01 -30"><span class='ocrx_word' id='word_1_45' title='bbox 513 1023 846 1091; x_wconf 70' lang='lat' dir='ltr'><strong>prodigium.</strong></span> <span class='ocrx_word' id='word_1_46' title='bbox 885 1026 1090 1081; x_wconf 89' lang='lat' dir='ltr'><strong>dictum</strong></span> <span class='ocrx_word' id='word_1_47' title='bbox 1116 1038 1220 1082; x_wconf 89' lang='lat' dir='ltr'><strong>est.</strong></span> <span class='ocrx_word' id='word_1_48' title='bbox 1269 1030 1387 1083; x_wconf 87' lang='lat' dir='ltr'><strong>Alia</strong></span> <span class='ocrx_word' id='word_1_49' title='bbox 1424 1046 1555 1085; x_wconf 86' lang='lat' dir='ltr'><strong>vero</strong></span> <span class='ocrx_word' id='word_1_50' title='bbox 1583 1047 1703 1102; x_wconf 64' lang='lat' dir='ltr'><strong>quin</strong></span> <span class='ocrx_word' id='word_1_51' title='bbox 1730 1048 1759 1086; x_wconf 91' lang='lat' dir='ltr'><strong>a</strong></span> <span class='ocrx_word' id='word_1_52' title='bbox 1797 1036 2003 1089; x_wconf 76' lang='lat' dir='ltr'><strong>sanctis</strong></span> <span class='ocrx_word' id='word_1_53' title='bbox 2040 1036 2092 1088; x_wconf 92' lang='lat' dir='ltr'><strong>in</strong></span> 
     </span>
    </p>
   </div>
   <div class='ocr_carea' id='block_1_9' title="bbox 514 1114 2097 1194">
    <p class='ocr_par' dir='ltr' id='par_1_9' title="bbox 514 1114 2097 1194">
     <span class='ocr_line' id='line_1_9' title="bbox 514 1114 2097 1194; baseline 0.008 -28"><span class='ocrx_word' id='word_1_54' title='bbox 514 1114 634 1182; x_wconf 76' lang='lat' dir='ltr'><strong>ip’so</strong></span> <span class='ocrx_word' id='word_1_55' title='bbox 681 1115 1013 1181; x_wconf 69' lang='lat' dir='ltr'><strong>charismata</strong></span> <span class='ocrx_word' id='word_1_56' title='bbox 1058 1128 1209 1189; x_wconf 83' lang='lat' dir='ltr'><strong>gesta</strong></span> <span class='ocrx_word' id='word_1_57' title='bbox 1254 1131 1405 1186; x_wconf 92' lang='lat' dir='ltr'><strong>sunt,</strong></span> <span class='ocrx_word' id='word_1_58' title='bbox 1459 1123 1677 1194; x_wconf 88' lang='lat' dir='ltr'><strong>longum</strong></span> <span class='ocrx_word' id='word_1_59' title='bbox 1719 1125 1967 1193; x_wconf 86' lang='lat' dir='ltr'><strong>profecto</strong></span> <span class='ocrx_word' id='word_1_60' title='bbox 2012 1135 2097 1180; x_wconf 91' lang='lat' dir='ltr'><strong>est</strong></span> 
     </span>
    </p>
   </div>
   <div class='ocr_carea' id='block_1_10' title="bbox 514 1211 2092 1288">
    <p class='ocr_par' dir='ltr' id='par_1_10' title="bbox 514 1211 2092 1288">
     <span class='ocr_line' id='line_1_10' title="bbox 514 1211 2092 1288; baseline 0.006 -27"><span class='ocrx_word' id='word_1_61' title='bbox 514 1222 772 1263; x_wconf 83' lang='lat' dir='ltr'><strong>enarrare</strong></span> <span class='ocrx_word' id='word_1_62' title='bbox 805 1225 902 1279; x_wconf 86' lang='lat' dir='ltr'><strong>per</strong></span> <span class='ocrx_word' id='word_1_63' title='bbox 931 1211 1167 1282; x_wconf 77' lang='lat' dir='ltr'><strong>singula,</strong></span> <span class='ocrx_word' id='word_1_64' title='bbox 1208 1230 1334 1268; x_wconf 89' lang='lat' dir='ltr'><strong>cum</strong></span> <span class='ocrx_word' id='word_1_65' title='bbox 1367 1216 1573 1285; x_wconf 90' lang='lat' dir='ltr'><strong>scripto</strong></span> <span class='ocrx_word' id='word_1_66' title='bbox 1607 1217 1829 1286; x_wconf 81' lang='lat' dir='ltr'><strong>proprio</strong></span> <span class='ocrx_word' id='word_1_67' title='bbox 1878 1227 2092 1288; x_wconf 80' lang='lat' dir='ltr'><strong>egeant,</strong></span> 
     </span>
    </p>
   </div>
   <div class='ocr_carea' id='block_1_11' title="bbox 516 1288 2099 1379">
    <p class='ocr_par' dir='ltr' id='par_1_11' title="bbox 516 1288 2099 1379">
     <span class='ocr_line' id='line_1_11' title="bbox 516 1288 2099 1379; baseline 0.009 -29"><span class='ocrx_word' id='word_1_68' title='bbox 516 1299 862 1371; x_wconf 85' lang='lat' dir='ltr'><strong>plurimoque</strong></span> <span class='ocrx_word' id='word_1_69' title='bbox 918 1311 1162 1373; x_wconf 90' lang='lat' dir='ltr'><strong>tempore</strong></span> <span class='ocrx_word' id='word_1_70' title='bbox 1220 1321 1360 1375; x_wconf 84' lang='lat' dir='ltr'><strong>opus</strong></span> <span class='ocrx_word' id='word_1_71' title='bbox 1419 1308 1673 1374; x_wconf 87' lang='lat' dir='ltr'><strong>habeant,</strong></span> <span class='ocrx_word' id='word_1_72' title='bbox 1726 1288 1901 1379; x_wconf 76' lang='lat' dir='ltr'><strong>quam</strong></span> <span class='ocrx_word' id='word_1_73' title='bbox 1953 1327 2099 1365; x_wconf 89' lang='lat' dir='ltr'><strong>nunc</strong></span> 
     </span>
    </p>
   </div>
   <div class='ocr_carea' id='block_1_12' title="bbox 513 1391 1893 1477">
    <p class='ocr_par' dir='ltr' id='par_1_12' title="bbox 513 1391 1893 1477">
     <span class='ocr_line' id='line_1_12' title="bbox 513 1391 1893 1477; baseline 0.007 -33"><span class='ocrx_word' id='word_1_74' title='bbox 513 1391 594 1444; x_wconf 91' lang='lat' dir='ltr'><strong>cis</strong></span> <span class='ocrx_word' id='word_1_75' title='bbox 628 1392 926 1446; x_wconf 76' lang='lat' dir='ltr'><strong>secundum</strong></span> <span class='ocrx_word' id='word_1_76' title='bbox 964 1396 1448 1477; x_wconf 72' lang='lat' dir='ltr'><strong>mqniparationem</strong></span> <span class='ocrx_word' id='word_1_77' title='bbox 1483 1401 1647 1453; x_wconf 86' lang='lat' dir='ltr'><strong>tribui</strong></span> <span class='ocrx_word' id='word_1_78' title='bbox 1681 1400 1893 1455; x_wconf 82' lang='lat' dir='ltr'><strong>debeat.</strong></span> 
     </span>
    </p>
   </div>
   <div class='ocr_carea' id='block_1_13' title="bbox 586 1481 2092 1562">
    <p class='ocr_par' dir='ltr' id='par_1_13' title="bbox 586 1481 2092 1562">
     <span class='ocr_line' id='line_1_13' title="bbox 586 1481 2092 1562; baseline 0.007 -25"><span class='ocrx_word' id='word_1_79' title='bbox 586 1481 661 1538; x_wconf 77' lang='lat' dir='ltr'><strong>Nc</strong></span> <span class='ocrx_word' id='word_1_80' title='bbox 694 1501 822 1539; x_wconf 85' lang='lat' dir='ltr'><strong>vero</strong></span> <span class='ocrx_word' id='word_1_81' title='bbox 865 1486 1028 1556; x_wconf 86' lang='lat' dir='ltr'><strong>hujus</strong></span> <span class='ocrx_word' id='word_1_82' title='bbox 1079 1490 1155 1543; x_wconf 88' lang='lat' dir='ltr'><strong>rei</strong></span> <span class='ocrx_word' id='word_1_83' title='bbox 1208 1491 1385 1559; x_wconf 81' lang='lat' dir='ltr'><strong>gratia</strong></span> <span class='ocrx_word' id='word_1_84' title='bbox 1422 1491 1536 1546; x_wconf 70' lang='lat' dir='ltr'><strong>lucc</strong></span> <span class='ocrx_word' id='word_1_85' title='bbox 1579 1509 1688 1546; x_wconf 85' lang='lat' dir='ltr'><strong>non</strong></span> <span class='ocrx_word' id='word_1_86' title='bbox 1740 1493 1972 1562; x_wconf 87' lang='lat' dir='ltr'><strong>scripta,</strong></span> <span class='ocrx_word' id='word_1_87' title='bbox 2008 1494 2092 1548; x_wconf 89' lang='lat' dir='ltr'><strong>vel</strong></span> 
     </span>
    </p>
   </div>
   <div class='ocr_carea' id='block_1_14' title="bbox 514 1575 2097 1646">
    <p class='ocr_par' dir='ltr' id='par_1_14' title="bbox 514 1575 2097 1646">
     <span class='ocr_line' id='line_1_14' title="bbox 514 1575 2097 1646; baseline 0.008 -20"><span class='ocrx_word' id='word_1_88' title='bbox 514 1575 638 1628; x_wconf 72' lang='lat' dir='ltr'><strong>sine</strong></span> <span class='ocrx_word' id='word_1_89' title='bbox 692 1579 1216 1634; x_wconf 83' lang='lat' dir='ltr'><strong>commemoratione</strong></span> <span class='ocrx_word' id='word_1_90' title='bbox 1256 1580 1618 1646; x_wconf 87' lang='lat' dir='ltr'><strong>dimittamus,</strong></span> <span class='ocrx_word' id='word_1_91' title='bbox 1670 1592 1724 1637; x_wconf 90' lang='lat' dir='ltr'><strong>ct</strong></span> <span class='ocrx_word' id='word_1_92' title='bbox 1778 1584 1879 1637; x_wconf 85' lang='lat' dir='ltr'><strong>hoc</strong></span> <span class='ocrx_word' id='word_1_93' title='bbox 1933 1584 2097 1638; x_wconf 89' lang='lat' dir='ltr'><strong>modo</strong></span> 
     </span>
    </p>
   </div>
   <div class='ocr_carea' id='block_1_15' title="bbox 515 1664 2098 1734">
    <p class='ocr_par' dir='ltr' id='par_1_15' title="bbox 515 1664 2098 1734">
     <span class='ocr_line' id='line_1_15' title="bbox 515 1664 2098 1734; baseline 0.007 -17"><span class='ocrx_word' id='word_1_94' title='bbox 515 1664 824 1721; x_wconf 86' lang='lat' dir='ltr'><strong>audientem</strong></span> <span class='ocrx_word' id='word_1_95' title='bbox 853 1667 1048 1723; x_wconf 62' lang='lat' dir='ltr'><strong>laedere</strong></span> <span class='ocrx_word' id='word_1_96' title='bbox 1070 1671 1375 1734; x_wconf 83' lang='lat' dir='ltr'><strong>videamur,</strong></span> <span class='ocrx_word' id='word_1_97' title='bbox 1406 1674 1569 1728; x_wconf 88' lang='lat' dir='ltr'><strong>unius</strong></span> <span class='ocrx_word' id='word_1_98' title='bbox 1604 1675 1685 1728; x_wconf 94' lang='lat' dir='ltr'><strong>vel</strong></span> <span class='ocrx_word' id='word_1_99' title='bbox 1713 1675 1881 1727; x_wconf 91' lang='lat' dir='ltr'><strong>duum</strong></span> <span class='ocrx_word' id='word_1_100' title='bbox 1913 1689 2098 1729; x_wconf 82' lang='lat' dir='ltr'><strong>recor-</strong></span> 
     </span>
    </p>
   </div>
   <div class='ocr_carea' id='block_1_16' title="bbox 1382 284 2849 351">
    <p class='ocr_par' dir='ltr' id='par_1_16' title="bbox 1382 284 2849 351">
     <span class='ocr_line' id='line_1_16' title="bbox 1382 284 2849 351; baseline 0.005 -8"><span class='ocrx_word' id='word_1_101' title='bbox 1382 287 1441 344; x_wconf 83' lang='lat' dir='ltr'><strong>S.</strong></span> <span class='ocrx_word' id='word_1_102' title='bbox 1479 286 1831 347; x_wconf 76' lang='lat' dir='ltr'><strong>SOPHRON</strong></span> <span class='ocrx_word' id='word_1_103' title='bbox 1843 291 1893 348; x_wconf 88' lang='lat' dir='ltr'><strong>ll</strong></span> <span class='ocrx_word' id='word_1_104' title='bbox 1924 284 2427 351; x_wconf 63' lang='lat' dir='ltr'><strong>PATRIARCHJE</strong></span> <span class='ocrx_word' id='word_1_105' title='bbox 2468 290 2849 351; x_wconf 83' lang='lat' dir='ltr'><strong>IIIEROSOL</strong></span> 
     </span>
    </p>
   </div>
   <div class='ocr_carea' id='block_1_17' title="bbox 508 390 2096 468">
    <p class='ocr_par' dir='ltr' id='par_1_17' title="bbox 508 390 2092 461">
     <span class='ocr_line' id='line_1_17' title="bbox 508 390 2092 461; baseline 0.009 -23"><span class='ocrx_word' id='word_1_106' title='bbox 508 398 679 454; x_wconf 69' lang='lat' dir='ltr'><strong>tyres;</strong></span> <span class='ocrx_word' id='word_1_107' title='bbox 726 400 900 455; x_wconf 85' lang='lat' dir='ltr'><strong>eoque</strong></span> <span class='ocrx_word' id='word_1_108' title='bbox 940 401 1133 458; x_wconf 84' lang='lat' dir='ltr'><strong>agente</strong></span> <span class='ocrx_word' id='word_1_109' title='bbox 1170 390 1474 457; x_wconf 84' lang='lat' dir='ltr'><strong>jussiencm</strong></span> <span class='ocrx_word' id='word_1_110' title='bbox 1518 407 1860 461; x_wconf 68' lang='lat' dir='ltr'><strong>sanctorum,</strong></span> <span class='ocrx_word' id='word_1_111' title='bbox 1910 399 2092 453; x_wconf 82' lang='lat' dir='ltr'><strong>omnis</strong></span> 
     </span>
    </p>
   </div>
   <div class='ocr_carea' id='block_1_18' title="bbox 2209 390 3219 468">
    <p class='ocr_par' dir='ltr' id='par_1_18' title="bbox 2209 396 3219 468">
     <span class='ocr_line' id='line_1_18' title="bbox 2209 396 3219 468; baseline -0.002 -18"><span class='ocrx_word' id='word_1_112' title='bbox 2209 396 2449 460; x_wconf 82' lang='grc' dir='ltr'>τέκτονες</span> <span class='ocrx_word' id='word_1_113' title='bbox 2486 398 2841 468; x_wconf 74' lang='grc' dir='ltr'><strong>ἐπιτρέπουσι</strong></span> <span class='ocrx_word' id='word_1_114' title='bbox 2911 396 3219 467; x_wconf 82' lang='grc' dir='ltr'>μάρτυρες·</span> 
     </span>
    </p>
   </div>
   <div class='ocr_carea' id='block_1_19' title="bbox 3716 293 3856 358">
    <p class='ocr_par' dir='ltr' id='par_1_19' title="bbox 3716 293 3856 358">
     <span class='ocr_line' id='line_1_19' title="bbox 3716 293 3856 358; baseline 0.014 -3"><span class='ocrx_word' id='word_1_115' title='bbox 3716 293 3856 358; x_wconf 66' lang='grc' dir='ltr'>3ιῖιδ</span> 
     </span>
    </p>
   </div>
   <div class='ocr_carea' id='block_1_20' title="bbox 3283 398 3847 470">
    <p class='ocr_par' dir='ltr' id='par_1_20' title="bbox 3283 398 3847 470">
     <span class='ocr_line' id='line_1_20' title="bbox 3283 398 3847 470; baseline 0.007 -21"><span class='ocrx_word' id='word_1_116' title='bbox 3283 398 3379 450; x_wconf 75' lang='grc' dir='ltr'><strong>καὶ</strong></span> <span class='ocrx_word' id='word_1_117' title='bbox 3440 416 3526 450; x_wconf 79' lang='grc' dir='ltr'><strong>πε</strong></span> <span class='ocrx_word' id='word_1_118' title='bbox 3539 404 3847 470; x_wconf 55' lang='lat'><strong>392167,,-</strong></span> 
     </span>
    </p>
   </div>
   <div class='ocr_carea' id='block_1_21' title="bbox 2194 489 3842 562">
    <p class='ocr_par' dir='ltr' id='par_1_21' title="bbox 2194 489 3842 562">
     <span class='ocr_line' id='line_1_21' title="bbox 2194 489 3842 562; baseline 0.003 -20"><span class='ocrx_word' id='word_1_119' title='bbox 2194 489 2359 543; x_wconf 72' lang='grc' dir='ltr'>αὐτού</span> <span class='ocrx_word' id='word_1_120' title='bbox 2391 489 2501 541; x_wconf 82' lang='grc' dir='ltr'><strong>τῶν</strong></span> <span class='ocrx_word' id='word_1_121' title='bbox 2530 489 2704 556; x_wconf 80' lang='grc' dir='ltr'><strong>ἁγίων</strong></span> <span class='ocrx_word' id='word_1_122' title='bbox 2742 489 2840 559; x_wconf 81' lang='grc' dir='ltr'>τὴν</span> <span class='ocrx_word' id='word_1_123' title='bbox 2875 489 3147 550; x_wconf 75' lang='grc' dir='ltr'>κέλευσιν,</span> <span class='ocrx_word' id='word_1_124' title='bbox 3176 490 3323 545; x_wconf 80' lang='grc' dir='ltr'>ᾰπαν</span> <span class='ocrx_word' id='word_1_125' title='bbox 3358 495 3465 562; x_wconf 77' lang='grc' dir='ltr'>μὲν</span> <span class='ocrx_word' id='word_1_126' title='bbox 3504 494 3717 556; x_wconf 69' lang='grc' dir='ltr'>εὐθὺς</span> <span class='ocrx_word' id='word_1_127' title='bbox 3744 497 3842 547; x_wconf 57' lang='grc' dir='ltr'>τέλει</span> 
     </span>
    </p>
   </div>
   <div class='ocr_carea' id='block_1_22' title="bbox 2195 578 3832 655">
    <p class='ocr_par' dir='ltr' id='par_1_22' title="bbox 2195 578 3832 655">
     <span class='ocr_line' id='line_1_22' title="bbox 2195 578 3832 655; baseline 0.004 -24"><span class='ocrx_word' id='word_1_128' title='bbox 2195 579 2492 649; x_wconf 68' lang='grc' dir='ltr'>ὀφθαλμῶν</span> <span class='ocrx_word' id='word_1_129' title='bbox 2544 578 2606 631; x_wconf 78' lang='grc' dir='ltr'>τὸ</span> <span class='ocrx_word' id='word_1_130' title='bbox 2633 578 2798 649; x_wconf 68' lang='grc' dir='ltr'>ὑγρὸν</span> <span class='ocrx_word' id='word_1_131' title='bbox 2850 580 3219 647; x_wconf 53' lang='grc' dir='ltr'>κατεσέρετον</span> <span class='ocrx_word' id='word_1_132' title='bbox 3259 582 3523 649; x_wconf 70' lang='grc' dir='ltr'>καθαραὶ</span> <span class='ocrx_word' id='word_1_133' title='bbox 3561 582 3633 635; x_wconf 81' lang='grc' dir='ltr'>δὲ</span> <span class='ocrx_word' id='word_1_134' title='bbox 3677 586 3832 655; x_wconf 63' lang='grc' dir='ltr'>κόραι</span> 
     </span>
    </p>
   </div>
   <div class='ocr_carea' id='block_1_23' title="bbox 2196 670 3833 743">
    <p class='ocr_par' dir='ltr' id='par_1_23' title="bbox 2196 670 3833 743">
     <span class='ocr_line' id='line_1_23' title="bbox 2196 670 3833 743; baseline 0.003 -20"><span class='ocrx_word' id='word_1_135' title='bbox 2196 671 2293 724; x_wconf 76' lang='grc' dir='ltr'><strong>καὶ</strong></span> <span class='ocrx_word' id='word_1_136' title='bbox 2323 672 2586 737; x_wconf 77' lang='grc' dir='ltr'><strong>διαυγεῖς,</strong></span> <span class='ocrx_word' id='word_1_137' title='bbox 2620 671 2717 738; x_wconf 85' lang='grc' dir='ltr'>τῆς</span> <span class='ocrx_word' id='word_1_138' title='bbox 2749 670 2980 739; x_wconf 76' lang='grc' dir='ltr'>παχείας</span> <span class='ocrx_word' id='word_1_139' title='bbox 3026 671 3243 741; x_wconf 79' lang='grc' dir='ltr'>ἐκείνης</span> <span class='ocrx_word' id='word_1_140' title='bbox 3275 673 3411 741; x_wconf 75' lang='grc' dir='ltr'>ὕλης</span> <span class='ocrx_word' id='word_1_141' title='bbox 3450 674 3833 743; x_wconf 66' lang='grc' dir='ltr'>ἀπαλλαγεῖ-</span> 
     </span>
    </p>
   </div>
   <div class='ocr_carea' id='block_1_24' title="bbox 2198 761 3829 836">
    <p class='ocr_par' dir='ltr' id='par_1_24' title="bbox 2198 761 3829 836">
     <span class='ocr_line' id='line_1_24' title="bbox 2198 761 3829 836; baseline 0.002 -21"><span class='ocrx_word' id='word_1_142' title='bbox 2198 779 2286 815; x_wconf 81' lang='grc' dir='ltr'><strong>σαι</strong></span> <span class='ocrx_word' id='word_1_143' title='bbox 2324 762 2607 831; x_wconf 83' lang='grc' dir='ltr'>διέμενον,</span> <span class='ocrx_word' id='word_1_144' title='bbox 2644 765 2739 815; x_wconf 75' lang='grc' dir='ltr'><strong>καὶ</strong></span> <span class='ocrx_word' id='word_1_145' title='bbox 2770 761 2887 829; x_wconf 85' lang='grc' dir='ltr'>φῶς</span> <span class='ocrx_word' id='word_1_146' title='bbox 2924 763 3335 829; x_wconf 76' lang='grc' dir='ltr'><strong>ἀνεμποδίστως</strong></span> <span class='ocrx_word' id='word_1_147' title='bbox 3382 767 3697 836; x_wconf 80' lang='grc' dir='ltr'>ἐδέχοντο,</span> <span class='ocrx_word' id='word_1_148' title='bbox 3742 770 3829 821; x_wconf 73' lang='grc' dir='ltr'>καὶ</span> 
     </span>
    </p>
   </div>
   <div class='ocr_carea' id='block_1_25' title="bbox 2196 856 3826 932">
    <p class='ocr_par' dir='ltr' id='par_1_25' title="bbox 2196 856 3826 932">
     <span class='ocr_line' id='line_1_25' title="bbox 2196 856 3826 932; baseline 0.002 -23"><span class='ocrx_word' id='word_1_149' title='bbox 2196 856 2383 909; x_wconf 73' lang='grc' dir='ltr'>λοιπὸν</span> <span class='ocrx_word' id='word_1_150' title='bbox 2406 858 2694 927; x_wconf 79' lang='grc' dir='ltr'>ἐνήργουν,</span> <span class='ocrx_word' id='word_1_151' title='bbox 2713 856 2780 926; x_wconf 74' lang='grc' dir='ltr'>ἦν</span> <span class='ocrx_word' id='word_1_152' title='bbox 2814 858 2920 928; x_wconf 79' lang='grc' dir='ltr'>πρὸ</span> <span class='ocrx_word' id='word_1_153' title='bbox 2941 858 3033 912; x_wconf 76' lang='grc' dir='ltr'>τοῦ</span> <span class='ocrx_word' id='word_1_154' title='bbox 3064 861 3263 924; x_wconf 77' lang='grc' dir='ltr'>πάθους</span> <span class='ocrx_word' id='word_1_155' title='bbox 3291 862 3457 930; x_wconf 74' lang='grc' dir='ltr'>ἔσχον</span> <span class='ocrx_word' id='word_1_156' title='bbox 3485 863 3826 932; x_wconf 61' lang='grc' dir='ltr'>ἐνέργειαν.</span> 
     </span>
    </p>
   </div>
   <div class='ocr_carea' id='block_1_26' title="bbox 2196 947 3823 1023">
    <p class='ocr_par' dir='ltr' id='par_1_26' title="bbox 2196 947 3823 1023">
     <span class='ocr_line' id='line_1_26' title="bbox 2196 947 3823 1023; baseline 0.003 -22"><span class='ocrx_word' id='word_1_157' title='bbox 2196 948 2307 1001; x_wconf 73' lang='grc' dir='ltr'><strong>Καὶ</strong></span> <span class='ocrx_word' id='word_1_158' title='bbox 2334 947 2494 999; x_wconf 75' lang='grc' dir='ltr'>τοῦτο</span> <span class='ocrx_word' id='word_1_159' title='bbox 2511 950 2609 1017; x_wconf 82' lang='grc' dir='ltr'>μὲν</span> <span class='ocrx_word' id='word_1_160' title='bbox 2638 948 2699 999; x_wconf 78' lang='grc' dir='ltr'><strong>τὺ</strong></span> <span class='ocrx_word' id='word_1_161' title='bbox 2728 949 2812 1001; x_wconf 75' lang='grc' dir='ltr'><strong>ἐπ’</strong></span> <span class='ocrx_word' id='word_1_162' title='bbox 2831 948 2980 1018; x_wconf 81' lang='grc' dir='ltr'>αύτῷ</span> <span class='ocrx_word' id='word_1_163' title='bbox 3001 952 3224 1019; x_wconf 83' lang='grc' dir='ltr'>γεγονὸς</span> <span class='ocrx_word' id='word_1_164' title='bbox 3258 953 3455 1023; x_wconf 78' lang='grc' dir='ltr'><strong>ἐλέχθη</strong></span> <span class='ocrx_word' id='word_1_165' title='bbox 3486 954 3823 1023; x_wconf 66' lang='grc' dir='ltr'>τεράστιον.</span> 
     </span>
    </p>
   </div>
   <div class='ocr_carea' id='block_1_27' title="bbox 2198 1036 3822 1112">
    <p class='ocr_par' dir='ltr' id='par_1_27' title="bbox 2198 1036 3822 1112">
     <span class='ocr_line' id='line_1_27' title="bbox 2198 1036 3822 1112; baseline 0.004 -24"><span class='ocrx_word' id='word_1_166' title='bbox 2198 1037 2379 1090; x_wconf 63' lang='lat' dir='ltr'><strong>rem</strong></span> <span class='ocrx_word' id='word_1_167' title='bbox 2408 1038 2465 1089; x_wconf 76' lang='grc' dir='ltr'>δὲ</span> <span class='ocrx_word' id='word_1_168' title='bbox 2482 1039 2591 1096; x_wconf 72' lang='grc' dir='ltr'>τοις</span> <span class='ocrx_word' id='word_1_169' title='bbox 2607 1036 2786 1104; x_wconf 77' lang='grc' dir='ltr'><strong>ἁγίοις</strong></span> <span class='ocrx_word' id='word_1_170' title='bbox 2811 1041 2889 1097; x_wconf 82' lang='grc' dir='ltr'><strong>εἰς</strong></span> <span class='ocrx_word' id='word_1_171' title='bbox 2919 1039 3084 1091; x_wconf 83' lang='grc' dir='ltr'>αὑτὸν</span> <span class='ocrx_word' id='word_1_172' title='bbox 3110 1042 3430 1111; x_wconf 81' lang='grc' dir='ltr'>πραχθέντα</span> <span class='ocrx_word' id='word_1_173' title='bbox 3448 1044 3822 1112; x_wconf 79' lang='grc' dir='ltr'>χαρίσματα,</span> 
     </span>
    </p>
   </div>
   <div class='ocr_carea' id='block_1_28' title="bbox 2201 1128 3827 1204">
    <p class='ocr_par' dir='ltr' id='par_1_28' title="bbox 2201 1128 3827 1204">
     <span class='ocr_line' id='line_1_28' title="bbox 2201 1128 3827 1204; baseline 0.001 -22"><span class='ocrx_word' id='word_1_174' title='bbox 2201 1129 2414 1199; x_wconf 76' lang='grc' dir='ltr'>μακρὸν</span> <span class='ocrx_word' id='word_1_175' title='bbox 2443 1128 2509 1182; x_wconf 80' lang='grc' dir='ltr'>ἂν</span> <span class='ocrx_word' id='word_1_176' title='bbox 2539 1130 2624 1198; x_wconf 78' lang='grc' dir='ltr'>εἴη</span> <span class='ocrx_word' id='word_1_177' title='bbox 2649 1131 2772 1182; x_wconf 74' lang='grc' dir='ltr'>καθ’</span> <span class='ocrx_word' id='word_1_178' title='bbox 2806 1129 2863 1181; x_wconf 82' lang='grc' dir='ltr'>ἓν</span> <span class='ocrx_word' id='word_1_179' title='bbox 2890 1131 3283 1201; x_wconf 81' lang='grc' dir='ltr'>διηγήσασθαι,</span> <span class='ocrx_word' id='word_1_180' title='bbox 3305 1136 3667 1204; x_wconf 75' lang='grc' dir='ltr'><strong>συγγραφῆς</strong></span> <span class='ocrx_word' id='word_1_181' title='bbox 3688 1135 3827 1195; x_wconf 71' lang='grc' dir='ltr'>ἰδίεις</span> 
     </span>
    </p>
   </div>
   <div class='ocr_carea' id='block_1_29' title="bbox 2196 1221 3823 1295">
    <p class='ocr_par' dir='ltr' id='par_1_29' title="bbox 2196 1221 3823 1295">
     <span class='ocr_line' id='line_1_29' title="bbox 2196 1221 3823 1295; baseline 0.004 -22"><span class='ocrx_word' id='word_1_182' title='bbox 2196 1221 2447 1290; x_wconf 79' lang='grc' dir='ltr'>δεόμενα,</span> <span class='ocrx_word' id='word_1_183' title='bbox 2520 1221 2616 1273; x_wconf 70' lang='grc' dir='ltr'><strong>καὶ</strong></span> <span class='ocrx_word' id='word_1_184' title='bbox 2674 1221 2867 1294; x_wconf 85' lang='grc' dir='ltr'>χρόνου</span> <span class='ocrx_word' id='word_1_185' title='bbox 2909 1223 3158 1287; x_wconf 77' lang='grc' dir='ltr'>πλείονος</span> <span class='ocrx_word' id='word_1_186' title='bbox 3203 1224 3513 1295; x_wconf 78' lang='grc' dir='ltr'>χρῄζοντα,</span> <span class='ocrx_word' id='word_1_187' title='bbox 3569 1227 3681 1279; x_wconf 76' lang='grc' dir='ltr'>τοῦ</span> <span class='ocrx_word' id='word_1_188' title='bbox 3730 1229 3823 1281; x_wconf 71' lang='grc' dir='ltr'>νῦν</span> 
     </span>
    </p>
   </div>
   <div class='ocr_carea' id='block_1_30' title="bbox 2198 1306 3821 1386">
    <p class='ocr_par' dir='ltr' id='par_1_30' title="bbox 2198 1306 3821 1386">
     <span class='ocr_line' id='line_1_30' title="bbox 2198 1306 3821 1386; baseline 0.007 -27"><span class='ocrx_word' id='word_1_189' title='bbox 2198 1307 2381 1370; x_wconf 81' lang='grc' dir='ltr'>αὐτοῖς</span> <span class='ocrx_word' id='word_1_190' title='bbox 2439 1309 2890 1380; x_wconf 78' lang='grc' dir='ltr'>προσνεμηθῆναι</span> <span class='ocrx_word' id='word_1_191' title='bbox 2920 1306 3043 1365; x_wconf 84' lang='grc' dir='ltr'>κατ’</span> <span class='ocrx_word' id='word_1_192' title='bbox 3101 1315 3412 1386; x_wconf 80' lang='grc' dir='ltr'>ίσομοιρίαν</span> <span class='ocrx_word' id='word_1_193' title='bbox 3460 1318 3821 1386; x_wconf 69' lang='grc' dir='ltr'><strong>ὀφείλοντος.</strong></span> 
     </span>
    </p>
   </div>
   <div class='ocr_carea' id='block_1_31' title="bbox 2272 1489 3820 1568">
    <p class='ocr_par' dir='ltr' id='par_1_31' title="bbox 2272 1489 3820 1568">
     <span class='ocr_line' id='line_1_31' title="bbox 2272 1489 3820 1568; baseline 0.006 -26"><span class='ocrx_word' id='word_1_194' title='bbox 2272 1489 2389 1542; x_wconf 82' lang='grc' dir='ltr'><strong>Ἵνα</strong></span> <span class='ocrx_word' id='word_1_195' title='bbox 2423 1489 2480 1542; x_wconf 81' lang='grc' dir='ltr'>δὲ</span> <span class='ocrx_word' id='word_1_196' title='bbox 2513 1491 2587 1560; x_wconf 78' lang='grc' dir='ltr'>μὴ</span> <span class='ocrx_word' id='word_1_197' title='bbox 2618 1490 2814 1545; x_wconf 85' lang='grc' dir='ltr'>τούτου</span> <span class='ocrx_word' id='word_1_198' title='bbox 2843 1493 3004 1563; x_wconf 80' lang='grc' dir='ltr'><strong>χάριν</strong></span> <span class='ocrx_word' id='word_1_199' title='bbox 3036 1493 3264 1563; x_wconf 81' lang='grc' dir='ltr'>ἄγραφα</span> <span class='ocrx_word' id='word_1_200' title='bbox 3290 1495 3475 1550; x_wconf 76' lang='grc' dir='ltr'>ταῦτα</span> <span class='ocrx_word' id='word_1_201' title='bbox 3498 1498 3609 1551; x_wconf 74' lang='grc' dir='ltr'>καὶ</span> <span class='ocrx_word' id='word_1_202' title='bbox 3648 1502 3820 1568; x_wconf 77' lang='grc' dir='ltr'>ἀμνη-</span> 
     </span>
    </p>
   </div>
   <div class='ocr_carea' id='block_1_32' title="bbox 2203 1582 3817 1657">
    <p class='ocr_par' dir='ltr' id='par_1_32' title="bbox 2203 1582 3817 1657">
     <span class='ocr_line' id='line_1_32' title="bbox 2203 1582 3817 1657; baseline 0.004 -22"><span class='ocrx_word' id='word_1_203' title='bbox 2203 1582 2436 1652; x_wconf 84' lang='grc' dir='ltr'>μόνευτα</span> <span class='ocrx_word' id='word_1_204' title='bbox 2468 1583 2903 1654; x_wconf 73' lang='grc' dir='ltr'>καταλείψωμεν,</span> <span class='ocrx_word' id='word_1_205' title='bbox 2941 1587 3038 1638; x_wconf 77' lang='grc' dir='ltr'>καὶ</span> <span class='ocrx_word' id='word_1_206' title='bbox 3070 1587 3279 1650; x_wconf 84' lang='grc' dir='ltr'>ταύτας</span> <span class='ocrx_word' id='word_1_207' title='bbox 3307 1589 3573 1657; x_wconf 76' lang='grc' dir='ltr'><strong>δόξωμεν</strong></span> <span class='ocrx_word' id='word_1_208' title='bbox 3609 1591 3817 1643; x_wconf 79' lang='grc' dir='ltr'><strong>ἀδικεῖν</strong></span> 
     </span>
    </p>
   </div>
   <div class='ocr_carea' id='block_1_33' title="bbox 2198 1675 3815 1752">
    <p class='ocr_par' dir='ltr' id='par_1_33' title="bbox 2198 1675 3815 1752">
     <span class='ocr_line' id='line_1_33' title="bbox 2198 1675 3815 1752; baseline 0.004 -25"><span class='ocrx_word' id='word_1_209' title='bbox 2198 1675 2288 1727; x_wconf 81' lang='grc' dir='ltr'>τὸν</span> <span class='ocrx_word' id='word_1_210' title='bbox 2328 1676 2621 1738; x_wconf 85' lang='grc' dir='ltr'>ἀκούοντα,</span> <span class='ocrx_word' id='word_1_211' title='bbox 2671 1676 2789 1739; x_wconf 78' lang='grc' dir='ltr'>ἑνὸς</span> <span class='ocrx_word' id='word_1_212' title='bbox 2838 1676 2872 1747; x_wconf 85' lang='grc' dir='ltr'><strong>ἦ</strong></span> <span class='ocrx_word' id='word_1_213' title='bbox 2943 1678 3201 1751; x_wconf 77' lang='grc' dir='ltr'><strong>δευτέρου</strong></span> <span class='ocrx_word' id='word_1_214' title='bbox 3248 1681 3692 1752; x_wconf 75' lang='grc' dir='ltr'>μνησθήσομαι,</span> <span class='ocrx_word' id='word_1_215' title='bbox 3727 1684 3815 1735; x_wconf 76' lang='grc' dir='ltr'><strong>καὶ</strong></span> 
     </span>
    </p>
   </div>
   <div class='ocr_carea' id='block_1_34' title="bbox 513 1757 2096 1843">
    <p class='ocr_par' dir='ltr' id='par_1_34' title="bbox 513 1757 2094 1837">
     <span class='ocr_line' id='line_1_34' title="bbox 513 1757 2094 1837; baseline 0.008 -28"><span class='ocrx_word' id='word_1_216' title='bbox 513 1757 787 1826; x_wconf 87' lang='lat' dir='ltr'><strong>dabimur,</strong></span> <span class='ocrx_word' id='word_1_217' title='bbox 812 1770 860 1813; x_wconf 88' lang='lat' dir='ltr'><strong>et</strong></span> <span class='ocrx_word' id='word_1_218' title='bbox 894 1760 1006 1816; x_wconf 64' lang='lat' dir='ltr'><strong>haec</strong></span> <span class='ocrx_word' id='word_1_219' title='bbox 1035 1763 1342 1820; x_wconf 85' lang='lat' dir='ltr'><strong>recidentes</strong></span> <span class='ocrx_word' id='word_1_220' title='bbox 1382 1775 1650 1836; x_wconf 87' lang='lat' dir='ltr'><strong>quantum</strong></span> <span class='ocrx_word' id='word_1_221' title='bbox 1695 1769 1865 1820; x_wconf 88' lang='lat' dir='ltr'><strong>virtus</strong></span> <span class='ocrx_word' id='word_1_222' title='bbox 1892 1782 2094 1837; x_wconf 87' lang='lat' dir='ltr'><strong>suppe-</strong></span> 
     </span>
    </p>
   </div>
   <div class='ocr_carea' id='block_1_35' title="bbox 2209 1757 3257 1843">
    <p class='ocr_par' dir='ltr' id='par_1_35' title="bbox 2209 1766 3257 1843">
     <span class='ocr_line' id='line_1_35' title="bbox 2209 1766 3257 1843; baseline 0.007 -24"><span class='ocrx_word' id='word_1_223' title='bbox 2209 1766 2372 1820; x_wconf 77' lang='grc' dir='ltr'>ταῦτα</span> <span class='ocrx_word' id='word_1_224' title='bbox 2407 1767 2718 1837; x_wconf 76' lang='grc' dir='ltr'>συντέμνων</span> <span class='ocrx_word' id='word_1_225' title='bbox 2756 1768 2832 1831; x_wconf 83' lang='grc' dir='ltr'><strong>ὡς</strong></span> <span class='ocrx_word' id='word_1_226' title='bbox 2870 1768 3098 1840; x_wconf 87' lang='grc' dir='ltr'>δύναμις</span> <span class='ocrx_word' id='word_1_227' title='bbox 3124 1772 3257 1843; x_wconf 79' lang='grc'><strong>(51).</strong></span> 
     </span>
    </p>
   </div>
   <div class='ocr_carea' id='block_1_36' title="bbox 514 1855 3808 1934">
    <p class='ocr_par' dir='ltr' id='par_1_36' title="bbox 514 1855 3808 1934">
     <span class='ocr_line' id='line_1_36' title="bbox 514 1855 3808 1934; baseline 0.004 -27"><span class='ocrx_word' id='word_1_228' title='bbox 514 1855 674 1910; x_wconf 83' lang='lat' dir='ltr'><strong>ditat.</strong></span> <span class='ocrx_word' id='word_1_229' title='bbox 700 1856 1018 1927; x_wconf 84' lang='lat' dir='ltr'><strong>Suscipiunt</strong></span> <span class='ocrx_word' id='word_1_230' title='bbox 1059 1859 1374 1929; x_wconf 78' lang='lat' dir='ltr'><strong>Georgium,</strong></span> <span class='ocrx_word' id='word_1_231' title='bbox 1396 1877 1520 1915; x_wconf 91' lang='lat' dir='ltr'><strong>cum</strong></span> <span class='ocrx_word' id='word_1_232' title='bbox 1548 1878 1682 1932; x_wconf 91' lang='lat' dir='ltr'><strong>puer</strong></span> <span class='ocrx_word' id='word_1_233' title='bbox 1703 1870 1870 1928; x_wconf 85' lang='lat' dir='ltr'><strong>esset,</strong></span> <span class='ocrx_word' id='word_1_234' title='bbox 1896 1863 2305 1917; x_wconf 85' lang='lat' dir='ltr'><strong>clementissimi</strong></span> <span class='ocrx_word' id='word_1_235' title='bbox 2326 1870 2616 1931; x_wconf 81' lang='lat' dir='ltr'><strong>martyres,</strong></span> <span class='ocrx_word' id='word_1_236' title='bbox 2642 1870 2695 1916; x_wconf 87' lang='lat' dir='ltr'><strong>et</strong></span> <span class='ocrx_word' id='word_1_237' title='bbox 2720 1864 2963 1932; x_wconf 89' lang='lat' dir='ltr'><strong>paternis</strong></span> <span class='ocrx_word' id='word_1_238' title='bbox 2977 1880 3102 1919; x_wconf 90' lang='lat' dir='ltr'><strong>eum</strong></span> <span class='ocrx_word' id='word_1_239' title='bbox 3136 1866 3435 1934; x_wconf 79' lang='lat' dir='ltr'><strong>diligentes</strong></span> <span class='ocrx_word' id='word_1_240' title='bbox 3467 1868 3808 1925; x_wconf 79' lang='lat' dir='ltr'><strong>visceribus.</strong></span> 
     </span>
    </p>
   </div>
   <div class='ocr_carea' id='block_1_37' title="bbox 514 1949 3805 2024">
    <p class='ocr_par' dir='ltr' id='par_1_37' title="bbox 514 1949 3805 2024">
     <span class='ocr_line' id='line_1_37' title="bbox 514 1949 3805 2024; baseline 0.004 -25"><span class='ocrx_word' id='word_1_241' title='bbox 514 1949 792 2004; x_wconf 83' lang='lat' dir='ltr'><strong>dimittere</strong></span> <span class='ocrx_word' id='word_1_242' title='bbox 824 1966 1018 2005; x_wconf 86' lang='lat' dir='ltr'><strong>rursus</strong></span> <span class='ocrx_word' id='word_1_243' title='bbox 1049 1952 1115 2005; x_wconf 89' lang='lat' dir='ltr'><strong>ad</strong></span> <span class='ocrx_word' id='word_1_244' title='bbox 1143 1954 1464 2022; x_wconf 81' lang='lat' dir='ltr'><strong>genitricem</strong></span> <span class='ocrx_word' id='word_1_245' title='bbox 1515 1955 1741 2009; x_wconf 91' lang='lat' dir='ltr'><strong>minime</strong></span> <span class='ocrx_word' id='word_1_246' title='bbox 1767 1955 2110 2024; x_wconf 88' lang='lat' dir='ltr'><strong>judicarunt,</strong></span> <span class='ocrx_word' id='word_1_247' title='bbox 2141 1953 2237 2008; x_wconf 86' lang='lat' dir='ltr'><strong>sed</strong></span> <span class='ocrx_word' id='word_1_248' title='bbox 2280 1955 2399 2008; x_wconf 86' lang='lat' dir='ltr'><strong>vice</strong></span> <span class='ocrx_word' id='word_1_249' title='bbox 2441 1953 2614 2021; x_wconf 87' lang='lat' dir='ltr'><strong>patris</strong></span> <span class='ocrx_word' id='word_1_250' title='bbox 2647 1953 2852 2020; x_wconf 87' lang='lat' dir='ltr'><strong>habita,</strong></span> <span class='ocrx_word' id='word_1_251' title='bbox 2895 1971 3020 2009; x_wconf 88' lang='lat' dir='ltr'><strong>eum</strong></span> <span class='ocrx_word' id='word_1_252' title='bbox 3052 1966 3229 2011; x_wconf 87' lang='lat' dir='ltr'><strong>matre</strong></span> <span class='ocrx_word' id='word_1_253' title='bbox 3256 1958 3473 2012; x_wconf 83' lang='lat' dir='ltr'><strong>liberos</strong></span> <span class='ocrx_word' id='word_1_254' title='bbox 3516 1960 3805 2021; x_wconf 77' lang='lat' dir='ltr'><strong>dividunt,</strong></span> 
     </span>
    </p>
   </div>
   <div class='ocr_carea' id='block_1_38' title="bbox 514 2043 3805 2119">
    <p class='ocr_par' dir='ltr' id='par_1_38' title="bbox 514 2043 3805 2119">
     <span class='ocr_line' id='line_1_38' title="bbox 514 2043 3805 2119; baseline 0.001 -22"><span class='ocrx_word' id='word_1_255' title='bbox 514 2054 565 2098; x_wconf 90' lang='lat' dir='ltr'><strong>et</strong></span> <span class='ocrx_word' id='word_1_256' title='bbox 601 2043 730 2097; x_wconf 87' lang='lat' dir='ltr'><strong>huic</strong></span> <span class='ocrx_word' id='word_1_257' title='bbox 762 2045 980 2100; x_wconf 81' lang='lat' dir='ltr'><strong>filiabus</strong></span> <span class='ocrx_word' id='word_1_258' title='bbox 1011 2046 1295 2103; x_wconf 88' lang='lat' dir='ltr'><strong>attributis</strong></span> <span class='ocrx_word' id='word_1_259' title='bbox 1320 2063 1442 2117; x_wconf 64' lang='lat' dir='ltr'><strong>qum</strong></span> <span class='ocrx_word' id='word_1_260' title='bbox 1486 2049 1610 2102; x_wconf 61' lang='lat' dir='ltr'><strong>duae</strong></span> <span class='ocrx_word' id='word_1_261' title='bbox 1648 2058 1807 2102; x_wconf 87' lang='lat' dir='ltr'><strong>erant</strong></span> <span class='ocrx_word' id='word_1_262' title='bbox 1840 2048 2233 2118; x_wconf 68' lang='lat' dir='ltr'><strong>superatlultaa,</strong></span> <span class='ocrx_word' id='word_1_263' title='bbox 2272 2045 2568 2116; x_wconf 79' lang='lat' dir='ltr'><strong>Georgium</strong></span> <span class='ocrx_word' id='word_1_264' title='bbox 2621 2045 2726 2113; x_wconf 83' lang='lat' dir='ltr'><strong>ipsi</strong></span> <span class='ocrx_word' id='word_1_265' title='bbox 2771 2048 3107 2117; x_wconf 86' lang='lat' dir='ltr'><strong>suscipiunt,</strong></span> <span class='ocrx_word' id='word_1_266' title='bbox 3139 2048 3489 2117; x_wconf 76' lang='lat' dir='ltr'><strong>iuramentis</strong></span> <span class='ocrx_word' id='word_1_267' title='bbox 3521 2066 3626 2119; x_wconf 87' lang='lat' dir='ltr'><strong>per</strong></span> <span class='ocrx_word' id='word_1_268' title='bbox 3663 2068 3805 2103; x_wconf 68' lang='lat' dir='ltr'><strong>scru-</strong></span> 
     </span>
    </p>
   </div>
   <div class='ocr_carea' id='block_1_39' title="bbox 516 2138 3803 2213">
    <p class='ocr_par' dir='ltr' id='par_1_39' title="bbox 516 2138 3803 2213">
     <span class='ocr_line' id='line_1_39' title="bbox 516 2138 3803 2213; baseline 0.003 -24"><span class='ocrx_word' id='word_1_269' title='bbox 516 2140 667 2190; x_wconf 89' lang='lat' dir='ltr'><strong>nimn</strong></span> <span class='ocrx_word' id='word_1_270' title='bbox 694 2139 943 2205; x_wconf 83' lang='lat' dir='ltr'><strong>genitrici</strong></span> <span class='ocrx_word' id='word_1_271' title='bbox 981 2140 1206 2194; x_wconf 85' lang='lat' dir='ltr'><strong>credere</strong></span> <span class='ocrx_word' id='word_1_272' title='bbox 1233 2141 1549 2207; x_wconf 84' lang='lat' dir='ltr'><strong>suadentes,</strong></span> <span class='ocrx_word' id='word_1_273' title='bbox 1587 2142 1656 2196; x_wconf 88' lang='lat' dir='ltr'><strong>ab</strong></span> <span class='ocrx_word' id='word_1_274' title='bbox 1696 2144 1778 2197; x_wconf 84' lang='lat' dir='ltr'><strong>eis</strong></span> <span class='ocrx_word' id='word_1_275' title='bbox 1812 2142 1929 2196; x_wconf 83' lang='lat' dir='ltr'><strong>fore</strong></span> <span class='ocrx_word' id='word_1_276' title='bbox 1973 2140 2305 2196; x_wconf 87' lang='lat' dir='ltr'><strong>sanandum.</strong></span> <span class='ocrx_word' id='word_1_277' title='bbox 2354 2141 2498 2193; x_wconf 87' lang='lat' dir='ltr'><strong>Ante</strong></span> <span class='ocrx_word' id='word_1_278' title='bbox 2537 2138 2827 2192; x_wconf 87' lang='lat' dir='ltr'><strong>sanitatem</strong></span> <span class='ocrx_word' id='word_1_279' title='bbox 2863 2142 3066 2210; x_wconf 88' lang='lat' dir='ltr'><strong>quippe</strong></span> <span class='ocrx_word' id='word_1_280' title='bbox 3095 2141 3241 2197; x_wconf 85' lang='lat' dir='ltr'><strong>facta</strong></span> <span class='ocrx_word' id='word_1_281' title='bbox 3268 2152 3402 2198; x_wconf 90' lang='lat' dir='ltr'><strong>sunt</strong></span> <span class='ocrx_word' id='word_1_282' title='bbox 3435 2144 3591 2209; x_wconf 81' lang='lat' dir='ltr'><strong>haec,</strong></span> <span class='ocrx_word' id='word_1_283' title='bbox 3636 2158 3803 2213; x_wconf 82' lang='lat' dir='ltr'><strong>seque</strong></span> 
     </span>
    </p>
   </div>
   <div class='ocr_carea' id='block_1_40' title="bbox 513 2228 3805 2306">
    <p class='ocr_par' dir='ltr' id='par_1_40' title="bbox 513 2228 3805 2306">
     <span class='ocr_line' id='line_1_40' title="bbox 513 2228 3805 2306; baseline 0.003 -25"><span class='ocrx_word' id='word_1_284' title='bbox 513 2228 760 2282; x_wconf 81' lang='lat' dir='ltr'><strong>facturos</strong></span> <span class='ocrx_word' id='word_1_285' title='bbox 809 2230 956 2298; x_wconf 88' lang='lat' dir='ltr'><strong>quod</strong></span> <span class='ocrx_word' id='word_1_286' title='bbox 1000 2239 1175 2299; x_wconf 86' lang='lat' dir='ltr'><strong>pater,</strong></span> <span class='ocrx_word' id='word_1_287' title='bbox 1207 2232 1371 2287; x_wconf 91' lang='lat' dir='ltr'><strong>etiam</strong></span> <span class='ocrx_word' id='word_1_288' title='bbox 1422 2233 1469 2289; x_wconf 91' lang='lat' dir='ltr'><strong>si</strong></span> <span class='ocrx_word' id='word_1_289' title='bbox 1521 2241 1803 2304; x_wconf 87' lang='lat' dir='ltr'><strong>superstes</strong></span> <span class='ocrx_word' id='word_1_290' title='bbox 1852 2243 2022 2297; x_wconf 90' lang='lat' dir='ltr'><strong>esset,</strong></span> <span class='ocrx_word' id='word_1_291' title='bbox 2072 2233 2262 2303; x_wconf 87' lang='lat' dir='ltr'><strong>utique</strong></span> <span class='ocrx_word' id='word_1_292' title='bbox 2297 2247 2404 2284; x_wconf 89' lang='lat' dir='ltr'><strong>nou</strong></span> <span class='ocrx_word' id='word_1_293' title='bbox 2463 2229 2704 2285; x_wconf 82' lang='lat' dir='ltr'><strong>fecisset.</strong></span> <span class='ocrx_word' id='word_1_294' title='bbox 2756 2230 2915 2298; x_wconf 86' lang='lat' dir='ltr'><strong>Quod</strong></span> <span class='ocrx_word' id='word_1_295' title='bbox 2956 2248 3527 2299; x_wconf 87' lang='lat' dir='ltr'><strong>consummaverunt,</strong></span> <span class='ocrx_word' id='word_1_296' title='bbox 3569 2245 3631 2291; x_wconf 87' lang='lat' dir='ltr'><strong>et</strong></span> <span class='ocrx_word' id='word_1_297' title='bbox 3664 2236 3805 2306; x_wconf 84' lang='lat' dir='ltr'><strong>quod</strong></span> 
     </span>
    </p>
   </div>
   <div class='ocr_carea' id='block_1_41' title="bbox 512 2319 1434 2393">
    <p class='ocr_par' dir='ltr' id='par_1_41' title="bbox 512 2319 1434 2393">
     <span class='ocr_line' id='line_1_41' title="bbox 512 2319 1434 2393; baseline 0.007 -20"><span class='ocrx_word' id='word_1_298' title='bbox 512 2319 701 2374; x_wconf 68' lang='lat' dir='ltr'><strong>dixere</strong></span> <span class='ocrx_word' id='word_1_299' title='bbox 738 2322 1006 2378; x_wconf 84' lang='lat' dir='ltr'><strong>veraciter</strong></span> <span class='ocrx_word' id='word_1_300' title='bbox 1040 2325 1252 2393; x_wconf 86' lang='lat' dir='ltr'><strong>operati</strong></span> <span class='ocrx_word' id='word_1_301' title='bbox 1284 2336 1434 2381; x_wconf 87' lang='lat' dir='ltr'><strong>sunt.</strong></span> 
     </span>
    </p>
   </div>
   <div class='ocr_carea' id='block_1_42' title="bbox 582 2438 2095 2513">
    <p class='ocr_par' dir='ltr' id='par_1_42' title="bbox 582 2438 2095 2513">
     <span class='ocr_line' id='line_1_42' title="bbox 582 2438 2095 2513; baseline 0.003 -22"><span class='ocrx_word' id='word_1_302' title='bbox 582 2438 824 2509; x_wconf 80' lang='lat' dir='ltr'><strong>Recepto</strong></span> <span class='ocrx_word' id='word_1_303' title='bbox 851 2442 997 2495; x_wconf 90' lang='lat' dir='ltr'><strong>enim</strong></span> <span class='ocrx_word' id='word_1_304' title='bbox 1027 2443 1320 2513; x_wconf 86' lang='lat' dir='ltr'><strong>peregrino</strong></span> <span class='ocrx_word' id='word_1_305' title='bbox 1362 2443 1527 2498; x_wconf 89' lang='lat' dir='ltr'><strong>simul</strong></span> <span class='ocrx_word' id='word_1_306' title='bbox 1566 2450 1623 2497; x_wconf 90' lang='lat' dir='ltr'><strong>et</strong></span> <span class='ocrx_word' id='word_1_307' title='bbox 1652 2458 1819 2506; x_wconf 70' lang='lat' dir='ltr'><strong>caeco,</strong></span> <span class='ocrx_word' id='word_1_308' title='bbox 1862 2442 2095 2513; x_wconf 86' lang='lat' dir='ltr'><strong>pupillo,</strong></span> 
     </span>
    </p>
   </div>
   <div class='ocr_carea' id='block_1_43' title="bbox 511 2535 2094 2604">
    <p class='ocr_par' dir='ltr' id='par_1_43' title="bbox 511 2535 2094 2604">
     <span class='ocr_line' id='line_1_43' title="bbox 511 2535 2094 2604; baseline 0.001 -19"><span class='ocrx_word' id='word_1_309' title='bbox 511 2548 673 2601; x_wconf 85' lang='lat' dir='ltr'><strong>vago,</strong></span> <span class='ocrx_word' id='word_1_310' title='bbox 715 2543 772 2586; x_wconf 92' lang='lat' dir='ltr'><strong>et</strong></span> <span class='ocrx_word' id='word_1_311' title='bbox 805 2549 1062 2603; x_wconf 86' lang='lat' dir='ltr'><strong>paupere,</strong></span> <span class='ocrx_word' id='word_1_312' title='bbox 1111 2535 1297 2589; x_wconf 87' lang='lat' dir='ltr'><strong>omnia</strong></span> <span class='ocrx_word' id='word_1_313' title='bbox 1343 2535 1675 2604; x_wconf 87' lang='lat' dir='ltr'><strong>compendio</strong></span> <span class='ocrx_word' id='word_1_314' title='bbox 1722 2546 2094 2602; x_wconf 87' lang='lat' dir='ltr'><strong>sanaverunt;</strong></span> 
     </span>
    </p>
   </div>
   <div class='ocr_carea' id='block_1_44' title="bbox 514 2626 2095 2697">
    <p class='ocr_par' dir='ltr' id='par_1_44' title="bbox 514 2626 2095 2697">
     <span class='ocr_line' id='line_1_44' title="bbox 514 2626 2095 2697; baseline 0.003 -19"><span class='ocrx_word' id='word_1_315' title='bbox 514 2627 707 2696; x_wconf 70' lang='lat' dir='ltr'><strong>patriae</strong></span> <span class='ocrx_word' id='word_1_316' title='bbox 747 2626 1007 2682; x_wconf 86' lang='lat' dir='ltr'><strong>videlicet</strong></span> <span class='ocrx_word' id='word_1_317' title='bbox 1040 2627 1425 2696; x_wconf 87' lang='lat' dir='ltr'><strong>privationem,</strong></span> <span class='ocrx_word' id='word_1_318' title='bbox 1470 2629 1749 2697; x_wconf 87' lang='lat' dir='ltr'><strong>proprium</strong></span> <span class='ocrx_word' id='word_1_319' title='bbox 1798 2627 2095 2696; x_wconf 81' lang='lat' dir='ltr'><strong>facientes;</strong></span> 
     </span>
    </p>
   </div>
   <div class='ocr_carea' id='block_1_45' title="bbox 514 2709 2099 2789">
    <p class='ocr_par' dir='ltr' id='par_1_45' title="bbox 514 2709 2099 2789">
     <span class='ocr_line' id='line_1_45' title="bbox 514 2709 2099 2789; baseline 0.001 -17"><span class='ocrx_word' id='word_1_320' title='bbox 514 2720 844 2783; x_wconf 67' lang='lat' dir='ltr'><strong>caecitatem,</strong></span> <span class='ocrx_word' id='word_1_321' title='bbox 875 2720 1065 2775; x_wconf 87' lang='lat' dir='ltr'><strong>oculos</strong></span> <span class='ocrx_word' id='word_1_322' title='bbox 1097 2709 1504 2785; x_wconf 68' lang='lat' dir='ltr'><strong>illuminantes;</strong></span> <span class='ocrx_word' id='word_1_323' title='bbox 1551 2719 1885 2789; x_wconf 86' lang='lat' dir='ltr'><strong>orphanitati</strong></span> <span class='ocrx_word' id='word_1_324' title='bbox 1915 2727 2099 2787; x_wconf 83' lang='lat' dir='ltr'><strong>patres</strong></span> 
     </span>
    </p>
   </div>
   <div class='ocr_carea' id='block_1_46' title="bbox 514 2808 2096 2879">
    <p class='ocr_par' dir='ltr' id='par_1_46' title="bbox 514 2808 2096 2879">
     <span class='ocr_line' id='line_1_46' title="bbox 514 2808 2096 2879; baseline -0.001 -16"><span class='ocrx_word' id='word_1_325' title='bbox 514 2808 733 2875; x_wconf 82' lang='lat' dir='ltr'><strong>elleeti;</strong></span> <span class='ocrx_word' id='word_1_326' title='bbox 761 2809 1003 2864; x_wconf 91' lang='lat' dir='ltr'><strong>erratico</strong></span> <span class='ocrx_word' id='word_1_327' title='bbox 1041 2808 1436 2865; x_wconf 85' lang='lat' dir='ltr'><strong>habitationem</strong></span> <span class='ocrx_word' id='word_1_328' title='bbox 1480 2811 1823 2875; x_wconf 88' lang='lat' dir='ltr'><strong>tribuentes;</strong></span> <span class='ocrx_word' id='word_1_329' title='bbox 1863 2824 2096 2879; x_wconf 85' lang='lat' dir='ltr'><strong>pauper-</strong></span> 
     </span>
    </p>
   </div>
   <div class='ocr_carea' id='block_1_47' title="bbox 516 2901 2094 2972">
    <p class='ocr_par' dir='ltr' id='par_1_47' title="bbox 516 2901 2094 2972">
     <span class='ocr_line' id='line_1_47' title="bbox 516 2901 2094 2972; baseline -0.002 -16"><span class='ocrx_word' id='word_1_330' title='bbox 516 2911 682 2956; x_wconf 86' lang='lat' dir='ltr'><strong>tatem</strong></span> <span class='ocrx_word' id='word_1_331' title='bbox 717 2901 1024 2956; x_wconf 90' lang='lat' dir='ltr'><strong>secundum</strong></span> <span class='ocrx_word' id='word_1_332' title='bbox 1066 2910 1387 2972; x_wconf 89' lang='lat' dir='ltr'><strong>utrumque,</strong></span> <span class='ocrx_word' id='word_1_333' title='bbox 1419 2917 1623 2972; x_wconf 84' lang='lat' dir='ltr'><strong>corpus</strong></span> <span class='ocrx_word' id='word_1_334' title='bbox 1653 2903 1865 2957; x_wconf 88' lang='lat' dir='ltr'><strong>scilicet</strong></span> <span class='ocrx_word' id='word_1_335' title='bbox 1891 2908 1942 2955; x_wconf 91' lang='lat' dir='ltr'><strong>et</strong></span> <span class='ocrx_word' id='word_1_336' title='bbox 1973 2901 2094 2954; x_wconf 87' lang='lat' dir='ltr'><strong>ani-</strong></span> 
     </span>
    </p>
   </div>
   <div class='ocr_carea' id='block_1_48' title="bbox 517 2992 2096 3061">
    <p class='ocr_par' dir='ltr' id='par_1_48' title="bbox 517 2992 2096 3061">
     <span class='ocr_line' id='line_1_48' title="bbox 517 2992 2096 3061; baseline 0.001 -16"><span class='ocrx_word' id='word_1_337' title='bbox 517 3009 685 3056; x_wconf 88' lang='lat' dir='ltr'><strong>mam,</strong></span> <span class='ocrx_word' id='word_1_338' title='bbox 718 2992 1143 3060; x_wconf 82' lang='lat' dir='ltr'><strong>locupletantes,</strong></span> <span class='ocrx_word' id='word_1_339' title='bbox 1186 2993 1231 3046; x_wconf 85' lang='lat' dir='ltr'><strong>si</strong></span> <span class='ocrx_word' id='word_1_340' title='bbox 1271 3001 1420 3047; x_wconf 87' lang='lat' dir='ltr'><strong>certe</strong></span> <span class='ocrx_word' id='word_1_341' title='bbox 1461 3003 1516 3047; x_wconf 88' lang='lat' dir='ltr'><strong>ct</strong></span> <span class='ocrx_word' id='word_1_342' title='bbox 1553 2993 1858 3048; x_wconf 82' lang='lat' dir='ltr'><strong>secundum</strong></span> <span class='ocrx_word' id='word_1_343' title='bbox 1894 3006 2096 3061; x_wconf 85' lang='lat' dir='ltr'><strong>corpus</strong></span> 
     </span>
    </p>
   </div>
   <div class='ocr_carea' id='block_1_49' title="bbox 517 3082 2093 3152">
    <p class='ocr_par' dir='ltr' id='par_1_49' title="bbox 517 3082 2093 3152">
     <span class='ocr_line' id='line_1_49' title="bbox 517 3082 2093 3152; baseline 0 -17"><span class='ocrx_word' id='word_1_344' title='bbox 517 3084 840 3152; x_wconf 79' lang='lat' dir='ltr'><strong>locupletari</strong></span> <span class='ocrx_word' id='word_1_345' title='bbox 898 3083 1261 3152; x_wconf 84' lang='lat' dir='ltr'><strong>permisisset.</strong></span> <span class='ocrx_word' id='word_1_346' title='bbox 1296 3082 1453 3138; x_wconf 78' lang='lat' dir='ltr'><strong>lluric</strong></span> <span class='ocrx_word' id='word_1_347' title='bbox 1504 3085 1651 3138; x_wconf 89' lang='lat' dir='ltr'><strong>enim</strong></span> <span class='ocrx_word' id='word_1_348' title='bbox 1682 3085 1826 3138; x_wconf 87' lang='lat' dir='ltr'><strong>sicut</strong></span> <span class='ocrx_word' id='word_1_349' title='bbox 1851 3093 2093 3139; x_wconf 75' lang='lat' dir='ltr'><strong>Veterem</strong></span> 
     </span>
    </p>
   </div>
   <div class='ocr_carea' id='block_1_50' title="bbox 519 3174 2095 3244">
    <p class='ocr_par' dir='ltr' id='par_1_50' title="bbox 519 3174 2095 3244">
     <span class='ocr_line' id='line_1_50' title="bbox 519 3174 2095 3244; baseline -0.001 -15"><span class='ocrx_word' id='word_1_350' title='bbox 519 3174 829 3229; x_wconf 82' lang='lat' dir='ltr'><strong>Samuelem</strong></span> <span class='ocrx_word' id='word_1_351' title='bbox 864 3176 917 3228; x_wconf 91' lang='lat' dir='ltr'><strong>in</strong></span> <span class='ocrx_word' id='word_1_352' title='bbox 956 3174 1158 3244; x_wconf 91' lang='lat' dir='ltr'><strong>templo</strong></span> <span class='ocrx_word' id='word_1_353' title='bbox 1183 3189 1286 3228; x_wconf 89' lang='lat' dir='ltr'><strong>suo</strong></span> <span class='ocrx_word' id='word_1_354' title='bbox 1313 3175 1540 3240; x_wconf 87' lang='lat' dir='ltr'><strong>alentes,</strong></span> <span class='ocrx_word' id='word_1_355' title='bbox 1571 3176 1835 3228; x_wconf 89' lang='lat' dir='ltr'><strong>virtutum</strong></span> <span class='ocrx_word' id='word_1_356' title='bbox 1872 3190 2095 3244; x_wconf 70' lang='lat' dir='ltr'><strong>passes-</strong></span> 
     </span>
    </p>
   </div>
   <div class='ocr_carea' id='block_1_51' title="bbox 2272 2438 3805 2511">
    <p class='ocr_par' dir='ltr' id='par_1_51' title="bbox 2272 2438 3805 2511">
     <span class='ocr_line' id='line_1_51' title="bbox 2272 2438 3805 2511; baseline 0 -17"><span class='ocrx_word' id='word_1_357' title='bbox 2272 2440 2545 2504; x_wconf 88' lang='grc' dir='ltr'>Λαϐόντες</span> <span class='ocrx_word' id='word_1_358' title='bbox 2574 2440 2683 2511; x_wconf 81' lang='grc' dir='ltr'>γὰρ</span> <span class='ocrx_word' id='word_1_359' title='bbox 2715 2438 2867 2506; x_wconf 83' lang='grc' dir='ltr'>ξένον</span> <span class='ocrx_word' id='word_1_360' title='bbox 2915 2438 3051 2510; x_wconf 83' lang='grc' dir='ltr'>όμοῦ</span> <span class='ocrx_word' id='word_1_361' title='bbox 3086 2439 3182 2493; x_wconf 66' lang='grc' dir='ltr'>καὶ</span> <span class='ocrx_word' id='word_1_362' title='bbox 3210 2438 3440 2507; x_wconf 78' lang='grc' dir='ltr'>τυφλὸν,</span> <span class='ocrx_word' id='word_1_363' title='bbox 3479 2440 3735 2510; x_wconf 69' lang='grc' dir='ltr'>ὀρφανόν</span> <span class='ocrx_word' id='word_1_364' title='bbox 3752 2459 3805 2494; x_wconf 85' lang='grc' dir='ltr'><strong>τε</strong></span> 
     </span>
    </p>
   </div>
   <div class='ocr_carea' id='block_1_52' title="bbox 2200 2530 3800 2603">
    <p class='ocr_par' dir='ltr' id='par_1_52' title="bbox 2200 2530 3800 2603">
     <span class='ocr_line' id='line_1_52' title="bbox 2200 2530 3800 2603; baseline 0.001 -17"><span class='ocrx_word' id='word_1_365' title='bbox 2200 2533 2298 2586; x_wconf 80' lang='grc' dir='ltr'><strong>καὶ</strong></span> <span class='ocrx_word' id='word_1_366' title='bbox 2323 2532 2603 2603; x_wconf 79' lang='grc' dir='ltr'>πλανήτην</span> <span class='ocrx_word' id='word_1_367' title='bbox 2632 2531 2730 2585; x_wconf 71' lang='grc' dir='ltr'>καὶ</span> <span class='ocrx_word' id='word_1_368' title='bbox 2752 2530 2982 2602; x_wconf 86' lang='grc' dir='ltr'>πένητα,</span> <span class='ocrx_word' id='word_1_369' title='bbox 3012 2531 3192 2584; x_wconf 84' lang='grc' dir='ltr'>πάντα</span> <span class='ocrx_word' id='word_1_370' title='bbox 3214 2533 3507 2602; x_wconf 83' lang='grc' dir='ltr'><strong>συντόμως</strong></span> <span class='ocrx_word' id='word_1_371' title='bbox 3552 2534 3800 2588; x_wconf 77' lang='grc' dir='ltr'>ξάσαντο·</span> 
     </span>
    </p>
   </div>
   <div class='ocr_carea' id='block_1_53' title="bbox 2201 2623 3806 2695">
    <p class='ocr_par' dir='ltr' id='par_1_53' title="bbox 2201 2623 3806 2695">
     <span class='ocr_line' id='line_1_53' title="bbox 2201 2623 3806 2695; baseline 0.001 -18"><span class='ocrx_word' id='word_1_372' title='bbox 2201 2623 2465 2695; x_wconf 80' lang='grc' dir='ltr'><strong>πατρίδος</strong></span> <span class='ocrx_word' id='word_1_373' title='bbox 2517 2624 2773 2695; x_wconf 84' lang='grc' dir='ltr'>στέρησιν</span> <span class='ocrx_word' id='word_1_374' title='bbox 2821 2624 3285 2694; x_wconf 61' lang='grc' dir='ltr'>οἰκειωσάμενον</span> <span class='ocrx_word' id='word_1_375' title='bbox 3333 2624 3653 2693; x_wconf 82' lang='grc' dir='ltr'>τύφλωσιν,</span> <span class='ocrx_word' id='word_1_376' title='bbox 3687 2629 3806 2688; x_wconf 57' lang='lat' dir='ltr'><strong>rei);</strong></span> 
     </span>
    </p>
   </div>
   <div class='ocr_carea' id='block_1_54' title="bbox 2199 2700 3803 2787">
    <p class='ocr_par' dir='ltr' id='par_1_54' title="bbox 2199 2700 3803 2787">
     <span class='ocr_line' id='line_1_54' title="bbox 2199 2700 3803 2787; baseline 0.001 -17"><span class='ocrx_word' id='word_1_377' title='bbox 2199 2700 2513 2786; x_wconf 75' lang='grc' dir='ltr'>ὀφθαλμοὺς</span> <span class='ocrx_word' id='word_1_378' title='bbox 2546 2716 2995 2785; x_wconf 87' lang='grc' dir='ltr'>καταυγάσαντες</span> <span class='ocrx_word' id='word_1_379' title='bbox 3016 2733 3028 2745; x_wconf 92' lang='grc'><strong>·</strong></span> <span class='ocrx_word' id='word_1_380' title='bbox 3060 2716 3351 2786; x_wconf 70' lang='grc' dir='ltr'>όρφανείᾳ,</span> <span class='ocrx_word' id='word_1_381' title='bbox 3372 2718 3627 2787; x_wconf 82' lang='grc' dir='ltr'>πατέρες</span> <span class='ocrx_word' id='word_1_382' title='bbox 3652 2719 3803 2787; x_wconf 72' lang='grc' dir='ltr'>γενό-</span> 
     </span>
    </p>
   </div>
   <div class='ocr_carea' id='block_1_55' title="bbox 2204 2808 3803 2881">
    <p class='ocr_par' dir='ltr' id='par_1_55' title="bbox 2204 2808 3803 2881">
     <span class='ocr_line' id='line_1_55' title="bbox 2204 2808 3803 2881; baseline 0 -19"><span class='ocrx_word' id='word_1_383' title='bbox 2204 2826 2394 2880; x_wconf 75' lang='grc' dir='ltr'>μενοιο</span> <span class='ocrx_word' id='word_1_384' title='bbox 2430 2809 2715 2881; x_wconf 83' lang='grc' dir='ltr'>ἀλλότριον</span> <span class='ocrx_word' id='word_1_385' title='bbox 2770 2808 3156 2880; x_wconf 75' lang='grc' dir='ltr'>ᾡκειὼσαντο’</span> <span class='ocrx_word' id='word_1_386' title='bbox 3195 2808 3390 2862; x_wconf 81' lang='grc' dir='ltr'>πενίαν</span> <span class='ocrx_word' id='word_1_387' title='bbox 3434 2811 3564 2862; x_wconf 76' lang='grc' dir='ltr'>κατ’</span> <span class='ocrx_word' id='word_1_388' title='bbox 3612 2810 3803 2879; x_wconf 74' lang='grc' dir='ltr'>ἄμφω,</span> 
     </span>
    </p>
   </div>
   <div class='ocr_carea' id='block_1_56' title="bbox 2199 2899 3804 2973">
    <p class='ocr_par' dir='ltr' id='par_1_56' title="bbox 2199 2899 3804 2973">
     <span class='ocr_line' id='line_1_56' title="bbox 2199 2899 3804 2973; baseline -0.001 -19"><span class='ocrx_word' id='word_1_389' title='bbox 2199 2901 2381 2973; x_wconf 75' lang='grc' dir='ltr'>ψυχὴν</span> <span class='ocrx_word' id='word_1_390' title='bbox 2396 2901 2543 2969; x_wconf 86' lang='grc' dir='ltr'>λέγω</span> <span class='ocrx_word' id='word_1_391' title='bbox 2566 2902 2662 2954; x_wconf 71' lang='grc' dir='ltr'><strong>καὶ</strong></span> <span class='ocrx_word' id='word_1_392' title='bbox 2694 2899 2873 2969; x_wconf 83' lang='grc' dir='ltr'>σῶμα,</span> <span class='ocrx_word' id='word_1_393' title='bbox 2908 2899 3291 2963; x_wconf 81' lang='grc' dir='ltr'>πλουτοῦντες,</span> <span class='ocrx_word' id='word_1_394' title='bbox 3330 2901 3498 2971; x_wconf 79' lang='grc' dir='ltr'>εἴπερ</span> <span class='ocrx_word' id='word_1_395' title='bbox 3534 2905 3635 2953; x_wconf 79' lang='grc' dir='ltr'>καὶ</span> <span class='ocrx_word' id='word_1_396' title='bbox 3665 2902 3804 2955; x_wconf 73' lang='grc' dir='ltr'>κατὰ</span> 
     </span>
    </p>
   </div>
   <div class='ocr_carea' id='block_1_57' title="bbox 2201 2989 3805 3061">
    <p class='ocr_par' dir='ltr' id='par_1_57' title="bbox 2201 2989 3805 3061">
     <span class='ocr_line' id='line_1_57' title="bbox 2201 2989 3805 3061; baseline 0.002 -18"><span class='ocrx_word' id='word_1_397' title='bbox 2201 2991 2361 3061; x_wconf 85' lang='grc' dir='ltr'>σῶμα</span> <span class='ocrx_word' id='word_1_398' title='bbox 2394 2990 2649 3043; x_wconf 78' lang='grc' dir='ltr'>πλουτεῖν</span> <span class='ocrx_word' id='word_1_399' title='bbox 2692 2989 3036 3059; x_wconf 82' lang='grc' dir='ltr'>κατεδέχετο.</span> <span class='ocrx_word' id='word_1_400' title='bbox 3080 2990 3281 3043; x_wconf 81' lang='grc' dir='ltr'>Τοῦτον</span> <span class='ocrx_word' id='word_1_401' title='bbox 3311 2996 3421 3061; x_wconf 84' lang='grc' dir='ltr'>γὰρ</span> <span class='ocrx_word' id='word_1_402' title='bbox 3453 2992 3532 3055; x_wconf 83' lang='grc' dir='ltr'>ὡς</span> <span class='ocrx_word' id='word_1_403' title='bbox 3566 2994 3669 3045; x_wconf 81' lang='grc' dir='ltr'>τὸν</span> <span class='ocrx_word' id='word_1_404' title='bbox 3704 3011 3805 3047; x_wconf 77' lang='grc' dir='ltr'>πα-</span> 
     </span>
    </p>
   </div>
   <div class='ocr_carea' id='block_1_58' title="bbox 2199 3080 3801 3152">
    <p class='ocr_par' dir='ltr' id='par_1_58' title="bbox 2199 3080 3801 3152">
     <span class='ocr_line' id='line_1_58' title="bbox 2199 3080 3801 3152; baseline 0 -17"><span class='ocrx_word' id='word_1_405' title='bbox 2199 3082 2348 3135; x_wconf 77' lang='grc' dir='ltr'>λαιὸν</span> <span class='ocrx_word' id='word_1_406' title='bbox 2377 3082 2635 3152; x_wconf 84' lang='grc' dir='ltr'>Σαμουὴλ</span> <span class='ocrx_word' id='word_1_407' title='bbox 2656 3082 2798 3134; x_wconf 72' lang='grc' dir='ltr'>κατὰ</span> <span class='ocrx_word' id='word_1_408' title='bbox 2827 3083 2920 3133; x_wconf 85' lang='grc' dir='ltr'>τὸν</span> <span class='ocrx_word' id='word_1_409' title='bbox 2950 3080 3131 3134; x_wconf 77' lang='grc' dir='ltr'>αὐτῶν</span> <span class='ocrx_word' id='word_1_410' title='bbox 3167 3082 3336 3149; x_wconf 78' lang='grc' dir='ltr'>σηκὸν</span> <span class='ocrx_word' id='word_1_411' title='bbox 3366 3083 3801 3152; x_wconf 57' lang='grc' dir='ltr'>ἀνατρέψοντες,</span> 
     </span>
    </p>
   </div>
   <div class='ocr_carea' id='block_1_59' title="bbox 2202 3171 3803 3246">
    <p class='ocr_par' dir='ltr' id='par_1_59' title="bbox 2202 3171 3803 3246">
     <span class='ocr_line' id='line_1_59' title="bbox 2202 3171 3803 3246; baseline -0.001 -19"><span class='ocrx_word' id='word_1_412' title='bbox 2202 3174 2297 3227; x_wconf 78' lang='grc' dir='ltr'>καὶ</span> <span class='ocrx_word' id='word_1_413' title='bbox 2346 3173 2553 3242; x_wconf 79' lang='grc' dir='ltr'>ἀρετῆς</span> <span class='ocrx_word' id='word_1_414' title='bbox 2607 3173 2947 3242; x_wconf 81' lang='grc' dir='ltr'>πεποιήκασι</span> <span class='ocrx_word' id='word_1_415' title='bbox 3006 3171 3273 3242; x_wconf 85' lang='grc' dir='ltr'>κτήτορα,</span> <span class='ocrx_word' id='word_1_416' title='bbox 3329 3172 3425 3225; x_wconf 68' lang='grc' dir='ltr'>καὶ</span> <span class='ocrx_word' id='word_1_417' title='bbox 3476 3176 3560 3236; x_wconf 79' lang='grc' dir='ltr'><strong>εἰς</strong></span> <span class='ocrx_word' id='word_1_418' title='bbox 3590 3174 3803 3246; x_wconf 75' lang='grc' dir='ltr'>κλῆρον</span> 
     </span>
    </p>
   </div>
   <div class='ocr_carea' id='block_1_60' title="bbox 517 3256 2096 3335">
    <p class='ocr_par' dir='ltr' id='par_1_60' title="bbox 517 3265 2091 3335">
     <span class='ocr_line' id='line_1_60' title="bbox 517 3265 2091 3335; baseline -0.003 -14"><span class='ocrx_word' id='word_1_419' title='bbox 517 3281 701 3321; x_wconf 78' lang='lat' dir='ltr'><strong>Surem</strong></span> <span class='ocrx_word' id='word_1_420' title='bbox 750 3266 1022 3332; x_wconf 81' lang='lat' dir='ltr'><strong>fecerunt,</strong></span> <span class='ocrx_word' id='word_1_421' title='bbox 1080 3274 1136 3320; x_wconf 90' lang='lat' dir='ltr'><strong>et</strong></span> <span class='ocrx_word' id='word_1_422' title='bbox 1168 3265 1228 3320; x_wconf 71' lang='lat' dir='ltr'><strong>in</strong></span> <span class='ocrx_word' id='word_1_423' title='bbox 1277 3265 1485 3320; x_wconf 89' lang='lat' dir='ltr'><strong>clerum</strong></span> <span class='ocrx_word' id='word_1_424' title='bbox 1520 3266 1783 3335; x_wconf 88' lang='lat' dir='ltr'><strong>paulatim</strong></span> <span class='ocrx_word' id='word_1_425' title='bbox 1834 3281 2091 3335; x_wconf 82' lang='lat' dir='ltr'><strong>provexe-</strong></span> 
     </span>
    </p>
   </div>
   <div class='ocr_carea' id='block_1_61' title="bbox 2209 3256 3805 3335">
    <p class='ocr_par' dir='ltr' id='par_1_61' title="bbox 2209 3260 3805 3335">
     <span class='ocr_line' id='line_1_61' title="bbox 2209 3260 3805 3335; baseline 0 -17"><span class='ocrx_word' id='word_1_426' title='bbox 2209 3265 2322 3319; x_wconf 76' lang='grc' dir='ltr'>κατ’</span> <span class='ocrx_word' id='word_1_427' title='bbox 2370 3260 2559 3333; x_wconf 78' lang='grc' dir='ltr'>ὀλίγον</span> <span class='ocrx_word' id='word_1_428' title='bbox 2613 3264 2958 3335; x_wconf 84' lang='grc' dir='ltr'><strong>προήγαγον,</strong></span> <span class='ocrx_word' id='word_1_429' title='bbox 3005 3263 3097 3316; x_wconf 83' lang='grc' dir='ltr'>τὸν</span> <span class='ocrx_word' id='word_1_430' title='bbox 3138 3262 3492 3334; x_wconf 85' lang='grc' dir='ltr'>καταλλήλως</span> <span class='ocrx_word' id='word_1_431' title='bbox 3526 3269 3655 3329; x_wconf 81' lang='grc' dir='ltr'>ταῖς</span> <span class='ocrx_word' id='word_1_432' title='bbox 3691 3269 3805 3334; x_wconf 56' lang='lat' dir='ltr'><strong>ﬁl:-</strong></span> 
     </span>
    </p>
   </div>
   <div class='ocr_carea' id='block_1_62' title="bbox 519 3357 2096 3428">
    <p class='ocr_par' dir='ltr' id='par_1_62' title="bbox 519 3357 2096 3428">
     <span class='ocr_line' id='line_1_62' title="bbox 519 3357 2096 3428; baseline -0.003 -16"><span class='ocrx_word' id='word_1_433' title='bbox 519 3366 670 3419; x_wconf 86' lang='lat' dir='ltr'><strong>runt,</strong></span> <span class='ocrx_word' id='word_1_434' title='bbox 712 3358 807 3428; x_wconf 87' lang='lat' dir='ltr'><strong>qui</strong></span> <span class='ocrx_word' id='word_1_435' title='bbox 857 3357 1253 3413; x_wconf 85' lang='lat' dir='ltr'><strong>convenienter</strong></span> <span class='ocrx_word' id='word_1_436' title='bbox 1291 3358 1346 3413; x_wconf 93' lang='lat' dir='ltr'><strong>in</strong></span> <span class='ocrx_word' id='word_1_437' title='bbox 1392 3358 1625 3426; x_wconf 79' lang='lat' dir='ltr'><strong>singulis</strong></span> <span class='ocrx_word' id='word_1_438' title='bbox 1667 3358 1922 3412; x_wconf 62' lang='lat' dir='ltr'><strong>aetatibus</strong></span> <span class='ocrx_word' id='word_1_439' title='bbox 1964 3372 2096 3411; x_wconf 71' lang='lat' dir='ltr'><strong>con-</strong></span> 
     </span>
    </p>
   </div>
   <div class='ocr_carea' id='block_1_63' title="bbox 516 3450 2094 3521">
    <p class='ocr_par' dir='ltr' id='par_1_63' title="bbox 516 3450 2094 3521">
     <span class='ocr_line' id='line_1_63' title="bbox 516 3450 2094 3521; baseline 0.001 -20"><span class='ocrx_word' id='word_1_440' title='bbox 516 3453 771 3521; x_wconf 75' lang='lat' dir='ltr'><strong>gruebat,</strong></span> <span class='ocrx_word' id='word_1_441' title='bbox 821 3465 1034 3521; x_wconf 88' lang='lat' dir='ltr'><strong>suaque</strong></span> <span class='ocrx_word' id='word_1_442' title='bbox 1083 3451 1309 3521; x_wconf 85' lang='lat' dir='ltr'><strong>dignum</strong></span> <span class='ocrx_word' id='word_1_443' title='bbox 1348 3450 1759 3521; x_wconf 88' lang='lat' dir='ltr'><strong>dispensatione</strong></span> <span class='ocrx_word' id='word_1_444' title='bbox 1819 3451 2094 3516; x_wconf 85' lang='lat' dir='ltr'><strong>fecerunt,</strong></span> 
     </span>
    </p>
   </div>
   <div class='ocr_carea' id='block_1_64' title="bbox 515 3542 2099 3611">
    <p class='ocr_par' dir='ltr' id='par_1_64' title="bbox 515 3542 2099 3611">
     <span class='ocr_line' id='line_1_64' title="bbox 515 3542 2099 3611; baseline -0.001 -13"><span class='ocrx_word' id='word_1_445' title='bbox 515 3559 640 3598; x_wconf 87' lang='lat' dir='ltr'><strong>cmn</strong></span> <span class='ocrx_word' id='word_1_446' title='bbox 694 3548 834 3611; x_wconf 81' lang='lat' dir='ltr'><strong>hanc</strong></span> <span class='ocrx_word' id='word_1_447' title='bbox 879 3543 1155 3599; x_wconf 87' lang='lat' dir='ltr'><strong>moderari</strong></span> <span class='ocrx_word' id='word_1_448' title='bbox 1205 3543 1490 3599; x_wconf 82' lang='lat' dir='ltr'><strong>valuisset.</strong></span> <span class='ocrx_word' id='word_1_449' title='bbox 1529 3543 1688 3599; x_wconf 84' lang='lat' dir='ltr'><strong>Hunc</strong></span> <span class='ocrx_word' id='word_1_450' title='bbox 1736 3559 1764 3597; x_wconf 87' lang='lat' dir='ltr'><strong>a</strong></span> <span class='ocrx_word' id='word_1_451' title='bbox 1803 3556 1975 3597; x_wconf 85' lang='lat' dir='ltr'><strong>morte</strong></span> <span class='ocrx_word' id='word_1_452' title='bbox 2013 3542 2099 3597; x_wconf 89' lang='lat' dir='ltr'><strong>bis</strong></span> 
     </span>
    </p>
   </div>
   <div class='ocr_carea' id='block_1_65' title="bbox 517 3634 2093 3708">
    <p class='ocr_par' dir='ltr' id='par_1_65' title="bbox 517 3634 2093 3708">
     <span class='ocr_line' id='line_1_65' title="bbox 517 3634 2093 3708; baseline 0 -19"><span class='ocrx_word' id='word_1_453' title='bbox 517 3636 910 3702; x_wconf 84' lang='lat' dir='ltr'><strong>liberaverunt,</strong></span> <span class='ocrx_word' id='word_1_454' title='bbox 937 3647 1290 3708; x_wconf 81' lang='lat' dir='ltr'><strong>augmentum</strong></span> <span class='ocrx_word' id='word_1_455' title='bbox 1317 3635 1533 3690; x_wconf 91' lang='lat' dir='ltr'><strong>dierum</strong></span> <span class='ocrx_word' id='word_1_456' title='bbox 1566 3644 1619 3690; x_wconf 94' lang='lat' dir='ltr'><strong>et</strong></span> <span class='ocrx_word' id='word_1_457' title='bbox 1644 3637 1767 3689; x_wconf 73' lang='lat' dir='ltr'><strong>vita:</strong></span> <span class='ocrx_word' id='word_1_458' title='bbox 1798 3634 2093 3689; x_wconf 88' lang='lat' dir='ltr'><strong>donantes.</strong></span> 
     </span>
    </p>
   </div>
   <div class='ocr_carea' id='block_1_66' title="bbox 587 3728 2096 3800">
    <p class='ocr_par' dir='ltr' id='par_1_66' title="bbox 587 3728 2096 3800">
     <span class='ocr_line' id='line_1_66' title="bbox 587 3728 2096 3800; baseline 0 -18"><span class='ocrx_word' id='word_1_459' title='bbox 587 3729 902 3785; x_wconf 83' lang='lat' dir='ltr'><strong>Pestilentia</strong></span> <span class='ocrx_word' id='word_1_460' title='bbox 946 3738 1086 3792; x_wconf 90' lang='lat' dir='ltr'><strong>erat,</strong></span> <span class='ocrx_word' id='word_1_461' title='bbox 1136 3739 1193 3785; x_wconf 89' lang='lat' dir='ltr'><strong>et</strong></span> <span class='ocrx_word' id='word_1_462' title='bbox 1233 3730 1325 3800; x_wconf 89' lang='lat' dir='ltr'><strong>qui</strong></span> <span class='ocrx_word' id='word_1_463' title='bbox 1359 3739 1491 3783; x_wconf 91' lang='lat' dir='ltr'><strong>tune</strong></span> <span class='ocrx_word' id='word_1_464' title='bbox 1533 3729 1890 3797; x_wconf 73' lang='lat' dir='ltr'><strong>aegrotabant,</strong></span> <span class='ocrx_word' id='word_1_465' title='bbox 1942 3728 2096 3798; x_wconf 88' lang='lat' dir='ltr'><strong>prius</strong></span> 
     </span>
    </p>
   </div>
   <div class='ocr_carea' id='block_1_67' title="bbox 515 3816 2092 3890">
    <p class='ocr_par' dir='ltr' id='par_1_67' title="bbox 515 3816 2092 3890">
     <span class='ocr_line' id='line_1_67' title="bbox 515 3816 2092 3890; baseline -0.003 -17"><span class='ocrx_word' id='word_1_466' title='bbox 515 3837 681 3890; x_wconf 89' lang='lat' dir='ltr'><strong>quam</strong></span> <span class='ocrx_word' id='word_1_467' title='bbox 731 3821 962 3890; x_wconf 88' lang='lat' dir='ltr'><strong>languor</strong></span> <span class='ocrx_word' id='word_1_468' title='bbox 1011 3828 1357 3883; x_wconf 84' lang='lat' dir='ltr'><strong>nosceretur,</strong></span> <span class='ocrx_word' id='word_1_469' title='bbox 1392 3818 1793 3873; x_wconf 86' lang='lat' dir='ltr'><strong>moriebantur.</strong></span> <span class='ocrx_word' id='word_1_470' title='bbox 1828 3816 2092 3888; x_wconf 63' lang='lat' dir='ltr'><strong>IEgrota-</strong></span> 
     </span>
    </p>
   </div>
   <div class='ocr_carea' id='block_1_68' title="bbox 516 3907 2097 3982">
    <p class='ocr_par' dir='ltr' id='par_1_68' title="bbox 516 3907 2097 3982">
     <span class='ocr_line' id='line_1_68' title="bbox 516 3907 2097 3982; baseline -0.004 -15"><span class='ocrx_word' id='word_1_471' title='bbox 516 3913 596 3967; x_wconf 83' lang='lat' dir='ltr'><strong>vit</strong></span> <span class='ocrx_word' id='word_1_472' title='bbox 628 3912 789 3966; x_wconf 89' lang='lat' dir='ltr'><strong>etiam</strong></span> <span class='ocrx_word' id='word_1_473' title='bbox 823 3911 1112 3982; x_wconf 87' lang='lat' dir='ltr'><strong>Georgius,</strong></span> <span class='ocrx_word' id='word_1_474' title='bbox 1139 3918 1196 3964; x_wconf 86' lang='lat' dir='ltr'><strong>et</strong></span> <span class='ocrx_word' id='word_1_475' title='bbox 1227 3909 1458 3980; x_wconf 83' lang='lat' dir='ltr'><strong>expletis</strong></span> <span class='ocrx_word' id='word_1_476' title='bbox 1491 3907 1740 3962; x_wconf 89' lang='lat' dir='ltr'><strong>terminis</strong></span> <span class='ocrx_word' id='word_1_477' title='bbox 1778 3907 1922 3969; x_wconf 84' lang='lat' dir='ltr'><strong>vitae,</strong></span> <span class='ocrx_word' id='word_1_478' title='bbox 1955 3922 2097 3977; x_wconf 71' lang='lat' dir='ltr'><strong>pra:-</strong></span> 
     </span>
    </p>
   </div>
   <div class='ocr_carea' id='block_1_69' title="bbox 517 3999 2095 4072">
    <p class='ocr_par' dir='ltr' id='par_1_69' title="bbox 517 3999 2095 4072">
     <span class='ocr_line' id='line_1_69' title="bbox 517 3999 2095 4072; baseline -0.003 -13"><span class='ocrx_word' id='word_1_479' title='bbox 517 4013 726 4059; x_wconf 78' lang='lat' dir='ltr'><strong>seutem</strong></span> <span class='ocrx_word' id='word_1_480' title='bbox 776 4004 912 4059; x_wconf 87' lang='lat' dir='ltr'><strong>obiit</strong></span> <span class='ocrx_word' id='word_1_481' title='bbox 963 4004 1157 4067; x_wconf 87' lang='lat' dir='ltr'><strong>vitam,</strong></span> <span class='ocrx_word' id='word_1_482' title='bbox 1197 4002 1458 4072; x_wconf 80' lang='lat' dir='ltr'><strong>videtque</strong></span> <span class='ocrx_word' id='word_1_483' title='bbox 1506 4000 1730 4068; x_wconf 85' lang='lat' dir='ltr'><strong>angelos</strong></span> <span class='ocrx_word' id='word_1_484' title='bbox 1758 3999 2095 4069; x_wconf 87' lang='lat' dir='ltr'><strong>accipientes</strong></span> 
     </span>
    </p>
   </div>
   <div class='ocr_carea' id='block_1_70' title="bbox 518 4089 2097 4166">
    <p class='ocr_par' dir='ltr' id='par_1_70' title="bbox 518 4089 2097 4166">
     <span class='ocr_line' id='line_1_70' title="bbox 518 4089 2097 4166; baseline -0.006 -13"><span class='ocrx_word' id='word_1_485' title='bbox 518 4113 580 4153; x_wconf 71' lang='lat' dir='ltr'><strong>se</strong></span> <span class='ocrx_word' id='word_1_486' title='bbox 611 4105 666 4151; x_wconf 88' lang='lat' dir='ltr'><strong>et</strong></span> <span class='ocrx_word' id='word_1_487' title='bbox 693 4096 1051 4164; x_wconf 89' lang='lat' dir='ltr'><strong>deducentes,</strong></span> <span class='ocrx_word' id='word_1_488' title='bbox 1087 4102 1142 4149; x_wconf 86' lang='lat' dir='ltr'><strong>et</strong></span> <span class='ocrx_word' id='word_1_489' title='bbox 1171 4092 1376 4166; x_wconf 80' lang='lat' dir='ltr'><strong>Cyrum</strong></span> <span class='ocrx_word' id='word_1_490' title='bbox 1401 4094 1482 4147; x_wconf 90' lang='lat' dir='ltr'><strong>eis</strong></span> <span class='ocrx_word' id='word_1_491' title='bbox 1506 4100 1562 4147; x_wconf 92' lang='lat' dir='ltr'><strong>et</strong></span> <span class='ocrx_word' id='word_1_492' title='bbox 1591 4089 1862 4145; x_wconf 80' lang='lat' dir='ltr'><strong>Joannem</strong></span> <span class='ocrx_word' id='word_1_493' title='bbox 1890 4098 2097 4160; x_wconf 70' lang='lat' dir='ltr'><strong>marty-</strong></span> 
     </span>
    </p>
   </div>
   <div class='ocr_carea' id='block_1_71' title="bbox 518 4180 2095 4251">
    <p class='ocr_par' dir='ltr' id='par_1_71' title="bbox 518 4180 2095 4251">
     <span class='ocr_line' id='line_1_71' title="bbox 518 4180 2095 4251; baseline -0.003 -14"><span class='ocrx_word' id='word_1_494' title='bbox 518 4200 608 4238; x_wconf 86' lang='lat' dir='ltr'><strong>res</strong></span> <span class='ocrx_word' id='word_1_495' title='bbox 635 4193 1012 4249; x_wconf 87' lang='lat' dir='ltr'><strong>occurrentes,</strong></span> <span class='ocrx_word' id='word_1_496' title='bbox 1043 4191 1099 4237; x_wconf 88' lang='lat' dir='ltr'><strong>et</strong></span> <span class='ocrx_word' id='word_1_497' title='bbox 1127 4182 1321 4237; x_wconf 89' lang='lat' dir='ltr'><strong>donari</strong></span> <span class='ocrx_word' id='word_1_498' title='bbox 1353 4180 1458 4237; x_wconf 90' lang='lat' dir='ltr'><strong>sibi</strong></span> <span class='ocrx_word' id='word_1_499' title='bbox 1499 4180 1879 4251; x_wconf 86' lang='lat' dir='ltr'><strong>presbyterum</strong></span> <span class='ocrx_word' id='word_1_500' title='bbox 1921 4180 2095 4233; x_wconf 78' lang='lat' dir='ltr'><strong>inter-</strong></span> 
     </span>
    </p>
   </div>
   <div class='ocr_carea' id='block_1_72' title="bbox 514 4262 2097 4342">
    <p class='ocr_par' dir='ltr' id='par_1_72' title="bbox 514 4262 2097 4342">
     <span class='ocr_line' id='line_1_72' title="bbox 514 4262 2097 4342; baseline -0.005 -13"><span class='ocrx_word' id='word_1_501' title='bbox 514 4276 800 4341; x_wconf 81' lang='lat' dir='ltr'><strong>cedentes,</strong></span> <span class='ocrx_word' id='word_1_502' title='bbox 827 4273 975 4342; x_wconf 84' lang='lat' dir='ltr'><strong>quod</strong></span> <span class='ocrx_word' id='word_1_503' title='bbox 1008 4288 1072 4328; x_wconf 90' lang='lat' dir='ltr'><strong>se</strong></span> <span class='ocrx_word' id='word_1_504' title='bbox 1117 4262 1453 4327; x_wconf 71' lang='lat' dir='ltr'><strong>facere&#39;non</strong></span> <span class='ocrx_word' id='word_1_505' title='bbox 1508 4284 1672 4341; x_wconf 89' lang='lat' dir='ltr'><strong>posse</strong></span> <span class='ocrx_word' id='word_1_506' title='bbox 1708 4268 1939 4321; x_wconf 86' lang='lat' dir='ltr'><strong>virtutes</strong></span> <span class='ocrx_word' id='word_1_507' title='bbox 1991 4267 2097 4321; x_wconf 83' lang='lat' dir='ltr'><strong>illae</strong></span> 
     </span>
    </p>
   </div>
   <div class='ocr_carea' id='block_1_73' title="bbox 514 4359 2092 4432">
    <p class='ocr_par' dir='ltr' id='par_1_73' title="bbox 514 4359 2092 4432">
     <span class='ocr_line' id='line_1_73' title="bbox 514 4359 2092 4432; baseline -0.005 -11"><span class='ocrx_word' id='word_1_508' title='bbox 514 4368 797 4432; x_wconf 86' lang='lat' dir='ltr'><strong>dicebant,</strong></span> <span class='ocrx_word' id='word_1_509' title='bbox 832 4365 1032 4421; x_wconf 73' lang='lat' dir='ltr'><strong>divina:</strong></span> <span class='ocrx_word' id='word_1_510' title='bbox 1059 4363 1336 4420; x_wconf 85' lang='lat' dir='ltr'><strong>sanctioni</strong></span> <span class='ocrx_word' id='word_1_511' title='bbox 1378 4377 1534 4416; x_wconf 88' lang='lat' dir='ltr'><strong>more</strong></span> <span class='ocrx_word' id='word_1_512' title='bbox 1564 4361 1727 4416; x_wconf 92' lang='lat' dir='ltr'><strong>solito</strong></span> <span class='ocrx_word' id='word_1_513' title='bbox 1756 4359 2092 4426; x_wconf 82' lang='lat' dir='ltr'><strong>servientes;</strong></span> 
     </span>
    </p>
   </div>
   <div class='ocr_carea' id='block_1_74' title="bbox 514 4453 2092 4526">
    <p class='ocr_par' dir='ltr' id='par_1_74' title="bbox 514 4453 2092 4526">
     <span class='ocr_line' id='line_1_74' title="bbox 514 4453 2092 4526; baseline -0.004 -15"><span class='ocrx_word' id='word_1_514' title='bbox 514 4467 841 4526; x_wconf 74' lang='lat' dir='ltr'><strong>exspectare</strong></span> <span class='ocrx_word' id='word_1_515' title='bbox 869 4464 1052 4512; x_wconf 89' lang='lat' dir='ltr'><strong>autem</strong></span> <span class='ocrx_word' id='word_1_516' title='bbox 1090 4456 1289 4510; x_wconf 82' lang='lat' dir='ltr'><strong>factam</strong></span> <span class='ocrx_word' id='word_1_517' title='bbox 1321 4455 1390 4510; x_wconf 85' lang='lat' dir='ltr'><strong>ad</strong></span> <span class='ocrx_word' id='word_1_518' title='bbox 1431 4453 1598 4508; x_wconf 84' lang='lat' dir='ltr'><strong>Deum</strong></span> <span class='ocrx_word' id='word_1_519' title='bbox 1636 4453 2092 4522; x_wconf 83' lang='lat' dir='ltr'><strong>supplicationem</strong></span> 
     </span>
    </p>
   </div>
   <div class='ocr_carea' id='block_1_75' title="bbox 516 4532 2094 4618">
    <p class='ocr_par' dir='ltr' id='par_1_75' title="bbox 516 4532 2094 4618">
     <span class='ocr_line' id='line_1_75' title="bbox 516 4532 2094 4618; baseline -0.005 -12"><span class='ocrx_word' id='word_1_520' title='bbox 516 4532 734 4614; x_wconf 83' lang='lat' dir='ltr'><strong>eorum,</strong></span> <span class='ocrx_word' id='word_1_521' title='bbox 764 4559 820 4605; x_wconf 88' lang='lat' dir='ltr'><strong>et</strong></span> <span class='ocrx_word' id='word_1_522' title='bbox 858 4550 1094 4604; x_wconf 88' lang='lat' dir='ltr'><strong>alterum</strong></span> <span class='ocrx_word' id='word_1_523' title='bbox 1137 4548 1259 4618; x_wconf 88' lang='lat' dir='ltr'><strong>ejus</strong></span> <span class='ocrx_word' id='word_1_524' title='bbox 1300 4545 1605 4617; x_wconf 68' lang='lat' dir='ltr'><strong>praestolari</strong></span> <span class='ocrx_word' id='word_1_525' title='bbox 1642 4552 1973 4616; x_wconf 79' lang='lat' dir='ltr'><strong>praeceptum</strong></span> <span class='ocrx_word' id='word_1_526' title='bbox 2013 4543 2094 4598; x_wconf 88' lang='lat' dir='ltr'><strong>fe-</strong></span> 
     </span>
    </p>
   </div>
   <div class='ocr_carea' id='block_1_76' title="bbox 520 4619 2096 4715">
    <p class='ocr_par' dir='ltr' id='par_1_76' title="bbox 520 4641 2096 4714">
     <span class='ocr_line' id='line_1_76' title="bbox 520 4641 2096 4714; baseline -0.008 -15"><span class='ocrx_word' id='word_1_527' title='bbox 520 4643 738 4699; x_wconf 78' lang='lat' dir='ltr'><strong>rebant.</strong></span> <span class='ocrx_word' id='word_1_528' title='bbox 770 4644 887 4699; x_wconf 85' lang='lat' dir='ltr'><strong>Hac</strong></span> <span class='ocrx_word' id='word_1_529' title='bbox 924 4652 1194 4714; x_wconf 85' lang='lat' dir='ltr'><strong>martyres</strong></span> <span class='ocrx_word' id='word_1_530' title='bbox 1239 4641 1608 4713; x_wconf 82' lang='lat' dir='ltr'><strong>responsione</strong></span> <span class='ocrx_word' id='word_1_531' title='bbox 1638 4647 1885 4709; x_wconf 84' lang='lat' dir='ltr'><strong>accepta,</strong></span> <span class='ocrx_word' id='word_1_532' title='bbox 1924 4644 2096 4691; x_wconf 88' lang='lat' dir='ltr'><strong>verte-</strong></span> 
     </span>
    </p>
   </div>
   <div class='ocr_carea' id='block_1_77' title="bbox 2209 4619 3807 4715">
    <p class='ocr_par' dir='ltr' id='par_1_77' title="bbox 2209 4619 3807 4715">
     <span class='ocr_line' id='line_1_77' title="bbox 2209 4619 3807 4715; baseline 0 -18"><span class='ocrx_word' id='word_1_533' title='bbox 2209 4662 2307 4714; x_wconf 85' lang='grc' dir='ltr'>ραν</span> <span class='ocrx_word' id='word_1_534' title='bbox 2339 4619 2924 4715; x_wconf 25' lang='grc' dir='ltr'>αὐτούνπροσδέχεσθαι</span> <span class='ocrx_word' id='word_1_535' title='bbox 2968 4619 3499 4714; x_wconf 22' lang='grc' dir='ltr'>κέλευσιννίταύτην</span> <span class='ocrx_word' id='word_1_536' title='bbox 3544 4628 3807 4715; x_wconf 61' lang='grc' dir='ltr'>λαϐόντεςξ</span> 
     </span>
    </p>
   </div>
   <div class='ocr_carea' id='block_1_78' title="bbox 524 4725 2097 4803">
    <p class='ocr_par' dir='ltr' id='par_1_78' title="bbox 524 4725 2097 4803">
     <span class='ocr_line' id='line_1_78' title="bbox 524 4725 2097 4803; baseline -0.006 -15"><span class='ocrx_word' id='word_1_537' title='bbox 524 4736 724 4789; x_wconf 87' lang='lat' dir='ltr'><strong>bantur</strong></span> <span class='ocrx_word' id='word_1_538' title='bbox 766 4734 833 4789; x_wconf 79' lang='lat' dir='ltr'><strong>ad</strong></span> <span class='ocrx_word' id='word_1_539' title='bbox 865 4749 1079 4803; x_wconf 89' lang='lat' dir='ltr'><strong>preces,</strong></span> <span class='ocrx_word' id='word_1_540' title='bbox 1108 4732 1177 4787; x_wconf 91' lang='lat' dir='ltr'><strong>ad</strong></span> <span class='ocrx_word' id='word_1_541' title='bbox 1221 4731 1505 4794; x_wconf 85' lang='lat' dir='ltr'><strong>Deumque</strong></span> <span class='ocrx_word' id='word_1_542' title='bbox 1549 4729 1783 4799; x_wconf 83' lang='lat' dir='ltr'><strong>genilms</strong></span> <span class='ocrx_word' id='word_1_543' title='bbox 1818 4725 1971 4782; x_wconf 82' lang='lat' dir='ltr'><strong>ﬂexis</strong></span> <span class='ocrx_word' id='word_1_544' title='bbox 2002 4725 2097 4780; x_wconf 81' lang='lat' dir='ltr'><strong>du-</strong></span> 
     </span>
    </p>
   </div>
   <div class='ocr_carea' id='block_1_79' title="bbox 520 4820 2103 4895">
    <p class='ocr_par' dir='ltr' id='par_1_79' title="bbox 520 4820 2103 4895">
     <span class='ocr_line' id='line_1_79' title="bbox 520 4820 2103 4895; baseline -0.005 -15"><span class='ocrx_word' id='word_1_545' title='bbox 520 4829 641 4880; x_wconf 83' lang='lat' dir='ltr'><strong>nari</strong></span> <span class='ocrx_word' id='word_1_546' title='bbox 674 4827 779 4882; x_wconf 92' lang='lat' dir='ltr'><strong>sibi</strong></span> <span class='ocrx_word' id='word_1_547' title='bbox 824 4823 1092 4882; x_wconf 82' lang='lat' dir='ltr'><strong>cultorem</strong></span> <span class='ocrx_word' id='word_1_548' title='bbox 1139 4825 1599 4895; x_wconf 86' lang='lat' dir='ltr'><strong>deprecabantur.</strong></span> <span class='ocrx_word' id='word_1_549' title='bbox 1648 4822 1716 4876; x_wconf 88' lang='lat' dir='ltr'><strong>Et</strong></span> <span class='ocrx_word' id='word_1_550' title='bbox 1748 4821 1853 4875; x_wconf 89' lang='lat' dir='ltr'><strong>hoc</strong></span> <span class='ocrx_word' id='word_1_551' title='bbox 1899 4820 2103 4874; x_wconf 85' lang='lat' dir='ltr'><strong>facien-</strong></span> 
     </span>
    </p>
   </div>
   <div class='ocr_carea' id='block_1_80' title="bbox 521 4911 2104 4984">
    <p class='ocr_par' dir='ltr' id='par_1_80' title="bbox 521 4911 2104 4984">
     <span class='ocr_line' id='line_1_80' title="bbox 521 4911 2104 4984; baseline -0.004 -11"><span class='ocrx_word' id='word_1_552' title='bbox 521 4920 695 4982; x_wconf 60' lang='lat' dir='ltr'><strong>tbus,</strong></span> <span class='ocrx_word' id='word_1_553' title='bbox 727 4933 757 4973; x_wconf 89' lang='lat' dir='ltr'><strong>e</strong></span> <span class='ocrx_word' id='word_1_554' title='bbox 785 4918 927 4973; x_wconf 59' lang='lat' dir='ltr'><strong>coelo</strong></span> <span class='ocrx_word' id='word_1_555' title='bbox 973 4933 1075 4972; x_wconf 76' lang='lat' dir='ltr'><strong>vox</strong></span> <span class='ocrx_word' id='word_1_556' title='bbox 1126 4917 1403 4973; x_wconf 80' lang='lat' dir='ltr'><strong>ferebatur</strong></span> <span class='ocrx_word' id='word_1_557' title='bbox 1444 4919 1727 4979; x_wconf 87' lang='lat' dir='ltr'><strong>deorsum,</strong></span> <span class='ocrx_word' id='word_1_558' title='bbox 1769 4911 2104 4984; x_wconf 87' lang='lat' dir='ltr'><strong>martyribus</strong></span> 
     </span>
    </p>
   </div>
   <div class='ocr_carea' id='block_1_81' title="bbox 527 5008 2108 5081">
    <p class='ocr_par' dir='ltr' id='par_1_81' title="bbox 527 5008 2108 5081">
     <span class='ocr_line' id='line_1_81' title="bbox 527 5008 2108 5081; baseline -0.001 -19"><span class='ocrx_word' id='word_1_559' title='bbox 527 5011 907 5081; x_wconf 83' lang='lat' dir='ltr'><strong>presbyterum</strong></span> <span class='ocrx_word' id='word_1_560' title='bbox 956 5009 1078 5064; x_wconf 91' lang='lat' dir='ltr'><strong>dari</strong></span> <span class='ocrx_word' id='word_1_561' title='bbox 1126 5010 1473 5081; x_wconf 65' lang='lat' dir='ltr'><strong>praecipiens,</strong></span> <span class='ocrx_word' id='word_1_562' title='bbox 1529 5017 1585 5063; x_wconf 89' lang='lat' dir='ltr'><strong>et</strong></span> <span class='ocrx_word' id='word_1_563' title='bbox 1622 5010 1784 5062; x_wconf 89' lang='lat' dir='ltr'><strong>annis</strong></span> <span class='ocrx_word' id='word_1_564' title='bbox 1835 5008 1892 5061; x_wconf 88' lang='lat' dir='ltr'><strong>in</strong></span> <span class='ocrx_word' id='word_1_565' title='bbox 1941 5022 2108 5062; x_wconf 86' lang='lat' dir='ltr'><strong>carne</strong></span> 
     </span>
    </p>
   </div>
   <div class='ocr_carea' id='block_1_82' title="bbox 526 5100 2107 5173">
    <p class='ocr_par' dir='ltr' id='par_1_82' title="bbox 526 5100 2107 5173">
     <span class='ocr_line' id='line_1_82' title="bbox 526 5100 2107 5173; baseline -0.001 -19"><span class='ocrx_word' id='word_1_566' title='bbox 526 5104 713 5158; x_wconf 87' lang='lat' dir='ltr'><strong>vivere</strong></span> <span class='ocrx_word' id='word_1_567' title='bbox 734 5103 926 5173; x_wconf 84' lang='lat' dir='ltr'><strong>viginti</strong></span> <span class='ocrx_word' id='word_1_568' title='bbox 961 5101 1253 5158; x_wconf 82' lang='lat' dir='ltr'><strong>definiens.</strong></span> <span class='ocrx_word' id='word_1_569' title='bbox 1288 5102 1352 5157; x_wconf 82' lang='lat' dir='ltr'><strong>Et</strong></span> <span class='ocrx_word' id='word_1_570' title='bbox 1377 5103 1459 5158; x_wconf 85' lang='lat' dir='ltr'><strong>sic</strong></span> <span class='ocrx_word' id='word_1_571' title='bbox 1484 5101 1708 5173; x_wconf 89' lang='lat' dir='ltr'><strong>quidem</strong></span> <span class='ocrx_word' id='word_1_572' title='bbox 1745 5101 1849 5157; x_wconf 90' lang='lat' dir='ltr'><strong>iste</strong></span> <span class='ocrx_word' id='word_1_573' title='bbox 1880 5100 2107 5154; x_wconf 85' lang='lat' dir='ltr'><strong>mirabi-</strong></span> 
     </span>
    </p>
   </div>
   <div class='ocr_carea' id='block_1_83' title="bbox 526 5194 2106 5272">
    <p class='ocr_par' dir='ltr' id='par_1_83' title="bbox 526 5194 2106 5272">
     <span class='ocr_line' id='line_1_83' title="bbox 526 5194 2106 5272; baseline -0.002 -24"><span class='ocrx_word' id='word_1_574' title='bbox 526 5195 650 5250; x_wconf 85' lang='lat' dir='ltr'><strong>liter</strong></span> <span class='ocrx_word' id='word_1_575' title='bbox 679 5206 907 5250; x_wconf 86' lang='lat' dir='ltr'><strong>mortcm</strong></span> <span class='ocrx_word' id='word_1_576' title='bbox 947 5211 1070 5266; x_wconf 84' lang='lat' dir='ltr'><strong>quae</strong></span> <span class='ocrx_word' id='word_1_577' title='bbox 1111 5207 1245 5272; x_wconf 78' lang='lat' dir='ltr'><strong>tunc</strong></span> <span class='ocrx_word' id='word_1_578' title='bbox 1288 5196 1519 5265; x_wconf 85' lang='lat' dir='ltr'><strong>urgebat</strong></span> <span class='ocrx_word' id='word_1_579' title='bbox 1554 5194 1749 5259; x_wconf 86' lang='lat' dir='ltr'><strong>evasit,</strong></span> <span class='ocrx_word' id='word_1_580' title='bbox 1783 5194 1906 5264; x_wconf 88' lang='lat' dir='ltr'><strong>plus</strong></span> <span class='ocrx_word' id='word_1_581' title='bbox 1942 5207 2106 5262; x_wconf 84' lang='lat' dir='ltr'><strong>quam</strong></span> 
     </span>
    </p>
   </div>
   <div class='ocr_carea' id='block_1_84' title="bbox 527 5284 2109 5357">
    <p class='ocr_par' dir='ltr' id='par_1_84' title="bbox 527 5284 2109 5357">
     <span class='ocr_line' id='line_1_84' title="bbox 527 5284 2109 5357; baseline -0.003 -15"><span class='ocrx_word' id='word_1_582' title='bbox 527 5287 795 5342; x_wconf 75' lang='lat' dir='ltr'><strong>Ezechias</strong></span> <span class='ocrx_word' id='word_1_583' title='bbox 833 5288 960 5341; x_wconf 68' lang='lat' dir='ltr'><strong>vitae</strong></span> <span class='ocrx_word' id='word_1_584' title='bbox 1015 5302 1193 5344; x_wconf 87' lang='lat' dir='ltr'><strong>annos</strong></span> <span class='ocrx_word' id='word_1_585' title='bbox 1244 5288 1491 5357; x_wconf 88' lang='lat' dir='ltr'><strong>quinque</strong></span> <span class='ocrx_word' id='word_1_586' title='bbox 1549 5286 1883 5357; x_wconf 88' lang='lat' dir='ltr'><strong>percipiens,</strong></span> <span class='ocrx_word' id='word_1_587' title='bbox 1924 5284 2109 5339; x_wconf 89' lang='lat' dir='ltr'><strong>studio</strong></span> 
     </span>
    </p>
   </div>
   <div class='ocr_carea' id='block_1_85' title="bbox 529 5375 2107 5451">
    <p class='ocr_par' dir='ltr' id='par_1_85' title="bbox 529 5375 2107 5451">
     <span class='ocr_line' id='line_1_85' title="bbox 529 5375 2107 5451; baseline -0.002 -18"><span class='ocrx_word' id='word_1_588' title='bbox 529 5388 833 5451; x_wconf 75' lang='lat' dir='ltr'><strong>martyrum</strong></span> <span class='ocrx_word' id='word_1_589' title='bbox 885 5379 1140 5450; x_wconf 85' lang='lat' dir='ltr'><strong>donoque</strong></span> <span class='ocrx_word' id='word_1_590' title='bbox 1194 5380 1401 5436; x_wconf 89' lang='lat' dir='ltr'><strong>divino.</strong></span> <span class='ocrx_word' id='word_1_591' title='bbox 1448 5380 1582 5436; x_wconf 79' lang='lat' dir='ltr'><strong>Cum</strong></span> <span class='ocrx_word' id='word_1_592' title='bbox 1609 5386 1792 5434; x_wconf 85' lang='lat' dir='ltr'><strong>autem</strong></span> <span class='ocrx_word' id='word_1_593' title='bbox 1822 5375 2107 5431; x_wconf 87' lang='lat' dir='ltr'><strong>viccnnale</strong></span> 
     </span>
    </p>
   </div>
   <div class='ocr_carea' id='block_1_86' title="bbox 2205 3355 3801 3429">
    <p class='ocr_par' dir='ltr' id='par_1_86' title="bbox 2205 3355 3801 3429">
     <span class='ocr_line' id='line_1_86' title="bbox 2205 3355 3801 3429; baseline -0.001 -18"><span class='ocrx_word' id='word_1_594' title='bbox 2205 3358 2352 3421; x_wconf 86' lang='grc' dir='ltr'>κίαις</span> <span class='ocrx_word' id='word_1_595' title='bbox 2383 3356 2699 3429; x_wconf 77' lang='grc' dir='ltr'>ἁρμόζοντα</span> <span class='ocrx_word' id='word_1_596' title='bbox 2723 3372 2738 3386; x_wconf 82' lang='lat'><strong><em>°</em></strong></span> <span class='ocrx_word' id='word_1_597' title='bbox 2768 3356 2863 3409; x_wconf 71' lang='grc' dir='ltr'><strong>καὶ</strong></span> <span class='ocrx_word' id='word_1_598' title='bbox 2900 3355 3000 3425; x_wconf 82' lang='grc' dir='ltr'>τῆς</span> <span class='ocrx_word' id='word_1_599' title='bbox 3054 3355 3237 3408; x_wconf 80' lang='grc' dir='ltr'>αὐτῶν</span> <span class='ocrx_word' id='word_1_600' title='bbox 3279 3358 3599 3424; x_wconf 80' lang='grc' dir='ltr'>οἰκονομίας</span> <span class='ocrx_word' id='word_1_601' title='bbox 3637 3360 3801 3426; x_wconf 74' lang='grc' dir='ltr'>ἠξίω-</span> 
     </span>
    </p>
   </div>
   <div class='ocr_carea' id='block_1_87' title="bbox 2205 3445 3799 3518">
    <p class='ocr_par' dir='ltr' id='par_1_87' title="bbox 2205 3445 3799 3518">
     <span class='ocr_line' id='line_1_87' title="bbox 2205 3445 3799 3518; baseline 0.001 -16"><span class='ocrx_word' id='word_1_602' title='bbox 2205 3467 2328 3515; x_wconf 86' lang='grc' dir='ltr'>σαν,</span> <span class='ocrx_word' id='word_1_603' title='bbox 2376 3449 2465 3501; x_wconf 84' lang='grc' dir='ltr'>ὅτε</span> <span class='ocrx_word' id='word_1_604' title='bbox 2518 3446 2726 3518; x_wconf 86' lang='grc' dir='ltr'>ταύτην</span> <span class='ocrx_word' id='word_1_605' title='bbox 2783 3446 2994 3500; x_wconf 81' lang='grc' dir='ltr'>διέπειν</span> <span class='ocrx_word' id='word_1_606' title='bbox 3035 3445 3291 3515; x_wconf 73' lang='grc' dir='ltr'>ἠδύνατο.</span> <span class='ocrx_word' id='word_1_607' title='bbox 3338 3447 3511 3501; x_wconf 78' lang='grc' dir='ltr'>Τοῦτο</span> <span class='ocrx_word' id='word_1_608' title='bbox 3560 3448 3799 3503; x_wconf 76' lang='grc' dir='ltr'>θανάτου</span> 
     </span>
    </p>
   </div>
   <div class='ocr_carea' id='block_1_88' title="bbox 2203 3537 3797 3612">
    <p class='ocr_par' dir='ltr' id='par_1_88' title="bbox 2203 3537 3797 3612">
     <span class='ocr_line' id='line_1_88' title="bbox 2203 3537 3797 3612; baseline -0.001 -18"><span class='ocrx_word' id='word_1_609' title='bbox 2203 3542 2284 3605; x_wconf 67' lang='grc' dir='ltr'><strong>δὶς</strong></span> <span class='ocrx_word' id='word_1_610' title='bbox 2327 3539 2729 3612; x_wconf 79' lang='grc' dir='ltr'>ὲλυτρὼσαντο,</span> <span class='ocrx_word' id='word_1_611' title='bbox 2767 3538 3089 3609; x_wconf 78' lang='grc' dir='ltr'>προσθήκην</span> <span class='ocrx_word' id='word_1_612' title='bbox 3147 3537 3286 3591; x_wconf 81' lang='grc' dir='ltr'>ἑτῶν</span> <span class='ocrx_word' id='word_1_613' title='bbox 3317 3539 3413 3591; x_wconf 77' lang='grc' dir='ltr'>καὶ</span> <span class='ocrx_word' id='word_1_614' title='bbox 3449 3538 3599 3609; x_wconf 78' lang='grc' dir='ltr'>ζωῆς</span> <span class='ocrx_word' id='word_1_615' title='bbox 3635 3558 3797 3610; x_wconf 77' lang='grc' dir='ltr'>χαρι-</span> 
     </span>
    </p>
   </div>
   <div class='ocr_carea' id='block_1_89' title="bbox 2207 3631 2456 3703">
    <p class='ocr_par' dir='ltr' id='par_1_89' title="bbox 2207 3631 2456 3703">
     <span class='ocr_line' id='line_1_89' title="bbox 2207 3631 2456 3703; baseline -0.004 -17"><span class='ocrx_word' id='word_1_616' title='bbox 2207 3631 2456 3703; x_wconf 84' lang='grc' dir='ltr'>σάμενοι.</span> 
     </span>
    </p>
   </div>
   <div class='ocr_carea' id='block_1_90' title="bbox 2273 3715 3792 3794">
    <p class='ocr_par' dir='ltr' id='par_1_90' title="bbox 2273 3715 3792 3794">
     <span class='ocr_line' id='line_1_90' title="bbox 2273 3715 3792 3794; baseline -0.003 -19"><span class='ocrx_word' id='word_1_617' title='bbox 2273 3722 2474 3794; x_wconf 83' lang='grc' dir='ltr'>Λοιμὸς</span> <span class='ocrx_word' id='word_1_618' title='bbox 2496 3715 2587 3793; x_wconf 77' lang='grc' dir='ltr'>ἦν,</span> <span class='ocrx_word' id='word_1_619' title='bbox 2622 3720 2716 3774; x_wconf 80' lang='grc' dir='ltr'><strong>καὶ</strong></span> <span class='ocrx_word' id='word_1_620' title='bbox 2750 3721 2798 3773; x_wconf 79' lang='grc' dir='ltr'><strong>οἱ</strong></span> <span class='ocrx_word' id='word_1_621' title='bbox 2836 3720 2958 3774; x_wconf 80' lang='grc' dir='ltr'>τότε</span> <span class='ocrx_word' id='word_1_622' title='bbox 2986 3720 3273 3784; x_wconf 80' lang='grc' dir='ltr'>νοσοῦντες</span> <span class='ocrx_word' id='word_1_623' title='bbox 3332 3721 3466 3791; x_wconf 71' lang='grc' dir='ltr'>πρὶν</span> <span class='ocrx_word' id='word_1_624' title='bbox 3495 3721 3529 3787; x_wconf 79' lang='grc' dir='ltr'>ἢ</span> <span class='ocrx_word' id='word_1_625' title='bbox 3561 3719 3792 3788; x_wconf 75' lang='grc' dir='ltr'>διαγνω·</span> 
     </span>
    </p>
   </div>
   <div class='ocr_carea' id='block_1_91' title="bbox 2206 3813 3790 3886">
    <p class='ocr_par' dir='ltr' id='par_1_91' title="bbox 2206 3813 3790 3886">
     <span class='ocr_line' id='line_1_91' title="bbox 2206 3813 3790 3886; baseline -0.002 -19"><span class='ocrx_word' id='word_1_626' title='bbox 2206 3813 2400 3885; x_wconf 81' lang='grc' dir='ltr'>σθῆναι</span> <span class='ocrx_word' id='word_1_627' title='bbox 2436 3815 2535 3886; x_wconf 84' lang='grc' dir='ltr'>τὴν</span> <span class='ocrx_word' id='word_1_628' title='bbox 2567 3815 2722 3867; x_wconf 87' lang='grc' dir='ltr'>νόσον</span> <span class='ocrx_word' id='word_1_629' title='bbox 2754 3814 3119 3882; x_wconf 82' lang='grc' dir='ltr'>ἀπέθνησκον.</span> <span class='ocrx_word' id='word_1_630' title='bbox 3173 3813 3432 3883; x_wconf 82' lang='grc' dir='ltr'>Ἐνόσησε</span> <span class='ocrx_word' id='word_1_631' title='bbox 3481 3814 3577 3866; x_wconf 73' lang='grc' dir='ltr'><strong>καὶ</strong></span> <span class='ocrx_word' id='word_1_632' title='bbox 3608 3813 3790 3882; x_wconf 81' lang='grc' dir='ltr'><strong>Γεώρ-</strong></span> 
     </span>
    </p>
   </div>
   <div class='ocr_carea' id='block_1_92' title="bbox 2203 3904 3788 3977">
    <p class='ocr_par' dir='ltr' id='par_1_92' title="bbox 2203 3904 3788 3977">
     <span class='ocr_line' id='line_1_92' title="bbox 2203 3904 3788 3977; baseline -0.001 -18"><span class='ocrx_word' id='word_1_633' title='bbox 2203 3924 2345 3976; x_wconf 89' lang='grc' dir='ltr'>γιος,</span> <span class='ocrx_word' id='word_1_634' title='bbox 2416 3906 2513 3960; x_wconf 72' lang='grc' dir='ltr'><strong>καὶ</strong></span> <span class='ocrx_word' id='word_1_635' title='bbox 2563 3905 2672 3959; x_wconf 86' lang='grc' dir='ltr'><strong>τῶν</strong></span> <span class='ocrx_word' id='word_1_636' title='bbox 2734 3906 2879 3977; x_wconf 84' lang='grc' dir='ltr'>ὅρων</span> <span class='ocrx_word' id='word_1_637' title='bbox 2907 3906 3017 3975; x_wconf 78' lang='grc' dir='ltr'>τῆς.</span> <span class='ocrx_word' id='word_1_638' title='bbox 3058 3905 3207 3974; x_wconf 80' lang='grc' dir='ltr'>ζωῆς</span> <span class='ocrx_word' id='word_1_639' title='bbox 3237 3904 3663 3974; x_wconf 80' lang='grc' dir='ltr'>πληρωθέντων,</span> <span class='ocrx_word' id='word_1_640' title='bbox 3697 3906 3788 3973; x_wconf 75' lang='grc' dir='ltr'>τῆς</span> 
     </span>
    </p>
   </div>
   <div class='ocr_carea' id='block_1_93' title="bbox 2204 3997 3787 4071">
    <p class='ocr_par' dir='ltr' id='par_1_93' title="bbox 2204 3997 3787 4071">
     <span class='ocr_line' id='line_1_93' title="bbox 2204 3997 3787 4071; baseline -0.003 -17"><span class='ocrx_word' id='word_1_641' title='bbox 2204 3999 2490 4071; x_wconf 79' lang='grc' dir='ltr'>παρούσης</span> <span class='ocrx_word' id='word_1_642' title='bbox 2541 3997 2688 4069; x_wconf 75' lang='grc' dir='ltr'>ζωῆς</span> <span class='ocrx_word' id='word_1_643' title='bbox 2745 3997 3157 4070; x_wconf 80' lang='grc' dir='ltr'>ὲκδεδήμηκεν’</span> <span class='ocrx_word' id='word_1_644' title='bbox 3215 4000 3312 4052; x_wconf 80' lang='grc' dir='ltr'><strong>καὶ</strong></span> <span class='ocrx_word' id='word_1_645' title='bbox 3346 3998 3477 4059; x_wconf 77' lang='grc' dir='ltr'>τοὺς</span> <span class='ocrx_word' id='word_1_646' title='bbox 3528 3998 3787 4065; x_wconf 68' lang='grc' dir='ltr'>ἀγγέλους</span> 
     </span>
    </p>
   </div>
   <div class='ocr_carea' id='block_1_94' title="bbox 2203 4089 3786 4163">
    <p class='ocr_par' dir='ltr' id='par_1_94' title="bbox 2203 4089 3786 4163">
     <span class='ocr_line' id='line_1_94' title="bbox 2203 4089 3786 4163; baseline -0.003 -17"><span class='ocrx_word' id='word_1_647' title='bbox 2203 4093 2308 4163; x_wconf 79' lang='grc' dir='ltr'><strong>ὁρᾷ</strong></span> <span class='ocrx_word' id='word_1_648' title='bbox 2336 4091 2601 4155; x_wconf 85' lang='grc' dir='ltr'>λαϐόντας</span> <span class='ocrx_word' id='word_1_649' title='bbox 2629 4091 2791 4145; x_wconf 78' lang='grc' dir='ltr'>αὑτὸν</span> <span class='ocrx_word' id='word_1_650' title='bbox 2843 4091 2940 4145; x_wconf 76' lang='grc' dir='ltr'>καὶ</span> <span class='ocrx_word' id='word_1_651' title='bbox 2971 4093 3308 4160; x_wconf 82' lang='grc' dir='ltr'>ἀπάγοντας,</span> <span class='ocrx_word' id='word_1_652' title='bbox 3342 4092 3441 4144; x_wconf 78' lang='grc' dir='ltr'><strong>καὶ</strong></span> <span class='ocrx_word' id='word_1_653' title='bbox 3477 4089 3663 4161; x_wconf 78' lang='grc' dir='ltr'>Κῦρον</span> <span class='ocrx_word' id='word_1_654' title='bbox 3697 4092 3786 4142; x_wconf 70' lang='grc' dir='ltr'><strong>αὖα</strong></span> 
     </span>
    </p>
   </div>
   <div class='ocr_carea' id='block_1_95' title="bbox 2203 4184 3781 4255">
    <p class='ocr_par' dir='ltr' id='par_1_95' title="bbox 2203 4184 3781 4255">
     <span class='ocr_line' id='line_1_95' title="bbox 2203 4184 3781 4255; baseline -0.001 -19"><span class='ocrx_word' id='word_1_655' title='bbox 2203 4187 2316 4248; x_wconf 82' lang='grc' dir='ltr'>τοῖς</span> <span class='ocrx_word' id='word_1_656' title='bbox 2347 4187 2444 4238; x_wconf 77' lang='grc' dir='ltr'><strong>καὶ</strong></span> <span class='ocrx_word' id='word_1_657' title='bbox 2497 4185 2750 4252; x_wconf 85' lang='grc' dir='ltr'>Ἰωάννην</span> <span class='ocrx_word' id='word_1_658' title='bbox 2778 4185 3161 4248; x_wconf 83' lang='grc' dir='ltr'>συναντῶντας</span> <span class='ocrx_word' id='word_1_659' title='bbox 3190 4186 3323 4246; x_wconf 82' lang='grc' dir='ltr'>τοὺς</span> <span class='ocrx_word' id='word_1_660' title='bbox 3356 4184 3663 4255; x_wconf 75' lang='grc' dir='ltr'>μάρτυρας,</span> <span class='ocrx_word' id='word_1_661' title='bbox 3697 4185 3781 4236; x_wconf 72' lang='grc' dir='ltr'><strong>καὶ</strong></span> 
     </span>
    </p>
   </div>
   <div class='ocr_carea' id='block_1_96' title="bbox 2203 4272 3781 4346">
    <p class='ocr_par' dir='ltr' id='par_1_96' title="bbox 2203 4272 3781 4346">
     <span class='ocr_line' id='line_1_96' title="bbox 2203 4272 3781 4346; baseline 0 -21"><span class='ocrx_word' id='word_1_662' title='bbox 2203 4272 2528 4345; x_wconf 74' lang='grc' dir='ltr'>χαρίζεσθαι</span> <span class='ocrx_word' id='word_1_663' title='bbox 2573 4274 2758 4337; x_wconf 80' lang='grc' dir='ltr'>αὐτοῖς</span> <span class='ocrx_word' id='word_1_664' title='bbox 2812 4275 3128 4345; x_wconf 81' lang='grc' dir='ltr'>πρεσϐύτην</span> <span class='ocrx_word' id='word_1_665' title='bbox 3181 4275 3613 4346; x_wconf 87' lang='grc' dir='ltr'>πρεσϐεύοντας,</span> <span class='ocrx_word' id='word_1_666' title='bbox 3652 4276 3781 4343; x_wconf 77' lang='grc' dir='ltr'>ὅπερ</span> 
     </span>
    </p>
   </div>
   <div class='ocr_carea' id='block_1_97' title="bbox 2205 4365 3780 4437">
    <p class='ocr_par' dir='ltr' id='par_1_97' title="bbox 2205 4365 3780 4437">
     <span class='ocr_line' id='line_1_97' title="bbox 2205 4365 3780 4437; baseline 0.001 -19"><span class='ocrx_word' id='word_1_667' title='bbox 2205 4367 2379 4419; x_wconf 80' lang='grc' dir='ltr'>ποιεῖν</span> <span class='ocrx_word' id='word_1_668' title='bbox 2433 4365 2621 4434; x_wconf 79' lang='grc' dir='ltr'>ελεγον</span> <span class='ocrx_word' id='word_1_669' title='bbox 2677 4367 2735 4418; x_wconf 85' lang='grc' dir='ltr'><strong>αἱ</strong></span> <span class='ocrx_word' id='word_1_670' title='bbox 2795 4366 3055 4437; x_wconf 76' lang='grc' dir='ltr'>δυνάμεις</span> <span class='ocrx_word' id='word_1_671' title='bbox 3112 4367 3188 4436; x_wconf 84' lang='grc' dir='ltr'>μὴ</span> <span class='ocrx_word' id='word_1_672' title='bbox 3248 4365 3541 4429; x_wconf 81' lang='grc' dir='ltr'>δύνασθαι,</span> <span class='ocrx_word' id='word_1_673' title='bbox 3580 4366 3780 4437; x_wconf 69' lang='grc' dir='ltr'><strong>θεὲῳδέ</strong></span> 
     </span>
    </p>
   </div>
   <div class='ocr_carea' id='block_1_98' title="bbox 2205 4458 3779 4530">
    <p class='ocr_par' dir='ltr' id='par_1_98' title="bbox 2205 4458 3779 4530">
     <span class='ocr_line' id='line_1_98' title="bbox 2205 4458 3779 4530; baseline -0.001 -18"><span class='ocrx_word' id='word_1_674' title='bbox 2205 4458 2540 4529; x_wconf 84' lang='grc' dir='ltr'>θεσπίσματι</span> <span class='ocrx_word' id='word_1_675' title='bbox 2570 4459 2714 4512; x_wconf 81' lang='grc' dir='ltr'>κατὰ</span> <span class='ocrx_word' id='word_1_676' title='bbox 2740 4460 2943 4528; x_wconf 83' lang='grc' dir='ltr'>τρόπον</span> <span class='ocrx_word' id='word_1_677' title='bbox 2973 4458 3362 4513; x_wconf 86' lang='grc' dir='ltr'>δουλεύουσαι·</span> <span class='ocrx_word' id='word_1_678' title='bbox 3411 4461 3600 4530; x_wconf 83' lang='grc' dir='ltr'>μένειν</span> <span class='ocrx_word' id='word_1_679' title='bbox 3625 4460 3665 4513; x_wconf 89' lang='grc' dir='ltr'>δ’</span> <span class='ocrx_word' id='word_1_680' title='bbox 3691 4461 3779 4512; x_wconf 71' lang='grc' dir='ltr'><strong>αὖε</strong></span> 
     </span>
    </p>
   </div>
   <div class='ocr_carea' id='block_1_99' title="bbox 2203 4551 3777 4622">
    <p class='ocr_par' dir='ltr' id='par_1_99' title="bbox 2203 4551 3777 4622">
     <span class='ocr_line' id='line_1_99' title="bbox 2203 4551 3777 4622; baseline 0.001 -19"><span class='ocrx_word' id='word_1_681' title='bbox 2203 4551 2312 4604; x_wconf 84' lang='grc' dir='ltr'><strong>τῶν</strong></span> <span class='ocrx_word' id='word_1_682' title='bbox 2349 4553 2451 4620; x_wconf 85' lang='grc' dir='ltr'>τὴν</span> <span class='ocrx_word' id='word_1_683' title='bbox 2480 4551 2615 4622; x_wconf 82' lang='grc' dir='ltr'>πρὸς</span> <span class='ocrx_word' id='word_1_684' title='bbox 2646 4551 2780 4605; x_wconf 83' lang='grc' dir='ltr'>Θεδν</span> <span class='ocrx_word' id='word_1_685' title='bbox 2807 4553 3050 4605; x_wconf 81' lang='grc' dir='ltr'>ἱκετείαν</span> <span class='ocrx_word' id='word_1_686' title='bbox 3081 4552 3453 4622; x_wconf 79' lang='grc' dir='ltr'>ἀπήγγελλον,</span> <span class='ocrx_word' id='word_1_687' title='bbox 3488 4552 3585 4605; x_wconf 68' lang='grc' dir='ltr'><strong>καὶ</strong></span> <span class='ocrx_word' id='word_1_688' title='bbox 3617 4552 3777 4606; x_wconf 84' lang='grc' dir='ltr'>δευτέ-</span> 
     </span>
    </p>
   </div>
   <div class='ocr_carea' id='block_1_100' title="bbox 2208 4702 3807 4806">
    <p class='ocr_par' dir='ltr' id='par_1_100' title="bbox 2208 4702 3807 4806">
     <span class='ocr_line' id='line_1_100' title="bbox 2208 4702 3807 4806; baseline -0.001 -17"><span class='ocrx_word' id='word_1_689' title='bbox 2208 4702 2257 4789; x_wconf 60' lang='lat' dir='ltr'><strong>ei</strong></span> <span class='ocrx_word' id='word_1_690' title='bbox 2289 4702 2682 4804; x_wconf 54' lang='grc' dir='ltr'>μάρτυρεςτὴν</span> <span class='ocrx_word' id='word_1_691' title='bbox 2701 4702 3020 4806; x_wconf 57' lang='grc' dir='ltr'>ἀπόκρισιν,</span> <span class='ocrx_word' id='word_1_692' title='bbox 3041 4735 3176 4805; x_wconf 74' lang='grc' dir='ltr'>πρὸς</span> <span class='ocrx_word' id='word_1_693' title='bbox 3204 4702 3770 4804; x_wconf 47' lang='grc' dir='ltr'>ἱκετείανὲτρέποντο,</span> <span class='ocrx_word' id='word_1_694' title='bbox 3798 4702 3807 4733; x_wconf 46' lang='grc'><strong><em>⁵</em></strong></span> 
     </span>
    </p>
   </div>
   <div class='ocr_carea' id='block_1_101' title="bbox 2210 4825 3775 4897">
    <p class='ocr_par' dir='ltr' id='par_1_101' title="bbox 2210 4825 3775 4897">
     <span class='ocr_line' id='line_1_101' title="bbox 2210 4825 3775 4897; baseline -0.001 -18"><span class='ocrx_word' id='word_1_695' title='bbox 2210 4829 2305 4879; x_wconf 70' lang='grc' dir='ltr'><strong>καὶ</strong></span> <span class='ocrx_word' id='word_1_696' title='bbox 2332 4826 2471 4897; x_wconf 81' lang='grc' dir='ltr'>πρὸς</span> <span class='ocrx_word' id='word_1_697' title='bbox 2491 4825 2625 4879; x_wconf 77' lang='grc' dir='ltr'>Θεὸν</span> <span class='ocrx_word' id='word_1_698' title='bbox 2657 4826 2726 4879; x_wconf 75' lang='grc' dir='ltr'><strong>τὰ</strong></span> <span class='ocrx_word' id='word_1_699' title='bbox 2782 4825 2987 4895; x_wconf 80' lang='grc' dir='ltr'>γόνατα</span> <span class='ocrx_word' id='word_1_700' title='bbox 3010 4825 3315 4890; x_wconf 78' lang='grc' dir='ltr'>κλίναντες,</span> <span class='ocrx_word' id='word_1_701' title='bbox 3351 4826 3665 4897; x_wconf 81' lang='grc' dir='ltr'>δωρηθῆναι</span> <span class='ocrx_word' id='word_1_702' title='bbox 3692 4826 3775 4877; x_wconf 74' lang='grc' dir='ltr'><strong>αὖ·</strong></span> 
     </span>
    </p>
   </div>
   <div class='ocr_carea' id='block_1_102' title="bbox 2211 4915 3773 4989">
    <p class='ocr_par' dir='ltr' id='par_1_102' title="bbox 2211 4915 3773 4989">
     <span class='ocr_line' id='line_1_102' title="bbox 2211 4915 3773 4989; baseline -0.003 -19"><span class='ocrx_word' id='word_1_703' title='bbox 2211 4920 2326 4982; x_wconf 84' lang='grc' dir='ltr'>τοῖς</span> <span class='ocrx_word' id='word_1_704' title='bbox 2372 4918 2466 4970; x_wconf 84' lang='grc' dir='ltr'>τὸν</span> <span class='ocrx_word' id='word_1_705' title='bbox 2495 4917 2705 4989; x_wconf 84' lang='grc' dir='ltr'>λάτρην</span> <span class='ocrx_word' id='word_1_706' title='bbox 2738 4916 2985 4970; x_wconf 80' lang='grc' dir='ltr'>ὲδέοντοο</span> <span class='ocrx_word' id='word_1_707' title='bbox 3021 4919 3116 4970; x_wconf 72' lang='grc' dir='ltr'><strong>καὶ</strong></span> <span class='ocrx_word' id='word_1_708' title='bbox 3149 4917 3312 4971; x_wconf 79' lang='grc' dir='ltr'>τοῦτο</span> <span class='ocrx_word' id='word_1_709' title='bbox 3357 4916 3669 4974; x_wconf 82' lang='grc' dir='ltr'>ποιούντων,</span> <span class='ocrx_word' id='word_1_710' title='bbox 3693 4915 3773 4968; x_wconf 67' lang='grc' dir='ltr'><strong>ἀπ’</strong></span> 
     </span>
    </p>
   </div>
   <div class='ocr_carea' id='block_1_103' title="bbox 2213 5007 3771 5078">
    <p class='ocr_par' dir='ltr' id='par_1_103' title="bbox 2213 5007 3771 5078">
     <span class='ocr_line' id='line_1_103' title="bbox 2213 5007 3771 5078; baseline -0.003 -17"><span class='ocrx_word' id='word_1_711' title='bbox 2213 5007 2446 5078; x_wconf 82' lang='grc' dir='ltr'>οὐρανοῦ</span> <span class='ocrx_word' id='word_1_712' title='bbox 2500 5008 2657 5077; x_wconf 76' lang='grc' dir='ltr'>φωνὴ</span> <span class='ocrx_word' id='word_1_713' title='bbox 2707 5008 3062 5077; x_wconf 81' lang='grc' dir='ltr'>κατεφέρετο,</span> <span class='ocrx_word' id='word_1_714' title='bbox 3127 5007 3328 5061; x_wconf 80' lang='grc' dir='ltr'>διδόναι</span> <span class='ocrx_word' id='word_1_715' title='bbox 3382 5007 3771 5076; x_wconf 69' lang='grc' dir='ltr'>προστάττουσι</span> 
     </span>
    </p>
   </div>
   <div class='ocr_carea' id='block_1_104' title="bbox 2215 5092 3767 5169">
    <p class='ocr_par' dir='ltr' id='par_1_104' title="bbox 2215 5092 3767 5169">
     <span class='ocr_line' id='line_1_104' title="bbox 2215 5092 3767 5169; baseline -0.005 -17"><span class='ocrx_word' id='word_1_716' title='bbox 2215 5101 2326 5162; x_wconf 83' lang='grc' dir='ltr'>τοῖς</span> <span class='ocrx_word' id='word_1_717' title='bbox 2359 5098 2595 5169; x_wconf 82' lang='grc' dir='ltr'>μάρτυσι</span> <span class='ocrx_word' id='word_1_718' title='bbox 2626 5096 2721 5149; x_wconf 77' lang='grc' dir='ltr'>τὸν</span> <span class='ocrx_word' id='word_1_719' title='bbox 2771 5096 3173 5167; x_wconf 86' lang='grc' dir='ltr'>πρεσϐύτερον,</span> <span class='ocrx_word' id='word_1_720' title='bbox 3217 5096 3314 5149; x_wconf 77' lang='grc' dir='ltr'><strong>καὶ</strong></span> <span class='ocrx_word' id='word_1_721' title='bbox 3363 5095 3596 5165; x_wconf 78' lang='grc' dir='ltr'>χρόνους</span> <span class='ocrx_word' id='word_1_722' title='bbox 3624 5092 3767 5147; x_wconf 74' lang='grc' dir='ltr'>εἰκοσι</span> 
     </span>
    </p>
   </div>
   <div class='ocr_carea' id='block_1_105' title="bbox 2214 5182 3769 5261">
    <p class='ocr_par' dir='ltr' id='par_1_105' title="bbox 2214 5182 3769 5261">
     <span class='ocr_line' id='line_1_105' title="bbox 2214 5182 3769 5261; baseline -0.004 -17"><span class='ocrx_word' id='word_1_723' title='bbox 2214 5190 2273 5244; x_wconf 78' lang='grc' dir='ltr'>ἒν</span> <span class='ocrx_word' id='word_1_724' title='bbox 2299 5192 2465 5261; x_wconf 75' lang='grc' dir='ltr'>σαρκὶ</span> <span class='ocrx_word' id='word_1_725' title='bbox 2494 5189 2826 5259; x_wconf 78' lang='grc' dir='ltr'>διορίζουσα.</span> <span class='ocrx_word' id='word_1_726' title='bbox 2860 5190 2971 5242; x_wconf 74' lang='grc' dir='ltr'><strong>Καὶ</strong></span> <span class='ocrx_word' id='word_1_727' title='bbox 2999 5189 3140 5241; x_wconf 78' lang='grc' dir='ltr'>οὕτω</span> <span class='ocrx_word' id='word_1_728' title='bbox 3164 5188 3261 5257; x_wconf 85' lang='grc' dir='ltr'>μὲν</span> <span class='ocrx_word' id='word_1_729' title='bbox 3274 5182 3475 5250; x_wconf 76' lang='grc' dir='ltr'>οὖτοςό</span> <span class='ocrx_word' id='word_1_730' title='bbox 3499 5187 3769 5256; x_wconf 72' lang='grc' dir='ltr'>θαυμάσια,</span> 
     </span>
    </p>
   </div>
   <div class='ocr_carea' id='block_1_106' title="bbox 2213 5277 3770 5350">
    <p class='ocr_par' dir='ltr' id='par_1_106' title="bbox 2213 5277 3770 5350">
     <span class='ocr_line' id='line_1_106' title="bbox 2213 5277 3770 5350; baseline -0.003 -16"><span class='ocrx_word' id='word_1_731' title='bbox 2213 5282 2306 5335; x_wconf 81' lang='grc' dir='ltr'>τὸν</span> <span class='ocrx_word' id='word_1_732' title='bbox 2338 5284 2460 5336; x_wconf 85' lang='grc' dir='ltr'>τότε</span> <span class='ocrx_word' id='word_1_733' title='bbox 2495 5281 2716 5350; x_wconf 81' lang='grc' dir='ltr'>διέφυγε</span> <span class='ocrx_word' id='word_1_734' title='bbox 2741 5281 2992 5346; x_wconf 84' lang='grc' dir='ltr'>θάνατον,</span> <span class='ocrx_word' id='word_1_735' title='bbox 3028 5281 3272 5346; x_wconf 81' lang='grc' dir='ltr'>Ἐζεκίου</span> <span class='ocrx_word' id='word_1_736' title='bbox 3308 5280 3475 5333; x_wconf 79' lang='grc' dir='ltr'>πλέον</span> <span class='ocrx_word' id='word_1_737' title='bbox 3506 5279 3602 5349; x_wconf 79' lang='grc' dir='ltr'>ἔτη</span> <span class='ocrx_word' id='word_1_738' title='bbox 3636 5277 3770 5331; x_wconf 72' lang='grc' dir='ltr'>πέντε</span> 
     </span>
    </p>
   </div>
   <div class='ocr_carea' id='block_1_107' title="bbox 2214 5369 3769 5446">
    <p class='ocr_par' dir='ltr' id='par_1_107' title="bbox 2214 5369 3769 5446">
     <span class='ocr_line' id='line_1_107' title="bbox 2214 5369 3769 5446; baseline -0.003 -19"><span class='ocrx_word' id='word_1_739' title='bbox 2214 5372 2361 5445; x_wconf 72' lang='grc' dir='ltr'>ζωῆς</span> <span class='ocrx_word' id='word_1_740' title='bbox 2398 5374 2792 5446; x_wconf 82' lang='grc' dir='ltr'>κομισάμενος.</span> <span class='ocrx_word' id='word_1_741' title='bbox 2858 5372 3151 5445; x_wconf 85' lang='grc' dir='ltr'>μαρτύρων</span> <span class='ocrx_word' id='word_1_742' title='bbox 3179 5373 3387 5443; x_wconf 80' lang='grc' dir='ltr'>σπουδῇ</span> <span class='ocrx_word' id='word_1_743' title='bbox 3418 5372 3517 5428; x_wconf 76' lang='grc' dir='ltr'><strong>καὶ</strong></span> <span class='ocrx_word' id='word_1_744' title='bbox 3540 5370 3665 5441; x_wconf 61' lang='lat' dir='ltr'><strong>deity</strong></span> <span class='ocrx_word' id='word_1_745' title='bbox 3684 5369 3769 5423; x_wconf 79' lang='grc' dir='ltr'>δωο</span> 
     </span>
    </p>
   </div>
   <div class='ocr_carea' id='block_1_108' title="bbox 2039 5549 2277 5607">
    <p class='ocr_par' dir='ltr' id='par_1_108' title="bbox 2039 5549 2277 5607">
     <span class='ocr_line' id='line_1_108' title="bbox 2039 5549 2277 5607; baseline -0.008 -1"><span class='ocrx_word' id='word_1_746' title='bbox 2039 5549 2277 5607; x_wconf 60' lang='lat' dir='ltr'><strong>NOTAE.</strong></span> 
     </span>
    </p>
   </div>
   <div class='ocr_carea' id='block_1_109' title="bbox 613 5709 3192 5789">
    <p class='ocr_par' dir='ltr' id='par_1_109' title="bbox 613 5709 3192 5789">
     <span class='ocr_line' id='line_1_109' title="bbox 613 5709 3192 5789; baseline -0.003 -19"><span class='ocrx_word' id='word_1_747' title='bbox 613 5714 707 5789; x_wconf 72' lang='grc'><strong>(⁸5)⁴</strong></span> <span class='ocrx_word' id='word_1_748' title='bbox 752 5718 964 5774; x_wconf 81' lang='lat' dir='ltr'><strong>Abhinc</strong></span> <span class='ocrx_word' id='word_1_749' title='bbox 1003 5718 1380 5774; x_wconf 79' lang='lat' dir='ltr'><strong>desiderantur</strong></span> <span class='ocrx_word' id='word_1_750' title='bbox 1415 5726 1525 5776; x_wconf 89' lang='lat' dir='ltr'><strong>tres</strong></span> <span class='ocrx_word' id='word_1_751' title='bbox 1553 5716 1823 5789; x_wconf 83' lang='lat' dir='ltr'><strong>pericopa:</strong></span> <span class='ocrx_word' id='word_1_752' title='bbox 1862 5714 1917 5771; x_wconf 90' lang='lat' dir='ltr'><strong>in</strong></span> <span class='ocrx_word' id='word_1_753' title='bbox 1949 5713 2137 5770; x_wconf 62' lang='lat' dir='ltr'><strong>Graeco</strong></span> <span class='ocrx_word' id='word_1_754' title='bbox 2176 5721 2347 5779; x_wconf 78' lang='lat' dir='ltr'><strong>textu,</strong></span> <span class='ocrx_word' id='word_1_755' title='bbox 2389 5727 2527 5784; x_wconf 82' lang='lat' dir='ltr'><strong>quas</strong></span> <span class='ocrx_word' id='word_1_756' title='bbox 2558 5709 2786 5768; x_wconf 86' lang='lat' dir='ltr'><strong>Latinus</strong></span> <span class='ocrx_word' id='word_1_757' title='bbox 2825 5709 3192 5768; x_wconf 81' lang='lat' dir='ltr'><strong>conservavit.</strong></span> 
     </span>
    </p>
   </div>
  </div>
