  <div class='ocr_page' id='page_1' title='image "/cluster/home/n/w/nwhite01/storage/ocr_20150623/87 pars.3/pst.000005712915/424.png"; bbox 0 0 3930 6316; ppageno 0'>
   <div class='ocr_carea' id='block_1_1' title="bbox 56 338 217 421">
    <p class='ocr_par' dir='ltr' id='par_1_1' title="bbox 56 338 217 421">
     <span class='ocr_line' id='line_1_1' title="bbox 56 338 217 421; baseline 0.006 -20"><span class='ocrx_word' id='word_1_1' title='bbox 56 338 217 421; x_wconf 68' lang='lat' dir='ltr'><strong>&#39;«tﬁl‘t</strong></span> 
     </span>
    </p>
   </div>
   <div class='ocr_carea' id='block_1_2' title="bbox 1110 334 2344 399">
    <p class='ocr_par' dir='ltr' id='par_1_2' title="bbox 1110 334 2344 399">
     <span class='ocr_line' id='line_1_2' title="bbox 1110 334 2344 399; baseline -0.005 -1"><span class='ocrx_word' id='word_1_2' title='bbox 1110 339 1212 399; x_wconf 77' lang='lat' dir='ltr'><strong>SS.</strong></span> <span class='ocrx_word' id='word_1_3' title='bbox 1251 339 1425 398; x_wconf 75' lang='lat' dir='ltr'><strong>(IYRI</strong></span> <span class='ocrx_word' id='word_1_4' title='bbox 1459 338 1554 396; x_wconf 85' lang='lat' dir='ltr'><strong>ET</strong></span> <span class='ocrx_word' id='word_1_5' title='bbox 1588 334 1912 396; x_wconf 68' lang='lat' dir='ltr'><strong>JOANNIS</strong></span> <span class='ocrx_word' id='word_1_6' title='bbox 1936 334 2344 395; x_wconf 61' lang='lat' dir='ltr'><strong>MIRACULA.</strong></span> 
     </span>
    </p>
   </div>
   <div class='ocr_carea' id='block_1_3' title="bbox 3194 333 3335 400">
    <p class='ocr_par' dir='ltr' id='par_1_3' title="bbox 3194 333 3335 400">
     <span class='ocr_line' id='line_1_3' title="bbox 3194 333 3335 400; baseline -0.007 -3"><span class='ocrx_word' id='word_1_7' title='bbox 3194 333 3335 400; x_wconf 75' lang='lat'><strong>3618</strong></span> 
     </span>
    </p>
   </div>
   <div class='ocr_carea' id='block_1_4' title="bbox 58 444 1661 521">
    <p class='ocr_par' dir='ltr' id='par_1_4' title="bbox 58 446 1659 521">
     <span class='ocr_line' id='line_1_4' title="bbox 58 446 1659 521; baseline -0.004 -17"><span class='ocrx_word' id='word_1_8' title='bbox 58 455 296 521; x_wconf 78' lang='grc' dir='ltr'>ρήματι.</span> <span class='ocrx_word' id='word_1_9' title='bbox 329 448 463 501; x_wconf 68' lang='grc' dir='ltr'>Ὅτε</span> <span class='ocrx_word' id='word_1_10' title='bbox 484 447 541 500; x_wconf 76' lang='grc' dir='ltr'>δὲ</span> <span class='ocrx_word' id='word_1_11' title='bbox 561 447 963 516; x_wconf 68' lang='grc' dir='ltr'>τονείκοσαετῆ</span> <span class='ocrx_word' id='word_1_12' title='bbox 981 448 1077 519; x_wconf 76' lang='grc' dir='ltr'>τῆς</span> <span class='ocrx_word' id='word_1_13' title='bbox 1107 450 1253 519; x_wconf 73' lang='grc' dir='ltr'>ζωῆς</span> <span class='ocrx_word' id='word_1_14' title='bbox 1278 450 1470 520; x_wconf 74' lang='grc' dir='ltr'>χρόνον</span> <span class='ocrx_word' id='word_1_15' title='bbox 1493 446 1659 517; x_wconf 80' lang='grc' dir='ltr'>ἐπλή-</span> 
     </span>
    </p>
   </div>
   <div class='ocr_carea' id='block_1_5' title="bbox 1769 444 3333 521">
    <p class='ocr_par' dir='ltr' id='par_1_5' title="bbox 1769 444 3333 514">
     <span class='ocr_line' id='line_1_5' title="bbox 1769 444 3333 514; baseline 0.001 -16"><span class='ocrx_word' id='word_1_16' title='bbox 1769 447 1890 499; x_wconf 72' lang='grc' dir='ltr'>νῑιευ</span> <span class='ocrx_word' id='word_1_17' title='bbox 1923 457 2136 513; x_wconf 66' lang='lat' dir='ltr'><strong>tempus</strong></span> <span class='ocrx_word' id='word_1_18' title='bbox 2166 446 2462 514; x_wconf 65' lang='lat' dir='ltr'><strong>explesset,</strong></span> <span class='ocrx_word' id='word_1_19' title='bbox 2493 444 2671 498; x_wconf 85' lang='lat' dir='ltr'><strong>denuo</strong></span> <span class='ocrx_word' id='word_1_20' title='bbox 2702 444 3058 510; x_wconf 83' lang='lat' dir='ltr'><strong>moriebatur,</strong></span> <span class='ocrx_word' id='word_1_21' title='bbox 3095 453 3148 501; x_wconf 91' lang='lat' dir='ltr'><strong>et</strong></span> <span class='ocrx_word' id='word_1_22' title='bbox 3168 445 3333 500; x_wconf 80' lang='lat' dir='ltr'><strong>vitam</strong></span> 
     </span>
    </p>
   </div>
   <div class='ocr_carea' id='block_1_6' title="bbox 57 541 1652 614">
    <p class='ocr_par' dir='ltr' id='par_1_6' title="bbox 57 541 1652 614">
     <span class='ocr_line' id='line_1_6' title="bbox 57 541 1652 614; baseline -0.002 -19"><span class='ocrx_word' id='word_1_23' title='bbox 57 559 234 613; x_wconf 86' lang='grc' dir='ltr'>ρωσε,</span> <span class='ocrx_word' id='word_1_24' title='bbox 286 541 452 596; x_wconf 83' lang='grc' dir='ltr'>πάλιν</span> <span class='ocrx_word' id='word_1_25' title='bbox 500 542 838 611; x_wconf 78' lang='grc' dir='ltr'>ἀπέθνησκε,</span> <span class='ocrx_word' id='word_1_26' title='bbox 897 547 991 594; x_wconf 66' lang='grc' dir='ltr'><strong>καὶ</strong></span> <span class='ocrx_word' id='word_1_27' title='bbox 1045 543 1143 612; x_wconf 76' lang='grc' dir='ltr'><strong>τὴν</strong></span> <span class='ocrx_word' id='word_1_28' title='bbox 1195 542 1476 613; x_wconf 74' lang='grc' dir='ltr'>παροῦσαν</span> <span class='ocrx_word' id='word_1_29' title='bbox 1508 541 1652 614; x_wconf 77' lang='grc' dir='ltr'>ζωὴν</span> 
     </span>
    </p>
   </div>
   <div class='ocr_carea' id='block_1_7' title="bbox 53 630 1653 703">
    <p class='ocr_par' dir='ltr' id='par_1_7' title="bbox 53 630 1653 703">
     <span class='ocr_line' id='line_1_7' title="bbox 53 630 1653 703; baseline -0.002 -17"><span class='ocrx_word' id='word_1_30' title='bbox 53 633 509 700; x_wconf 83' lang='grc' dir='ltr'>κατελίμπανεν,</span> <span class='ocrx_word' id='word_1_31' title='bbox 564 634 677 695; x_wconf 63' lang='grc' dir='ltr'>τοῖς</span> <span class='ocrx_word' id='word_1_32' title='bbox 732 630 985 684; x_wconf 69' lang='grc' dir='ltr'>λαϐοῦσιν</span> <span class='ocrx_word' id='word_1_33' title='bbox 1052 632 1303 700; x_wconf 78' lang='grc' dir='ltr'><strong>ἀγγέλοις</strong></span> <span class='ocrx_word' id='word_1_34' title='bbox 1350 634 1653 703; x_wconf 68' lang='grc' dir='ltr'>ἑπόμενοςο</span> 
     </span>
    </p>
   </div>
   <div class='ocr_carea' id='block_1_8' title="bbox 51 726 1659 798">
    <p class='ocr_par' dir='ltr' id='par_1_8' title="bbox 51 726 1659 798">
     <span class='ocr_line' id='line_1_8' title="bbox 51 726 1659 798; baseline -0.001 -18"><span class='ocrx_word' id='word_1_35' title='bbox 51 726 209 780; x_wconf 84' lang='grc' dir='ltr'>ἀλλὰ</span> <span class='ocrx_word' id='word_1_36' title='bbox 242 726 403 780; x_wconf 86' lang='grc' dir='ltr'>πάλιν</span> <span class='ocrx_word' id='word_1_37' title='bbox 429 728 772 798; x_wconf 76' lang='grc' dir='ltr'><strong>συναντήσας</strong></span> <span class='ocrx_word' id='word_1_38' title='bbox 823 729 934 789; x_wconf 85' lang='grc' dir='ltr'>τοῖς</span> <span class='ocrx_word' id='word_1_39' title='bbox 976 726 1266 797; x_wconf 82' lang='grc' dir='ltr'>μάρτυσιν.</span> <span class='ocrx_word' id='word_1_40' title='bbox 1309 727 1472 781; x_wconf 86' lang='grc' dir='ltr'>πάλιν</span> <span class='ocrx_word' id='word_1_41' title='bbox 1499 727 1573 790; x_wconf 83' lang='grc' dir='ltr'><strong>ὡς</strong></span> <span class='ocrx_word' id='word_1_42' title='bbox 1596 727 1659 779; x_wconf 84' lang='grc' dir='ltr'><strong>τὸ</strong></span> 
     </span>
    </p>
   </div>
   <div class='ocr_carea' id='block_1_9' title="bbox 52 819 1657 890">
    <p class='ocr_par' dir='ltr' id='par_1_9' title="bbox 52 819 1657 890">
     <span class='ocr_line' id='line_1_9' title="bbox 52 819 1657 890; baseline -0.001 -17"><span class='ocrx_word' id='word_1_43' title='bbox 52 820 339 890; x_wconf 66' lang='grc' dir='ltr'>πρότερον</span> <span class='ocrx_word' id='word_1_44' title='bbox 371 819 662 883; x_wconf 84' lang='grc' dir='ltr'>ἀπελύετο,</span> <span class='ocrx_word' id='word_1_45' title='bbox 727 819 918 890; x_wconf 83' lang='grc' dir='ltr'>χρόνον</span> <span class='ocrx_word' id='word_1_46' title='bbox 969 819 1117 888; x_wconf 78' lang='grc' dir='ltr'>ζωῆς</span> <span class='ocrx_word' id='word_1_47' title='bbox 1155 820 1468 889; x_wconf 82' lang='grc' dir='ltr'>εὐτυχήσας</span> <span class='ocrx_word' id='word_1_48' title='bbox 1503 820 1657 890; x_wconf 76' lang='grc' dir='ltr'>ἀόρι-</span> 
     </span>
    </p>
   </div>
   <div class='ocr_carea' id='block_1_10' title="bbox 57 908 1658 980">
    <p class='ocr_par' dir='ltr' id='par_1_10' title="bbox 57 908 1658 980">
     <span class='ocr_line' id='line_1_10' title="bbox 57 908 1658 980; baseline 0.001 -18"><span class='ocrx_word' id='word_1_49' title='bbox 57 927 218 962; x_wconf 88' lang='grc' dir='ltr'>στον.</span> <span class='ocrx_word' id='word_1_50' title='bbox 256 912 352 973; x_wconf 88' lang='grc' dir='ltr'><em>Ὃς</em></span> <span class='ocrx_word' id='word_1_51' title='bbox 386 910 641 980; x_wconf 84' lang='grc' dir='ltr'>δεύτερον</span> <span class='ocrx_word' id='word_1_52' title='bbox 665 908 922 974; x_wconf 84' lang='grc' dir='ltr'>τεθνεὼς,</span> <span class='ocrx_word' id='word_1_53' title='bbox 962 912 1055 963; x_wconf 76' lang='grc' dir='ltr'><strong>καὶ</strong></span> <span class='ocrx_word' id='word_1_54' title='bbox 1104 909 1295 979; x_wconf 81' lang='grc' dir='ltr'>φυγὼν</span> <span class='ocrx_word' id='word_1_55' title='bbox 1330 913 1394 964; x_wconf 82' lang='grc' dir='ltr'>ἐκ</span> <span class='ocrx_word' id='word_1_56' title='bbox 1422 911 1658 964; x_wconf 78' lang='grc' dir='ltr'><strong>Θανάτου</strong></span> 
     </span>
    </p>
   </div>
   <div class='ocr_carea' id='block_1_11' title="bbox 50 1000 1659 1073">
    <p class='ocr_par' dir='ltr' id='par_1_11' title="bbox 50 1000 1659 1073">
     <span class='ocr_line' id='line_1_11' title="bbox 50 1000 1659 1073; baseline 0 -20"><span class='ocrx_word' id='word_1_57' title='bbox 50 1005 124 1053; x_wconf 61' lang='grc' dir='ltr'><strong>τι</strong></span> <span class='ocrx_word' id='word_1_58' title='bbox 158 1000 436 1073; x_wconf 81' lang='grc' dir='ltr'>δεύτερον,</span> <span class='ocrx_word' id='word_1_59' title='bbox 468 1004 564 1071; x_wconf 74' lang='grc' dir='ltr'>τῆς</span> <span class='ocrx_word' id='word_1_60' title='bbox 614 1002 725 1054; x_wconf 80' lang='grc' dir='ltr'><strong>τῶν</strong></span> <span class='ocrx_word' id='word_1_61' title='bbox 777 1002 950 1069; x_wconf 78' lang='grc' dir='ltr'>ἁγίων</span> <span class='ocrx_word' id='word_1_62' title='bbox 1008 1001 1144 1072; x_wconf 79' lang='grc' dir='ltr'>πρὸς</span> <span class='ocrx_word' id='word_1_63' title='bbox 1178 1003 1310 1055; x_wconf 70' lang='grc' dir='ltr'>Θεὸν</span> <span class='ocrx_word' id='word_1_64' title='bbox 1345 1002 1659 1073; x_wconf 65' lang='grc' dir='ltr'>παρρησίας</span> 
     </span>
    </p>
   </div>
   <div class='ocr_carea' id='block_1_12' title="bbox 51 1093 1662 1165">
    <p class='ocr_par' dir='ltr' id='par_1_12' title="bbox 51 1093 1662 1165">
     <span class='ocr_line' id='line_1_12' title="bbox 51 1093 1662 1165; baseline -0.001 -18"><span class='ocrx_word' id='word_1_65' title='bbox 51 1094 303 1164; x_wconf 77' lang='grc' dir='ltr'>ἕστηκεν</span> <span class='ocrx_word' id='word_1_66' title='bbox 363 1093 603 1163; x_wconf 77' lang='grc' dir='ltr'>ἐλεγχος,</span> <span class='ocrx_word' id='word_1_67' title='bbox 659 1094 752 1147; x_wconf 66' lang='grc' dir='ltr'><strong>κα)⁵</strong></span> <span class='ocrx_word' id='word_1_68' title='bbox 806 1093 974 1146; x_wconf 85' lang='grc' dir='ltr'>εἰκὼν</span> <span class='ocrx_word' id='word_1_69' title='bbox 1004 1096 1102 1165; x_wconf 77' lang='grc' dir='ltr'>τῆς</span> <span class='ocrx_word' id='word_1_70' title='bbox 1143 1096 1324 1148; x_wconf 76' lang='grc' dir='ltr'>αὐτῶν</span> <span class='ocrx_word' id='word_1_71' title='bbox 1355 1095 1537 1165; x_wconf 86' lang='grc' dir='ltr'>ἰσχύος</span> <span class='ocrx_word' id='word_1_72' title='bbox 1566 1094 1662 1147; x_wconf 72' lang='grc' dir='ltr'><strong>καὶ</strong></span> 
     </span>
    </p>
   </div>
   <div class='ocr_carea' id='block_1_13' title="bbox 52 1174 1662 1257">
    <p class='ocr_par' dir='ltr' id='par_1_13' title="bbox 52 1174 1662 1257">
     <span class='ocr_line' id='line_1_13' title="bbox 52 1174 1662 1257; baseline 0 -20"><span class='ocrx_word' id='word_1_73' title='bbox 52 1185 295 1254; x_wconf 78' lang='grc' dir='ltr'>χάριτος</span> <span class='ocrx_word' id='word_1_74' title='bbox 320 1203 332 1214; x_wconf 89' lang='grc'><strong>·</strong></span> <span class='ocrx_word' id='word_1_75' title='bbox 376 1187 541 1255; x_wconf 75' lang='grc' dir='ltr'>ἡμεῖς</span> <span class='ocrx_word' id='word_1_76' title='bbox 589 1184 646 1236; x_wconf 76' lang='grc' dir='ltr'>δὲ</span> <span class='ocrx_word' id='word_1_77' title='bbox 694 1174 785 1237; x_wconf 76' lang='grc' dir='ltr'>τὸν</span> <span class='ocrx_word' id='word_1_78' title='bbox 812 1186 1188 1257; x_wconf 81' lang='grc' dir='ltr'>πρεσϐύτερον</span> <span class='ocrx_word' id='word_1_79' title='bbox 1221 1186 1409 1239; x_wconf 79' lang='grc' dir='ltr'>τοῦτον</span> <span class='ocrx_word' id='word_1_80' title='bbox 1447 1188 1536 1240; x_wconf 77' lang='grc' dir='ltr'><strong>τον</strong></span> <span class='ocrx_word' id='word_1_81' title='bbox 1570 1185 1662 1238; x_wconf 85' lang='grc' dir='ltr'>θε-</span> 
     </span>
    </p>
   </div>
   <div class='ocr_carea' id='block_1_14' title="bbox 57 1276 1664 1349">
    <p class='ocr_par' dir='ltr' id='par_1_14' title="bbox 57 1276 1664 1349">
     <span class='ocr_line' id='line_1_14' title="bbox 57 1276 1664 1349; baseline 0.002 -22"><span class='ocrx_word' id='word_1_82' title='bbox 57 1276 297 1329; x_wconf 82' lang='grc' dir='ltr'>σπέσιον</span> <span class='ocrx_word' id='word_1_83' title='bbox 318 1278 459 1347; x_wconf 71' lang='grc' dir='ltr'>ὑπὲρ</span> <span class='ocrx_word' id='word_1_84' title='bbox 491 1277 651 1346; x_wconf 73' lang='grc' dir='ltr'>ἡμῶν</span> <span class='ocrx_word' id='word_1_85' title='bbox 686 1278 1014 1345; x_wconf 88' lang='grc' dir='ltr'>πρεσϐεύειν</span> <span class='ocrx_word' id='word_1_86' title='bbox 1041 1280 1167 1342; x_wconf 72' lang='grc' dir='ltr'>τοὺς</span> <span class='ocrx_word' id='word_1_87' title='bbox 1186 1280 1376 1347; x_wconf 74' lang='grc' dir='ltr'>ἁγίους</span> <span class='ocrx_word' id='word_1_88' title='bbox 1409 1280 1664 1349; x_wconf 73' lang='grc' dir='ltr'>αἰτήσαν-</span> 
     </span>
    </p>
   </div>
   <div class='ocr_carea' id='block_1_15' title="bbox 53 1370 1661 1441">
    <p class='ocr_par' dir='ltr' id='par_1_15' title="bbox 53 1370 1661 1441">
     <span class='ocr_line' id='line_1_15' title="bbox 53 1370 1661 1441; baseline -0.001 -19"><span class='ocrx_word' id='word_1_89' title='bbox 53 1387 180 1432; x_wconf 82' lang='grc' dir='ltr'>τες,</span> <span class='ocrx_word' id='word_1_90' title='bbox 218 1372 313 1423; x_wconf 73' lang='grc' dir='ltr'><strong>καὶ</strong></span> <span class='ocrx_word' id='word_1_91' title='bbox 345 1370 657 1439; x_wconf 72' lang='grc' dir='ltr'>προστάτας</span> <span class='ocrx_word' id='word_1_92' title='bbox 690 1373 869 1423; x_wconf 78' lang='grc' dir='ltr'>ποιεῖν</span> <span class='ocrx_word' id='word_1_93' title='bbox 896 1374 992 1424; x_wconf 72' lang='grc' dir='ltr'>καὶ</span> <span class='ocrx_word' id='word_1_94' title='bbox 1013 1370 1173 1441; x_wconf 78' lang='grc' dir='ltr'>ὴμῶν</span> <span class='ocrx_word' id='word_1_95' title='bbox 1200 1370 1558 1435; x_wconf 78' lang='grc' dir='ltr'>ἀξιώσαντες,</span> <span class='ocrx_word' id='word_1_96' title='bbox 1578 1371 1661 1435; x_wconf 69' lang='grc' dir='ltr'><strong>ἐφ’</strong></span> 
     </span>
    </p>
   </div>
   <div class='ocr_carea' id='block_1_16' title="bbox 55 1460 1216 1531">
    <p class='ocr_par' dir='ltr' id='par_1_16' title="bbox 55 1460 1216 1531">
     <span class='ocr_line' id='line_1_16' title="bbox 55 1460 1216 1531; baseline 0.001 -18"><span class='ocrx_word' id='word_1_97' title='bbox 55 1462 259 1529; x_wconf 76' lang='grc' dir='ltr'>ἑτέρου</span> <span class='ocrx_word' id='word_1_98' title='bbox 290 1460 600 1530; x_wconf 71' lang='grc' dir='ltr'>βαδίσωμεν</span> <span class='ocrx_word' id='word_1_99' title='bbox 627 1460 884 1531; x_wconf 77' lang='grc' dir='ltr'>διήγησιν</span> <span class='ocrx_word' id='word_1_100' title='bbox 910 1461 1216 1531; x_wconf 76' lang='grc' dir='ltr'>θαύματος.</span> 
     </span>
    </p>
   </div>
   <div class='ocr_carea' id='block_1_17' title="bbox 59 1552 1662 1640">
    <p class='ocr_par' dir='ltr' id='par_1_17' title="bbox 59 1552 1662 1640">
     <span class='ocr_line' id='line_1_17' title="bbox 59 1552 1662 1640; baseline -0.001 -36"><span class='ocrx_word' id='word_1_101' title='bbox 59 1553 200 1606; x_wconf 63' lang='lat' dir='ltr'><strong>NB‘.</strong></span> <span class='ocrx_word' id='word_1_102' title='bbox 232 1552 367 1620; x_wconf 75' lang='grc' dir='ltr'>Περὶ</span> <span class='ocrx_word' id='word_1_103' title='bbox 406 1553 685 1620; x_wconf 77' lang='grc' dir='ltr'>Ζωσίμου</span> <span class='ocrx_word' id='word_1_104' title='bbox 717 1554 822 1606; x_wconf 78' lang='grc' dir='ltr'>τοῦ</span> <span class='ocrx_word' id='word_1_105' title='bbox 857 1553 1184 1640; x_wconf 40' lang='grc' dir='ltr'>ἀρχιήτροου</span> <span class='ocrx_word' id='word_1_106' title='bbox 1230 1553 1485 1622; x_wconf 82' lang='grc' dir='ltr'>ἔχοντος</span> <span class='ocrx_word' id='word_1_107' title='bbox 1511 1552 1662 1618; x_wconf 73' lang='grc' dir='ltr'><strong>πάρ-</strong></span> 
     </span>
    </p>
   </div>
   <div class='ocr_carea' id='block_1_18' title="bbox 792 1641 1301 1676">
    <p class='ocr_par' dir='ltr' id='par_1_18' title="bbox 792 1641 1301 1676">
     <span class='ocr_line' id='line_1_18' title="bbox 792 1641 1301 1676; baseline 0.008 -3"><span class='ocrx_word' id='word_1_108' title='bbox 792 1641 948 1676; x_wconf 78' lang='grc' dir='ltr'>εσιν.</span> <span class='ocrx_word' id='word_1_109' title='bbox 1298 1642 1301 1643; x_wconf 47' lang='grc'><strong><em>⁷</em></strong></span> 
     </span>
    </p>
   </div>
   <div class='ocr_carea' id='block_1_19' title="bbox 144 1708 1665 1783">
    <p class='ocr_par' dir='ltr' id='par_1_19' title="bbox 144 1708 1665 1783">
     <span class='ocr_line' id='line_1_19' title="bbox 144 1708 1665 1783; baseline 0.001 -18"><span class='ocrx_word' id='word_1_110' title='bbox 144 1708 317 1765; x_wconf 74' lang='grc' dir='ltr'>ἰιλθέ</span> <span class='ocrx_word' id='word_1_111' title='bbox 352 1730 481 1765; x_wconf 88' lang='grc' dir='ltr'>ποτε</span> <span class='ocrx_word' id='word_1_112' title='bbox 510 1714 603 1765; x_wconf 73' lang='grc' dir='ltr'><strong>καὶ</strong></span> <span class='ocrx_word' id='word_1_113' title='bbox 629 1714 927 1778; x_wconf 74' lang='grc' dir='ltr'>Βυζάντιος</span> <span class='ocrx_word' id='word_1_114' title='bbox 979 1714 1229 1783; x_wconf 83' lang='grc' dir='ltr'>Ζὼσιμος</span> <span class='ocrx_word' id='word_1_115' title='bbox 1260 1714 1524 1779; x_wconf 80' lang='grc' dir='ltr'>τοῦνομα,</span> <span class='ocrx_word' id='word_1_116' title='bbox 1562 1713 1665 1783; x_wconf 84' lang='grc' dir='ltr'>ἁρ-</span> 
     </span>
    </p>
   </div>
   <div class='ocr_carea' id='block_1_20' title="bbox 1758 534 3339 603">
    <p class='ocr_par' dir='ltr' id='par_1_20' title="bbox 1758 534 3339 603">
     <span class='ocr_line' id='line_1_20' title="bbox 1758 534 3339 603; baseline 0.002 -17"><span class='ocrx_word' id='word_1_117' title='bbox 1758 546 2078 602; x_wconf 80' lang='lat' dir='ltr'><strong>pra-sentem</strong></span> <span class='ocrx_word' id='word_1_118' title='bbox 2114 534 2423 596; x_wconf 70' lang='lat' dir='ltr'><strong>deserebat.</strong></span> <span class='ocrx_word' id='word_1_119' title='bbox 2477 535 2699 603; x_wconf 71' lang='lat' dir='ltr'><strong>angelos</strong></span> <span class='ocrx_word' id='word_1_120' title='bbox 2738 550 2797 588; x_wconf 90' lang='lat' dir='ltr'><strong>se</strong></span> <span class='ocrx_word' id='word_1_121' title='bbox 2828 536 3084 590; x_wconf 89' lang='lat' dir='ltr'><strong>tollentes</strong></span> <span class='ocrx_word' id='word_1_122' title='bbox 3112 544 3339 589; x_wconf 81' lang='lat' dir='ltr'><strong>secutus</strong></span> 
     </span>
    </p>
   </div>
   <div class='ocr_carea' id='block_1_21' title="bbox 1757 624 3338 695">
    <p class='ocr_par' dir='ltr' id='par_1_21' title="bbox 1757 624 3338 695">
     <span class='ocr_line' id='line_1_21' title="bbox 1757 624 3338 695; baseline -0.001 -17"><span class='ocrx_word' id='word_1_123' title='bbox 1757 625 1851 678; x_wconf 87' lang='lat' dir='ltr'><strong>sed</strong></span> <span class='ocrx_word' id='word_1_124' title='bbox 1912 624 2107 678; x_wconf 86' lang='lat' dir='ltr'><strong>iterum</strong></span> <span class='ocrx_word' id='word_1_125' title='bbox 2154 640 2451 679; x_wconf 78' lang='lat' dir='ltr'><strong>occurrens</strong></span> <span class='ocrx_word' id='word_1_126' title='bbox 2511 625 2867 695; x_wconf 81' lang='lat' dir='ltr'><strong>martyribus,</strong></span> <span class='ocrx_word' id='word_1_127' title='bbox 2929 624 3127 678; x_wconf 86' lang='lat' dir='ltr'><strong>iterum</strong></span> <span class='ocrx_word' id='word_1_128' title='bbox 3191 625 3338 680; x_wconf 80' lang='lat' dir='ltr'><strong>sicut</strong></span> 
     </span>
    </p>
   </div>
   <div class='ocr_carea' id='block_1_22' title="bbox 1760 716 3334 786">
    <p class='ocr_par' dir='ltr' id='par_1_22' title="bbox 1760 716 3334 786">
     <span class='ocr_line' id='line_1_22' title="bbox 1760 716 3334 786; baseline -0.001 -19"><span class='ocrx_word' id='word_1_129' title='bbox 1760 716 1912 786; x_wconf 91' lang='lat' dir='ltr'><strong>prius</strong></span> <span class='ocrx_word' id='word_1_130' title='bbox 1941 716 2351 780; x_wconf 78' lang='lat' dir='ltr'><strong>absolvcbatur,</strong></span> <span class='ocrx_word' id='word_1_131' title='bbox 2386 725 2600 783; x_wconf 85' lang='lat' dir='ltr'><strong>tempus</strong></span> <span class='ocrx_word' id='word_1_132' title='bbox 2632 716 2751 768; x_wconf 64' lang='lat' dir='ltr'><strong>vita!</strong></span> <span class='ocrx_word' id='word_1_133' title='bbox 2777 716 3051 769; x_wconf 72' lang='lat' dir='ltr'><strong>infinitum</strong></span> <span class='ocrx_word' id='word_1_134' title='bbox 3084 717 3334 786; x_wconf 80' lang='lat' dir='ltr'><strong>adeptus.</strong></span> 
     </span>
    </p>
   </div>
   <div class='ocr_carea' id='block_1_23' title="bbox 1760 805 3338 874">
    <p class='ocr_par' dir='ltr' id='par_1_23' title="bbox 1760 805 3338 874">
     <span class='ocr_line' id='line_1_23' title="bbox 1760 805 3338 874; baseline 0.001 -17"><span class='ocrx_word' id='word_1_135' title='bbox 1760 807 1862 874; x_wconf 85' lang='lat' dir='ltr'><strong>Qui</strong></span> <span class='ocrx_word' id='word_1_136' title='bbox 1920 806 2163 860; x_wconf 81' lang='lat' dir='ltr'><strong>secundo</strong></span> <span class='ocrx_word' id='word_1_137' title='bbox 2213 805 2529 865; x_wconf 66' lang='lat' dir='ltr'><strong>defunctus,</strong></span> <span class='ocrx_word' id='word_1_138' title='bbox 2564 813 2618 858; x_wconf 89' lang='lat' dir='ltr'><strong>et</strong></span> <span class='ocrx_word' id='word_1_139' title='bbox 2652 823 2678 857; x_wconf 87' lang='lat' dir='ltr'><strong>a</strong></span> <span class='ocrx_word' id='word_1_140' title='bbox 2714 813 2890 860; x_wconf 87' lang='lat' dir='ltr'><strong>morte</strong></span> <span class='ocrx_word' id='word_1_141' title='bbox 2931 806 3176 860; x_wconf 83' lang='lat' dir='ltr'><strong>secundo</strong></span> <span class='ocrx_word' id='word_1_142' title='bbox 3222 807 3338 860; x_wconf 81' lang='lat' dir='ltr'><strong>ela-</strong></span> 
     </span>
    </p>
   </div>
   <div class='ocr_carea' id='block_1_24' title="bbox 1764 897 3342 967">
    <p class='ocr_par' dir='ltr' id='par_1_24' title="bbox 1764 897 3342 967">
     <span class='ocr_line' id='line_1_24' title="bbox 1764 897 3342 967; baseline 0.002 -18"><span class='ocrx_word' id='word_1_143' title='bbox 1764 914 1917 967; x_wconf 75' lang='lat' dir='ltr'><strong>psus,</strong></span> <span class='ocrx_word' id='word_1_144' title='bbox 1972 906 2289 951; x_wconf 87' lang='lat' dir='ltr'><strong>sanctorum</strong></span> <span class='ocrx_word' id='word_1_145' title='bbox 2332 900 2474 966; x_wconf 87' lang='lat' dir='ltr'><strong>apud</strong></span> <span class='ocrx_word' id='word_1_146' title='bbox 2527 897 2692 949; x_wconf 86' lang='lat' dir='ltr'><strong>Deum</strong></span> <span class='ocrx_word' id='word_1_147' title='bbox 2750 897 2947 952; x_wconf 62' lang='lat' dir='ltr'><strong>habitae</strong></span> <span class='ocrx_word' id='word_1_148' title='bbox 2997 899 3342 954; x_wconf 74' lang='lat' dir='ltr'><strong>confidentia:</strong></span> 
     </span>
    </p>
   </div>
   <div class='ocr_carea' id='block_1_25' title="bbox 1763 990 3337 1060">
    <p class='ocr_par' dir='ltr' id='par_1_25' title="bbox 1763 990 3337 1060">
     <span class='ocr_line' id='line_1_25' title="bbox 1763 990 3337 1060; baseline 0.001 -19"><span class='ocrx_word' id='word_1_149' title='bbox 1763 991 2014 1044; x_wconf 88' lang='lat' dir='ltr'><strong>constitit</strong></span> <span class='ocrx_word' id='word_1_150' title='bbox 2043 990 2228 1047; x_wconf 74' lang='lat' dir='ltr'><strong>index.</strong></span> <span class='ocrx_word' id='word_1_151' title='bbox 2269 1001 2317 1043; x_wconf 90' lang='lat' dir='ltr'><strong>et</strong></span> <span class='ocrx_word' id='word_1_152' title='bbox 2350 991 2529 1056; x_wconf 77' lang='lat' dir='ltr'><strong>imago</strong></span> <span class='ocrx_word' id='word_1_153' title='bbox 2560 990 2784 1043; x_wconf 74' lang='lat' dir='ltr'><strong>virtutis</strong></span> <span class='ocrx_word' id='word_1_154' title='bbox 2811 1006 3002 1042; x_wconf 82' lang='lat' dir='ltr'><strong>eorum</strong></span> <span class='ocrx_word' id='word_1_155' title='bbox 3037 999 3090 1043; x_wconf 86' lang='lat' dir='ltr'><strong>et</strong></span> <span class='ocrx_word' id='word_1_156' title='bbox 3125 991 3337 1060; x_wconf 71' lang='lat' dir='ltr'><strong>gratim.</strong></span> 
     </span>
    </p>
   </div>
   <div class='ocr_carea' id='block_1_26' title="bbox 1768 1080 3343 1151">
    <p class='ocr_par' dir='ltr' id='par_1_26' title="bbox 1768 1080 3343 1151">
     <span class='ocr_line' id='line_1_26' title="bbox 1768 1080 3343 1151; baseline 0.001 -19"><span class='ocrx_word' id='word_1_157' title='bbox 1768 1081 1875 1134; x_wconf 73' lang='lat' dir='ltr'><strong>Nos</strong></span> <span class='ocrx_word' id='word_1_158' title='bbox 1913 1093 2093 1132; x_wconf 80' lang='lat' dir='ltr'><strong>autem</strong></span> <span class='ocrx_word' id='word_1_159' title='bbox 2147 1081 2531 1150; x_wconf 77' lang='lat' dir='ltr'><strong>presbyterum</strong></span> <span class='ocrx_word' id='word_1_160' title='bbox 2578 1080 2742 1134; x_wconf 87' lang='lat' dir='ltr'><strong>istum</strong></span> <span class='ocrx_word' id='word_1_161' title='bbox 2797 1083 3078 1149; x_wconf 79' lang='lat' dir='ltr'><strong>egregium</strong></span> <span class='ocrx_word' id='word_1_162' title='bbox 3113 1096 3211 1150; x_wconf 91' lang='lat' dir='ltr'><strong>pro</strong></span> <span class='ocrx_word' id='word_1_163' title='bbox 3246 1095 3343 1151; x_wconf 71' lang='lat' dir='ltr'><strong>np-</strong></span> 
     </span>
    </p>
   </div>
   <div class='ocr_carea' id='block_1_27' title="bbox 1766 1169 3340 1242">
    <p class='ocr_par' dir='ltr' id='par_1_27' title="bbox 1766 1169 3340 1242">
     <span class='ocr_line' id='line_1_27' title="bbox 1766 1169 3340 1242; baseline 0.001 -19"><span class='ocrx_word' id='word_1_164' title='bbox 1766 1169 1848 1223; x_wconf 87' lang='lat' dir='ltr'><strong>bis</strong></span> <span class='ocrx_word' id='word_1_165' title='bbox 1892 1170 2235 1224; x_wconf 73' lang='lat' dir='ltr'><strong>iutet&#39;cmicre</strong></span> <span class='ocrx_word' id='word_1_166' title='bbox 2284 1170 2422 1237; x_wconf 88' lang='lat' dir='ltr'><strong>apud</strong></span> <span class='ocrx_word' id='word_1_167' title='bbox 2475 1183 2694 1225; x_wconf 82' lang='lat' dir='ltr'><strong>sanctos</strong></span> <span class='ocrx_word' id='word_1_168' title='bbox 2754 1181 3021 1240; x_wconf 77' lang='lat' dir='ltr'><strong>petentes.</strong></span> <span class='ocrx_word' id='word_1_169' title='bbox 3057 1181 3111 1225; x_wconf 85' lang='lat' dir='ltr'><strong>et</strong></span> <span class='ocrx_word' id='word_1_170' title='bbox 3152 1179 3340 1242; x_wconf 81' lang='lat' dir='ltr'><strong>patro-</strong></span> 
     </span>
    </p>
   </div>
   <div class='ocr_carea' id='block_1_28' title="bbox 1765 1262 3341 1331">
    <p class='ocr_par' dir='ltr' id='par_1_28' title="bbox 1765 1262 3341 1331">
     <span class='ocr_line' id='line_1_28' title="bbox 1765 1262 3341 1331; baseline 0.002 -16"><span class='ocrx_word' id='word_1_171' title='bbox 1765 1276 1865 1315; x_wconf 84' lang='lat' dir='ltr'><strong>nos</strong></span> <span class='ocrx_word' id='word_1_172' title='bbox 1897 1263 2060 1316; x_wconf 87' lang='lat' dir='ltr'><strong>etiam</strong></span> <span class='ocrx_word' id='word_1_173' title='bbox 2108 1274 2352 1317; x_wconf 82' lang='lat' dir='ltr'><strong>nostrum</strong></span> <span class='ocrx_word' id='word_1_174' title='bbox 2403 1262 2581 1317; x_wconf 82' lang='lat' dir='ltr'><strong>facere</strong></span> <span class='ocrx_word' id='word_1_175' title='bbox 2611 1266 2973 1331; x_wconf 81' lang='lat' dir='ltr'><strong>posui!autes,</strong></span> <span class='ocrx_word' id='word_1_176' title='bbox 3018 1265 3085 1319; x_wconf 91' lang='lat' dir='ltr'><strong>ad</strong></span> <span class='ocrx_word' id='word_1_177' title='bbox 3114 1266 3341 1319; x_wconf 80' lang='lat' dir='ltr'><strong>alterius</strong></span> 
     </span>
    </p>
   </div>
   <div class='ocr_carea' id='block_1_29' title="bbox 1764 1351 2793 1421">
    <p class='ocr_par' dir='ltr' id='par_1_29' title="bbox 1764 1351 2793 1421">
     <span class='ocr_line' id='line_1_29' title="bbox 1764 1351 2793 1421; baseline 0.003 -18"><span class='ocrx_word' id='word_1_178' title='bbox 1764 1351 2082 1421; x_wconf 75' lang='lat' dir='ltr'><strong>gradiantur</strong></span> <span class='ocrx_word' id='word_1_179' title='bbox 2112 1354 2485 1406; x_wconf 71' lang='lat' dir='ltr'><strong>narrationi-tu</strong></span> <span class='ocrx_word' id='word_1_180' title='bbox 2519 1353 2793 1407; x_wconf 76' lang='lat' dir='ltr'><strong>miraculi.</strong></span> 
     </span>
    </p>
   </div>
   <div class='ocr_carea' id='block_1_30' title="bbox 1842 1536 3271 1610">
    <p class='ocr_par' dir='ltr' id='par_1_30' title="bbox 1842 1536 3271 1610">
     <span class='ocr_line' id='line_1_30' title="bbox 1842 1536 3271 1610; baseline 0.005 -19"><span class='ocrx_word' id='word_1_181' title='bbox 1842 1536 1948 1591; x_wconf 88' lang='lat' dir='ltr'><strong>LII.</strong></span> <span class='ocrx_word' id='word_1_182' title='bbox 1994 1537 2068 1591; x_wconf 87' lang='lat' dir='ltr'><strong>De</strong></span> <span class='ocrx_word' id='word_1_183' title='bbox 2106 1536 2323 1591; x_wconf 80' lang='lat' dir='ltr'><strong>Zosimo</strong></span> <span class='ocrx_word' id='word_1_184' title='bbox 2356 1539 2627 1592; x_wconf 77' lang='lat' dir='ltr'><strong>archiatro</strong></span> <span class='ocrx_word' id='word_1_185' title='bbox 2662 1540 2938 1610; x_wconf 77' lang='lat' dir='ltr'><strong>paralysin</strong></span> <span class='ocrx_word' id='word_1_186' title='bbox 2963 1542 3271 1598; x_wconf 70' lang='lat' dir='ltr'><strong>sustinente.</strong></span> 
     </span>
    </p>
   </div>
   <div class='ocr_carea' id='block_1_31' title="bbox 1842 1716 3341 1787">
    <p class='ocr_par' dir='ltr' id='par_1_31' title="bbox 1842 1716 3341 1787">
     <span class='ocr_line' id='line_1_31' title="bbox 1842 1716 3341 1787; baseline 0.006 -21"><span class='ocrx_word' id='word_1_187' title='bbox 1842 1716 2000 1769; x_wconf 75' lang='lat' dir='ltr'><strong>\‘enit</strong></span> <span class='ocrx_word' id='word_1_188' title='bbox 2052 1717 2346 1784; x_wconf 84' lang='lat' dir='ltr'><strong>aliquando</strong></span> <span class='ocrx_word' id='word_1_189' title='bbox 2373 1725 2427 1771; x_wconf 89' lang='lat' dir='ltr'><strong>et</strong></span> <span class='ocrx_word' id='word_1_190' title='bbox 2451 1716 2786 1787; x_wconf 82' lang='lat' dir='ltr'><strong>Byzantinus</strong></span> <span class='ocrx_word' id='word_1_191' title='bbox 2814 1718 3069 1775; x_wconf 89' lang='lat' dir='ltr'><strong>Zosimus</strong></span> <span class='ocrx_word' id='word_1_192' title='bbox 3100 1722 3341 1786; x_wconf 88' lang='lat' dir='ltr'><strong>nomine,</strong></span> 
     </span>
    </p>
   </div>
   <div class='ocr_carea' id='block_1_32' title="bbox 59 1804 1661 1884">
    <p class='ocr_par' dir='ltr' id='par_1_32' title="bbox 59 1804 1658 1875">
     <span class='ocr_line' id='line_1_32' title="bbox 59 1804 1658 1875; baseline 0.001 -20"><span class='ocrx_word' id='word_1_193' title='bbox 59 1805 297 1875; x_wconf 75' lang='grc' dir='ltr'>χιητρδς</span> <span class='ocrx_word' id='word_1_194' title='bbox 321 1804 381 1857; x_wconf 75' lang='grc' dir='ltr'>τὸ</span> <span class='ocrx_word' id='word_1_195' title='bbox 429 1806 805 1874; x_wconf 78' lang='grc' dir='ltr'>ἐπιτήδευμα,</span> <span class='ocrx_word' id='word_1_196' title='bbox 846 1807 937 1859; x_wconf 72' lang='grc' dir='ltr'><strong>καὶ</strong></span> <span class='ocrx_word' id='word_1_197' title='bbox 966 1805 1027 1859; x_wconf 76' lang='grc' dir='ltr'><strong>τὸ</strong></span> <span class='ocrx_word' id='word_1_198' title='bbox 1079 1806 1249 1868; x_wconf 86' lang='grc' dir='ltr'>πάθος</span> <span class='ocrx_word' id='word_1_199' title='bbox 1306 1804 1616 1874; x_wconf 76' lang='grc' dir='ltr'>παράλυτος</span> <span class='ocrx_word' id='word_1_200' title='bbox 1647 1822 1658 1834; x_wconf 94' lang='grc'><strong>·</strong></span> 
     </span>
    </p>
   </div>
   <div class='ocr_carea' id='block_1_33' title="bbox 1769 1804 3346 1884">
    <p class='ocr_par' dir='ltr' id='par_1_33' title="bbox 1769 1811 3346 1884">
     <span class='ocr_line' id='line_1_33' title="bbox 1769 1811 3346 1884; baseline 0.004 -21"><span class='ocrx_word' id='word_1_201' title='bbox 1769 1812 1948 1863; x_wconf 82' lang='lat' dir='ltr'><strong>studio</strong></span> <span class='ocrx_word' id='word_1_202' title='bbox 1982 1827 2108 1862; x_wconf 73' lang='lat' dir='ltr'><strong>mro</strong></span> <span class='ocrx_word' id='word_1_203' title='bbox 2159 1811 2407 1865; x_wconf 77' lang='lat' dir='ltr'><strong>medicus</strong></span> <span class='ocrx_word' id='word_1_204' title='bbox 2456 1826 2726 1877; x_wconf 86' lang='lat' dir='ltr'><strong>summus,</strong></span> <span class='ocrx_word' id='word_1_205' title='bbox 2774 1823 2828 1867; x_wconf 88' lang='lat' dir='ltr'><strong>et</strong></span> <span class='ocrx_word' id='word_1_206' title='bbox 2860 1816 3190 1884; x_wconf 71' lang='lat' dir='ltr'><strong>paralytio&#39;us</strong></span> <span class='ocrx_word' id='word_1_207' title='bbox 3218 1830 3346 1882; x_wconf 80' lang='lat' dir='ltr'><strong>pas-</strong></span> 
     </span>
    </p>
   </div>
   <div class='ocr_carea' id='block_1_34' title="bbox 60 1897 1657 1969">
    <p class='ocr_par' dir='ltr' id='par_1_34' title="bbox 60 1897 1657 1969">
     <span class='ocr_line' id='line_1_34' title="bbox 60 1897 1657 1969; baseline 0.001 -21"><span class='ocrx_word' id='word_1_208' title='bbox 60 1900 166 1948; x_wconf 77' lang='grc' dir='ltr'><strong>καὶ</strong></span> <span class='ocrx_word' id='word_1_209' title='bbox 196 1897 359 1949; x_wconf 78' lang='grc' dir='ltr'>πόθεν</span> <span class='ocrx_word' id='word_1_210' title='bbox 394 1898 493 1966; x_wconf 81' lang='grc' dir='ltr'><strong>μὲν</strong></span> <span class='ocrx_word' id='word_1_211' title='bbox 529 1898 680 1964; x_wconf 71' lang='grc' dir='ltr'>αὐτῷ</span> <span class='ocrx_word' id='word_1_212' title='bbox 715 1898 774 1950; x_wconf 59' lang='grc' dir='ltr'><strong>το</strong></span> <span class='ocrx_word' id='word_1_213' title='bbox 832 1898 1003 1962; x_wconf 81' lang='grc' dir='ltr'>πάθος</span> <span class='ocrx_word' id='word_1_214' title='bbox 1030 1898 1314 1969; x_wconf 77' lang='grc' dir='ltr'>γεγένητο,</span> <span class='ocrx_word' id='word_1_215' title='bbox 1349 1897 1529 1966; x_wconf 77' lang='grc' dir='ltr'>λέγειν</span> <span class='ocrx_word' id='word_1_216' title='bbox 1558 1898 1657 1949; x_wconf 84' lang='grc' dir='ltr'><strong>οὐκ</strong></span> 
     </span>
    </p>
   </div>
   <div class='ocr_carea' id='block_1_35' title="bbox 62 1986 1658 2061">
    <p class='ocr_par' dir='ltr' id='par_1_35' title="bbox 62 1986 1658 2061">
     <span class='ocr_line' id='line_1_35' title="bbox 62 1986 1658 2061; baseline -0.001 -19"><span class='ocrx_word' id='word_1_217' title='bbox 62 1990 292 2059; x_wconf 74' lang='grc' dir='ltr'>ἔχομεν,</span> <span class='ocrx_word' id='word_1_218' title='bbox 326 1990 466 2061; x_wconf 70' lang='grc' dir='ltr'>πλὴν</span> <span class='ocrx_word' id='word_1_219' title='bbox 503 1992 584 2042; x_wconf 84' lang='grc' dir='ltr'>ὅτι</span> <span class='ocrx_word' id='word_1_220' title='bbox 613 1992 852 2060; x_wconf 85' lang='grc' dir='ltr'>πάρετος</span> <span class='ocrx_word' id='word_1_221' title='bbox 888 1986 978 2061; x_wconf 78' lang='grc' dir='ltr'>ἦν,</span> <span class='ocrx_word' id='word_1_222' title='bbox 1030 1992 1125 2042; x_wconf 78' lang='grc' dir='ltr'><strong>καὶ</strong></span> <span class='ocrx_word' id='word_1_223' title='bbox 1159 1991 1225 2043; x_wconf 82' lang='grc' dir='ltr'><strong>τά</strong></span> <span class='ocrx_word' id='word_1_224' title='bbox 1250 1990 1349 2058; x_wconf 76' lang='grc' dir='ltr'>τῆς</span> <span class='ocrx_word' id='word_1_225' title='bbox 1372 1989 1658 2059; x_wconf 87' lang='grc' dir='ltr'>παρέσεως</span> 
     </span>
    </p>
   </div>
   <div class='ocr_carea' id='block_1_36' title="bbox 62 2081 1655 2153">
    <p class='ocr_par' dir='ltr' id='par_1_36' title="bbox 62 2081 1655 2153">
     <span class='ocr_line' id='line_1_36' title="bbox 62 2081 1655 2153; baseline -0.001 -19"><span class='ocrx_word' id='word_1_226' title='bbox 62 2081 237 2152; x_wconf 71' lang='grc' dir='ltr'>ἔφερε</span> <span class='ocrx_word' id='word_1_227' title='bbox 261 2084 326 2151; x_wconf 84' lang='grc' dir='ltr'>σή</span> <span class='ocrx_word' id='word_1_228' title='bbox 337 2099 575 2153; x_wconf 84' lang='grc' dir='ltr'>μαντρα,</span> <span class='ocrx_word' id='word_1_229' title='bbox 606 2083 667 2134; x_wconf 79' lang='grc' dir='ltr'><strong>ού</strong></span> <span class='ocrx_word' id='word_1_230' title='bbox 689 2081 842 2151; x_wconf 80' lang='grc' dir='ltr'>μέλει</span> <span class='ocrx_word' id='word_1_231' title='bbox 872 2083 951 2136; x_wconf 68' lang='grc' dir='ltr'>ὲν),</span> <span class='ocrx_word' id='word_1_232' title='bbox 980 2082 1265 2152; x_wconf 74' lang='grc' dir='ltr'>βαστάζων</span> <span class='ocrx_word' id='word_1_233' title='bbox 1278 2082 1377 2152; x_wconf 81' lang='grc' dir='ltr'>τὴν</span> <span class='ocrx_word' id='word_1_234' title='bbox 1401 2082 1655 2153; x_wconf 79' lang='grc' dir='ltr'>πάρεσιν,</span> 
     </span>
    </p>
   </div>
   <div class='ocr_carea' id='block_1_37' title="bbox 61 2168 1652 2245">
    <p class='ocr_par' dir='ltr' id='par_1_37' title="bbox 61 2168 1652 2245">
     <span class='ocr_line' id='line_1_37' title="bbox 61 2168 1652 2245; baseline 0.001 -20"><span class='ocrx_word' id='word_1_235' title='bbox 61 2173 191 2225; x_wconf 82' lang='grc' dir='ltr'>ἀλλ’</span> <span class='ocrx_word' id='word_1_236' title='bbox 243 2174 386 2236; x_wconf 82' lang='grc' dir='ltr'>ὅλοις</span> <span class='ocrx_word' id='word_1_237' title='bbox 415 2173 510 2225; x_wconf 76' lang='grc' dir='ltr'>καὶ</span> <span class='ocrx_word' id='word_1_238' title='bbox 560 2172 637 2244; x_wconf 84' lang='grc' dir='ltr'>τῷ</span> <span class='ocrx_word' id='word_1_239' title='bbox 680 2175 856 2227; x_wconf 78' lang='grc' dir='ltr'>ταῦτα</span> <span class='ocrx_word' id='word_1_240' title='bbox 895 2176 1176 2245; x_wconf 79' lang='grc' dir='ltr'>συνέχονιι</span> <span class='ocrx_word' id='word_1_241' title='bbox 1214 2174 1449 2244; x_wconf 83' lang='grc' dir='ltr'>σώματι.</span> <span class='ocrx_word' id='word_1_242' title='bbox 1483 2168 1652 2237; x_wconf 70' lang='grc' dir='ltr'>Οὗτος</span> 
     </span>
    </p>
   </div>
   <div class='ocr_carea' id='block_1_38' title="bbox 62 2264 1658 2337">
    <p class='ocr_par' dir='ltr' id='par_1_38' title="bbox 62 2264 1658 2337">
     <span class='ocr_line' id='line_1_38' title="bbox 62 2264 1658 2337; baseline 0 -19"><span class='ocrx_word' id='word_1_243' title='bbox 62 2264 199 2318; x_wconf 70' lang='grc' dir='ltr'>οὔτε</span> <span class='ocrx_word' id='word_1_244' title='bbox 256 2264 410 2317; x_wconf 76' lang='grc' dir='ltr'>δυσὶν</span> <span class='ocrx_word' id='word_1_245' title='bbox 463 2266 688 2337; x_wconf 71' lang='grc' dir='ltr'>ἠρκεῖτο</span> <span class='ocrx_word' id='word_1_246' title='bbox 749 2266 1141 2336; x_wconf 78' lang='grc' dir='ltr'>βαστάζεσθαι,</span> <span class='ocrx_word' id='word_1_247' title='bbox 1198 2267 1337 2320; x_wconf 76' lang='grc' dir='ltr'>ἀλλὰ</span> <span class='ocrx_word' id='word_1_248' title='bbox 1394 2267 1658 2319; x_wconf 78' lang='grc' dir='ltr'>πλειόνων</span> 
     </span>
    </p>
   </div>
   <div class='ocr_carea' id='block_1_39' title="bbox 63 2353 1659 2430">
    <p class='ocr_par' dir='ltr' id='par_1_39' title="bbox 63 2353 1659 2430">
     <span class='ocr_line' id='line_1_39' title="bbox 63 2353 1659 2430; baseline 0.003 -23"><span class='ocrx_word' id='word_1_249' title='bbox 63 2355 287 2409; x_wconf 76' lang='grc' dir='ltr'>ὲδέετο’</span> <span class='ocrx_word' id='word_1_250' title='bbox 313 2353 441 2408; x_wconf 78' lang='grc' dir='ltr'>οὔτε</span> <span class='ocrx_word' id='word_1_251' title='bbox 493 2359 550 2409; x_wconf 84' lang='grc' dir='ltr'>ὲν</span> <span class='ocrx_word' id='word_1_252' title='bbox 594 2356 752 2430; x_wconf 82' lang='grc' dir='ltr'>κλίνῃ</span> <span class='ocrx_word' id='word_1_253' title='bbox 780 2357 1087 2427; x_wconf 78' lang='grc' dir='ltr'>τιθέμενος,</span> <span class='ocrx_word' id='word_1_254' title='bbox 1118 2358 1252 2419; x_wconf 69' lang='grc' dir='ltr'>ὅλως</span> <span class='ocrx_word' id='word_1_255' title='bbox 1280 2357 1471 2411; x_wconf 77' lang='grc' dir='ltr'>ἑαυτὸν</span> <span class='ocrx_word' id='word_1_256' title='bbox 1500 2358 1659 2424; x_wconf 81' lang='grc' dir='ltr'>στρέ-</span> 
     </span>
    </p>
   </div>
   <div class='ocr_carea' id='block_1_40' title="bbox 64 2446 1655 2519">
    <p class='ocr_par' dir='ltr' id='par_1_40' title="bbox 64 2446 1655 2519">
     <span class='ocr_line' id='line_1_40' title="bbox 64 2446 1655 2519; baseline 0.003 -22"><span class='ocrx_word' id='word_1_257' title='bbox 64 2463 199 2513; x_wconf 76' lang='grc' dir='ltr'>φειν</span> <span class='ocrx_word' id='word_1_258' title='bbox 229 2446 478 2516; x_wconf 70' lang='grc' dir='ltr'>ἠδύνατο,</span> <span class='ocrx_word' id='word_1_259' title='bbox 523 2448 638 2500; x_wconf 84' lang='grc' dir='ltr'>ἀλλ’</span> <span class='ocrx_word' id='word_1_260' title='bbox 671 2449 859 2518; x_wconf 81' lang='grc' dir='ltr'>ἑτέρου</span> <span class='ocrx_word' id='word_1_261' title='bbox 906 2449 1000 2501; x_wconf 77' lang='grc' dir='ltr'>τοῦ</span> <span class='ocrx_word' id='word_1_262' title='bbox 1038 2450 1361 2519; x_wconf 78' lang='grc' dir='ltr'>στρέφοντος</span> <span class='ocrx_word' id='word_1_263' title='bbox 1405 2450 1655 2519; x_wconf 73' lang='grc' dir='ltr'>ἔχρῃζεν.</span> 
     </span>
    </p>
   </div>
   <div class='ocr_carea' id='block_1_41' title="bbox 62 2524 1659 2612">
    <p class='ocr_par' dir='ltr' id='par_1_41' title="bbox 62 2524 1659 2612">
     <span class='ocr_line' id='line_1_41' title="bbox 62 2524 1659 2612; baseline 0.003 -23"><span class='ocrx_word' id='word_1_264' title='bbox 62 2536 128 2590; x_wconf 67' lang='grc' dir='ltr'>οὔ</span> <span class='ocrx_word' id='word_1_265' title='bbox 144 2556 197 2590; x_wconf 78' lang='grc' dir='ltr'><strong>τε</strong></span> <span class='ocrx_word' id='word_1_266' title='bbox 236 2524 543 2608; x_wconf 70' lang='grc' dir='ltr'>βρωμάτιον</span> <span class='ocrx_word' id='word_1_267' title='bbox 573 2539 884 2609; x_wconf 79' lang='grc' dir='ltr'>ἁπτόμενος</span> <span class='ocrx_word' id='word_1_268' title='bbox 933 2541 1164 2605; x_wconf 74' lang='grc' dir='ltr'>οἰκείαις</span> <span class='ocrx_word' id='word_1_269' title='bbox 1203 2542 1363 2612; x_wconf 74' lang='grc' dir='ltr'>χερσὶ</span> <span class='ocrx_word' id='word_1_270' title='bbox 1392 2541 1659 2611; x_wconf 70' lang='grc' dir='ltr'>μετελάμο</span> 
     </span>
    </p>
   </div>
   <div class='ocr_carea' id='block_1_42' title="bbox 65 2629 1660 2702">
    <p class='ocr_par' dir='ltr' id='par_1_42' title="bbox 65 2629 1660 2702">
     <span class='ocr_line' id='line_1_42' title="bbox 65 2629 1660 2702; baseline 0.001 -19"><span class='ocrx_word' id='word_1_271' title='bbox 65 2632 262 2691; x_wconf 71' lang='grc' dir='ltr'>ϐανεν,</span> <span class='ocrx_word' id='word_1_272' title='bbox 288 2630 403 2683; x_wconf 79' lang='grc' dir='ltr'>ἀλλ’</span> <span class='ocrx_word' id='word_1_273' title='bbox 432 2629 590 2693; x_wconf 85' lang='grc' dir='ltr'>ἄλλος</span> <span class='ocrx_word' id='word_1_274' title='bbox 615 2631 778 2683; x_wconf 75' lang='grc' dir='ltr'>αὑτὸν</span> <span class='ocrx_word' id='word_1_275' title='bbox 822 2634 1234 2702; x_wconf 79' lang='grc' dir='ltr'>παριστάμενος</span> <span class='ocrx_word' id='word_1_276' title='bbox 1278 2632 1528 2701; x_wconf 80' lang='grc' dir='ltr'>ἔτρεφεν,</span> <span class='ocrx_word' id='word_1_277' title='bbox 1564 2634 1660 2685; x_wconf 73' lang='grc' dir='ltr'><strong>καὶ</strong></span> 
     </span>
    </p>
   </div>
   <div class='ocr_carea' id='block_1_43' title="bbox 65 2719 1662 2795">
    <p class='ocr_par' dir='ltr' id='par_1_43' title="bbox 65 2719 1662 2795">
     <span class='ocr_line' id='line_1_43' title="bbox 65 2719 1662 2795; baseline 0.001 -20"><span class='ocrx_word' id='word_1_278' title='bbox 65 2725 146 2784; x_wconf 81' lang='grc' dir='ltr'>ὡς</span> <span class='ocrx_word' id='word_1_279' title='bbox 174 2723 278 2775; x_wconf 69' lang='grc' dir='ltr'><strong>οὐκ</strong></span> <span class='ocrx_word' id='word_1_280' title='bbox 301 2719 369 2791; x_wconf 80' lang='grc' dir='ltr'>ἦν</span> <span class='ocrx_word' id='word_1_281' title='bbox 395 2722 581 2792; x_wconf 80' lang='grc' dir='ltr'>ἰατρὸς</span> <span class='ocrx_word' id='word_1_282' title='bbox 616 2722 983 2794; x_wconf 80' lang='grc' dir='ltr'><strong>ἀπηλέγχετο,</strong></span> <span class='ocrx_word' id='word_1_283' title='bbox 1026 2725 1120 2777; x_wconf 73' lang='grc' dir='ltr'><strong>καὶ</strong></span> <span class='ocrx_word' id='word_1_284' title='bbox 1147 2724 1242 2795; x_wconf 79' lang='grc' dir='ltr'><strong>τὴν</strong></span> <span class='ocrx_word' id='word_1_285' title='bbox 1271 2724 1467 2794; x_wconf 82' lang='grc' dir='ltr'>τέχνην</span> <span class='ocrx_word' id='word_1_286' title='bbox 1500 2724 1662 2777; x_wconf 83' lang='grc' dir='ltr'>ἀσθε-</span> 
     </span>
    </p>
   </div>
   <div class='ocr_carea' id='block_1_44' title="bbox 65 2813 1656 2886">
    <p class='ocr_par' dir='ltr' id='par_1_44' title="bbox 65 2813 1656 2886">
     <span class='ocr_line' id='line_1_44' title="bbox 65 2813 1656 2886; baseline 0.001 -21"><span class='ocrx_word' id='word_1_287' title='bbox 65 2814 273 2867; x_wconf 73' lang='grc' dir='ltr'>νοῦσαν</span> <span class='ocrx_word' id='word_1_288' title='bbox 322 2813 583 2876; x_wconf 77' lang='grc' dir='ltr'>ἐδείκνυε,</span> <span class='ocrx_word' id='word_1_289' title='bbox 615 2815 709 2867; x_wconf 74' lang='grc' dir='ltr'><strong>καὶ</strong></span> <span class='ocrx_word' id='word_1_290' title='bbox 753 2814 932 2877; x_wconf 83' lang='grc' dir='ltr'>ἄλλοις</span> <span class='ocrx_word' id='word_1_291' title='bbox 963 2814 1436 2886; x_wconf 84' lang='grc' dir='ltr'>ἐπαγγελλόμενος</span> <span class='ocrx_word' id='word_1_292' title='bbox 1493 2816 1656 2875; x_wconf 76' lang='grc' dir='ltr'>ἴασιν,</span> 
     </span>
    </p>
   </div>
   <div class='ocr_carea' id='block_1_45' title="bbox 67 2902 1660 2975">
    <p class='ocr_par' dir='ltr' id='par_1_45' title="bbox 67 2902 1660 2975">
     <span class='ocr_line' id='line_1_45' title="bbox 67 2902 1660 2975; baseline -0.001 -18"><span class='ocrx_word' id='word_1_293' title='bbox 67 2903 258 2973; x_wconf 80' lang='grc' dir='ltr'>ἐαυτῷ</span> <span class='ocrx_word' id='word_1_294' title='bbox 313 2903 529 2974; x_wconf 73' lang='grc' dir='ltr'>βοηθεῖν</span> <span class='ocrx_word' id='word_1_295' title='bbox 570 2902 670 2956; x_wconf 82' lang='grc' dir='ltr'><strong>οὐκ</strong></span> <span class='ocrx_word' id='word_1_296' title='bbox 708 2903 960 2973; x_wconf 72' lang='grc' dir='ltr'>ἠδύνατο,</span> <span class='ocrx_word' id='word_1_297' title='bbox 994 2903 1109 2956; x_wconf 82' lang='grc' dir='ltr'>ἀλλ’</span> <span class='ocrx_word' id='word_1_298' title='bbox 1144 2905 1224 2966; x_wconf 82' lang='grc' dir='ltr'><strong>είς</strong></span> <span class='ocrx_word' id='word_1_299' title='bbox 1245 2906 1458 2975; x_wconf 85' lang='grc' dir='ltr'>ἄμυναν</span> <span class='ocrx_word' id='word_1_300' title='bbox 1475 2902 1660 2956; x_wconf 78' lang='grc' dir='ltr'>ἐκάλει</span> 
     </span>
    </p>
   </div>
   <div class='ocr_carea' id='block_1_46' title="bbox 66 2997 541 3068">
    <p class='ocr_par' dir='ltr' id='par_1_46' title="bbox 66 2997 541 3068">
     <span class='ocr_line' id='line_1_46' title="bbox 66 2997 541 3068; baseline -0.002 -18"><span class='ocrx_word' id='word_1_301' title='bbox 66 3001 203 3059; x_wconf 71' lang='grc' dir='ltr'>τοὺς</span> <span class='ocrx_word' id='word_1_302' title='bbox 236 2997 541 3068; x_wconf 80' lang='grc' dir='ltr'>μάρτυρας.</span> 
     </span>
    </p>
   </div>
   <div class='ocr_carea' id='block_1_47' title="bbox 155 3083 1659 3158">
    <p class='ocr_par' dir='ltr' id='par_1_47' title="bbox 155 3083 1659 3158">
     <span class='ocr_line' id='line_1_47' title="bbox 155 3083 1659 3158; baseline -0.003 -17"><span class='ocrx_word' id='word_1_303' title='bbox 155 3087 362 3141; x_wconf 71' lang='grc' dir='ltr'>Ἐλθὼν</span> <span class='ocrx_word' id='word_1_304' title='bbox 397 3083 488 3140; x_wconf 77' lang='grc' dir='ltr'><strong>οὖν</strong></span> <span class='ocrx_word' id='word_1_305' title='bbox 517 3086 654 3157; x_wconf 77' lang='grc' dir='ltr'>πρὸς</span> <span class='ocrx_word' id='word_1_306' title='bbox 677 3088 803 3151; x_wconf 75' lang='grc' dir='ltr'>τοὺς</span> <span class='ocrx_word' id='word_1_307' title='bbox 849 3086 1018 3150; x_wconf 85' lang='grc' dir='ltr'>δντως</span> <span class='ocrx_word' id='word_1_308' title='bbox 1056 3087 1277 3158; x_wconf 73' lang='grc' dir='ltr'>ἰατροὺς</span> <span class='ocrx_word' id='word_1_309' title='bbox 1303 3085 1397 3139; x_wconf 75' lang='grc' dir='ltr'><strong>καὶ</strong></span> <span class='ocrx_word' id='word_1_310' title='bbox 1425 3087 1455 3139; x_wconf 82' lang='grc' dir='ltr'>ὁ</span> <span class='ocrx_word' id='word_1_311' title='bbox 1484 3083 1659 3140; x_wconf 82' lang='grc' dir='ltr'>Ζώσι-</span> 
     </span>
    </p>
   </div>
   <div class='ocr_carea' id='block_1_48' title="bbox 74 3178 1656 3251">
    <p class='ocr_par' dir='ltr' id='par_1_48' title="bbox 74 3178 1656 3251">
     <span class='ocr_line' id='line_1_48' title="bbox 74 3178 1656 3251; baseline -0.001 -19"><span class='ocrx_word' id='word_1_312' title='bbox 74 3197 202 3248; x_wconf 84' lang='grc' dir='ltr'>μος,</span> <span class='ocrx_word' id='word_1_313' title='bbox 236 3181 329 3232; x_wconf 76' lang='grc' dir='ltr'><strong>καὶ</strong></span> <span class='ocrx_word' id='word_1_314' title='bbox 357 3180 717 3251; x_wconf 84' lang='grc' dir='ltr'>μαρτυρήσας</span> <span class='ocrx_word' id='word_1_315' title='bbox 767 3179 955 3242; x_wconf 77' lang='grc' dir='ltr'>αὐτοῖς</span> <span class='ocrx_word' id='word_1_316' title='bbox 982 3179 1044 3231; x_wconf 80' lang='grc' dir='ltr'><strong>τὸ</strong></span> <span class='ocrx_word' id='word_1_317' title='bbox 1077 3178 1283 3243; x_wconf 77' lang='grc' dir='ltr'>προσὸν</span> <span class='ocrx_word' id='word_1_318' title='bbox 1310 3178 1656 3243; x_wconf 78' lang='grc' dir='ltr'>ἀλεξίκακον,</span> 
     </span>
    </p>
   </div>
   <div class='ocr_carea' id='block_1_49' title="bbox 70 3271 1663 3342">
    <p class='ocr_par' dir='ltr' id='par_1_49' title="bbox 70 3271 1663 3342">
     <span class='ocr_line' id='line_1_49' title="bbox 70 3271 1663 3342; baseline 0 -20"><span class='ocrx_word' id='word_1_319' title='bbox 70 3272 268 3323; x_wconf 81' lang='grc' dir='ltr'>τούτου</span> <span class='ocrx_word' id='word_1_320' title='bbox 300 3275 479 3341; x_wconf 82' lang='grc' dir='ltr'>τυχεῖν</span> <span class='ocrx_word' id='word_1_321' title='bbox 502 3272 800 3333; x_wconf 79' lang='grc' dir='ltr'>ὲλιτάνευε,</span> <span class='ocrx_word' id='word_1_322' title='bbox 820 3271 914 3324; x_wconf 72' lang='grc' dir='ltr'>καὶ</span> <span class='ocrx_word' id='word_1_323' title='bbox 942 3271 1238 3325; x_wconf 87' lang='grc' dir='ltr'>λιτανεύων</span> <span class='ocrx_word' id='word_1_324' title='bbox 1270 3273 1500 3342; x_wconf 82' lang='grc' dir='ltr'>ἐπέτυχε</span> <span class='ocrx_word' id='word_1_325' title='bbox 1521 3312 1536 3334; x_wconf 93' lang='grc'><strong>,</strong></span> <span class='ocrx_word' id='word_1_326' title='bbox 1568 3272 1663 3324; x_wconf 71' lang='grc' dir='ltr'><strong>καὶ</strong></span> 
     </span>
    </p>
   </div>
   <div class='ocr_carea' id='block_1_50' title="bbox 70 3359 1662 3432">
    <p class='ocr_par' dir='ltr' id='par_1_50' title="bbox 70 3359 1662 3432">
     <span class='ocr_line' id='line_1_50' title="bbox 70 3359 1662 3432; baseline -0.001 -19"><span class='ocrx_word' id='word_1_327' title='bbox 70 3360 256 3431; x_wconf 73' lang='grc' dir='ltr'>τυχὼν</span> <span class='ocrx_word' id='word_1_328' title='bbox 276 3362 521 3430; x_wconf 81' lang='grc' dir='ltr'>ἁπήλαυε</span> <span class='ocrx_word' id='word_1_329' title='bbox 556 3359 797 3431; x_wconf 79' lang='grc' dir='ltr'>ῥώσεως.</span> <span class='ocrx_word' id='word_1_330' title='bbox 815 3362 978 3431; x_wconf 87' lang='grc' dir='ltr'>Τρεῖς</span> <span class='ocrx_word' id='word_1_331' title='bbox 999 3362 1109 3431; x_wconf 80' lang='grc' dir='ltr'><strong>γὰρ</strong></span> <span class='ocrx_word' id='word_1_332' title='bbox 1137 3362 1302 3431; x_wconf 75' lang='grc' dir='ltr'>μόνας</span> <span class='ocrx_word' id='word_1_333' title='bbox 1321 3363 1426 3432; x_wconf 82' lang='grc' dir='ltr'>ήμέ</span> <span class='ocrx_word' id='word_1_334' title='bbox 1438 3379 1536 3432; x_wconf 84' lang='grc' dir='ltr'><strong>ρας</strong></span> <span class='ocrx_word' id='word_1_335' title='bbox 1549 3364 1662 3424; x_wconf 86' lang='grc' dir='ltr'>τοῖς</span> 
     </span>
    </p>
   </div>
   <div class='ocr_carea' id='block_1_51' title="bbox 74 3451 1660 3523">
    <p class='ocr_par' dir='ltr' id='par_1_51' title="bbox 74 3451 1660 3523">
     <span class='ocr_line' id='line_1_51' title="bbox 74 3451 1660 3523; baseline 0 -18"><span class='ocrx_word' id='word_1_336' title='bbox 74 3452 259 3519; x_wconf 68' lang='grc' dir='ltr'>ἁγίοις</span> <span class='ocrx_word' id='word_1_337' title='bbox 289 3452 606 3522; x_wconf 76' lang='grc' dir='ltr'>εὐξάμενος,</span> <span class='ocrx_word' id='word_1_338' title='bbox 640 3454 718 3515; x_wconf 85' lang='grc' dir='ltr'>εἰς</span> <span class='ocrx_word' id='word_1_339' title='bbox 749 3451 977 3523; x_wconf 82' lang='grc' dir='ltr'>λουτρὸν</span> <span class='ocrx_word' id='word_1_340' title='bbox 1030 3452 1208 3505; x_wconf 81' lang='grc' dir='ltr'>ἐλθεῖν</span> <span class='ocrx_word' id='word_1_341' title='bbox 1240 3455 1660 3523; x_wconf 81' lang='grc' dir='ltr'>προσετάττετο,</span> 
     </span>
    </p>
   </div>
   <div class='ocr_carea' id='block_1_52' title="bbox 74 3543 1661 3614">
    <p class='ocr_par' dir='ltr' id='par_1_52' title="bbox 74 3543 1661 3614">
     <span class='ocr_line' id='line_1_52' title="bbox 74 3543 1661 3614; baseline 0.001 -17"><span class='ocrx_word' id='word_1_342' title='bbox 74 3546 170 3597; x_wconf 70' lang='grc' dir='ltr'><strong>καὶ</strong></span> <span class='ocrx_word' id='word_1_343' title='bbox 206 3544 429 3613; x_wconf 84' lang='grc' dir='ltr'>θερμοῖς</span> <span class='ocrx_word' id='word_1_344' title='bbox 478 3543 539 3597; x_wconf 84' lang='grc' dir='ltr'><strong>τὸ</strong></span> <span class='ocrx_word' id='word_1_345' title='bbox 580 3543 744 3613; x_wconf 84' lang='grc' dir='ltr'>σῶμα</span> <span class='ocrx_word' id='word_1_346' title='bbox 790 3543 1090 3596; x_wconf 84' lang='grc' dir='ltr'>λούσασθαι</span> <span class='ocrx_word' id='word_1_347' title='bbox 1135 3544 1410 3614; x_wconf 80' lang='grc' dir='ltr'>νάμασιν·</span> <span class='ocrx_word' id='word_1_348' title='bbox 1455 3545 1543 3598; x_wconf 74' lang='grc' dir='ltr'><strong>καὶ</strong></span> <span class='ocrx_word' id='word_1_349' title='bbox 1596 3545 1661 3614; x_wconf 77' lang='grc' dir='ltr'>δὴ</span> 
     </span>
    </p>
   </div>
   <div class='ocr_carea' id='block_1_53' title="bbox 77 3614 1663 3704">
    <p class='ocr_par' dir='ltr' id='par_1_53' title="bbox 77 3632 1663 3704">
     <span class='ocr_line' id='line_1_53' title="bbox 77 3632 1663 3704; baseline 0.002 -20"><span class='ocrx_word' id='word_1_350' title='bbox 77 3632 329 3695; x_wconf 78' lang='grc' dir='ltr'>πεισθεὶς</span> <span class='ocrx_word' id='word_1_351' title='bbox 344 3635 458 3695; x_wconf 82' lang='grc' dir='ltr'>τοῖς</span> <span class='ocrx_word' id='word_1_352' title='bbox 480 3632 824 3695; x_wconf 84' lang='grc' dir='ltr'>κελεύσασιν,</span> <span class='ocrx_word' id='word_1_353' title='bbox 854 3634 904 3685; x_wconf 81' lang='grc' dir='ltr'>οἱ</span> <span class='ocrx_word' id='word_1_354' title='bbox 933 3633 1198 3686; x_wconf 85' lang='grc' dir='ltr'>θειότατοι</span> <span class='ocrx_word' id='word_1_355' title='bbox 1231 3634 1340 3704; x_wconf 81' lang='grc' dir='ltr'><strong>γὰρ</strong></span> <span class='ocrx_word' id='word_1_356' title='bbox 1368 3635 1663 3704; x_wconf 79' lang='grc' dir='ltr'>ἐτύγχανον</span> 
     </span>
    </p>
   </div>
   <div class='ocr_carea' id='block_1_54' title="bbox 80 3724 1665 3796">
    <p class='ocr_par' dir='ltr' id='par_1_54' title="bbox 80 3724 1665 3796">
     <span class='ocr_line' id='line_1_54' title="bbox 80 3724 1665 3796; baseline 0.001 -19"><span class='ocrx_word' id='word_1_357' title='bbox 80 3726 385 3796; x_wconf 83' lang='grc' dir='ltr'>μάρτυρες,</span> <span class='ocrx_word' id='word_1_358' title='bbox 419 3726 498 3787; x_wconf 87' lang='grc' dir='ltr'><strong>είς</strong></span> <span class='ocrx_word' id='word_1_359' title='bbox 530 3724 591 3777; x_wconf 79' lang='grc' dir='ltr'><strong>τὸ</strong></span> <span class='ocrx_word' id='word_1_360' title='bbox 623 3724 850 3795; x_wconf 78' lang='grc' dir='ltr'>λουτρὸν</span> <span class='ocrx_word' id='word_1_361' title='bbox 880 3725 1268 3796; x_wconf 76' lang='grc' dir='ltr'>παραγίνεται,</span> <span class='ocrx_word' id='word_1_362' title='bbox 1302 3726 1396 3779; x_wconf 76' lang='grc' dir='ltr'><strong>καὶ</strong></span> <span class='ocrx_word' id='word_1_363' title='bbox 1423 3726 1530 3779; x_wconf 85' lang='grc' dir='ltr'><strong>τῶν</strong></span> <span class='ocrx_word' id='word_1_364' title='bbox 1565 3728 1665 3796; x_wconf 74' lang='grc' dir='ltr'><strong>ἐμ·-</strong></span> 
     </span>
    </p>
   </div>
   <div class='ocr_carea' id='block_1_55' title="bbox 50 3800 1665 3887">
    <p class='ocr_par' dir='ltr' id='par_1_55' title="bbox 50 3800 1665 3887">
     <span class='ocr_line' id='line_1_55' title="bbox 50 3800 1665 3887; baseline 0 -20"><span class='ocrx_word' id='word_1_365' title='bbox 50 3800 53 3801; x_wconf 13' lang='grc' dir='ltr'><em>ν</em></span> <span class='ocrx_word' id='word_1_366' title='bbox 80 3815 275 3885; x_wconf 79' lang='grc' dir='ltr'>πύρων</span> <span class='ocrx_word' id='word_1_367' title='bbox 307 3815 488 3886; x_wconf 84' lang='grc' dir='ltr'>ἀέρων</span> <span class='ocrx_word' id='word_1_368' title='bbox 517 3815 666 3868; x_wconf 77' lang='grc' dir='ltr'>ἔνδον</span> <span class='ocrx_word' id='word_1_369' title='bbox 702 3816 1001 3887; x_wconf 84' lang='grc' dir='ltr'>γενόμενος</span> <span class='ocrx_word' id='word_1_370' title='bbox 1016 3815 1111 3869; x_wconf 70' lang='grc' dir='ltr'>ἐπὶ</span> <span class='ocrx_word' id='word_1_371' title='bbox 1147 3816 1395 3878; x_wconf 82' lang='grc' dir='ltr'>στιϐάδος</span> <span class='ocrx_word' id='word_1_372' title='bbox 1429 3818 1533 3871; x_wconf 75' lang='grc' dir='ltr'>ὑπὸ</span> <span class='ocrx_word' id='word_1_373' title='bbox 1554 3820 1665 3871; x_wconf 80' lang='grc' dir='ltr'>τῶν</span> 
     </span>
    </p>
   </div>
   <div class='ocr_carea' id='block_1_56' title="bbox 75 3907 1667 3981">
    <p class='ocr_par' dir='ltr' id='par_1_56' title="bbox 75 3907 1667 3981">
     <span class='ocr_line' id='line_1_56' title="bbox 75 3907 1667 3981; baseline 0.002 -21"><span class='ocrx_word' id='word_1_374' title='bbox 75 3908 347 3978; x_wconf 79' lang='grc' dir='ltr'>αἰρὸντων</span> <span class='ocrx_word' id='word_1_375' title='bbox 378 3908 606 3964; x_wconf 77' lang='grc' dir='ltr'>ἐτίθετο.</span> <span class='ocrx_word' id='word_1_376' title='bbox 632 3907 957 3971; x_wconf 84' lang='grc' dir='ltr'>Τεθεικότες</span> <span class='ocrx_word' id='word_1_377' title='bbox 1005 3908 1061 3960; x_wconf 80' lang='grc' dir='ltr'>δὲ</span> <span class='ocrx_word' id='word_1_378' title='bbox 1095 3908 1188 3962; x_wconf 74' lang='grc' dir='ltr'><strong>τὸν</strong></span> <span class='ocrx_word' id='word_1_379' title='bbox 1224 3909 1473 3980; x_wconf 85' lang='grc' dir='ltr'>Ζὼσιμον</span> <span class='ocrx_word' id='word_1_380' title='bbox 1501 3912 1547 3963; x_wconf 81' lang='grc' dir='ltr'>οἱ</span> <span class='ocrx_word' id='word_1_381' title='bbox 1573 3910 1667 3981; x_wconf 82' lang='grc' dir='ltr'>βα-</span> 
     </span>
    </p>
   </div>
   <div class='ocr_carea' id='block_1_57' title="bbox 79 4000 1663 4073">
    <p class='ocr_par' dir='ltr' id='par_1_57' title="bbox 79 4000 1663 4073">
     <span class='ocr_line' id='line_1_57' title="bbox 79 4000 1663 4073; baseline 0.001 -21"><span class='ocrx_word' id='word_1_382' title='bbox 79 4000 394 4064; x_wconf 81' lang='grc' dir='ltr'>στάζοντες,</span> <span class='ocrx_word' id='word_1_383' title='bbox 456 4000 745 4073; x_wconf 80' lang='grc' dir='ltr'>οἰκονομίᾳ</span> <span class='ocrx_word' id='word_1_384' title='bbox 799 4000 937 4054; x_wconf 82' lang='grc' dir='ltr'>Θεοῦ</span> <span class='ocrx_word' id='word_1_385' title='bbox 971 4001 1079 4054; x_wconf 84' lang='grc' dir='ltr'>τῶν</span> <span class='ocrx_word' id='word_1_386' title='bbox 1126 4000 1391 4070; x_wconf 73' lang='grc' dir='ltr'>ἐμπύρων</span> <span class='ocrx_word' id='word_1_387' title='bbox 1425 4000 1663 4067; x_wconf 81' lang='grc' dir='ltr'>ἐξίεσαν,</span> 
     </span>
    </p>
   </div>
   <div class='ocr_carea' id='block_1_58' title="bbox 76 4092 1666 4166">
    <p class='ocr_par' dir='ltr' id='par_1_58' title="bbox 76 4092 1666 4166">
     <span class='ocr_line' id='line_1_58' title="bbox 76 4092 1666 4166; baseline 0.003 -23"><span class='ocrx_word' id='word_1_388' title='bbox 76 4095 176 4161; x_wconf 78' lang='grc' dir='ltr'><strong>τῆς</strong></span> <span class='ocrx_word' id='word_1_389' title='bbox 214 4092 394 4157; x_wconf 75' lang='grc' dir='ltr'>ἐξόδου</span> <span class='ocrx_word' id='word_1_390' title='bbox 428 4092 528 4164; x_wconf 83' lang='grc' dir='ltr'><strong>τὴν</strong></span> <span class='ocrx_word' id='word_1_391' title='bbox 556 4092 812 4164; x_wconf 76' lang='grc' dir='ltr'>ἀφορμὴν</span> <span class='ocrx_word' id='word_1_392' title='bbox 834 4092 945 4146; x_wconf 84' lang='grc' dir='ltr'>τῶν</span> <span class='ocrx_word' id='word_1_393' title='bbox 974 4092 1252 4164; x_wconf 82' lang='grc' dir='ltr'>χρειωδῶν</span> <span class='ocrx_word' id='word_1_394' title='bbox 1279 4094 1378 4163; x_wconf 83' lang='grc' dir='ltr'><strong>τὴν</strong></span> <span class='ocrx_word' id='word_1_395' title='bbox 1406 4096 1666 4166; x_wconf 77' lang='grc' dir='ltr'>εἰσφοράν</span> 
     </span>
    </p>
   </div>
   <div class='ocr_carea' id='block_1_59' title="bbox 77 4185 454 4258">
    <p class='ocr_par' dir='ltr' id='par_1_59' title="bbox 77 4185 454 4258">
     <span class='ocr_line' id='line_1_59' title="bbox 77 4185 454 4258; baseline 0.005 -21"><span class='ocrx_word' id='word_1_396' title='bbox 77 4201 209 4258; x_wconf 72' lang='grc' dir='ltr'>ποιη</span> <span class='ocrx_word' id='word_1_397' title='bbox 219 4185 454 4256; x_wconf 78' lang='grc' dir='ltr'>σόμενοι.</span> 
     </span>
    </p>
   </div>
   <div class='ocr_carea' id='block_1_60' title="bbox 148 4367 1667 4440">
    <p class='ocr_par' dir='ltr' id='par_1_60' title="bbox 148 4367 1667 4440">
     <span class='ocr_line' id='line_1_60' title="bbox 148 4367 1667 4440; baseline 0.001 -20"><span class='ocrx_word' id='word_1_398' title='bbox 148 4368 376 4421; x_wconf 76' lang='grc' dir='ltr'>Τούτων</span> <span class='ocrx_word' id='word_1_399' title='bbox 403 4369 458 4421; x_wconf 78' lang='grc' dir='ltr'>δὲ</span> <span class='ocrx_word' id='word_1_400' title='bbox 490 4369 876 4440; x_wconf 82' lang='grc' dir='ltr'>ποιησαμένων</span> <span class='ocrx_word' id='word_1_401' title='bbox 908 4368 1005 4438; x_wconf 80' lang='grc' dir='ltr'><strong>τὴν</strong></span> <span class='ocrx_word' id='word_1_402' title='bbox 1041 4367 1241 4433; x_wconf 77' lang='grc' dir='ltr'>ἔξοδον,</span> <span class='ocrx_word' id='word_1_403' title='bbox 1268 4368 1450 4440; x_wconf 77' lang='grc' dir='ltr'>Κύρος</span> <span class='ocrx_word' id='word_1_404' title='bbox 1477 4371 1505 4422; x_wconf 83' lang='grc' dir='ltr'>ὁ</span> <span class='ocrx_word' id='word_1_405' title='bbox 1531 4370 1667 4439; x_wconf 79' lang='grc' dir='ltr'>μάρο</span> 
     </span>
    </p>
   </div>
   <div class='ocr_carea' id='block_1_61' title="bbox 1763 1900 3343 1971">
    <p class='ocr_par' dir='ltr' id='par_1_61' title="bbox 1763 1900 3343 1971">
     <span class='ocr_line' id='line_1_61' title="bbox 1763 1900 3343 1971; baseline 0.004 -17"><span class='ocrx_word' id='word_1_406' title='bbox 1763 1902 1938 1954; x_wconf 88' lang='lat' dir='ltr'><strong>sione.</strong></span> <span class='ocrx_word' id='word_1_407' title='bbox 1976 1900 2031 1952; x_wconf 79' lang='lat' dir='ltr'><strong>Et</strong></span> <span class='ocrx_word' id='word_1_408' title='bbox 2069 1900 2212 1956; x_wconf 88' lang='lat' dir='ltr'><strong>unde</strong></span> <span class='ocrx_word' id='word_1_409' title='bbox 2241 1902 2315 1955; x_wconf 91' lang='lat' dir='ltr'><strong>illi</strong></span> <span class='ocrx_word' id='word_1_410' title='bbox 2348 1904 2531 1971; x_wconf 87' lang='lat' dir='ltr'><strong>passio</strong></span> <span class='ocrx_word' id='word_1_411' title='bbox 2566 1902 2707 1958; x_wconf 80' lang='lat' dir='ltr'><strong>facta</strong></span> <span class='ocrx_word' id='word_1_412' title='bbox 2747 1916 2854 1964; x_wconf 86' lang='lat' dir='ltr'><strong>est.</strong></span> <span class='ocrx_word' id='word_1_413' title='bbox 2885 1906 3071 1960; x_wconf 86' lang='lat' dir='ltr'><strong>dicere</strong></span> <span class='ocrx_word' id='word_1_414' title='bbox 3105 1922 3214 1960; x_wconf 90' lang='lat' dir='ltr'><strong>non</strong></span> <span class='ocrx_word' id='word_1_415' title='bbox 3244 1909 3343 1960; x_wconf 86' lang='lat' dir='ltr'><strong>lia-</strong></span> 
     </span>
    </p>
   </div>
   <div class='ocr_carea' id='block_1_62' title="bbox 1763 1990 3344 2068">
    <p class='ocr_par' dir='ltr' id='par_1_62' title="bbox 1763 1990 3344 2068">
     <span class='ocr_line' id='line_1_62' title="bbox 1763 1990 3344 2068; baseline 0.004 -25"><span class='ocrx_word' id='word_1_416' title='bbox 1763 1990 1976 2051; x_wconf 86' lang='lat' dir='ltr'><strong>bcinus,</strong></span> <span class='ocrx_word' id='word_1_417' title='bbox 2047 1999 2246 2059; x_wconf 73' lang='lat' dir='ltr'><strong>praeter</strong></span> <span class='ocrx_word' id='word_1_418' title='bbox 2295 1992 2439 2061; x_wconf 89' lang='lat' dir='ltr'><strong>quod</strong></span> <span class='ocrx_word' id='word_1_419' title='bbox 2490 1992 2800 2049; x_wconf 85' lang='lat' dir='ltr'><strong>dissolutus</strong></span> <span class='ocrx_word' id='word_1_420' title='bbox 2844 2004 2982 2058; x_wconf 76' lang='lat' dir='ltr'><strong>erat,</strong></span> <span class='ocrx_word' id='word_1_421' title='bbox 3025 2005 3080 2048; x_wconf 84' lang='lat' dir='ltr'><strong>et</strong></span> <span class='ocrx_word' id='word_1_422' title='bbox 3130 1999 3344 2068; x_wconf 82' lang='lat' dir='ltr'><strong>paraly-</strong></span> 
     </span>
    </p>
   </div>
   <div class='ocr_carea' id='block_1_63' title="bbox 1762 2082 3341 2158">
    <p class='ocr_par' dir='ltr' id='par_1_63' title="bbox 1762 2082 3341 2158">
     <span class='ocr_line' id='line_1_63' title="bbox 1762 2082 3341 2158; baseline 0.004 -22"><span class='ocrx_word' id='word_1_423' title='bbox 1762 2097 1887 2136; x_wconf 87' lang='lat' dir='ltr'><strong>seos</strong></span> <span class='ocrx_word' id='word_1_424' title='bbox 1951 2082 2159 2137; x_wconf 78' lang='lat' dir='ltr'><strong>ferebat</strong></span> <span class='ocrx_word' id='word_1_425' title='bbox 2202 2084 2442 2153; x_wconf 80' lang='lat' dir='ltr'><strong>insignia</strong></span> <span class='ocrx_word' id='word_1_426' title='bbox 2496 2101 2602 2140; x_wconf 90' lang='lat' dir='ltr'><strong>non</strong></span> <span class='ocrx_word' id='word_1_427' title='bbox 2664 2103 2774 2140; x_wconf 89' lang='lat' dir='ltr'><strong>uno</strong></span> <span class='ocrx_word' id='word_1_428' title='bbox 2815 2090 3060 2142; x_wconf 85' lang='lat' dir='ltr'><strong>membro</strong></span> <span class='ocrx_word' id='word_1_429' title='bbox 3116 2098 3341 2158; x_wconf 77' lang='lat' dir='ltr'><strong>portans</strong></span> 
     </span>
    </p>
   </div>
   <div class='ocr_carea' id='block_1_64' title="bbox 1762 2171 3342 2251">
    <p class='ocr_par' dir='ltr' id='par_1_64' title="bbox 1762 2171 3342 2251">
     <span class='ocr_line' id='line_1_64' title="bbox 1762 2171 3342 2251; baseline 0.006 -28"><span class='ocrx_word' id='word_1_430' title='bbox 1762 2171 1934 2239; x_wconf 88' lang='lat' dir='ltr'><strong>ipsam</strong></span> <span class='ocrx_word' id='word_1_431' title='bbox 1965 2173 2390 2227; x_wconf 70' lang='lat' dir='ltr'><strong>dissolutionem</strong></span> <span class='ocrx_word' id='word_1_432' title='bbox 2426 2176 2519 2230; x_wconf 84' lang='lat' dir='ltr'><strong>sed</strong></span> <span class='ocrx_word' id='word_1_433' title='bbox 2572 2178 2853 2243; x_wconf 83' lang='lat' dir='ltr'><strong>Omnibus,</strong></span> <span class='ocrx_word' id='word_1_434' title='bbox 2887 2187 2940 2229; x_wconf 80' lang='lat' dir='ltr'><strong>et</strong></span> <span class='ocrx_word' id='word_1_435' title='bbox 2971 2180 3089 2246; x_wconf 87' lang='lat' dir='ltr'><strong>ipso</strong></span> <span class='ocrx_word' id='word_1_436' title='bbox 3120 2195 3342 2251; x_wconf 87' lang='lat' dir='ltr'><strong>quoque</strong></span> 
     </span>
    </p>
   </div>
   <div class='ocr_carea' id='block_1_65' title="bbox 1761 2264 3339 2341">
    <p class='ocr_par' dir='ltr' id='par_1_65' title="bbox 1761 2264 3339 2341">
     <span class='ocr_line' id='line_1_65' title="bbox 1761 2264 3339 2341; baseline 0.006 -26"><span class='ocrx_word' id='word_1_437' title='bbox 1761 2277 1993 2331; x_wconf 86' lang='lat' dir='ltr'><strong>corpore</strong></span> <span class='ocrx_word' id='word_1_438' title='bbox 2024 2264 2168 2333; x_wconf 91' lang='lat' dir='ltr'><strong>quod</strong></span> <span class='ocrx_word' id='word_1_439' title='bbox 2222 2267 2461 2319; x_wconf 87' lang='lat' dir='ltr'><strong>membra</strong></span> <span class='ocrx_word' id='word_1_440' title='bbox 2507 2270 2755 2321; x_wconf 85' lang='lat' dir='ltr'><strong>continet</strong></span> <span class='ocrx_word' id='word_1_441' title='bbox 2783 2270 2987 2323; x_wconf 86' lang='lat' dir='ltr'><strong>omnia.</strong></span> <span class='ocrx_word' id='word_1_442' title='bbox 3019 2270 3117 2324; x_wconf 92' lang='lat' dir='ltr'><strong>llic</strong></span> <span class='ocrx_word' id='word_1_443' title='bbox 3159 2288 3339 2341; x_wconf 87' lang='lat' dir='ltr'><strong>neque</strong></span> 
     </span>
    </p>
   </div>
   <div class='ocr_carea' id='block_1_66' title="bbox 1761 2353 3342 2431">
    <p class='ocr_par' dir='ltr' id='par_1_66' title="bbox 1761 2353 3342 2431">
     <span class='ocr_line' id='line_1_66' title="bbox 1761 2353 3342 2431; baseline 0.006 -25"><span class='ocrx_word' id='word_1_444' title='bbox 1761 2353 1980 2410; x_wconf 89' lang='lat' dir='ltr'><strong>duobus</strong></span> <span class='ocrx_word' id='word_1_445' title='bbox 2012 2365 2309 2412; x_wconf 85' lang='lat' dir='ltr'><strong>contentus</strong></span> <span class='ocrx_word' id='word_1_446' title='bbox 2358 2368 2475 2410; x_wconf 78' lang='lat' dir='ltr'><strong>erat</strong></span> <span class='ocrx_word' id='word_1_447' title='bbox 2506 2359 2571 2411; x_wconf 86' lang='lat' dir='ltr'><strong>ad</strong></span> <span class='ocrx_word' id='word_1_448' title='bbox 2604 2360 3025 2430; x_wconf 80' lang='lat' dir='ltr'><strong>deportandmn,</strong></span> <span class='ocrx_word' id='word_1_449' title='bbox 3055 2362 3149 2416; x_wconf 90' lang='lat' dir='ltr'><strong>sed</strong></span> <span class='ocrx_word' id='word_1_450' title='bbox 3179 2363 3342 2431; x_wconf 88' lang='lat' dir='ltr'><strong>pluri-</strong></span> 
     </span>
    </p>
   </div>
   <div class='ocr_carea' id='block_1_67' title="bbox 1764 2447 3341 2520">
    <p class='ocr_par' dir='ltr' id='par_1_67' title="bbox 1764 2447 3341 2520">
     <span class='ocr_line' id='line_1_67' title="bbox 1764 2447 3341 2520; baseline 0.008 -21"><span class='ocrx_word' id='word_1_451' title='bbox 1764 2447 1866 2501; x_wconf 89' lang='lat' dir='ltr'><strong>mis</strong></span> <span class='ocrx_word' id='word_1_452' title='bbox 1893 2462 2029 2515; x_wconf 90' lang='lat' dir='ltr'><strong>opus</strong></span> <span class='ocrx_word' id='word_1_453' title='bbox 2057 2448 2320 2514; x_wconf 85' lang='lat' dir='ltr'><strong>habebat;</strong></span> <span class='ocrx_word' id='word_1_454' title='bbox 2356 2466 2532 2520; x_wconf 83' lang='lat' dir='ltr'><strong>neque</strong></span> <span class='ocrx_word' id='word_1_455' title='bbox 2559 2452 2609 2505; x_wconf 90' lang='lat' dir='ltr'><strong>in</strong></span> <span class='ocrx_word' id='word_1_456' title='bbox 2644 2453 2783 2508; x_wconf 65' lang='lat' dir='ltr'><strong>lecto</strong></span> <span class='ocrx_word' id='word_1_457' title='bbox 2804 2453 2994 2520; x_wconf 88' lang='lat' dir='ltr'><strong>jaceus</strong></span> <span class='ocrx_word' id='word_1_458' title='bbox 3032 2459 3258 2511; x_wconf 87' lang='lat' dir='ltr'><strong>omnino</strong></span> <span class='ocrx_word' id='word_1_459' title='bbox 3281 2468 3341 2512; x_wconf 87' lang='lat' dir='ltr'><strong>se</strong></span> 
     </span>
    </p>
   </div>
   <div class='ocr_carea' id='block_1_68' title="bbox 1763 2537 3341 2621">
    <p class='ocr_par' dir='ltr' id='par_1_68' title="bbox 1763 2537 3341 2621">
     <span class='ocr_line' id='line_1_68' title="bbox 1763 2537 3341 2621; baseline 0.007 -31"><span class='ocrx_word' id='word_1_460' title='bbox 1763 2537 1940 2607; x_wconf 89' lang='lat' dir='ltr'><strong>ipsmn</strong></span> <span class='ocrx_word' id='word_1_461' title='bbox 1981 2548 2196 2594; x_wconf 82' lang='lat' dir='ltr'><strong>vertere</strong></span> <span class='ocrx_word' id='word_1_462' title='bbox 2243 2551 2473 2608; x_wconf 87' lang='lat' dir='ltr'><strong>poterat,</strong></span> <span class='ocrx_word' id='word_1_463' title='bbox 2514 2543 2608 2597; x_wconf 84' lang='lat' dir='ltr'><strong>sed</strong></span> <span class='ocrx_word' id='word_1_464' title='bbox 2659 2544 2907 2621; x_wconf 80' lang='lat' dir='ltr'><strong>alterius,</strong></span> <span class='ocrx_word' id='word_1_465' title='bbox 2940 2547 3032 2615; x_wconf 82' lang='lat' dir='ltr'><strong>qui</strong></span> <span class='ocrx_word' id='word_1_466' title='bbox 3073 2563 3133 2602; x_wconf 89' lang='lat' dir='ltr'><strong>se</strong></span> <span class='ocrx_word' id='word_1_467' title='bbox 3164 2557 3341 2604; x_wconf 70' lang='lat' dir='ltr'><strong>verte-</strong></span> 
     </span>
    </p>
   </div>
   <div class='ocr_carea' id='block_1_69' title="bbox 1762 2631 3339 2706">
    <p class='ocr_par' dir='ltr' id='par_1_69' title="bbox 1762 2631 3339 2706">
     <span class='ocr_line' id='line_1_69' title="bbox 1762 2631 3339 2706; baseline 0.004 -21"><span class='ocrx_word' id='word_1_468' title='bbox 1762 2639 1866 2697; x_wconf 90' lang='lat' dir='ltr'><strong>ret,</strong></span> <span class='ocrx_word' id='word_1_469' title='bbox 1897 2631 2211 2702; x_wconf 78' lang='lat' dir='ltr'><strong>indigebat;</strong></span> <span class='ocrx_word' id='word_1_470' title='bbox 2250 2650 2426 2699; x_wconf 83' lang='lat' dir='ltr'><strong>neque</strong></span> <span class='ocrx_word' id='word_1_471' title='bbox 2472 2636 2626 2690; x_wconf 90' lang='lat' dir='ltr'><strong>cibos</strong></span> <span class='ocrx_word' id='word_1_472' title='bbox 2673 2638 2913 2706; x_wconf 79' lang='lat' dir='ltr'><strong>propriis</strong></span> <span class='ocrx_word' id='word_1_473' title='bbox 2952 2648 3131 2694; x_wconf 84' lang='lat' dir='ltr'><strong>tactos</strong></span> <span class='ocrx_word' id='word_1_474' title='bbox 3160 2641 3339 2694; x_wconf 89' lang='lat' dir='ltr'><strong>mani-</strong></span> 
     </span>
    </p>
   </div>
   <div class='ocr_carea' id='block_1_70' title="bbox 1770 2723 3343 2796">
    <p class='ocr_par' dir='ltr' id='par_1_70' title="bbox 1770 2723 3343 2796">
     <span class='ocr_line' id='line_1_70' title="bbox 1770 2723 3343 2796; baseline 0.004 -19"><span class='ocrx_word' id='word_1_475' title='bbox 1770 2723 1871 2778; x_wconf 90' lang='lat' dir='ltr'><strong>bus</strong></span> <span class='ocrx_word' id='word_1_476' title='bbox 1929 2725 2292 2794; x_wconf 77' lang='lat' dir='ltr'><strong>percipiebat,</strong></span> <span class='ocrx_word' id='word_1_477' title='bbox 2328 2726 2421 2780; x_wconf 84' lang='lat' dir='ltr'><strong>sed</strong></span> <span class='ocrx_word' id='word_1_478' title='bbox 2464 2728 2606 2781; x_wconf 85' lang='lat' dir='ltr'><strong>alius</strong></span> <span class='ocrx_word' id='word_1_479' title='bbox 2639 2735 2827 2783; x_wconf 82' lang='lat' dir='ltr'><strong>astans</strong></span> <span class='ocrx_word' id='word_1_480' title='bbox 2866 2745 2992 2783; x_wconf 90' lang='lat' dir='ltr'><strong>eum</strong></span> <span class='ocrx_word' id='word_1_481' title='bbox 3037 2731 3256 2796; x_wconf 87' lang='lat' dir='ltr'><strong>alebat,</strong></span> <span class='ocrx_word' id='word_1_482' title='bbox 3288 2742 3343 2784; x_wconf 84' lang='lat' dir='ltr'><strong>et</strong></span> 
     </span>
    </p>
   </div>
   <div class='ocr_carea' id='block_1_71' title="bbox 1762 2818 3343 2894">
    <p class='ocr_par' dir='ltr' id='par_1_71' title="bbox 1762 2818 3343 2894">
     <span class='ocr_line' id='line_1_71' title="bbox 1762 2818 3343 2894; baseline 0.006 -26"><span class='ocrx_word' id='word_1_483' title='bbox 1762 2818 1916 2883; x_wconf 86' lang='lat' dir='ltr'><strong>quasi</strong></span> <span class='ocrx_word' id='word_1_484' title='bbox 1944 2818 2188 2873; x_wconf 90' lang='lat' dir='ltr'><strong>medicus</strong></span> <span class='ocrx_word' id='word_1_485' title='bbox 2213 2834 2321 2872; x_wconf 89' lang='lat' dir='ltr'><strong>non</strong></span> <span class='ocrx_word' id='word_1_486' title='bbox 2345 2828 2513 2884; x_wconf 84' lang='lat' dir='ltr'><strong>esset,</strong></span> <span class='ocrx_word' id='word_1_487' title='bbox 2538 2820 2971 2877; x_wconf 83' lang='lat' dir='ltr'><strong>convincebatur</strong></span> <span class='ocrx_word' id='word_1_488' title='bbox 2994 2840 3011 2889; x_wconf 94' lang='lat'><strong>;</strong></span> <span class='ocrx_word' id='word_1_489' title='bbox 3035 2824 3197 2894; x_wconf 88' lang='lat' dir='ltr'><strong>etqui</strong></span> <span class='ocrx_word' id='word_1_490' title='bbox 3218 2824 3343 2878; x_wconf 86' lang='lat' dir='ltr'><strong>aliis</strong></span> 
     </span>
    </p>
   </div>
   <div class='ocr_carea' id='block_1_72' title="bbox 1762 2908 3340 2984">
    <p class='ocr_par' dir='ltr' id='par_1_72' title="bbox 1762 2908 3340 2984">
     <span class='ocr_line' id='line_1_72' title="bbox 1762 2908 3340 2984; baseline 0.004 -23"><span class='ocrx_word' id='word_1_491' title='bbox 1762 2908 2183 2977; x_wconf 83' lang='lat' dir='ltr'><strong>repromittebat</strong></span> <span class='ocrx_word' id='word_1_492' title='bbox 2206 2911 2524 2977; x_wconf 78' lang='lat' dir='ltr'><strong>sanitatem,</strong></span> <span class='ocrx_word' id='word_1_493' title='bbox 2552 2912 2655 2966; x_wconf 80' lang='lat' dir='ltr'><strong>sibi</strong></span> <span class='ocrx_word' id='word_1_494' title='bbox 2682 2913 2938 2967; x_wconf 75' lang='lat' dir='ltr'><strong>auxiliari</strong></span> <span class='ocrx_word' id='word_1_495' title='bbox 2964 2929 3073 2968; x_wconf 87' lang='lat' dir='ltr'><strong>non</strong></span> <span class='ocrx_word' id='word_1_496' title='bbox 3104 2924 3340 2984; x_wconf 80' lang='lat' dir='ltr'><strong>poterat,</strong></span> 
     </span>
    </p>
   </div>
   <div class='ocr_carea' id='block_1_73' title="bbox 1763 2998 2950 3073">
    <p class='ocr_par' dir='ltr' id='par_1_73' title="bbox 1763 2998 2950 3073">
     <span class='ocr_line' id='line_1_73' title="bbox 1763 2998 2950 3073; baseline 0.003 -19"><span class='ocrx_word' id='word_1_497' title='bbox 1763 2999 1857 3054; x_wconf 87' lang='lat' dir='ltr'><strong>sed</strong></span> <span class='ocrx_word' id='word_1_498' title='bbox 1888 2998 1957 3053; x_wconf 90' lang='lat' dir='ltr'><strong>ad</strong></span> <span class='ocrx_word' id='word_1_499' title='bbox 1981 3000 2299 3069; x_wconf 69' lang='lat' dir='ltr'><strong>prmsidium</strong></span> <span class='ocrx_word' id='word_1_500' title='bbox 2334 3010 2603 3073; x_wconf 81' lang='lat' dir='ltr'><strong>martyres</strong></span> <span class='ocrx_word' id='word_1_501' title='bbox 2637 3002 2950 3058; x_wconf 77' lang='lat' dir='ltr'><strong>invocabat.</strong></span> 
     </span>
    </p>
   </div>
   <div class='ocr_carea' id='block_1_74' title="bbox 1835 3090 3340 3164">
    <p class='ocr_par' dir='ltr' id='par_1_74' title="bbox 1835 3090 3340 3164">
     <span class='ocr_line' id='line_1_74' title="bbox 1835 3090 3340 3164; baseline 0.004 -20"><span class='ocrx_word' id='word_1_502' title='bbox 1835 3090 1969 3144; x_wconf 88' lang='lat' dir='ltr'><strong>Cum</strong></span> <span class='ocrx_word' id='word_1_503' title='bbox 2014 3106 2146 3162; x_wconf 79' lang='lat' dir='ltr'><strong>ergo</strong></span> <span class='ocrx_word' id='word_1_504' title='bbox 2176 3101 2231 3144; x_wconf 90' lang='lat' dir='ltr'><strong>et</strong></span> <span class='ocrx_word' id='word_1_505' title='bbox 2255 3090 2511 3147; x_wconf 84' lang='lat' dir='ltr'><strong>Zosinius</strong></span> <span class='ocrx_word' id='word_1_506' title='bbox 2544 3093 2611 3147; x_wconf 91' lang='lat' dir='ltr'><strong>ad</strong></span> <span class='ocrx_word' id='word_1_507' title='bbox 2652 3108 2748 3149; x_wconf 88' lang='lat' dir='ltr'><strong>eos</strong></span> <span class='ocrx_word' id='word_1_508' title='bbox 2779 3096 2874 3164; x_wconf 91' lang='lat' dir='ltr'><strong>qui</strong></span> <span class='ocrx_word' id='word_1_509' title='bbox 2907 3110 3105 3150; x_wconf 74' lang='lat' dir='ltr'><strong>revera</strong></span> <span class='ocrx_word' id='word_1_510' title='bbox 3140 3096 3340 3151; x_wconf 85' lang='lat' dir='ltr'><strong>medici</strong></span> 
     </span>
    </p>
   </div>
   <div class='ocr_carea' id='block_1_75' title="bbox 1764 3181 3343 3254">
    <p class='ocr_par' dir='ltr' id='par_1_75' title="bbox 1764 3181 3343 3254">
     <span class='ocr_line' id='line_1_75' title="bbox 1764 3181 3343 3254; baseline 0.004 -19"><span class='ocrx_word' id='word_1_511' title='bbox 1764 3189 1894 3235; x_wconf 90' lang='lat' dir='ltr'><strong>sunt</strong></span> <span class='ocrx_word' id='word_1_512' title='bbox 1932 3181 2196 3246; x_wconf 64' lang='lat' dir='ltr'><strong>venisset,</strong></span> <span class='ocrx_word' id='word_1_513' title='bbox 2236 3190 2291 3237; x_wconf 91' lang='lat' dir='ltr'><strong>et</strong></span> <span class='ocrx_word' id='word_1_514' title='bbox 2340 3182 2718 3238; x_wconf 77' lang='lat' dir='ltr'><strong>testimonium</strong></span> <span class='ocrx_word' id='word_1_515' title='bbox 2759 3186 2872 3239; x_wconf 87' lang='lat' dir='ltr'><strong>illis</strong></span> <span class='ocrx_word' id='word_1_516' title='bbox 2922 3185 3147 3240; x_wconf 85' lang='lat' dir='ltr'><strong>remedii</strong></span> <span class='ocrx_word' id='word_1_517' title='bbox 3194 3188 3343 3254; x_wconf 81' lang='lat' dir='ltr'><strong>quod</strong></span> 
     </span>
    </p>
   </div>
   <div class='ocr_carea' id='block_1_76' title="bbox 1762 3270 3347 3345">
    <p class='ocr_par' dir='ltr' id='par_1_76' title="bbox 1762 3270 3347 3345">
     <span class='ocr_line' id='line_1_76' title="bbox 1762 3270 3347 3345; baseline 0.005 -21"><span class='ocrx_word' id='word_1_518' title='bbox 1762 3270 1830 3324; x_wconf 86' lang='lat' dir='ltr'><strong>ab</strong></span> <span class='ocrx_word' id='word_1_519' title='bbox 1863 3270 1998 3340; x_wconf 92' lang='lat' dir='ltr'><strong>ipsis</strong></span> <span class='ocrx_word' id='word_1_520' title='bbox 2038 3270 2276 3326; x_wconf 80' lang='lat' dir='ltr'><strong>dabatur</strong></span> <span class='ocrx_word' id='word_1_521' title='bbox 2316 3272 2707 3341; x_wconf 77' lang='lat' dir='ltr'><strong>perbibuisset,</strong></span> <span class='ocrx_word' id='word_1_522' title='bbox 2738 3274 2840 3328; x_wconf 82' lang='lat' dir='ltr'><strong>hoc</strong></span> <span class='ocrx_word' id='word_1_523' title='bbox 2888 3276 3118 3344; x_wconf 69' lang='lat' dir='ltr'><strong>adipisci</strong></span> <span class='ocrx_word' id='word_1_524' title='bbox 3151 3278 3347 3345; x_wconf 83' lang='lat' dir='ltr'><strong>depre-</strong></span> 
     </span>
    </p>
   </div>
   <div class='ocr_carea' id='block_1_77' title="bbox 1761 3362 3343 3432">
    <p class='ocr_par' dir='ltr' id='par_1_77' title="bbox 1761 3362 3343 3432">
     <span class='ocr_line' id='line_1_77' title="bbox 1761 3362 3343 3432; baseline 0.004 -16"><span class='ocrx_word' id='word_1_525' title='bbox 1761 3362 2028 3428; x_wconf 87' lang='lat' dir='ltr'><strong>cabatur;</strong></span> <span class='ocrx_word' id='word_1_526' title='bbox 2088 3371 2143 3418; x_wconf 89' lang='lat' dir='ltr'><strong>et</strong></span> <span class='ocrx_word' id='word_1_527' title='bbox 2194 3365 2546 3432; x_wconf 77' lang='lat' dir='ltr'><strong>deprecatus,</strong></span> <span class='ocrx_word' id='word_1_528' title='bbox 2594 3374 2928 3421; x_wconf 77' lang='lat' dir='ltr'><strong>consecutus</strong></span> <span class='ocrx_word' id='word_1_529' title='bbox 2960 3377 3077 3425; x_wconf 88' lang='lat' dir='ltr'><strong>est:</strong></span> <span class='ocrx_word' id='word_1_530' title='bbox 3126 3377 3177 3422; x_wconf 82' lang='lat' dir='ltr'><strong>et</strong></span> <span class='ocrx_word' id='word_1_531' title='bbox 3213 3385 3343 3423; x_wconf 87' lang='lat' dir='ltr'><strong>cou-</strong></span> 
     </span>
    </p>
   </div>
   <div class='ocr_carea' id='block_1_78' title="bbox 1762 3453 3345 3523">
    <p class='ocr_par' dir='ltr' id='par_1_78' title="bbox 1762 3453 3345 3523">
     <span class='ocr_line' id='line_1_78' title="bbox 1762 3453 3345 3523; baseline 0.004 -18"><span class='ocrx_word' id='word_1_532' title='bbox 1762 3460 2012 3516; x_wconf 89' lang='lat' dir='ltr'><strong>secutus,</strong></span> <span class='ocrx_word' id='word_1_533' title='bbox 2059 3458 2297 3507; x_wconf 87' lang='lat' dir='ltr'><strong>sanitate</strong></span> <span class='ocrx_word' id='word_1_534' title='bbox 2340 3453 2546 3523; x_wconf 87' lang='lat' dir='ltr'><strong>potitus</strong></span> <span class='ocrx_word' id='word_1_535' title='bbox 2576 3464 2682 3509; x_wconf 86' lang='lat' dir='ltr'><strong>est.</strong></span> <span class='ocrx_word' id='word_1_536' title='bbox 2726 3454 2859 3509; x_wconf 80' lang='lat' dir='ltr'><strong>Cum</strong></span> <span class='ocrx_word' id='word_1_537' title='bbox 2902 3457 3048 3510; x_wconf 89' lang='lat' dir='ltr'><strong>enim</strong></span> <span class='ocrx_word' id='word_1_538' title='bbox 3085 3459 3216 3512; x_wconf 83' lang='lat' dir='ltr'><strong>solis</strong></span> <span class='ocrx_word' id='word_1_539' title='bbox 3245 3461 3345 3512; x_wconf 91' lang='lat' dir='ltr'><strong>tri-</strong></span> 
     </span>
    </p>
   </div>
   <div class='ocr_carea' id='block_1_79' title="bbox 1762 3542 3345 3604">
    <p class='ocr_par' dir='ltr' id='par_1_79' title="bbox 1762 3542 3345 3604">
     <span class='ocr_line' id='line_1_79' title="bbox 1762 3542 3345 3604; baseline 0.005 -8"><span class='ocrx_word' id='word_1_540' title='bbox 1762 3542 1866 3596; x_wconf 89' lang='lat' dir='ltr'><strong>lms</strong></span> <span class='ocrx_word' id='word_1_541' title='bbox 1912 3542 2107 3596; x_wconf 82' lang='lat' dir='ltr'><strong>dielnis</strong></span> <span class='ocrx_word' id='word_1_542' title='bbox 2160 3555 2385 3598; x_wconf 84' lang='lat' dir='ltr'><strong>sanctos</strong></span> <span class='ocrx_word' id='word_1_543' title='bbox 2444 3553 2682 3604; x_wconf 87' lang='lat' dir='ltr'><strong>orasset.</strong></span> <span class='ocrx_word' id='word_1_544' title='bbox 2731 3543 2799 3597; x_wconf 89' lang='lat' dir='ltr'><strong>ad</strong></span> <span class='ocrx_word' id='word_1_545' title='bbox 2848 3545 3103 3600; x_wconf 79' lang='lat' dir='ltr'><strong>balneum</strong></span> <span class='ocrx_word' id='word_1_546' title='bbox 3158 3548 3345 3604; x_wconf 77' lang='lat' dir='ltr'><strong>venire</strong></span> 
     </span>
    </p>
   </div>
   <div class='ocr_carea' id='block_1_80' title="bbox 1764 3631 3340 3706">
    <p class='ocr_par' dir='ltr' id='par_1_80' title="bbox 1764 3631 3340 3706">
     <span class='ocr_line' id='line_1_80' title="bbox 1764 3631 3340 3706; baseline 0.004 -21"><span class='ocrx_word' id='word_1_547' title='bbox 1764 3632 2102 3704; x_wconf 67' lang='lat' dir='ltr'><strong>praecipitur,</strong></span> <span class='ocrx_word' id='word_1_548' title='bbox 2145 3643 2199 3685; x_wconf 86' lang='lat' dir='ltr'><strong>et</strong></span> <span class='ocrx_word' id='word_1_549' title='bbox 2229 3631 2428 3688; x_wconf 85' lang='lat' dir='ltr'><strong>calidis</strong></span> <span class='ocrx_word' id='word_1_550' title='bbox 2477 3648 2681 3703; x_wconf 86' lang='lat' dir='ltr'><strong>corpus</strong></span> <span class='ocrx_word' id='word_1_551' title='bbox 2730 3634 2914 3689; x_wconf 77' lang='lat' dir='ltr'><strong>lavare</strong></span> <span class='ocrx_word' id='word_1_552' title='bbox 2950 3634 3201 3701; x_wconf 83' lang='lat' dir='ltr'><strong>ﬂuentis;</strong></span> <span class='ocrx_word' id='word_1_553' title='bbox 3246 3639 3340 3706; x_wconf 79' lang='lat' dir='ltr'><strong>qui</strong></span> 
     </span>
    </p>
   </div>
   <div class='ocr_carea' id='block_1_81' title="bbox 1759 3722 3340 3796">
    <p class='ocr_par' dir='ltr' id='par_1_81' title="bbox 1759 3722 3340 3796">
     <span class='ocr_line' id='line_1_81' title="bbox 1759 3722 3340 3796; baseline 0.004 -23"><span class='ocrx_word' id='word_1_554' title='bbox 1759 3722 2082 3792; x_wconf 86' lang='lat' dir='ltr'><strong>jnbentibus</strong></span> <span class='ocrx_word' id='word_1_555' title='bbox 2134 3722 2421 3786; x_wconf 86' lang='lat' dir='ltr'><strong>obcdiens,</strong></span> <span class='ocrx_word' id='word_1_556' title='bbox 2457 3722 2630 3777; x_wconf 84' lang='lat' dir='ltr'><strong>divini</strong></span> <span class='ocrx_word' id='word_1_557' title='bbox 2668 3723 2815 3777; x_wconf 89' lang='lat' dir='ltr'><strong>enim</strong></span> <span class='ocrx_word' id='word_1_558' title='bbox 2866 3734 3133 3796; x_wconf 76' lang='lat' dir='ltr'><strong>martyres</strong></span> <span class='ocrx_word' id='word_1_559' title='bbox 3162 3739 3340 3790; x_wconf 85' lang='lat' dir='ltr'><strong>erant,</strong></span> 
     </span>
    </p>
   </div>
   <div class='ocr_carea' id='block_1_82' title="bbox 1764 3812 3343 3874">
    <p class='ocr_par' dir='ltr' id='par_1_82' title="bbox 1764 3812 3343 3874">
     <span class='ocr_line' id='line_1_82' title="bbox 1764 3812 3343 3874; baseline 0.003 -7"><span class='ocrx_word' id='word_1_560' title='bbox 1764 3815 1830 3868; x_wconf 87' lang='lat' dir='ltr'><strong>ad</strong></span> <span class='ocrx_word' id='word_1_561' title='bbox 1866 3815 2117 3868; x_wconf 88' lang='lat' dir='ltr'><strong>balneum</strong></span> <span class='ocrx_word' id='word_1_562' title='bbox 2162 3816 2331 3874; x_wconf 85' lang='lat' dir='ltr'><strong>venit,</strong></span> <span class='ocrx_word' id='word_1_563' title='bbox 2372 3821 2426 3868; x_wconf 88' lang='lat' dir='ltr'><strong>et</strong></span> <span class='ocrx_word' id='word_1_564' title='bbox 2481 3813 2623 3867; x_wconf 89' lang='lat' dir='ltr'><strong>intra</strong></span> <span class='ocrx_word' id='word_1_565' title='bbox 2678 3812 3039 3870; x_wconf 78' lang='lat' dir='ltr'><strong>ferventiorcs</strong></span> <span class='ocrx_word' id='word_1_566' title='bbox 3087 3815 3343 3872; x_wconf 77' lang='lat' dir='ltr'><strong>iuventus</strong></span> 
     </span>
    </p>
   </div>
   <div class='ocr_carea' id='block_1_83' title="bbox 1765 3903 3344 3975">
    <p class='ocr_par' dir='ltr' id='par_1_83' title="bbox 1765 3903 3344 3975">
     <span class='ocr_line' id='line_1_83' title="bbox 1765 3903 3344 3975; baseline 0.001 -19"><span class='ocrx_word' id='word_1_567' title='bbox 1765 3919 1942 3967; x_wconf 86' lang='lat' dir='ltr'><strong>acres,</strong></span> <span class='ocrx_word' id='word_1_568' title='bbox 1990 3919 2154 3973; x_wconf 91' lang='lat' dir='ltr'><strong>supra</strong></span> <span class='ocrx_word' id='word_1_569' title='bbox 2206 3913 2567 3959; x_wconf 85' lang='lat' dir='ltr'><strong>stramentum</strong></span> <span class='ocrx_word' id='word_1_570' title='bbox 2614 3904 2683 3958; x_wconf 90' lang='lat' dir='ltr'><strong>ab</strong></span> <span class='ocrx_word' id='word_1_571' title='bbox 2730 3903 2940 3974; x_wconf 86' lang='lat' dir='ltr'><strong>bisqui</strong></span> <span class='ocrx_word' id='word_1_572' title='bbox 2986 3904 3133 3958; x_wconf 84' lang='lat' dir='ltr'><strong>bunt:</strong></span> <span class='ocrx_word' id='word_1_573' title='bbox 3161 3916 3344 3975; x_wconf 78' lang='lat' dir='ltr'><strong>gesta-</strong></span> 
     </span>
    </p>
   </div>
   <div class='ocr_carea' id='block_1_84' title="bbox 1767 3994 3346 4068">
    <p class='ocr_par' dir='ltr' id='par_1_84' title="bbox 1767 3994 3346 4068">
     <span class='ocr_line' id='line_1_84' title="bbox 1767 3994 3346 4068; baseline 0.004 -23"><span class='ocrx_word' id='word_1_574' title='bbox 1767 4005 1956 4049; x_wconf 75' lang='lat' dir='ltr'><strong>verai.t</strong></span> <span class='ocrx_word' id='word_1_575' title='bbox 1986 3996 2226 4064; x_wconf 89' lang='lat' dir='ltr'><strong>ponitur.</strong></span> <span class='ocrx_word' id='word_1_576' title='bbox 2260 3994 2508 4065; x_wconf 82' lang='lat' dir='ltr'><strong>Curaque</strong></span> <span class='ocrx_word' id='word_1_577' title='bbox 2558 3995 2878 4065; x_wconf 85' lang='lat' dir='ltr'><strong>posuissent</strong></span> <span class='ocrx_word' id='word_1_578' title='bbox 2908 3997 3057 4050; x_wconf 92' lang='lat' dir='ltr'><strong>illum</strong></span> <span class='ocrx_word' id='word_1_579' title='bbox 3091 3998 3184 4068; x_wconf 89' lang='lat' dir='ltr'><strong>qui</strong></span> <span class='ocrx_word' id='word_1_580' title='bbox 3217 4014 3346 4067; x_wconf 57' lang='lat' dir='ltr'><strong>por.</strong></span> 
     </span>
    </p>
   </div>
   <div class='ocr_carea' id='block_1_85' title="bbox 1768 4087 3342 4157">
    <p class='ocr_par' dir='ltr' id='par_1_85' title="bbox 1768 4087 3342 4157">
     <span class='ocr_line' id='line_1_85' title="bbox 1768 4087 3342 4157; baseline 0.003 -17"><span class='ocrx_word' id='word_1_581' title='bbox 1768 4088 1981 4151; x_wconf 82' lang='lat' dir='ltr'><strong>labant,</strong></span> <span class='ocrx_word' id='word_1_582' title='bbox 2017 4088 2425 4157; x_wconf 82' lang='lat' dir='ltr'><strong>dispensatione</strong></span> <span class='ocrx_word' id='word_1_583' title='bbox 2476 4087 2567 4143; x_wconf 88' lang='lat' dir='ltr'><strong>Dei</strong></span> <span class='ocrx_word' id='word_1_584' title='bbox 2616 4104 2647 4142; x_wconf 88' lang='lat' dir='ltr'><strong>a</strong></span> <span class='ocrx_word' id='word_1_585' title='bbox 2681 4089 2816 4143; x_wconf 89' lang='lat' dir='ltr'><strong>locis</strong></span> <span class='ocrx_word' id='word_1_586' title='bbox 2852 4089 2960 4145; x_wconf 87' lang='lat' dir='ltr'><strong>illis</strong></span> <span class='ocrx_word' id='word_1_587' title='bbox 2993 4088 3342 4145; x_wconf 81' lang='lat' dir='ltr'><strong>ferventiori-</strong></span> 
     </span>
    </p>
   </div>
   <div class='ocr_carea' id='block_1_86' title="bbox 1767 4178 3340 4241">
    <p class='ocr_par' dir='ltr' id='par_1_86' title="bbox 1767 4178 3340 4241">
     <span class='ocr_line' id='line_1_86' title="bbox 1767 4178 3340 4241; baseline 0.001 -7"><span class='ocrx_word' id='word_1_588' title='bbox 1767 4181 1869 4234; x_wconf 87' lang='lat' dir='ltr'><strong>bns</strong></span> <span class='ocrx_word' id='word_1_589' title='bbox 1924 4178 2199 4241; x_wconf 81' lang='lat' dir='ltr'><strong>exierunt,</strong></span> <span class='ocrx_word' id='word_1_590' title='bbox 2251 4180 2437 4234; x_wconf 81' lang='lat' dir='ltr'><strong>exitus</strong></span> <span class='ocrx_word' id='word_1_591' title='bbox 2487 4179 2838 4235; x_wconf 85' lang='lat' dir='ltr'><strong>occasionem</strong></span> <span class='ocrx_word' id='word_1_592' title='bbox 2898 4180 3340 4236; x_wconf 76' lang='lat' dir='ltr'><strong>necessariorum</strong></span> 
     </span>
    </p>
   </div>
   <div class='ocr_carea' id='block_1_87' title="bbox 1770 4269 2361 4325">
    <p class='ocr_par' dir='ltr' id='par_1_87' title="bbox 1770 4269 2361 4325">
     <span class='ocr_line' id='line_1_87' title="bbox 1770 4269 2361 4325; baseline 0.003 -4"><span class='ocrx_word' id='word_1_593' title='bbox 1770 4270 2068 4324; x_wconf 87' lang='lat' dir='ltr'><strong>illationem</strong></span> <span class='ocrx_word' id='word_1_594' title='bbox 2103 4269 2361 4325; x_wconf 76' lang='lat' dir='ltr'><strong>ferentes.</strong></span> 
     </span>
    </p>
   </div>
   <div class='ocr_carea' id='block_1_88' title="bbox 1841 4360 3345 4433">
    <p class='ocr_par' dir='ltr' id='par_1_88' title="bbox 1841 4360 3345 4433">
     <span class='ocr_line' id='line_1_88' title="bbox 1841 4360 3345 4433; baseline -0.001 -17"><span class='ocrx_word' id='word_1_595' title='bbox 1841 4362 1938 4417; x_wconf 76' lang='lat' dir='ltr'><strong>llis</strong></span> <span class='ocrx_word' id='word_1_596' title='bbox 1970 4371 2152 4416; x_wconf 78' lang='lat' dir='ltr'><strong>autem</strong></span> <span class='ocrx_word' id='word_1_597' title='bbox 2187 4362 2537 4427; x_wconf 80' lang='lat' dir='ltr'><strong>exeuntibus,</strong></span> <span class='ocrx_word' id='word_1_598' title='bbox 2570 4360 2749 4432; x_wconf 84' lang='lat' dir='ltr'><strong>Cyrus</strong></span> <span class='ocrx_word' id='word_1_599' title='bbox 2791 4360 2883 4416; x_wconf 86' lang='lat' dir='ltr'><strong>ille</strong></span> <span class='ocrx_word' id='word_1_600' title='bbox 2915 4375 3124 4433; x_wconf 89' lang='lat' dir='ltr'><strong>martyr</strong></span> <span class='ocrx_word' id='word_1_601' title='bbox 3154 4362 3206 4416; x_wconf 89' lang='lat' dir='ltr'><strong>in</strong></span> <span class='ocrx_word' id='word_1_602' title='bbox 3236 4378 3345 4415; x_wconf 85' lang='lat' dir='ltr'><strong>ino-</strong></span> 
     </span>
    </p>
   </div>
   <div class='ocr_carea' id='block_1_89' title="bbox 78 4453 1661 4531">
    <p class='ocr_par' dir='ltr' id='par_1_89' title="bbox 78 4458 1661 4531">
     <span class='ocr_line' id='line_1_89' title="bbox 78 4458 1661 4531; baseline 0.001 -21"><span class='ocrx_word' id='word_1_603' title='bbox 78 4476 174 4524; x_wconf 88' lang='grc' dir='ltr'><strong>τυς</strong></span> <span class='ocrx_word' id='word_1_604' title='bbox 197 4463 257 4514; x_wconf 84' lang='grc' dir='ltr'>ὲν</span> <span class='ocrx_word' id='word_1_605' title='bbox 286 4458 522 4531; x_wconf 86' lang='grc' dir='ltr'>μοναχοῦ</span> <span class='ocrx_word' id='word_1_606' title='bbox 549 4462 790 4531; x_wconf 80' lang='grc' dir='ltr'>σχήματι</span> <span class='ocrx_word' id='word_1_607' title='bbox 814 4459 891 4530; x_wconf 80' lang='grc' dir='ltr'>τῷ</span> <span class='ocrx_word' id='word_1_608' title='bbox 919 4458 1167 4513; x_wconf 76' lang='grc' dir='ltr'>νοσοῦντι</span> <span class='ocrx_word' id='word_1_609' title='bbox 1188 4460 1541 4531; x_wconf 83' lang='grc' dir='ltr'>παρίσταται,</span> <span class='ocrx_word' id='word_1_610' title='bbox 1561 4460 1661 4512; x_wconf 83' lang='grc' dir='ltr'><strong>οὐκ</strong></span> 
     </span>
    </p>
   </div>
   <div class='ocr_carea' id='block_1_90' title="bbox 1769 4453 3339 4531">
    <p class='ocr_par' dir='ltr' id='par_1_90' title="bbox 1769 4453 3339 4523">
     <span class='ocr_line' id='line_1_90' title="bbox 1769 4453 3339 4523; baseline -0.003 -12"><span class='ocrx_word' id='word_1_611' title='bbox 1769 4455 1927 4511; x_wconf 80' lang='lat' dir='ltr'><strong>naebi</strong></span> <span class='ocrx_word' id='word_1_612' title='bbox 1969 4455 2249 4510; x_wconf 86' lang='lat' dir='ltr'><strong>schemate</strong></span> <span class='ocrx_word' id='word_1_613' title='bbox 2298 4460 2442 4507; x_wconf 87' lang='lat' dir='ltr'><strong>astat</strong></span> <span class='ocrx_word' id='word_1_614' title='bbox 2486 4463 2712 4523; x_wconf 65' lang='lat' dir='ltr'><strong>aegroto,</strong></span> <span class='ocrx_word' id='word_1_615' title='bbox 2769 4466 2878 4506; x_wconf 89' lang='lat' dir='ltr'><strong>non</strong></span> <span class='ocrx_word' id='word_1_616' title='bbox 2911 4453 2964 4506; x_wconf 91' lang='lat' dir='ltr'><strong>in</strong></span> <span class='ocrx_word' id='word_1_617' title='bbox 2995 4454 3229 4518; x_wconf 89' lang='lat' dir='ltr'><strong>somnis,</strong></span> <span class='ocrx_word' id='word_1_618' title='bbox 3285 4465 3339 4507; x_wconf 88' lang='lat' dir='ltr'><strong>ut</strong></span> 
     </span>
    </p>
   </div>
   <div class='ocr_carea' id='block_1_91' title="bbox 79 4538 1664 4623">
    <p class='ocr_par' dir='ltr' id='par_1_91' title="bbox 79 4538 1664 4623">
     <span class='ocr_line' id='line_1_91' title="bbox 79 4538 1664 4623; baseline -0.001 -20"><span class='ocrx_word' id='word_1_619' title='bbox 79 4551 213 4623; x_wconf 77' lang='grc' dir='ltr'>δναρ</span> <span class='ocrx_word' id='word_1_620' title='bbox 247 4552 324 4614; x_wconf 86' lang='grc' dir='ltr'>ὡς</span> <span class='ocrx_word' id='word_1_621' title='bbox 353 4555 466 4615; x_wconf 88' lang='grc' dir='ltr'>τοῖς</span> <span class='ocrx_word' id='word_1_622' title='bbox 512 4551 725 4605; x_wconf 81' lang='grc' dir='ltr'>πλείοσι</span> <span class='ocrx_word' id='word_1_623' title='bbox 757 4538 1030 4619; x_wconf 71' lang='grc' dir='ltr'>φαίνεται,</span> <span class='ocrx_word' id='word_1_624' title='bbox 1063 4551 1180 4604; x_wconf 82' lang='grc' dir='ltr'>ἀλλ’</span> <span class='ocrx_word' id='word_1_625' title='bbox 1207 4550 1358 4621; x_wconf 76' lang='grc' dir='ltr'>ῦπαρ</span> <span class='ocrx_word' id='word_1_626' title='bbox 1384 4551 1457 4614; x_wconf 80' lang='grc' dir='ltr'>ὡς</span> <span class='ocrx_word' id='word_1_627' title='bbox 1504 4546 1571 4621; x_wconf 77' lang='grc' dir='ltr'>ἦν</span> <span class='ocrx_word' id='word_1_628' title='bbox 1604 4567 1664 4602; x_wconf 87' lang='grc' dir='ltr'><strong>τε</strong></span> 
     </span>
    </p>
   </div>
   <div class='ocr_carea' id='block_1_92' title="bbox 82 4633 1667 4715">
    <p class='ocr_par' dir='ltr' id='par_1_92' title="bbox 82 4633 1667 4715">
     <span class='ocr_line' id='line_1_92' title="bbox 82 4633 1667 4715; baseline 0 -20"><span class='ocrx_word' id='word_1_629' title='bbox 82 4644 179 4697; x_wconf 74' lang='grc' dir='ltr'>καὶ</span> <span class='ocrx_word' id='word_1_630' title='bbox 213 4644 487 4715; x_wconf 58' lang='grc' dir='ltr'>γράφεται</span> <span class='ocrx_word' id='word_1_631' title='bbox 514 4660 529 4674; x_wconf 73' lang='grc'><strong><em>⁸</em></strong></span> <span class='ocrx_word' id='word_1_632' title='bbox 583 4644 679 4696; x_wconf 78' lang='grc' dir='ltr'>καὶ</span> <span class='ocrx_word' id='word_1_633' title='bbox 735 4649 930 4711; x_wconf 76' lang='grc' dir='ltr'>φανεὶς</span> <span class='ocrx_word' id='word_1_634' title='bbox 962 4644 1261 4713; x_wconf 78' lang='grc' dir='ltr'>ἀναστῆναι</span> <span class='ocrx_word' id='word_1_635' title='bbox 1288 4633 1381 4714; x_wconf 80' lang='grc' dir='ltr'><strong>τῷ</strong></span> <span class='ocrx_word' id='word_1_636' title='bbox 1423 4643 1667 4697; x_wconf 79' lang='grc' dir='ltr'>νοσοῦντι</span> 
     </span>
    </p>
   </div>
   <div class='ocr_carea' id='block_1_93' title="bbox 93 4735 1665 4807">
    <p class='ocr_par' dir='ltr' id='par_1_93' title="bbox 93 4735 1665 4807">
     <span class='ocr_line' id='line_1_93' title="bbox 93 4735 1665 4807; baseline -0.001 -17"><span class='ocrx_word' id='word_1_637' title='bbox 93 4738 482 4805; x_wconf 75' lang='grc' dir='ltr'>προσέταττεν,</span> <span class='ocrx_word' id='word_1_638' title='bbox 524 4738 619 4790; x_wconf 72' lang='grc' dir='ltr'><strong>καὶ</strong></span> <span class='ocrx_word' id='word_1_639' title='bbox 648 4736 875 4807; x_wconf 84' lang='grc' dir='ltr'>θερμοῖς</span> <span class='ocrx_word' id='word_1_640' title='bbox 906 4735 1299 4807; x_wconf 82' lang='grc' dir='ltr'>ὲγκυϐιστῆσαι</span> <span class='ocrx_word' id='word_1_641' title='bbox 1348 4737 1457 4798; x_wconf 86' lang='grc' dir='ltr'>τοῖς</span> <span class='ocrx_word' id='word_1_642' title='bbox 1488 4737 1665 4804; x_wconf 82' lang='grc' dir='ltr'>νάμα-</span> 
     </span>
    </p>
   </div>
   <div class='ocr_carea' id='block_1_94' title="bbox 86 4825 1667 4899">
    <p class='ocr_par' dir='ltr' id='par_1_94' title="bbox 86 4825 1667 4899">
     <span class='ocr_line' id='line_1_94' title="bbox 86 4825 1667 4899; baseline 0 -21"><span class='ocrx_word' id='word_1_643' title='bbox 86 4842 189 4880; x_wconf 89' lang='grc' dir='ltr'>σιν.</span> <span class='ocrx_word' id='word_1_644' title='bbox 228 4828 287 4881; x_wconf 88' lang='grc' dir='ltr'><strong>Ὀ</strong></span> <span class='ocrx_word' id='word_1_645' title='bbox 312 4826 369 4880; x_wconf 81' lang='grc' dir='ltr'><strong>δὲ</strong></span> <span class='ocrx_word' id='word_1_646' title='bbox 405 4828 478 4899; x_wconf 84' lang='grc' dir='ltr'>μὴ</span> <span class='ocrx_word' id='word_1_647' title='bbox 512 4825 818 4899; x_wconf 76' lang='grc' dir='ltr'>θαμϐηθεὶς</span> <span class='ocrx_word' id='word_1_648' title='bbox 850 4825 987 4898; x_wconf 75' lang='grc' dir='ltr'>πρὸς</span> <span class='ocrx_word' id='word_1_649' title='bbox 1015 4828 1114 4898; x_wconf 83' lang='grc' dir='ltr'>τὴν</span> <span class='ocrx_word' id='word_1_650' title='bbox 1132 4828 1344 4897; x_wconf 84' lang='grc' dir='ltr'>ὅρασιν,</span> <span class='ocrx_word' id='word_1_651' title='bbox 1379 4825 1500 4895; x_wconf 81' lang='grc' dir='ltr'>μηδ’</span> <span class='ocrx_word' id='word_1_652' title='bbox 1530 4826 1667 4887; x_wconf 81' lang='grc' dir='ltr'>ὅλως</span> 
     </span>
    </p>
   </div>
   <div class='ocr_carea' id='block_1_95' title="bbox 86 4911 1665 4987">
    <p class='ocr_par' dir='ltr' id='par_1_95' title="bbox 86 4911 1665 4987">
     <span class='ocr_line' id='line_1_95' title="bbox 86 4911 1665 4987; baseline 0 -20"><span class='ocrx_word' id='word_1_653' title='bbox 86 4919 164 4979; x_wconf 83' lang='grc' dir='ltr'>εἰς</span> <span class='ocrx_word' id='word_1_654' title='bbox 201 4916 329 4971; x_wconf 74' lang='grc' dir='ltr'>νοῦν</span> <span class='ocrx_word' id='word_1_655' title='bbox 357 4916 680 4987; x_wconf 82' lang='grc' dir='ltr'>προσλαϐὼν</span> <span class='ocrx_word' id='word_1_656' title='bbox 697 4916 756 4969; x_wconf 75' lang='grc' dir='ltr'>τὸ</span> <span class='ocrx_word' id='word_1_657' title='bbox 788 4911 1116 4985; x_wconf 81' lang='grc' dir='ltr'>παράδοξον,</span> <span class='ocrx_word' id='word_1_658' title='bbox 1155 4915 1315 4968; x_wconf 80' lang='grc' dir='ltr'>τοῦτο</span> <span class='ocrx_word' id='word_1_659' title='bbox 1344 4914 1665 4983; x_wconf 81' lang='grc' dir='ltr'>τετευχότος</span> 
     </span>
    </p>
   </div>
   <div class='ocr_carea' id='block_1_96' title="bbox 87 5005 1658 5080">
    <p class='ocr_par' dir='ltr' id='par_1_96' title="bbox 87 5005 1658 5080">
     <span class='ocr_line' id='line_1_96' title="bbox 87 5005 1658 5080; baseline 0 -22"><span class='ocrx_word' id='word_1_660' title='bbox 87 5007 179 5060; x_wconf 80' lang='grc' dir='ltr'>τοῦ</span> <span class='ocrx_word' id='word_1_661' title='bbox 216 5009 494 5080; x_wconf 85' lang='grc' dir='ltr'>μάρτυρος</span> <span class='ocrx_word' id='word_1_662' title='bbox 519 5008 595 5072; x_wconf 84' lang='grc' dir='ltr'>ὡς</span> <span class='ocrx_word' id='word_1_663' title='bbox 622 5008 689 5061; x_wconf 87' lang='grc' dir='ltr'><strong>ἂν</strong></span> <span class='ocrx_word' id='word_1_664' title='bbox 717 5007 791 5077; x_wconf 79' lang='grc' dir='ltr'>μὴ</span> <span class='ocrx_word' id='word_1_665' title='bbox 826 5008 976 5078; x_wconf 67' lang='grc' dir='ltr'><strong>φόϐῳ</strong></span> <span class='ocrx_word' id='word_1_666' title='bbox 1008 5007 1171 5060; x_wconf 61' lang='grc' dir='ltr'>πάθοι</span> <span class='ocrx_word' id='word_1_667' title='bbox 1193 5024 1241 5061; x_wconf 90' lang='grc' dir='ltr'><strong>τι</strong></span> <span class='ocrx_word' id='word_1_668' title='bbox 1263 5007 1360 5077; x_wconf 75' lang='grc' dir='ltr'>τὴν</span> <span class='ocrx_word' id='word_1_669' title='bbox 1396 5005 1658 5070; x_wconf 86' lang='grc' dir='ltr'>διάνοιαν,</span> 
     </span>
    </p>
   </div>
   <div class='ocr_carea' id='block_1_97' title="bbox 88 5097 1663 5171">
    <p class='ocr_par' dir='ltr' id='par_1_97' title="bbox 88 5097 1663 5171">
     <span class='ocr_line' id='line_1_97' title="bbox 88 5097 1663 5171; baseline -0.001 -20"><span class='ocrx_word' id='word_1_670' title='bbox 88 5097 454 5168; x_wconf 80' lang='grc' dir='ltr'>μὴδύνασθαι</span> <span class='ocrx_word' id='word_1_671' title='bbox 509 5098 647 5170; x_wconf 75' lang='grc' dir='ltr'>πρὸς</span> <span class='ocrx_word' id='word_1_672' title='bbox 698 5098 859 5150; x_wconf 70' lang='grc' dir='ltr'>αὐτὸν</span> <span class='ocrx_word' id='word_1_673' title='bbox 913 5099 1268 5171; x_wconf 84' lang='grc' dir='ltr'>ἁπεκρίνατο.</span> <span class='ocrx_word' id='word_1_674' title='bbox 1308 5098 1468 5150; x_wconf 77' lang='grc' dir='ltr'>Ἀλλὰ</span> <span class='ocrx_word' id='word_1_675' title='bbox 1504 5098 1663 5151; x_wconf 80' lang='grc' dir='ltr'>πάλιν</span> 
     </span>
    </p>
   </div>
   <div class='ocr_carea' id='block_1_98' title="bbox 83 5186 1660 5261">
    <p class='ocr_par' dir='ltr' id='par_1_98' title="bbox 83 5186 1660 5261">
     <span class='ocr_line' id='line_1_98' title="bbox 83 5186 1660 5261; baseline 0.002 -22"><span class='ocrx_word' id='word_1_676' title='bbox 83 5186 240 5242; x_wconf 82' lang='grc' dir='ltr'>τοῦτο</span> <span class='ocrx_word' id='word_1_677' title='bbox 279 5193 450 5243; x_wconf 86' lang='grc' dir='ltr'>ποιεῖν</span> <span class='ocrx_word' id='word_1_678' title='bbox 496 5189 590 5243; x_wconf 79' lang='grc' dir='ltr'>τοῦ</span> <span class='ocrx_word' id='word_1_679' title='bbox 627 5189 889 5258; x_wconf 82' lang='grc' dir='ltr'>φανέντος</span> <span class='ocrx_word' id='word_1_680' title='bbox 930 5191 1329 5261; x_wconf 75' lang='grc' dir='ltr'>προτρέποντος</span> <span class='ocrx_word' id='word_1_681' title='bbox 1364 5191 1660 5261; x_wconf 79' lang='grc' dir='ltr'>μάρτυρος,</span> 
     </span>
    </p>
   </div>
   <div class='ocr_carea' id='block_1_99' title="bbox 86 5279 1666 5353">
    <p class='ocr_par' dir='ltr' id='par_1_99' title="bbox 86 5279 1666 5353">
     <span class='ocr_line' id='line_1_99' title="bbox 86 5279 1666 5353; baseline 0.004 -23"><span class='ocrx_word' id='word_1_682' title='bbox 86 5279 349 5333; x_wconf 74' lang='grc' dir='ltr'>καὶκατὰ</span> <span class='ocrx_word' id='word_1_683' title='bbox 388 5279 563 5352; x_wconf 77' lang='grc' dir='ltr'>βραχὺ</span> <span class='ocrx_word' id='word_1_684' title='bbox 624 5281 1067 5349; x_wconf 77' lang='grc' dir='ltr'>καταλαμϐάνειν</span> <span class='ocrx_word' id='word_1_685' title='bbox 1126 5282 1223 5353; x_wconf 75' lang='grc' dir='ltr'>τὴν</span> <span class='ocrx_word' id='word_1_686' title='bbox 1276 5282 1529 5351; x_wconf 80' lang='grc' dir='ltr'>ἔμϐασιν.</span> <span class='ocrx_word' id='word_1_687' title='bbox 1574 5284 1666 5336; x_wconf 71' lang='grc' dir='ltr'><strong>καὶ</strong></span> 
     </span>
    </p>
   </div>
   <div class='ocr_carea' id='block_1_100' title="bbox 88 5371 1664 5444">
    <p class='ocr_par' dir='ltr' id='par_1_100' title="bbox 88 5371 1664 5444">
     <span class='ocr_line' id='line_1_100' title="bbox 88 5371 1664 5444; baseline 0.005 -25"><span class='ocrx_word' id='word_1_688' title='bbox 88 5374 334 5424; x_wconf 76' lang='grc' dir='ltr'>κατιέναι</span> <span class='ocrx_word' id='word_1_689' title='bbox 391 5371 749 5443; x_wconf 83' lang='grc' dir='ltr'>λουσάμενον,</span> <span class='ocrx_word' id='word_1_690' title='bbox 799 5372 936 5444; x_wconf 71' lang='grc' dir='ltr'>πρὸς</span> <span class='ocrx_word' id='word_1_691' title='bbox 988 5372 1049 5424; x_wconf 74' lang='grc' dir='ltr'><strong>το</strong></span> <span class='ocrx_word' id='word_1_692' title='bbox 1072 5373 1361 5425; x_wconf 78' lang='grc' dir='ltr'>κελευσθὲν</span> <span class='ocrx_word' id='word_1_693' title='bbox 1392 5372 1664 5438; x_wconf 77' lang='grc' dir='ltr'>ἐϐιάζετο,</span> 
     </span>
    </p>
   </div>
   <div class='ocr_carea' id='block_1_101' title="bbox 88 5459 1665 5534">
    <p class='ocr_par' dir='ltr' id='par_1_101' title="bbox 88 5459 1665 5534">
     <span class='ocr_line' id='line_1_101' title="bbox 88 5459 1665 5534; baseline 0.004 -25"><span class='ocrx_word' id='word_1_694' title='bbox 88 5459 315 5532; x_wconf 82' lang='grc' dir='ltr'>δύναμιν</span> <span class='ocrx_word' id='word_1_695' title='bbox 374 5462 522 5534; x_wconf 82' lang='grc' dir='ltr'>αύτῷ</span> <span class='ocrx_word' id='word_1_696' title='bbox 574 5465 667 5518; x_wconf 82' lang='grc' dir='ltr'><strong>τοῦ</strong></span> <span class='ocrx_word' id='word_1_697' title='bbox 728 5462 1017 5524; x_wconf 81' lang='grc' dir='ltr'>λαλοῦντος</span> <span class='ocrx_word' id='word_1_698' title='bbox 1075 5461 1514 5532; x_wconf 81' lang='grc' dir='ltr'>ἐμπνεύσαντος·</span> <span class='ocrx_word' id='word_1_699' title='bbox 1572 5464 1665 5517; x_wconf 76' lang='grc' dir='ltr'>καὶ</span> 
     </span>
    </p>
   </div>
   <div class='ocr_carea' id='block_1_102' title="bbox 90 5536 1665 5625">
    <p class='ocr_par' dir='ltr' id='par_1_102' title="bbox 90 5536 1665 5625">
     <span class='ocr_line' id='line_1_102' title="bbox 90 5536 1665 5625; baseline 0.004 -24"><span class='ocrx_word' id='word_1_700' title='bbox 90 5554 246 5623; x_wconf 74' lang='grc' dir='ltr'>χερσὶ</span> <span class='ocrx_word' id='word_1_701' title='bbox 272 5536 369 5609; x_wconf 66' lang='grc' dir='ltr'><strong>καλ</strong></span> <span class='ocrx_word' id='word_1_702' title='bbox 399 5555 527 5608; x_wconf 75' lang='grc' dir='ltr'>ποσὶ</span> <span class='ocrx_word' id='word_1_703' title='bbox 570 5553 1007 5625; x_wconf 81' lang='grc' dir='ltr'>κυλινδούμενος,</span> <span class='ocrx_word' id='word_1_704' title='bbox 1060 5552 1471 5625; x_wconf 84' lang='grc' dir='ltr'>καταλαμϐάνει</span> <span class='ocrx_word' id='word_1_705' title='bbox 1509 5554 1665 5625; x_wconf 80' lang='grc' dir='ltr'>μόλις</span> 
     </span>
    </p>
   </div>
   <div class='ocr_carea' id='block_1_103' title="bbox 91 5640 1663 5716">
    <p class='ocr_par' dir='ltr' id='par_1_103' title="bbox 91 5640 1663 5716">
     <span class='ocr_line' id='line_1_103' title="bbox 91 5640 1663 5716; baseline 0.003 -21"><span class='ocrx_word' id='word_1_706' title='bbox 91 5640 185 5712; x_wconf 80' lang='grc' dir='ltr'><strong>τὴν</strong></span> <span class='ocrx_word' id='word_1_707' title='bbox 211 5643 467 5716; x_wconf 81' lang='grc' dir='ltr'>ἔμϐασιν,</span> <span class='ocrx_word' id='word_1_708' title='bbox 501 5646 681 5716; x_wconf 68' lang='grc' dir='ltr'>ὄφεως</span> <span class='ocrx_word' id='word_1_709' title='bbox 705 5644 862 5715; x_wconf 79' lang='grc' dir='ltr'>δίκην</span> <span class='ocrx_word' id='word_1_710' title='bbox 886 5644 1207 5715; x_wconf 73' lang='grc' dir='ltr'>συρόμενος,</span> <span class='ocrx_word' id='word_1_711' title='bbox 1245 5646 1340 5698; x_wconf 75' lang='grc' dir='ltr'>καὶ</span> <span class='ocrx_word' id='word_1_712' title='bbox 1368 5646 1442 5707; x_wconf 77' lang='grc' dir='ltr'>ὡς</span> <span class='ocrx_word' id='word_1_713' title='bbox 1476 5648 1663 5715; x_wconf 74' lang='grc' dir='ltr'>ἴσχυσε</span> 
     </span>
    </p>
   </div>
   <div class='ocr_carea' id='block_1_104' title="bbox 92 5736 1662 5810">
    <p class='ocr_par' dir='ltr' id='par_1_104' title="bbox 92 5736 1662 5810">
     <span class='ocr_line' id='line_1_104' title="bbox 92 5736 1662 5810; baseline 0.001 -23"><span class='ocrx_word' id='word_1_714' title='bbox 92 5736 365 5792; x_wconf 80' lang='grc' dir='ltr'>κατελθὼν</span> <span class='ocrx_word' id='word_1_715' title='bbox 382 5739 463 5802; x_wconf 84' lang='grc' dir='ltr'>εἰς</span> <span class='ocrx_word' id='word_1_716' title='bbox 478 5738 545 5792; x_wconf 87' lang='grc' dir='ltr'>τὰ</span> <span class='ocrx_word' id='word_1_717' title='bbox 573 5738 814 5810; x_wconf 82' lang='grc' dir='ltr'>νάματα,</span> <span class='ocrx_word' id='word_1_718' title='bbox 844 5736 1168 5809; x_wconf 77' lang='grc' dir='ltr'>ἀνελήλυθεν</span> <span class='ocrx_word' id='word_1_719' title='bbox 1190 5737 1264 5801; x_wconf 80' lang='grc' dir='ltr'>ὡς</span> <span class='ocrx_word' id='word_1_720' title='bbox 1287 5738 1384 5791; x_wconf 70' lang='grc' dir='ltr'><strong>οὐκ</strong></span> <span class='ocrx_word' id='word_1_721' title='bbox 1413 5736 1662 5804; x_wconf 68' lang='grc' dir='ltr'>ἧλπισενο</span> 
     </span>
    </p>
   </div>
   <div class='ocr_carea' id='block_1_105' title="bbox 1772 4545 3345 4615">
    <p class='ocr_par' dir='ltr' id='par_1_105' title="bbox 1772 4545 3345 4615">
     <span class='ocr_line' id='line_1_105' title="bbox 1772 4545 3345 4615; baseline 0 -15"><span class='ocrx_word' id='word_1_722' title='bbox 1772 4546 1959 4600; x_wconf 91' lang='lat' dir='ltr'><strong>multis</strong></span> <span class='ocrx_word' id='word_1_723' title='bbox 2004 4554 2251 4615; x_wconf 87' lang='lat' dir='ltr'><strong>apparet,</strong></span> <span class='ocrx_word' id='word_1_724' title='bbox 2289 4545 2383 4599; x_wconf 89' lang='lat' dir='ltr'><strong>sed</strong></span> <span class='ocrx_word' id='word_1_725' title='bbox 2420 4546 2474 4598; x_wconf 92' lang='lat' dir='ltr'><strong>in</strong></span> <span class='ocrx_word' id='word_1_726' title='bbox 2521 4546 2771 4611; x_wconf 73' lang='lat' dir='ltr'><strong>veritate,</strong></span> <span class='ocrx_word' id='word_1_727' title='bbox 2810 4546 2955 4600; x_wconf 84' lang='lat' dir='ltr'><strong>sicut</strong></span> <span class='ocrx_word' id='word_1_728' title='bbox 2984 4554 3106 4601; x_wconf 88' lang='lat' dir='ltr'><strong>erat</strong></span> <span class='ocrx_word' id='word_1_729' title='bbox 3133 4554 3189 4600; x_wconf 87' lang='lat' dir='ltr'><strong>et</strong></span> <span class='ocrx_word' id='word_1_730' title='bbox 3225 4546 3345 4615; x_wconf 59' lang='lat' dir='ltr'><strong>pinv</strong></span> 
     </span>
    </p>
   </div>
   <div class='ocr_carea' id='block_1_106' title="bbox 1769 4636 3349 4710">
    <p class='ocr_par' dir='ltr' id='par_1_106' title="bbox 1769 4636 3349 4710">
     <span class='ocr_line' id='line_1_106' title="bbox 1769 4636 3349 4710; baseline 0.002 -20"><span class='ocrx_word' id='word_1_731' title='bbox 1769 4642 1953 4710; x_wconf 79' lang='lat' dir='ltr'><strong>gitur;</strong></span> <span class='ocrx_word' id='word_1_732' title='bbox 2015 4652 2065 4692; x_wconf 88' lang='lat' dir='ltr'><strong>et</strong></span> <span class='ocrx_word' id='word_1_733' title='bbox 2097 4652 2391 4707; x_wconf 83' lang='lat' dir='ltr'><strong>apparens,</strong></span> <span class='ocrx_word' id='word_1_734' title='bbox 2444 4652 2670 4705; x_wconf 77' lang='lat' dir='ltr'><strong>surgere</strong></span> <span class='ocrx_word' id='word_1_735' title='bbox 2720 4636 3003 4707; x_wconf 73' lang='lat' dir='ltr'><strong>languenti</strong></span> <span class='ocrx_word' id='word_1_736' title='bbox 3057 4638 3349 4707; x_wconf 66' lang='lat' dir='ltr'><strong>praecipie-</strong></span> 
     </span>
    </p>
   </div>
   <div class='ocr_carea' id='block_1_107' title="bbox 1770 4730 3346 4799">
    <p class='ocr_par' dir='ltr' id='par_1_107' title="bbox 1770 4730 3346 4799">
     <span class='ocr_line' id='line_1_107' title="bbox 1770 4730 3346 4799; baseline -0.002 -12"><span class='ocrx_word' id='word_1_737' title='bbox 1770 4734 1884 4798; x_wconf 89' lang='lat' dir='ltr'><strong>bat,</strong></span> <span class='ocrx_word' id='word_1_738' title='bbox 1910 4741 1963 4783; x_wconf 66' lang='grc' dir='ltr'><strong>ιιι</strong></span> <span class='ocrx_word' id='word_1_739' title='bbox 1995 4731 2050 4784; x_wconf 82' lang='grc' dir='ltr'>ἰιι</span> <span class='ocrx_word' id='word_1_740' title='bbox 2085 4731 2266 4784; x_wconf 85' lang='lat' dir='ltr'><strong>calida</strong></span> <span class='ocrx_word' id='word_1_741' title='bbox 2314 4730 2485 4799; x_wconf 79' lang='lat' dir='ltr'><strong>mergi</strong></span> <span class='ocrx_word' id='word_1_742' title='bbox 2542 4730 2765 4783; x_wconf 84' lang='lat' dir='ltr'><strong>ﬂuenta.</strong></span> <span class='ocrx_word' id='word_1_743' title='bbox 2814 4731 2883 4782; x_wconf 81' lang='lat' dir='ltr'><strong>At</strong></span> <span class='ocrx_word' id='word_1_744' title='bbox 2927 4730 3018 4783; x_wconf 87' lang='lat' dir='ltr'><strong>ille</strong></span> <span class='ocrx_word' id='word_1_745' title='bbox 3059 4730 3135 4784; x_wconf 91' lang='lat' dir='ltr'><strong>nil</strong></span> <span class='ocrx_word' id='word_1_746' title='bbox 3166 4730 3233 4784; x_wconf 88' lang='lat' dir='ltr'><strong>ad</strong></span> <span class='ocrx_word' id='word_1_747' title='bbox 3266 4731 3346 4784; x_wconf 71' lang='lat' dir='ltr'><strong>vi-</strong></span> 
     </span>
    </p>
   </div>
   <div class='ocr_carea' id='block_1_108' title="bbox 1768 4822 3342 4892">
    <p class='ocr_par' dir='ltr' id='par_1_108' title="bbox 1768 4822 3342 4892">
     <span class='ocr_line' id='line_1_108' title="bbox 1768 4822 3342 4892; baseline -0.003 -11"><span class='ocrx_word' id='word_1_748' title='bbox 1768 4824 1977 4881; x_wconf 85' lang='lat' dir='ltr'><strong>sionem</strong></span> <span class='ocrx_word' id='word_1_749' title='bbox 2010 4825 2376 4892; x_wconf 78' lang='lat' dir='ltr'><strong>stupefactus,</strong></span> <span class='ocrx_word' id='word_1_750' title='bbox 2422 4836 2522 4876; x_wconf 82' lang='lat' dir='ltr'><strong>nec</strong></span> <span class='ocrx_word' id='word_1_751' title='bbox 2553 4822 2780 4875; x_wconf 88' lang='lat' dir='ltr'><strong>omnino</strong></span> <span class='ocrx_word' id='word_1_752' title='bbox 2828 4822 2881 4876; x_wconf 93' lang='lat' dir='ltr'><strong>in</strong></span> <span class='ocrx_word' id='word_1_753' title='bbox 2913 4829 3149 4876; x_wconf 89' lang='lat' dir='ltr'><strong>mentem</strong></span> <span class='ocrx_word' id='word_1_754' title='bbox 3186 4836 3342 4877; x_wconf 84' lang='lat' dir='ltr'><strong>assu-</strong></span> 
     </span>
    </p>
   </div>
   <div class='ocr_carea' id='block_1_109' title="bbox 1769 4912 3349 4984">
    <p class='ocr_par' dir='ltr' id='par_1_109' title="bbox 1769 4912 3349 4984">
     <span class='ocr_line' id='line_1_109' title="bbox 1769 4912 3349 4984; baseline -0.001 -17"><span class='ocrx_word' id='word_1_755' title='bbox 1769 4928 1923 4968; x_wconf 87' lang='lat' dir='ltr'><strong>meus</strong></span> <span class='ocrx_word' id='word_1_756' title='bbox 1965 4913 2382 4968; x_wconf 85' lang='lat' dir='ltr'><strong>admirationem</strong></span> <span class='ocrx_word' id='word_1_757' title='bbox 2426 4912 2574 4966; x_wconf 88' lang='lat' dir='ltr'><strong>illam</strong></span> <span class='ocrx_word' id='word_1_758' title='bbox 2627 4927 2792 4981; x_wconf 88' lang='lat' dir='ltr'><strong>quam</strong></span> <span class='ocrx_word' id='word_1_759' title='bbox 2825 4919 2960 4967; x_wconf 89' lang='lat' dir='ltr'><strong>tunc</strong></span> <span class='ocrx_word' id='word_1_760' title='bbox 2993 4919 3202 4983; x_wconf 82' lang='lat' dir='ltr'><strong>martyr</strong></span> <span class='ocrx_word' id='word_1_761' title='bbox 3252 4928 3349 4984; x_wconf 83' lang='lat' dir='ltr'><strong>pa-</strong></span> 
     </span>
    </p>
   </div>
   <div class='ocr_carea' id='block_1_110' title="bbox 1769 5002 3347 5072">
    <p class='ocr_par' dir='ltr' id='par_1_110' title="bbox 1769 5002 3347 5072">
     <span class='ocr_line' id='line_1_110' title="bbox 1769 5002 3347 5072; baseline 0.001 -14"><span class='ocrx_word' id='word_1_762' title='bbox 1769 5010 2035 5069; x_wconf 86' lang='lat' dir='ltr'><strong>traverat,</strong></span> <span class='ocrx_word' id='word_1_763' title='bbox 2059 5002 2277 5072; x_wconf 85' lang='lat' dir='ltr'><strong>nequid</strong></span> <span class='ocrx_word' id='word_1_764' title='bbox 2322 5003 2519 5057; x_wconf 89' lang='lat' dir='ltr'><strong>timore</strong></span> <span class='ocrx_word' id='word_1_765' title='bbox 2570 5011 2850 5072; x_wconf 83' lang='lat' dir='ltr'><strong>pateretur</strong></span> <span class='ocrx_word' id='word_1_766' title='bbox 2880 5002 2933 5056; x_wconf 91' lang='lat' dir='ltr'><strong>in</strong></span> <span class='ocrx_word' id='word_1_767' title='bbox 2962 5011 3186 5069; x_wconf 90' lang='lat' dir='ltr'><strong>mente;</strong></span> <span class='ocrx_word' id='word_1_768' title='bbox 3233 5017 3347 5059; x_wconf 79' lang='lat' dir='ltr'><strong>non</strong></span> 
     </span>
    </p>
   </div>
   <div class='ocr_carea' id='block_1_111' title="bbox 1771 5092 3345 5165">
    <p class='ocr_par' dir='ltr' id='par_1_111' title="bbox 1771 5092 3345 5165">
     <span class='ocr_line' id='line_1_111' title="bbox 1771 5092 3345 5165; baseline 0.001 -18"><span class='ocrx_word' id='word_1_769' title='bbox 1771 5110 1931 5165; x_wconf 86' lang='lat' dir='ltr'><strong>posse</strong></span> <span class='ocrx_word' id='word_1_770' title='bbox 1959 5109 2018 5149; x_wconf 87' lang='lat' dir='ltr'><strong>se</strong></span> <span class='ocrx_word' id='word_1_771' title='bbox 2044 5093 2110 5147; x_wconf 91' lang='lat' dir='ltr'><strong>ad</strong></span> <span class='ocrx_word' id='word_1_772' title='bbox 2142 5109 2267 5148; x_wconf 92' lang='lat' dir='ltr'><strong>eum</strong></span> <span class='ocrx_word' id='word_1_773' title='bbox 2311 5093 2619 5163; x_wconf 88' lang='lat' dir='ltr'><strong>respondit.</strong></span> <span class='ocrx_word' id='word_1_774' title='bbox 2657 5092 2764 5147; x_wconf 84' lang='lat' dir='ltr'><strong>Sed</strong></span> <span class='ocrx_word' id='word_1_775' title='bbox 2799 5093 3001 5149; x_wconf 89' lang='lat' dir='ltr'><strong>iterum</strong></span> <span class='ocrx_word' id='word_1_776' title='bbox 3039 5110 3165 5162; x_wconf 84' lang='lat' dir='ltr'><strong>cum</strong></span> <span class='ocrx_word' id='word_1_777' title='bbox 3200 5110 3345 5148; x_wconf 88' lang='lat' dir='ltr'><strong>mar-</strong></span> 
     </span>
    </p>
   </div>
   <div class='ocr_carea' id='block_1_112' title="bbox 1769 5186 3349 5259">
    <p class='ocr_par' dir='ltr' id='par_1_112' title="bbox 1769 5186 3349 5259">
     <span class='ocr_line' id='line_1_112' title="bbox 1769 5186 3349 5259; baseline -0.001 -20"><span class='ocrx_word' id='word_1_778' title='bbox 1769 5198 1855 5259; x_wconf 86' lang='lat' dir='ltr'><strong>tyr</strong></span> <span class='ocrx_word' id='word_1_779' title='bbox 1896 5188 1987 5256; x_wconf 91' lang='lat' dir='ltr'><strong>qui</strong></span> <span class='ocrx_word' id='word_1_780' title='bbox 2037 5194 2389 5256; x_wconf 88' lang='lat' dir='ltr'><strong>apparuerat,</strong></span> <span class='ocrx_word' id='word_1_781' title='bbox 2430 5186 2535 5240; x_wconf 83' lang='lat' dir='ltr'><strong>lioc</strong></span> <span class='ocrx_word' id='word_1_782' title='bbox 2585 5186 2767 5241; x_wconf 79' lang='lat' dir='ltr'><strong>facere</strong></span> <span class='ocrx_word' id='word_1_783' title='bbox 2810 5196 2864 5241; x_wconf 88' lang='lat' dir='ltr'><strong>et</strong></span> <span class='ocrx_word' id='word_1_784' title='bbox 2894 5187 2960 5241; x_wconf 87' lang='lat' dir='ltr'><strong>ad</strong></span> <span class='ocrx_word' id='word_1_785' title='bbox 2992 5186 3195 5240; x_wconf 90' lang='lat' dir='ltr'><strong>solium</strong></span> <span class='ocrx_word' id='word_1_786' title='bbox 3222 5202 3349 5255; x_wconf 81' lang='lat' dir='ltr'><strong>pau-</strong></span> 
     </span>
    </p>
   </div>
   <div class='ocr_carea' id='block_1_113' title="bbox 1770 5277 3349 5348">
    <p class='ocr_par' dir='ltr' id='par_1_113' title="bbox 1770 5277 3349 5348">
     <span class='ocr_line' id='line_1_113' title="bbox 1770 5277 3349 5348; baseline 0.001 -18"><span class='ocrx_word' id='word_1_787' title='bbox 1770 5279 1922 5332; x_wconf 90' lang='lat' dir='ltr'><strong>latim</strong></span> <span class='ocrx_word' id='word_1_788' title='bbox 1959 5278 2169 5341; x_wconf 76' lang='lat' dir='ltr'><strong>veuire,</strong></span> <span class='ocrx_word' id='word_1_789' title='bbox 2224 5293 2286 5332; x_wconf 91' lang='lat' dir='ltr'><strong>ac</strong></span> <span class='ocrx_word' id='word_1_790' title='bbox 2320 5277 2658 5333; x_wconf 85' lang='lat' dir='ltr'><strong>descendere</strong></span> <span class='ocrx_word' id='word_1_791' title='bbox 2704 5279 3011 5332; x_wconf 77' lang='lat' dir='ltr'><strong>lavaturum</strong></span> <span class='ocrx_word' id='word_1_792' title='bbox 3057 5279 3349 5348; x_wconf 66' lang='lat' dir='ltr'><strong>praecepis-</strong></span> 
     </span>
    </p>
   </div>
   <div class='ocr_carea' id='block_1_114' title="bbox 1769 5368 3345 5439">
    <p class='ocr_par' dir='ltr' id='par_1_114' title="bbox 1769 5368 3345 5439">
     <span class='ocr_line' id='line_1_114' title="bbox 1769 5368 3345 5439; baseline -0.001 -15"><span class='ocrx_word' id='word_1_793' title='bbox 1769 5379 1873 5432; x_wconf 84' lang='lat' dir='ltr'><strong>set,</strong></span> <span class='ocrx_word' id='word_1_794' title='bbox 1911 5370 2062 5425; x_wconf 86' lang='lat' dir='ltr'><strong>adid</strong></span> <span class='ocrx_word' id='word_1_795' title='bbox 2097 5370 2195 5423; x_wconf 91' lang='lat' dir='ltr'><strong>niti</strong></span> <span class='ocrx_word' id='word_1_796' title='bbox 2223 5370 2369 5439; x_wconf 90' lang='lat' dir='ltr'><strong>quod</strong></span> <span class='ocrx_word' id='word_1_797' title='bbox 2417 5370 2633 5438; x_wconf 86' lang='lat' dir='ltr'><strong>jussum</strong></span> <span class='ocrx_word' id='word_1_798' title='bbox 2681 5368 2859 5424; x_wconf 79' lang='lat' dir='ltr'><strong>fuerat</strong></span> <span class='ocrx_word' id='word_1_799' title='bbox 2903 5368 3215 5439; x_wconf 74' lang='lat' dir='ltr'><strong>languidus.</strong></span> <span class='ocrx_word' id='word_1_800' title='bbox 3251 5384 3345 5423; x_wconf 84' lang='lat' dir='ltr'><strong>co-</strong></span> 
     </span>
    </p>
   </div>
   <div class='ocr_carea' id='block_1_115' title="bbox 1766 5460 3412 5532">
    <p class='ocr_par' dir='ltr' id='par_1_115' title="bbox 1766 5460 3412 5532">
     <span class='ocr_line' id='line_1_115' title="bbox 1766 5460 3412 5532; baseline -0.001 -18"><span class='ocrx_word' id='word_1_801' title='bbox 1766 5462 2018 5532; x_wconf 72' lang='lat' dir='ltr'><strong>gebatur,</strong></span> <span class='ocrx_word' id='word_1_802' title='bbox 2054 5460 2157 5515; x_wconf 87' lang='lat' dir='ltr'><strong>sibi</strong></span> <span class='ocrx_word' id='word_1_803' title='bbox 2189 5476 2254 5516; x_wconf 90' lang='lat' dir='ltr'><strong>eo</strong></span> <span class='ocrx_word' id='word_1_804' title='bbox 2300 5460 2393 5530; x_wconf 90' lang='lat' dir='ltr'><strong>qui</strong></span> <span class='ocrx_word' id='word_1_805' title='bbox 2449 5461 2776 5528; x_wconf 86' lang='lat' dir='ltr'><strong>loquebatur</strong></span> <span class='ocrx_word' id='word_1_806' title='bbox 2829 5460 3132 5530; x_wconf 88' lang='lat' dir='ltr'><strong>inspirante</strong></span> <span class='ocrx_word' id='word_1_807' title='bbox 3164 5460 3349 5513; x_wconf 75' lang='lat' dir='ltr'><strong>.virtu-</strong></span> <span class='ocrx_word' id='word_1_808' title='bbox 3397 5466 3412 5480; x_wconf 88' lang='lat'><strong>&#39;</strong></span> 
     </span>
    </p>
   </div>
   <div class='ocr_carea' id='block_1_116' title="bbox 1767 5551 3349 5623">
    <p class='ocr_par' dir='ltr' id='par_1_116' title="bbox 1767 5551 3349 5623">
     <span class='ocr_line' id='line_1_116' title="bbox 1767 5551 3349 5623; baseline -0.001 -16"><span class='ocrx_word' id='word_1_809' title='bbox 1767 5562 1902 5615; x_wconf 86' lang='lat' dir='ltr'><strong>tem,</strong></span> <span class='ocrx_word' id='word_1_810' title='bbox 1960 5552 2325 5622; x_wconf 85' lang='lat' dir='ltr'><strong>manibusque</strong></span> <span class='ocrx_word' id='word_1_811' title='bbox 2366 5568 2430 5607; x_wconf 91' lang='lat' dir='ltr'><strong>ac</strong></span> <span class='ocrx_word' id='word_1_812' title='bbox 2476 5553 2710 5623; x_wconf 87' lang='lat' dir='ltr'><strong>pedibus</strong></span> <span class='ocrx_word' id='word_1_813' title='bbox 2769 5554 3091 5623; x_wconf 71' lang='lat' dir='ltr'><strong>provolutus</strong></span> <span class='ocrx_word' id='word_1_814' title='bbox 3137 5553 3226 5607; x_wconf 78' lang='lat' dir='ltr'><strong>vix</strong></span> <span class='ocrx_word' id='word_1_815' title='bbox 3279 5551 3349 5606; x_wconf 86' lang='lat' dir='ltr'><strong>ad</strong></span> 
     </span>
    </p>
   </div>
   <div class='ocr_carea' id='block_1_117' title="bbox 1768 5645 3350 5714">
    <p class='ocr_par' dir='ltr' id='par_1_117' title="bbox 1768 5645 3350 5714">
     <span class='ocr_line' id='line_1_117' title="bbox 1768 5645 3350 5714; baseline 0 -12"><span class='ocrx_word' id='word_1_816' title='bbox 1768 5646 1969 5702; x_wconf 83' lang='lat' dir='ltr'><strong>solium</strong></span> <span class='ocrx_word' id='word_1_817' title='bbox 2006 5647 2284 5714; x_wconf 82' lang='lat' dir='ltr'><strong>pervenit,</strong></span> <span class='ocrx_word' id='word_1_818' title='bbox 2340 5645 2515 5701; x_wconf 82' lang='lat' dir='ltr'><strong>instar</strong></span> <span class='ocrx_word' id='word_1_819' title='bbox 2565 5646 2778 5707; x_wconf 83' lang='lat' dir='ltr'><strong>colubri</strong></span> <span class='ocrx_word' id='word_1_820' title='bbox 2825 5655 3058 5712; x_wconf 85' lang='lat' dir='ltr'><strong>tractus,</strong></span> <span class='ocrx_word' id='word_1_821' title='bbox 3108 5654 3158 5699; x_wconf 79' lang='lat' dir='ltr'><strong>et</strong></span> <span class='ocrx_word' id='word_1_822' title='bbox 3202 5646 3350 5709; x_wconf 75' lang='lat' dir='ltr'><strong>sicut</strong></span> 
     </span>
    </p>
   </div>
   <div class='ocr_carea' id='block_1_118' title="bbox 1771 5735 3348 5810">
    <p class='ocr_par' dir='ltr' id='par_1_118' title="bbox 1771 5735 3348 5810">
     <span class='ocr_line' id='line_1_118' title="bbox 1771 5735 3348 5810; baseline 0.001 -19"><span class='ocrx_word' id='word_1_823' title='bbox 1771 5738 1941 5792; x_wconf 64' lang='lat' dir='ltr'><strong>valuit</strong></span> <span class='ocrx_word' id='word_1_824' title='bbox 1982 5738 2037 5792; x_wconf 87' lang='lat' dir='ltr'><strong>in</strong></span> <span class='ocrx_word' id='word_1_825' title='bbox 2084 5735 2289 5791; x_wconf 79' lang='lat' dir='ltr'><strong>ﬂuenta</strong></span> <span class='ocrx_word' id='word_1_826' title='bbox 2336 5735 2698 5805; x_wconf 86' lang='lat' dir='ltr'><strong>descendens,</strong></span> <span class='ocrx_word' id='word_1_827' title='bbox 2749 5738 2895 5795; x_wconf 82' lang='lat' dir='ltr'><strong>sicut</strong></span> <span class='ocrx_word' id='word_1_828' title='bbox 2942 5755 3048 5793; x_wconf 84' lang='lat' dir='ltr'><strong>non</strong></span> <span class='ocrx_word' id='word_1_829' title='bbox 3106 5738 3348 5810; x_wconf 80' lang='lat' dir='ltr'><strong>speravit</strong></span> 
     </span>
    </p>
   </div>
  </div>
