4002 6316
657 237 796 303 ἍΞῙΘ

1599 246 1657 302 s.
1695 215 2111 305 sornao'xn
2146 245 2649 305 mmmam
2681 245 3083 306 HIEROSOL.

3783 250 3896 314 ειξο

658 353 925 408 ascendit.
963 352 1206 424 Denique
1252 354 1485 423 languor
1530 354 1749 423 quidem
1780 356 2053 409 occidenti
2091 370 2227 407 con-

2346 354 2539 407 ῑύνοντι
2572 355 2669 423 μὲν
2702 354 2811 425 γὰρ
2838 357 2872 425 ἡ
2906 355 3063 418 νόσος
3096 353 3243 425 αὐτῷ
3288 354 3684 422 συνεθάπτετο,
3715 358 3894 413 ἀνιόντι

657 445 1044 512 sepeliebatur,
1091 445 1182 499 sed
1233 459 1357 499 cum
1419 447 1717 501 scandente
1761 446 1873 515 jam
1916 447 2231 501 nullatenus

660 533 1011 587 ascendebat.

728 624 883 680 Tunc
917 625 1209 693 probatica‘.
1258 625 1483 697 piscina:
1526 626 1828 693 lavacrum,
1855 627 2020 681 calidi
2051 627 2234 682 laticis

657 718 854 771 solium
930 720 1200 772 imitatum
1275 727 1381 785 est,
1448 734 1555 773 non
1625 720 1878 791 angelum
1941 719 2231 773 lavanduut

662 811 993 878 susc'pieus,
1025 820 1077 862 et
1123 826 1317 880 aquam
1365 810 1726 865 descensione
1756 827 1854 867 sna
1883 813 2231 876 turbantem;

657 901 750 955 sed
798 901 999 972 Cyrum
1054 912 1345 972 martyrem
1385 902 1579 957 videns
1630 913 1679 957 et
1730 902 1896 972 hujus
1924 903 2066 973 piam
2115 917 2235 956 san-

655 995 892 1046 ctionem
932 993 1247 1048 admittens.
1305 992 1457 1047 Unde
1488 993 1769 1047 Zosimum
1801 1010 1963 1064 quem
1994 994 2234 1046 dissolu-

658 1095 771 1138 tum
800 1092 1141 1153 susceperat,
1169 1085 1497 1139 incolumem
1530 1068 1578 1139 ei
1609 1085 1701 1152 qui
1732 1083 2231 1149 miscratreddidit;

657 1182 713 1227 et
763 1190 922 1244 quem
978 1174 1253 1228 infirmum
1304 1175 1394 1243 qui
1458 1190 1565 1229 non
1623 1173 1947 1229 movebatur
1999 1176 2228 1243 accepit,

657 1283 851 1321 sanum
886 1268 1031 1320 hunc
1072 1268 1314 1329 dimisit,
1367 1276 1421 1321 et
1456 1268 1615 1321 facile
1659 1268 1899 1321 motibus
1935 1269 2051 1323 suis
2081 1277 2235 1320 uten-

659 1368 788 1412 tem.
823 1357 929 1423 Qui
966 1373 1090 1410 cum
1146 1357 1197 1410 in
1245 1356 1448 1411 ﬂuenta
1494 1359 1871 1421 descenderet,
1907 1359 2231 1427 praesentia-

660 1450 783 1502 liter
834 1458 1084 1501 sanctnm
1123 1447 1335 1501 videbat
1390 1457 1618 1513 astare;
1675 1447 1980 1502 ascendens
2031 1463 2159 1501 vero
2202 1462 2231 1501 a

659 1540 833 1593 calida
866 1547 919 1593 et
947 1539 1175 1607 benigna
1216 1553 1379 1606 aqua,
1420 1539 1693 1592 medicum
1728 1539 1912 1592 videre
1938 1553 2044 1591 non
2073 1546 2231 1607 pote-

660 1639 765 1683 rat.
821 1630 885 1683 Et
932 1645 1038 1683 non
1080 1637 1196 1682 crat
1249 1627 1502 1683 Zosimus
1554 1630 1719 1681 etiam
1782 1643 1951 1683 sanus
2003 1627 2232 1683 eﬂ'ectns

2336 446 2393 499 δὲ
2414 445 2525 499 οὐδ’
2551 446 2688 510 ὅλως
2724 445 2873 518 αύτῷ
2900 448 3288 517 συνανήρχετο.

2408 626 2543 679 Τότε
2574 625 2674 697 τὴν
2702 626 2760 679 ὲν
2785 629 2851 698 τῇ
2879 627 3186 698 προϐατικῇ
3222 627 3642 700 κολυμϐήθρᾳή
3671 629 3763 683 τοῦ
3792 630 3890 687 Θεο-

2340 714 2443 785 μοῦ
2479 714 2670 779 ὓδατος
2699 717 2931 783 ἔμϐασις
2990 705 3323 788 ὲμιμήσᾍτο,
3376 721 3477 774 οὐκ
3507 720 3739 789 ἄγγελον
3760 722 3887 787 δεξα-

2341 807 2478 878 μένη
2502 808 2852 877 λουσόμενον,
2880 809 2973 862 καὶ
2998 812 3062 880 τῇ
3110 810 3417 864 καταϐάσει
3451 811 3513 863 τὸ
3546 814 3696 882 νᾶμα
3720 816 3891 884 ταράσ-

2338 915 2520 959 σοντα,
2550 899 2685 951 ἀλλὰ
2711 900 2894 971 Κῦρον
2927 900 3110 953 ἰδοῦσα
3139 901 3235 954 τὸν
3271 902 3549 973 μάρτυρα.
3582 905 3679 957 καὶ
3710 905 3766 956 τὸ
3791 906 3892 957 τού-

2335 1006 2428 1042 του
2460 989 2731 1061 δεξαμένη
2784 991 3168 1058 φιλάνθρωπον
3212 992 3513 1064 θέσπισμα.
3551 996 3717 1049 ’Ὅθεν
3741 1000 3891 1067 παρᾶ-

2334 1080 2494 1133 λυτον
2534 1082 2779 1135 λαϐοῦσα
2825 1083 2919 1136 τὸν
2980 1082 3259 1151 Ζώσιμον,
3312 1086 3625 1155 ἐρρωμένον
3671 1087 3893 1140 camelis-2

2334 1172 2413 1242 τῷ
2477 1174 2788 1227 στείλαντι·
2859 1176 2954 1228 καὶ
3012 1177 3086 1247 μὴ
3144 1177 3466 1247 κινούμενον
3518 1178 3784 1250 δεξαμένη
3822 1182 3893 1232 τὸν

2335 1263 2640 1332 ἄρρωστον,
2678 1264 2811 1331 ὑγιᾶ
2844 1263 3036 1317 τοῦτον
3088 1265 3291 1317 ἀπέλυε
3328 1266 3420 1320 καὶ
3459 1267 3767 1336 εὐκίνητον.
3818 1271 3897 1331 ’ος

2333 1350 2539 1405 κατιὼν
2606 1352 2704 1421 μὲν
2748 1355 2807 1403 ἐν
2857 1355 2971 1415 τοῖς
3004 1354 3243 1423 νάμασιν
3286 1354 3615 1422 παρεστῶτα
3654 1357 3745 1409 τὸν
3766 1358 3896 1424 ἅγιον

2333 1445 2558 1498 ἔϐλεπεν
2583 1462 2596 1475 ·
2620 1445 2786 1499 ἀνιὼν
2814 1447 2870 1500 δὲ
2898 1446 2991 1498 τοῦ
3011 1446 3213 1516 θερμοῦ
3235 1449 3330 1501 καὶ
3358 1448 3681 1518 φιλόφρονος
3710 1449 3896 1513 ὓδατος,

2333 1536 2424 1588 τὸν
2466 1535 2649 1606 ἰατρὸν
2675 1535 2801 1588 ἰδεῖν
2819 1536 2920 1588 οὐκ
2950 1535 3206 1604 ἠδύνατο.
3248 1538 3360 1590 Καὶ
3387 1532 3455 1605 ἦν
3475 1537 3598 1590 οὐδὲ
3633 1538 3846 1606 ῥωσθεὶς
3874 1541 3896 1587 ὁ

2335 1630 2581 1700 Ζὼσιμος
2611 1629 2853 1692 ἄλυπος·
2910 1627 3098 1700 ἔχαιρε
3153 1628 3254 1699 μὲν
3303 1633 3412 1699 γὰρ
3474 1629 3557 1681 ὄτι
3623 1630 3723 1698 τὴν
3764 1630 3895 1681 νόσον

658 1723 778 1775 sine
814 1722 1076 1785 triSIitia;
1109 1735 1230 1772 nam
1260 1721 1532 1788 gaudebat
1555 1721 1775 1788 quidem
1804 1720 1932 1789 quia
1965 1720 2232 1789 languore

2346 1719 2634 1774 ἀποϐαλὼν
2688 1724 2788 1791 τῆς
2844 1720 3061 1791 ῥώσεως
3111 1720 3302 1790 ἔτυχεν
3326 1739 3339 1753 ·
3376 1721 3611 1791 ἤσχαλλε
3642 1723 3700 1775 δὲ
3725 1724 3801 1776 ὅτι
3821 1725 3892 1774 τὸν

658 1813 912 1881 deposito
938 1813 1228 1865 sanitatem
1274 1813 1507 1881 adeptus
1546 1820 1652 1874 est,
1693 1813 2021 1864 tristabatur
2056 1820 2233 1865 autent

659 1907 788 1973 quia
823 1907 1077 1959 sanitatis
1108 1924 1214 1961 non
1246 1908 1461 1961 videbat
1492 1908 1759 1961 datorem.
1792 1905 2026 1960 Gavisus
2055 1913 2235 1959 autem

660 1997 824 2052 simul
858 2010 911 2053 et
941 2007 1171 2055 mmstns
1208 2009 1362 2053 extra
1403 2000 1613 2053 calidos
1656 2015 1810 2052 acres
1842 2014 1975 2053 usus
2008 1999 2237 2067 pedibus

660 2092 1026 2150 dismrrebat.
1069 2093 1329 2162 hymnum
1383 2092 1493 2145 Deo
1527 2093 1739 2157 dicens,
1783 2102 1834 2146 et
1880 2092 1973 2160 qui
2006 2105 2237 2145 sanave-

662 2192 745 2235 rat
777 2184 1024 2253 martyri.
1071 2182 1206 2237 Cum
1240 2166 1349 2253 quo
1377 2192 1427 2238 et
1457 2200 1650 2237 omnes
1680 2184 1770 2252 qui
1806 2182 2077 2245 viderant,
2105 2196 2235 2251 pro-

663 2274 765 2342 prii
809 2275 1064 2329 videlicet
1105 2282 1160 2329 et
1215 2275 1400 2339 alieni,
1445 2274 1693 2327 extranei
1741 2284 1794 2326 et
1838 2273 2236 2341 cotupatriotze,

663 2383 830 2420 unum
858 2367 1119 2436 przeconii
1167 2367 1441 2421 canticum
1478 2365 1786 2420 referebant
1820 2374 2117 2435 martyrum
2161 2364 2240 2417 vi-

665 2457 1007 2511 sitationem.
1054 2456 1119 2508 Et
1156 2456 1222 2509 ad
1259 2456 1516 2509 balneum
1570 2464 1831 2523 tanquam
1866 2454 1931 2506 ad
1966 2454 2232 2522 templum

662 2547 975 2610 veniebant,
1009 2556 1060 2599 et
1111 2546 1455 2599 iutroenntes
1503 2545 1789 2609 lavabant;
1842 2553 1972 2595 tunc
2018 2552 2072 2596 et
2115 2558 2241 2597 ora-

665 2641 813 2703 bant,
857 2638 1116 2705 templntn
1146 2637 1199 2689 id
1240 2646 1295 2689 et
1329 2637 1580 2689 balneum
1622 2636 1969 2699 definientes,
1999 2634 2242 2705 duplam-

661 2746 766 2797 que.
805 2729 916 2782 illic
952 2728 1389 2782 benedictionem
1422 2737 1740 2796 carpentes.

984 2815 1113 2869 LIII.
1157 2816 1232 2869 De
1260 2830 1421 2883 puero
1447 2815 1921 2884 Eleutheropolim.

738 2906 1011 2962 Succedat
1040 2923 1168 2961 vero
1195 2910 1398 2977 pusillo
1430 2908 1560 2962 huic
1590 2918 1642 2961 et
1684 2910 2010 2964 brevissimo
2044 2910 2241 2965 balneo

667 3014 817 3051 mare
849 3015 1099 3067 magnum
1129 3008 1183 3052 et
1239 2999 1570 3068 spatiosum,
1609 3009 1663 3054 et
1712 2999 1914 3057 fluento
1960 3002 2138 3057 calido
2178 3016 2241 3056 ac

665 3088 991 3141 dulcissimo
1028 3089 1234 3141 salsum
1285 3097 1340 3141 et
1375 3088 1821 3159 frigidissimum,
1850 3100 1904 3145 et
1960 3090 2240 3147 Constan-

668 3181 900 3250 tiunpoli
982 3178 1453 3249 Eleutheropolis,
1521 3181 1853 3251 Zosimoque
1917 3182 2241 3253 Procopius,

667 3272 779 3323 imo
833 3268 1083 3337 Procopii
1116 3283 1315 3322 servus
1345 3267 1687 3333 Theodorus,
1722 3280 1887 3339 atque
1928 3281 2244 3324 sanctorum

669 3362 924 3416 laudibus
955 3361 1356 3430 superaddant,
1391 3377 1516 3430 pars
1572 3370 1624 3415 et
1674 3362 1778 3432 ipsi
1848 3362 2244 3431 prmeouiorum

667 3450 865 3506 vlla-eti.
918 3452 1328 3522 Eleutheropoli
1383 3451 1664 3506 habitabat
1734 3451 2058 3522 Procopius,
2126 3466 2248 3520 qnte

667 3548 863 3601 civitas
894 3555 978 3599 est
1009 3546 1312 3600 Palaestinae
1341 3548 1661 3617 provinciae,
1709 3555 1763 3601 et
1794 3557 1909 3600 erat
1963 3562 2029 3600 ex
2082 3546 2247 3612 hujus

672 3642 999 3703 illustribus,
1033 3648 1087 3694 et
1118 3655 1336 3694 servum
1373 3639 1690 3709 possidebat
1729 3637 2099 3693 Theodorum.
2131 3635 2241 3691 Ha-

671 3732 829 3785 bebat
865 3740 1044 3785 autem
1082 3735 1394 3800 passionem
1428 3730 1817 3793 insanabilem,
1879 3745 2101 3783 carnem
2156 3714 2251 3781 vi;

668 3824 863 3877 dclicet
893 3838 1014 3891 qua:
1043 3836 1207 3891 supra
1243 3838 1435 3876 nasum
1488 3831 1833 3875 excreverat.
1899 3821 2071 3888 Quam
2121 3835 2246 3874 cum

667 3927 732 3964 ex
793 3912 1024 3965 medicis
1081 3912 1264 3965 delere
1315 3912 1608 3979 quisquam
1671 3911 1897 3964 minime
1945 3910 2243 3969 valuisset.

669 4002 1054 4056 Alexandriam
1088 4002 1308 4072 navigio
1343 4004 1511 4069 venit,
1563 4015 1781 4072 sumpto
1834 4002 2146 4065 Theodoro,
2180 4000 2248 4055 ad

667 4095 870 4165 Cyrum
904 4104 957 4148 et
984 4093 1252 4148 Joannem
1293 4108 1600 4164 procurans
1634 4093 1919 4154 accedere.
1956 4100 2011 4147 et
2064 4092 2134 4145 ab
2164 4095 2246 4146 eis

668 4186 1086 4242 desiderabilem
1136 4187 1426 4239 sanitatem
1484 4186 1794 4255 percipere.
1847 4182 1909 4238 Et
1958 4186 2075 4253 ipse
2128 4185 2250 4253 qui-

669 4279 791 4333 dem
826 4293 951 4330 cum
1007 4278 1359 4343 accessisset,
1401 4277 1676 4329 desiderio
1722 4293 1827 4329 non
1893 4283 1979 4329 est
2032 4275 2252 4330 frauda-

2342 1812 2612 1865 δεδωκότα
2664 1812 2764 1883 τὴν
2812 1814 2981 1882 ῥῶσιν
3027 1812 3129 1865 οὐκ
3182 1812 3412 1865 ἐϐλεπε’
3462 1813 3675 1884 χαίρων
3707 1813 3749 1866 δ’
3780 1813 3890 1879 όμοῦ

2344 1906 2440 1958 καὶ
2473 1904 2833 1973 λυπούμενος,
2873 1905 2978 1969 ἔξω
3004 1905 3111 1958 τῶν
3162 1904 3383 1975 θερμῶν
3415 1907 3594 1976 ἀέρων
3631 1907 3756 1959 ποσὶ
3782 1904 3896 1976 χρώς

2348 2015 2508 2065 μενυς
2535 1995 2723 2066 ἔτρεχε
2777 1995 2910 2049 Θεὸν
2964 1996 3220 2066 ἁνυμνῶν
3250 1996 3344 2049 καὶ
3376 1996 3465 2050 τὸν
3501 1999 3752 2066 ρώσαντα
3781 1996 3898 2066 μάρ-

2343 2103 2516 2157 τυρα·
2554 2087 2672 2157 μεθ’
2707 2081 2769 2141 οὗ
2818 2088 2913 2140 καὶ
2963 2089 3161 2151 πάντες
3214 2090 3265 2142 οἱ
3313 2088 3604 2158 βλέποντες
3641 2092 3821 2143 οἰκεῖοί
3851 2107 3897 2142 τε

2345 2180 2438 2232 καὶ
2469 2180 2757 2251 ἀλλότριοι.
2787 2180 2921 2248 μίαν
2985 2180 3263 2249 εὐφημίας
3291 2180 3434 2250 ᾠδὴν
3465 2181 3809 2253 ἀνεφέροντο.
3828 2184 3898 2233 αέ-

2346 2268 2563 2330 νοῦντες
2594 2269 2831 2340 Χριστοῦ
2862 2271 2961 2341 τὴν
2994 2271 3298 2339 εὐμένειαν,
3327 2270 3423 2323 καὶ
3458 2270 3559 2340 τὴν
3587 2272 3785 2342 ἐναργῆ
3811 2272 3896 2323 τιίν

2350 2360 2644 2430 μαρτύρων
2693 2361 3001 2430 ἐπίσκεψιν.
3050 2362 3159 2414 Καὶ
3201 2362 3264 2414 τὸ
3303 2362 3525 2432 λουτρὸν
3561 2362 3639 2426 ὼς
3678 2365 3764 2416 τὸν
3786 2362 3893 2415 νεὼν

2346 2448 2779 2519 κατελάμϐανον,
2839 2453 2935 2504 καὶ
2985 2451 3136 2504 ἔνδον
3180 2453 3440 2517 εἰσιόντες
3477 2452 3727 2507 ἐλούοντό
3750 2453 3896 2506 τεκαὶ

2346 2539 2596 2610 ηὔχοντο,
2620 2541 2756 2594 νεὼν
2782 2542 2913 2595 αὐτὸ
2942 2543 3037 2597 καὶ
3091 2542 3321 2614 λουτρὸν
3367 2543 3706 2613 ὁριζόμενοι,
3735 2545 3818 2597 καὶ
3837 2544 3899 2596 δι·

2348 2631 2489 2702 πλῆν
2518 2631 2729 2684 ἐκεῖθεν
2757 2634 2854 2703 τὴν
2903 2633 3154 2703 εὐλογίαν
3184 2635 3577 2705 καρπούμενοι.

2419 2811 2544 2865 Nl".
2569 2814 2704 2879 Περὶ
2746 2812 2852 2865 τοῦ
2874 2813 3089 2879 παιδὸς
3121 2813 3228 2867 τοῦ
3262 2813 3845 2882 Ἔλευθεροπολίτοικ

2415 2900 2755 2972 Διαδεχέσθω
2783 2902 2841 2954 δὲ
2874 2903 2935 2955 τὸ
2967 2903 3165 2974 μικρὸν
3211 2904 3371 2957 τοῦτο
3419 2904 3647 2976 λουτρὸν
3672 2906 3762 2959 καὶ
3791 2907 3899 2975 βρι-

2349 2989 2579 3058 χύτατον
2614 2993 2646 3060 ὴ
2685 2992 2896 3063 μεγάλη
2950 2994 3045 3047 καὶ⁵
3090 2993 3401 3066 εὐρύχωρος
3437 2994 3708 3059 θάλασσα.
3751 2993 3905 3050 καὶτὸ

2348 3080 2560 3151 ῥεῖθρον
2592 3080 2651 3133 τὸ
2682 3081 2886 3154 θερμὴν
2938 3085 3031 3138 καὶ
3079 3084 3440 3153 γλυκύτατον,
3477 3086 3537 3139 τὸ
3560 3087 3805 3158 ἁλμυρὸν
3833 3086 3905 3138 καὶ

2343 3168 2705 3242 ψυχρότατον,
2738 3175 2832 3226 καὶ
2851 3174 3428 3230 Κωνσταντινούπολιν
3457 3177 3902 3249 Ἐλευθερόπολιςν

2346 3263 2555 3316 καὶτὸν
2584 3263 2837 3335 Ζὼσιμον
2866 3267 2895 3319 ὁ
2924 3268 3253 3338 Προκὸπιος,
3289 3269 3494 3340 μᾶλλον
3516 3271 3575 3324 δὲ
3613 3274 3643 3325 ὁ
3665 3272 3758 3325 τοῦ
3790 3274 3906 3340 Προ-

2347 3356 2541 3408 κοπίου
2576 3357 2765 3422 δοῦλος
2794 3358 3097 3430 Θεόδωρος,
3155 3363 3248 3414 καὶ
3290 3361 3387 3431 τὴν
3420 3362 3531 3414 τῶν
3558 3364 3735 3432 ἁγίων
3760 3364 3907 3429 εὐφη-

2349 3446 2479 3515 μίαν
2502 3447 2848 3519 αύξήτωσαν,
2914 3453 3087 3523 μέρος
3139 3453 3235 3506 καὶ
3275 3453 3430 3507 αὐτοὶ
3482 3453 3598 3506 τῶν
3640 3452 3906 3522 ἐγκωμίων

2346 3537 2681 3606 γιγνόμενοι.
2741 3540 3190 3613 Ἐλευθερόπολιν
3248 3541 3380 3614 ᾤκει
3438 3544 3770 3615 Προκόπιος,
3822 3545 3908 3596 Πι.

2348 3628 2627 3699 λαιστὶνης
2658 3630 2715 3683 δὲ
2740 3630 2894 3696 πόλις
2916 3633 3244 3705 καθέστηκε,
3274 3639 3367 3687 καὶ
3388 3636 3496 3689 τῶν
3527 3637 3738 3707 ταύτης
3754 3639 3906 3706 ipen-

2347 3720 2455 3773 νῶν
2485 3722 2833 3792 ὲγνωρεζετο,
2865 3724 2958 3777 καὶ
2981 3724 3171 3779 δοῦλον
3196 3726 3462 3797 ἐκέκτητο
3501 3727 3596 3779 τὸν
3613 3728 3873 3798 Θεόδωρον
3891 3742 3903 3753 °

2350 3810 2474 3882 ἔσχε
2499 3812 2555 3865 δὲ
2584 3814 2753 3877 πάθος
2783 3814 3055 3880 δυσίατον,
3081 3815 3180 3887 τὴν
3198 3818 3297 3885 τῆς
3324 3817 3472 3888 ῥινὸς
3488 3818 3905 3890 ύκερσάρκωσιν.

2350 3907 2417 3974 ἢν
2472 3904 2531 3972 ἐξ
2584 3905 2783 3978 ἰατρῶν
2840 3908 3015 3971 οὐδεὶς
3068 3909 3322 3978 δυνηθεὶς
3370 3911 3805 3981 ἀποτρίψασθαι,
3844 3911 3906 3970 εἰς

2364 3995 2781 4068 Ἀλεξάνδρειαν
2843 3998 3117 4054 ἐπιλαϐὼν
3168 4002 3259 4054 τὸν
3312 4001 3613 4072 Θεόδωρον,
3643 4002 3807 4073 Κύρῳ
3831 4002 3907 4053 καὶ

2362 4086 2589 4161 Ἰωάννῃ
2621 4090 2939 4161 προσελθεῖν
2968 4093 3423 4163 προαιρούμενος,
3463 4094 3559 4147 καὶ
3584 4094 3725 4166 πρὸς
3757 4093 3905 4147 αὐτῶν

2350 4186 2451 4254 τὴν
2482 4185 2817 4256 τριπόθητον
2845 4185 2993 4239 ἴασιν
3023 4184 3421 4250 δέξασθαι,Καὶ
3448 4186 3616 4249 αὐτὸς
3640 4186 3739 4257 μὲν
3767 4199 3903 4255 προσ-

2353 4273 2523 4327 ελθὼν
2559 4274 2659 4328 οὐκ
2679 4274 2969 4344 ἀπέτυχεν,
2998 4275 3113 4328 ἀλλ’
3148 4276 3338 4346 ἔτυχεν
3364 4270 3441 4329 ὧν
3458 4275 3740 4346 ἠϐούλετο,
3766 4277 3809 4328 ει
3831 4274 3902 4325 καὶ

671 4379 781 4431 tus.
806 4371 900 4424 sed
934 4385 1056 4437 qtae
1096 4370 1265 4422 voluit
1298 4384 1525 4439 prorsus
1551 4368 1810 4430 obtinuit,
1845 4368 1973 4421 licet
2004 4376 2241 4438 tempore

2353 4365 2531 4436 χρόνῳ
2563 4365 2745 4435 πολλῷ
2774 4368 2868 4420 καὶ
2900 4365 3078 4438 τυχὼν
3126 4369 3494 4423 ἀνεπαύσατο.
3545 4369 3758 4438 Πέπερι
3784 4367 3822 4420 δ’
3850 4361 3902 4433 ἦν

671 4460 843 4513 multo
881 4475 1005 4513 cum
1051 4461 1387 4514 obtinuisset
1414 4459 1705 4528 quieverit.
1736 4455 1899 4527 Piper
1925 4466 2107 4511 autem
2133 4470 2251 4512 erat

671 4547 944 4601 medicina
982 4549 1093 4613 illa,
1138 4550 1417 4618 sartagine
1453 4546 1751 4611 torridum,
1794 4556 1850 4601 et.
1877 4548 2019 4601 inter
2054 4562 2248 4601 nasum

670 4639 1002 4694 inunissum.

746 4731 1016 4802 Procopio
1065 4738 1246 4784 autem
1302 4729 1445 4800 apud
1509 4738 1780 4801 martyres
1824 4739 2248 4800 perseverante,

665 4824 889 4896 juvenis
944 4839 1068 4878 cum
1124 4830 1269 4876 esset
1301 4819 1645 4887 Theodorus,
1697 4821 2036 4890 frequentius
2085 4837 2143 4875 se
2194 4823 2249 4876 in

671 4931 822 4971 mare
848 4915 1113 4984 iactabat,
1149 4924 1205 4967 et
1248 4913 1415 4982 hujus
1439 4912 1706 4969 [litoribus
1736 4915 2103 4985 aggaudebat,
2140 4914 2252 4968 ala-

669 5007 930 5073 crinsque
978 5018 1039 5057 se
1082 5003 1136 5056 in
1201 5001 1300 5056 hos
1351 5003 1629 5072 mergebat
1688 5018 1977 5069 cernuutn,
2047 5011 2102 5056 et
2149 5018 2252 5057 na-

670 5102 843 5154 tabat.
889 5097 996 5154 Sed
1056 5096 1293 5168 quadam
1356 5096 1446 5151 die
1494 5106 1794 5160 natantem,
1846 5105 1896 5152 et
1975 5096 2250 5166 iocantem

672 5204 837 5260 atque
882 5206 1008 5246 cum
1043 5190 1306 5244 ﬂuctibus
1338 5189 1571 5243 viriliter
1628 5190 2040 5251 colluctanlem.
2096 5190 2252 5244 canis

652 5284 921 5339 marinus
968 5285 1214 5345 veniens,
1253 5282 1685 5351 calcaneumque
1713 5282 2055 5346 remnrdeus,
2081 5282 2251 5336 traxit

675 5378 729 5432 in
773 5376 1022 5446 pelagus,
1094 5384 1149 5429 et
1197 5373 1414 5428 modico
1453 5376 1636 5444 spatio
1676 5385 1931 5437 tractum,
1983 5373 2038 5426 in
2087 5387 2253 5426 arena

668 5468 1002 5538 profundius
1032 5466 1235 5529 obruit,
1275 5465 1510 5537 praedam
1538 5464 1675 5521 muri
1708 5474 1933 5536 putans,
1977 5471 2030 5517 et
2068 5477 2251 5517 escam

678 5569 1036 5631 pmparatam
1099 5573 1410 5613 reservans.
1461 5557 1530 5611 Αι
1586 5553 1971 5610 ille'nondnm
2032 5554 2250 5622 quidem

678 5650 1038 5711 moriebatur,
1093 5648 1218 5702 licet
1260 5649 1312 5701 in
1362 5647 1559 5701 inferni
1622 5644 1889 5717 penetrali
1944 5643 2253 5697 occultare-

2351 4460 2412 4512 τὸ
2442 4459 2693 4529 βοήθημα
2716 4461 2938 4532 τηγάνῳ
2978 4461 3343 4532 φρυγόμενον,
3368 4463 3462 4515 καὶ
3492 4463 3595 4532 τῆς
3628 4463 3773 4534 ῥινὸς
3797 4461 3904 4511 εἴσω

2354 4552 2703 4624 βαλλόμενον.

2424 4735 2733 4803 Προκοπῶυ
2786 4735 2842 4789 δὲ
2863 4737 3407 4808 προσκαρτεροῦντος
3455 4738 3572 4798 τοῖς
3643 4737 3902 4807 μάρτυσιν.

2352 4825 2470 4889 νέος
2503 4824 2578 4879 ὢν
2600 4828 2628 4880 ὁ
2656 4826 2955 4897 Θεόδωρος,
3006 4828 3332 4898 συχνότερον
3374 4829 3444 4897 τῇ
3489 4827 3735 4897 θαλάσσῃ
3765 4837 3906 4891 apos-

2354 4916 2570 4978 ἔϐαλλε,
2608 4918 2843 4980 καὶτοῖς
2873 4916 3081 4986 ταύτης
3133 4917 3467 4989 προσέχαιρε
3512 4916 3806 4988 ῥεύμασιν⁹
3831 4915 3905 4964 ἐκ·

2355 5006 2545 5077 θύμως
2576 5025 2636 5061 τε
2667 5009 2853 5073 αὐτοῖς
2916 5008 3243 5064 ὲνεκυϐίστα
3270 5025 3330 5062 τε
3362 5010 3459 5062 καὶ
3513 5011 3758 5079 ἐνήχετο.
3792 5002 3905 5057 Ἀλλ’

2356 5101 2414 5152 ὲν
2450 5101 2548 5169 μιᾷ
2579 5100 2936 5171 κολυμϐῶντα
2960 5103 3056 5156 καὶ
3101 5101 3388 5166 παίζοντα,
3424 5101 3522 5155 καὶ
3560 5105 3674 5165 τοῖς
3702 5098 3906 5168 κύμασιν

2354 5188 2607 5259 ἀνθηρῶς
2636 5191 3085 5260 προσπαλαίοντα
3114 5192 3263 5246 κύων
3284 5190 3545 5262 συρηθεὶς
3568 5189 3598 5241 ὁ
3629 5186 3903 5243 θαλάττιοςι

2353 5278 2451 5349 τῆς
2478 5279 2718 5350 πτέρνης
2746 5279 2928 5337 δακὼν
2971 5276 3157 5335 εἷλκεν
3196 5284 3273 5346 εἰς
3318 5281 3575 5351 πέλαγος,
3608 5281 3704 5334 xui.
3746 5276 3907 5349 ptprv

2355 5370 2596 5443 ὲκσύρας
2647 5371 2948 5443 διάστημα,
2995 5373 3213 5446 ψάμμῳ
3258 5373 3420 5446 poet;
3464 5372 3798 5444 προσέχωσε.
3840 5382 3906 5419 τε·

2357 5461 2549 5515 θνάναι
2576 5462 2806 5532 νομίσας
2845 5464 2904 5517 τὸ
2937 5463 3293 5536 θήραμα,καὶ⁵
3318 5464 3526 5535 βρῶσιν
3547 5462 3905 5534 ταμιευόμενος

2357 5552 2597 5620 ἕτοιμον.
2631 5553 2689 5606 'O
2715 5554 2772 5608 δὲ
2827 5554 3110 5626 ἐτεθνήκει
3163 5557 3262 5627 μὲν
3285 5555 3460 5617 οὒπω,
3485 5559 3534 5608 εἱ
3572 5558 3667 5609 καὶ
3707 5557 3779 5618 εἰς
3806 5549 3904 5622 ᾂὸθυ

2357 5644 2583 5713 ταμεῖον
2603 5647 2933 5718 ἐκέκρυπτο,
2970 5649 3151 5720 Κῦρον
3186 5648 3363 5721 εὑρὼν
3396 5649 3617 5721 ἀρωγὸν
3638 5648 3731 5702 καὶ
3756 5640 3905 5698 Ἰωάν-
