4002 6316
250 301 391 369 πει

1261 307 1366 367 ss.
1395 302 1567 366 cvm
1604 305 1698 365 ET
1738 305 2059 367 JOANNIS
2085 270 2499 369 nimenta.

3375 315 3516 381 3622

245 435 356 488 νην
380 422 437 472 ἐν
475 419 685 476 ὕδασιν.
723 421 1050 493 Ἐλκόμενος
1079 420 1175 492 μὲν
1199 421 1309 490 γὰρ
1330 419 1606 491 Θεόδωρος
1637 422 1831 473 ἐπεκα·

1947 428 2058 496 tur,
2093 419 2236 492 Cyro
2270 422 2324 475 in
2377 422 2536 491 aquis
2592 420 2844 492 adjutore
2900 420 3219 494 Joanneque
3274 440 3519 496 reperio.

244 510 399 565 λεῑτο
428 511 518 565 τὸν
561 513 818 585 μάρτυρα
841 532 853 545 ·
877 513 982 566 ὑπὸ
1008 513 1234 583 ψάμμον
1264 512 1321 566 δὲ
1347 512 1625 580 κείμενος,
1656 511 1838 579 Κῦρον

245 602 313 653 ὲν
344 600 419 671 νῷ
449 603 545 655 καὶ
586 603 844 674 Ἰωάννην
897 603 1205 668 ἐλάμϐανεο
1262 602 1358 655 καὶ
1387 603 1461 666 ὠς
1497 601 1726 671 πλησίον
1770 596 1839 673 ἦν

242 689 402 761 αὐτῷ
428 693 862 763 ἐμνημόνευσεν,
900 694 992 748 κα)⁵
1014 695 1078 747 ὲκ
1111 692 1206 747 τοῦ
1229 692 1499 761 πελάγους
1523 691 1671 762 αύτῷ
1711 691 1837 764 βοη-

243 779 365 833 θεῖν
389 783 687 845 ἐλιτάνευε,
718 785 813 838 καὶ
835 783 1165 856 ρύεσθαιτοῦ
1201 783 1516 853 συνέχοντος
1545 782 1835 846 κλύδωνος,

242 872 504 938 ὲκϐύθιος
536 873 610 929 ῶν
629 894 644 908 ·
672 878 766 930 καὶ
798 876 927 930 ἐϐόα
960 876 1259 947 Θεόδωρος,
1303 876 1395 928 καὶ
1421 874 1482 940 ἐξ
1513 874 1759 946 υύρανῶν
1784 876 1835 927 οί

245 965 531 1038 μάρτυρες
554 968 651 1039 τῆς
685 969 924 1039 δεήσεως
959 968 1183 1038 ἤκουον,
1230 968 1325 1020 καὶ
1356 967 1465 1019 τῶν
1514 968 1718 1037 τριχῶν
1744 967 1835 1020 τὸν

240 1056 595 1127 τεθαμμένον
656 1058 1036 1129 ἁρπάσαντες,
1103 1060 1180 1126 μὴ
1265 1056 1396 1127 βοᾷν
1470 1057 1604 1126 πρὸς
1674 1056 1833 1110 αὑτὸν

242 1149 684 1218 ἀπεφθέγγοντο,
713 1150 808 1202 καὶ
837 1148 1028 1202 τοῦτον
1074 1150 1174 1218 τῆς
1213 1149 1390 1219 ὑγρᾶς
1429 1147 1819 1216 ἐξενέγκαντες

243 1244 346 1296 ἐπὶ
393 1243 495 1311 γῆς
526 1242 787 1306 τιθέασιν,
822 1242 922 1294 οὐκ
946 1298 949 1301 _
974 1242 1284 1311 ἐμπνέοντα
1323 1242 1442 1315 νέον
1501 1242 1686 1295 Ἰωνᾶν
1726 1242 1834 1294 δει-

190 1401 203 1405 _
245 1335 473 1397 κνύντες
529 1333 829 1403 Θεόδωρον,
862 1334 955 1386 κα)⁵
1001 1334 1101 1404 τὴν
1156 1335 1322 1403 πνοὴν
1357 1334 1412 1387 δὲ
1452 1333 1569 1404 μετ’
1599 1335 1658 1386 ού
1691 1334 1827 1387 πολὺ

216 1410 632 1496 ’χαρισάμενοῃ
687 1427 823 1496 πρὸς
872 1425 1126 1495 αἴσθησιν
1180 1421 1314 1496 ἦγον
1362 1426 1457 1479 τοῦ
1487 1425 1829 1497 τραύματος,

242 1519 388 1586 ὅπερ
427 1520 453 1570 6
480 1518 626 1569 κύων
655 1518 1008 1585 ἐνειργάσατο
1022 1518 1262 1586 δήγματι
1282 1533 1297 1549 ·
1323 1518 1423 1587 τῆς
1455 1518 1693 1587 πτέρνης
1722 1521 1831 1585 γὰρ

240 1612 361 1673 τοῖς
392 1608 572 1662 ὀδοῦσι
617 1608 980 1678 δραξάμενος,
1028 1611 1121 1662 καὶ
1157 1611 1221 1662 ὲκ
1286 1609 1492 1681 ταύτης
1535 1609 1710 1662 ἕλκων
1740 1609 1834 1661 τὸν

242 1700 558 1771 ἄνθρωπον,
620 1701 769 1754 ἅπαν
819 1701 985 1754 αὑτοῦ
1032 1701 1092 1754 τὸ
1135 1701 1317 1768 πέλμα
1361 1701 1522 1771 μέχρι
1552 1700 1831 1753 δακτύλων

1941 493 2217 580 Siquidem
2286 512 2415 565 dum
2470 512 2781 568 traheretur
2839 514 3199 583 Theodorus,
3247 528 3520 590 martyres

1942 602 2275 668 invocabat;
2306 601 2437 657 dum
2505 618 2637 658 vero
2682 604 2786 659 sub
2840 620 3004 660 arena
3052 607 3281 676 iaceret,
3316 609 3518 680 Cyrum

1937 692 2317 766 Joannemque
2354 698 2405 750 in
2437 706 2673 752 mentem
2708 698 2984 763 sumebat,
3040 708 3093 753 et
3146 699 3294 767 quod
3335 705 3520 771 proxi-

1941 803 2061 841 mas
2100 798 2246 841 esset
2278 802 2473 840 eorum
2534 788 3028 851 commemorabat,
3094 801 3150 843 et
3216 790 3282 845 de
3326 793 3518 861 pelago

1938 876 2189 929 auxiliari
2238 875 2342 931 sibi
2377 885 2430 930 et
2462 891 2657 931 eruere
2686 891 2713 927 a
2750 877 3014 932 continuo
3068 887 3205 932 aestu
3267 883 3514 950 rogabat.

1938 968 2003 1022 Et
2036 984 2161 1021 cum
2200 969 2252 1021 in
2288 969 2576 1037 profundis
2609 978 2776 1032 esset,
2834 970 3107 1024 clamabat
3165 968 3517 1036 Theodorus,

1936 1068 1992 1114 et
2048 1060 2115 1113 de
2169 1060 2325 1135 cmlis
2382 1062 2824 1129 deprecationem
2881 1070 3150 1131 martyres
3199 1062 3517 1127 audiebant,

1935 1158 1988 1204 et
2021 1149 2208 1204 audita
2259 1153 2527 1206 continuo
2571 1152 2880 1207 veniebant.
2917 1151 3061 1222 Ergo
3107 1163 3378 1224 martyres
3430 1171 3518 1209 ve-

1938 1240 2129 1295 lociter
2162 1243 2511 1304 assistentes,
2560 1252 2614 1297 et
2672 1259 2767 1313 per
2810 1246 3039 1315 capillos
3099 1250 3372 1317 sepultum
3425 1264 3517 1301 ar-

1936 1330 2200 1397 ripientes
2234 1348 2247 1385 :
2282 1330 2403 1384 Noli
2459 1334 2721 1398 clamare,
2762 1336 2828 1387 ad
2886 1352 3011 1391 eum
3070 1338 3347 1401 dicebant.
3404 1337 3519 1391 Hoc

1934 1422 2003 1476 ab
2054 1422 2283 1477 humido
2316 1423 2515 1480 educto
2551 1442 2719 1496 super
2757 1429 2966 1483 aridam
3020 1440 3346 1497 posuerunt,
3405 1446 3517 1486 non

1934 1516 2240 1583 Spirantem
2270 1517 2553 1584 juvenem,
2589 1518 2784 1573 Jonam
2835 1520 3192 1576 ostendentes
3253 1522 3513 1576 Theodo-

1935 1620 2094 1669 rum;
2132 1614 2184 1659 et
2213 1608 2473 1676 spiritum
2508 1625 2616 1662 non
2674 1621 2790 1677 post
2835 1611 3066 1664 multum
3111 1611 3403 1675 donantes,
3445 1612 3513 1665 ad

1937 1712 2162 1753 sensum
2203 1699 2483 1755 ducebant
2529 1702 2797 1765 vulneris,
2853 1706 2998 1771 quod
3043 1707 3199 1758 canis
3248 1719 3513 1774 operatus

241 1794 508 1865 ἐμέρισεν
528 1810 541 1824 ·
573 1795 712 1865 ὅπερ
738 1793 811 1857 ὡς
863 1794 970 1846 ἀπὸ
1009 1793 1226 1865 δένδρου
1253 1794 1451 1865 φύλλον
1486 1793 1831 1864 κρεμάμενον

1938 1797 2023 1843 est
2049 1805 2271 1858 morsu;
2305 1793 2565 1847 calcaneo
2593 1796 2795 1863 quippe
2844 1797 3101 1851 dentibus
3145 1797 3512 1866 apprehenso,

243 1885 345 1937 καὶ
368 1884 495 1954 τῇδε
525 1884 749 1938 κάκεῖσε
807 1886 1132 1955 φερόμενον,
1163 1886 1240 1956 τῷ
1266 1890 1366 1953 τῆς
1408 1886 1662 1956 κηρωτῆς
1688 1902 1830 1956 φαρο

246 1975 415 2045 μάκῳ
444 1975 829 2046 προσήνωσαν,
865 1974 1183 2048 βραχυτάτῃ
1216 1978 1354 2048 ῥοπῇ
1373 1975 1512 2029 πόδα
1539 1977 1632 2029 καὶ
1653 1975 1828 2046 ψυχὴν

242 2067 627 2136 χαρισάμενοι,
683 2069 778 2120 καὶ
815 2068 991 2137 φυγὴν
1035 2069 1130 2122 τοῦ
1182 2067 1348 2138 θηρὸς
1399 2067 1824 2139 ἀπροσδόκητον.

255 2157 453 2228 Ἥμεῖς
482 2158 538 2211 δὲ
568 2159 662 2212 σὺν
688 2158 858 2228 αὐτῷ,
895 2159 975 2212 ἔτι
1000 2161 1110 2230 γὰρ
1129 2159 1262 2229 τῷδε
1288 2159 1365 2228 τῷ
1398 2160 1498 2228 βίῳ
1528 2157 1828 2229 περίεστιν,

244 2249 485 2313 καὶτοῖς
511 2250 631 2303 τότε
665 2250 922 2322 παροῦσι,
964 2254 1057 2304 καὶ
1109 2254 1224 2313 τοῖς
1271 2251 1474 2319 ἀρτίως
1509 2250 1824 2313 ἀκούουσιν,

241 2342 373 2405 τοὺς
398 2344 708 2405 σεσωκότας
742 2344 1102 2414 ὑμνήσαντες,
1154 2343 1250 2397 καὶ
1288 2343 1463 2406 οὕτως
1496 2343 1662 2406 ὀξέως
1705 2343 1825 2393 ἐπι-

243 2438 468 2507 κουρεῖν
513 2439 607 2490 καὶ
649 2439 779 2506 ήμῖδ
825 2438 882 2490 ὲν
937 2436 1205 2499 κινδύνοις
1278 2437 1640 2507 αἰτήσαντες,
1700 2433 1827 2486 ἄλλο

241 2528 534 2598 τεράστιον
552 2527 729 2581 ἄλλων
755 2525 995 2582 ἐπαίνων
1023 2525 1382 2597 ποιησώμεθα
1408 2526 1703 2596 πρόφασιν.

1933 1889 1985 1932 et
2012 1881 2193 1934 taliter
2226 1882 2446 1957 homine
2477 1891 2677 1950 tracto,
2710 1892 2886 1937 totum
2921 1885 3068 1939 iilius
3093 1886 3413 1940 calcaneum
3444 1886 3512 1940 ad

1933 1969 2135 2040 digitus
2191 1988 2364 2040 usque
2420 1974 2656 2041 partitus
2713 1982 2833 2028 est.
2886 1974 3057 2040 Quem
3132 1976 3274 2029 sicut
3322 1974 3511 2029 folium

1933 2061 2079 2131 quod
2135 2077 2201 2115 ex
2229 2065 2426 2118 arbore
2463 2064 2687 2133 pendet,
2741 2078 2795 2119 et
2830 2065 2933 2121 hac
2957 2067 3197 2135 illacque
3239 2066 3509 2129 defertur,

1935 2161 2121 2207 cerote
2179 2154 2540 2208 medicamine
2598 2154 2946 2220 adunarunt,
3005 2156 3335 2211 brevissimo
3389 2172 3511 2208 Ino-

1936 2253 2122 2298 mento
2170 2246 2359 2315 pedem
2388 2248 2743 2315 animamque
2789 2249 3081 2314 donantes,
3133 2256 3187 2302 et
3235 2249 3512 2318 insperate

1936 2353 1965 2390 a
1997 2338 2392 2422 liestia.fugere
2421 2339 2803 2395 concedentes.
2865 2337 3037 2392 Porro
3086 2354 3188 2395 nos
3240 2355 3366 2393 cum
3420 2354 3510 2400 eo,

1934 2431 2115 2485 adhuc
2146 2431 2290 2485 enim
2317 2431 2443 2484 huic
2471 2439 2724 2501 superest
2746 2432 2893 2495 vitae,
2916 2440 2969 2485 et-
2997 2431 3085 2485 his
3109 2433 3199 2501 qui
3226 2440 3357 2484 tunc
3382 2429 3512 2484 ade-

1936 2532 2059 2576 rant
2090 2531 2145 2576 ct
2175 2522 2266 2588 qui
2321 2521 2484 2576 modo
2531 2523 2787 2588 audiunt,
2823 2538 2917 2577 eos
2944 2522 3037 2592 qui
3092 2524 3305 2577 salvum
3365 2522 3508 2575 fece-

242 2628 383 2672 runt
419 2619 591 2686 illum,
645 2621 866 2692 hymnis
912 2631 1333 2691 prosequentes,
1402 2633 1457 2675 et
1512 2621 1586 2674 ita
1625 2617 1889 2674 velociter
1940 2616 2103 2670 etiam
2159 2616 2320 2672 nobis
2383 2616 2671 2671 consulere
2726 2618 2782 2672 in
2849 2617 3109 2687 periculis
3173 2619 3512 2689 postulantes

244 2713 395 2766 aliud
428 2713 732 2783 prodigium
767 2714 997 2767 aliarum
1042 2712 1308 2767 faciamus
1330 2712 1677 2767 occasionem
1710 2708 2108 2764 laudationum.

449 2805 575 2858 NA'.
615 2805 754 2873 Περὶ
800 2802 1105 2874 ἰσιδώρου
1133 2803 1630 2873 ἐπαηπτιῶντος.

317 2894 677 2964 Σεμνυνέσθω
706 2895 801 2949 καὶ
824 2895 1117 2965 Δαμασκδς
1144 2895 1237 2948 ἐπὶ
1260 2897 1374 2958 τοῖς
1401 2893 1510 2947 τῶν
1534 2892 1831 2965 μαρτύρων

243 2987 590 3058 δωρήμασιν,
620 2988 653 3057 ή
686 2986 902 3041 Παύλον
945 2985 1297 3040 ἀπολαϐοῦσα
1332 2985 1404 3056 μή
1434 2985 1718 3056 βλέποντα,
1750 2985 1832 3036 δι-

246 3078 435 3147 ώκτην
467 3079 771 3149 ξενήσασα,
804 3081 898 3132 καὶ
926 3080 1204 3148 ποιήσασα
1233 3079 1471 3150 κήρυκα,
1501 3079 1535 3148 ή
1564 3076 1834 3147 φονευθῆ-

2291 2800 2427 2856 ων.
2461 2799 2533 2855 De
2564 2799 2775 2857 Isidoro
2804 2803 3156 2872 epilemptiro.

2008 2891 2308 2948 Decoretur
2329 2894 2494 2948 etiam
2532 2894 2834 2950 Damascus
2876 2897 2928 2948 in
2962 2907 3261 2968 martyrum
3319 2897 3503 2964 donis,

1934 3000 2057 3052 qua:
2108 2984 2335 3039 Paulum
2389 2986 2616 3042 admisit
2674 3004 2782 3041 non
2832 2988 3129 3052 videntem,
3188 2997 3243 3044 et
3305 2992 3515 3046 dimisit

1936 3074 2231 3141 videntem,
2258 3085 2313 3132 et
2338 3078 2576 3146 hospitio
2618 3079 2825 3148 recepit
2846 3089 3278 3148 persecutorem,
3304 3090 3358 3134 et
3385 3080 3514 3134 fecit

244 3188 334 3225 ναι
365 3170 696 3241 ζητούμενον
719 3169 993 3240 κρύψασα,
1015 3170 1109 3223 καὶ
1141 3169 1228 3222 διὰ
1258 3169 1470 3238 θυρίδος
1497 3171 1556 3222 ὲν
1585 3170 1830 3240 σαργάνῃ

1938 3167 2394 3234 praedicatorem;
2440 3185 2602 3238 quem
2653 3171 2942 3240 quaesitum
3008 3172 3074 3225 ad
3126 3172 3511 3237 occidendum,

247 3260 445 3322 νυκτὸς
479 3257 899 3327 φυγαδεύσασα⁶
936 3258 1029 3311 καὶ
1076 3261 1175 3329 τῆς
1210 3258 1315 3328 πρὸ
1347 3257 1550 3325 ταύτης
1577 3256 1834 3327 εὐδαιμο-

248 3351 368 3414 νίας
410 3350 473 3403 τὸ
505 3353 797 3421 μετασχεῖν
831 3349 940 3403 τῶν
971 3349 1145 3418 ἁγίων
1174 3352 1270 3420 τῆς
1320 3349 1542 3419 χάριτος
1592 3349 1835 3416 ἡγείσθω

248 3428 653 3513 λαμπρότερον.
684 3442 835 3511 Αὕτη
872 3441 982 3512 γὰρ
1015 3442 1114 3513 τῆς
1161 3441 1348 3512 κοίλης
1395 3441 1593 3511 Συρίας
1630 3440 1835 3511 μητρό-

249 3536 430 3599 πολις,
443 3537 541 3605 τῆς
555 3535 680 3608 ὅλης
699 3536 872 3607 Ἐᾠας
896 3537 1140 3607 ἀρχηγὸς
1161 3536 1467 3602 ἐϐασίλευε,
1484 3537 1645 3591 Νῖνον
1665 3538 1834 3609 ἑαυτῇ

246 3628 629 3703 βασιλεύοντα,
661 3630 753 3683 καὶ
783 3629 1099 3699 Σεμίραμιν
1130 3628 1228 3700 τὴν
1259 3627 1574 3699 περίφημον
1613 3628 1830 3698 ἔχουσα.

254 3719 457 3790 Ἀμςρω
484 3720 595 3791 γὰρ
620 3721 737 3773 ἐκεῖ
760 3718 1203 3790 βασιλεύσαντες,
1223 3720 1317 3773 καὶ
1332 3721 1538 3789 τείχεσι
1556 3721 1655 3791 τὴν
1679 3719 1836 3774 πόλιν

251 3811 654 3875 κυκλώσαντες,
692 3811 786 3865 ἀπ’
817 3812 991 3881 αὐτῆς
1022 3811 1122 3874 τὰς
1149 3810 1417 3873 ἀποικίας
1438 3809 1730 3880 ἐξήγαγον,
1756 3811 1836 3874 εἴς

250 3918 308 3954 τε
341 3902 442 3972 τὴν
476 3900 659 3955 Ἀσίαν
689 3902 783 3955 καὶ
821 3900 1078 3973 Ἀραϐίαν
1105 3901 1203 3972 τὴν
1230 3901 1533 3971 λεγομένην
1566 3900 1832 3971 Εὐδαίμο-

251 4010 338 4049 να.
359 3993 586 4063 Ἔμεινε
611 3993 668 4046 δὲ
688 3994 975 4063 Δαμασκὸς
1001 3993 1361 4062 βασιλεύουσα
1388 3993 1492 4055 ἓως
1519 3994 1546 4045 ὁ
1567 3991 1835 4047 Μακεδὼν

264 4081 612 4154 Ἀλέξανδρος
641 4084 866 4152 Δαρεῖον
897 4081 1121 4143 ἀνελὼν,
1159 4082 1284 4145 τοὺς
1317 4079 1484 4133 αύτοῦ
1525 4079 1835 4151 θησαυροὺς

254 4176 317 4227 ὲκ
342 4173 547 4243 ταύτης
572 4174 851 4243 άφείλατο,
883 4171 1129 4227 καθελὼν
1159 4173 1256 4227 σὺν
1286 4172 1434 4243 αὐτῷ
1459 4170 1528 4225 τὰ
1564 4171 1832 4241 βασίλειαο

254 4266 545 4321 καὶταῦτα
576 4268 674 4334 μὲν
705 4264 905 4329 ἔξωθεν
929 4264 1058 4333 περὶ
1081 4263 1372 4334 Δαμασκοῦ
1404 4261 1831 4334 μεμαθήκαμεν·

253 4356 313 4409 οὐ
352 4359 459 4428 μὴν
491 4357 625 4410 ἀλλὰ
659 4357 751 4411 καὶ
781 4356 991 4410 πολλῶν
1017 4355 1281 4426 βασιλέων
1313 4355 1371 4407 ὲν
1396 4357 1532 4426 αὐτῇ
1555 4354 1833 4424 θεασάμε-

255 4464 334 4503 νοι
367 4430 647 4519 μνήματαῖ
692 4448 826 4502 Ἀπὸ
843 4449 897 4501 δὲ
928 4449 1024 4518 τῆς
1049 4446 1409 4501 θεοπνεύστου
1427 4447 1649 4517 Γραφῆς
1670 4447 1831 4500 πάλιν

1938 3261 2260 3325 occultavit,
2315 3270 2368 3316 et
2426 3270 2594 3314 noctu
2647 3278 2744 3331 per
2801 3263 3512 3319 fenestramsummissum

1939 3348 1993 3402 in
2027 3357 2210 3418 sporta
2246 3350 2473 3420 fugavit,
2504 3359 2564 3404 ut
2590 3366 2655 3405 ex
2706 3363 3022 3406 sanctorum
3059 3354 3248 3421 gratim
3290 3355 3515 3422 partici-

1939 3440 2160 3507 patione
2187 3440 2294 3493 dux
2346 3441 2553 3495 clarius
2589 3441 2703 3506 ﬁat,
2736 3457 2900 3511 quam
2957 3458 3020 3497 ex
3075 3443 3334 3498 felicitate
3390 3460 3513 3513 qua:

1938 3531 2081 3584 hanc
2127 3532 2427 3601 praecessit.
2462 3532 2588 3587 [hec
2615 3535 2760 3587 enim
2795 3550 2919 3607 cum
2960 3533 3273 3605 Coelesyrise
3303 3545 3510 3587 metro-

1938 3619 2076 3689 polis
2108 3630 2272 3682 esset,
2308 3620 2360 3673 in
2397 3628 2513 3673 toto
2541 3635 2770 3690 prorsus
2817 3619 3040 3676 Oriente
3071 3623 3360 3690 principali
3389 3622 3515 3691 jure

1938 3710 2220 3780 regnabat,
2273 3709 2474 3764 Ninum
2508 3712 2562 3766 in
2596 3727 2656 3767 se
2708 3721 3045 3781 regnantem,
3076 3723 3131 3767 et
3188 3710 3514 3767 Semiramin

1940 3799 2151 3855 habens
2182 3800 2330 3854 illam
2382 3800 2670 3855 famosam.
2703 3800 2879 3856 Ambo
2907 3803 3110 3871 quippe
3134 3804 3244 3859 illic
3273 3817 3508 3873 regnan-

1936 3897 2041 3956 tes,
2071 3900 2124 3945 et
2157 3893 2327 3946 muris
2353 3892 2632 3946 civitatem
2662 3894 3089 3960 circumdantes,
3120 3897 3189 3950 ab
3240 3910 3304 3947 ea
3358 3896 3513 3949 habi-

1938 3983 2113 4037 tacula
2143 3983 2449 4037 eduxeruut
2481 3992 2590 4037 tam
2637 3985 2690 4038 in
2720 3986 2901 4039 Asiam
2955 4001 3118 4055 quam
3157 3987 3210 4040 in
3257 3988 3510 4040 Arabiam

1936 4074 2138 4127 dictam
2167 4071 2517 4129 Eudannona.
2572 4074 2770 4129 Mansit
2827 4083 3007 4130 autem
3072 4076 3372 4132 Damascus
3427 4095 3513 4131 re-

1936 4178 2133 4232 gnans,
2163 4164 2340 4218 donec
2368 4162 2677 4219 Alexander
2702 4163 2926 4220 Macedo
2969 4164 3132 4220 Dario
3158 4167 3505 4237 interempto,

1934 4270 2002 4308 ex
2053 4254 2157 4309 hac
2188 4255 2474 4309 thesauros
2504 4255 2623 4324 ejits
2650 4256 2873 4317 ademit,
2918 4270 3041 4309 cum
3076 4256 3192 4325 ipsa
3220 4259 3383 4310 etiam
3424 4274 3511 4310 re-

1936 4345 2081 4415 galia
2112 4344 2421 4401 destruens.
2476 4343 2543 4398 Et
2591 4346 2707 4400 haec
2761 4346 2979 4415 quidem
3033 4348 3377 4401 extrinsecus
3444 4348 3513 4401 de

1938 4435 2205 4493 Damasco
2239 4437 2571 4503 didicimus;
2605 4439 2898 4490 multorum
2939 4436 3291 4490 nihilominus
3322 4451 3508 4507 regum
3550 4480 3555 4493 ,

256 4539 425 4610 αὐτὴν
483 4539 874 4610 βασιλεύουσαν
924 4540 1191 4610 ἔγνωμεν,
1220 4539 1312 4592 τὸν
1358 4538 1474 4591 υἱὸν
1510 4538 1684 4607 Ἄδερ,
1738 4538 1831 4590 τὶν

1940 4532 1994 4586 in
2027 4532 2143 4601 ipsa
2195 4539 2551 4585 monumenta
2590 4530 2859 4585 videntes.
2913 4531 2959 4582 A
3018 4528 3282 4584 divinitus
3328 4535 3508 4582 autem

255 4631 449 4701 (δούλα,
480 4633 571 4686 τὸν
603 4632 1086 4703 Θεγλαφελλασαρ,
1121 4632 1213 4685 τὸν
1246 4630 1467 4701 Ἀζαὴλ,
1500 4630 1589 4682 τὸν
1626 4630 1827 4683 Ῥαασ-

257 4723 363 4777 σὼν
400 4724 780 4795 βασιλεύοντας
806 4726 1005 4796 ἔχουσα
1027 4741 1040 4755 ·
1067 4718 1142 4778 ὧν
1171 4723 1337 4777 πλέον
1364 4723 1621 4776 ἁπάντων
1646 4721 1829 4793 Κύρου

257 4820 349 4871 καὶ
364 4815 609 4872 Ἰωάῖρνου
631 4818 848 4888 δωρεῶν
871 4815 1251 4880 ἀπολαύσασα,
1270 4815 1365 4868 καὶ
1384 4815 1506 4877 ταῖς
1526 4814 1619 4865 ἐπὶ
1634 4812 1830 4882 Παύλῳ

259 4910 681 4980 μεγαλαυχείαις
712 4909 914 4974 ταύτας
960 4909 1245 4976 συνάψασα
1299 4909 1413 4968 τοῖς
1463 4904 1832 4974 σκιρτήμασιν

257 5003 637 5074 ἐναϐρύνεται.
672 5001 1032 5072 Δαμασκηνὸς
1063 4996 1131 5072 ἦν
1165 5001 1259 5053 καὶ
1288 4998 1398 5052 τῶν
1429 4998 1485 5049 ὲν
1513 4996 1657 5049 τέλει
1691 4995 1832 5064 λαμ-

258 5096 410 5164 πρῶν
433 5095 727 5157 Διονύσιος,
749 5096 813 5147 ὲκ
838 5095 1029 5161 γένους
1054 5092 1360 5163 βλαστήσας
1383 5089 1472 5145 ἀεὶ
1492 5087 1832 5157 διαλάμψαν-

257 5198 378 5247 τος·
412 5179 585 5256 οὗπερ
617 5184 759 5254 ἁρχὴ
788 5186 879 5237 καὶ
907 5184 1032 5254 ῥίζα
1063 5182 1328 5243 Νικόλαος
1360 5176 1430 5251 ἦν
1461 5182 1489 5233 ὁ
1519 5178 1828 5247 φιλόσοφος,

260 5275 287 5325 ὸ
320 5274 559 5343 Ἡρώδου
592 5274 901 5342 παιδευτὴς,
934 5274 1027 5325 καὶ
1057 5273 1262 5325 παδων
1284 5269 1390 5324 τῶν
1420 5267 1711 5322 ’Λντωνίου
1738 5267 1831 5318 καὶ

264 5364 616 5436 Κλεοπάτρας
638 5364 953 5426 διδάσκαλος
975 5378 988 5391 ·
1017 5364 1113 5433 ἀφ’
1130 5355 1193 5415 οὗ
1220 5365 1316 5414 καὶ
1343 5360 1604 5423 Νικόλαοι
1627 5356 1834 5411 δώδεκα

264 5455 402 5532 κατὰ
421 5456 671 5526 διαδοχὴν
702 5453 1119 5524 ὲξανθήσδντες,
1143 5452 1223 5523 ιρι)
1237 5451 1393 5518 οσοφί
1408 5447 1830 5520 θγαυρούμενοι,

263 5533 325 5598 ia
352 5549 503 5616 γένος
530 5548 879 5617 ἐφαίδρυναν,
913 5548 1004 5599 καὶ
1054 5547 1133 5607 είς
1186 5544 1323 5611 μέγα
1375 5542 1533 5615 δόξης
1578 5542 1669 5594 καὶ
1697 5540 1833 5610 λαμο

271 5630 527 5709 πρά-δήϊον,
572 5619 803 5707 ἤγαγον.

1944 4621 2214 4689 inspirata
2246 4621 2496 4675 doctrina
2537 4619 2734 4674 iterum
2777 4627 3096 4687 regnantem
3129 4619 3182 4672 in
3212 4634 3274 4673 ea
3304 4634 3509 4688 Cogno-

1937 4711 2115 4763 vimus
2138 4707 2309 4763 litium
2342 4708 2506 4774 Ader,
2545 4706 2738 4775 Phula,
2787 4707 3254 4776 Teglaphellasar,
3324 4709 3509 4773 Azael,

1938 4801 2196 4857 Rhaason
2243 4816 2397 4870 reges
2430 4800 2743 4855 habentem.
2812 4799 2944 4865 Quae
2994 4797 3119 4870 Cyri
3174 4796 3510 4868 loannisque

1937 4898 2061 4967 plus
2086 4909 2250 4965 quam
2283 4896 2501 4949 illorum
2537 4895 2859 4948 muneribus
2890 4893 3051 4959 freta,
3082 4903 3131 4946 et
3181 4894 3285 4947 sub
3339 4891 3511 4949 Paulo

1941 4986 2331 5056 magniloquiis
2352 5001 2716 5056 congregans,
2742 4985 3200 5040 exsultationibus
3221 4986 3511 5054 gloriatur.

1938 5078 2312 5133 Damascenus
2362 5085 2481 5132 erat
2534 5077 2850 5149 Dionysius,
2897 5086 2954 5132 et
2991 5093 3058 5131 ex
3102 5078 3189 5132 his
3227 5080 3321 5147 qui
3365 5079 3508 5131 ἱιιιιτ

1939 5183 2198 5239 proceres
2225 5177 2281 5222 et
2324 5169 2503 5223 claros
2543 5169 2865 5222 videbantur
2898 5169 3111 5233 haberi,
3144 5169 3235 5238 qui
3265 5185 3333 5223 ex
3386 5183 3513 5237 ger-

1941 5261 2088 5316 mine
2120 5270 2240 5315 erat
2271 5270 2535 5330 perpetuo
2586 5260 2833 5330 fulgido;
2888 5263 3049 5331 cujus
3090 5262 3243 5331 origo
3268 5270 3325 5315 et
3359 5261 3513 5315 radix

1938 5346 1982 5400 N
1993 5347 2200 5401 icolaus
2214 5358 2330 5402 erat
2348 5347 2438 5401 ille.
2461 5347 2839 5417 philosOphus,
2858 5348 3086 5404 Ilerodis
3100 5348 3363 5412 eruditur,
3382 5348 3514 5413 lilio-

1942 5453 2175 5508 rumque
2203 5439 2425 5493 Antonii
2448 5447 2503 5493 et
2527 5439 2831 5511 CleOpatra:
2858 5443 3140 5512 magister,
3172 5456 3201 5495 a
3223 5443 3512 5512 quoetiam

1945 5527 2154 5582 Μουιαί
2179 5527 2465 5583 duodecim
2489 5526 2585 5599 per
2608 5533 3009 5589 successionem
3042 5530 3371 5596 ell'lorentes,
3395 5531 3512 5602 phi-

1941 5619 2310 5688 losophiaeque
2347 5621 2544 5675 decore
2582 5621 2839 5687 nitentes,
2870 5637 3042 5690 genus
3077 5622 3511 5691 illustraverunt,

1940 5722 1995 5768 et
2022 5710 2089 5764 ad
2117 5726 2368 5783 magnam
2399 5718 2702 5769 claritatem
2730 5727 2780 5769 et
2810 5715 3037 5786 gloriam
3069 5717 3433 5775 deduxerunt.
