4002 6316
484 237 624 306 3ύ23
1385 232 1443 288 S.
1483 219 1902 288 SOPIIRONII
1930 214 2435 277 PATRIARCIME
2472 207 2875 271 HIEROSOL.
3636 197 3811 262 3634

561 354 635 405 Ex
670 352 754 404 bis
782 344 1104 420 splendidus
1161 341 1457 412 Dionysius
1493 346 1657 392 natus
1716 333 1886 387 filium
1911 344 2062 420 “pro-
2093 361 2106 386 λ

2237 325 2336 377 Ἐκ
2368 323 2574 376 τούτων
2609 323 2638 374 ὁ
2679 318 2933 389 λαμπρὸς
2973 314 3254 385 γεννηθεὶς
3286 310 3576 375 Διονύσιος
3611 313 3808 365 παῖδά

486 437 762 511 ετιρίιοιιιιο
797 404 1172 493 successorem
1238 428 1473 483 habebat
1542 423 1835 478 Isidorum.
1908 416 2065 470 Hunc

2210 435 2228 470 ε
2259 407 2354 471 καὶ
2393 415 2490 469 τοῦ
2526 415 2724 483 γένους
2752 411 2997 480 διάδοχον
3029 409 3188 478 ἔσχεν
3224 405 3523 477 Ἰσίδωρον.
3568 404 3805 458 Τοῦτον

2499 505 2511 511 -
2799 502 2809 511 .
3035 498 3055 511 .
3211 496 3238 508 ..
3401 496 3410 510 .
3486 493 3503 511 ι
3560 510 3565 511 ,
3740 494 3757 511 ρ
3790 509 3801 511 _

489 546 611 585 cum
644 544 775 599 puer
803 536 968 584 esset,
1001 524 1197 576 balneo
1258 517 1563 574 secundum
1606 509 2065 568 Consuetudinem

2210 527 2229 561 ν
2283 505 2594 579 μειρακίοις
2641 502 2986 573 τυγχάνοντα
3035 496 3248 567 λουτρῷ
3281 496 3424 549 κατὰ
3451 493 3513 547 τὸ
3545 494 3806 563 συνεχὲς

490 635 671 679 usum,
712 615 1086 684 nequissimus
1121 611 1343 680 quidam
1395 608 1679 660 insecutus
1714 610 1797 657 est
1832 604 2067 661 dtemon,

2214 601 2456 672 ρώμενον
2477 640 2492 664 ,
2528 597 2763 665 πονηρός
2795 611 2882 656 τις
2911 591 3122 662 δαίμων
3154 588 3432 658 εἰσήλατο,
3464 587 3565 641 καὶ
3600 588 3806 656 χαμαὶ

488 720 544 763 et
588 711 643 762 in
701 679 906 761 terrain
964 679 1251 757 cadentem
1292 709 1456 767 atque
1503 697 1800 766 iacentem,
1861 691 1918 744 1ιί
1976 689 2069 756 ιιιιὶ

2210 695 2416 748 τεσόντα
2446 692 2543 744 καὶ
2585 689 2842 758 κείμενον
2873 688 2922 738 oi
2954 681 3444 754 παιδοτροφοῦντες
3483 679 3662 732 ainth
3697 681 3806 731 ἀν-

491 809 750 868 tanquam
785 811 1012 866 puerum
1050 794 1201 846 illum
1234 789 1472 851 alebant,
1505 793 1656 838 extra
1690 782 1898 837 calidos
1918 794 2073 832 acres

2210 787 2446 855 λόμενοι,
2482 783 2586 850 ἔξω
2605 781 2710 834 τῶν
2740 778 2966 849 θερμῶν
2996 778 3177 847 ἀέρων
3210 774 3470 838 ἐξέϐαλον
3492 790 3504 802 ·
3534 772 3652 839 ἔξω
3677 773 3804 841 γάρ

490 894 839 956 eduxerunt;
882 889 1033 942 intus
1077 886 1221 937 enim
1254 880 1488 935 insidias
1522 893 1718 946 passus
1746 883 1824 929 est
1865 873 2073 927 dmino-

2213 881 2246 932 ἀ
2299 877 2398 945 τῆς
2446 874 2713 945 ἐπηρείας
2757 870 2851 923 τοῦ
2903 869 3158 939 δαίμονος
3185 866 3445 929 πέπονθε,
3477 865 3805 935 ὀλιγωρίαν

493 984 599 1045 nis,
635 981 999 1035 defectionem
1037 975 1206 1029 animi
1262 974 1570 1042 passionem
1623 982 1745 1021 esse
1799 971 2072 1034 putantes,

2210 966 2321 1021 ἷναι
2342 967 2403 1020 τὸ
2431 967 2604 1028 πάθος
2634 962 3031 1033 γνωρίσαντες,
3062 959 3161 1029 τὴν
3190 958 3407 1018 πολλοῖς
3436 958 3496 1008 ἐν
3528 956 3807 1026 λουτροῖς

493 1092 615 1144 qua:
646 1073 830 1126 inultis
859 1085 1001 1139 sche
1042 1065 1312 1131 contingit
1351 1063 1403 1115 in
1442 1061 1671 1121 balucis,
1706 1066 1755 1110 et
1793 1072 1902 1110 non
1962 1069 2076 1106 Ina«

2210 1061 2446 1122 πολλάκις
2481 1055 2903 1126 συμϐαίνουσαν,
2933 1052 3030 1106 καί
3060 1053 3120 1104 ού
3158 1050 3411 1122 πονηρῶν
3442 1048 3807 1118 πνευμάτων

496 1171 765 1239 lignorum
824 1168 1113 1234 spirituun
1175 1159 1589 1229 (qn-ratioIn-m;
1651 1168 1775 1205 cum
1837 1160 1891 1203 et
1958 1148 2081 1203 sine

2210 1153 2494 1223 νέργειαν’
2540 1149 2655 1202 ἀλλ’
2686 1149 2762 1211 ὡς
2805 1147 2899 1199 καὶ
2929 1143 3160 1215 λουτροῦ
3206 1144 3375 1212 χωρὶς
3423 1140 3523 1211 τὴν
3575 1140 3807 1210 βλάϐην

496 1262 691 1316 balneo
715 1256 1036 1315 sustinuerit
1066 1255 1346 1307 hesionem
1376 1267 1391 1316 ;
1427 1258 1481 1302 et
1505 1245 1788 1300 excusatio
1822 1256 1929 1294 non
1961 1246 2080 1294 erat

2220 1246 2511 1314 πέμεινεν,
2543 1241 2641 1294 καὶ
2687 1242 2962 1311 πρόφασις
3006 1238 3108 1289 οὐκ
3141 1232 3208 1306 ἦν
3241 1237 3274 1305 ἡ
3312 1234 3585 1303 κρύπτειν
3616 1232 3705 1284 ἔτι
3740 1232 3809 1283 τὸ

497 1369 617 1420 qua:
651 1352 966 1418 languorem
1012 1353 1193 1414 posset
1238 1340 1469 1394 ulterius
1524 1336 1847 1398 occultare;
1905 1320 1959 1385 et
2002 1329 2083 1381 id-

2210 1338 2356 1398 τάθος
2393 1334 2652 1405 ἰσχύουσα
2672 1349 2686 1363 ο
2737 1332 2829 1385 καὶ
2874 1329 2969 1384 τοῦ
3005 1329 3220 1382 παιδίου
3248 1329 3309 1379 τὸ
3340 1327 3514 1389 πάθος
3545 1325 3805 1393 ἐγνώρι-

498 1417 648 1499 ιίὶωο
701 1417 756 1495 et
813 1439 964 1509 pueri
1004 1438 1313 1506 passionem
1349 1433 1711 1498 agnoverunt,
1745 1431 1800 1477 et
1850 1426 2081 1475 eventus

2210 1447 2307 1491 ταν,
2344 1429 2439 1482 καὶ
2485 1426 2757 1496 δαιμόνων
2786 1422 2999 1486 ἀδικίας
3029 1421 3129 1484 τὰς
3162 1419 3471 1490 συμϐάσεις
3502 1417 3806 1487 ἀπήγγελ-

497 1535 810 1592 ιιιυιιιοιιίρεη
840 1530 1095 1598 nequitiae
1126 1525 1516 1578 mmliaverunt
1552 1527 1683 1570 tunc
1715 1515 1880 1568 talem
1937 1527 2079 1576 esse,

2210 1540 2302 1575 ,ον’
2338 1521 2461 1574 τότε
2491 1520 2746 1587 τοιαύτην
2790 1516 3061 1586 ὑπάρχειν
3097 1513 3360 1582 κάκείνην
3390 1511 3658 1579 ἐνόησαν,
3691 1508 3803 1581 τὴν

496 1642 551 1683 et
610 1628 756 1679 illam
818 1623 1211 1676 intellexerunt
1290 1609 1801 1671 commutationem,
1869 1603 2083 1658 scilicet

2210 1612 2416 1683 τρὼτην
2457 1614 2515 1663 ἐν
2546 1608 2761 1679 λουτρῷ
2799 1606 3100 1675 γενομένην
3132 1603 3441 1656 ἀλλοίωσιν.
3474 1600 3659 1653 Τοῦτο
3685 1619 3802 1671 μα-

498 1734 620 1789 qnze
670 1714 844 1784 prima
904 1713 957 1764 in
1018 1707 1228 1761 halm-is
1286 1704 1426 1755 facta
1483 1711 1611 1775 est._
1651 1696 1772 1761 Quo
1834 1701 2088 1762 parentes

2210 1705 2380 1764 ἰόντες
2427 1703 2476 1753 οί
2529 1700 2820 1767 φύσαντες,
2860 1696 2922 1748 ού
2973 1694 3212 1766 μετρίως
3258 1711 3370 1756 πως
3410 1691 3653 1761 ἠνιῶντο
3699 1692 3803 1745 καὶ

501 1786 801 1877 comperto,
834 1819 939 1855 non
975 1797 1327 1853 mediocriter
1367 1792 1754 1849 tristabantur,
1805 1793 1858 1839 et
1892 1794 2088 1837 azstua-

2210 1796 2460 1870 ῇσχαλλον
2480 1812 2493 1826 ⁸
2522 1791 2589 1865 ἦν
2621 1796 2729 1862 γὰρ
2763 1791 2949 1854 αὐτοῖς
2984 1792 3078 1843 καὶ
3110 1788 3271 1860 μόνος
3300 1789 3475 1859 ἄρσην
3504 1789 3562 1839 ἐν
3595 1786 3802 1839 παισὶν

503 1875 671 1962 ἰηιιιις
727 1906 843 1950 erat
890 1892 1036 1945 enim
1082 1890 1166 1953 eis
1226 1889 1370 1939 inter
1421 1883 1566 1935 filios
1629 1879 1780 1932 solus
1843 1875 2088 1930 lsidorus

2210 1916 2218 1938 ι
2254 1887 2543 1957 Ἰσίδωρος,
2580 1886 2677 1937 καὶ
2711 1884 2893 1945 πάσας
2945 1882 3030 1945 ἐφ’
3056 1880 3248 1934 ἑαυτὸν
3296 1880 3395 1943 τάς
3443 1879 3538 1932 τοῦ
3592 1878 3801 1944 γένους

507 1989 809 2052 masculus,
876 1993 929 2038 et
984 1994 1201 2035 omnem
1257 1979 1406 2031 inse
1483 1971 1820 2043 posteritatis
1879 1967 2090 2023 ferebat

2210 1976 2414 2038 ;λπίδας
2446 1975 2646 2042 κατέφε
2659 1990 2770 2043 ρεν.
2809 1971 2970 2026 Ὅθεν
2998 1965 3143 2023 οὗτοι
3175 1969 3413 2038 σπουδὴν
3432 1969 3658 2023 ἃπασαν
3693 1969 3800 2035 τῆς

509 2081 801 2144 fiduciam;
844 2073 989 2128 unde
1011 2070 1100 2127 isti
1130 2084 1293 2123 omne
1321 2066 1564 2120 studium
1616 2078 1712 2133 pro
1741 2061 1897 2131 pueri
1929 2074 2091 2114 cura-

2210 2064 2288 2119 τοῦ
2324 2065 2510 2127 παιδος
2543 2065 2844 2134 θεραπείας
2876 2062 3117 2116 ἐτίθεντο
3144 2103 3159 2127 ,
3190 2061 3286 2114 καὶ
3317 2059 3506 2113 τοῦτον
3538 2060 3799 2130 δοκίμοις

508 2176 652 2227 tione
679 2168 974 2241 ponebant,
1004 2172 1057 2219 et
1081 2165 1227 2217 lmuc
1253 2157 1631 2231 probabilibus
1657 2153 1884 2209 medicis
1906 2161 2091 2207 osten-

507 2262 743 2324 debant,
806 2255 1157 2311 multitudine
1214 2249 1736 2305 melaneliolicorum
1801 2246 2091 2298 humerum

474 2368 477 2371 '
513 2357 825 2427 frequentes
862 2352 986 2405 illas
1036 2345 1387 2418 epilempsias
1416 2351 1472 2396 et
1502 2342 1692 2410 longas
1721 2337 1918 2408 capitis
1964 2350 2092 2406 gra-

508 2449 735 2504 vedines
800 2443 1050 2498 accidere
1096 2440 1432 2492 arbitrantes
1480 2450 1494 2487 :
1545 2448 1670 2486 nam
1717 2438 1981 2498 utrasque
2039 2436 2097 2481 nt

508 2538 876 2609 cognovimus
929 2532 1264 2603 patiebatur.
1299 2528 1503 2579 alteras
1555 2523 1777 2592 quidem
1838 2522 2097 2590 frequen-

511 2633 644 2691 tius,
679 2629 883 2681 alteras
936 2638 1063 2676 vero
1109 2618 1519 2672 indeficicntius
1549 2624 1601 2667 et
1642 2612 1934 2682 prolixius.
1990 2609 2097 2665 Sed

508 2722 669 2791 quasi
735 2733 899 2771 unam
958 2714 1027 2769 ab
1083 2710 1340 2763 omnibus
1397 2705 1726 2760 sententiam
1780 2700 2096 2765 audiebant,

512 2813 655 2866 idem
689 2806 1008 2861 hominibus
1037 2802 1299 2855 invictum
1331 2812 1453 2851 esse
1475 2797 1812 2864 languorem,
1840 2796 2097 2863 Spiritum

513 2900 724 2954 scilicet
753 2909 1009 2964 nequam,
1043 2899 1096 2945 et
1120 2905 1225 2944 non
1267 2887 1726 2942 melancliolicum
1779 2886 2096 2948 humorem,

515 3006 735 3044 causam
771 2990 1082 3042 habentem.

584 3086 832 3153 Cumque
885 3077 1178 3148 Dionysius
1247 3074 1399 3145 pueri
1477 3082 1628 3144 pater
1700 3071 2096 3140 discipulorum
2128 3057 2170 3077 “

514 3176 660 3247 lead.
688 3190 753 3228 ex
785 3172 944 3227 libris
968 3186 1064 3238 pro
1091 3164 1514 3237 discipulorum]
1561 3163 1912 3235 Hippocratis
1946 3162 2100 3216 infir-

519 3268 762 3321 mitatem
795 3260 1272 3331 deprehendisset,
1312 3260 1457 3322 hunc
1482 3272 1605 3311 eum
1644 3266 1815 3308 matre
1868 3254 1935 3309 ad
1995 3253 2103 3323 Cy-

519 3375 638 3413 rum
673 3366 727 3413 et
756 3355 1021 3411 Joannem
1077 3353 1247 3414 misit,
1292 3350 1451 3405 sicuti
1512 3348 1577 3402 ad
1617 3347 1867 3401 Elisreum
1918 3360 2097 3416 quon-

519 3451 646 3503 dam
688 3446 947 3501 Neemam
983 3444 1181 3514 Syrum
1243 3457 1335 3496 rex
1375 3439 1622 3492 Damasci
1677 3438 1909 3501 direxit;
1963 3451 2104 3504 quos

522 3555 647 3593 rum
684 3538 983 3597 venissent,
1015 3545 1284 3604 martyres
1309 3539 1652 3600 receperunt,
1686 3542 1736 3583 et
1770 3538 1891 3598 post
1929 3528 2104 3582 modi-

521 3647 644 3685 cmn
674 3629 1022 3688 dimiserunt,
1047 3628 1330 3681 curatione
1352 3624 1573 3677 donata.
1595 3624 1932 3691 Apparentes
1959 3621 2103 3674 enim

525 3726 683 3780 matri
719 3723 865 3793 pueri
894 3737 1018 3776 cum
1049 3719 1334 3784 dormiret,
1366 3718 1507 3770 hunc
1532 3718 1688 3770 linire
1718 3731 1814 3784 per
1837 3730 1897 3768 se
1949 3730 1979 3768 a
2013 3728 2106 3766 ca-

527 3820 673 3888 pillis
704 3831 875 3885 usque
903 3814 967 3867 ad
996 3813 1227 3883 ungulas
1270 3809 1498 3879 porcino
1551 3808 1875 3877 pra-cipiunt
1921 3806 2099 3875 adipe,

523 3908 707 3959 divina
737 3905 1149 3972 disliensatione
1182 3910 1418 3961 utentes,
1452 3908 1506 3952 et
1537 3900 1709 3967 ipsius
1747 3912 1946 3951 curare
1988 3897 2106 3950 ani-

486 4015 667 4053 ‘mam
703 3997 1058 4059 festinantes;
1083 3996 1264 4048 la‘sam
1308 3994 1510 4062 quippe
1564 3989 1764 4045 Iuliam
1801 4006 1946 4053 esse,
2002 3991 2106 4043 hoc

525 4091 668 4143 enim
692 4100 809 4143 erat
851 4104 1045 4141 nomen
1076 4086 1218 4154 ejus,
1248 4084 1397 4138 circa
1424 4085 1581 4138 fidem
1613 4083 1989 4143 difi‘amabant,
2039 4082 2106 4135 ad

526 4183 784 4254 gi-ntilem
814 4181 1132 4234 inclinatam
1158 4194 1426 4243 errorem,
1482 4193 1547 4232 ac
1594 4177 1827 4247 proinde
1881 4183 2108 4245 propter

527 4271 794 4325 Adonidis
827 4278 1055 4322 mortem
1087 4283 1284 4323 carnes
1316 4267 1560 4322 refutare
1606 4266 1820 4321 suillas.
1877 4265 1940 4318 Et
1991 4267 2108 4320 sive

2199 2160 2403 2226 ἰατροῖς
2426 2157 2804 2220 ὑπεδείκνυον,
2842 2156 2950 2209 ἀπὸ
2982 2155 3221 2225 πλήθους
3257 2152 3680 2224 μελαγχολικῶν
3700 2171 3801 2222 χυ-

2199 2248 2315 2319 μῶν
2363 2249 2461 2311 τὰς
2517 2249 2766 2317 συνεχεῖς
2814 2245 3108 2315 ἐπιληψίας
3156 2245 3373 2306 ἐκείνας
3422 2243 3522 2297 καὶ
3567 2243 3797 2313 μακράς

2197 2338 2575 2411 καρηῦαρείας
2606 2336 2929 2407 συμϐαίνειν
2959 2337 3198 2406 οἰόμενοι
3222 2350 3236 2365 ⁸
3266 2335 3541 2404 ἑκατέρας
3571 2334 3689 2403 γὰρ
3719 2332 3796 2396 ὡς

2198 2433 2449 2502 ἔγνωμεν
2479 2432 2743 2501 ἔπασχεν,
2769 2431 2866 2492 τὰς
2902 2431 3001 2500 μὲν
3046 2429 3460 2499 συνεχέστερον,
3490 2427 3589 2489 τὰς
3619 2426 3680 2479 δὲ
3711 2429 3798 2479 ἐν·

2197 2525 2496 2595 τονώτερον
2527 2525 2622 2576 καὶ
2655 2523 2998 2594 μακρότερον
3018 2539 3031 2552 ·
3066 2521 3181 2575 ἀλλ’
3211 2521 3287 2595 ᾡς
3311 2522 3441 2591 μίαν
3471 2520 3615 2588 πρὸς
3652 2520 3797 2572 πάν-

2199 2636 2309 2671 των
2352 2618 2635 2685 ἀπόφασιν
2682 2617 2881 2685 ἤκουον
2918 2614 3227 2685 ἀνθρώποις
3266 2616 3527 2683 ἀνίκητον
3558 2606 3701 2665 εἶναι
3735 2612 3797 2664 τὸ

2199 2710 2433 2778 νόσημα,
2468 2706 2688 2777 πνεῦμα
2722 2708 2958 2777 πονηρζν
2988 2707 3082 2758 καὶ
3108 2705 3169 2758 ού
3200 2702 3596 2776 μελαγχολικὸν
3619 2701 3796 2774 χυμὸν

2202 2801 2341 2870 ἔχων
2379 2801 2440 2852 τὸ
2479 2800 2717 2868 νόσημα.

2286 3078 2346 3131 'U
2378 3076 2471 3131 τοῦ
2508 3076 2701 3139 παιδὸς
2741 3077 2925 3148 πατὴρ
2953 3076 3248 3141 Διονύσιος,
3280 3078 3389 3131 τῶν
3420 3077 3480 3143 ἐξ
3500 3076 3798 3147 Ἱπποκράο

2204 3188 2330 3232 τους
2351 3170 2638 3239 Θεωρήσας
2671 3169 2731 3222 τὸ
2754 3168 3017 3232 ,άναλκὲς,
3039 3168 3228 3222 τοῦτον
3250 3169 3349 3222 σὺν
3377 3172 3445 3240 τῇ
3470 3171 3641 3240 μητρί⁵
3663 3170 3799 3241 πρὸς

2206 3262 2388 3330 Κῦρον
2424 3263 2518 3314 καὶ
2555 3262 2809 3330 Ἰωάννην
2844 3260 3190 3325 ἀπέστειλεν,
3223 3262 3301 3325 ὡς
3331 3262 3468 3333 πρὸς
3493 3261 3798 3315 Ἐλισσαῖόν

2204 3371 2336 3407 ποτε
2382 3355 2612 3424 Ναεμὰν
2653 3353 2746 3406 τὸν
2790 3353 2963 3425 Σύρον
2995 3357 3022 3406 ὀ
3054 3355 3343 3424 Δαμασκοῦ
3375 3353 3681 3425 βασιλεύων
3707 3353 3796 3418 ἐξ·

2206 3446 2455 3517 ἐπεμψεν
2481 3463 2491 3473 ·
2530 3447 2624 3499 καὶ
2648 3447 2875 3509 τούτους
2897 3446 3155 3510 ἐλθόντας
3181 3446 3558 3510 ἀπολαϐόντες
3581 3447 3631 3498 οἱ
3655 3447 3794 3516 μάρ-

2213 3555 2400 3608 τυρες,
2436 3539 2552 3606 μετ’
2591 3538 2771 3604 ὀλίγον
2798 3538 3079 3590 ἀπέλυσαν
3105 3537 3566 3609 θεραπεύσαντες.
3601 3538 3798 3589 Φανέν-

2206 3648 2297 3694 τες
2327 3630 2437 3701 γάρ
2468 3633 2534 3700 τῇ
2573 3632 2743 3700 μητρὶ
2772 3630 2865 3683 τοῦ
2898 3630 3092 3694 παιδὸς
3132 3631 3208 3693 ὡς
3252 3630 3568 3695 ἐκάθευδεν,
3609 3628 3797 3683 τοῦτον

2207 3723 2382 3794 χρίειν
2427 3722 2495 3776 δι’
2535 3722 2736 3791 ἑαυτῆς
2779 3723 2888 3775 ἀπὸ
2914 3722 3120 3793 τριχῶν
3174 3722 3373 3793 μέχρις
3405 3721 3615 3792 ὀνύχων
3665 3722 3791 3791 ὑείῳ

2211 3815 2590 3884 προσέταττον
2623 3813 2828 3878 στέατι,
2861 3813 3145 3884 οἰκονομίᾳ
3173 3814 3514 3884 χρησάμενοι
3561 3813 3661 3884 τὴν
3700 3815 3792 3866 αύ-

2206 3909 2308 3977 τῆς
2327 3904 2505 3978 ψυχὴν
2532 3904 2869 3974 Θεραπεῢσαι
2900 3905 3307 3968 σπουδάσαντες
3325 3921 3338 3934 ·
3365 3904 3665 3976 βεϐλάφθαι
3690 3907 3792 3976 γάρ

2206 3997 2744 4069 τὴν’1ουλίαν,τοῦτο
2772 3999 2882 4070 γάρ
2913 3998 3086 4067 αὐτῆς
3119 3999 3331 4071 ὑπῆρχε
3363 3996 3421 4051 τὸ
3454 3999 3646 4068 ὄνομα,
3671 3998 3792 4067 περὶ

2206 4090 2307 4160 τὴν
2333 4089 2517 4142 πίστιν
2547 4089 2847 4160 ἐφήμιζον,
2885 4090 3024 4160 πρὸς
3060 4090 3274 4160 πλάνην
3315 4089 3635 4161 Ἑλληνικὴν
3665 4091 3793 4144 ἀπο-

2209 4181 2519 4245 κλίνουσαν,
2547 4181 2642 4235 καὶ
2685 4182 2857 4254 ταύτῃ
2904 4182 2994 4237 διὰ
3039 4184 3131 4236 τὸν
3163 4182 3445 4247 ’Λδώνιδος
3477 4184 3706 4239 θάνατον
3728 4187 3792 4238 τά

2209 4272 2348 4340 κρέα
2376 4271 2762 4342 παραιτεῖσθαι
2781 4272 2849 4325 τὰ
2878 4271 3023 4327 ὕεια.
3050 4273 3158 4326 Καὶ
3186 4275 3286 4327 εἴτ’
3315 4272 3492 4342 ἀληθῆ
3519 4268 3588 4342 ἧν
3614 4274 3681 4325 τὰ
3712 4273 3793 4325 λε-

526 4380 653 4419 vera
681 4378 801 4433 qua:
828 4362 1152 4416 dicebantur
1179 4371 1385 4421 essent,
1420 4363 1534 4415 sive
1571 4360 1728 4424 falsa,
1755 4376 1877 4429 quae
1913 4360 2102 4431 opinio

2210 4360 2437 4430 γόμενα,
2470 4361 2581 4413 εἴτε
2610 4359 2787 4431 ψευδῆ
2831 4362 2900 4414 τὰ
2950 4360 3050 4431 τῆς
3100 4362 3288 4432 φήμης
3319 4363 3637 4431 ἐτύγχανεν,
3669 4361 3790 4415 Θεὸν

527 4457 867 4524 dirulgabat,
907 4452 1072 4507 lieum
1114 4470 1299 4516 nosse,
1356 4462 1408 4507 et
1450 4453 1540 4523 qui
1605 4456 1707 4505 hoc
1740 4454 2109 4523 praeceperant

529 4555 800 4617 martyres
826 4561 839 4597 :
869 4546 995 4615 quia
1026 4547 1168 4598 enim
1196 4560 1391 4598 carnes
1415 4544 1801 4598 exsecrabalur
1831 4544 2107 4612 porcinas,

532 4636 887 4693 manifestum
935 4644 1055 4688 erat
1101 4646 1155 4687 et
1198 4633 1598 4702 inambiguum.
1653 4631 1721 4683 At
1780 4646 1907 4685 vero
1952 4629 2110 4700 cujus

527 4733 609 4788 rei
637 4732 810 4802 gratia
839 4731 937 4785 bas
980 4748 1086 4784 non
1117 4729 1506 4795 mandueabat.
1542 4727 1725 4782 nullus
1755 4744 1822 4781 ex
1882 4727 1967 4782 liis
2016 4726 2110 4796 qui

530 4823 1073 4894 noucxpropiuquis
1105 4830 1223 4876 erat
1279 4821 1510 4875 'seiebat.
1569 4818 1961 4875 Verumtamen
2031 4819 2114 4874 in-

531 4916 764 4968 tirmitas
797 4913 1282 4983 puerijussionem
1320 4912 1497 4967 facere
1556 4913 1811 4982 cogebat,
1857 4920 1912 4965 et
1970 4914 2114 4965 hunc

528 5007 814 5063 insinuata
837 5006 1037 5060 finiens
1063 5004 1241 5076 adipe,
1285 5004 1559 5057 infirmum
1596 5003 1883 5058 manifeste
1914 5002 2112 5066 lini\it,

496 5084 499 5089 ’
531 5107 588 5152 et
619 5094 908 5151 manifesta
946 5095 1289 5150 infirmitatis
1314 5093 1575 5148 ferentem
1614 5093 1870 5164 insignia.

604 5188 871 5243 Przetcrea
949 5189 1326 5250 diPlDOllilllll,
1416 5187 1561 5257 quod
1616 5187 1743 5239 huic
1822 5186 2112 5240 molestum

531 5292 651 5334 erat
681 5291 733 5335 cl
763 5282 1181 5352 comprimebat.
1220 5280 1519 5352 perfectura
1579 5281 1859 5335 unctionis
1915 5291 2115 5332 attrec-

533 5375 796 5427 tationein
843 5389 948 5427 non
978 5373 1324 5443 przestolans,
1358 5382 1617 5442 tanquam
1659 5388 1685 5424 a
1729 5372 1909 5424 divina
1943 5371 2114 5441 fngie-

538 5468 630 5519 bat
687 5467 884 5519 virtute
930 5465 1283 5535 flagellatam.
1335 5464 1710 5536 Cyruscnim
1763 5479 1825 5518 ac
1874 5462 2116 5516 Joannes

537 5554 888 5611 invisibiliter
920 5556 1288 5627 flagellabant,
1314 5557 1405 5623 qui
1439 5555 1619 5607 divina
1645 5555 1846 5606 virtute
1875 5550 2116 5604 circum-

545 5656 721 5700 IU‘CI'C
750 5649 996 5703 consueti
1025 5655 1151 5703 sunt
1177 5646 1493 5714 daemonas;
1526 5645 1667 5699 unde
1710 5645 1779 5698 ab
1833 5644 1923 5698 ilio
1981 5652 2116 5697 tem-

2212 4453 2434 4518 εἰδέναι,
2468 4454 2564 4507 καὶ
2597 4454 2757 4507 τοῦτο
2800 4454 3173 4518 κελεύσαντας
3209 4456 3527 4526 μάρτυρας·
3572 4457 3653 4509 ὅτι
3699 4455 3790 4524 μὲν

2211 4546 2408 4615 γάρτά
2437 4546 2575 4617 κρέα
2606 4550 2906 4617 παρῃτεῖτο
2934 4548 3001 4600 τά
3030 4547 3176 4610 ὕεια,
3210 4549 3444 4619 φανερὸν
3465 4548 3675 4618 ὑπῆρχε
3704 4550 3790 4602 καὶ

2213 4640 2454 4711 ἄμαχον·
2487 4643 2609 4696 ὅτου
2640 4643 2696 4696 δὲ
2726 4644 2884 4715 χάριν
2913 4643 3085 4697 ταῦτα
3121 4643 3196 4715 μὴ
3225 4644 3433 4714 ἤσθιεν,
3487 4643 3660 4706 οἰδείς
3692 4643 3787 4697 τῶν

2214 4733 2532 4803 ἐγγυτάτων
2574 4734 2875 4802 ἐγίνωσκεν
2900 4754 2912 4764 ·
2943 4735 3084 4806 πλὴν
3117 4736 3212 4788 τοῦ
3258 4735 3451 4798 παιδὸς
3482 4736 3516 4807 ἠ
3548 4735 3787 4789 ἀσθένεια

2216 4825 2277 4878 rb
2305 4825 2597 4879 κελευσθὲν
2648 4830 2821 4879 ποιεῖν
2856 4827 3107 4893 ἐϐιάζετο
3130 4845 3144 4859 ο
3175 4830 3268 4881 καὶ
3302 4826 3493 4881 τοῦτον
3524 4826 3601 4898 τῷ
3628 4845 3786 4897 μηνυ-

2218 4918 2365 4970 θέντι
2417 4919 2793 4989 καταχρίουσα
2842 4921 3048 4996 στέατι,
3089 4920 3481 4992 ἀρρωστοῦντα
3527 4920 3783 4992 προδήλως

2219 5007 2498 5078 κατέχριε,
2534 5008 2630 5061 καὶ
2684 5009 2895 5080 φανερὰ
2943 5011 3041 5080 τῆς
3081 5010 3395 5082 ἀρρωστίας
3421 5009 3493 5063 τὰ
3520 5013 3783 5082 σήμαντρα

2219 5115 2474 5168 φεροντα.

2290 5191 2333 5243 Τ
2336 5191 2363 5242 ὸ
2386 5191 2442 5243 δὲ
2474 5191 2650 5261 τούτῳ
2676 5194 3046 5264 παρενοχλοῦν
3076 5195 3171 5248 καί⁵
3200 5194 3381 5249 θλίσον
3409 5195 3680 5264 δαιμόνιον
3697 5195 3782 5267 τὴν

2180 5279 2433 5353 κτελείαν
2469 5280 2563 5333 τοῦ
2597 5281 2901 5351 χρίσματος
2959 5286 3033 5355 μὴ
3096 5288 3421 5355 περιμεῖναν
3469 5284 3778 5356 προσέπνεξιν,

2220 5369 2293 5430 ὡς
2327 5369 2428 5421 ὑπὸ
2466 5369 2615 5434 θείας
2645 5369 2926 5440 δυνάμεως
2952 5373 3346 5443 μαστιζόμενον
3375 5374 3592 5441 ἔφευγε.
3625 5372 3780 5442 Κῦρος

2222 5462 2330 5529 γὰρ
2359 5461 2520 5513 αὑτὸν
2554 5462 2648 5516 καὶ
2684 5461 2938 5533 Ἰωάννης
2973 5465 3221 5530 ἀοράτως
3253 5464 3568 5533 ἐμάστιζον,
3606 5466 3660 5517 o'r
3678 5464 3777 5530 θείι

2220 5551 2447 5619 δυνάμει
2474 5553 2853 5623 περιστροῦεῖν
2898 5553 3180 5623 ὴθισμένοι
3219 5554 3344 5617 τοὺς
3372 5554 3654 5621 δαίμονας·
3676 5553 3777 5606 ὅθεν

2222 5641 2316 5696 ἀπ’
2349 5642 2559 5695 ἐκείνου
2584 5642 2674 5696 τοῦ
2698 5644 2891 5715 χρόνου
2914 5646 3107 5716 μέχρις
3133 5640 3194 5700 οὗ
3227 5646 3368 5699 κατά
3398 5644 3547 5700 τόνδε
3579 5645 3658 5698 τὸν
3681 5645 3777 5714 βίον
