4002 6316
272 420 421 483 3625

1287 411 1389 471 SS.
1426 412 1600 471 CYRI
1641 409 1735 469 ΕΤ
1772 407 2092 468 JOANNIS
2131 408 2548 471 MIRACULA.

3403 412 3542 476 3626

272 534 341 610 ἦν
364 538 394 591 ό
429 531 727 599 Ἰσίδωρος,
764 526 1064 601 ἀπρόσιτος
1088 525 1297 598 ὑπῆρξε
1323 530 1436 590 τοῖς
1463 525 1736 595 δαίμοσιν,
1770 522 1866 577 καὶ

1974 539 2123 592 pore,
2151 539 2441 594 quousque
2468 524 2524 579 in
2555 524 2655 579 hac
2705 522 2809 578 fuit
2841 522 2947 579 vita
2986 523 3256 593 Isidorus,
3292 527 3536 582 ίιιςκςινυμ-

274 632 475 698 πεῖραν
504 623 687 680 αὐτῶν
726 621 823 676 τοῦ
850 620 1041 674 λοιποῦ
1072 620 1331 689 τοιαύτην
1359 619 1460 671 οὐκ
1497 615 1709 682 ἔλαθεν,
1743 616 1861 668 οἵαν

273 719 383 790 πρὸ
430 717 531 786 τῆς
581 715 909 783 καταφυγῆς
940 711 1038 782 τῆς
1070 713 1152 775 είς
1184 713 1310 775 τοὺς
1342 709 1630 781 μάρτυρας
1678 708 1862 780 Κῦρον

274 809 369 863 καὶ
404 806 658 874 Ἰωάννην
689 802 1020 874 ἐλάμϐανεν
1045 798 1200 873 οἶμαι
1236 802 1292 856 δὲ
1326 802 1425 856 καὶ
1449 800 1620 870 αὐτὴν
1648 800 1864 871 ὠφελη-

274 899 460 952 θεῖσαν
488 896 565 966 τῷ
598 894 862 965 θαύματι,
892 894 1051 964 εἴπερ
1082 894 1169 947 ἐπ’
1202 891 1465 962 ἀληθείας
1495 890 1776 962 ἐϐέϐλητο,
1816 892 1864 944 εί

276 992 352 1060 μὴ
381 988 589 1059 σφόδρα
616 985 889 1056 δυσσεϐὴς
918 1003 1005 1049 τις
1025 982 1094 1058 ἦν
1122 986 1217 1040 καὶ
1242 984 1489 1054 ἀνόητοςο
1510 984 1670 1055 ἡμεῖς
1692 983 1865 1037 δὲκαὶ

277 1078 521 1133 ἐνταῦθα
551 1075 685 1129 Θεὸν
714 1075 1150 1146 άνυμνήσαντες,
1182 1073 1278 1127 καὶ
1314 1073 1597 1144 μάρτυρας
1625 1071 1751 1133 τοὺς
1775 1070 1867 1143 ἐρ-

275 1172 454 1239 γάτας
490 1169 585 1222 τοῦ
617 1167 915 1238 θαύματος,
949 1167 1035 1235 ἐφ’
1064 1166 1253 1236 ἕτερον
1284 1165 1470 1235 θαῦμα
1490 1163 1592 1236 τὴν
1614 1163 1866 1232 γλῶτταν

273 1260 631 1330 όπλίσωμεν,
689 1256 894 1329 ταύτης
943 1258 1195 1329 ἀρωγοὺς
1236 1257 1362 1321 τοὺς
1413 1255 1522 1309 τῶν
1572 1254 1866 1320 θαυμάτων

272 1351 519 1421 ἐργάτας
561 1348 899 1419 ποιούμενοι.

272 1459 403 1515 NE’.
426 1459 564 1529 Περὶ
583 1457 887 1527 Θεοδώρου
913 1457 1018 1513 τοῦ
1037 1458 1306 1529 Κυπρίου
1326 1458 1435 1529 τοῦ
1465 1459 1583 1513 ἀπο
1611 1457 1867 1529 μαγείας

266 1554 269 1557 λ
504 1527 515 1529 ἡ
688 1531 1006 1598 γεγονότος
1040 1527 1439 1596 λορδόποδος.

344 1621 603 1692 Φοινίκης
633 1622 802 1690 ἐγγὺς
833 1623 867 1692 ἡ
907 1620 1131 1691 Κύπρος
1156 1620 1534 1689 καθέστηκεν,
1571 1620 1777 1692 μεταξὺ
1808 1620 1869 1673 τὸ

278 1716 615 1787 παρθενικὸν
645 1704 845 1785 ἔχουσα
872 1713 1129 1783 πέλαγος,
1147 1715 1288 1784 ὅπερ
1308 1713 1386 1786 τῷ
1406 1713 1486 1768 νοῒ
1510 1711 1868 1768 διαπλεύσαν-

270 1824 386 1873 τας,
408 1808 473 1861 ὲκ
499 1805 751 1876 Φοινίκης
778 1809 845 1875 τῇ
871 1806 1023 1876 νήσῳ
1053 1802 1492 1877 προσϐάλλομεν,
1525 1806 1619 1859 καί⁵
1642 1804 1733 1858 τὸν
1753 1805 1868 1858 Δα-

1964 614 2141 673 sibilis
2175 625 2294 669 erat
2314 615 2680 680 darmonibus,
2700 625 2754 670 et
2774 614 3208 686 experimentum
3228 631 3415 672 eorum
3435 622 3544 677 tate

1964 707 2032 761 de
2079 714 2277 787 caetero
2332 722 2443 762 non
2498 707 2724 778 accepit,
2780 708 2944 778 quale
2992 717 3121 764 ante
3170 708 3440 780 refugium
3476 710 3546 766 ad

1964 798 2165 871 Cyrum
2209 807 2266 854 et
2317 797 2583 854 Joannem
2628 806 2901 870 martyras
2944 799 3251 870 accipiebat
3316 801 3543 857 factum.

1966 889 2178 962 Opinor
2204 898 2387 946 autem
2420 898 2475 945 et
2508 890 2679 961 ipsam
2714 890 2817 946 hoc
2844 890 3114 945 miraculo
3139 890 3464 961 profecisse,
3496 890 3548 947 si

1966 983 2237 1037 duntaxat
2268 982 2536 1037 veraciter
2564 989 2683 1036 erat
2728 982 2874 1047 laesa,
2921 981 3004 1036 vel
3045 982 3090 1037 si
3140 997 3249 1037 non
3296 983 3547 1054 quaadam

1966 1073 2123 1130 valde
2154 1075 2435 1130 insensata
2460 1084 2512 1129 et
2538 1075 2705 1145 impia
2746 1075 2978 1131 exstitit.
3008 1074 3180 1130 Porro
3222 1090 3322 1131 nos
3366 1084 3420 1131 ct
3458 1076 3549 1131 hic

1968 1166 2102 1234 Deo,
2131 1175 2186 1223 et
2210 1167 2461 1223 miraculi
2496 1166 3119 1239 operatoribushvmnis
3141 1165 3546 1233 benedici-utea,

1971 1259 2039 1313 ad
2068 1260 2219 1314 aliud
2244 1259 2568 1343 miraculum
2612 1259 2857 1331 linguam
2892 1274 3196 1321 atmcmus,
3229 1257 3397 1328 hujus
3453 1258 3551 1312 ad-

1964 1351 2178 1422 jutores
2202 1348 2595 1406 miraculorum
2633 1352 2921 1422 cperarios
2956 1352 3246 1406 facientes.

2039 1462 2151 1519 LV.
2181 1464 2254 1519 De
2282 1463 2553 1520 Theodoro
2582 1465 2785 1588 Cypri?!
2813 1465 2904 1534 qui
2935 1482 2969 1519 a
2998 1466 3173 1536 magia
3197 1466 3373 1535 facta:
3403 1478 3479 1521 ut

2691 1554 2739 1588 01
2793 1554 2875 1588 ιιι.

2691 1554 2875 1589 οιαιιε.

2043 1622 2304 1678 thuice
2348 1624 2597 1695 proxima
2636 1625 2849 1696 Cyprus
2905 1632 3106 1690 exstat,
3164 1626 3551 1697 interpositum

1971 1713 2183 1770 habens
2206 1715 2587 1784 parthenicum
2608 1714 2855 1786 pelagus,
2884 1714 3030 1785 quod
3073 1715 3261 1771 animo
3289 1717 3554 1789 navigan-

1974 1813 2078 1872 tes,
2116 1821 2147 1860 a
2200 1803 2458 1867 Phoenice
2497 1806 2552 1860 in
2582 1807 2842 1861 insulam
2897 1807 3172 1873 venimus,
3200 1817 3253 1861 et
3294 1807 3554 1880 Lapitttio

274 1901 457 1954 πίθιον
490 1897 790 1969 εὑρηκότες
821 1898 1119 1970 Θεόδωρον,
1146 1899 1239 1953 καὶ
1268 1899 1335 1952 τά
1370 1897 1492 1952 κατ’
1518 1897 1680 1952 αὐτὸν
1711 1897 1866 1967 ἀκρι-

1976 1896 2199 1952 invento
2224 1894 2538 1962 Theodoro,
2562 1904 2617 1953 et
2643 1896 2728 1953 his
2757 1911 2876 1967 quae
2900 1897 3047 1951 illius
3080 1905 3211 1952 sunt
3245 1896 3555 1953 districtius

273 1994 386 2058 σῶς
428 1993 849 2064 ἐρευνήσαντες,
889 1990 1028 2056 πρὸς
1073 1991 1351 2062 εὐφημίαν
1384 1988 1491 2044 τῶν
1531 1988 1867 2059 δεδρακότων

273 2086 713 2158 συγγράζάομεν·
769 2084 977 2154 Ἰατρὸς
1015 2084 1230 2155 ὑπῆρχε
1283 2083 1594 2156 Θεόδωρος,
1627 2084 1719 2138 καὶ
1767 2081 1867 2155 τὴν

268 2179 471 2249 τέχνην
509 2177 822 2247 εὐδόκιμος,
855 2176 951 2229 καὶ
994 2176 1081 2230 διὰ
1125 2175 1283 2229 τοῦτο
1314 2174 1663 2248 περίφημος’
1715 2168 1868 2237 οὗτος

269 2271 384 2325 ἀπὸ
421 2270 658 2340 μαγείας
713 2268 971 2337 ἀκίνητος
1030 2267 1318 2336 γίγνεται,
1368 2269 1463 2320 καὶ
1513 2266 1609 2320 τοῦ
1660 2263 1867 2327 πάθους

269 2363 545 2431 ἀγνοήσας
575 2360 636 2412 τὸ
670 2360 870 2423 αἴτιον,
906 2360 1101 2411 ἑαυτὸν
1148 2357 1477 2428 θεραπεύειν
1510 2355 1865 2421 ἐσπούδαζεν,

176 2494 185 2500 .
269 2453 463 2506 ἐκεῖνα
494 2450 688 2514 ποιῶν,
721 2450 870 2520 άπερ
900 2448 1066 2503 αὑτὸν
1106 2448 1377 2520 ἰατρεύειν
1405 2447 1681 2518 ἐνόμιζεν,
1711 2448 1806 2500 καὶ
1833 2445 1869 2500 ἃ

273 2541 546 2604 παθόντας
576 2540 817 2611 ἑτέρους,
868 2540 928 2593 οὐ
980 2539 1239 2609 μαγείαν,
1289 2538 1406 2593 ἀλλ’
1440 2539 1640 2610 ἀργίαν
1667 2537 1865 2608 μελῶν,

271 2633 653 2704 προσενέγκας
709 2631 1033 2702 ὠφέλησεν·
1102 2630 1219 2684 ἀλλ’
1259 2629 1336 2693 ὡς
1402 2630 1580 2683 πάντα
1633 2628 1868 2697 ποιήσας

270 2722 457 2792 ἑαυτῷ
482 2724 583 2793 τῆς
616 2722 775 2776 νόσου
801 2720 904 2792 τὴν
931 2720 1108 2792 φυγὴν
1139 2720 1242 2773 οὐκ
1271 2719 1628 2792 ἐϐράβευσεν,
1656 2719 1757 2789 τῆς
1783 2720 1871 2771 τέ-

269 2832 411 2886 χνης
454 2812 717 2881 ἐγνωκὼς
767 2814 868 2885 τὴν
915 2812 1226 2878 ἀσθένειαν,
1259 2811 1445 2884 Κύρου
1481 2810 1733 2883 πρόσφυξ
1776 2812 1872 2864 καὶ

283 2904 538 2957 Ἰωάννου
567 2900 915 2970 καθίσταται,
947 2901 1056 2957 τῶν
1100 2901 1439 2971 φυγαδεῦσαι
1468 2901 1783 2972 δυναμένων
1806 2903 1871 2955 τὸ

223 3014 229 3019 ‘
272 2994 493 3067 νόσημα
518 3033 533 3058 ,
576 2994 671 3047 καὶ
713 2994 1050 3065 χαρίσασθαι
1090 2994 1169 3067 τῷ
1208 2994 1453 3049 νοσοῦντι
1489 2995 1592 3068 τὴν
1630 2995 1797 3050 ἴασιν.

344 3083 598 3137 Ἐλθόντι
626 3081 738 3153 γὰρ
768 3082 915 3155 αὐτῷ
950 3081 1072 3136 καθ’
1110 3081 1276 3136 ὕπνον
1319 3085 1367 3136 οξ
1414 3083 1691 3156 μάρτυρες
1739 3082 1869 3152 φαί-

273 3193 501 3242 νονται,
535 3177 632 3229 καὶ
678 3176 943 3245 φανέντες
990 3174 1053 3228 τὸ
1103 3175 1274 3238 πάθος
1320 3176 1481 3240 εὐθὺς
1533 3174 1870 3246 φυγαδεύου-

1975 1987 2365 2058 perscrutatis,
2425 1988 2542 2043 haec
2594 1986 2663 2042 ad
2710 1987 2928 2043 laudem
2977 2002 3172 2043 eorum
3207 1988 3303 2059 qui
3342 1990 3554 2061 operati

1971 2089 2105 2136 sunt
2144 2079 2584 2137 conscribamus.
2622 2077 2869 2135 Medicus
2896 2089 3015 2135 erat
3059 2078 3409 2147 Theodorus,
3465 2096 3557 2136 ar—

1971 2182 2135 2244 teque
2166 2175 2304 2239 bene
2332 2172 2620 2243 probatus,
2653 2184 2707 2227 et
2754 2172 2961 2227 idcirco
3005 2171 3210 2244 ubique
3282 2171 3553 2229 famosus.

1971 2263 2072 2322 Hic
2113 2280 2144 2319 a
2171 2265 2350 2337 magia
2416 2264 2716 2337 immobilis
2760 2264 2840 2331 fit,
2903 2279 3240 2336 causamque
3274 2265 3554 2336 passionis

1972 2355 2260 2423 ignorans,
2285 2355 2643 2423 semetipsum
2679 2367 2877 2407 curare
2905 2352 3181 2420 studebat,
3215 2354 3308 2409 illa
3345 2352 3555 2411 faciens

1972 2460 2094 2515 quae
2122 2460 2181 2500 se
2215 2443 2330 2499 fore
2385 2453 2647 2498 sanatura
2673 2445 2953 2514 sperabat,
3008 2452 3062 2498 ct
3113 2460 3234 2517 qua:
3284 2445 3407 2501 aliis
3446 2461 3554 2501 non

1972 2537 2232 2606 magiam,
2281 2538 2375 2590 sed
2426 2535 2762 2591 otiositatem
2804 2535 3176 2592 membrorum
3222 2531 3555 2607 patientibus

1974 2642 2117 2701 saepe
2198 2626 2434 2684 afferens
2478 2626 2707 2698 profuit.
2758 2625 2864 2683 Sed
2920 2643 3043 2684 cum
3105 2628 3290 2684 omnia
3335 2627 3557 2688 fecisset

1974 2721 2132 2793 [quin
2168 2735 2197 2774 a
2220 2736 2279 2776 se
2319 2720 2569 2776 morbum
2603 2720 2931 2791 depelleret,
2970 2722 3110 2779 artis
3136 2721 3380 2795 cognita]
3406 2722 3559 2779 inﬁr-

1973 2814 2166 2868 mitate
2208 2811 2339 2884 Cyri
2374 2811 2712 2883 Joannisque
2759 2813 3027 2884 profugus
3054 2815 3430 2881 constituitur,
3459 2832 3557 2871 va-

1972 2900 2206 2956 lentium
2245 2910 2300 2958 et
2338 2902 2655 2972 languorem
2696 2900 2906 2974 fugare,
2944 2908 2998 2958 et
3027 2902 3306 2976 languenti
3343 2907 3556 2963 sanita-

1972 2999 2081 3049 tem
2113 2992 2342 3049 donare.

2046 3082 2235 3155 Itaque
2265 3084 2502 3142 venienti
2540 3084 2591 3143 ei
2625 3094 2897 3159 martyres
2926 3086 2980 3143 in
3029 3087 3151 3145 visu
3195 3087 3471 3153 videntur,
3502 3098 3555 3146 et

1975 3177 2076 3233 visi
2100 3178 2413 3247 passionem
2445 3179 2713 3234 continuo
2763 3177 2957 3249 fugant
3028 3181 3133 3237 hoc
3193 3180 3558 3237 medicamine

277 3287 386 3327 σιν.
443 3267 599 3341 [(521
660 3269 783 3332 Ὑὸς
831 3268 1111 3339 πνεύμονα
1144 3268 1329 3322 λαϐεῖν
1381 3269 1665 3325 κελεύουσι
1691 3269 1731 3344 ,]
1769 3270 1865 3325 καὶ

1974 3270 2078 3324 usi.
2128 3267 2289 3325 Porci
2351 3263 2714 3341 pneumonen‘t
2781 3285 3022 3341 sumere,
3065 3281 3120 3330 et
3155 3282 3365 3332 torrere
3408 3274 3557 3330 hunc

276 3362 483 3434 φρύξαι
530 3361 702 3431 πυρὸς
756 3360 948 3414 τοῦτον
1005 3363 1064 3414 ὲν
1120 3359 1399 3432 ἄνθραξιν,
1439 3363 1532 3414 καὶ
1586 3362 1866 3431 φρυγέντα

279 3456 381 3509 σὺν
410 3454 541 3525 οἴνῳ
591 3454 783 3506 λεᾶναι
843 3452 939 3505 καὶ
994 3450 1202 3521 χρίσαι.
1270 3452 1487 3523 Ἐπειδὴ
1517 3451 1575 3506 δὲ
1630 3453 1729 3524 τὴν
1767 3454 1868 3524 χά-

278 3566 369 3620 ριν
413 3546 522 3600 Εδει
568 3546 643 3618 μὴ
678 3545 847 3616 ἀτελῆ
893 3544 1020 3608 τοὺς
1065 3544 1254 3612 άγίους
1295 3544 1683 3617 δωρήσασθαι,
1738 3544 1873 3601 Θεό.

275 3638 453 3709 δωρον
506 3638 607 3709 μὲν
658 3638 776 3701 τοῖς
829 3636 1147 3707 είρημένοις
1202 3638 1425 3692 ίάσαντο
1482 3636 1867 3709 βοηθήμασιν

276 3728 649 3799 γνωρίσαντες
670 3725 728 3779 δὲ
758 3725 852 3779 τὸν
887 3724 1265 3796 μαγεύσαντα,
1293 3724 1480 3780 καὶτὰ
1509 3724 1611 3795 τῆς
1636 3724 1871 3794 μαγείας

278 3818 729 3893 θεραπεύσαντες
778 3816 992 3890 ὄργανα
1022 3858 1036 3883 ,
1080 3816 1172 3871 τὸν
1219 3816 1518 3888 δεδρακότα
1563 3815 1685 3869 κατ’
1711 3815 1871 3881 ἀξίαν

276 3911 643 3983 ἀμείϐονταιο
696 3911 787 3963 ὅτε
846 3910 957 3981 γὰρ
1002 3909 1329 3964 ὲνσκευάσαι
1376 3908 1642 3980 Θεοδώρῳ
1697 3925 1869 3980 προσ-

277 4005 510 4058 έταττον
543 4002 605 4056 τὸ
631 4002 910 4073 βοήθημα,
940 4002 1035 4057 καὶ
1066 4002 1241 4071 τούτῳ
1268 4002 1626 4073 συνεμίγνυον
1660 4001 1739 4072 τῷ
1780 4018 1873 4055 κε-

276 4093 568 4164 λεύσματι,
604 4092 976 4157 Ἀπόστειλον,
1004 4093 1274 4161 λέγοντες,
1297 4092 1418 4146 τινὰ
1438 4091 1545 4147 τῶν
1574 4108 1656 4145 σοι
1687 4092 1871 4146 διακο-

278 4184 561 4255 νουμένων
591 4185 672 4245 είς
715 4181 979 4249 Λάπιθον,
1006 4182 1101 4236 καὶ
1127 4181 1234 4253 πρὸ
1258 4180 1353 4235 τοῦ
1383 4180 1638 4243 κοιτῶνος
1656 4180 1750 4233 τοῦ
1777 4178 1871 4233 σοῦ

277 4273 436 4346 παρὰ
459 4273 520 4327 τὸ
552 4271 827 4344 πρόθυρον
857 4272 1066 4343 σκάψαι
1099 4270 1352 4337 διάταξον
1372 4258 1395 4301 ”·
1432 4273 1612 4326 ἐκεῖσε
1642 4272 1752 4343 γὰρ
1782 4272 1873 4324 εὖ·

279 4368 447 4440 ρήσει
473 4366 535 4419 τὸ
566 4365 661 4419 τοῦ
693 4364 1017 4435 δεδρακότος
1051 4363 1441 4436 κακούργημα,
1476 4363 1581 4417 ὑπὸ
1624 4363 1686 4417 τὸ
1735 4365 1871 4433 πρό-

276 4455 451 4528 θυρον
493 4454 713 4524 ἀφανῶς
758 4452 1200 4526 καλυπτόμενον·
1249 4454 1278 4508 δ
1321 4455 1418 4508 καὶ
1444 4454 1869 4527 φανερούμενον,

277 4549 449 4611 εὐθὺς
492 4550 707 4619 ἀναιρεῖ
734 4549 827 4603 τὸν
855 4550 1183 4619 ποιήσαντα.
1230 4547 1459 4618 Πέμψας
1500 4547 1559 4600 δὲ
1588 4546 1868 4618 Θεόδωρος
1903 4592 1943 4647 θ

274 4639 356 4704 ὡς
387 4637 710 4693 κεκέλευστο
748 4639 888 4692 κατὰ
918 4640 1010 4692 τὸν
1046 4639 1307 4709 λεχθέντα
1337 4639 1523 4703 τόπον,
1557 4638 1617 4691 τὸ
1640 4636 1740 4708 τῆς
1770 4639 1870 4709 ἀρ-

279 4730 525 4801 ρωστίας
571 4730 827 4803 εὕρισκεν
871 4730 1046 4785 αἴτιον
1066 4746 1080 4759 ·
1127 4732 1223 4786 καὶ
1246 4729 1404 4785 τοῦτο
1433 4730 1619 4799 φανὲν,
1653 4732 1867 4801 ἀφανὴς

276 4822 488 4887 εὐθέως
521 4824 549 4875 ό
577 4824 966 4893 κακουργήσας
1000 4822 1217 4892 ἐγένετο
1236 4861 1253 4886 ,
1286 4822 1519 4875 θανάτου
1547 4819 1737 4876 τοῦτον
1765 4838 1870 4873 πα-

278 4914 549 4987 ραχρῆμα
581 4913 936 4984 συλήσαντος,
972 4913 1067 4966 καὶ
1103 4911 1399 4984 μαρτύρων
1431 4914 1572 4984 ῥοπῇ
1600 4898 1690 4965 τὸν
1736 4910 1868 4964 Θεό-

274 5006 455 5079 δωρον
502 5005 912 5075 ὲκδικήσαντος.
961 5004 1212 5077 Ἐὁραῖος
1261 5005 1306 5057 δ’
1341 5000 1432 5076 ἦν,
1468 5005 1563 5060 καὶ
1607 5005 1864 5076 τοιαύτης

277 5094 609 5166 ὑπολήψεως
640 5096 739 5149 οὐκ
773 5095 1058 5167 ἐλεύθερος
1077 5113 1091 5127 ο
1116 5095 1198 5150 διὸ
1239 5097 1334 5151 καὶ
1370 5095 1480 5149 τῶν
1512 5096 1659 5150 ἰδίων
1689 5096 1866 5167 ἔργων

275 5187 411 5250 τοὺς
437 5186 631 5250 πόνους
656 5187 941 5257 ὲδρέψατο,
973 5187 1287 5258 κατάλληλα
1311 5185 1494 5240 λαόὼν
1523 5188 1588 5257 τῇ
1617 5185 1868 5258 γεωργίᾳ.

275 5277 348 5332 τὰ
377 5277 667 5350 δράγματα
686 5295 701 5308 ·
737 5279 898 5350 ἡμεῖς
924 5278 982 5333 δδ
1002 5279 1111 5334 τῶν
1142 5280 1311 5349 ἁγίων
1335 5279 1395 5333 τὺ
1436 5277 1622 5340 σθένος
1658 5276 1867 5347 θαυμά-

278 5384 499 5434 σαντες,
534 5370 630 5423 καὶ
657 5369 733 5433 ὼς
758 5365 860 5423 οἷοί
887 5371 948 5424 τέ
980 5373 1146 5443 ἐσμεν
1183 5371 1384 5435 αὐτοὺς
1434 5371 1866 5440 ἀνυμνήσαντες,

276 5460 452 5533 ἕτερα
482 5461 664 5515 αὐτῶν
697 5461 797 5516 οὐκ
830 5463 1112 5527 ἐλάττονος
1145 5465 1322 5535 ὁρμῆς
1363 5461 1767 5537 καὶδυνάμεως
1793 5462 1873 5533 τῷ

277 5550 577 5622 γράμματι
614 5552 1035 5622 διαγγείλωμεν.

1968 3360 2112 3432 ignis
2143 3361 2196 3415 iu
2230 3362 2427 3432 prunis
2465 3369 2519 3414 et
2560 3362 2769 3417 torrido
2800 3377 2924 3418 cum
2952 3364 3082 3418 vino
3108 3365 3270 3422 linire
3299 3381 3364 3422 ac
3395 3367 3559 3422 inun-

1967 3466 2096 3521 gere
2136 3452 2380 3506 membra
2424 3467 2547 3522 quae
2603 3454 2973 3522 patiebantur,
3026 3457 3371 3527 praecipiunt.
3414 3458 3552 3524 Quia

1970 3557 2100 3599 vero
2132 3544 2364 3614 gratiam
2398 3545 2688 3614 oportebat
2742 3562 2851 3600 non
2905 3546 3278 3616 imperfectam
3328 3560 3555 3608 sanctos

1968 3637 2198 3700 donare,
2230 3634 2580 3691 Theodorum
2611 3637 2832 3707 quidem
2889 3639 3167 3709 pt'zcdictis
3220 3651 3557 3699 sanaveruut

1972 3726 2218 3793 auxiliis,
2245 3742 2311 3781 eo
2340 3740 2468 3782 vero
2491 3729 2584 3797 qui
2617 3728 2826 3797 magias
2856 3729 3106 3783 exercuit
3167 3730 3378 3801 agnito,
3436 3748 3551 3786 ma-

1970 3819 2186 3889 giaeque
2222 3818 2446 3891 organis
2481 3819 2795 3875 inaniter-itis
2832 3819 3075 3886 effectis,
3096 3820 3313 3891 dignam
3343 3826 3555 3879 auctori

1974 3910 2419 3969 vicissitudinem
2454 3909 2729 3966 tribuunt.
2781 3910 3015 3977 Quando
3071 3912 3217 3966 cuitu
3268 3912 3558 3971 Theodoro

1974 4000 2250 4058 conficere
2306 4002 2707 4059 adminiculum
2771 4016 3170 4074 praeceperunt,
3232 4008 3394 4062 etiam
3455 4009 3559 4064 hoc

1968 4095 2205 4165 jussioui
2262 4096 2591 4164 miscebant,
2636 4094 2807 4162 Mitte,
2830 4097 3075 4163 dicentes
3101 4113 3432 4170 quemquam
3456 4101 3561 4155 nti-

1975 4188 2333 4244 nistrantium
2366 4188 2460 4243 tibi
2491 4188 2558 4244 ad
2593 4176 2887 4259 Lapitlton,
2912 4198 2969 4244 et
3023 4198 3151 4246 ante
3182 4193 3363 4247 cubile
3400 4202 3553 4248 tuum

1974 4295 2086 4349 pra:
2114 4278 2323 4335 foribus
2384 4278 2574 4335 fodere
2616 4283 2864 4351 dispone.
2926 4278 3040 4337 Illic
3071 4282 3215 4338 enim
3250 4282 3561 4341 insidianti

1974 4371 2229 4427 invenies
2318 4370 2647 4425 maleficium
2704 4371 2809 4428 sub
2862 4372 3139 4429 vestibulo
3205 4372 3560 4429 invisibiliter

1974 4469 2330 4529 coopertum;
2360 4459 2507 4531 quod
2533 4461 2945 4517 manifestatum
2983 4477 3132 4530 mox,
3164 4479 3289 4518 eum
3322 4464 3417 4535 qui
3478 4465 3560 4522 fe-

1974 4553 2051 4607 cit
2079 4552 2379 4608 interimct.
2449 4550 2676 4609 Mittens
2704 4564 2886 4609 autem
2916 4550 3237 4609 Theodorus
3264 4556 3410 4613 sicut
3429 4557 3556 4625 jus-

1976 4660 2074 4700 sus
2109 4653 2195 4699 est
2229 4644 2297 4698 ad
2319 4644 2432 4714 jam
2468 4645 2676 4700 dictum
2713 4646 2915 4708 locum.
2970 4646 3308 4704 infirmitatis
3357 4652 3559 4722 reperit

1976 4749 2224 4792 causam.
2275 4735 2341 4789 Et
2374 4735 2475 4791 bac
2500 4747 2821 4807 apparente,
2872 4740 2966 4809 qui
3003 4738 3142 4795 male
3194 4739 3250 4793 id
3297 4751 3557 4811 operatus

1975 4833 2082 4891 est,
2105 4824 2292 4879 statim
2317 4825 2613 4896 disparuit,
2642 4841 2817 4885 morte
2850 4830 2997 4886 hunc
3027 4832 3281 4902 protinus
3310 4833 3558 4904 rapiente

1977 4923 2031 4971 et
2083 4923 2387 4985 martyrum
2441 4927 2578 4973 nutu
2642 4917 2997 4976 Theodorum
3051 4920 3394 4981 defendente.
3447 4924 3556 4982 lle-

1974 5007 2155 5063 braaus
2208 5016 2392 5063 autem
2430 5018 2571 5074 erat,
2617 5022 2673 5066 et
2731 5011 3119 5083 hujuscemodi
3170 5017 3555 5074 mstintationis

1972 5100 2124 5154 nullo
2153 5099 2315 5155 modo
2352 5101 2521 5167 liber;
2560 5114 2781 5175 propter
2813 5107 2959 5176 quod
2987 5117 3042 5162 et
3066 5123 3291 5178 operum
3325 5114 3557 5165 messuit

1976 5193 2324 5261 propriorum
2366 5194 2606 5263 labores,
2650 5210 3023 5269 competentes
3080 5202 3357 5271 accipiens
3412 5206 3558 5272 agri-

1975 5284 2205 5338 culturae
2236 5285 2565 5355 manipulos.
2623 5291 2796 5345 Porro
2846 5307 2949 5348 nos
2994 5304 3312 5350 sanctorum
3359 5296 3558 5353 robm'e

1976 5374 2314 5440 collaudato,
2359 5386 2413 5431 ct
2463 5378 2623 5434 sicuti
2657 5396 2950 5450 possumus
2982 5383 3062 5440 eis
3101 5386 3318 5457 hymnis
3346 5388 3556 5458 glorifi-

1975 5464 2138 5531 catis,
2178 5465 2286 5520 alia
2326 5482 2519 5521 eorum
2554 5486 2663 5524 non
2701 5471 2932 5530 minoris
2965 5486 3148 5533 motus
3187 5486 3352 5550 atque
3379 5476 3554 5534 virtu-

1976 5556 2069 5622 tis,
2097 5556 2201 5613 hoc
2226 5560 2432 5629 scripto
2464 5561 2933 5620 denuntiabituus.

1802 5731 2038 5788 NOTAE.

360 5817 482 5891 (32)
516 5819 733 5875 Inclusa
783 5821 837 5873 in
884 5820 1072 5875 Graeco
1108 5831 1257 5876 textu
1300 5822 1549 5888 deerant,
1579 5839 1700 5896 quat
1726 5833 1907 5882 tamen
1950 5825 2181 5885 Latinus
2212 5832 2567 5887 conservavit.

534 5910 810 5975 ΡΑτιιρι..
862 5911 978 5981 Gtt.
1006 5914 1384 5975 LXXXVII.

3166 5932 3193 5989 1
3208 5883 3280 5990 1's
