3930 6316
2270 225 2328 245 .κ
2339 230 2355 238 ς’

1266 435 1325 492 S.
1368 422 1715 490 SOPHBON
1728 420 1783 479 ΙΙ
1825 415 1995 478 PATI

2110 407 2329 469 acum
2369 400 2773 465 HIEROSOL.
3486 366 3657 444 asia

1984 536 2023 599 Α
2054 528 2204 593 NQ".
2420 520 2716 599 Fewprloy
2736 514 2841 599 τοῦ
2859 510 3128 599 Κυπρίοέλ
3158 505 3267 591 τοῦ
3294 502 3440 567 τοὺς
3456 502 3651 559 πόδας

2220 594 2290 656 ἐξ
2327 577 2632 660 ἓνεργεῖάς
2671 586 2955 654 δαίμονος
2994 577 3481 641 ἀσθενήσαντος.

2124 704 2216 776 Μὴ
2243 701 2557 773 παρίδωμεν
2591 698 2647 751 δέ
2678 694 2767 749 τὸν
2791 693 3086 762 Γεώργιον,
3120 686 3202 739 ἔτι
3237 682 3381 737 κατὰ
3407 680 3508 751 τὴν
3544 679 3655 730 Κύ-

2057 769 2527 865 προν-διάγοντες,
2555 790 2637 841 ὃτι
2665 785 2833 855 πένης
2854 783 3001 835 ἐστὶν
3029 779 3122 831 καὶ
3150 772 3401 843 πτωχείᾳ
3423 769 3652 839 συνέχε-

2057 860 2187 942 ται·
2224 860 2349 939 ἐπεί,
2393 884 2531 954 μήτε
2559 880 2741 950 Κῦρος
2794 873 2956 928 αὐτὸν
2990 870 3087 923 καὶ
3118 868 3374 934 Ἰωάννης
3424 860 3658 931 παρίδον

2060 983 2108 1035 οἱ
2141 951 2587 1052 μάρτυρες,ήάλῖ
2614 970 2690 1033 ὡς
2723 966 3056 1037 φιλόπτωχοι
3086 955 3527 1031 προσελάϐοντο,
3562 951 3662 1002 καὶ

2063 1044 2355 1144 θεραπεία-ς
2383 1066 2646 1136 ἠξίωσαν,
2675 1061 2749 1123 ὡς
2783 1055 3005 1127 ἀληθεῖς
3035 1049 3413 1120 φιλοπένητες.
3472 1044 3662 1110 Γεωρι

2065 1132 2160 1232 γὸς
2189 1162 2297 1233 γὰρ
2326 1132 2455 1230 ἦντὸ
2489 1154 2787 1224 Γεώργιςς,
2817 1149 2909 1201 καὶ
2936 1144 3136 1216 χωρίον
3157 1140 3291 1212 ᾤκει
3324 1141 3392 1209 τῇ
3421 1132 3664 1205 Νεμεσῷ

2069 1225 2474 1326 παρακείμενον
2497 1265 2511 1279 ·
2546 1247 2696 1299 Φαῦα
2726 1245 2786 1296 τὸ
2815 1240 3014 1311 χωρίον
3057 1236 3299 1302 ἐλέγετο,
3327 1229 3427 1284 καὶ
3456 1225 3665 1293 πεντή-

2068 1317 2235 1399 κοντα
2267 1317 2364 1414 μέν
2408 1344 2506 1412 τῆς
2544 1338 2769 1399 πόλεως,
2796 1331 2941 1404 τρισὶ
2970 1329 3028 1383 δέ
3062 1328 3157 1381 καὶ
3185 1326 3359 1395 ἥμισυ
3408 1320 3515 1400 τῆς
3565 1317 3669 1369 θα-

2296 1397 2530 1494 σταδίόίς
2555 1397 2858 1496 διέστηκεν..
2888 1416 3045 1476 Οὕτω
3069 1419 3126 1472 δὲ
3153 1418 3281 1477 τοὺς
3300 1412 3472 1474 πόδας
3491 1397 3670 1479 ’ἠσθέ-

377 450 514 517 3627

450 563 582 619 LVI.
628 562 702 614 De
732 558 950 627 Georgio
990 551 1189 627 Cyprio
1223 550 1313 627 qui
1360 545 1584 627 pedibus
1602 557 1665 596 ea:
1694 553 1879 608 opera-

718 632 853 682 tione
869 620 1142 679 ⁷ιὶαιηιὸηίε
1171 620 1479 689 inﬁrmatus
1507 622 1585 667 est

450 747 566 801 Non
609 752 787 797 autem
823 735 1193 807 despiciamus
1226 727 1524 798 Georgium
1548 723 1727 778 adhuc
1760 719 1813 772 in
1855 716 1954 786 Cy-

383 857 481 912 pro
510 841 819 910 degentem,
854 831 1116 903 quoniam
1164 840 1375 897 pauper
1430 829 1535 884 est,
1603 827 1657 872 et
1713 818 1954 885 egestate

384 931 748 1003 deprimitur;
782 940 907 979 nam
949 937 1047 978 nec
1072 920 1251 991 Cyrus
1290 930 1414 970 eum
1452 922 1505 967 et
1531 911 1776 965 Joannes
1813 918 1955 957 mar—

384 1035 531 1094 Iyrcs
569 1021 954 1088 despexerunt,
988 1011 1081 1067 sed
1125 1019 1183 1064 ut
1215 1015 1484 1061 amatores
1538 1010 1838 1071 pauperum
1872 1008 1959 1048 as-

388 1117 763 1183 sumpserunt,
835 1115 888 1161 et
946 1103 1232 1160 curatione
1288 1098 1513 1168 dignum
1567 1091 1957 1151 exhibuerunt,

387 1217 645 1276 tanquam
711 1200 826 1256 veri
878 1192 1176 1270 pauperum
1232 1201 1523 1246 amatores.
1594 1182 1725 1255 Agri
1782 1180 1962 1234 cultor

387 1269 515 1355 erat
535 1293 826 1365 Georgius,
880 1269 939 1346 et
974 1287 1236 1360 praedium
1293 1279 1575 1336 habitabat
1630 1272 1776 1344 quod
1818 1269 1959 1340 apud

390 1391 677 1445 Nemesum
720 1382 1023 1456 adjacebat.
1087 1378 1268 1432 Phava
1314 1376 1458 1429 idem
1490 1367 1751 1441 praedium
1799 1377 1962 1417 voca-

395 1485 569 1541 batur,
601 1477 747 1549 quod
774 1453 1172 1545 quinquaginta
1204 1465 1422 1538 quidem
1457 1478 1487 1516 a
1516 1459 1760 1520 civitate,
1786 1453 1965 1508 tribus

396 1582 578 1628 autem
609 1545 663 1625 et
684 1565 912 1624 dimidio
948 1561 1144 1619 stadiis
1168 1575 1199 1613 a
1227 1555 1361 1611 mari
1393 1550 1650 1607 distabat.
1698 1545 1966 1599 Prteterea

397 1667 477 1720 sic
540 1659 773 1733 pedibus
832 1652 1104 1724 Georgius
1173 1646 1486 1704 inﬁrmatus
1526 1645 1631 1695 est.
1687 1635 1819 1701 Quae
1875 1646 1971 1701 per

404 1723 566 1826 agros
599 1757 757 1806 erant
795 1723 1137 1815 inspiciebal,
1159 1748 1211 1794 et
1237 1739 1498 1809 leporem,
1522 1742 1582 1786 ut
1630 1723 1969 1785 autumabat,

399 1819 645 1905 ridebat,
697 1845 751 1893 et
786 1836 1009 1889 intuens
1062 1826 1474 1897 insequebatur.
1511 1819 1698 1874 Dulcis
1736 1826 1971 1882 namque

398 1940 482 1987 est
518 1931 631 1984 haac
661 1925 881 1981 venatio
911 1920 1157 1981 rusticis,
1184 1926 1240 1970 et
1260 1914 1499 1969 incitans
1545 1909 1592 1964 si
1649 1900 1969 1977 apparuerit

404 2023 471 2077 ad
515 2016 869 2090 capiendum.
916 2011 1117 2067 Verum
1172 2019 1512 2078 persequens
1561 2013 1669 2071 non
1722 2008 1973 2063 compre-

408 2081 631 2179 hendit;
664 2123 772 2164 non
809 2106 952 2162 enim
983 2112 1100 2158 erat
1128 2101 1282 2170 lepus
1334 2095 1427 2166 qui
1482 2096 1827 2162 apparuerat,
1881 2081 1977 2139 sed

404 2205 628 2275 spiritus
654 2212 911 2271 nequam,
955 2205 1007 2249 et
1037 2192 1318 2248 hominem
1357 2185 1569 2241 odiens.
1598 2181 1772 2236 Porro
1795 2193 1823 2231 a
1849 2190 1977 2230 cur-

413 2307 477 2347 su
505 2290 705 2344 iterum
731 2260 980 2348 cessans,
1017 2279 1181 2350 pedes
1208 2286 1429 2331 movere
1454 2284 1563 2326 non
1595 2271 1832 2338 poterat,
1884 2260 1981 2316 sed

408 2377 702 2435 immobilis
731 2382 857 2446 post
883 2385 1109 2427 cursum
1157 2365 1435 2426 manebat,
1481 2362 1721 2429 leporem
1760 2352 1980 2424 quidem

410 2486 517 2524 non
550 2468 796 2540 capiens,
831 2464 1055 2533 capiens
1075 2453 1474 2525 autem'pedum
1502 2448 1935 2518 obligainentum
1968 2459 1982 2508 ;

411 2565 540 2618 talia
569 2563 713 2617 enim
743 2567 872 2614 sunt
900 2556 1049 2609 illius
1070 2551 1276 2620 leporis
1323 2546 1488 2600 dona.

481 2656 619 2709 Hine
637 2653 705 2706 ad
736 2650 936 2721 Cyrum
968 2653 1023 2701 et
1060 2642 1321 2698 Joannem
1354 2651 1517 2707 super
1535 2635 1794 2688 humeros
1820 2628 1988 2684 Geor-

410 2748 538 2817 gius
575 2750 889 2813 asportatus
917 2736 1161 2798 eﬂertur,
1185 2741 1233 2786 ct
1265 2731 1461 2785 horum
1480 2724 1711 2797 pedibus
1737 2723 1805 2776 ab
1824 2721 1994 2773 alum-

418 2814 505 2894 nis
550 2834 858 2907 projicitur,
899 2836 953 2884 et
978 2837 1224 2896 tempore
1253 2814 1445 2875 multo’
1465 2817 1631 2881 facto,
1683 2827 1857 2891 usque
1884 2825 1993 2880 quo

418 2928 563 2983 Deus
593 2936 646 2982 et
685 2930 1009 2980 sanctorum
1041 2914 1217 2989 gratia
1241 2912 1433 2977 voluit,
1461 2909 1555 2964 tali
1578 2904 1741 2961 modo
1788 2901 1996 2957 sanita-

419 3031 526 3074 tem
558 3016 787 3085 adcptus
816 3020 920 3067 est.
955 3008 1218 3063 Molestus
1253 2998 1646 3061 eratinﬁrmis,
1669 3002 1723 3049 et
1754 2993 1993 3048 laborem

421 3127 530 3166 non
555 3081 776 3164 brevem
803 3100 1099 3174 praestabat
1150 3096 1236 3150 his
1279 3092 1374 3164 qui
1419 3091 1611 3145 talium
1658 3085 1901 3144 studium
1941 3081 1996 3135 in

424 3201 628 3272 templo
659 3172 941 3269 gerebant,
969 3191 1131 3259 citius
1149 3187 1220 3241 ad
1254 3185 1483 3240 latrinas
1516 3181 1763 3242 veniens,
1801 3174 1895 3232 sed
1932 3172 2000 3227 ab

424 3294 510 3349 his
540 3307 648 3347 non
671 3289 835 3343 citius
867 3286 1104 3349 rediens,
1142 3283 1291 3336 itaut
1316 3276 1556 3333 dormire
1587 3274 1641 3327 in
1680 3271 1766 3326 his
1786 3267 1999 3323 .crebro

425 3385 813 3445 dimitteretur,
842 3393 907 3433 eo
956 3374 1100 3446 quod
1133 3372 1327 3428 crebro
1365 3354 1562 3429 abiret,
1608 3371 1662 3419 et
1688 3360 2000 3415 tardaretur

426 3494 492 3534 ex
551 3472 949 3530 consuetudine
1011 3467 1228 3523 sedens.
1298 3462 1505 3516 Taliter
1535 3465 1717 3513 autem
1769 3453 2001 3523 Georgio

432 3575 697 3637 martyres
720 3564 861 3627 viso,
906 3558 971 3613 ad
998 3556 1406 3615 miserationem
1430 3551 1657 3607 veniunt
1676 3556 1730 3603 et
1752 3560 2005 3614 compas-

431 3661 666 3720 sionem,
729 3655 877 3709 etin
928 3650 1141 3706 latrinis
1191 3646 1427 3718 quadam
1476 3642 1564 3697 die
1617 3635 1907 3694 dormienti
1948 3635 2004 3688 in

432 3751 640 3807 somnis
671 3753 931 3817 apparent
959 3744 1202 3798 dicentes
1236 3756 1251 3793 :
1290 3738 1561 3806 «Surgens
1578 3713 1859 3804 egredere,
1876 3736 1929 3782 et
1952 3726 2007 3781 in

434 3842 545 3896 tuis
567 3816 751 3894 dormi
781 3832 1125 3891 stramentis.
1151 3829 1254 3896 Qui
1282 3824 1722 3898 expergefactus,
1751 3827 1806 3875 et
1840 3816 2011 3872 nemi-

439 3946 560 3985 nem
588 3929 804 3990 videns,
840 3924 1038 3979 iterum
1061 3918 1392 3976 dormiebat.
1423 3914 1491 3969 Et
1520 3913 1716 3968 iterum
1740 3914 2011 3977 martyres

440 4025 683 4079 secundo
713 4026 916 4085 astant,
957 4017 1146 4072 eadem
1179 4015 1553 4083 disponentes.
1576 4007 1644 4061 At
1668 4005 1757 4060 ille
1785 4014 2014 4058 conver-

443 4132 536 4174 sus
577 4116 797 4175 lterum,
829 4119 908 4167 ‘et
934 4108 1209 4165 neminem
1270 4119 1466 4159 rursus
1517 4099 1771 4160 intuitus,
1817 4096 2011 4149 iterum

444 4208 687 4265 secundo
716 4204 1050 4260 dormiebat.
1082 4197 1270 4253 Tertio
1310 4202 1493 4250 autem
1532 4189 1710 4247 sancti
1752 4187 1803 4243 ei
1848 4198 2016 4255 appa-

448 4490 501 4543 in
531 4484 738 4540 somnis
753 4472 866 4537 non
897 4478 1115 4550 quidem
1136 4480 1432 4547 praesentes
1462 4466 1681 4524 videbat
1724 4468 2020 4532 martyres,

452 4579 546 4635 sed
576 4576 888 4632 inveniebat
915 4569 1355 4627 benedictionem
1386 4563 1565 4618 datam
1603 4557 1667 4612 ad
1693 4554 2022 4615 sanitatem;
2058 4567 2101 4622 ι)

453 4670 507 4717 ct
522 4660 803 4716 cumhanc
826 4654 1201 4715 manducaret,
1232 4643 1672 4704 convalescebat.
1699 4636 2024 4692 Sanctorum

450 4751 723 4821 jussionis
750 4742 981 4812 memor,
1014 4761 1043 4798 a
1074 4741 1292 4798 latrinis
1325 4737 1521 4805 surgit,
1554 4740 1609 4789 ct
1652 4731 1856 4789 saliens
1889 4724 2022 4786 exit,

455 4845 657 4901 ibidem
690 4842 1009 4911 languorem
1038 4834 1343 4897 dimittens,
1386 4836 1703 4885 sanctorum
1766 4813 2025 4874 virtutem

458 4935 793 5008 gloriﬁcans.
822 4932 1015 4987 Adhuc
1043 4935 1223 4984 autem
1251 4933 1305 4978 et
1332 4923 1581 4992 superest
1632 4915 1760 4977 iste,
1798 4920 1851 4966 et
1886 4923 2030 4961 mar-

460 5007 644 5099 tyrum
684 5031 938 5096 peragrat
964 5020 1248 5090 templum,
1280 5017 1596 5083 languorem
1630 5007 1835 5077 pariter
1855 5010 1909 5056 et
1936 5015 2027 5056 sa-

463 5122 688 5175 nitatem
715 5130 1000 5177 enarrans,
1040 5121 1094 5166 et
1131 5110 1198 5165 ad
1253 5107 1468 5162 laudem
1518 5101 1609 5156 Dei
1682 5105 2036 5153 sanctorum-

465 5229 571 5283 que
626 5209 897 5265 canticum
943 5204 1036 5274 qui
1092 5204 1425 5258 sanavcrunt
1501 5176 1853 5247 commovens
1936 5199 2035 5237 au-

466 5304 695 5359 dientes.

594 5459 751 5514 LVII.
785 5456 856 5510 De
885 5453 1110 5524 Cyriaco
1144 5447 1347 5504 Rhodio
1374 5442 1694 5499 dwmonium
1716 5455 1895 5511 passo.

539 5552 660 5607 Non
723 5558 901 5604 autem
971 5548 1214 5615 ineptum
1243 5549 1328 5597 est
1354 5536 1566 5609 Cyriaci
1629 5535 1791 5590 etiam
1822 5528 2043 5613 'Rhodii

472 5642 655 5697 facere
711 5638 1064 5700 mentionem,
1130 5643 1184 5688 et
1230 5646 1355 5687 cum
1398 5627 1669 5683 insulanis
1727 5604 2042 5678 insulanum

477 5743 893 5791 connumerare,
920 5737 974 5780 et
995 5724 1210 5795 Cypriis
1244 5722 1533 5775 adnectere
1581 5715 1853 5769 Rhodium
1880 5731 1896 5777 ;
1928 5713 2047 5782 plus

480 5822 628 5879 enim
658 5816 1023 5886 congratulari
1051 5814 1334 5870 insulanos
1371 5812 1604 5865 invicem
1640 5806 1846 5877 accepi,
1880 5821 2044 5877 quam

2073 1497 2236 1598 νησεν
2263 1528 2292 1579 ὁ
2315 1523 2588 1595 Γεὼργιος
2608 1536 2621 1549 ο
2658 1519 2726 1571 τὰ
2754 1516 2872 1568 κατ’
2897 1512 3101 1583 ἀγροὺς
3132 1505 3509 1562 ἐπεσκέπτετο
3528 1539 3543 1562 ,
3572 1497 3669 1551 καὶ

2077 1618 2307 1688 λαγωὸν,
2324 1616 2398 1678 ὼς
2413 1612 2682 1683 ἐνόμιζεν,
2706 1608 2955 1670 ἔϐλεπεν,
2973 1596 3310 1656 καὶκατιδὼν
3327 1593 3633 1648 κατεδίωκε
3651 1605 3670 1620 ο

2077 1711 2251 1781 γλυκὺ
2274 1709 2383 1779 γὰρ
2409 1696 2567 1759 τοῦτο
2588 1706 2707 1766 τοῖς
2725 1698 3004 1771 ἀγροίκοις
3033 1693 3095 1747 τὺ
3126 1693 3376 1761 θήραμα,
3402 1687 3497 1739 καὶ
3523 1700 3673 1748 παρ-

2080 1774 2325 1871 οτρῦνον,
2353 1774 2409 1851 εί
2438 1797 2602 1865 φανῇ,
2638 1792 2775 1862 πρὸς
2810 1786 3138 1856 κατάληψινο
3161 1781 3300 1837 ἀλλὰ
3329 1778 3544 1832 διώκων
3574 1774 3677 1826 οὖκ

2007 1871 2046 1927 Β
2075 1866 2266 1948 ἐλαϐεν
2287 1907 2300 1922 ⁸
2333 1891 2394 1943 οὐ
2418 1890 2523 1960 γὰρ
2546 1883 2613 1958 ἦν
2642 1882 2854 1954 λαγωδς
2883 1881 2944 1934 τὸ
2974 1878 3320 1950 φαινόμενον,
3338 1871 3477 1926 ἀλλὰ
3504 1866 3675 1922 πνεῦ-

2084 2001 2162 2057 μα
2193 1981 2430 2054 πονηρὸν
2465 1981 2557 2034 καὶ
2594 1975 3006 2049 μισάνθρωπον.
3039 1967 3384 2037 Τοῦδρόμου
3418 1963 3476 2016 δέ
3513 1960 3685 2013 πάλιν

2081 2075 2457 2145 παυσᾶμενος,
2490 2071 2617 2134 τοὺς
2665 2068 2829 2129 πόδας
2878 2064 3071 2117 κινεϊνί
3098 2061 3198 2113 οὐκ
3245 2056 3499 2126 ἠδύνατο,
3550 2050 3682 2105 ἀλλ’

2093 2143 2351 2235 ἀκίνητος
2389 2161 2528 2232 μετὰ
2552 2158 2751 2229 δρόμον
2776 2155 3027 2225 διέμενε,
3065 2149 3282 2219 λαγωὸν
3332 2145 3431 2215 μὲν
3462 2143 3565 2196 οὐκ
3603 2144 3679 2193 et.

2082 2231 2289 2327 ληφὼς,
2309 2231 2549 2321 εἰληφὼς
2570 2249 2626 2302 δέ
2646 2247 2755 2301 τῶν
2778 2244 2953 2298 ποδῶν
2977 2242 3068 2295 τὸν
3095 2239 3392 2306 ἐπίδεσμον
3407 2251 3420 2263 ·
3450 2231 3681 2286 τοιαῦτα

2085 2349 2194 2419 γάρ
2231 2348 2376 2399 ἐστιν
2414 2343 2628 2396 ἐκείνου
2668 2337 2762 2392 τοῦ
2800 2333 3016 2403 λαγωοῦ
3055 2332 3125 2385 τὰ
3163 2329 3509 2402 χαρίσματα.

2160 2614 2446 2671 Ἐντεῦθεν
2476 2612 2569 2666 ἐπῖ
2600 2611 2784 2682 Κῦρον
2813 2607 2908 2661 καὶ
2944 2606 3198 2674 Ἰωάννην
3235 2604 3363 2664 τοὺς
3396 2580 3684 2672 μάρτυρας

2091 2707 2178 2759 ἐπ’
2206 2705 2371 2775 ὤμων
2420 2701 2712 2772 αἰρόμενος
2754 2699 2783 2750 ὁ
2836 2694 3109 2765 Ιέὡργιος
3154 2693 3371 2760 ἄγεται,
3426 2690 3525 2744 καὶ
3574 2692 3684 2751 τοῖς

2092 2797 2297 2851 τούτων
2330 2794 2488 2846 ποσὶν
2539 2790 2643 2844 ὑπὸ
2679 2790 2786 2842 τῶν
2834 2785 3195 2858 θρεψαμένων
3240 2781 3690 2854 προσρίπτεταιο

2095 2886 2190 2940 καὶ
2218 2886 2409 2957 χρόνον
2436 2885 2667 2953 ποιήσας
2693 2880 2887 2950 συχνὸν
2907 2880 3011 2940 ἕως
3033 2870 3093 2929 οὗ
3116 2877 3245 2940 Θεὸς
3270 2876 3362 2928 καὶ
3385 2874 3493 2927 τῶν
3517 2874 3693 2941 ἁγίων

2096 2981 2131 3047 ή
2159 2978 2323 3048 χάρις
2352 2974 2637 3045 ἠϐούλετο,
2671 2972 2820 3025 τόνδε
2846 2969 2938 3022 τὸν
2971 2962 3174 3039 τρόπον
3205 2968 3306 3037 τῆς
3347 2966 3549 3029 ἰάσεως
3571 2965 3696 3017 Etu-

2098 3085 2221 3141 χενσ
2245 3066 2522 3136 Ἐπαχθὴς
2565 3065 2812 3136 ὑπῆρχεν
2841 3063 2914 3125 ὡς
2947 3061 3249 3132 ἄρρωστος,
3284 3060 3379 3110 καὶ
3429 3058 3602 3111 κόπον
3632 3056 3703 3109 οὐ

2107 3160 2314 3232 βραχὺν
2361 3160 2474 3221 τοῖς
2522 3156 2625 3210 ἀνὰ
2665 3156 2758 3207 τὸν
2800 3151 2939 3209 νεὼν
2970 3148 3319 3221 φιλοπονοῦσι
3354 3149 3694 3219 παρείχετο·

2107 3249 2442 3320 ταχέως-είς
2490 3246 2807 3315 ἁφεδρῶνας
2854 3245 3183 3314 ἐρχόμενος,
3215 3242 3312 3295 καὶ
3361 3241 3436 3310 μὴ
3481 3239 3708 3309 ταχέως

2109 3340 2288 3395 αὐτῶν
2319 3338 2671 3408 ἐξερχόμενος
2691 3377 2704 3400 ,
2736 3336 2811 3399 ὡς
2860 3334 3141 3388 καθεύδειν
3192 3331 3453 3393 πολλάκις
3484 3332 3544 3382 ἐν
3571 3330 3704 3382 τού-

2111 3450 2221 3495 τοις
2250 3430 2526 3499 ἀφίεσθαι,
2557 3431 2652 3483 καὶ
2697 3426 3057 3498 ἐμϐραδύνειν
3107 3420 3171 3478 ἐκ
3219 3418 3513 3491 συνηθείας
3559 3420 3709 3474 καθ-

2111 3526 2336 3596 ῆμενον.
2365 3524 2525 3577 Οὕτω
2550 3523 2607 3577 δὲ
2638 3521 2730 3574 τὸν
2760 3522 2797 3573 Γ
2801 3519 3031 3590 εώργιον
3065 3517 3264 3580 ἰδόντες
3305 3518 3363 3570 οἱ
3396 3516 3707 3587 μάρτυρες,

2117 3621 2196 3683 είς
2214 3614 2393 3672 οἶκτον
2414 3616 2662 3687 ἔρχονται
2682 3614 2777 3667 καὶ
2800 3631 2861 3666 συ
2871 3614 3142 3683 μπὲθειαν
3160 3628 3173 3641 '
3196 3614 3288 3663 καὶ
3311 3613 3425 3670 τοῖς
3443 3609 3695 3678 ἁφεδρῶο

2121 3727 2205 3762 σιν
2222 3711 2280 3762 ἐν
2304 3710 2405 3779 μιᾷ
2426 3709 2613 3780 ἡμέρᾳ
2637 3707 3052 3776 καθευδήσαντι,
3082 3709 3139 3759 ἐν
3160 3705 3389 3775 ὀνείροις
3411 3703 3696 3773 φαίνονται

2119 3803 2394 3869 λέγοντεςο
2436 3802 2699 3863 Ἀναστὰς
2728 3799 2887 3865 ἔξιθι,
2920 3800 3014 3851 καὶ
3045 3801 3100 3850 ἐν
3127 3801 3237 3857 τοῖς
3277 3798 3427 3856 ἰδίοις
3463 3794 3699 3847 κάθευδε

2122 3892 2455 3964 στρώμασιν.
2491 3893 2549 3944 '0
2583 3890 2638 3942 δέ
2667 3886 3016 3949 διυπνισθεὶς,
3050 3885 3142 3937 καὶ
3197 3883 3405 3953 μηδένα
3430 3880 3708 3948 θεασάμε-

2122 4000 2234 4047 νος,
2263 3984 2426 4037 πάλιν
2456 3980 2743 4035 ἐκάθευδεν
2764 3995 2778 4008 ·
2810 3980 2903 4031 καὶ
2934 3977 3096 4030 πάλιν
3127 3976 3175 4029 oi
3202 3974 3480 4044 μάρτυρες
3588 3972 3710 4023 δευ-

2123 4074 2284 4144 τέρου
2320 4074 2707 4143 παρίστανται,
2741 4072 2810 4124 τὰ
2840 4069 2978 4123 αὐτὰ
3011 4067 3422 4122 διατάττονται·
3453 4065 3481 4116 ὁ
3514 4063 3571 4115 δὲ
3605 4064 3710 4115 πά-

2126 4167 2208 4219 λιν
2259 4166 2542 4236 στραφεὶς,
2569 4164 2665 4218 καὶ
2718 4162 2921 4233 μηδένα
2971 4159 3131 4214 πάλιν
3184 4157 3327 4222 ίδὼν,
3362 4157 3521 4209 πάλιν
3567 4158 3712 4207 ἐκοι-

2133 4261 2268 4331 μᾶτο
2317 4258 2376 4312 τὸ
2422 4257 2699 4326 δεύτερον.
2738 4256 2834 4307 Ἐκ
2872 4253 3054 4322 τρίτου
3086 4250 3140 4302 δέ
3175 4250 3434 4318 φανέντες
3462 4248 3512 4298 οἱ
3543 4245 3710 4309 ἅγιοι,

2131 4348 2425 4413 πεζεύοντα
2472 4345 2529 4397 δὲ
2568 4342 2689 4396 τῶν
2739 4340 3067 4410 ἁφεδρώνων
3121 4338 3323 4403 ἐξιέναι
3372 4330 3715 4393 κελεύουπν,

2132 4440 2293 4511 ἄρτον
2344 4438 2542 4491 ἐσθίειν
2589 4435 2892 4506 ὀρέξαντες,
2920 4434 2976 4485 '0
3017 4432 3073 4485 δέ
3112 4432 3171 4483 τὸ
3218 4429 3397 4499 τρίτον
3426 4425 3715 4494 γενόμενος

2133 4531 2398 4607 ἀφυπνος,
2426 4528 2522 4598 οὐχ
2579 4526 2724 4595 ἐώρα
2782 4526 2880 4596 μέν
2927 4522 3203 4594 παρόντας
3246 4520 3374 4581 τοὺς
3405 4517 3711 4586 μάρτυρας,

2131 4604 2350 4686 εὕρισκε
2399 4613 2454 4665 δὲ
2504 4612 2600 4681 τὴν
2640 4612 2932 4681 δεδομένην
2966 4610 3220 4677 εὐλογίαν
3250 4607 3389 4677 πρὸς
3423 4607 3587 4666 ἴασιν,
3621 4602 3713 4655 καὶ

2129 4708 2333 4777 ταύτην
2365 4704 2557 4776 φαγὼν
2586 4705 2951 4776 ἁνερώννυτο·
2991 4701 3209 4768 καὶτῆς
3236 4700 3348 4752 τῶν
3377 4698 3549 4765 ἁγίων
3580 4713 3717 4766 μνη-

2135 4799 2401 4869 μονεύσας
2425 4796 2749 4859 κελεύσεως,
2782 4797 2890 4848 τῶν
2924 4793 3251 4864 ἀφεδρώνων
3280 4789 3587 4853 ἀνίσταται,
3619 4787 3714 4839 καὶ

2134 4889 2425 4960 ἀλλόμενος
2455 4889 2656 4954 ἔξεισι,
2685 4889 2862 4940 ἐκεῖσε
2892 4885 3225 4954 καταλείψας
3254 4884 3315 4935 τὸ
3341 4882 3553 4951 νόσημα
3573 4919 3589 4941 ,
3620 4879 3716 4931 καὶ

2135 4983 2240 5037 τῶν
2288 4983 2457 5050 ἁγίων
2489 4982 2725 5045 δοξάζων
2770 4980 2868 5052 τὴν
2897 4980 3145 5048 δύναμιν.
3169 4979 3292 5032 Ἔτι
3336 4976 3395 5028 δὲ
3440 4975 3533 5028 καὶ
3562 4965 3718 5034 οὗτος

2138 5076 2407 5145 περίεστι,
2435 5076 2534 5153 καὶ
2570 5072 2852 5144 περιπολεῖ
2893 5072 3001 5124 τῶν
3036 5069 3328 5141 μαρτύρων
3366 5065 3428 5119 τὸ
3467 5065 3713 5133 τέμενος,

2138 5167 2233 5236 τὴν
2263 5167 2415 5229 νόσον
2440 5160 2574 5234 ἔδμοῦ
2613 5166 2704 5218 καὶ
2732 5166 2828 5235 τὴν
2861 5165 3002 5216 ἴασιν
3034 5160 3423 5233 διηγούμενος,
3454 5159 3549 5210 καὶ
3580 5155 3718 5225 πρὸς

2141 5257 2287 5313 αἶνον
2331 5258 2487 5324 Θεοῦ,
2520 5258 2615 5310 καὶ
2645 5256 2753 5309 τῶν
2782 5252 3090 5324 ἰασαμένων
3138 5254 3307 5319 ἁγίων
3354 5250 3496 5321 ᾠδὴν
3551 5248 3719 5301 κινῶν

2140 5354 2266 5414 τοὺς
2305 5350 2620 5411 ἀκούοντας.

2178 5444 2300 5496 NZ'.
2330 5441 2465 5510 Περὶ
2490 5441 2785 5509 Κυριακοῦ
2824 5440 2929 5492 τοῦ
2983 5439 3205 5492 Ῥοδίαν
3243 5433 3682 5506 δαιμονιῶντος.

2218 5535 2332 5585 Οὐκ
2359 5535 2586 5602 ἄκαιρον
2612 5530 2666 5583 δὲ
2695 5533 2791 5582 καὶ
2826 5529 3107 5601 Κυριακοῦ
3136 5527 3227 5580 τοῦ
3266 5525 3470 5578 Ῥοδίου
3502 5525 3722 5594 μνήμην

2149 5625 2500 5695 ποιήσασθαι,
2534 5623 2628 5674 καὶ
2675 5625 2786 5684 τοῖς
2837 5621 3129 5691 νησιώταις
3163 5619 3255 5671 τὸν
3283 5614 3556 5685 νησιώτην
3600 5631 3725 5665 συν-

2150 5717 2577 5788 αριθμήσασοαι,
2610 5715 2704 5767 καὶ
2736 5717 2846 5775 τοῖς
2875 5711 3147 5781 Κυπρίοις
3177 5708 3433 5771 συντάξαι
3462 5706 3556 5757 τὸν
3606 5704 3723 5756 Ῥό-

2153 5810 2294 5863 διοι·
2331 5807 2512 5861 πλεῖον
2540 5808 2649 5876 γὰρ
2680 5807 2888 5876 χαίρειν
2908 5805 3033 5866 τοὺς
3056 5801 3324 5873 νησιώτας
3347 5797 3598 5869 ἀλλήλοις
3628 5795 3729 5847 ὐπ-
