3930 6316
213 397 360 477 ἕὸἓθ

1215 418 1317 475 ss.
1353 400 1527 476 cm
1560 398 1655 475 ET
1690 402 2011 475 JOANNIS
2051 404 2465 475 MlllACULA.

3353 413 3495 479 365:0

216 524 438 597 είληφα,
472 525 505 597 ἢ
534 526 789 597 χαίρουσι
833 527 946 585 τοῖς
983 525 1044 579 ού
1080 526 1376 595 νησιώταις
1425 526 1811 597 τυγχάνουσιν.

1921 527 2372 596 congratulentur
2399 527 2451 581 hi
2492 528 2583 598 qni
2639 542 2745 581 non
2774 533 2905 584 sunt
2936 528 3196 583 insulani.
3232 529 3494 600 (lyriacus

215 617 499 684 Κυριακδς
525 617 706 669 τοίνυν
725 616 755 668 6
782 615 984 680 Ῥόδιος
1015 616 1293 685 δαιμόνων
1324 614 1480 687 ἔσχεν
1500 614 1814 687 ἀκάθαρτον

216 708 314 761 καὶ
342 708 452 761 τῶν
496 708 762 761 πλειόνων
797 707 932 761 πολὺ
973 707 1380 780 χαλεπώτερον,
1412 708 1606 779 ἄγριόν
1633 726 1692 761 τε
1722 710 1816 761 κα)⁸

218 798 630 869 μισάνθρωπον,
654 799 748 851 καὶ
771 798 986 861 πολλοῖς
1010 799 1175 853 αὐτὸν
1196 798 1526 868 περιῦἀλλον
1549 798 1819 869 συμπτώ-

220 903 419 959 μασιν·
451 888 550 942 καὶ
582 888 847 952 πολλάκις
877 889 944 942 ἂν
976 889 1077 959 τῆς
1105 888 1254 959 ζωῆς
1284 889 1490 962 ταύτης
1518 891 1680 945 αὑτὸν
1712 895 1817 945 ἀπέ

218 980 549 1051 εστέρησεν,
577 979 627 1031 εί
662 978 737 1050 μὴ
767 977 1001 1049 Χριστὸς
1031 981 1086 1032 ‘6
1132 979 1242 1033 τῶν
1269 980 1406 1034 ὅλων
1438 981 1694 1052 κηδεμὼν
1723 982 1815 1034 καὶ

218 1072 321 1141 τῆς
350 1070 699 1141 ἀνθρωπείας
731 1070 951 1139 φύσεως
979 1071 1155 1140 φύλαξ
1184 1071 1523 1136 άνύστακτος
1546 1073 1815 1144 ἐπιτιμῶν

218 1160 536 1214 διεκώλυεν.
564 1159 700 1214 Ούτε
745 1160 856 1233 γάρ
897 1161 1193 1232 ἡσυχάζειν
1219 1166 1312 1216 καὶ
1350 1164 1485 1236 πρὸς
1523 1165 1701 1234 ὀλίγον
1729 1166 1816 1219 εἷα

218 1254 314 1304 τον
342 1251 651 1324 ἄνθρωπον,
670 1251 793 1308 οὔτε
819 1253 1042 1323 δεσμοῖς
1072 1254 1491 1320 ὑποτάττεσθαι,
1511 1255 1636 1310 οὔτε
1664 1256 1819 1329 σιδη-

222 1344 347 1410 ραῖς
374 1342 712 1396 ὑποκύπτειν
743 1343 1022 1409 ἀλύσεσιν,
1058 1343 1185 1397 οὔτε
1209 1347 1323 1409 τοῖς
1356 1345 1539 1409 ἀλλοις
1565 1346 1815 1417 μηχανήέ

221 1449 396 1501 μασιν
428 1433 784 1503 φράττεσθαι,
816 1428 899 1497 οἷς
946 1437 993 1487 oi
1023 1433 1257 1488 τοιοῦτοι
1290 1435 1570 1503 πεφύκασι
1601 1452 1816 1507 σωφρο-

218 1522 505 1587 νίζεσθαι,
559 1524 678 1578 ἀλλ’
713 1521 782 1596 ἦν
825 1526 990 1597 ἀδεής
1038 1543 1097 1579 τε
1134 1526 1230 1579 καὶ
1272 1526 1493 1595 ἀφοὸος,
1540 1527 1815 1598 λογισμῶν

219 1614 454 1686 ἔρημος,
495 1617 593 1669 καὶ
631 1617 814 1687 πάσης
854 1616 1093 1681 διανοίας
1131 1618 1367 1689 ὀρφανὸς
1391 1619 1487 1671 καὶ
1511 1619 1813 1691 ἀλλότριος.

293 1709 494 1772 Βιαίως
518 1708 595 1761 οδὲ
630 1708 775 1762 πάνυ
819 1710 957 1779 προς
992 1710 1177 1778 Κῦρον
1218 1711 1405 1780 ἀχθεὶς
1433 1711 1526 1764 καὶ
1557 1712 1815 1782 Ἰωάννην

217 1800 352 1863 τοὺς
410 1800 723 1871 μάρτυρας,
775 1801 872 1854 τοῦ
916 1801 1170 1872 δαίμονος
1219 1802 1621 1873 ἀπηλλάττετοο
1671 1804 1814 1858 κατά

220 1867 543 1964 βραχὺῖγάρ
576 1867 669 1946 τὸν
702 1893 964 1963 λογισμὸν
990 1867 1459 1966 καταστήσαντες,
1487 1895 1582 1947 καὶ
1622 1896 1688 1948 τά
1720 1896 1813 1949 άν-
1840 1867 1889 1927 Β

218 1985 458 2056 θρώπων
477 1985 626 2055 αύτῷ
649 1988 871 2057 φρονεῖν
895 1987 1238 2058 ἐχαρίσαντο.
1266 1986 1423 2040 Οὕτω
1456 1987 1514 2040 δὲ
1538 1986 1817 2051 διαθέντες

216 2080 314 2133 τὸν
342 2080 630 2152 ἄνθρωπον
658 2081 999 2153 οἰκτροτάτῳ
1021 2083 1319 2153 φαρμάκῳ,
1341 2083 1436 2136 καὶ
1458 2064 1815 2153 τὸλδαιμόνιον

216 2170 601 2236 ὲκδιώκουσιν,
632 2172 804 2237 δεῖξαι
829 2172 969 2243 τάχα
996 2172 1312 2245 βουλόμενοι
1335 2174 1428 2229 τοῦ
1451 2173 1696 2245 Πονηροῦ
1715 2174 1821 2243 τὴν

217 2261 535 2317 ἀσθένειαν.
571 2264 724 2334 Κρέα
753 2263 862 2335 γάρ
896 2264 1122 2334 μόσχεια
1168 2265 1353 2318 λαϐεῖν
1398 2266 1814 2335 ἐπιτρέψαντες,

216 2354 453 2426 ἄνθραξι
510 2372 568 2408 τε
618 2354 791 2409 ταῦτα
840 2357 1183 2426 καταφλέξαι
1228 2357 1658 2428 προστάξαντες,
1718 2357 1815 2409 σὺν

216 2448 351 2518 οἴνῳ
394 2447 583 2501 λεᾶναι
618 2449 714 2502 καὶ
748 2448 936 2520 χρῖσαι
990 2450 1049 2502 τὸ
1094 2449 1255 2520 σῶμα
1286 2449 1674 2514 θεσπίζουσινο
1720 2449 1817 2502 καὶ

214 2537 382 2591 τοῦτο
409 2537 688 2609 Κυριακοῦ
737 2538 799 2592 τὸ
828 2541 992 2610 τάχος
1022 2540 1368 2608 ποιήσαντος,
1396 2537 1626 2610 φροῦδον
1657 2538 1817 2601 εὐθὺς

217 2628 417 2698 γέγονε
467 2629 529 2682 τὺ
576 2630 887 2700 δαιμόνιον,
923 2630 984 2684 οὐ
1034 2631 1097 2683 τὸ
1145 2631 1438 2701 φάρμακον
1472 2630 1747 2693 δειλιάσας
1788 2632 1817 2684 6

218 2720 435 2792 δαίμων
465 2722 494 2775 6
525 2721 808 2787 κάκιστος,
836 2722 974 2776 ἀλλὰ
1006 2723 1191 2795 Κύρου
1218 2722 1417 2793 φρίξας
1437 2722 1532 2776 καὶ
1567 2722 1815 2775 Ἰωάννου

217 2814 283 2867 τὸ
317 2812 598 2884 θέσπισμα
616 2828 631 2841 '
656 2814 769 2867 οὐδ’
787 2814 1135 2884 ἀναστρέψας
1161 2814 1243 2867 ἔτι
1272 2815 1411 2882 πρὸς
1436 2813 1672 2884 οἴκησιν,
1694 2813 1818 2867 ἀλλ’

218 2904 376 2961 ἀπίει
408 2903 700 2975 πεφευγὼς
724 2906 805 2968 είς
827 2905 1107 2977 ἀοίκητον,
1142 2908 1239 2960 κα)⁸
1259 2906 1420 2959 ταυτὶ
1453 2904 1590 2975 βοῶν
1617 2904 1815 2958 ἑαυτοῦ

218 2998 283 3051 τὸ
312 2995 587 3067 ἀδύναμον
615 2998 708 3051 καὶ
746 2996 859 3051 τῶν
886 2996 1193 3063 διωξάντων
1223 2999 1322 3068 τὴν
1349 2996 1599 3067 δύναμιν.
1623 2997 1816 3066 Ἡμεῖς

219 3089 283 3143 δὲ
308 3086 388 3159 τῷ
415 3087 803 3159 καθαρισθέντι
831 3089 1223 3160 συγχαίροντες
1245 3127 1261 3155 ,
1296 3089 1395 3141 καὶ
1426 3088 1553 3152 τοὺς
1583 3088 1815 3160 καθαρί-

224 3194 427 3243 σαντας
478 3179 640 3232 αὑτὸν
688 3178 880 3246 ἁγίους
923 3177 1272 3246 δοξάζοντες,
1331 3178 1426 3231 καὶ
1472 3176 1710 3250 Χριστὸν
1755 3180 1815 3232 τὸ

222 3267 440 3324 τοιοῦτο
465 3269 648 3333 αὐτοῖς
676 3269 946 3323 δεδωκότα
990 3268 1053 3321 τὸ
1086 3268 1272 3332 σθένος
1299 3269 1674 3341 γεραίροντες,
1711 3260 1810 3340 άρέ

225 3360 333 3431 χὴν
370 3361 560 3433 ἐτέρου
601 3359 958 3432 ποιησώμεθα
996 3358 1295 3431 θαύματος.

297 3564 432 3618 NH’.
461 3563 597 3631 Περὶ
632 3561 856 3629 Πέτρου
888 3561 991 3631 τοῦ
1029 3559 1290 3631 Ἀμμαὸᾶ
1320 3559 1598 3628 χοιράδας
1628 3560 1808 3629 ἐσχη-

611 3634 803 3695 κότος“
818 3630 952 3699 περὶ
984 3633 1089 3684 τὸν
1124 3629 1445 3698 τράχηλον.

300 3723 505 3794 Πέτρος
528 3723 556 3775 6
576 3722 786 3792 Χάραξ,
825 3720 960 3792 ἀνὴρ
993 3719 1183 3787 γέγονε
1213 3720 1412 3789 τίμιος,
1452 3720 1600 3787 γένει
1630 3719 1687 3772 δὲ
1717 3720 1810 3772 καὶ

229 3815 451 3886 πλούτῳ
485 3816 579 3867 καὶ
605 3814 866 3885 φρονήσει
917 3804 1311 3882 γαυρούμενος,
1354 3811 1447 3863 καὶ
1476 3812 1668 3883 τρίτης
1693 3812 1809 3864 Πα-

229 3906 515 3975 λαιστίνης
542 3903 770 3975 (ταύτης
807 3903 919 3974 γάρ
946 3903 1099 3964 πόλις
1128 3901 1244 3953 ἐστὶ
1291 3900 1362 3954 τὰ
1404 3901 1806 3973 Χαράγματα),

229 3998 519 4067 τυγχάνων
544 3994 812 4057 ἐπίδοξος,
847 3992 943 4061 τῆς
984 3989 1244 4059 πατρίδος
1284 3990 1352 4043 τὰ
1401 3990 1528 4061 ὅρια
1563 3992 1682 4053 ταῖς
1715 3992 1807 4044 alia

232 4086 469 4157 φημίαις
497 4085 755 4153 ἐπέρασε,
792 4084 886 4135 καὶ
915 4083 1028 4142 τοῖς
1062 4080 1372 4151 ὑπερορίοις
1392 4079 1467 4144 ώς
1498 4082 1610 4143 τοῖς
1635 4082 1807 4151 ἐγχωο

233 4177 372 4248 ρίοις
404 4168 670 4247 ἐτύγχανε
700 4171 974 4244 γνώριμος
1004 4188 1017 4201 ·
1066 4171 1127 4224 ού
1159 4170 1410 4224 τοσοῦτον
1441 4173 1504 4223 ἐκ
1544 4170 1670 4235 θέας
1685 4172 1808 4225 ὅσον

229 4274 297 4323 ἐκ
328 4271 516 4340 φήμης
545 4268 730 4328 αὐτοῖς
769 4262 1192 4332 γινωσκόμενος.
1236 4262 1441 4333 Πέτρος
1479 4258 1573 4315 οὖν
1598 4257 1749 4325 οὗτος
1782 4263 1810 4316 6

229 4360 540 4421 κάλλιστος,
568 4358 597 4409 6
630 4356 845 4425 πλούτῳ
874 4354 1152 4424 ῥεόμενος,
1190 4355 1385 4422 ὁγένει
1419 4355 1513 4407 καὶ
1550 4356 1809 4424 φρονήσει

229 4449 631 4521 κοσμούμενος.
692 4443 915 4516 χαλεπῴ
976 4445 1244 4514 νοσήματι
1334 4444 1756 4513 περιπέπτωκεν
1791 4460 1804 4473 ·

1916 618 2080 688 igitur
2107 619 2196 673 hic
2232 619 2485 675 Rhodius
2518 619 2845 674 daemonium
2874 619 3104 676 habebat
3132 622 3493 688 immundum,

1915 718 1973 764 et
2020 711 2204 766 multis
2237 711 2358 766 aliis
2395 710 2615 777 saevius,
2656 711 2804 782 quod
2858 726 2982 765 cum
3043 710 3270 767 eﬂ'erutn
3317 714 3368 767 id
3408 725 3498 770 est

1917 801 2195 858 hominem
2230 803 2358 857 odio
2402 803 2647 868 haberet,
2694 803 2882 857 multis
2923 804 3069 858 hunc
3115 806 3338 861 casibus
3394 807 3496 860 ima

1917 893 2166 949 mittebat
2195 912 2209 961 ;
2245 905 2299 949 et
2329 893 2646 964 frequenter
2679 904 2860 948 actum
2897 904 2982 950 est
3012 904 3071 949 ut
3099 911 3221 951 cum
3257 897 3360 952 hac
3384 900 3493 952 vita
3578 951 3581 955 .

1915 984 2204 1053 privasset,
2260 986 2365 1040 nisi
2418 985 2673 1041 Christus
2730 994 3056 1055 procurator
3119 990 3387 1053 omnium,
3439 997 3494 1043 et

1918 1077 2169 1131 humanm
2201 1089 2409 1132 natura:
2441 1088 2629 1134 custos
2663 1093 2773 1133 non
2817 1078 3185 1144 obdormiens,
3216 1080 3496 1149 increpas—

1917 1177 2001 1226 set
2027 1177 2083 1225 et
2103 1170 2457 1227 cohibuisset.
2484 1170 2671 1242 Neque
2693 1172 2839 1226 enim
2870 1174 3161 1242 quiescere
3203 1174 3396 1228 saltem
3424 1173 3494 1227 ad

1917 1261 2194 1317 modicum
2249 1262 2526 1318 hominem
2578 1263 2965 1332 permittebat,
3018 1279 3193 1334 neque
3260 1266 3494 1319 vinculis

1912 1367 2097 1422 neque
2130 1352 2324 1408 ferreis
2348 1354 2624 1409 incurvari
2662 1356 2899 1420 catenis,
2934 1370 3111 1425 neque
3140 1355 3264 1409 aliis
3289 1356 3497 1409 machi-

1916 1444 2195 1497 namentis
2247 1444 2482 1508 turbari,
2539 1444 2738 1515 quibus
2796 1444 2943 1499 soliti
3002 1451 3131 1500 sunt
3180 1445 3491 1515 hujusmodi

1916 1532 2142 1600 corrigi.
2174 1529 2278 1587 Sed
2302 1543 2421 1587 erat
2449 1531 2772 1602 intrepidus,
2824 1539 2878 1587 et
2906 1532 3023 1587 sine
3058 1533 3254 1588 timore
3284 1533 3495 1603 Cogita-

1916 1624 2159 1679 tionibus
2182 1623 2506 1687 destitutus,
2535 1631 2590 1678 et
2615 1623 2765 1678 omni
2798 1638 2962 1678 sensu
2994 1623 3161 1679 orbus
3186 1633 3239 1677 et
3257 1625 3493 1677 alienus.

1984 1713 2158 1768 Porro
2217 1713 2511 1769 admodum
2557 1714 2823 1769 violenter
2873 1714 2939 1769 ad
2972 1713 3175 1786 Cyrum
3220 1722 3275 1769 ct
3329 1712 3497 1768 Joan—

1915 1821 2039 1860 nem
2072 1814 2341 1875 martyres
2365 1806 2587 1872 ductus,-
2610 1805 3088 1860 adacmonioliber
3112 1804 3339 1859 cﬂ‘ectus
3368 1813 3450 1858 est
3479 1822 3494 1858 ι

1916 1899 2178 1968 paulatim
2203 1898 2404 1969 quippe
2432 1913 2656 1954 sensum
2692 1898 3069 1963 restitnentes,
3103 1899 3151 1952 ei
3180 1897 3344 1951 etiam
3374 1911 3498 1964 qua:

1900 1978 2199 2045 hominum
2243 1996 2374 2045 sunt
2420 1990 2628 2045 sentire
2676 1992 2974 2046 donarunt.
3024 1989 3117 2043 Sic
3152 1999 3332 2042 autem
3382 2000 3498 2041 traa

1919 2086 2133 2134 ctantes
2161 2080 2458 2147 hominem,
2492 2089 2548 2136 et
2585 2082 2917 2137 daemonium
2960 2082 3229 2137 vilissimo
3259 2080 3500 2136 medica--t

1917 2171 2064 2223 mine
2100 2160 2329 2240 pellunt,
2356 2171 2648 2229 ostendere
2681 2171 2824 2228 forte
2848 2174 3091 2229 volentes
3122 2174 3494 2229 infirmitatem

1918 2260 2161 2330 maligni.
2228 2261 2437 2318 Carues
2492 2262 2695 2333 quippe
2747 2264 3008 2319 vitulinas
3049 2278 3267 2321 sumere
3304 2265 3529 2334 praei:

1918 2351 2147 2420 pientes,
2176 2354 2473 2421 prunisqne
2502 2353 2602 2408 has
2635 2367 2882 2409 cremare
2907 2352 3184 2423 jubentes,
3208 2367 3334 2407 cum
3364 2355 3494 2410 vino

1918 2440 2137 2508 fricare,
2187 2452 2243 2496 et
2289 2458 2495 2511 ungere
2529 2456 2729 2513 corpus
2772 2443 3100 2498 decernunt.
3136 2441 3293 2509 Quod
3360 2457 3488 2497 cum

1916 2531 2166 2587 celeriter
2193 2532 2459 2603 Cyriacus
2502 2533 2723 2603 egisset,
2767 2534 2925 2587 inane
2950 2533 3133 2588 statim
3161 2532 3490 2588 daemonium

1916 2620 2126 2677 factum
2157 2632 2262 2688 est,
2296 2638 2404 2677 non
2453 2624 2909 2678 medicamentum
2940 2623 3244 2680 formidans
3273 2624 3492 2694 nequis-

1915 2704 2089 2769 simus
2127 2714 2216 2770 ille
2253 2714 2488 2776 daemon,
2533 2713 2629 2769 sed
2689 2715 2815 2786 Cyri
2869 2724 3118 2770 metuens
3163 2723 3219 2769 et
3260 2715 3493 2769 Joannis

1914 2814 2264 2874 prmceptum.
2298 2805 2404 2860 Nec
2438 2806 2503 2861 ad
2544 2806 2898 2861 habitandum
2933 2807 3075 2860 ultra
3105 2822 3357 2861 reversus
3386 2814 3492 2867 est,

1915 2896 2011 2951 sed
2066 2911 2282 2966 semper
2340 2895 2555 2966 fugiens
2599 2896 2805 2966 absque
2850 2896 3186 2951 habitatione
3217 2882 3492 2959 manebat,

1915 2987 2021 3042 hoc
2050 2987 2213 3042 modo
2247 2988 2493 3044 clamans
2517 2999 2570 3043 et
2592 3002 2748 3043 suam
2778 2988 2950 3058 ipsius
2976 2988 3490 3059 impossibilitatem.

1914 3086 1969 3133 et
2005 3078 2319 3148 pellentium
2348 3078 2643 3150 propalans
2669 3080 2945 3135 virtutem.
2983 3078 3158 3136 Porro
3178 3096 3277 3136 nos
3302 3094 3498 3136 cntum

1840 3204 1883 3263 ο
1920 3167 2050 3224 dato
2104 3170 2568 3238 congratulantes,
2620 3177 2675 3225 et
2706 3178 2926 3225 sanctos
2964 3170 3057 3239 qui
3092 3169 3239 3224 hunc
3265 3169 3496 3225 munda-

1919 3270 2048 3312 vere
2069 3256 2461 3329 glorificantes,
2490 3259 2882 3330 Christumque
2913 3261 3006 3330 qui
3034 3261 3194 3316 talem
3221 3262 3329 3316 illis
3359 3276 3496 3317 con-

1918 3348 2045 3401 tulit
2120 3347 2492 3405 fortitudincm
2564 3350 2931 3419 honorantes,
2987 3350 3207 3407 initium
3271 3353 3497 3409 alterius

1920 3437 2189 3498 faciamus
2217 3442 2485 3495 miraculi.

2024 3546 2207 3605 LVIII.
2245 3548 2319 3603 De
2352 3547 2506 3603 Petro
2536 3549 2800 3604 Ammada
2831 3551 2921 3619 qui
2947 3552 3153 3621 scrofa:
3178 3551 3384 3607 habuit.

1988 3708 2180 3765 Petrus
2218 3710 2308 3765 ille
2358 3710 2595 3777 Charax,
2636 3712 2719 3765 vir
2744 3712 3084 3768 honorabilis
3119 3716 3241 3776 fuit,
3266 3731 3492 3784 genere,

1917 3799 2145 3866 divitiis,
2195 3811 2251 3857 et
2289 3801 2579 3872 prudentia
2633 3803 2950 3867 decoratus,
3002 3816 3055 3859 et
3086 3821 3151 3860 cx
3190 3810 3348 3860 tertia
3399 3808 3494 3863 Pa-

1920 3891 2131 3947 laestina
2168 3891 2371 3963 (hujus
2408 3893 2551 3948 enim
2583 3894 2777 3950 civitas
2803 3903 2931 3950 sunt
2962 3897 3051 3949 illa
3085 3898 3447 3969 Cltut'ag'nala
3474 3903 3492 3970 )

1917 3983 2191 4052 gloriosus
2240 3992 2487 4038 exortus.
2539 3985 2641 4051 Qui
2684 3985 2874 4055 patriae
2924 3990 3185 4043 terminus
3239 3989 3492 4044 laudibus

1920 4075 2160 4138 transiit,
2183 4082 2236 4129 et
2260 4076 2333 4129 ita
2353 4076 2596 4133 externis
2629 4078 2882 4149 cognitus
2914 4078 3119 4145 aderat,
3151 4095 3256 4134 non
3280 4085 3490 4135 tantum

1916 4184 1980 4222 ex
2038 4169 2282 4239 visione,
2308 4180 2573 4240 quantum
2616 4187 2681 4225 cx
2726 4171 2884 4227 laude
2942 4172 3049 4227 illis
3080 4180 3242 4229 notus
3266 4173 3491 4229 etii-ctus

1917 4262 2020 4309 est.
2059 4254 2199 4327 Ergo
2227 4255 2419 4313 Petrus
2448 4259 2536 4313 hic
2566 4259 2806 4329 Optimus
2838 4260 3042 4315 divitiis
3072 4260 3318 4327 amuens,
3364 4278 3491 4333 pro-

1919 4346 2069 4416 sapia
2120 4358 2367 4416 ornatus,
2417 4356 2472 4405 et
2511 4351 2801 4420 prudentia
2830 4352 3093 4417 famosus,
3140 4371 3340 4410 smvnm
3370 4357 3491 4409 lan-

1922 4455 2150 4509 guorem
2177 4441 2365 4497 incidit
2396 4459 2411 4509 ;
2448 4453 2656 4500 natura:
2675 4445 2875 4516 quippe
2902 4448 3121 4517 propria
3141 4464 3241 4502 nec
3270 4448 3489 4504 sibimet

232 4542 479 4611 φείδεται
509 4541 621 4609 γὰρ
651 4538 762 4592 οὐδ’
791 4536 975 4591 αὐτῶν
995 4537 1062 4589 τά
1095 4536 1195 4606 τῆς
1217 4535 1435 4605 φύσεως
1472 4536 1603 4600 ῐδια,
1636 4536 1685 4588 εἰ
1716 4536 1809 4588 καὶ

1922 4541 2173 4598 parcunt,
2229 4532 2352 4588 licet
2394 4532 2508 4604 jam
2562 4534 2726 4590 dictis
2764 4536 3057 4592 virtutibus
3082 4538 3285 4592 distare
3311 4554 3489 4595 acon~

231 4637 344 4695 τοῖς
375 4631 644 4702 λεχθεῖσιν
684 4628 1154 4698 πλεονεκτήμασιν
1196 4627 1474 4697 διαφέρειν
1528 4628 1636 4679 τῶν
1680 4630 1809 4697 ὀμο-

233 4727 419 4797 φύλων
478 4725 812 4794 νομίζουσιν.
868 4720 1092 4775 Τοιοῦτο
1142 4720 1199 4773 δὲ
1237 4714 1307 4789 ἦν
1352 4719 1764 4787 καὶτὸνὸσημα
1794 4736 1807 4749 ·

236 4821 279 4871 Τ
284 4820 351 4879 ἀς
380 4816 638 4887 χοιράδας
683 4814 900 4876 πάντως
933 4812 1184 4875 ἀκούετε,
1217 4810 1312 4863 καὶ⁵
1353 4809 1643 4873 ἀκούοντες
1673 4808 1811 4862 πάν--

230 4927 341 4969 τως
366 4905 682 4976 γινώσκετε,
710 4904 807 4957 καὶ
832 4902 1013 4955 οἴδατε
1040 4901 1114 4963 ὡς
1139 4898 1309 4963 πάθος
1359 4900 1476 4952 ἐστὶ
1512 4899 1813 4971 δυσκατέρ-

234 5014 458 5066 γαστον,
489 4996 593 5048 καὶ·
624 4995 811 5064 νόμοις
839 4992 1040 5064 ἰατρῶν
1073 4992 1133 5044 ού
1207 4990 1503 5061 πειθήνιον,
1528 4991 1620 5043 καὶ
1642 4992 1812 5060 ἄγχον

233 5086 445 5155 ἀγρίως
477 5085 601 5146 τοὺς
631 5085 959 5152 πάσχοντας.
1010 5081 1181 5133 Τοῦτο
1206 5079 1298 5133 καλ⁵
1332 5080 1536 5150 Πέτρος
1565 5080 1695 5149 περὶ
1720 5080 1813 5132 τὸν

233 5173 509 5246 τράχηλον
557 5174 778 5243 ἔσχηκε,
816 5171 913 5224 καὶ
948 5169 1092 5241 σχὼν
1147 5170 1443 5223 ἀποθανεῖν
1501 5169 1810 5222 ἐκινδύνευε

236 5263 466 5335 (τοιοῦτο
490 5262 597 5332 γάρ
625 5262 732 5313 τῶν
757 5260 1020 5332 χοιράδων
1056 5260 1119 5313 τὸ
1143 5258 1438 5330 γέννημα),
1484 5260 1580 5313 καὶ
1634 5258 1813 5313 κινδυ-

234 5353 409 5407 νεύων
441 5354 639 5423 ἠπόρει
666 5351 761 5405 τοῦ
800 5351 1089 5417 σώζοντος,
1154 5350 1340 5423 ἰατροῦ
1394 5351 1469 5421 μὴ
1509 5351 1808 5422 δυναμένου

233 5446 371 5519 πρὸς
415 5446 478 5498 τὸ
512 5444 683 5507 πάθος
719 5443 1091 5514 μαχήσασθαι,
1145 5443 1241 5495 καὶ
1265 5442 1656 5513 μαχησαμένου
1714 5442 1810 5512 τὴν

234 5541 393 5611 νίκην
428 5537 761 5609 κομίσασθαι
802 5553 816 5568 ·
872 5538 1008 5591 ἀλλά
1038 5535 1250 5589 πολλῶν
1299 5536 1395 5606 μὲν
1431 5534 1811 5604 είσπηδώντων

234 5636 371 5705 πρὸς
400 5634 461 5686 τὸ
491 5633 728 5695 στάδιον,
759 5630 974 5694 οὐδενὸς
1002 5629 1060 5684 δὲ
1088 5630 1149 5682 τὸ
1197 5628 1451 5698 βραϐεῖον
1507 5627 1810 5699 λαμϐάνον-

236 5742 343 5790 τος,
405 5725 519 5779 ἀλλ’
564 5723 879 5796 ἡττωμένου
928 5721 1026 5776 καὶ
1066 5719 1383 5791 φεύγοντος,
1414 5719 1510 5774 καὶ
1541 5721 1608 5791 τῇ
1663 5720 1809 5789 φυγῇ

237 5815 626 5884 στεφανοῦντος
649 5815 711 5869 τὸ
733 5814 962 5883 νόσημα.
1738 5798 1745 5803 ’

1915 4622 2208 4676 tribulibus
2261 4633 2582 4687 autument.
2632 4622 2785 4677 Talia
2839 4626 3001 4679 etiam
3057 4634 3176 4680 erat
3235 4629 3486 4696 languor.

1913 4711 2136 4768 Scrofas
2158 4714 2405 4783 profecto
2434 4714 2659 4781 auditis,
2689 4717 3045 4773 etaudientes
3077 4719 3262 4787 Utique
3291 4724 3484 4787 nostis,

1913 4806 2064 4858 scitis
2096 4805 2244 4861 enim
2276 4822 2438 4875 «piam
2478 4807 2551 4861 sit
2582 4806 2697 4860 haec
2722 4806 2906 4876 passio
2939 4809 3007 4862 ad
3040 4812 3346 4865 sanandum
3380 4812 3487 4866 dif-

1915 4894 2076 4951 ficilis
2113 4905 2167 4950 et
2205 4896 2539 4950 medicorum
2593 4898 2800 4967 legibus
2849 4914 2953 4953 non
2995 4901 3399 4975 obsecundans.
3434 4915 3486 4961 et

1914 4999 2120 5056 angens
2163 4985 2466 5042 bestialiter
2511 4989 2799 5056 patientes.
2854 4990 2970 5044 Hoc
3010 4999 3065 5045 et
3106 4990 3299 5046 Petrus
3340 4995 3488 5048 circa

1913 5077 2113 5130 collum
2144 5075 2399 5143 habebat,
2442 5086 2496 5131 et
2528 5078 2715 5132 habito
2752 5080 3112 5135 moribundus
3143 5083 3489 5150 periclitaba-

1915 5175 2039 5234 tur;
2086 5167 2194 5223 tale
2232 5168 2434 5245 quippe
2477 5170 2783 5224 scrofarum
2818 5179 2902 5226 est
2923 5172 3175 5241 genimen
3206 5188 3223 5239 ;
3263 5182 3327 5227 οδ
3353 5176 3482 5242 peri-

1912 5260 2227 5314 clitaturum
2266 5262 2359 5329 qui
2393 5261 2631 5316 salvaret
2670 5275 2777 5315 non
2825 5260 3034 5327 aderat,
3083 5263 3212 5316 dum
3240 5265 3484 5329 medicus

1912 5350 2175 5406 dimicare
2217 5359 2408 5406 contra
2452 5351 2831 5422 aegritudinem
2863 5367 2971 5407 non
3012 5352 3175 5418 valet,
3206 5354 3289 5408 vel
3322 5354 3485 5408 dimi-

1913 5455 2048 5496 cans
2114 5440 2309 5496 aﬂ‘erre
2375 5443 2690 5497 victoriam.
2765 5442 2964 5499 Verum
3036 5444 3193 5499 multi
3262 5446 3481 5514 quidem

1913 5534 2230 5590 insiliebant
2291 5535 2349 5589 in
2415 5534 2675 5603 stadium,
2741 5550 2901 5601 nemp
2954 5545 3133 5590 tamen
3182 5537 3485 5605 accipiebat

1912 5626 2189 5694 bravium,
2238 5626 2333 5684 sed
2366 5636 2654 5699 superatus
2694 5627 2977 5699 effugiens,
3027 5628 3323 5684 coronabat
3356 5628 3482 5699 fuga

1913 5710 2254 5783 languorem.
