3930 6316
403 394 537 459 3631

473 501 688 558 Diutius
718 505 898 553 autem
929 493 1187 565 passione
1216 490 1522 553 obtinente,
1559 495 1614 540 et
1639 484 1852 539 medico
1882 484 1975 551 qui
2012 485 2055 540 A

403 600 702 654 luctaretur
732 587 1040 649 deticieute,
1072 582 1233 638 morti
1262 579 1460 637 Petrus
1491 576 1973 648 appropinquavit.

400 687 507 744 Sed
580 684 725 737 hunc
786 687 1054 748 martyres
1108 680 1597 743 praeoccupantes,
1646 668 1714 723 de
1779 665 1977 721 inferni

401 775 658 831 manibus
689 773 1014 827 liberarunt.
1047 766 1184 821 Cum
1210 764 1357 820 enim
1390 762 1443 816 in
1471 760 1788 816 novissimis
1810 765 1978 818 esset,

404 864 809 938 periclitabatur
836 860 1193 932 [sanctosque
1211 856 1411 927 Cyrum
1435 868 1499 909 ac
1528 836 1796 906 Joannem
1814 848 1980 903 fando

402 955 704 1027 audiebat],
740 953 835 1023 qui
861 951 966 1009 soli
994 951 1309 1020 languorem
1332 947 1550 999 vincere
1583 949 1869 1013 poterant;
1927 949 1982 995 et

406 1049 543 1105 nihil
584 1055 826 1103 moratus
872 1060 904 1098 a
947 1040 1145 1112 patria.
1175 1039 1471 1108 navigavit,
1525 1038 1628 1092 (ide
1684 1034 1982 1106 purissima

403 1141 625 1204 ductus,
660 1151 782 1208 quae
819 1134 1024 1190 valeret
1060 1130 1339 1186 inﬂectere
1370 1138 1663 1197 martyres,
1696 1126 1842 1181 unde
1878 1141 1982 1180 nec

406 1229 544 1283 ultra
571 1234 807 1297 quatuor
831 1224 949 1278 dies
972 1222 1175 1292 egregii
1200 1220 1279 1275 illi
1310 1221 1458 1279 hunc
1475 1217 1659 1272 videre
1690 1218 1983 1286 patientem

402 1317 786 1388 patiebantur;
813 1313 906 1369 sed
936 1313 1124 1367 eadem
1152 1320 1312 1366 nocte
1338 1317 1665 1380 apparentes
1696 1305 1986 1361 inﬁrmita-

405 1409 475 1461 tis
502 1406 705 1460 dabant
745 1402 1066 1459 remedium.
1104 1400 1268 1456 Panis
1316 1408 1497 1453 autem
1527 1407 1644 1454 erat
1672 1396 1856 1451 terens
1886 1394 1983 1449 ad-

406 1498 512 1551 huc
552 1511 620 1550 ex
653 1495 778 1564 igne
826 1493 1088 1557 calorem,
1118 1504 1280 1559 quem
1350 1502 1540 1544 secare
1573 1485 1984 1557 praecipiebant,

402 1599 459 1642 et
481 1586 718 1642 calidum
761 1584 955 1639 atIerre
998 1597 1099 1653 pro
1147 1581 1480 1652 epitlietnate
1524 1578 1739 1643 scrolis,
1788 1585 1841 1632 et
1881 1577 1985 1632 hoc

403 1690 623 1750 portare
656 1676 835 1746 spatio
877 1675 1037 1744 quasi
1077 1673 1338 1728 horarum
1364 1670 1627 1741 quinque,
1674 1668 1987 1727 amabiliter

405 1767 716 1840 appositum
757 1765 930 1830 collo,
970 1771 1026 1819 et
1054 1771 1188 1817 tunc
1214 1762 1412 1818 balneo
1439 1761 1901 1833 appropinquare,
1926 1766 1985 1814 et

406 1837 556 1914 intus
578 1859 719 1911 intra
750 1854 989 1910 calidum
1011 1867 1193 1908 aerem
1224 1851 1483 1916 inveniri,
1524 1858 1578 1907 et
1601 1866 1632 1905 a
1667 1850 1810 1905 collo
1836 1848 1983 1905 evel-
2015 1837 2057 1892 Β

407 1953 519 2006 lere
548 1947 898 2012 medicinam,
934 1953 988 2001 et
1024 1946 1128 2000 hac
1186 1958 1383 1999 rursus
1409 1944 1510 2008 uti,
1546 1942 1677 1998 dum
1710 1941 1985 1996 lavaretur

409 2057 586 2114 usque
616 2039 682 2095 ad
713 2038 1016 2111 perfectam
1047 2034 1396 2106 aegritudinis
1424 2033 1737 2089 sanitatem.

478 2226 582 2291 Qui
633 2221 899 2293 evigilans
942 2219 1021 2290 (in
1051 2217 1263 2273 somnis
1299 2215 1445 2272 enim
1484 2213 1601 2269 haec
1628 2211 1988 2282 lacerejube-

312 2356 321 2361 ς
411 2315 617 2385 batur),
656 2320 983 2384 praeceptum
1015 2307 1263 2365 studiose
1310 2306 1559 2379 gerebat,
1591 2312 1645 2359 et
1678 2305 1987 2374 passionem

411 2407 719 2464 studiosius
763 2403 1091 2475 depoucbat.
1131 2400 1526 2456 Consummata
1570 2393 1994 2464 enimjussione

412 2512 754 2563 sanctorum,
797 2507 853 2552 et
896 2495 1037 2551 collo
1060 2491 1452 2561 eircumposito
1502 2490 1597 2544 illo
1619 2485 1897 2558 praesidio,
1933 2498 1991 2544 et

414 2601 538 2663 pust
587 2593 692 2647 hoc
733 2592 987 2645 iuventus
1039 2588 1092 2641 in
1153 2586 1370 2649 balneo,
1412 2598 1536 2636 cum
1597 2580 1928 2640 extraxisset
1965 2594 1996 2633 a

415 2684 558 2737 collo
604 2681 1079 2738 medicamentum,
1145 2683 1199 2728 et
1250 2672 1463 2727 scrofas
1493 2685 1614 2724 cum
1663 2670 1783 2738 ipso
1827 2666 1993 2724 simul

417 2771 711 2834 abstraxit,
749 2779 803 2824 et
838 2782 961 2820 cum
1020 2765 1211 2819 scrolis
1244 2760 1545 2832 periculum
1587 2757 1731 2827 quod
1759 2773 1824 2812 ex
1858 2756 1991 2826 ipsis

419 2874 535 2920 erat
565 2861 752 2933 procul
809 2858 978 2911 dubio
1019 2853 1373 2907 nasciturum.
1414 2850 1578 2903 Aiunt
1609 2858 1790 2902 autem
1829 2847 1993 2901 etiam

423 2958 523 3010 bas
577 2950 857 3019 semginta
903 2956 957 3002 et
990 2953 1201 3015 septem
1248 2942 1423 2997 fuisse
1446 2940 1826 2995 dinumeratas
1865 2953 1992 2992 cum

423 3046 755 3102 cecidissent
784 3056 819 3094 a
849 3038 1041 3110 jugulo
1072 3036 1220 3102 colli,
1253 3034 1484 3089 ct'duas
1513 3046 1636 3086 cum
1688 3031 1825 3100 ipsis
1878 3044 1996 3082 ma-

1294 380 1355 438 S.
1396 373 1813 437 SOPHRONII
1848 365 2353 430 PATllIARCIIAi
2393 357 2800 423 HIEROSOL.

3536 352 3691 412 3632

2169 477 2294 530 Ἐπὶ
2324 475 2458 528 πολὺ
2487 474 2543 527 δὲ
2572 473 2667 525 τοῦ
2686 469 2891 531 πάθους
2923 466 3324 536 κρατήσαντος,
3353 464 3451 517 καὶ
3487 464 3679 539 largo;

2079 571 2174 625 τοῦ
2202 569 2532 631 παλαίοντος
2559 566 2958 636 ἐπιλείψαντος,
2983 560 3219 615 θανάτου
3262 559 3495 630 πλησίον
3513 561 3542 611 ὁ
3570 558 3679 611 Πέ-

2078 680 2205 733 τρος
2228 661 2459 730 ἐγίνετο.
2508 658 2672 712 Ἀλλά
2705 656 2894 710 τοῦτον
2937 654 2986 708 oi
3031 652 3311 724 μάρτυρες
3336 650 3679 718 φθάσαντες,

2078 753 2189 808 τῶν
2216 752 2346 825 ᾇδου
2372 749 2568 823 χειρῶν
2612 749 3010 820 ἐλυτρώσαντο.
3072 744 3160 808 Ὧς
3194 744 3303 812 γὰρ
3332 745 3390 795 ἐν
3424 743 3684 811 ἐσχάτοις

2080 845 2155 899 ὢν
2182 843 2509 906 ἐκινδύνευε,
2536 840 2720 912 Κῦρον
2751 841 2848 894 καὶ
2879 838 3132 901 Ἰωάννην
3166 835 3292 898 τοὺς
3318 835 3515 903 ἁγίους
3543 833 3683 885 ἐπύ-

2082 938 2225 1001 θετο,
2267 937 2460 1007 μόνους
2498 933 2723 1004 νικῆσαι
2743 930 3075 1001 δυναμένους
3107 928 3167 981 τδ
3197 927 3414 996 νόσημα
3443 943 3458 957 -
3477 925 3575 977 καὶ
3604 924 3685 995 μὴ

2085 1030 2350 1102 βραδύνας
2388 1028 2488 1099 τῆς
2520 1025 2776 1096 πατρίδος
2807 1022 3101 1083 ἀπέπλεεν,
3121 1013 3310 1072 ’πίστιν
3364 1015 3542 1087 ἁγνὴν
3579 1018 3688 1068 ἐπε

2089 1123 2380 1193 αγὸμενος,
2433 1123 2619 1175 πεῖσαι
2658 1116 2976 1187 δυναμένην
3029 1112 3156 1173 τοὺς
3206 1110 3525 1185 μάρτυρας·
3558 1108 3682 1161 ὅθεν

2084 1211 2206 1265 οὐδὲ
2258 1211 2537 1280 τεττάρων
2583 1208 2768 1260 πλεῖον
2813 1202 3039 1275 ήμερῶν
3066 1201 3117 1253 οἱ
3174 1199 3458 1252 θεσπέσιοι
3479 1196 3677 1250 τοῦτον

2089 1304 2218 1358 ἰδεῖν
2248 1303 2541 1372 ἠνέσχοντο
2574 1298 2872 1366 πάσχοντα,
2912 1294 3050 1348 ἀλλά
3086 1293 3154 1361 τῇ
3208 1290 3416 1360 ταύτης
3477 1291 3683 1356 ἐπιφα-

2086 1398 2268 1458 νέντες
2295 1394 2476 1455 νυκτὶ,
2507 1392 2605 1461 τῆς
2641 1388 2954 1462 ἀρρωστίας
2987 1386 3192 1440 ἐδίδουν
3251 1384 3313 1437 τδ
3356 1383 3680 1454 φάρμακον.

2090 1490 2286 1559 Ἀρτος
2310 1486 2367 1540 δέ
2383 1481 2471 1556 ἦν,
2503 1483 2599 1554 τὴν
2625 1483 2692 1536 ἐκ
2723 1481 2890 1552 πυρὸς
2915 1477 2996 1532 ἔτι
3018 1478 3199 1549 φέρων
3248 1475 3588 1547 θερμότητα,
3616 1472 3675 1524 ὃν

2084 1578 2373 1649 διαπρίσαι
2402 1577 2793 1643 προσέταττον,
2812 1574 2908 1626 καὶ
2934 1570 3138 1641 θερμὸν
3169 1566 3547 1639 προσενέγκαι
3562 1568 3689 1628 ταῖς

2086 1671 2335 1741 χοιράσιν
2380 1666 2642 1736 ἐπίθεμα,
2700 1664 2792 1718 καὶ
2850 1661 3009 1717 τοῦτο
3063 1660 3336 1730 βαστάσαι
3391 1658 3470 1722 ὡς
3519 1656 3684 1729 ὡρῶν

2090 1763 2256 1817 πέντε
2289 1761 2565 1831 διάστημα
2592 1757 2670 1828 τῷ
2695 1754 2956 1827 τραχήλῳ
3015 1750 3332 1823 προσφιλῶς
3379 1750 3684 1820 ἐπικείμε-

2085 1872 2174 1911 νον
2208 1870 2227 1884 ο
2254 1854 2349 1907 καὶ
2374 1853 2497 1907 τότε
2525 1849 2737 1921 λουτρῷ
2758 1845 3241 1917 προσπελάσαντα,
3273 1843 3370 1897 καὶ
3394 1841 3508 1894 ἔσω
3534 1840 3691 1894 κατὰ

2084 1945 2177 1998 τὸν
2208 1943 2412 2015 θερμὸν
2439 1941 2579 2013 ἀέρα
2612 1940 2925 2010 γενόμενον,
2967 1936 3222 2005 ἀποσπᾷν
3276 1932 3370 1986 τοῦ
3397 1932 3689 2003 τραχήλου

2085 2036 2148 2090 τὸ
2176 2036 2488 2107 φάρμακον,
2526 2032 2622 2086 καὶ
2649 2030 2810 2084 τοῦτο
2848 2028 3009 2082 πάλιν
3045 2027 3285 2098 χρῆσθαι
3319 2024 3686 2094 λουσάμενον,

2091 2127 2252 2198 μέχρι
2290 2124 2506 2188 τελείας
2535 2121 2630 2176 τοῦ
2660 2121 2869 2183 πάθους
2913 2119 3133 2181 ἰάσεως.

2169 2218 2228 2269 '0
2255 2217 2312 2269 δὲ
2346 2215 2704 2288 γρηγορήσας
2732 2211 2884 2281 (καθ’
2912 2210 3079 2264 ὕπνον
3118 2208 3229 2280 γὰρ
3275 2207 3453 2262 ταῦτα
3509 2209 3700 2261 ποιεῖν

2088 2308 2426 2378 ἐκελεύετο),
2463 2304 2768 2368 σπουδαίως
2792 2302 2921 2374 ἕδρα
2948 2300 3010 2354 τὸ
3028 2300 3330 2369 θέσπισμα,
3362 2298 3460 2352 καὶ
3483 2298 3546 2350 τὸ
3578 2297 3695 2350 πᾶα

2089 2403 2181 2465 θος
2203 2399 2444 2454 ἀπέϐαλε
2474 2396 2913 2466 σπουδαιότερον,
2966 2391 3204 2452 Τελέσας
3232 2396 3343 2460 γὰρ
3372 2388 3485 2441 τῶν
3513 2387 3697 2456 ἁγίων

2089 2494 2189 2564 τὴν
2218 2492 2491 2555 κέλευσιν,
2524 2488 2620 2542 καί⁹
2645 2487 2724 2557 τῷ
2740 2485 2996 2557 τραχήλῳ
3035 2482 3285 2552 περιθεὶς
3313 2480 3376 2533 τὸ
3407 2479 3688 2550 βοήθημα,

2092 2584 2190 2638 καὶ
2225 2587 2284 2639 ἐν
2321 2581 2400 2651 τῷ
2429 2580 2640 2650 λουτρῷ
2667 2577 2805 2649 μετὰ
2836 2574 2996 2628 τοῦτο
3045 2573 3358 2642 γενόμενος,
3418 2568 3691 2625 ἀποσπῶν

2090 2674 2186 2729 τοῦ
2214 2674 2488 2744 τραχήλου
2517 2671 2577 2724 τὸ
2606 2670 2923 2739 φάρμακον,
2955 2665 3052 2720 καὶ
3082 2664 3181 2727 τὰς
3229 2662 3493 2734 χοιράδας
3536 2659 3693 2726 αὖτῷ

2096 2767 2533 2831 συναπὲσπασεν,
2558 2763 2652 2817 καὶ
2683 2764 2802 2823 ταῖς
2832 2759 3050 2829 χοιράσι
3089 2757 3181 2810 τὸν
3210 2754 3269 2820 ἐξ
3307 2754 3506 2819 ,αὐτῶν
3528 2754 3695 2822 γινόσ

2098 2875 2258 2928 μενον
2320 2857 2590 2910 κίνδυνον.
2653 2852 2791 2905 Φασὶ
2819 2851 2873 2904 δὲ
2911 2851 3004 2903 καὶ
3030 2848 3235 2910 ταύτας
3259 2846 3527 2917 ἑξήκοντα
3582 2848 3679 2898 καὶ

2097 2949 2239 3002 έπτά
2271 2947 2363 3000 τὸν
2390 2945 2625 3015 ἀριθμὸν
2659 2941 3000 3014 μετρηθῆναι
3040 2938 3320 3000 πεσούσας
3373 2935 3468 2990 τοῦ
3503 2936 3685 2988 τένον-

2096 3055 2217 3103 τος,
2264 3038 2358 3091 καὶ
2422 3036 2486 3108 δὴ
2536 3036 2632 3089 σὺν
2671 3035 2861 3095 αὑταῖς
2911 3031 2970 3083 ἓν
3017 3029 3382 3101 ἀρρενοθῆλυ,
3418 3028 3484 3080 τδ
3529 3027 3699 3081 τοῦτο

424 3138 620 3193 sculini
653 3133 815 3191 simul
844 3146 1010 3186 sexus
1040 3138 1094 3184 et
1120 3124 1689 3196 feininini,quaebunc
1712 3123 1992 3178 hominum

2103 3130 2372 3199 γεννῆσαν
2406 3129 2463 3183 τὸ
2508 3128 2894 3199 μισάνθρωπον
2946 3122 3286 3195 στράτευμα.
3350 3121 3595 3181 Ἐπιθεὶς
3636 3120 3698 3173 δὲ

424 3244 637 3285 ηεοιόιιι
690 3227 1091 3296 generaverunt
1134 3218 1478 3284 exercitum;
1535 3216 1820 3286 supposito
1866 3231 1996 3270 vero

2104 3223 2264 3276 πάλιν
2292 3221 2369 3291 τῷ
2404 3220 2665 3292 τραχήλῳ
2693 3217 2753 3270 τὸ
2779 3216 3072 3287 φάρμακον
3107 3214 3326 3285 ἡμέρας
3354 3211 3490 3265 ὡσεὶ
3519 3212 3699 3283 τρεῖς,

425 3322 567 3376 collo
585 3320 780 3372 iterum
806 3312 1183 3377 medicamine,
1204 3309 1397 3365 diebus
1413 3309 1566 3377 quasi
1591 3307 1768 3362 tribus
1780 3322 1998 3376 quoque

429 3423 692 3467 curantur
720 3407 965 3473 vulnera,
999 3404 1135 3477 [(55)
1192 3410 1247 3459 et
1273 3400 1454 3456 omnis
1489 3399 1696 3469 abiecta
1727 3407 1811 3455 est
1836 3413 1999 3469 quam

445 3503 680 3559 habebat
711 3501 1022 3565 inﬁrmitas,
1047 3493 1352 3553 scrofarum
1375 3492 1626 3548 videlicet
1652 3492 2001 3561 porcinarum

437 3597 761 3667 periculum,
834 3602 888 3649 et
966 3592 1032 3647 ad
1091 3587 1393 3651 sanandum
1440 3584 1679 3640 dillicilia
1732 3582 2009 3655 vulnera],

431 3688 824 3754 Gratiﬁcisque
863 3683 1119 3739 cantibus
1141 3681 1338 3736 oblatis
1367 3675 1702 3748 martyribus
1726 3716 1740 3741 ,
1769 3675 2011 3743 gaudens

2106 3314 2204 3367 καὶ
2228 3312 2295 3365 τὰ
2315 3313 2505 3365 τούτου
2531 3308 2897 3379 θεραπεύεται
2937 3306 3252 3378 τραύματα,
3282 3305 3380 3358 καὶ
3433 3320 3697 3374 χαριστηο

2113 3407 2260 3477 ρίους
2285 3406 2429 3475 ᾠδὰς
2449 3403 2823 3475 προσενέγκας
2854 3401 2966 3462 τοῖς
2995 3398 3255 3468 μάρτυσι,
3317 3398 3528 3467 χαίρων
3555 3393 3701 3464 ὁμοῖι

2114 3497 2207 3575 καὶ
2238 3494 2477 3568 σκιρτῶν
2497 3493 2873 3564 ἀπεδήμησεν,
2907 3488 3043 3542 νεὼν
3074 3489 3260 3553 αὐτοῖς
3291 3489 3348 3539 ἐν
3376 3488 3697 3556 Χαραγμωο

2118 3588 2252 3650 ϐίοις
2277 3587 2617 3656 γιγνόμενος,
2647 3586 2722 3648 ὡς
2770 3579 3059 3647 σεσωκόσι,
3106 3577 3452 3651 δομήσασθαι
3510 3574 3703 3631 συνθέ-

2123 3694 2307 3748 μενος.

433 3783 637 3854 pariter
694 3789 750 3834 et
799 3776 1082 3833 exsultans
1128 3771 1376 3835 recessit,
1440 3768 1699 3837 templum
1759 3764 1876 3820 illis.
1914 3764 2057 3835 apud
2102 3763 2464 3839 Cbarag‘mata
2514 3763 2800 3830 facturus,
2850 3761 3013 3818 sicuti
3060 3762 3238 3816 fuerat
3279 3758 3581 3831 pollicitus,
3612 3757 3707 3813 his

433 3880 527 3948 qui
566 3891 624 3932 se
677 3873 1018 3928 Salvaverant
1063 3859 1446 3920 dedicandum.

434 4013 568 4069 LIX.
608 4010 680 4063 De
707 4005 970 4075 Stephano
1016 3997 1366 4075 Apltt'odisieo
1395 3995 1485 4064 qui
1515 3991 1749 4047 extraxit
1786 4006 1813 4045 e
1840 3992 2007 4060 capite

991 4067 1395 4137 scolopendram
1424 4103 1437 4117 .

508 4173 711 4245 thuitl
775 4185 840 4224 ex
904 4165 1036 4221 Asia
1114 4161 1424 4217 venientem
1487 4172 1595 4210 non
1643 4154 2009 4226 .producimus

436 4243 794 4339 Stephanum,
843 4268 897 4313 et
945 4251 1285 4310 amatoribus
1339 4254 1644 4318 martyrum
1691 4259 1812 4315 quae
1862 4243 2013 4297 illius

436 4331 564 4417 sunt
616 4346 1043 4412 cnarrabimus?
1081 4342 1369 4399 Sulﬁciuut
1422 4340 1567 4395 enim
1608 4337 1747 4403 haec,
1793 4349 1914 4390 cum
1939 4331 2004 4387 ad

437 4450 689 4506 notitiam
751 4439 1023 4502 venerint,
1079 4444 1190 4490 tam
1243 4431 1312 4486 ad
1372 4430 1627 4485 virtutem
1688 4432 2003 4482 sanctorum

437 4539 825 4602 exhibendam,
872 4547 1035 4606 quam
1063 4530 1130 4585 ad
1169 4526 1421 4582 allectum
1454 4534 1674 4579 sanctos
1708 4520 2016 4576 amantium.

439 4627 925 4707 augmentandum.
970 4623 1211 4678 Asianus
1239 4626 1361 4674 erat
1388 4617 1702 4687 Stephanus
1733 4610 2010 4683 Aphrodi-

441 4706 614 4784 siadis
656 4720 915 4781 civitatis.
950 4716 1048 4770 llic
1078 4710 1414 4785 quibusdam
1440 4706 1881 4778 supplicantibus
1915 4718 2009 4773 pe-

443 4820 660 4874 cuniam
727 4798 1170 4870 commendavit,
1226 4803 1329 4857 lldc
1393 4798 1696 4855 secundum
1774 4798 2012 4852 salutare

447 4910 760 4965 mandatum
787 4901 1069 4974 pecuniam
1090 4896 1250 4959 dans,
1270 4901 1321 4948 et
1349 4891 1427 4946 nil
1451 4890 1516 4944 ad
1560 4889 1644 4945 sui
1663 4887 2011 4943 securitatem

448 4999 798 5072 percipiens;
825 4986 1112 5063 propinqui
1155 4984 1301 5039 enim
1331 4988 1488 5037 erant
1512 4980 1565 5033 bi
1613 4978 1705 5049 qui
1730 4977 2016 5047 pecuniam

449 5058 796 5162 acceperant,
832 5090 886 5138 et
919 5058 1126 5134 idcirco
1160 5072 1532 5130 necessarium
1559 5083 1665 5123 non
1695 5081 1819 5122 esse
1870 5058 2019 5119 arbi-

2108 3972 2238 4028 NG’.
2271 3972 2411 4040 Περὶ
2444 3970 2752 4040 Στεφάνου
2772 3969 2879 4023 τοῦ
2912 3963 3341 4040 Ἀερροὸϊσνιέοκι2
3364 3963 3474 4040 {of}
3505 3964 3576 4018 ἐκ
3593 3981 3701 4018 κε-

2248 4033 2455 4113 φαλῆς
2484 4033 2913 4125 ἐξὲνέγπςαντος
2937 4033 3053 4106 τήν
3072 4033 3557 4101 σκολοπένδραν.

2180 4135 2245 4188 Τί
2277 4135 2336 4188 δὲ
2373 4134 2470 4188 καὶ
2490 4132 2582 4186 τδν
2604 4131 2665 4197 ἐξ
2704 4129 2892 4194 Ἀσίας
2939 4130 3003 4183 οὐ
3045 4126 3374 4198 παράγομεν
3399 4125 3701 4194 Στέφανον,

2112 4226 2205 4280 καὶ
2245 4227 2358 4288 τοῖς
2416 4224 2783 4295 φιλομάρτυσι
2836 4221 2904 4276 τά
2954 4220 3074 4274 κατ’
3109 4218 3271 4271 αὑτὸν
3324 4216 3705 4287 διηγούμεθας

2121 4318 2305 4373 Ἱκανὰ
2321 4316 2432 4387 γὰρ
2459 4315 2630 4370 ταῦτα
2660 4314 2795 4386 πρὸς
2819 4312 3022 4382 γνῶσιν
3043 4310 3335 4382 ἐρχόμενα,
3355 4310 3451 4363 καὶ
3479 4309 3707 4379 τὴντῶν

2112 4410 2280 4478 ἁγίων
2332 4408 2504 4479 ἀλκὴν
2565 4404 3018 4478 παραστήσασθαι
3047 4442 3063 4469 ,
3117 4404 3212 4456 καὶ
3256 4400 3360 4472 τὴν
3416 4399 3529 4453 τῶν
3577 4400 3701 4468 φιλ-

2043 4465 2085 4522 D
2117 4465 2289 4568 αγίων
2320 4465 2556 4568 αὐξῆσαι
2577 4465 2822 4551 διάθεσιν
2843 4512 2858 4528 ο
2897 4465 3140 4557 Ἀσιανὺς
3169 4465 3415 4563 ὑπῆρχεν
3444 4493 3473 4545 ό
3499 4465 3705 4560 Στέφα-

2119 4608 2206 4654 νος
2242 4588 2645 4658 Ἀφροδισιάδος
2672 4587 2771 4658 τῆς
2806 4585 3014 4648 πόλεως
3051 4600 3067 4616 ο
3123 4576 3278 4645 οὗτός
3311 4598 3455 4635 τισιν
3487 4580 3696 4634 ἱκετεύ-

2120 4700 2297 4747 σασιν,
2330 4680 2553 4753 χρυσίον
2584 4679 2877 4743 ἐδάνεισεν,
2913 4677 3093 4731 πίστει
3128 4673 3270 4729 κατά
3322 4672 3384 4726 τὸ
3432 4674 3701 4743 σωτήριον

2119 4773 2358 4845 ένταλμα
2380 4771 2630 4835 δεδωκὼς
2673 4770 2733 4824 τὸ
2754 4768 3049 4841 ἀργύριον,
3069 4767 3165 4820 καὶ
3187 4764 3359 4835 μηδὲν
3382 4764 3702 4835 πρὸςὰσςά-

2119 4869 2269 4922 λειαν
2292 4866 2487 4921 ἑαυτοῦ
2535 4863 2927 4935 κομισάμενος.
2980 4860 3198 4930 Γνήσιοι
3234 4856 3344 4930 γὰρ
3390 4852 3533 4927 ἦσαν
3566 4858 3615 4910 oi
3640 4856 3703 4909 τὸ

2115 4961 2306 5031 χρῆμα
2330 4957 2729 5029 λαμϐάνοντες,
2753 4954 2846 5007 καὶ
2886 4936 2991 5005 διά
3009 4948 3170 5004 τοῦτο
3202 4947 3278 5019 μὴ
3316 4947 3530 5000 δεῖσθαί
3557 4962 3703 5010 τινος

2116 5050 2226 5103 τῶν
2255 5048 2678 5129 ἀναγκαζόντων
2734 5045 3018 5116 ὁμολογεῖν
3067 5040 3197 5103 τοὺς
3239 5036 3565 5108 ἀγνώμονας
3602 5037 3707 5089 ὑπ-

451 5130 627 5240 tratu's
657 5187 742 5234 est
781 5130 1083 5245 quidquam
1108 5163 1373 5239 proﬁteri,
1399 5169 1459 5215 ut
1498 5159 1647 5216 soliti
1684 5171 1874 5213 sumus
1904 5156 2015 5210 exi-

2117 5142 2441 5213 ελάμδανεν.
2506 5132 2567 5194 σε
2606 5140 2665 5192 δέ
2690 5138 2789 5209 τῆς
2817 5133 2984 5190 αὐτοῦ
3018 5130 3425 5201 κατεγνωκότες
3465 5130 3709 5199 ἁπλότη-

452 5222 627 5240 “"“'"
657 5222 741 5234 νν*
788 5222 1043 5245 ‘I"-1—~~
1108 5222 1124 5239 .
1359 5222 1368 5227 .

451 5290 580 5345 gere
616 5272 685 5325 ab
725 5267 813 5323 bis
841 5277 979 5335 quos
1019 5260 1236 5315 futuros
1277 5254 1623 5325 suspicamur
1654 5250 1920 5321 ingratos.
1955 5246 2015 5298 At

2120 5254 2230 5301 τος,
2261 5237 2378 5289 ’καὶ
2399 5236 2462 5288 τὸ
2506 5232 2682 5300 δοθὲν,
2713 5230 2945 5301 ἕρμαιον
2995 5224 3265 5280 ποιεῖσθαι
3294 5222 3710 5286 σπουδάζοντες,

2238 5326 2285 5345 ν’·
2462 5344 2479 5345 κν
2500 5343 2531 5345 -Α
2568 5343 2580 5345 -
2608 5325 2695 5345 -ιη
2721 5322 2833 5345 2.---x
2890 5318 3099 5345 1..._n:-
3158 5314 3515 5345 ι...-..λι,,,,,
3546 5331 3562 5344 ,
3613 5312 3708 5345 ,ηδ

454 5336 530 5421 illi
544 5364 660 5430 ejus
679 5354 1143 5429 deprehendentes
1158 5346 1589 5416 simplicitatem,
1606 5337 1819 5409 etquod
1835 5336 2022 5390 datum

2130 5326 2414 5382 ποιοῦνται
2452 5325 2696 5396 πονηρὰν
2716 5322 2840 5377 ἀντὶ
2886 5318 3099 5388 ἀγαθῆς
3156 5314 3515 5371 ἀνταπόδοσιν
3546 5331 3562 5344 ·
3613 5312 3711 5366 καὶ

459 5405 633 5511 luerat
662 5405 970 5507 lucriﬁcare
992 5432 1578 5500 festinantes,.l‘aciunt
1610 5428 1901 5497 malignam
1927 5437 2015 5492 pre

2131 5420 2453 5490 φαρμακείᾳ
2472 5417 2563 5470 τὸν
2586 5414 2755 5486 ἄνδρα
2787 5413 3165 5485 μετέρχονται,
3204 5411 3270 5464 ἐκ
3312 5407 3490 5462 ποδῶν
3547 5405 3709 5459 αὐτὸν

460 5549 601 5602 bona
651 5535 1107 5597 vicissitudinem,
1145 5538 1199 5585 et
1231 5530 1409 5584 virum
1444 5519 2022 5587 malehcioimpetunt,

2131 5511 2322 5565 θᾶττον
2362 5507 2587 5580 ποιῆσαι
2620 5507 2954 5577 γλιχόμενοι,
2983 5503 3071 5558 ἶνα
3104 5501 3193 5556 διὰ
3249 5500 3434 5570 τὸτῆς
3492 5496 3705 5568 ἀναιρέ-

459 5635 607 5690 hunc
652 5647 682 5687 e
734 5628 912 5684 medio
963 5625 1199 5680 ablatum
1257 5618 1421 5673 citius
1471 5610 1799 5669 invisibilem
1847 5606 2015 5661 facere

2135 5619 2272 5665 σεως
2303 5601 2518 5674 ἄδηλον,
2555 5600 2649 5654 καὶ
2680 5599 2780 5669 τὴν
2798 5596 2958 5668 δίκην
2988 5594 3244 5659 λαθόντες
3265 5589 3709 5664 “ﬁrmamina!

1963 5719 2197 5777 ΝΟΤιΕ.

541 5810 655 5882 (55)
712 5809 929 5865 Inclusa
953 5806 1150 5862 desunt
1179 5805 1236 5858 in
1265 5801 1475 5857 Graeco.
