4002 6316
270 365 414 427 3533

1261 363 1363 422 SS.
1396 360 1572 423 CYRI
1610 358 1704 422 ET
1740 356 2065 421 IOANNIS
2097 352 2497 419 MIRACULA

3394 334 3536 404 δεδι

282 475 337 528 τὸ
360 472 574 528 δάνειον
605 473 680 544 μὴ
712 473 999 527 ἐκτίσωσιν
1026 490 1039 505 ο
1070 473 1230 527 τοῦτο
1275 473 1383 545 γὰρ
1441 470 1510 547 ἦν
1560 474 1744 537 αὑτοῖς
1799 471 1865 527 τδ

1976 473 2281 543 gestientes,
2320 477 2380 525 ut
2403 480 2500 539 per
2525 460 2966 535 interemptionis
2997 458 3287 524 incertum,
3310 462 3366 511 et
3394 450 3537 525 judi-

277 566 634 637 ποθούμενον.
676 553 1012 635 Ἐλογίξοντο
1028 565 1085 621 δὲ
1104 567 1243 637 τάχα
1265 568 1359 620 καὶ
1397 566 1553 621 τοῦτο
1576 567 1696 620 καθ’
1727 565 1854 619 ἑαυ-

279 663 401 724 τοὺς
427 662 479 714 oi
506 660 932 732 τρισάθλιοι,ώς
977 658 1105 725 τοὺς
1149 661 1466 732 ἀνθρώπους
1510 663 1557 715 εί
1616 660 1852 725 λάθοιεν,

274 755 371 807 καὶ
391 753 452 807 τὸ
473 754 628 824 ὄμμα
657 754 868 827 Κυρίου
901 754 963 808 τὸ
983 755 1285 827 ἀκοίμητον
1306 755 1583 823 λήσονται.

362 1018 777 1089 Ἐφαρμάττετο
808 1018 908 1088 μὲν
936 1018 1052 1083 οὑν,
1088 1018 1162 1082 ὡς
1186 1018 1346 1091 ἔφην,
1376 1021 1405 1072 ὁ
1428 1020 1727 1089 Στέφανος,
1757 1020 1856 1074 καὶ

280 1111 516 1171 θάνατος
577 1105 649 1181 ἦν
678 1112 708 1162 ὁ
737 1110 940 1174 σκοπὸς
987 1110 1084 1164 τοῦ
1114 1109 1494 1183 φαρμάζοντος
1523 1128 1538 1144 ο
1563 1111 1624 1166 δν
1680 1112 1859 1186 σκέπῃ

278 1201 381 1269 μὲν
403 1198 536 1253 Θεοῦ
556 1200 651 1253 καὶ
679 1198 841 1269 βουλῇ
871 1200 1203 1269 διαπέφευγε
1237 1217 1252 1233 °
1286 1201 1461 1272 πάντη
1489 1201 1548 1255 δὲ
1574 1202 1668 1255 τοῦ
1694 1202 1861 1273 δηλη-

279 1291 475 1360 τηρίου
518 1291 616 1361 τὴν
654 1291 837 1362 λώϐην
890 1292 992 1344 οὑκ
1042 1292 1267 1361 ἔφυγεν,
1315 1292 1433 1346 ἀλλ’
1492 1292 1862 1364 αἱμορῤσγίας

276 1381 586 1436 ὑποπίπτει
614 1383 905 1452 νοσήματι,
919 1382 1017 1435 καὶ
1049 1384 1153 1454 ήμέ
1166 1400 1264 1454 ρας
1282 1384 1523 1453 ἑκάστης
1552 1384 1644 1437 τὸν
1663 1385 1864 1437 οἰκεῖον

284 1474 485 1527 {manu
513 1472 771 1541 θάνατον,
803 1473 1000 1544 αἵμασι
1023 1475 1161 1544 ῥέων
1189 1474 1278 1529 διὰ
1326 1473 1567 1544 γαστρὸς
1623 1474 1719 1527 καὶ
1768 1472 1864 1527 τοῦ

279 1563 580 1634 στόματος,
602 1565 698 1616 καὶ
724 1563 930 1627 πάντας
953 1564 1275 1634 ἐκπλήττων
1291 1564 1369 1634 τῷ
1392 1565 1585 1636 πλήθει
1605 1568 1703 1636 τῆς
1736 1565 1830 1634 ρεύ
1851 1595 1865 1606 -

284 1669 446 1717 σεως,
472 1652 566 1705 καὶ
586 1652 714 1722 βοᾷν
748 1652 1075 1721 ἀναγκάζων
1102 1654 1230 1717 τοὺς
1270 1653 1591 1722 βλέποντας,
1615 1655 1691 1719 ὡς
1714 1656 1865 1709 θάνοι

1961 568 2107 622 cium
2139 563 2523 619 delitescentes
2555 556 2874 626 effugerent,
2914 559 2970 609 et
3004 558 3252 606 mutuum
3286 562 3396 602 non
3422 561 3540 615 per-

1960 659 2273 722 solverent;
2306 656 2410 709 hoc
2451 651 2599 707 enim
2630 649 2967 706 desiderium
3007 653 3125 701 erat
3158 644 3286 699 illis.
3316 641 3539 714 Cogita.

1959 751 2093 805 bant
2137 756 2316 801 autent
2373 744 2519 816 apud
2571 760 2630 799 se
2674 739 2924 797 fortassis
2972 736 3289 801 miserrimi,
3328 733 3475 806 quod
3493 733 3540 790 sl

1961 841 2209 896 homines
2250 839 2415 893 latere
2458 837 2786 906 potuissent,
2810 841 2866 887 et
2912 831 3130 886 oculum
3162 828 3276 892 Dei,
3310 829 3401 899 qui
3433 842 3539 883 non

1960 930 2190 992 dormit,
2225 930 2397 984 latere
2426 927 2788 983 nihilominus
2826 924 3149 981 valuissent.

2035 1016 2282 1088 Denique
2305 1026 2363 1071 ιιι
2388 1017 2500 1072 dixi
2518 1014 2788 1070 maleficio
2812 1012 3126 1085 Stephanus
3149 1012 3539 1082 impelehatur,

1964 1121 2018 1168 et
2067 1111 2323 1167 maleficii
2356 1125 2506 1165 mors
2541 1118 2661 1164 erat
2700 1108 2931 1163 intentio
2960 1124 2976 1174 ;
3006 1120 3170 1176 quam
3203 1105 3544 1175 protectione

1966 1205 2063 1261 Dei
2113 1213 2169 1261 et
2222 1204 2505 1259 voluntate
2569 1200 2785 1273 diffugit
2836 1199 3078 1271 quidem,
3135 1198 3230 1254 sed
3292 1197 3541 1251 maleficii

1966 1298 2245 1353 lmsionem
2291 1295 2513 1366 penitus
2561 1308 2670 1349 non
2695 1293 2917 1357 evasit;
2951 1307 3141 1347 verum
3197 1290 3377 1345 ﬂuxus
3423 1305 3546 1344 san-

1966 1389 2147 1458 guinis
2202 1387 2519 1456 languorem
2569 1385 2821 1449 incurrit,
2883 1390 2939 1439 et
2990 1399 3086 1453 per
3124 1383 3374 1453 singulos
3427 1381 3545 1437 dies

1967 1487 2197 1535 mortem
2242 1494 2398 1534 suam
2446 1478 2782 1543 intuebatur,
2835 1476 3157 1544 sanguinem
3205 1489 3372 1545 super
3419 1488 3548 1529 san-

1967 1572 2187 1641 guinem
2219 1570 2454 1626 fundens
2478 1584 2575 1639 per
2620 1583 2682 1625 os
2707 1567 2869 1624 simul
2898 1577 2953 1623 et
2978 1577 3250 1631 ventrem,
3279 1573 3333 1621 et
3354 1579 3547 1620 omnes

1969 1663 2024 1717 in
2071 1661 2490 1716 admirationem
2546 1674 2713 1730 agens
2768 1675 2879 1731 prae
2938 1658 3292 1715 multitudine
3341 1659 3545 1721 ﬂuxus,

284 1745 506 1809 πάντως
577 1745 684 1815 πρὸ
743 1745 845 1815 τῆς
912 1745 1006 1799 τοῦ
1074 1746 1309 1818 αἵματος
1375 1748 1636 1812 στάσεως.
1709 1746 1866 1801 Οὖτω

1976 1759 2315 1823 cunctosque
2357 1752 2596 1807 clamare
2615 1751 2706 1821 qui
2738 1750 2994 1807 videbant
3024 1751 3546 1822 compellens,qnod

280 1837 409 1891 καθ’
434 1835 587 1905 ὤραν
608 1836 932 1892 κινδυνεύων
971 1838 1000 1890 ὁ
1029 1839 1321 1905 Στέφανος,
1376 1838 1470 1892 καὶ
1521 1840 1660 1893 κατά
1706 1839 1866 1910 ῥύσιν

1976 1846 2277 1900 moriturus
2326 1851 2474 1900 esset
2524 1854 2649 1898 ante
2690 1842 2976 1915 sanguinis
3028 1850 3256 1896 statum.
3285 1839 3420 1895 lium
3470 1841 3551 1897 sic

283 1927 519 1995 αἵματος
541 1926 865 1980 ὑποπτεύων
898 1927 991 1980 τὸν
1018 1929 1272 1994 θάνατον,
1295 1929 1391 1984 καὶ
1423 1931 1497 2000 μὴ
1545 1929 1726 1999 τυχὼν
1777 1931 1862 1983 ίαο

278 2016 415 2087 τροῦ
448 2017 540 2069 τοῦ
568 2016 660 2072 τὸν
695 2018 928 2073 θάνατον
953 2017 1329 2087 ὲκδιώκοντος,
1351 2019 1443 2072 ἐπὶ
1496 2020 1684 2091 Κῦρον
1708 2020 1865 2073 ἔπλει

278 2108 371 2161 τὸν
406 2108 665 2180 μάρτυρα
706 2109 801 2163 καὶ
833 2108 1089 2179 Ἰωάννην
1141 2109 1233 2163 τὸν
1289 2110 1472 2181 Κύρου
1530 2111 1816 2181 συνόμιλον
1849 2127 1862 2142 ·

275 2201 505 2263 τούτους
538 2202 603 2256 ἐκ
634 2202 885 2272 κρυφίων
906 2201 1234 2271 πυθόμενος,
1300 2201 1493 2271 μόνους
1531 2202 1671 2272 μετά
1733 2204 1866 2256 Θεὸν

276 2292 617 2363 θεραπεῦσαι
636 2293 967 2363 δυναμένους
994 2293 1056 2346 τὸ
1078 2294 1312 2363 νόσημα,
1338 2294 1432 2346 καὶ
1459 2294 1557 2363 τῆς
1584 2294 1868 2364 παρούσης

274 2384 530 2455 ἀνάγκης
584 2384 984 2454 λυτρώσασθαι.
1042 2384 1141 2445 Είς
1212 2382 1305 2446 οὓς
1363 2384 1714 2453 ἀφικόμενος,
1773 2386 1869 2437 καὶ

274 2476 496 2544 δεήσεις
536 2476 719 2538 αὑτοῖς
772 2476 1156 2544 ἐνεγκάμενος,
1211 2473 1451 2544 ἠκούσθη
1507 2492 1569 2527 τε
1614 2477 1708 2527 καὶ
1756 2476 1868 2529 τῶν

281 2565 543 2618 κινδύνων
587 2564 840 2628 ἐσώζετο.
896 2565 1161 2628 Φανέντες
1205 2566 1313 2635 γάρ
1354 2567 1495 2619 κατὰ
1523 2568 1650 2629 τοὺς
1668 2567 1877 2626 ὑπνους-

276 2657 330 2709 οί
351 2655 520 2725 ἀγιοι,
548 2657 731 2728 πράσα
760 2659 953 2725 φαγεῖν
972 2657 1350 2709 ἐπιτάττουσιν
1383 2657 1457 2728 μὴ
1498 2658 1872 2729 προσαχθέντα

283 2748 419 2820 πυρί
445 2765 504 2801 τε
537 2748 634 2801 καὶ
655 2748 891 2818 νάμασιν
913 2765 925 2780 ·
961 2749 1105 2818 άπερ
1157 2746 1350 2817 φαγὼν
1382 2748 1457 2809 ὡς
1486 2748 1864 2815 ὲκεκέλευστο,

282 2840 382 2909 τῆς
418 2840 516 2909 μὲν
538 2840 643 2892 τῶν
665 2841 911 2909 αἱμάτων
935 2839 1307 2909 ἀπηλλάττετο
1342 2839 1602 2909 ῥεύσεως,
1627 2842 1722 2894 καὶ
1770 2841 1870 2910 τῆς

278 2929 499 2991 τελείας
528 2929 702 2993 οὕτως
724 2932 959 3001 ἐπέτυχε
1001 2929 1249 3000 ῥώσεως.

354 3020 476 3086 Νὺξ
505 3017 574 3092 ἦν
605 3024 700 3075 καὶ
735 3022 840 3092 πρὸ
868 3022 960 3075 τοῦ
991 3022 1099 3076 τῶν
1136 3023 1307 3091 ἁγίων
1343 3023 1535 3076 ἵστατο
1558 3024 1864 3095 μνήματος,

284 3109 382 3164 καὶ
407 3109 614 3180 ταύτης
640 3114 824 3180 τυχεῖν
854 3110 1153 3177 ἐλιτάνευε,
1179 3111 1424 3180 γονάτων
1454 3111 1698 3183 κάμψεσι
1721 3113 1868 3182 χρώο

1974 1934 2287 2005 Stephanus
2339 1950 2435 2005 per
2475 1934 2722 2004 singulas
2789 1934 2953 1989 horas
3005 1934 3442 2005 periclitabatur,
3495 1942 3553 1989 et

1971 2034 2200 2093 mortem
2248 2042 2346 2096 per
2403 2028 2687 2096 sanguinis
2735 2025 2960 2081 fluorem
3019 2025 3440 2095 suspicabatur,
3497 2034 3552 2079 et

1971 2116 2185 2172 medico
2238 2131 2346 2170 non
2405 2117 2628 2172 invento
2676 2118 2768 2186 qni
2829 2126 3058 2171 mortem
3125 2116 3433 2185 repelleret,
3482 2115 3550 2169 ad

1970 2207 2174 2278 Cyrum
2219 2207 2509 2277 navigabat
2560 2216 2853 2277 martyrem
2920 2214 2975 2260 et
3037 2204 3305 2260 Joannem
3382 2204 3550 2273 hujus

1971 2296 2231 2367 martyris
2284 2312 2618 2366 comparent,
2678 2297 2777 2350 hos
2818 2296 3161 2365 comperiens
3193 2311 3258 2351 ex
3309 2296 3551 2352 millibus

1972 2388 2121 2443 solos
2148 2396 2271 2456 post
2302 2388 2468 2442 Deum
2502 2402 2699 2442 curare
2744 2402 2904 2456 posse
2936 2388 3268 2457 languorem.
3300 2388 3379 2443 Ad
3410 2403 3550 2451 quos

1971 2492 2098 2532 eum
2139 2477 2396 2541 venisset,
2427 2485 2479 2529 ct
2509 2492 2696 2545 preces
2744 2476 2827 2532 eis
2857 2477 3074 2531 enixius
3110 2477 3422 2541 obtulisset,
3461 2493 3551 2532 au-

1971 2571 2121 2629 ditus
2171 2577 2277 2635 est,
2330 2578 2384 2623 et
2420 2583 2450 2622 a
2489 2569 2751 2637 periculis
2782 2569 3119 2624 salvabatur.
3160 2570 3347 2624 Sancti
3378 2570 3549 2634 enim,

1974 2671 2304 2735 apparentes
2340 2662 2394 2714 in
2429 2662 2661 2719 somnis.
2700 2676 2897 2731 porros
2958 2660 3295 2716 manducare
3352 2662 3551 2731 praeci-

1973 2755 2152 2823 piunt,
2194 2768 2369 2823 neque
2392 2753 2502 2821 igni
2558 2768 2733 2822 neque
2766 2753 2921 2823 aquis
2948 2752 3140 2806 allatas
3187 2770 3202 2818 ;
3244 2767 3384 2821 quos
3424 2767 3550 2806 cum

1973 2844 2131 2898 sicuti
2160 2844 2349 2913 jussus
2387 2852 2471 2898 est
2504 2843 2911 2908 manducasset,
2944 2851 3000 2897 et
3042 2858 3070 2895 a
3094 2842 3243 2896 ﬂuxu
3265 2843 3552 2911 sanguinis

1976 2934 2262 2993 liberatus.
2314 2946 2368 2987 et
2399 2933 2697 3004 perfectam
2750 2934 2831 2987 sic
2867 2932 3094 3003 adeptus
3122 2940 3206 2988 est
3233 2934 3548 2990 sanitatem.

2043 3020 2163 3077 Nox
2193 3030 2311 3077 erat
2336 3031 2394 3076 et
2427 3030 2555 3077 ante
2585 3029 2906 3078 sanctorum
2957 3030 3371 3078 monumentum
3407 3031 3553 3079 asta-

1976 3114 2090 3180 bal,
2124 3123 2180 3170 et
2213 3115 2356 3169 hanc
2400 3115 2669 3185 consequi
2718 3114 3045 3183 precabatur
3080 3115 3315 3186 genibus
3372 3113 3550 3183 ﬂexis,

264 3219 474 3285 ‘yEVOC.
502 3204 597 3255 καὶ
621 3206 742 3267 ταῖς
774 3202 869 3257 τοῦ
901 3204 1153 3273 μετώπου
1183 3203 1321 3275 πρὸς
1372 3207 1472 3273 γῆν
1539 3204 1864 3257 κατανεύσει

1976 3212 2028 3258 et
2057 3203 2256 3260 frontis
2304 3204 2534 3259 nutibus
2567 3181 2621 3259 in
2671 3181 2871 3259 terram
2909 3181 3123 3260 defixis.
3156 3203 3222 3259 Et
3270 3219 3397 3260 cum
3449 3181 3558 3262 hoc

290 3309 396 3349 σιν.
435 3294 541 3347 Καὶ
568 3293 725 3348 τοῦτο
754 3294 1036 3357 ποιοῦντος
1060 3294 1249 3360 αὑτοῦ,
1273 3296 1365 3348 καὶ
1381 3296 1512 3349 ποτὲ
1533 3295 1631 3366 μὲν
1650 3297 1871 3350 ἀνιστα-

290 3387 484 3457 μένου,
540 3386 674 3439 ποτὲ
703 3386 762 3439 δὲ
791 3387 928 3457 πρὸς
969 3388 1073 3459 γῆν
1123 3386 1600 3457 κατανεύοντος,ή
1657 3386 1872 3459 κορυφὴ

289 3477 437 3532 κατά
457 3476 627 3547 μέσης
650 3475 950 3545 ἀνοίγεται,
981 3477 1077 3529 καὶ
1098 3476 1303 3545 ταύτης
1325 3475 1536 3547 ἐκπηδᾷ
1567 3476 1661 3530 καὶ
1683 3475 1873 3528 πίπτει

292 3570 683 3640 σκολόπενδρω
710 3570 898 3639 θηρίον
926 3569 1113 3623 τοῦτον
1141 3568 1393 3641 ἠρίθμοις
1416 3567 1518 3641 {ita
1546 3566 1695 3640 cod.|
1719 3570 1877 3622 ποσὶν

292 3661 726 3732 είλυσπώμενον,
785 3661 971 3716 ἀσπίδι
998 3678 1059 3715 τε
1090 3663 1263 3732 μικρᾷ
1337 3662 1741 3732 παραπλήσιον.
1767 3655 1875 3726 Ἦς

292 3750 641 3821 ἐκπεσούσης
697 3751 792 3805 καὶ
834 3753 978 3821 φυγῇ
997 3751 1351 3821 χρησαμένης
1418 3751 1495 3813 ὡς
1543 3750 1794 3820 τάχιστα,
1848 3753 1877 3805 ὁ

290 3842 569 3911 Στέφανος
592 3841 875 3911 ἐκθαμδος
899 3841 1090 3896 ἵστατο
1116 3856 1130 3872 ·
1160 3842 1256 3895 καὶ
1304 3840 1635 3911 ψηλαφήσας
1678 3841 1874 3896 ἑαυτοῦ

289 3932 397 4002 τῆς
429 3930 672 4002 κεφαλῆς
701 3932 763 3985 τὸ
788 3930 1138 4003 μεσαίτατον,
1172 3931 1295 3984 ὅθεν
1321 3930 1645 3997 ἐξελθοῦσαν
1679 3932 1878 4003 ᾔσθετο

290 4020 397 4092 τὴν
426 4021 840 4092 σκολόπενδραν,
875 4020 1098 4091 τραῦμα
1131 4021 1230 4091 μὲν
1271 4019 1414 4075 κατὰ
1461 4020 1555 4072 τὸν
1582 4021 1749 4075 τόπον
1777 4023 1878 4094 οὑχ

290 4110 573 4182 εὕρισκεν,
605 4111 638 4183 ἢ
665 4111 823 4182 ῥύσιν
859 4110 1090 4180 αἵματος
1123 4110 1552 4180 κατεμάνθανεν,
1580 4110 1876 4181 ὑγρότητος

289 4203 351 4257 δέ
380 4221 528 4268 τινος
549 4205 644 4258 καὶ
667 4205 998 4274 χαυνότητος
1028 4204 1138 4258 τῶν
1185 4205 1386 4259 ὀστέων
1420 4205 1709 4277 ἑπῄσθετο.
1762 4208 1875 4261 Ka‘i

289 4291 442 4350 οὕτω
466 4292 648 4363 τυχὼν
670 4294 769 4363 τῆς
799 4293 1015 4357 ἰάσεως,
1040 4294 1122 4357 εἰς
1165 4294 1248 4348 ἔτι
1295 4294 1391 4349 καὶ
1422 4295 1727 4366 θαυμάζειν
1782 4298 1878 4350 καὶ

292 4382 589 4454 τεθητ.έναι
626 4385 769 4437 ποιεῖ
794 4384 919 4447 τοὺς
938 4383 1256 4449 ἀκούοντας,
1280 4387 1374 4440 καὶ
1407 4389 1697 4458 συνυμνεῖν
1726 4389 1877 4459 αὐτῷ

1979 3294 2210 3359 faceret.
2239 3304 2295 3351 et
2321 3296 2620 3367 aliquando
2646 3296 2867 3366 quidem
2899 3312 2929 3351 e
2957 3304 3151 3351 contra
3181 3305 3375 3362 staret,
3410 3298 3554 3353 alio-

1975 3386 2108 3455 quin
2134 3401 2266 3441 vero
2296 3387 2352 3440 in
2384 3394 2585 3441 terram
2628 3400 2751 3441 sese
2792 3393 3072 3450 curvaret,
3102 3392 3288 3440 vertex
3312 3400 3411 3455 per
3436 3401 3554 3441 me-

1974 3476 2128 3531 dium
2161 3478 2423 3547 aperitur,
2448 3486 2500 3533 et
2527 3492 2593 3532 ex
2622 3477 2731 3531 hoc
2756 3476 2883 3532 salit
2911 3483 2965 3530 et
2996 3476 3143 3530 cadit
3164 3477 3550 3545 scolopendra,

1974 3582 2097 3637 quae
2127 3574 2214 3622 est
2242 3567 2416 3622 bestia
2465 3567 2774 3622 numerosis
2819 3564 3051 3635 pedibus
3101 3566 3357 3635 gradiens
3401 3569 3554 3637 aspi-

1974 3660 2140 3729 dique
2163 3659 2377 3730 pusillae
2405 3658 2709 3715 simillima.
2731 3656 2849 3721 Qua
2879 3663 3072 3711 ruente
3101 3663 3154 3711 et
3177 3655 3360 3727 fugam
3385 3672 3557 3725 quan-

1976 3751 2157 3808 tocius
2186 3750 2431 3815 ineunte,
2484 3747 2829 3820 stupefactus
2862 3746 3175 3817 Stephanns
3220 3749 3402 3803 stabat
3438 3749 3554 3816 pal-

1977 3856 2225 3911 pansque
2267 3839 2467 3910 capitis
2514 3838 2602 3894 sui
2645 3837 2910 3903 medium,
2945 3839 3088 3892 unde
3129 3838 3550 3908 sculopendram

1978 3933 2129 3986 illam
2186 3939 2437 3988 senserat
2489 3931 2689 3996 exisse,
2735 3946 2837 3986 nec
2880 3930 3083 3987 vulnus
3128 3931 3182 3989 in
3226 3932 3347 3986 loco
3396 3931 3553 3989 inve-

1976 4025 2180 4090 aiebat,
2239 4039 2343 4080 nec
2391 4022 2620 4083 ﬂuorem
2674 4022 2959 4093 sanguinis
3016 4023 3388 4091 agnoscebat.
3454 4025 3551 4080 sed

1977 4121 2188 4169 tantum
2217 4113 2504 4168 humorem
2536 4109 2853 4182 quemdam,
2879 4118 2936 4165 et
2974 4109 3304 4164 laxationem
3343 4109 3550 4165 ossium
3582 4162 3590 4169 ,

1975 4203 2312 4260 advertebat.
2352 4202 2457 4268 Qui
2508 4200 2689 4256 taliter
2743 4202 2980 4259 sanitate
3032 4198 3204 4253 fretus
3257 4196 3483 4270 [fruitus
3504 4195 3552 4269 η

1978 4306 2207 4353 eatenus
2234 4296 2466 4350 miratur
2493 4302 2548 4349 et
2580 4292 2937 4363 obstupescit,
2967 4303 3022 4347 et
3049 4291 3336 4347 audientes
3361 4290 3550 4344 mirari

1977 4388 2108 4444 facit
2138 4395 2193 4444 et
2219 4387 2627 4457 obstupescere,
2654 4398 2950 4453 secumque
2992 4382 3214 4437 laudare
3238 4390 3553 4439 sanctorum

289 4474 519 4545 τὴντῶν
552 4476 723 4543 ἁγίων
749 4475 1077 4542 ἀξιάγαστον
1105 4476 1352 4547 δύναμιν.
1397 4478 1591 4548 Ἡμεῖς
1627 4478 1684 4532 δὲ
1710 4479 1869 4534 πάλιν

1978 4478 2197 4549 digtlm
2248 4476 2611 4532 admiratione
2661 4475 2943 4528 virtutem.
2986 4473 3159 4528 Porro
3210 4487 3312 4529 nos
3360 4480 3414 4528 ct
3467 4471 3555 4526 hic

293 4542 392 4617 καὶ
419 4542 657 4620 ἐνταῦθα
677 4567 804 4629 τοὺς
835 4542 1290 4636 θαυματουργοὺς
1333 4542 1674 4640 ὑμνήσαντες
1731 4571 1869 4642 μάρ-

1977 4542 2179 4624 iterum
2248 4577 2516 4638 martyras
2583 4564 2977 4620 miraculorum
3041 4574 3363 4633 operatores
3429 4563 3551 4618 lau—

293 4672 488 4728 τυρας,
544 4657 995 4729 θαυματουργίας
1035 4657 1202 4729 ἄλλης
1240 4658 1420 4713 αὐτῶν
1486 4661 1875 4731 μνημονεύσω-

297 4769 426 4823 μιν.

366 4862 443 4920 ε’.
478 4864 618 4933 Περὶ
660 4864 966 4937 Θεοδώρου
1007 4863 1113 4937 τοῦ
1162 4861 1486 4925 Βυζαντίου
1540 4866 1876 4937 ἐσχηκότος

905 4934 973 4985 τὸ
998 4934 1264 5002 πύρωμα.

366 5023 475 5077 Τὺν
502 5026 570 5078 ὲκ
599 5022 888 5089 Βυζαντίου
942 5023 1237 5095 Θεόδωρον,
1284 5025 1382 5096 οὑχ
1445 5027 1605 5097 ἡμεῖς
1630 5027 1768 5100 πρὸς
1794 5029 1874 5082 δι-

294 5115 496 5187 ήγησιν
524 5117 749 5187 ἄγομεν,
781 5116 917 5170 ἀλλά
939 5116 1100 5171 πάλιν
1115 5116 1369 5171 καλοῦσιν
1397 5118 1446 5170 οί
1477 5120 1644 5188 ἅγιοι,
1678 5120 1869 5194 ὥσπερ

295 5206 679 5278 καὶπρότερον
709 5206 1006 5278 πάσχοντα,
1058 5206 1195 5277 πρὸς
1239 5207 1532 5279 θεραπείαν
1581 5210 1869 5267 ἐκάλεσαν.

297 5299 524 5353 Πάντων
556 5299 663 5369 γὰρ
680 5298 790 5350 τῶν
820 5297 914 5350 ἐπὶ
937 5299 1039 5367 γῆς
1074 5298 1197 5368 ἴσην
1260 5298 1569 5368 ποιούμενοι
1592 5301 1867 5371 πρόνοιαν,

294 5391 395 5443 καὶ
426 5391 550 5453 τοὺς
580 5387 935 5459 γειτνιῶντας
960 5390 1144 5452 αὐτοῖς
1193 5389 1382 5442 παθῶν
1412 5391 1868 5458 ἀπαλλάττουσιν,

294 5484 395 5537 καὶ
426 5482 554 5547 τοὺς
587 5482 778 5554 πόρρω
807 5480 1093 5549 διάγοντας
1142 5482 1493 5549 ἀφικνεῖσθαι
1526 5486 1870 5555 προτρέπουο

296 5590 407 5635 σιν,
453 5576 546 5628 καὶ
591 5573 721 5645 παρ’
752 5571 932 5627 αὑτῶν
958 5572 1057 5643 τὴν
1113 5571 1259 5625 ἴασιν
1286 5573 1622 5643 δρέπεσθαι*
1680 5575 1872 5648 ὥσπερ

293 5663 562 5733 λειμῶνος
594 5663 823 5734 φαιδροῦ
850 5666 941 5717 καὶ
971 5664 1045 5733 μὴ
1087 5664 1345 5734 λήγοντος
1376 5664 1596 5729 εὐώδεις
1624 5668 1733 5720 τῶν
1771 5671 1868 5721 ἀν-

294 5754 439 5807 θέων
485 5756 609 5817 τοὺς
675 5754 938 5814 κάλυκας.
985 5751 1289 5822 Ἢρρώστει
1351 5752 1448 5821 μὲν
1501 5755 1595 5807 καὶ
1666 5757 1873 5811 6565(0-

1979 4659 2194 4724 dantes,
2231 4657 2459 4717 alterius
2492 4671 2683 4712 eorum
2732 4654 2934 4726 patrati
2982 4655 3233 4711 miraculi
3284 4655 3552 4710 faciamus

1979 4763 2319 4803 memortam.

2011 4862 2123 4918 LX.
2156 4861 2232 4916 De
2271 4862 2534 4916 Theodoro
2568 4853 2830 4932 Byzantio
2861 4861 2950 4932 qui
2980 4859 3282 4914 incendium
3309 4858 3513 4914 habuit.

2046 5021 2162 5077 Non
2190 5035 2289 5078 nos
2317 5036 2346 5074 ιι
2387 5020 2648 5092 Byzantio
2693 5018 2763 5073 ad
2808 5020 3177 5074 narrationem
3201 5018 3550 5075 Theodorum

1975 5116 2261 5178 ducimus,
2297 5113 2393 5169 sed
2443 5114 2617 5168 sancti
2669 5113 2818 5168 hunc
2866 5112 3065 5168 iterum
3109 5119 3327 5178 vocant,
3357 5128 3548 5183 quein-

1975 5205 2270 5260 admodum
2319 5204 2448 5257 dum
2505 5211 2803 5273 pateretur,
2839 5201 2907 5257 ad
2946 5202 3288 5258 curationem
3323 5216 3552 5272 prorsus

1976 5304 2326 5354 vocaverant.
2375 5297 2632 5353 Omnium
2687 5299 2910 5368 quippe,
2951 5298 3045 5368 qui
3105 5312 3271 5368 supra
3317 5306 3545 5363 terram,

1973 5407 2185 5462 aequam
2229 5390 2629 5461 providentiam
2675 5390 2963 5458 facientes,
3009 5400 3066 5447 et
3108 5408 3206 5447 eos
3248 5395 3342 5465 qui
3382 5395 3552 5449 vicini

1974 5484 2077 5541 sibi
2103 5493 2231 5538 sunt
2275 5499 2305 5539 a
2349 5481 2697 5552 passionibus
2728 5481 2981 5543 liberant,
3016 5491 3072 5539 et
3109 5485 3200 5554 qui
3233 5485 3422 5553 procul
3450 5485 3547 5542 de-

1974 5584 2129 5643 gunt,
2183 5575 2393 5639 venire,
2450 5582 2506 5629 et
2542 5573 2686 5629 a'se
2738 5574 3049 5637 sanitatem,
3101 5575 3257 5642 quasi
3313 5591 3345 5629 a
3389 5584 3548 5646 prato

1970 5667 2278 5722 delectabili
2321 5676 2373 5721 et
2425 5679 2644 5719 aunceno
2690 5664 2815 5718 boni
2862 5662 3051 5719 odoris
3091 5664 3285 5720 ﬂormn
3328 5666 3549 5738 calycas

1976 5769 2181 5814 metere
2209 5758 2590 5814 cohortantur.
2616 5754 3002 5813 lnﬂrinabatur
3029 5757 3175 5813 enim
3198 5755 3544 5816 Theodorus.
