3930 6316
379 329 520 400 3635

1289 330 1352 389 S.
1384 328 1804 399 SOPHRONII
1839 328 2349 397 PATRIARCHIE
2375 325 2779 390 HIEROSOL.

318 462 327 469 ο
382 456 438 499 et
472 443 808 500 inﬁrmitatis
849 443 1007 498 locus
1053 448 1172 497 erat
1202 442 1550 513 Byzantium.
1594 442 1776 502 Causa
1831 458 1998 506 vere;

2091 457 2185 506 20¢,
2231 442 2328 496 καὶ
2376 440 2539 505 τόπος
2592 440 2693 511 τῆς
2738 440 3052 512 ἀρρωστίας
3103 438 3173 513 ἦν
3226 442 3288 503 τὸ
3340 441 3679 506 Βυζάντιον

386 537 726 603 inﬁrmitatis
784 535 906 605 ejus
959 541 1079 589 erat
1154 534 1587 603 inexstinguible
1646 533 1959 589 incendium

386 632 530 699 quod
566 628 837 684 valentius
868 641 1222 692 succensum,
1253 627 1543 682 sinistrum
1591 625 1712 696 ejus
1757 625 1974 680 inﬂam-

388 724 575 777 mabat
624 722 836 791 pedem,
871 721 1053 775 locum
1091 721 1170 774 illi
1207 735 1315 775 non
1369 722 1558 776 sinens
1607 720 1801 775 saltem
1858 730 1974 774 mo-

390 815 574 868 dicum
608 813 1039 877 incombustum,
1090 812 1183 868 sed
1229 821 1402 867 totum
1452 812 1686 867 reddens
1731 811 1799 865 ad
1826 812 1970 866 aliud

391 905 543 974 quid,
592 918 755 973 quam
803 902 960 973 pedis
1000 903 1435 958 similitudinem.
1465 902 1800 957 Medicorum
1843 916 1973 956 vero

397 994 651 1063 sophista:
705 994 1003 1059 ae.dnces,
1053 994 1147 1064 qui
1189 992 1352 1049 ﬂores
1391 1000 1549 1048 erant
1595 993 1732 1048 artis
1779 993 1975 1051 claris-

394 1088 541 1152 simi,
574 1101 695 1142 cum
741 1086 1009 1142 ministris
1052 1095 1107 1140 et
1144 1087 1329 1156 pueris
1372 1097 1747 1149 accurrentcs,
1777 1094 1829 1141 et
1860 1084 1974 1139 fer-

392 1180 578 1235 vidum
628 1180 781 1234 illum
835 1181 1152 1251 languorem
1216 1178 1565 1248 exstinguere
1628 1177 1972 1243 festinantes,

395 1271 595 1325 inﬁrmi
623 1286 748 1326 esse
768 1269 833 1323 ad
857 1269 1020 1340 hujus
1043 1270 1462 1326 exstinctiouem
1484 1268 1973 1326 convincebatttur.

468 1361 626 1415 Sicut
669 1361 816 1416 enim
854 1360 979 1430 igne
1030 1361 1474 1430 praevalescente,
1519 1374 1684 1414 omne
1721 1357 1866 1428 quod
1907 1358 1976 1413 ad

395 1453 571 1520 ipsius
602 1452 828 1506 allatum
866 1452 1031 1507 fuerit
1057 1453 1481 1518 exstinctionem
1516 1450 1690 1509 fontes
1719 1450 1972 1516 ellicitur,

394 1552 447 1596 et
479 1541 699 1597 llamma
718 1557 841 1612 quae
870 1555 977 1595 non
1009 1541 1311 1613 mitigatur,
1338 1541 1489 1595 omni
1515 1556 1635 1611 qua:
1658 1541 1785 1595 data
1811 1540 1976 1595 fuerit

396 1636 603 1704 specie,
639 1634 693 1688 in
723 1643 975 1689 naturam
1005 1635 1191 1689 statim
1228 1633 1368 1703 ignis
1392 1633 1680 1699 translata,
1716 1632 1790 1686 ita
1812 1641 1865 1687 et
1887 1631 1977 1687 hic

396 1738 521 1777 cum
551 1725 789 1779 validum
829 1733 980 1780 esset
1020 1723 1356 1787 incendium,
1397 1739 1562 1779 omne
1602 1723 1745 1793 quod
1782 1720 1977 1777 medici

2074 535 2246 589 αἴτιον
2260 534 2316 587 δὲ
2347 532 2407 587 τὸ
2445 531 2540 585 τοῦ
2603 531 2764 597 ποδὸς
2792 602 2801 607 ᾗ
2831 533 3244 587 ἁκατάσϐεστον
3286 532 3567 605 πύρεθρον
3590 548 3604 562 ⁸
3636 534 3669 585 δ

2075 627 2214 680 πόδα
2249 625 2608 694 κατέφλεγεν,
2642 625 2809 679 τόπον
2843 626 3010 686 αὑτοῦ
3046 626 3149 680 κᾶν
3196 626 3370 697 βραχὺ
3432 626 3535 678 οὐκ
3570 626 3680 678 ἐῶν

2076 717 2509 785 ἀκατάφλεκτον,
2543 718 2659 771 ἀλλ’
2691 700 2815 771 ὅλον
2846 718 3089 789 ἀμείψας
3115 718 3253 791 πρὸς
3287 717 3479 789 ἕτερόν
3535 735 3589 770 τι
3641 719 3678 791 ἢ

2075 810 2236 874 ποδὸς
2260 810 2614 881 ἀφομοὶωμα.
2649 810 2877 881 ’ἰατρῶν
2904 810 2961 864 δὲ
2995 812 3251 880 σοφισταὶ
3283 812 3380 864 καὶ
3433 810 3681 881 ἡγούμεο

2077 921 2158 958 νοι
2189 904 2248 956 τὸ
2270 903 2523 974 λαμπρὸν
2564 902 2663 971 τῆς
2687 904 2883 974 τέχνης
2930 903 3277 974 ἀπάνθισμα,
3313 903 3411 957 σὺν
3466 903 3680 972 ὑπουρο

2076 997 2192 1064 γοῑς
2218 996 2310 1048 καὶ
2336 994 2643 1065 μειρακίοις
2672 995 3079 1065 είστρὲχοντες,
3120 996 3218 1049 καὶ
3266 995 3329 1047 τὸ
3374 995 3681 1066 nuva

2078 1090 2255 1142 ἐκεῖνο
2279 1086 2494 1156 νόσημα
2516 1086 2707 1141 σϐέσαι
2735 1087 3156 1154 σπουδάζοντες,
3217 1087 3474 1151 ἀσθενεῖς
3539 1087 3680 1158 πρὸς

2076 1179 2177 1251 τὴν
2207 1178 2399 1232 τούτου
2435 1178 2621 1234 σϐέσιν
2652 1178 2974 1249 ἠλέγχοντο.

2151 1361 2362 1429 Ὥσπερ
2397 1361 2505 1431 γὰρ
2544 1361 2717 1432 πυρὸς
2762 1361 3184 1431 ἐπισχύσαντος,
3218 1364 3326 1417 πᾶν
3357 1364 3497 1434 ὅπερ
3542 1364 3681 1432 πρὸς

2078 1451 2176 1523 τὴν
2205 1452 2371 1506 αὐτοῦ
2401 1451 2792 1521 προσενεχθείη
2820 1452 3174 1513 κατάσϐεσιν,
3206 1451 3308 1522 ὕλη
3340 1451 3561 1521 γίνεται
3583 1455 3678 1509 καὶ

2080 1543 2213 1612 φλὸξ
2241 1541 2669 1605 ἀκατεύναστος,
2719 1541 2923 1605 παντὸς
2980 1542 3073 1595 τοῦ
3125 1542 3372 1606 δοθέντος
3398 1547 3483 1607 εἰς
3514 1546 3682 1610 φύσιν

2079 1635 2242 1699 εὐθὺς
2268 1634 2441 1706 πυρὸς
2463 1633 2897 1706 μεταϐάλλοντος
2919 1647 2935 1664 ⁸
2969 1632 3116 1689 οὕτω
3131 1634 3412 1688 κάνταῦθα
3441 1636 3680 1707 σφοδροῦ

2080 1727 2442 1796 τυγχάνοντες
2475 1724 2569 1781 τοῦ
2604 1724 2959 1797 πυρώματος,
2989 1727 3095 1779 πᾶν
3135 1726 3272 1797 ὅπερ
3312 1728 3493 1798 ἰατροὶ
3539 1729 3683 1800 11.06;

362 1818 464 1875 «ad
496 1816 671 1886 ipsius
696 1817 1060 1871 cessationem
1096 1815 1414 1876 all‘erebant,
1465 1815 1853 1885 augmentabat
1884 1830 1981 1884 po-

2091 1793 2379 1886 τὴν-αύτοῦ
2410 1815 2622 1869 παῦλαν
2655 1793 3016 1887 προσέφερον,
3070 1815 3207 1888 ηῦξε
3244 1793 3479 1889 μᾶλλον
3505 1819 3568 1873 τὸ

401 1910 509 1963 tins
543 1910 886 1977 languorem,
930 1918 982 1962 et
1014 1909 1471 1979 coaugmentabat
1507 1909 1714 1978 pariter
1762 1908 1982 1961 inﬂam-

399 2000 716 2055 mationem.
780 1999 846 2052 Et
897 2015 1034 2068 pene
1082 2011 1252 2056 totum
1309 2000 1485 2068 ipsius
1540 2015 1745 2070 corpus
1795 2000 1980 2070 passio

396 2094 765 2156 combureret,
796 2092 940 2160 ignis
980 2108 1129 2148 more
1158 2092 1484 2164 depascens.
1526 2093 1629 2149 nisi
1664 2093 1981 2148 misericor-

396 2184 614 2238 dissimi
655 2194 929 2254 martyres
974 2186 1175 2254 ubique
1227 2194 1550 2255 prasentes,
1578 2194 1632 2240 ct
1661 2184 1846 2239 omnia
1886 2198 1980 2239 co-

397 2287 749 2345 gnoscentes,
778 2287 833 2329 et
862 2258 1178 2341 languorem
1214 2277 1599 2348 intelligentes,
1618 2285 1672 2330 et
1704 2274 1979 2331 hominem

398 2368 745 2433 irriserantes,
767 2377 818 2422 et
837 2369 1179 2422 curationem
1208 2368 1411 2423 donare
1434 2365 1980 2432 volentesJoannem

396 2460 710 2525 diaconum,
744 2461 899 2530 cujus
926 2471 978 2514 et
1016 2462 1165 2531 prius
1195 2460 1424 2514 fecimus
1471 2460 1824 2524 mentionem,
1854 2473 1981 2514 cum

401 2551 722 2605 miraculum
753 2551 944 2621 puellae
974 2568 1096 2622 qua:
1131 2552 1405 2606 ceciderat
1436 2566 1855 2621 exponercmus,
1888 2547 1982 2619 qui

397 2649 451 2695 et
483 2643 600 2711 ipse
626 2642 694 2696 de
726 2641 992 2713 Byzantio
1030 2643 1155 2709 fuit,
1188 2652 1242 2697 et
1280 2643 1555 2697 hominem
1589 2641 1975 2717 cognoscebat,

401 2732 661 2786 intimare
691 2732 764 2785 illi
801 2749 893 2800 per
913 2736 1192 2788 somnium
1226 2734 1501 2787 exhortati
1532 2733 1792 2799 fuissent,
1826 2733 1894 2786 ad
1924 2748 1985 2789 se

401 2825 588 2879 venire
613 2835 667 2878 et
701 2825 934 2879 salutem
976 2826 1279 2895 percipere.

473 2914 578 2981 Qui
633 2914 865 2970 Joannis
917 2928 1135 2985 recepta
1190 2917 1441 2985 epistola,
1475 2916 1707 2971 credens
1749 2916 1835 2972 his
1887 2918 1980 2986 qui

412 3009 655 3063 scribere
684 3006 972 3076 jusserant
1012 3006 1321 3077 (ignorabat
1348 3007 1493 3061 enim
1520 3008 1562 3060 si
1600 3007 1856 3077 passione
1887 3005 1981 3060 tali

2086 1925 2151 1977 ση
2163 1926 2258 1977 μα,
2295 1908 2389 1961 καὶ
2421 1906 2654 1978 συνηῦξε
2676 1907 2735 1961 δὲ
2752 1907 2847 1961 καὶ
2874 1908 2974 1978 τὴν
3007 1908 3301 1977 φλόγωσιν,
3337 1910 3433 1965 καὶ
3477 1912 3680 1981 μικροῦ

2084 2003 2193 2055 πᾶν
2251 2001 2416 2054 αὐτοῦ
2453 2001 2515 2054 τὸ
2545 2002 2706 2070 σῶμα
2749 2000 2811 2053 τὸ
2840 2001 3015 2065 πάθος
3088 2002 3449 2072 κατέφλεξεν,
3503 2004 3680 2073 πυρὸς

2083 2093 2239 2163 δίκην
2302 2092 2663 2163 βοσκόμενον·
2688 2095 2736 2147 εί
2767 2094 2842 2165 μὴ
2880 2093 3159 2166 μάρτυρες
3205 2097 3256 2148 0i
3294 2096 3681 2167 φιλάνθρωποι

2085 2184 2362 2253 πανταχοῦ
2392 2185 2658 2255 παρόντες
2691 2186 2787 2238 κα)⁸
2818 2186 2997 2240 πάντα
3031 2186 3414 2254 γινώσκοντες,
3445 2189 3547 2241 καὶ
3574 2189 3679 2259 τὴν

2086 2275 2247 2329 νόσον
2284 2276 2596 2345 νοήσαντες,
2622 2276 2716 2330 καὶ
2756 2276 2850 2331 τὸν
2882 2277 3171 2348 ἄνθρωπον
3200 2282 3677 2351 ἐποικτείραντες,

2053 2366 2182 2455 ,καὶ
2211 2366 2310 2437 τὴν
2338 2366 2635 2437 θεραπείαν
2686 2368 3040 2438 δωρήσασθαι
3097 2368 3367 2434 θέλοντες,
3421 2372 3682 2441 Ἰωάννην

2083 2460 2176 2512 τὸν
2241 2459 2513 2521 διάκονον,
2545 2456 2606 2511 οῦ
2639 2461 2732 2512 καὶ
2792 2461 2987 2530 πρώην
3040 2462 3417 2533 ἐμνήσθημεν,
3479 2466 3569 2517 ὅτε
3622 2466 3682 2516 τὸ

2088 2549 2272 2620 θαῦμα
2304 2550 2403 2620 τῆς
2458 2550 2732 2621 πεσούσης
2763 2551 2955 2615 παιδὸς
2996 2555 3418 2622 συνετάττομεν,
3458 2560 3552 2608 τὸν
3582 2558 3679 2609 καὶ

2086 2642 2248 2694 αὐτὸν
2277 2643 2342 2695 ἐκ
2370 2641 2666 2705 Βυζαντίου
2702 2644 3013 2713 γενόμενον,
3039 2645 3131 2696 καὶ
3153 2646 3246 2696 τὸν
3273 2646 3446 2716 ἄνδρα
3475 2649 3679 2717 γνωρί-

2088 2732 2250 2797 ζοντα
2310 2733 2504 2804 δηλοῦν
2566 2733 2716 2804 αὐτῷ
2749 2735 2816 2787 δι’
2846 2735 3118 2789 ἐνυπνίων
3168 2737 3540 2808 παρώτρυναν
3604 2740 3681 2803 ('0;

2085 2824 2282 2887 αὐτοὺς
2307 2822 2481 2877 ἐλθεῖν
2522 2824 2616 2877 καὶ
2648 2825 2923 2895 σωτηρίαν
2961 2827 3318 2896 κομίσασθαι.

2164 2917 2259 2978 ’ος
2276 2916 2519 2968 Ἰωάννου
2549 2915 2609 2968 τὸ
2631 2916 2866 2987 γράμμα
2888 2918 3208 2986 δεξάμενος,
3237 2923 3331 2973 καὶ
3369 2921 3675 2985 πιστεύσας

2085 3008 2199 3068 τοῖς
2238 3005 2446 3075 γράψαι
2512 3002 2841 3061 κελεύσασιν
2886 3008 3097 3079 (ἠγνόει
3134 3010 3245 3081 γάρ
3270 3010 3297 3061 ὁ
3333 3010 3584 3073 διάκονος
3632 3014 3678 3065 εξ

401 3106 684 3156 teneretur
719 3098 1089 3170 Theodorus),
1122 3098 1303 3151 navim
1351 3098 1538 3151 statim
1575 3097 1881 3167 ingreditur
1929 3106 1984 3150 et

2091 3098 2251 3152 πάθει
2268 3096 2496 3169 τοιούτῳ
2516 3101 2798 3168 κρατεῖται
2825 3099 3146 3172 Θεόδωρος),
3168 3104 3248 3161 εἰς
3272 3102 3457 3155 πλοῖον
3475 3103 3679 3166 εύθέως

403 3202 719 3248 sanctorum
756 3191 906 3245 venit
951 3190 1016 3244 ad
1066 3191 1324 3261 templum
1378 3191 1679 3246 arrabonas
1731 3189 1985 3245 sanitatis

406 3285 622 3338 habens
652 3297 760 3336 non
797 3282 1128 3336 mentientes
1163 3281 1227 3336 ad
1264 3295 1324 3335 se
1364 3281 1575 3335 litteras
1617 3281 1836 3350 scriptae
1866 3279 1990 3349 jus-

404 3372 600 3428 sionis.
645 3371 783 3427 Cum
833 3385 963 3440 ergo
1007 3370 1314 3425 venientem
1360 3379 1413 3423 et
1456 3369 1839 3424 vacationibus
1889 3384 1987 3440 pa-

403 3474 621 3519 rentem
665 3462 990 3517 invitatorcs
1033 3462 1319 3525 vidissent,
1352 3462 1624 3515 maturius
1668 3476 1794 3516 eum
1844 3476 1985 3531 prae-

404 3555 532 3610 stita
560 3554 797 3609 sanitate
826 3553 1131 3617 dimittunt,
1164 3552 1368 3607 donum
1405 3553 1561 3607 ocius
1590 3552 1895 3607 tribuentes
1931 3550 1987 3604 in

404 3662 466 3700 se
492 3646 687 3699 habite
720 3644 866 3699 ﬁdei.
901 3643 967 3697 Et
1003 3644 1507 3714 sanitatislquidem
1535 3652 1750 3712 tempus
1776 3641 1987 3696 brevis-

406 3742 607 3795 simum
670 3739 807 3805 fuit;
869 3738 1155 3808 languoris
1211 3748 1392 3793 autem
1453 3738 1660 3792 medela
1719 3746 1772 3792 et
1838 3737 1987 3793 illius

409 3833 729 3897 exstinctio,
761 3832 935 3885 lutum
968 3839 1088 3885 erat
1117 3845 1256 3900 aqua
1287 3830 1530 3884 solutum
1559 3827 1627 3882 ad
1660 3827 1988 3889 liniendum,

404 3939 515 3993 quo
556 3922 831 3978 doliorum
875 3922 1115 3993 Egyptii
1163 3922 1457 3976 obstruunt
1515 3934 1632 3983 ora,
1668 3920 1759 3988 qui
1800 3918 1987 3972 vinum

407 4018 687 4071 excolunt.
716 4015 830 4069 Hoc
859 4017 1006 4071 enim
1033 4014 1334 4067 laudabiles
1371 4021 1642 4083 martyres
1680 4012 1737 4065 in
1779 4010 1990 4065 somnis

409 4119 759 4178 apparentes,
793 4109 973 4163 facere
1005 4116 1401 4177 praeceperunt.
1433 4104 1758 4160 Theodorus
1804 4104 1990 4171 itaque

408 4201 709 4255 secundum
762 4198 1243 4268 repromissionem
1282 4195 1527 4265 epistolae
1578 4195 1815 4249 sanitate
1865 4209 1997 4262 per-

409 4300 587 4362 cepta,
630 4297 864 4345 cantans
898 4288 1172 4342 canticum
1223 4287 1550 4357 gratiarum,
1600 4285 2007 4361 Constantino-_

408 4384 577 4453 polim
605 4381 902 4452 navigavit.
921 4379 1031 4435 Nos
1052 4390 1230 4434 autem
1259 4387 1313 4433 et
1334 4377 1498 4446 hujus
1523 4376 1774 4430 miraculi
1796 4389 1985 4440 causa,

2089 3189 2417 3258 εἰσέρχεται,
2461 3190 2552 3242 καὶ
2608 3190 2669 3243 τὸ
2707 3191 2817 3245 τῶν
2870 3191 3044 3259 ἁγίων
3089 3193 3360 3246 κατέλαϐε
3422 3194 3675 3261 τέμενος,

2088 3280 2339 3350 ἀψευδεῖς
2369 3280 2698 3353 ἀρραϐῶνας
2748 3282 2888 3353 ἔχων
2925 3283 3027 3352 τῆς
3057 3284 3279 3353 ῥώσεως
3302 3287 3372 3339 τὰ
3412 3286 3551 3356 πρὸς
3583 3287 3683 3353 τῆς

2088 3373 2269 3426 αὐτῶν
2293 3373 2574 3443 γραφέντα
2594 3374 2897 3438 κσλεύσεως
2925 3376 3252 3446 γράμματα.
3272 3377 3530 3430 Ἐλθόντα
3550 3376 3681 3443 γοῦν

2088 3465 2251 3518 αὐτὸν
2313 3466 2407 3518 καὶ
2463 3466 2761 3519 πεισθέντα
2816 3470 2937 3529 ταῖς
2992 3468 3255 3537 κλήσεσιν
3279 3471 3592 3539 ἑωρακότες
3629 3470 3678 3522 oi

2091 3554 2589 3625 κλήτορες,θᾶττον
2622 3556 2786 3609 αὐτὸν
2819 3556 3151 3610 ἀπολύουσιν
3183 3558 3546 3628 ἀκεσάμενοι,
3583 3560 3679 3611 δῶ·

2094 3664 2185 3716 ρον
2235 3646 2295 3698 τὸ
2324 3647 2488 3715 τάχος
2521 3646 2645 3725 τῆςί
2671 3649 2750 3710 εἰς
2788 3647 2985 3710 αὐτοὺς
3029 3648 3384 3717 χαριζόμενοι
3419 3650 3676 3711 πίστεως.

2090 3738 2202 3790 Καὶ
2234 3736 2438 3807 βραχὺς
2482 3738 2579 3807 μὲν
2611 3739 2639 3790 ὁ
2671 3739 2864 3809 χρόνος
2889 3738 3080 3807 γέγονε
3114 3739 3216 3809 τῆς
3243 3740 3462 3802 ίάσεωςε
3491 3741 3590 3809 τῆς
3621 3740 3677 3793 δὲ

2089 3829 2247 3882 νόσου
2278 3830 2337 3881 τὸ
2360 3829 2674 3899 φάρμακον,
2709 3830 2805 3884 καὶ
2836 3829 2930 3882 τοῦ
2960 3831 3135 3901 πυρὸς
3183 3831 3394 3884 ἐκείνου
3444 3832 3680 3902 σϐεστή-

2095 3932 2228 3986 ριον,
2261 3915 2436 3986 πηλὸς
2465 3917 2693 3987 ὑπῆρχε
2726 3917 2990 3988 λυόμενος
3017 3918 3172 3972 ὕδατι
3221 3920 3321 3973 καὶ
3361 3920 3675 3991 χριόμενος,

2090 3999 2133 4074 ᾧ
2162 4006 2270 4059 τῶν
2301 4007 2536 4076 κνηδίων
2567 4006 2635 4060 τά
2663 4007 2910 4078 στόματα
2964 4008 3297 4079 φράττουσιν
3332 4010 3384 4062 οἱ
3412 4009 3509 4062 τὸν
3535 4005 3676 4063 οἶνον

2091 4100 2182 4152 τὸν
2245 4099 2459 4170 κνήδιον
2515 4099 2891 4175 γεωργοῦντες
2923 4099 3237 4168 Αἰγύπτιοι.
3263 4099 3467 4155 Τοῦτον
3494 4100 3604 4171 γὸρ
3630 4102 3678 4152 οι

2095 4191 2444 4262 πανεύερημοι
2492 4190 2793 4263 μάρτυρες,
2822 4191 2953 4262 ὄναρ
2981 4192 3237 4262 ὀφθέντες
3261 4193 3486 4261 ποιῆσαι
3510 4208 3681 4261 προσ-

2093 4283 2311 4347 ἔταξαν.
2365 4282 2639 4353 Θεόδωρος
2690 4281 2822 4350 γοῦν
2872 4283 3015 4336 κατὰ
3067 4284 3170 4353 τὴν
3220 4284 3558 4351 ἐπαγγελίαν
3584 4283 3682 4336 τοῦ

2093 4378 2421 4447 γράμματος
2466 4374 2647 4443 τυχὼν
2677 4376 2776 4445 τῆς
2809 4375 3031 4441 ἰάσεως,
3079 4376 3222 4447 ᾄσας
3243 4376 3390 4446 ᾠδὴν
3418 4378 3682 4446 χαριστή-

407 4484 461 4527 ct
492 4484 618 4533 ante
643 4472 970 4526 miraculum
998 4469 1322 4531 vocationis,
1359 4485 1454 4524 eos
1496 4469 1586 4539 qui
1615 4461 1988 4523 invitavﬂunt

2098 4485 2232 4536 ριον,
2254 4468 2334 4530 εἰς
2359 4467 2421 4520 τὸ
2442 4464 2737 4529 Βυζάντιον
2755 4466 3039 4521 ἔπλευσεν.
3058 4468 3251 4537 ⁹Πμεῖς
3284 4467 3340 4520 δὲ
3366 4469 3460 4521 καὶ
3488 4467 3681 4520 τούτου

410 4579 463 4618 et
507 4564 835 4619 miraculum
868 4570 1226 4634 patraverunt
1273 4561 1492 4632 hymnis
1523 4560 1884 4626 celebrantes,
1919 4558 1987 4613 ad

413 4653 788 4708 narrationem
826 4652 1055 4707 alterius
1084 4652 1337 4706 miraculi
1363 4650 1705 4720 navigetnus.

458 4830 593 4888 LXI.
633 4829 710 4884 De
750 4829 1053 4883 Philemone
1087 4831 1462 4887 Macrocomtte
1493 4827 1607 4893 (54)
1647 4826 1738 4891 qui
1755 4826 1955 4896 jecoris

670 4901 795 4953 vitio
827 4898 1105 4953 laborabat
1137 4898 1474 4968 [iamiamque
1495 4896 1742 4951 habebat.

485 4992 785 5047 Videamus
832 4998 1011 5045 autem
1063 4997 1117 5045 et
1165 4988 1538 5047 Philemonem
1588 4987 1905 5053 diaconum,
1940 4997 1995 5042 et

412 5083 686 5153 duplicem
741 5082 861 5150 ejus
913 5080 1263 5136 addiscamus
1306 5082 1645 5150 languorem,
1675 5076 1991 5146 conspicia-

415 5190 649 5244 musque
678 5173 853 5243 ipsius
880 5172 1156 5242 duplicem
1187 5172 1499 5228 sanitatem.
1542 5171 1750 5229 Prasto
1774 5178 1861 5224 est
1886 5169 1990 5237 vir,

416 5282 541 5322 cum
594 5266 808 5335 magnis
859 5280 1055 5321 cursus
1108 5265 1350 5319 motibus
1394 5264 1463 5318 ad
1523 5278 1623 5318 nos
1673 5278 1704 5317 a
1733 5261 1994 5319 Phoenice

418 5358 720 5427 profectus,
754 5366 804 5412 et
861 5372 893 5411 a
946 5357 1111 5426 longo
1156 5356 1385 5411 castello
1434 5355 1580 5426 quod
1618 5355 1730 5410 illic
1761 5355 1996 5409 sortitus

425 5460 510 5503 est
539 5448 849 5503 aedilicium.
881 5447 1086 5502 Prtesto
1113 5458 1197 5503 est
1234 5462 1364 5516 ergo
1403 5447 1629 5513 scripto,
1666 5446 1828 5499 nobis
1876 5445 1996 5497 lan~

422 5555 616 5615 guorcs
670 5538 748 5611 [et
802 5553 924 5607 quae
976 5538 1287 5609 languoresj
1341 5540 1705 5608 insequuntur
1753 5536 2001 5592 medica-

2089 4555 2249 4625 χάριν
2282 4555 2378 4607 τοῦ
2405 4553 2705 4623 θαύματος,
2727 4555 2822 4607 καὶ
2854 4556 2954 4625 τῆς
2982 4554 3089 4625 πρὸ
3115 4555 3209 4609 τοῦ
3236 4556 3518 4626 θαύματος
3547 4557 3680 4627 κλή-

2093 4666 2250 4711 σεως,
2270 4649 2395 4709 τοὺς
2427 4646 2762 4716 κεκληκότας
2794 4646 2889 4700 καὶ¹
2912 4646 2971 4699 τὸ
2997 4646 3180 4718 θαῦμα
3202 4649 3523 4714 πράξαντας
3548 4649 3682 4717 ὑμν·

2092 4739 2421 4810 ῳδήσαντες,
2458 4738 2544 4790 ἐπ’
2572 4738 2731 4791 ἄλλου
2762 4737 3038 4807 θαύματος
3060 4738 3316 4808 διήγησιν
3334 4739 3679 4809 πλεύσωμεν.

2097 4829 2218 4893 ΞΑν.
2284 4827 2421 4893 Περὶ
2484 4826 2825 4894 Φιλήμονος
2871 4827 2981 4880 τοῦ
3037 4827 3522 4894 Μακροκωμήτου
3575 4826 3681 4879 τοῦ

2237 4894 2399 4967 ἧπαρ
2423 4896 2771 4965 πάσχοντος
2820 4896 2918 4949 καὶ
2958 4897 3218 4965 σύριγγα
3261 4895 3533 4964 ἔχοντος.

2172 4990 2400 5059 Ἴδωμεν
2428 4988 2486 5039 δὲ
2509 4988 2602 5040 καὶ
2657 4984 2935 5057 Φιλήμονα
2973 4986 3063 5039 τὸν
3094 4985 3363 5053 διάκονον,
3388 4988 3482 5039 καὶ
3511 4987 3573 5040 τὸ
3604 4987 3685 5039 δι-

2103 5079 2270 5135 πλοῦν
2331 5078 2495 5132 αὑτοῦ
2532 5077 2941 5147 καταμάθωμεν
2969 5077 3206 5147 νόσημα,
3245 5078 3341 5131 καὶ
3362 5078 3461 5149 τὴν
3488 5074 3675 5147 διττὴν

2100 5170 2267 5226 αὑτοῦ
2298 5171 2659 5241 θεωρήσωμεν
2688 5169 2853 5223 ῖασιν.
2888 5169 3159 5240 Πάρεστιν
3197 5170 3308 5240 γὰρ
3334 5171 3363 5222 ὁ
3394 5167 3556 5239 ἀνὴρ,
3586 5169 3681 5221 σῦν

2099 5263 2301 5335 δρόμου
2350 5262 2677 5333 ῥοιζήμασιν
2726 5262 2791 5314 ἐκ
2822 5261 3076 5330 Φοινίκης
3138 5261 3271 5330 ἡμῖν
3323 5259 3678 5329 ἀφικόμενος,

2097 5356 2194 5409 καὶ
2211 5355 2445 5425 Μακρᾶς
2474 5352 2667 5422 κώμης
2689 5352 2784 5421 τῆς
2807 5353 2985 5404 ἐκεῖσε
3005 5351 3275 5420 λαχούσης
3296 5348 3395 5418 τὴν
3425 5350 3564 5419 δάμη
3576 5366 3676 5403 σιν.

2100 5446 2342 5516 Πάρεστι
2391 5444 2521 5512 γοῦν
2567 5445 2644 5513 τ’ξ)
2687 5444 2999 5513 γράμματι,
3061 5444 3159 5503 τὰς
3214 5443 3402 5503 νόσους
3430 5443 3565 5510 ἡμῖν
3596 5442 3683 5491 ἐνρ

2100 5538 2471 5609 δεικνύμενος,
2523 5537 2705 5591 καὶτὰ
2726 5536 2823 5600 τὰς
2856 5536 3044 5597 νόσους
3079 5535 3207 5604 ἡμῖν
3239 5533 3510 5586 ἐλάσαντα
3544 5533 3685 5613 φάθι

1894 5651 2128 5708 NOTAE.

497 5744 611 5817 (Sil
649 5744 739 5797 Dic
766 5744 1179 5810 Matrocumeta,
1219 5762 1245 5797 a
1285 5747 1457 5814 patria
1493 5748 1842 5811 Macrocome,
1877 5745 2031 5815 longo
2058 5744 2294 5800 castello.

3537 326 3679 393 3636
3772 317 3793 328 ’
