3930 6316
313 305 457 367 3037

1347 303 1448 364 SS.
1489 304 1664 363 CYRI
1707 302 1800 363 ET
1842 302 2162 364 JOANNIS
2191 304 2606 366 MIRACULA.

3428 305 3568 369 3633

319 411 546 485 μακα,ἀ
568 412 663 465 καὶ
688 411 781 464 ν’ύν
814 409 1123 481 γράφεσθαι
1151 410 1418 481 βούλεται,
1454 413 1555 465 καὶ
1576 409 1881 481 πανταχόσε

2022 419 2168 467 tenta
2202 411 2590 469 demonstrans
2618 429 2633 478 ;
2680 427 2911 483 quaeque
2946 412 3112 496 scribi
3146 414 3261 469 vult
3290 424 3342 470 et
3373 417 3571 486 ubique

316 503 681 574 κηρύττεσθαι
716 502 851 573 πρδς
878 501 1151 573 εὐφημίαν
1183 502 1282 570 τῆς
1303 500 1487 571 Κύρου
1526 502 1622 556 καὶ
1636 501 1882 555 Ἰωάννου

315 595 620 663 δ)νάμεως,
658 594 766 645 τῶν
821 594 1129 662 οὐδαμινοῖς
1181 594 1274 646 καὶ
1324 593 1502 663 ψιλοῖς
1554 593 1893 667 βοηθήμασιν

323 685 522 754 ἰσχυρά
560 683 652 737 καὶ
684 682 892 752 μεγάλα
920 681 1198 736 παυόντων
1231 683 1533 753 νοσήματα.
1568 684 1778 738 Οὐκοῦν
1801 685 1895 737 καὶ

319 774 495 828 ταῦτα
539 778 652 837 τοῖς
708 773 1038 846 προλαϐοῦσι
1084 773 1456 842 συντάξωμεν,
1523 775 1624 844 τῆς
1660 776 1742 828 εί·
1768 776 1892 839 τοὺς

324 866 513 933 ἁγίους
552 852 766 928 εὐνοίας
795 866 955 919 αὐτὸν
986 864 1349 934 ἀγασάμενοι.
1750 863 1768 907 θ

400 957 549 1026 Πάθη
582 955 673 1009 δύο
707 955 856 1009 δεινὰ
884 956 978 1009 καὶ
1009 955 1235 1009 δυσίατα
1261 958 1475 1028 προσῆν
1501 956 1581 1028 τῷ
1609 957 1893 1028 Φιλήμονι,

325 1046 384 1099 ἒν
418 1047 513 1116 μὲν
530 1046 588 1097 τὸ
616 1044 706 1098 τοῦ
730 1045 940 1116 ἥπατος
961 1046 1046 1098 ἀεὶ
1075 1046 1289 1113 πιάζον,
1323 1045 1418 1100 καὶ
1448 1045 1682 1100 Θανάτου
1711 1042 1898 1100 ποιοῦν

327 1138 745 1208 παραπλήσιον·
781 1135 1113 1207 τὺδεύτερον
1159 1136 1216 1190 δὲ
1276 1138 1376 1203 τῆς
1422 1138 1702 1209 σύριγγος,
1755 1138 1782 1191 δ
1809 1140 1899 1192 τὸν

328 1229 604 1299 τράχηλον
657 1228 824 1282 αὐτοῦ
889 1229 1340 1300 κληρωσάμενον,
1360 1229 1588 1299 κρουνὸν
1616 1231 1775 1284 αὐτὸν
1805 1233 1913 1284 ἐκ-“

329 1320 520 1373 πτύειν
547 1322 610 1373 ἐκ
634 1319 904 1391 τραχήλου
937 1319 1257 1389 πεποίηκεν.
1310 1318 1419 1371 Καὶ
1442 1321 1562 1382 ταῖς
1604 1320 1703 1390 μὲν
1731 1320 1901 1390 ἀλγη-

328 1412 444 1464 δόσι
501 1410 593 1464 τοῦ
655 1411 862 1481 ἥπατος
912 1410 1104 1480 καιρὸς
1156 1409 1538 1480 προσενέμετο
1574 1410 1667 1463 καὶ
1709 1410 1900 1481 χρόνου

332 1492 598 1572 περίοδος,
643 1500 765 1555 καθ’
800 1503 864 1572 ἦν
890 1501 1165 1571 ἐσφρίγων
1228 1492 1388 1553 αὗται
1418 1501 1512 1553 καὶ
1535 1498 1783 1570 ἧκμαζον
1806 1501 1902 1553 καὶ

332 1594 425 1645 τὸν
450 1592 733 1663 ἄνθρωπον
770 1591 1089 1654 ἐϐασάνιζον
1109 1630 1124 1655 ,
1156 1591 1249 1643 καὶ
1285 1589 1407 1643 καθ’
1433 1592 1497 1660 ἥν
1524 1590 1822 1644 ἐνεδίδοσάν
1846 1607 1904 1643 τε

252 1695 257 1699 '
333 1682 426 1734 καὶ
446 1681 733 1750 ἡσύχαζον,
771 1682 863 1734 καὶ
886 1679 977 1733 τὸν
1003 1678 1289 1750 ἄνθρωπον
1306 1679 1432 1733 εΓων
1464 1676 1756 1732 ἀνώδυνον·
1786 1682 1902 1742 ταῖς

2002 504 2286 573 praedicari
2309 504 2376 559 ad
2406 502 2620 558 laudem
2647 502 2773 574 Cyri
2808 501 3146 575 Joannisque
3174 504 3459 571 virtutum,
3479 509 3569 576 qui

1999 595 2235 652 exilibus
2269 595 2590 666 exiguisque
2623 594 2991 651 adminiculis
3020 595 3189 652 fortes
3237 613 3575 668 magnosque

2004 699 2293 755 jangiiores
2327 694 2706 754 compescunt.
2737 685 2879 757 Ergo
2905 695 2960 741 et
2995 686 3109 741 haec
3141 702 3263 742 cum
3300 681 3574 758 prioribus

2002 772 2342 842 ordine‘mus,
2392 791 2515 831 eum
2561 777 2952 833 benevolentiae
2994 775 3385 851 [hellenismus]
3427 783 3572 834 circa

2005 874 2225 923 sanctos
2257 868 2455 921 babitze
2478 867 2836 923 admirantes.

2073 955 2367 1014 Passiones
2408 957 2529 1012 dua:
2581 967 2819 1026 atroces,
2868 966 2922 1015 et
2955 975 3076 1030 qua:
3131 958 3348 1016 difficile
3393 962 3572 1016 sanari

2009 1055 2257 1118 possunt,
2292 1047 2593 1105 Philemoni
2627 1051 2896 1106 aderant:
2932 1052 3125 1107 barum
3165 1051 3381 1119 quidem
3407 1052 3574 1106 altera

2007 1140 2240 1209 bepatis,
2299 1157 2622 1212 semperque
2671 1141 3006 1212 deprimens,
3049 1155 3101 1199 et
3152 1145 3313 1197 morti
3374 1144 3578 1199 faciens

2008 1230 2241 1286 similem
2275 1251 2287 1286 :
2316 1233 2483 1288 altera
2524 1249 2654 1288 vero
2687 1233 2883 1288 ﬁstulae
2911 1248 3033 1303 quae
3073 1234 3268 1288 collum
3304 1232 3422 1302 ejus
3463 1250 3579 1289 sor-

2009 1321 2129 1386 tita,
2157 1320 2382 1388 fontem,
2410 1323 2461 1376 id
2499 1331 2584 1378 est
2614 1339 2739 1395 pus,
2774 1322 3104 1379 defluentem
3133 1323 3199 1377 de
3231 1325 3394 1391 collo,
3430 1325 3572 1379 fecit.

2011 1409 2075 1466 Et
2109 1411 2394 1467 doloribus
2421 1413 2637 1481 quidem
2687 1414 2901 1483 bepatis
2939 1412 3222 1469 deﬁnitum
3256 1422 3491 1483 tempus,
3527 1427 3578 1469 et

2011 1500 2274 1569 temporis
2314 1501 2581 1557 circuitus
2623 1501 2987 1565 tribuebatur,
3021 1502 3073 1555 in
3107 1517 3216 1571 quo
3259 1502 3579 1556 crescebant

2012 1589 2066 1642 hi
2121 1597 2174 1643 et
2225 1589 2479 1659 vigebant
2535 1600 2590 1643 et
2638 1589 2913 1643 hominem
2947 1589 3344 1644 alternantibus
3371 1589 3580 1642 vicibus

2012 1680 2349 1742 crueiabant,
2378 1689 2432 1735 et
2461 1681 2514 1733 in
2545 1696 2655 1750 quo
2692 1680 3020 1735 recedebant
3062 1689 3115 1734 et
3143 1680 3495 1749 quiescebant
3529 1690 3580 1731 et

331 1768 388 1820 δὲ
420 1769 519 1833 τῆς
547 1769 804 1837 σύριγγος
832 1767 1125 1838 εὑρέσεσιν
1150 1768 1344 1837 χρόνος
1397 1767 1496 1836 οὐχ
1529 1767 1750 1838 ὥριστο,
1795 1768 1903 1820 οὐδ’

2022 1768 2125 1823 :inc
2174 1769 2361 1826 dolore
2430 1784 2822 1839 nonnunquam
2870 1769 3143 1824 hominem
3201 1768 3577 1832 dimittebant;

332 1858 562 1928 ἐναλλάξ
608 1863 900 1927 γιγνομένη
933 1858 1199 1929 περίοδος,
1264 1857 1378 1911 ἀλλ’
1418 1858 1506 1911 ἀεὶ
1534 1859 1667 1921 τοὺς
1699 1857 1904 1929 ἰχῶρας

331 1942 492 2001 αὗται
519 1949 841 2019 κατέφερον,
873 1949 969 2001 καὶ
997 1949 1249 2018 ἀλήκτως
1274 1947 1440 2017 ἠνίων
1469 1948 1561 2001 τὸν
1586 1947 1895 2018 ἄνθρωπον.

332 2040 434 2092 Διά
463 2038 633 2092 ταῦτα
659 2039 1009 2110 παρενοχλῶν
1039 2040 1245 2108 ίατροϊς
1285 2040 1385 2092 οὐκ
1411 2038 1674 2092 ἐπαύετο·
1711 2040 1804 2093 καὶ
1832 2041 1907 2102 ὼς

331 2130 539 2183 τούτων
563 2130 804 2201 σφοδρῶς
838 2131 1198 2199 αἰκιζόμενος,
1230 2132 1487 2200 ἐπεζήτει
1511 2131 1637 2194 τοὺς
1661 2130 1908 2202 κρείσσο-

332 2236 452 2282 νας,
489 2221 582 2273 καὶ
614 2221 746 2273 ποτέ
767 2221 864 2289 μὲν
890 2220 1151 2283 ἐκείνους,
1193 2220 1324 2272 ποτὲ
1357 2219 1415 2272 δὲ
1443 2219 1666 2282 τούτους
1692 2219 1904 2285 ἐδίωκε,

336 2311 467 2381 παρ’
486 2310 764 2381 ἑκατέρων
795 2311 851 2363 δὲ
879 2310 1044 2381 μηδὲν
1077 2300 1691 2381 ὠφεληθεὶςάπελύετο.

424 2577 509 2639 Ὠς
547 2576 645 2646 μὲν
669 2576 761 2629 οὖν
811 2577 1028 2645 ἰατροὺς
1077 2574 1327 2639 πλείονας
1383 2573 1633 2646 ἤλλαξεν,
1691 2573 1909 2641 καὶτὰς

337 2670 526 2731 νόσους
548 2669 831 2722 ἀλλάττειν
857 2669 956 2738 οὐχ
985 2667 1259 2736 εὕρισκεν,
1284 2667 1376 2718 ἐπὶ
1399 2664 1581 2736 Κῦρον
1610 2665 1702 2717 καὶ
1730 2666 1910 2720 Ἰωάν-

338 2777 439 2829 νην
462 2755 596 2830 ἦλθε
627 2760 751 2822 τοὺς
778 2759 1082 2830 μάρτυρας,
1103 2759 1233 2828 παρ’
1259 2754 1341 2821 οἷς
1372 2759 1429 2810 ἐν
1458 2757 1643 2811 πίστει
1680 2760 1911 2831 γενόμε-

338 2864 455 2911 νος,
506 2848 695 2916 ὑγείας
747 2849 845 2919 μὲν
882 2849 981 2911 τὰς
1036 2849 1223 2912 νόσους
1262 2848 1553 2917 ἠλλάξατο,
1617 2849 1814 2914 ἄλλους
1855 2850 1914 2906 δὲ

342 2938 508 2991 πάλιν
536 2939 753 3007 ἰατροὺς
767 2938 869 2990 οὐκ
898 2935 1207 3006 ἐνήλλαξεν.
1235 2938 1331 2989 Ὃν
1348 2937 1457 3007 γάρ
1479 2939 1527 2990 οἱ
1557 2937 1702 3005 ἅγιοι
1728 2936 1913 2993 θεόθεν

339 3029 624 3096 δεξάμενοι
676 3027 861 3082 παθῶν
888 3029 947 3080 οὐ
978 3027 1283 3099 βουληθῶσι
1341 3028 1744 3099 λυτρώσασθαι,
1790 3031 1912 3084 οὐδὲ

348 3122 458 3184 πᾶς
508 3119 731 3173 αὐτῶνὸ
756 3118 866 3172 τῶν
906 3118 1105 3189 ἰατρῶν
1152 3119 1353 3189 κόσμος
1374 3117 1757 3191 λυτρώσηται·
1798 3121 1913 3174 ἀλλ’

1939 3074 1983 3131 C

2005 1855 2363 1912 effusionibus
2397 1866 2577 1913 autem
2606 1865 2833 1927 tempus
2863 1856 3146 1911 deﬁnitum
3190 1857 3396 1911 nullum
3441 1866 3578 1920 erat,

2006 1962 2107 2002 nec
2149 1948 2395 2004 alternus
2442 1949 2621 2005 factus
2658 1964 2846 2004 earum
2890 1949 3181 2014 circuitus,
3232 1948 3324 2002 sed
3374 1947 3580 2018 jugiler

2008 2037 2191 2093 sanies
2234 2052 2294 2093 se
2335 2037 2593 2093 deorsum
2643 2038 2951 2102 mittebant,
3005 2046 3057 2090 et
3097 2037 3216 2093 sine
3258 2037 3446 2105 requie
3487 2038 3581 2088 bo—

2008 2127 2207 2182 minem
2238 2128 2595 2183 tribulabant.
2612 2127 2907 2198 Propterea
2932 2126 3194 2181 molestus
3212 2141 3334 2181 esse
3352 2126 3580 2182 medicis

2007 2231 2119 2272 non
2153 2219 2422 2282 cessabat,
2471 2226 2525 2273 et
2571 2233 2694 2272 cum
2742 2218 2829 2272 his
2863 2216 3039 2271 valide
3071 2215 3171 2287 [ita
3203 2215 3345 2285 catt]
3390 2218 3582 2270 verbe-

2008 2302 2180 2374 ratus,
2215 2309 2470 2363 meliores
2512 2308 2825 2379 quatrebat;
2870 2316 2922 2361 et
2966 2308 3124 2361 modo
3171 2307 3389 2376 quidem
3424 2308 3567 2367 illos,

2009 2400 2171 2454 modo
2200 2414 2325 2471 vero
2357 2400 2493 2455 istos
2530 2398 2980 2468 prosequebatur,
3012 2398 3090 2467 ab;
3120 2398 3365 2466 utrisque
3391 2406 3568 2451 autem

2009 2488 2086 2543 nil
2120 2486 2338 2557 adjutus
2376 2488 2772 2543 dimittebatnr.

2080 2578 2222 2650 Ergo
2268 2595 2391 2634 cum
2460 2580 2699 2635 medicos
2760 2579 3024 2648 plurimos
3069 2586 3483 2641 commutasset,
3531 2586 3581 2630 et

2011 2669 2307 2739 languores
2365 2670 2601 2738 qualiter
2651 2678 2940 2735 mutasset,
2988 2669 3213 2723 minime
3263 2668 3579 2723 invenisset.

2013 2759 2081 2813 ad
2120 2758 2320 2830 Cyrum
2369 2766 2425 2814 et
2455 2758 2720 2815 Joannem
2762 2767 3031 2830 martyres
3078 2758 3246 2825 venit,
3275 2758 3415 2828 apud
3446 2772 3583 2827 quos

2014 2848 2069 2904 in
2118 2849 2222 2905 ﬁde
2266 2857 2540 2919 repertus,
2572 2851 2866 2922 languores
2912 2849 3129 2921 quidem
3177 2849 3411 2904 sanitate
3460 2864 3582 2902 mu-

2013 2940 2168 3004 tavit,
2197 2939 2293 2996 sed
2333 2957 2437 2996 nec
2485 2942 2685 2996 iterum
2716 2941 2958 2996 medicos
3000 2940 3379 2996 commutavit.
3413 2939 3582 3007 Quem

2014 3034 2386 3090 cnim’sancti
2424 3033 2689 3089 divinitus
2738 3038 2965 3103 accepta
3010 3031 3183 3100 gratia
3226 3030 3519 3085 noluerunt
3555 3045 3583 3083 a
3662 3036 3671 3047 ‘

2019 3125 2365 3195 passionibus
2408 3125 2661 3190 liberare,
2695 3138 2793 3178 nec
2828 3123 3006 3177 omnis
3051 3119 3387 3176 medicorum
3423 3134 3586 3173 mun-

346 3212 440 3263 ἐπὶ
462 3210 523 3263 τὸ
548 3210 867 3280 λειπόμενον
888 3210 1012 3279 τῆς
1049 3209 1356 3279 διηγήσεως
1408 3209 1674 3280 ἔλθωμεν,
1702 3214 1796 3264 καὶ
1818 3213 1913 3280 τὴν

2022 3216 2145 3283 dus,
2185 3224 2245 3271 ut
2291 3216 2363 3270 ita
2408 3215 2602 3281 fatear,
2644 3214 2918 3269 liberabit.
2965 3211 3071 3266 Sed
3129 3212 3197 3266 ad
3255 3209 3587 3266 narrationis

347 3302 647 3370 θεραπείαν
699 3303 940 3371 εἴπωμεν
1001 3299 1096 3353 τοῦ
1156 3300 1476 3371 Φιλήμονος,
1514 3301 1704 3373 ὥσπερ
1751 3302 1913 3357 αὑτοῦ

2022 3305 2299 3360 residuum
2330 3303 2632 3367 veniamus,
2658 3311 2713 3357 et
2748 3300 3080 3359 Philemonis
3118 3300 3456 3355 curationem
3501 3298 3587 3351 di-

351 3394 446 3446 καὶ
471 3393 569 3457 τὰς
598 3394 783 3457 νόσους
836 3395 1170 3465 εἰρήκαμενσ
1194 3394 1331 3466 αὕτη
1366 3395 1475 3467 γάρ
1503 3396 1621 3450 ἐστι
1654 3398 1715 3451 τὸ
1745 3399 1913 3466 γλυκὺ

2022 3410 2233 3459 cantus,
2277 3394 2419 3458 sicut
2459 3395 2580 3462 ejus
2621 3392 2786 3448 etiam
2830 3392 3124 3460 languores
3166 3390 3457 3454 ediximus,
3485 3389 3589 3441 hac

350 3486 459 3538 τῶν
511 3486 818 3556 λεγομένων
865 3487 1158 3555 κεφάλαιον
1187 3501 1202 3516 ·
1248 3487 1540 3541 ἐκάθευδεν
1585 3488 1643 3540 δέ
1690 3489 1783 3542 ἐπὶ
1823 3489 1913 3559 τῆς

2023 3484 2167 3539 enim
2213 3492 2299 3538 est
2342 3483 2504 3537 dulce
2565 3481 2835 3536 dictorum
2890 3478 3222 3548 capitulum.
3279 3476 3591 3531 Dormiebat

347 3579 640 3648 στρωμνῆς
673 3581 700 3632 ό
721 3578 987 3643 διάκονος,
1031 3579 1128 3633 καὶ
1149 3581 1199 3632 οἱ
1230 3580 1506 3650 μάρτυρες
1535 3580 1683 3651 αὐτῷ
1713 3598 1922 3651 κοιμω-

360 3671 505 3739 μένῳ
560 3671 915 3741 παρίσταντο.
966 3669 1124 3723 Καὶό
1147 3670 1245 3739 μὲν
1284 3669 1453 3723 αὐτοῦ
1490 3670 1550 3723 τὸ
1589 3662 1742 3740 ἧπαρ
1770 3671 1927 3724 ἐσκόο

352 3779 542 3825 πευεν,
572 3764 600 3814 ὁ
629 3762 686 3815 δὲ
714 3761 958 3814 κατενόει
1015 3761 1109 3813 τοῦ
1161 3761 1437 3831 τραχήλου
1482 3760 1584 3828 τὴν
1636 3762 1880 3831 σύριγγα
1907 3778 1922 3792 ·

356 3855 452 3907 καὶ
478 3856 504 3906 ὁ
525 3853 622 3921 μὲν
652 3854 751 3916 τὰς
796 3853 991 3917 ὀδύνας
1019 3852 1112 3907 τοῦ
1161 3853 1371 3923 ἥπατος
1396 3851 1654 3918 ἔπαυσεν,
1678 3853 1707 3904 ὁ
1738 3853 1795 3905 δὲ
1830 3854 1926 3916 τὰς

355 3946 458 4013 τῆς
499 3944 755 4018 σύριγγος
782 3945 964 4014 πηγὰς
999 3942 1336 4015 ἀνεξήρανεν
1358 3960 1371 3975 ·
1408 3943 1504 3997 καὶ
1531 3942 1719 4012 ἐπειδὴ
1754 3942 1930 3997 ταῦτα

359 4037 638 4100 ποιοῦντες
691 4036 1021 4102 ἐπαύσαντο,
1049 4036 1176 4090 τάδε
1213 4037 1389 4088 ποιεῖν
1428 4034 1680 4098 ἀπιόντες
1706 4035 1928 4089 ἐκέλευ-

359 4144 478 4192 σαν,
514 4130 607 4181 καὶ
641 4127 967 4197 ἀμφοτέρων
993 4126 1203 4180 τελείαν
1229 4126 1326 4196 τὴν
1359 4125 1528 4196 ῥῶσιν
1553 4125 1888 4195 κομίσασθαι
1909 4143 1924 4159 '

357 4218 501 4288 ὁτῆς
544 4217 803 4287 σύριγγος
851 4218 1057 4288 στήσας
1083 4217 1152 4270 τὰ
1177 4209 1446 4285 ῥεύματα,
1497 4216 1689 4286 τρίψαι
1744 4217 1913 4286 κιτρό-

2035 4222 2164 4265 tem.
2194 4206 2299 4273 Qui
2329 4220 2459 4277 ergo
2499 4214 2652 4261 stare
2688 4202 2817 4258 fecit
2857 4201 3050 4257 ﬁstulae
3068 4199 3273 4265 ﬂuxus,
3313 4199 3436 4254 citri
3469 4198 3597 4262 folia
3699 4234 3707 4241 ς

2026 3590 2192 3645 supra
2244 3581 2481 3641 stratum
2522 3571 2812 3637 diaconus,
2864 3576 2917 3624 et
2983 3574 3248 3637 martyres
3296 3565 3589 3620 dormienti

2026 3668 2074 3722 ei
2116 3666 2391 3730 astabant,
2444 3673 2500 3719 et
2555 3663 2695 3717 alter
2753 3661 2972 3730 quidem
3036 3660 3191 3725 jecur
3243 3657 3366 3726 ejus
3421 3664 3593 3712 attra-

2027 3758 2229 3822 ctabat,
2291 3755 2451 3809 alter'
2491 3768 2621 3809 vero
2685 3752 2809 3806 colli
2875 3750 3107 3805 ﬁstulam
3174 3747 3591 3803 considerabat:

2029 3856 2084 3903 et
2142 3834 2233 3902 ille
2283 3845 2502 3916 quidem
2541 3842 2764 3898 dolores
2807 3841 3009 3913 iecoris
3050 3839 3447 3908 compescebat,
3495 3838 3596 3892 iste

2013 3946 2267 4006 namque
2326 3935 2503 3989 fontes
2564 3932 2757 3989 ﬁstulae
2819 3929 3144 3984 desiccabat.
3189 3928 3256 3981 Et
3294 3927 3422 3997 quia
3469 3941 3592 3982 cum

2030 4027 2145 4082 haec
2192 4024 2452 4082 fecissent
2487 4012 2864 4086 ceasaverunt,
2895 4021 3009 4075 haec
3054 4018 3237 4075 facere
3281 4017 3595 4075 recedentes

2028 4118 2332 4186 jusserunt,
2360 4126 2417 4171 ut
2442 4116 2725 4184 utriusque
2771 4110 3066 4184 perfectam
3099 4109 3365 4179 reciperet
3391 4110 3597 4165 sanita-

360 4296 535 4372 φυλλα
576 4310 671 4362 καὶ
710 4306 1073 4378 προσενέγκαι
1111 4306 1190 4377 τῷ
1220 4306 1381 4360 πάθει
1414 4305 1746 4376 προσέταξεν
1778 4320 1792 4335 ο
1818 4306 1846 4358 ό
1872 4305 1913 4359 τί

2035 4305 2211 4353 terere
2250 4306 2304 4351 et
2337 4295 2507 4350 ulceri
2544 4293 2740 4348 alierre
2772 4290 3052 4362 praecepit.
3078 4289 3137 4344 is
3189 4296 3368 4344 autem
3406 4289 3499 4358 qui
3526 4297 3599 4341 ta-

359 4393 513 4471 ἧπαρ
545 4402 601 4453 δὲ
629 4403 746 4463 ταῖς
770 4401 930 4470 ἁφαῖς
969 4399 1280 4468 ἰασάμενος,
1317 4397 1505 4460 ἐλαίας
1536 4392 1760 4463 ἐνέγκαι
1792 4396 1913 4466 χλω⁴

2034 4388 2215 4443 ctibus
2248 4392 2416 4456 hepar
2454 4392 2770 4449 sanaverat,
2829 4383 3005 4459 olivas
3047 4378 3261 4436 deferre
3296 4379 3522 4444 virides,
3546 4388 3600 4431 et

365 4492 483 4559 ράςο
516 4494 609 4546 καὶ
641 4494 740 4555 τὰς
773 4492 872 4562 μὲν
922 4490 1123 4543 ἐσθίειν
1163 4489 1438 4555 ἐθέσπισε,
1469 4488 1570 4551 τὰς
1598 4488 1655 4541 δὲ
1685 4487 1932 4551 λειῶσαι,

361 4582 563 4635 καὶτὸν
599 4586 764 4635 τόπον
794 4580 1140 4636 καταπλάσαι
1181 4580 1273 4634 τοῦ
1308 4568 1537 4651 ἥπατος.
1585 4578 1846 4641 Ἀναστὰς
1877 4579 1934 4632 δὲ

366 4673 502 4742 μετά
555 4672 646 4726 τὸν
704 4672 922 4726 ὖπνονὸ
957 4673 1257 4744 ἄρρωστος,
1308 4671 1406 4735 τὰς
1468 4672 1795 4741 ἀμφοτέρων
1825 4670 1933 4724 τῶν

363 4764 534 4831 ἁγίων
583 4764 906 4831 προστάξεις
941 4764 1276 4832 ἐπλήρωσεν,
1306 4763 1401 4817 καὶ
1453 4761 1554 4825 τὰς
1609 4763 1933 4831 ἀμφοτέρων

360 4851 470 4903 τῶν
493 4849 661 4917 ἁγίων
689 4849 988 4919 θεραπείας
1018 4848 1302 4921 ἐδρέψατο.
1326 4849 1584 4918 Φιλήμων
1611 4843 1704 4901 οὖν
1733 4851 1760 4902 ὁ
1793 4849 1926 4902 θαυ-

366 4942 560 5011 μάσιος
591 4939 733 4995 οὕτω
776 4941 963 5009 φυγὼν
991 4939 1061 4994 τὰ
1094 4940 1398 5009 νοσήματα,
1426 4942 1519 4993 καὶ
1546 4940 1728 4993 λαϐὼν
1745 4939 1813 4994 τά
1847 4941 1931 4995 ίά-

356 5055 528 5107 ματα,
558 5037 683 5099 τοὺς
708 5035 1006 5099 δεδωκότας
1028 5033 1228 5104 νῦμνῶν
1259 5033 1615 5103 ἀπελήλυθεν.
1660 5035 1851 5105 Ἡμεῖς
1873 5033 1932 5089 δέ

298 5116 307 5123 ’
363 5129 428 5182 δι’
457 5128 774 5199 ἀμφοτέρας
832 5126 930 5191 τὰς
985 5126 1180 5198 ῥώσεις
1215 5125 1407 5189 διττῶς
1461 5125 1758 5196 ὑμνοῦντες
1804 5127 1931 5190 τοὺς

367 5219 669 5290 μάρτυρας,
723 5207 859 5288 πρὸς
906 5217 1079 5272 ἄλλων
1130 5216 1314 5287 ὓμνων
1364 5217 1575 5287 μητέρα
1610 5217 1705 5270 καὶ
1733 5217 1931 5288 τροφὸν

361 5311 388 5366 ὲ
400 5309 695 5377 παγγελίαν
714 5307 1123 5379 προσέλθωμεν.
1562 5306 1569 5309 ⁷

432 5421 550 5474 ΞΒ¹.
598 5418 739 5487 Περὶ
773 5417 1065 5485 Ῥοδόπης
1097 5417 1429 5487 ἐσχηκυίας
1458 5415 1855 5484 ἐκϐράσματα.

446 5570 754 5636 ἪῬοδόπη
788 5570 886 5637 τὴν
906 5568 1142 5641 γραφιδα
1169 5570 1569 5639 τροχάζουσαν,
1599 5568 1692 5620 καὶ
1720 5566 1929 5638 χαράτ-

359 5676 479 5719 τειν
516 5662 678 5731 ἕτερα
698 5659 951 5730 θαύματα
983 5659 1332 5725 σπεύδουσαν,
1352 5658 1451 5727 τῆς
1482 5658 1572 5710 ἐπὶ
1595 5657 1801 5721 τούτοις
1829 5676 1927 5712 πο·

2036 4478 2228 4532 barum
2265 4478 2468 4532 alteras
2498 4474 2850 4539 manducare,
2893 4472 3093 4527 alteras
3113 4479 3295 4526 autem
3331 4471 3596 4531 emollire.

2034 4578 2090 4624 et
2111 4569 2288 4623 locum
2306 4567 2510 4637 jecoris
2527 4571 2646 4621 cata
2656 4565 2923 4634 plasmare
2942 4561 3219 4632 praecepit.
3238 4562 3338 4617 Ast
3352 4560 3600 4616 infirmus

2036 4675 2269 4731 surgens
2305 4665 2426 4730 post
2480 4657 2782 4720 somnium,
2823 4663 3113 4729 utramque
3135 4651 3438 4723 jussioncm
3471 4665 3600 4706 san-

2034 4762 2247 4807 ctorum
2278 4749 2542 4820 implevit,
2572 4755 2627 4803 et
2657 4753 3018 4815 utrarumque
3060 4742 3374 4798 curationes
3394 4743 3602 4812 passio-

2035 4858 2164 4899 num
2215 4840 2477 4912 percepit.
2521 4837 2765 4894 Philemo
2809 4848 2941 4906 ergo
2965 4834 3059 4901 ille
3099 4833 3389 4895 mirabilis,
3414 4831 3600 4889 taliter

2032 4935 2327 5005 languores
2392 4929 2671 5001 effugiens,
2720 4926 2973 4984 sanitatis
3026 4926 3171 4981 dono
3216 4932 3455 4993 recepto,
3505 4938 3599 4978 eos

2032 5025 2127 5096 qui
2184 5020 2528 5079 contulerant
2573 5016 2891 5073 collaudans
2936 5014 3224 5071 abscessit.
3276 5012 3450 5068 Porro
3497 5028 3598 5069 nos

2032 5114 2105 5169 ob
2126 5121 2415 5180 utramque
2444 5107 2731 5164 sanitatem
2767 5104 3062 5174 dupliciter
3085 5101 3304 5173 hymnis
3331 5108 3599 5171 martyres

2031 5207 2459 5274 prosequentes,
2502 5198 2569 5252 ad
2623 5197 2858 5251 aliorum
2902 5195 3226 5265 hymnorum
3277 5192 3597 5251 relationem

2033 5299 2263 5350 matrem
2291 5306 2357 5347 ac
2392 5290 2665 5345 nutricem
2689 5287 3035 5343 accedamus.

2139 5404 2295 5460 LXII.
2349 5403 2424 5458 De
2490 5402 2741 5472 Rhodope,
2789 5417 2914 5472 quae
2952 5398 3136 5453 habuit
3187 5396 3490 5452 ebullientes

2627 5469 2992 5527 carbunculus.

2098 5566 2364 5638 Rhodope
2412 5564 2612 5636 stylum
2664 5561 2805 5635 [cod.
2837 5558 3286 5638 descriptionem]
3328 5564 3595 5612 rotantem

2030 5665 2085 5712 et
2114 5636 2344 5713 exarare
2375 5657 2478 5710 alia
2513 5654 2774 5709 miracula
2808 5636 3177 5714 festinantem,
3213 5650 3280 5705 ab
3313 5650 3503 5705 itinere
3533 5652 3593 5704 aJ
