4002 6316
375 274 513 338 3639

1278 273 1337 334 S.
1364 268 1782 333 SOPHRONII
1816 267 2324 330 PATRIARClL'E
2359 265 2761 333 HIEROSOL.

3495 275 3641 339 3640

376 392 489 442 luce
530 384 791 453 inhibuit,
821 392 876 441 et
913 384 1059 441 hunc
1101 385 1166 441 ad
1209 401 1268 442 se
1308 384 1669 448 transferens,
1709 381 1947 440 scribere

2056 378 2480 451 ρεῖαςέκὼλυσε’
2502 380 2595 433 καὶ
2621 380 2825 452 ταύτην
2848 381 2983 452 πρὸς
3002 382 3204 456 ἑαυτὴν
3230 387 3633 455 μετενέγκασα.

371 478 546 546 prius,
584 488 706 545 qua:
751 473 821 529 de
868 487 943 529 se
978 482 1127 544 geSta
1170 481 1321 539 sunt,
1361 472 1657 544 compulit;
1713 470 1947 542 qualiter

371 567 627 622 Videlicet
657 563 953 635 aliquando
973 572 1381 637 praetereuntes
1411 580 1531 620 eam
1564 571 1859 635 martyres,
1894 569 1948 618 et

372 656 439 708 aal
497 656 729 710 aliorum
786 654 1130 710 inﬁrmorum
1193 656 1537 710 visitationes
1587 655 1945 719 divertentes,

373 745 637 814 impedire
661 746 1096 816 praesumpserit,
1118 755 1173 799 et
1199 747 1284 803 sui
1316 747 1497 801 facere
1525 761 1648 800 cum
1689 744 1946 798 omnibus

371 832 783 897 visitationem;
819 832 947 887 licet
981 834 1082 888 hoc
1116 833 1260 888 facto
1289 832 1430 888 nihil
1457 831 1773 903 profecerit,
1806 845 1948 885 mor-

373 936 425 979 te
472 924 763 979 sanitatem
842 925 1242 995 praeveniente,
1299 931 1727 993 sanctorumque
1794 922 1949 976 auxi-

370 1015 503 1069 lium
541 1014 836 1070 reeidente.
872 1012 1016 1086 Ergo
1055 1025 1109 1071 ct
1144 1031 1269 1081 nos,
1300 1030 1423 1085 quae
1464 1023 1781 1070 sanctorum
1818 1019 1948 1068 sunt

372 1106 805 1172 conscribentes,
841 1115 895 1160 et
943 1105 1148 1161 bonam
1202 1120 1392 1163 eorum
1452 1105 1518 1160 ad
1575 1120 1767 1160 omnes
1814 1118 1948 1159 con-

372 1198 789 1253 descensionem
841 1195 1236 1263 edisserentes,
1289 1198 1570 1253 imitemur
1616 1210 1730 1260 eos,
1782 1200 1838 1250 et
1882 1208 1946 1248 ea

372 1302 494 1355 quae
537 1286 685 1341 circa
728 1286 903 1355 ipsam
943 1293 1100 1358 gesta
1135 1294 1265 1342 sunt
1313 1284 1750 1348 conscrihamus,
1797 1282 1946 1337 illam

373 1378 493 1433 sine
522 1378 1044 1435 commemoratione
1077 1379 1301 1433 minime
1333 1379 1669 1434 deserentes.

450 1469 716 1544 Rhodope
745 1471 999 1541 genimen
1035 1480 1153 1526 erat
1180 1469 1398 1541 quidem
1428 1460 1795 1541 Theupoleos,
1826 1486 1947 1541 qua:

373 1563 521 1617 onmi
569 1561 825 1632 praesidet
863 1560 1094 1629 Orienti,
1130 1560 1387 1616 Antiochi
1434 1571 1625 1617 vocata
1669 1565 1812 1634 regis
1849 1578 1948 1618 co-

374 1653 653 1722 gnomine,
683 1661 739 1706 ct
771 1652 1202 1722 priucipantium
1248 1655 1302 1706 in
1347 1667 1409 1707 ea
1455 1653 1722 1723 prosapiae
1758 1666 1822 1706 ac
1862 1652 1946 1708 di-

2051 469 2284 541 γράφειν
2338 470 2688 541 πρότεροντά
2721 472 2842 523 κατ’
2895 471 3067 542 αὐτὴν
3122 474 3404 540 esteem,
3438 478 3634 552 ὥσπερ

2049 559 2178 613 ποτὲ
2210 559 2576 629 παρελθόντας
2604 560 2775 629 αὐτὴν
2797 561 2924 624 τοὺς
2952 563 3238 634 μάρτυρας
3256 566 3350 617 καὶ
3381 567 3515 636 πρὸς
3542 570 3635 623 ἄλ-

2047 653 2155 706 λων
2201 652 2445 706 ἀσθενῶν
2486 653 2807 722 ἐπισκέψεις
2844 654 3235 723 ἐκνεύσαντας,
3282 657 3633 726 ἀναποδίζειν

2045 744 2363 814 ἐτόλμησεν,
2414 744 2510 799 καὶ
2541 745 2639 817 τὴν
2662 744 2835 813 αὐτῆς
2882 747 3156 801 ποιεῖσθαι
3207 748 3353 818 μετὰ
3407 749 3631 803 πάντων

2045 834 2333 904 ἐπίσκεψιν
2352 852 2366 866 θ
2392 836 2440 888 εί
2465 835 2562 889 καὶ
2594 836 2759 906 μηδὲν
2791 834 3000 907 ὤνησεν
3026 836 3184 892 τοῦτο
3209 837 3508 908 ποιήσασα,
3531 840 3629 892 τοῦ

2046 926 2278 981 θανάτου
2297 926 2396 996 τὴν
2421 925 2588 994 ρῶσιν
2607 926 3051 998 .προφθάσαντος,
3072 927 3169 981 καὶ
3194 927 3293 999 τὴν
3312 929 3424 983 τῶν
3455 929 3628 997 ἁγίων

2045 1016 2268 1089 ἀρωγὴν
2327 1015 2719 1084 ἁνακόψαντος.
2763 1015 2976 1070 Οὐκοῦν
3029 1017 3127 1071 καὶ
3176 1018 3340 1090 ἡμεῖς
3388 1017 3463 1071 τά
3517 1019 3629 1073 τῶν

2045 1108 2217 1178 ἁγίων
2265 1108 2698 1178 συγγράφοντες,
2755 1109 2847 1161 καὶ
2896 1108 2998 1181 τὴν
3029 1109 3164 1179 πρὸς
3204 1108 3413 1174 πάντας
3446 1109 3628 1164 αὐτῶν

2045 1197 2258 1269 ἀγαθὴν
2297 1198 2707 1267 συγκατάεασιν
2758 1198 3082 1269 φράζοντες,
3144 1198 3345 1262 αὐτοὺς
3375 1200 3628 1271 μιμησώ-

2049 1289 2209 1360 μεθα,
2244 1288 2340 1344 καὶ
2366 1289 2437 1343 τὰ
2462 1289 2584 1342 κατ’
2615 1290 2789 1360 αὐτὴν
2830 1289 3263 1362 ἀναγράφωμεν,
3292 1290 3392 1344 οὐκ
3424 1292 3629 1357 ἐῶντες

2047 1379 2214 1450 αὐτὴν
2242 1381 2275 1432 ἀ
2282 1394 2388 1451 μνη
2396 1380 2672 1449 μόνευτον.
2756 1428 2761 1431 .

2132 1471 2360 1543 Ῥοδόπη
2426 1471 2672 1540 γέννημα
2723 1472 2823 1541 μὲν
2852 1464 2922 1542 ἦν
2951 1472 3339 1541 Θεουπόλεως,
3377 1475 3412 1544 ἢ
3444 1473 3625 1543 πάσης

2061 1563 2231 1634 Ἐῴας
2258 1563 2621 1635 προκάθηται,
2640 1565 2916 1636 Ἀντιόχου
2946 1565 3211 1637 κληθεῖσα
3227 1566 3323 1621 τοῦ
3358 1565 3627 1638 βασιλέως

2048 1656 2355 1727 ἐπώνυμος,
2390 1656 2486 1709 καὶ
2529 1655 2639 1708 τῶν
2668 1657 2727 1709 ἐν
2766 1658 2905 1728 αὐτῇ
2955 1658 3314 1730 προύχόντων,
3355 1658 3503 1727 γένει
3532 1659 3628 1712 καὶ

376 1743 631 1797 vitiarunt
664 1743 917 1797 claritate
950 1742 1290 1813 prml‘ulgida.
1322 1744 1591 1815 Tempore
1621 1760 1751 1799 vero
1780 1745 1947 1799 multo

2050 1745 2265 1817 πλούτῳ
2296 1746 2639 1816 προέλαμπε.
2665 1747 2871 1818 Χρόνον
2904 1747 2962 1801 δὲ
2996 1748 3192 1818 συχνὸν
3220 1748 3627 1819 ’Δλεξάνδρειαν

378 1832 725 1893 Alexandriae
764 1832 1050 1899 habitavit,
1097 1832 1361 1889 Joannem
1415 1837 1670 1890 maritum
1720 1837 1948 1903 habens,

374 1938 500 1975 cum
542 1936 652 1992 quo
710 1922 777 1976 ad
845 1922 994 1976 illam
1047 1925 1332 1990 ascendit,
1392 1927 1485 1994 qui
1551 1926 1950 1982 rhetoricorum

375 2016 638 2085 magister
680 2024 800 2073 erat
849 2031 1189 2085 sermonum,
1225 2028 1279 2074 ct
1330 2019 1558 2089 Eulogii,
1599 2020 1780 2091 magni
1829 2020 1950 2079 fidei

376 2106 778 2175 prmdicatoris,
814 2107 1117 2179 discipulus
1156 2108 1406 2174 intimus,
1432 2111 1633 2182 quique
1670 2112 1794 2167 aliis
1825 2126 1950 2181 pro-

374 2197 598 2266 piuabat
638 2198 954 2265 utilitatem,
988 2214 1153 2268 quam
1198 2200 1266 2254 ab
1306 2201 1534 2271 Eulogio
1574 2202 1951 2258 sacratissimo

373 2287 503 2340 dum
535 2294 822 2358 supererat
850 2303 973 2344 cum
1002 2290 1121 2359 ipso
1154 2304 1503 2347 commorans
1535 2292 1737 2347 hausit.
1774 2290 1951 2357 Hujus

374 2394 497 2433 cum
545 2389 694 2435 esset
739 2380 943 2451 conjux
992 2381 1256 2454 Rhodope
1295 2384 1350 2438 in
1391 2399 1453 2440 ea
1490 2385 1784 2440 Alexandri
1817 2385 1951 2439 civi-

374 2474 539 2526 titate
583 2473 809 2544 degens,
846 2484 1151 2530 extremum
1187 2476 1507 2546 languorem
1557 2492 1812 2547 perpessa
1843 2487 1948 2546 est,

372 2576 472 2630 per
513 2570 686 2617 totum
734 2578 937 2633 corpus
984 2565 1107 2633 ejus
1157 2565 1508 2621 carbunculis
1553 2566 1945 2621 eﬂlorentibus.

373 2646 620 2716 Cumque
669 2650 973 2719 pauxillum
1036 2652 1267 2721 languor
1322 2653 1499 2708 lenior
1549 2653 1722 2719 ﬁeret,
1756 2663 1813 2709 et
1860 2654 1949 2710 ille

371 2740 582 2795 multus
627 2739 1090 2797 carbunculorum
1138 2741 1293 2798 furor
1336 2745 1391 2799 in
1442 2746 1737 2816 superﬁcie
1779 2761 1948 2817 appa-

371 2829 609 2894 ruisset,
667 2829 1048 2903 retardarique
1100 2833 1205 2889 ista
1256 2834 1312 2888 in
1366 2849 1598 2906 corpore
1639 2851 1670 2890 a
1722 2835 1948 2893 medicis

370 2921 797 2986 aestimarentur,
833 2923 902 2978 ad
952 2923 1081 2995 Cyri
1131 2923 1469 2995 Joannisque
1519 2926 1799 2983 basilicam
1849 2941 1946 2982 ve-

371 3012 495 3068 nire
546 3012 868 3068 muliercula
926 3015 1208 3086 cupiebat,
1246 3027 1306 3071 ut
1350 3022 1540 3072 horum
1591 3033 1693 3089 ope
1724 3031 1789 3073 ac
1824 3018 1945 3089 jus-

372 3103 550 3169 sionc,
590 3103 983 3166 festinatiorem
1033 3108 1496 3163 carbunculorttm
1544 3109 1942 3179 deposnionem

374 3194 669 3265 acciperet.
712 3192 778 3249 Et
810 3210 941 3251 ecce
971 3198 1239 3268 pervenit.
1276 3197 1406 3265 Quae
1441 3211 1602 3255 noctu
1641 3200 1944 3269 dormiens,

373 3294 647 3355 martyres
676 3285 877 3356 aspicit
909 3287 1211 3358 phalangas
1239 3293 1621 3361 aegrotandum
1653 3306 1946 3363 peragran-

375 3386 482 3439 tes,
521 3386 575 3432 et
618 3393 719 3448 pen
762 3378 1012 3449 singulos
1047 3390 1239 3436 contra
1277 3396 1472 3438 omnes
1506 3383 1948 3454 congredientes,

373 3477 429 3521 ct
453 3468 720 3524 sanitates
750 3470 1049 3541 unicuique
1078 3470 1459 3538 conferentes;
1489 3481 1544 3528 et
1572 3474 1698 3529 huic
1724 3474 1944 3544 quidem

374 3556 503 3619 hoc,
532 3559 657 3615 aliis
687 3566 867 3614 autem
898 3560 1044 3615 aliud
1076 3559 1258 3618 facere
1290 3561 1689 3632 praecipientes.
1722 3562 1768 3615 A
1798 3563 1948 3632 prin-

374 3647 520 3717 cipio
574 3663 707 3718 ergo
759 3649 1103 3716 inchoantes,
1142 3660 1198 3707 et
1246 3667 1421 3723 usque
1473 3654 1539 3707 ad
1594 3668 1738 3715 eam,
1789 3652 1946 3721 quasi

373 3740 719 3809 subsequens
756 3750 927 3808 esset,
959 3743 1226 3799 medendo
1258 3746 1664 3814 pervenientes,
1694 3754 1749 3799 et
1783 3743 1948 3799 veluti

376 3830 656 3887 absentem
699 3832 850 3887 illam
893 3833 1263 3909 despicientes
1304 3834 1534 3903 sineque
1569 3834 1949 3891 consolatione

373 3920 842 3992 derclinquentes,
890 3923 958 3978 ad
996 3940 1121 3979 eum
1162 3925 1258 3994 qui
1305 3934 1427 3994 post
1466 3925 1610 3984 hanc
1637 3932 1757 3980 erat
1785 3925 1949 3979 λόγον

376 4014 559 4075 ltili-ul.
588 4023 647 4071 et
678 4014 937 4086 deinceps
985 4016 1055 4071 ad
1103 4026 1337 4072 caeteros
1378 4017 1626 4087 jacentes
1670 4015 1947 4087 progressi

375 4114 526 4162 sunt.

2050 1835 2285 1906 ᾤκησεν,
2337 1835 2584 1907 Ἰωάννην
2630 1837 2831 1908 ἔχουσα
2873 1838 3124 1908 σύμϐιον,
3182 1842 3278 1893 καὶ
3317 1840 3414 1893 σὺν
3469 1838 3624 1909 αύτῷ

2051 1926 2396 1997 ποιησαμένη
2451 1926 2550 1995 τὴν
2586 1928 2667 1989 εἰς
2715 1928 2885 1999 αὐτὴν
2928 1929 3207 1992 ἐπίϐασιν,
3233 1930 3292 1993 ὃς
3317 1928 3625 2000 ῥητορικῶν

2053 2016 2152 2087 μὲν
2185 2015 2358 2084 λόγων
2387 2017 2601 2088 ὑπῆρχε
2624 2017 2947 2082 ,διδάσκαλος
2973 2018 3132 2090 (54⁸),
3162 2019 3422 2088 Εὐλογίου
3445 2019 3505 2073 δὲ
3529 2019 3626 2072 τοῦ

2054 2106 2289 2179 μεγάλου
2312 2108 2410 2177 τῆς
2434 2108 2667 2170 πίστεως
2688 2109 2931 2179 κήρυκος
2959 2111 3203 2182 μαθητὴς
3229 2110 3623 2182 γνησιώτατος.

2051 2199 2184 2251 πᾶσι
2221 2197 2279 2251 δέ
2311 2199 2421 2262 τοῖς
2452 2197 2634 2262 ἄλλοις
2678 2200 2941 2270 πηγάζων
2976 2201 3265 2271 ὠφέλειαν,
3290 2201 3357 2272 ἧν
3382 2200 3628 2270 Εὐλογίῳ

2049 2285 2128 2356 τῷ
2157 2286 2284 2356 θείῳ
2319 2285 2563 2356 περιόντι
2595 2285 2768 2341 συνὼν
2792 2287 3138 2359 ἐθησαύρισε.
3165 2288 3370 2342 Τούτου
3395 2288 3625 2356 σύζυγος

2050 2377 2084 2446 ἡ
2123 2376 2350 2446 Ῥοδόπη
2395 2376 2759 2446 τυγχάνουσα,
2802 2379 2898 2432 καὶ
2936 2379 3080 2433 κατά
3125 2380 3281 2450 τήνδε
3326 2380 3427 2450 τὴν
3470 2379 3626 2433 πόλιν

2061 2465 2412 2536 Ἀλεξάνδρου
2436 2466 2720 2534 διάγουσα,
2774 2468 2928 2522 νόσον
2952 2471 3054 2540 τὴν
3083 2470 3404 2524 τελευταίαν
3431 2472 3623 2540 ἐνόση-

2053 2573 2167 2622 σεν,
2197 2557 2318 2611 καθ’
2362 2557 2486 2610 ὅλου
2524 2557 2618 2611 τοῦ
2674 2558 2927 2630 σώματος
2954 2562 3229 2634 ἄνθρακας
3257 2561 3621 2633 ἐξανθήσασα.

2058 2648 2147 2712 Ὧς
2166 2648 2224 2702 δέ
2249 2649 2443 2719 μικρὸν
2469 2650 2576 2704 τῶν
2610 2651 2781 2705 νόσων
2803 2653 3037 2722 ἐράῖσεν,
3074 2654 3168 2706 καὶ
3191 2653 3301 2706 τῶν
3336 2653 3623 2724 ἀνθράκων

2046 2740 2109 2793 ού
2141 2740 2350 2803 πολὺςό
2380 2739 2550 2810 θυμὸς
2591 2742 2930 2811 ἐπεφαίνετο,
2967 2744 3332 2820 ἐμὸραδύνειν
3371 2745 3427 2798 δὲ
3462 2745 3623 2814 μόνον

2045 2822 2191 2887 οὗτοι
2217 2830 2292 2902 τῷ
2326 2830 2538 2900 σώματι
2564 2835 2676 2896 τοῖς
2700 2835 2904 2904 ἰατροῖς
2938 2834 3273 2905 ἐνομίζοντο,
3306 2835 3491 2906 Κύρου
3526 2833 3623 2887 καὶ

2058 2923 2299 2977 Ἰωάννου
2320 2923 2381 2976 τὸ
2406 2924 2634 2994 τέμενος
2687 2926 2874 2979 ἐπόθει
2907 2926 2967 2979 τὸ
2998 2926 3241 2996 γύναιον,
3291 2927 3383 2981 ἴνα
3410 2925 3622 2981 τούτων

2045 3015 2233 3087 ἀρωγῇ
2252 3015 2347 3068 καὶ
2370 3014 2704 3084 κελεύσματι
2726 3016 3035 3087 ταχυτέραν
3061 3018 3358 3089 ποιήσηται
3386 3017 3486 3087 τὴν
3510 3016 3621 3070 τῶν

2044 3103 2331 3177 ἀνθράκων
2361 3104 2640 3158 ἀπόθεσιν.
2660 3106 2772 3159 Καὶ
2800 3104 2865 3177 δὴ
2880 3107 3266 3177 παραγίνεται,
3292 3108 3387 3160 καὶ
3402 3104 3621 3177 νύκτωρ

2047 3195 2379 3249 καθεύδουσα
2409 3195 2599 3265 βλέπει
2649 3197 2778 3260 τοὺς
2837 3198 3144 3268 μάρτυρας,
3177 3198 3273 3262 τάς
3292 3197 3402 3251 τῶν
3431 3196 3619 3268 ἀρρώ-

2045 3304 2189 3341 στων
2244 3286 2700 3356 περιπολεύοντας
2730 3287 3039 3359 φάλαγγας,
3095 3289 3191 3342 καλ⁵
3219 3288 3354 3342 πᾶσι
3381 3287 3506 3341 καθ’
3524 3286 3620 3340 ἐνα

2044 3377 2505 3450 προσϐάλλοντας,
2534 3379 2751 3441 καὶτὰς
2785 3379 2956 3442 ἰάσεις
3012 3377 3227 3447 ἑκάστῳ
3256 3378 3618 3449 παρέχοντας·

2046 3471 2140 3525 καὶ
2164 3470 2340 3540 τούτῳ
2366 3470 2466 3539 μὲν
2489 3469 2668 3537 τοῦτο,
2696 3469 2838 3540 ἄλλῳ
2861 3470 2918 3523 δέ
2944 3469 3072 3524 ἄλλο
3101 3472 3275 3522 ποιεῖν
3297 3470 3617 3523 ἐπιτάττον-

2045 3578 2164 3625 τας.
2195 3561 2313 3616 Ἀπ’
2329 3561 2500 3631 ἀρχῆς
2522 3561 2619 3632 μὲν
2635 3555 2729 3615 οὖν
2755 3561 3071 3632 ἀρξάμενοι,
3104 3564 3196 3614 καὶ
3217 3561 3409 3631 μέχρις
3424 3561 3617 3628 αὐτῆς,

2048 3653 2199 3723 φησὶ,
2231 3652 2321 3706 τὸν
2342 3651 2577 3722 καθεξῆς
2605 3652 2967 3721 ἰατρεύοντες,
3000 3652 3093 3704 καὶ
3114 3652 3201 3705 ἐπ’
3225 3652 3397 3721 αὐτὴν
3429 3649 3619 3718 ἀφικό-

2050 3761 2220 3813 μενοι,
2276 3743 2370 3797 καὶ
2395 3742 2479 3813 ὡς,
2498 3742 2742 3803 ἀποῦσαν
2782 3743 2953 3814 αύτὴν
3012 3742 3489 3813 παραϐλέψαντες,
3526 3742 3620 3794 καὶ

2048 3832 2473 3902 καταλείψαντες
2514 3833 2947 3899 ἀνεπίσκεπτον,
3004 3832 3098 3886 ἐπὶ
3154 3832 3247 3886 τὸν
3287 3831 3406 3902 μετ’
3451 3830 3623 3903 αὐτὴν

2047 3922 2401 3991 ἀνακείμενον
2458 3920 2737 3995 ἔρχονται⁹
2769 3922 2862 3975 καὶ
2908 3920 3099 3975 τοῦτον
3159 3919 3617 3989 ἐπισκεψάμενοι,

2048 4013 2139 4065 καὶ
2164 4013 2337 4067 ποιεῖν
2365 4010 2434 4064 τὰ
2463 4011 2598 4083 πρὸς
2624 4011 2811 4079 ὑγείαν
2838 4010 3222 4077 θεσπίσαντες,
3247 4009 3342 4062 ἐπί
3373 4010 3466 4062 τὸν
3501 4008 3620 4079 μετ’

2048 4102 2209 4154 αὑτὸν
2227 4101 2641 4173 παραγίνονται,
2664 4099 2920 4154 κάκεῖθεν
2938 4100 3032 4154 ἐπι
3049 4102 3176 4164 τοὺς
3191 4099 3316 4170 ea;
3335 4100 3623 4169 κείμενους

2049 4191 2303 4247 ἀπίεσαν.

445 4278 578 4346 Qua:
628 4294 756 4336 cum
809 4289 1166 4338 transeuntes
1215 4293 1486 4355 martyres
1537 4286 1860 4354 aspexisset,
1892 4293 1947 4342 et

2131 4282 2194 4335 ἸΙ
2219 4282 2275 4337 δὲ
2311 4282 2385 4343 ὡς
2417 4279 2788 4352 παρελθόντας
2854 4279 2964 4333 ἴδεν
3013 4281 3141 4345 τοὺς
3174 4279 3481 4350 μάρτυρας,
3527 4278 3625 4334 καὶ

372 4383 434 4427 tie
461 4382 805 4438 nequaquam
830 4366 1086 4434 intuitos,
1110 4383 1212 4425 nec
1241 4369 1422 4425 facere
1445 4370 1511 4425 ad
1536 4372 1767 4426 salutem
1793 4372 1946 4441 quid-

2050 4371 2316 4444 μηδαμῶς
2331 4370 2500 4441 αὐτὴν
2530 4370 2935 4442 θεωρήσαντας,
2996 4370 3132 4440 μηδέ
3192 4370 3369 4423 ποιεῖν
3394 4386 3446 4422 τι
3482 4368 3623 4439 πρὸς

373 4472 539 4526 quam
580 4458 860 4529 iubentes,
918 4460 1169 4531 quinimo
1211 4462 1714 4531 appropinquantes
1743 4470 1799 4516 ct
1833 4477 1943 4518 non

2052 4462 2326 4533 σωτηρίαν
2370 4460 2754 4526 κελεύσαντας,
2774 4459 2854 4512 ἐτι
2883 4459 2941 4512 δέ
2972 4459 3395 4530 πλησιάζοντας,
3432 4459 3531 4512 καὶ
3555 4459 3618 4511 ού

372 4548 548 4603 multo
578 4548 650 4604 ab
678 4562 743 4604 ea
789 4548 1079 4605 intervallo
1110 4550 1401 4617 distantes,
1437 4550 1553 4605 haec
1581 4550 1649 4605 ad
1680 4565 1776 4605 eos
1816 4566 1944 4621 pro-

2050 4553 2184 4608 πολὺ
2213 4552 2385 4622 αὐτῆς
2413 4549 2731 4620 ἀφεστῶτας
2753 4550 3049 4620 διάστημα,
3090 4550 3217 4603 τάδε
3243 4550 3382 4620 πρὸς
3418 4549 3623 4611 αὐτοὺς

375 4637 487 4697 fata
521 4645 607 4701 est
642 4656 656 4693 :
694 4658 714 4691 ι
750 4637 796 4696 0
826 4639 1033 4696 Christi
1069 4641 1283 4697 Domini
1314 4641 1501 4696 famuli
1540 4649 1596 4696 et
1641 4641 1942 4698 imitatores

2049 4642 2444 4715 ἀπεφθέγξατοο
2477 4638 2547 4696 Ὠ
2578 4639 2815 4712 Χριστοῦ
2844 4639 2936 4693 τοῦ
2963 4639 3234 4693 Δεσπότου
3265 4639 3621 4709 θεράποντες,

372 4730 550 4800 ipsius
578 4744 708 4801 erga
742 4746 844 4787 nos
876 4731 1077 4787 habitae
1105 4731 1388 4800 bonitatis,
1424 4746 1458 4787 ο
1489 4747 1584 4788 vos
1614 4732 1710 4803 qui
1748 4732 1794 4787 si
1833 4748 1942 4802 qua

2048 4737 2138 4792 καὶ
2178 4734 2415 4805 μιμηταὶ
2445 4732 2542 4805 τῆς
2569 4730 2733 4785 αὐτοῦ
2767 4731 2901 4802 πρὸς
2951 4733 3102 4801 ἡμᾶς
3164 4729 3504 4800 ἁγαθότητος
3530 4745 3544 4759 ·
3573 4720 3622 4782 ὦ

372 4830 505 4880 sunt
559 4823 722 4877 noxia
774 4823 1032 4879 humanae
1089 4832 1300 4879 natura:
1344 4823 1635 4893 dopcllitis,
1679 4824 1945 4881 divinitus

2048 4829 2138 4898 τῆς
2164 4825 2513 4898 ἀνθρωπίνης
2563 4823 2783 4894 φύσεως
2828 4821 3162 4890 ἀλεξίκακοι,
3209 4822 3304 4876 καὶ
3338 4820 3449 4874 τῶν
3481 4820 3622 4890 ήμε⁴

373 4914 695 4986 passionum
747 4922 1061 4972 nostrarum
1116 4916 1229 4971 dati
1281 4914 1501 4981 medici,
1548 4930 1579 4970 a
1634 4914 1742 4969 Deo
1790 4914 1947 4972 missi

2048 4920 2216 4990 τέρων
2257 4916 2444 4970 παθῶν
2504 4916 2678 4988 ίατροὶ
2727 4914 3075 4988 θεοδώρητοι·
3122 4907 3168 4969 ὧ
3224 4914 3406 4984 πάσης
3464 4911 3623 4965 νόσου

371 5015 701 5063 cunctorum
750 5007 1093 5064 insecutores
1138 5008 1486 5076 Ianguorum,
1531 5017 1586 5062 et
1624 5006 1805 5061 omnis
1847 5022 1947 5062 cu-

2048 5010 2269 5064 διῶκται
2320 5009 2677 5078 θεόπεμπτοι,
2720 5007 2814 5059 καὶ
2846 5006 3028 5076 πάσης
3058 5004 3357 5076 θεραπείας
3398 5002 3626 5072 δοτῆρες

366 5099 611 5157 λταιὶυθίε
641 5100 862 5156 datores
889 5101 1162 5171 perpetui.
1184 5108 1409 5170 propter
1440 5100 1585 5156 hanc
1623 5100 1945 5171 opitulatio-

2051 5100 2288 5165 ἀένναοι,
2323 5098 2527 5168 ταύτης
2560 5097 2724 5149 ἕνεκα
2743 5094 2897 5165 κάγὼ
2928 5094 3031 5164 τῆς
3059 5093 3194 5164 πρὸς
3234 5093 3444 5153 πάντας
3466 5089 3624 5159 ὑμῶν

373 5207 497 5246 nem
531 5199 791 5269 vestram,
838 5206 959 5261 qua:
991 5198 1076 5249 est
1114 5206 1244 5260 erga
1281 5205 1403 5258 nos,
1430 5199 1484 5245 et
1513 5205 1614 5259 ego
1655 5189 1800 5256 veni,
1834 5205 1943 5244 non

2050 5189 2274 5260 ἀρωγῆς
2303 5186 2678 5258 παραγέγονα,
2716 5184 2790 5256 μὴ
2815 5184 2976 5255 μόνον
3001 5183 3131 5236 ἰδεῖν
3165 5181 3303 5236 ἀλλά
3335 5180 3625 5269 καῖ’μετα-

375 5283 551 5338 solum
582 5268 790 5345 videre,
828 5283 922 5337 scd
950 5281 1356 5353 etparticipari
1387 5281 1705 5337 desiderans
1731 5281 1941 5352 gratiae,

2052 5280 2200 5350 σχεῖν
2226 5276 2474 5331 παθοῦσα
2518 5277 2616 5348 τῆς
2652 5275 2895 5347 χάριτος,
2928 5275 3022 5327 καὶ
3051 5274 3148 5327 σὺν
3180 5272 3347 5325 πᾶσιν
3375 5268 3624 5323 ἀπολαῦ-

374 5378 430 5427 et
485 5387 610 5427 cum
671 5373 926 5430 omnibus
992 5371 1199 5444 perfrui
1264 5373 1532 5437 sanitate,
1605 5386 1769 5443 quam
1847 5385 1942 5426 vos

2052 5386 2141 5422 σαι
2165 5371 2264 5441 τῆς
2297 5366 2537 5440 ῥώσεως,
2563 5366 2631 5438 ἢν
2658 5369 2816 5438 ὑμεῖς
2855 5367 3019 5419 πᾶσιν
3056 5362 3306 5436 ἀφθόνως
3335 5363 3453 5425 τοῖς
3485 5356 3625 5430 πρὸς

1869 5524 2105 5581 NOTAE.

447 5641 558 5717 Ibi)
638 5645 721 5699 Ad
769 5645 916 5701 hunc
963 5644 1224 5703 Joannem
1254 5657 1382 5719 puto
1434 5649 1667 5720 scriptas
1718 5644 1965 5715 R-I‘OCOpIi
1999 5641 2259 5713 epistolas
2293 5641 2434 5707 illas,
2469 5655 2607 5711 quas
2642 5654 2804 5711 supra
2840 5637 3132 5693 edidimus.
