3930 6316
112 335 129 349 .
189 284 327 351 3θ41

1195 299 1301 361 ss.
1329 300 1507 363 CYRI
1544 302 1642 362 ET
1679 301 2004 364 JOANNIS
2041 256 2460 373 utriscum.

3326 310 3468 375 3642

190 401 338 471 ὑμᾶς
387 400 707 472 ἐρχομένοις
736 403 1052 475 χαρίζεσθε.
1092 405 1157 459 Τί
1179 404 1272 463 οὖν
1310 410 1390 474 είς
1416 411 1562 480 ὑμᾶς
1593 411 1770 483 ἁμαρ-

1889 413 2132 471 )mnibus
2185 417 2280 485 qui
2340 417 2408 471 ad
2482 428 2579 478 vos
2628 415 2901 475 accedunt
2972 416 3211 475 donatis.
3259 416 3465 488 thuid

188 492 437 562 τήσασάν
460 509 530 562 με
558 492 851 564 stupidus;
881 495 914 567 ἢ
943 495 1103 551 ποίαν
1126 496 1236 551 τῶν
1269 499 1554 571 ὑμετέρων
1584 502 1774 555 κελεύ-

192 602 332 640 σεων
381 584 758 658 [παραϐᾶσαν]
799 588 1216 655 ἀνεπισκέπτως
1265 592 1628 662 παρήλθετες
1665 594 1778 665 ῆτί

191 675 316 730 καθ’
345 669 458 729 οἷον
487 675 551 747 δή
575 693 706 731 ποτε
724 679 924 749 τρόπον
947 679 1291 753 λυπήσασαν,
1317 682 1428 736 τῶν
1471 683 1778 754 φιλανθρώο

189 782 312 820 πων
350 766 506 837 ὑμῶν
558 766 780 838 δωρεῶν
836 770 1207 842 ἐστερήσατε;
1271 773 1428 841 κάγὼ
1479 775 1579 843 μὲν
1623 775 1778 828 οὐδὲν

188 858 438 928 ἐμαυτὴν
462 854 580 913 οἴδα
604 859 715 913 τῶν
738 860 999 915 τοιούτων
1055 864 1137 928 είς
1176 864 1322 934 ὑμᾶς
1374 865 1778 938 πλημμελήσας

188 967 312 1004 σαν.
345 948 410 1003 Ei
440 949 498 1003 δέ
546 968 601 1005 τι
650 950 761 1005 τῶν
790 953 1098 1024 εἰρημένων
1142 973 1234 1026 μοι
1284 956 1624 1026 πέπρακται,
1686 960 1780 1015 καὶ

186 1038 362 1110 λήθης
397 1041 631 1110 ίματίων
659 1041 997 1098 καλύπτεται
1016 1085 1030 1109 ,
1065 1046 1226 1099 τοῦτό
1245 1065 1357 1118 μοι,
1392 1048 1607 1122 δέομαι,
1631 1050 1778 1120 φρά-

188 1148 349 1198 σατε,
377 1134 471 1187 καὶ
518 1132 787 1205 σύντομον
837 1135 1006 1190 αὑτοῦ
1065 1139 1364 1209 ποιήσομαι
1407 1141 1508 1206 τὴν
1548 1140 1778 1212 διόρθω-

188 1241 306 1280 σιν.

262 1314 482 1370 Τούτων
504 1317 552 1368 oi
582 1316 726 1384 ἅγιοι
772 1317 910 1389 πρὸς
971 1318 1071 1391 τῆς
1110 1319 1375 1391 Ῥοδόπης
1417 1320 1793 1389 ἀκούσαντες,

186 1408 293 1462 ούκ
333 1406 698 1478 ἀτιμάζουσιν
740 1409 913 1479 αὐτῆς
946 1408 1048 1480 τὴν
1071 1409 1382 1483 ἀμώμητον
1405 1413 1618 1484 δέησιν,
1640 1414 1778 1470 ἀλλὰ

188 1499 335 1568 πρὸς
366 1499 536 1570 αὐτὴν
557 1500 1012 1571 ἐπιστρέψαντες,
1056 1503 1321 1568 τοιούτοις
1344 1505 1517 1576 αὐτὴν
1551 1508 1648 1560 καὶ
1678 1507 1780 1561 αὐ-

184 1589 277 1641 τοὶ
310 1590 764 1660 παραμυθοῦνται
790 1595 904 1656 τοῖς
937 1594 1183 1664 ῥήμασιν
1206 1610 1218 1623 ⁸
1247 1595 1360 1665 οὐχ
1385 1596 1463 1660 ὡς
1492 1599 1572 1660 είς
1606 1600 1778 1668 ἡμᾶς,

184 1674 444 1747 ὧγύναι,
500 1681 982 1754 πλημμελήσασαν
1032 1683 1407 1756 παρήλθομεν,
1457 1689 1568 1747 οὐδ’
1609 1688 1687 1753 ὥς
1724 1707 1776 1743 τι

185 1773 301 1826 τηῦν
329 1774 633 1845 ἡμετέρων,
665 1776 739 1840 ὡς
769 1776 927 1849 ἔφης,
959 1785 1401 1853 προσταγμάτων
1426 1786 1777 1856 πατήσασαν,

186 1867 310 1948 αλλ’
361 1867 445 1920 ὅτι
510 1884 604 1920 σου
638 1869 738 1940 τὴν
800 1872 1058 1928 ἀνάλυσιν
1106 1875 1436 1944 ὲγγίζουσαν
1484 1877 1777 1947 βλέπομεν,

187 1958 290 2010 καὶ
317 1957 413 2011 τοῦ
446 1961 787 2031 προσκαίρου
841 1961 956 2031 βίου
976 1964 1036 2017 τὸ
1062 1966 1362 2037 πλήρωμα,
1390 1968 1486 2022 καὶ
1512 1968 1613 2037 τῆς
1640 1985 1783 2038 παρ-

185 2048 360 2116 ούσης
390 2049 535 2119 ζωῆς
551 2050 649 2120 τὴν
670 2052 953 2119 ἀπόθεσιν,
986 2056 1080 2108 καὶ
1108 2060 1210 2127 τῆς
1241 2059 1298 2110 ἐν
1337 2058 1559 2128 Χριστῷ
1588 2059 1782 2129 κοιμή-

187 2154 332 2200 σεως
364 2137 462 2208 τὴν
484 2139 861 2211 ἀπαραίτητον
883 2141 1068 2212 ἄφιξιν
1086 2163 1098 2175 ο
1122 2139 1198 2198 ὧν
1231 2147 1328 2217 ούχ
1354 2149 1516 2217 ἡμεῖς
1554 2147 1783 2218 δοτῆρες

182 2228 221 2299 ἢ
266 2229 494 2284 διῶκται
543 2232 909 2303 τυγχάνομεν,
976 2235 1112 2291 ἀλλὰ
1168 2238 1456 2307 Χριστὸςὸ
1484 2238 1593 2292 τῶν
1643 2238 1783 2299 ὅλων

185 2322 328 2385 Θεὸς
361 2323 455 2375 καὶ
480 2323 757 2394 Δεσπότης
790 2326 883 2379 καὶ
935 2326 1225 2397 πρύτανις,
1251 2330 1278 2381 ὁ
1308 2326 1453 2397 ζωῆς
1482 2329 1579 2381 καὶ
1609 2329 1778 2382 θανά-

183 2430 289 2467 του
350 2415 597 2484 κατέχων
644 2415 770 2478 τοὺς
805 2416 1020 2480 οἴακας.
1052 2419 1117 2470 Τί
1143 2415 1235 2470 οὖν
1271 2418 1590 2488 ήμεῖςπρὸς
1610 2417 1786 2473 ταῦτά

186 2521 280 2557 σοι
307 2504 611 2576 δράσομεν;
638 2506 669 2574 ἢ
706 2507 868 2569 ποίας
921 2508 1226 2571 ἀθανασίας
1260 2509 1528 2580 ὀρέξομεν
1559 2511 1783 2579 φάρμα-

188 2613 327 2662 κον;
357 2598 439 2659 είς
466 2597 521 2650 τί
548 2596 607 2650 δὲ
634 2599 776 2669 καὶὴ
809 2598 979 2670 ῥῶσις
1006 2600 1292 2669 δοθήσεται
1315 2618 1330 2667 ;
1356 2600 1391 2669 ἢ
1413 2601 1466 2652 τί
1489 2601 1590 2670 τῆς
1617 2600 1784 2670 θερα-

187 2686 352 2748 πείας
396 2687 458 2738 τὸ
506 2689 825 2757 χρήσιμον;
877 2689 963 2751 τίς
1016 2689 1060 2743 δ’
1122 2690 1153 2740 ὁ
1210 2690 1382 2742 ταῦτα
1426 2689 1563 2760 πρὸς
1627 2691 1786 2759 ἡμῶν

186 2778 558 2847 κομισὸμενος
587 2796 601 2844 ;
635 2780 668 2850 ἢ
699 2781 781 2844 τίς
819 2783 848 2834 ὁ
874 2781 1086 2844 τούτοις
1114 2781 1400 2851 ἐντρυφῶν
1420 2781 1783 2851 δωρήμασιν;

187 2870 269 2923 Σὺ
298 2869 410 2941 γὰρ
459 2873 598 2941 μετὰ
651 2871 994 2942 βραχυτάτου
1043 2871 1240 2943 καιροῦ
1295 2872 1367 2925 τὰ
1421 2873 1530 2926 τῶν
1578 2872 1787 2943 βροτῶν

188 2961 595 3030 καταλείψασα,
628 2964 726 3034 τὴν
758 2964 981 3018 πάντων
1019 2963 1140 3016 ὁδὸν
1184 2963 1427 3028 ὀδεύσεις
1459 2963 1784 3030 ύπνώσασα,

1879 522 2013 577 ergo
2051 522 2139 564 me
2183 508 2236 565 in
2268 524 2364 567 vos
2409 518 2728 579 peccantem
2774 509 3142 580 despexistis?
3175 518 3271 565 aut
3299 526 3464 581 quam

1877 596 2194 667 jussionum
2261 607 2573 655 vestrarum
2664 613 2752 655 me
2830 609 3272 671 transgressam,
3342 603 3468 656 sine

1879 687 2255 745 consolatione
2307 689 2627 747 transistis?
2681 698 2777 757 aut
2828 704 3003 760 quare
3049 704 3137 745 me
3186 688 3467 759 quomodo

1879 797 1980 839 vos
2022 783 2443 839 contristantem
2495 783 2952 839 misericordisz
3003 782 3326 839 muneribus
3367 797 3465 839 ve-

1880 875 2014 933 stris
2050 874 2354 945 privastis?
2397 873 2464 931 Et
2493 889 2595 946 ego
2625 875 2848 943 quidem
2890 874 2967 929 nil
3010 874 3136 930 novi
3167 889 3254 930 me
3282 875 3337 929 in
3366 889 3466 931 vos

1883 965 2202 1036 huiusmodi
2242 965 2568 1035 deliquisse.
2607 964 2666 1021 Si
2700 978 2831 1019 vero
2860 979 2890 1019 a
2916 979 3004 1020 me
3040 962 3340 1033 quidquam
3367 979 3464 1019 eo-

1883 1073 2003 1114 rum
2060 1071 2183 1128 quas
2241 1056 2388 1113 dicta
2444 1063 2574 1113 sunt
2632 1063 3029 1126 perpetratum,
3068 1064 3125 1111 et
3172 1055 3466 1112 oblivionis

1885 1158 2034 1206 veste
2074 1157 2399 1220 coopertum
2429 1157 2535 1213 est,
2565 1147 2669 1202 hoc
2715 1146 2875 1214 mihi,
2898 1147 3154 1213 obsecro,
3188 1146 3377 1213 dicite,
3411 1155 3467 1202 et

1883 1240 1987 1296 hoc
2016 1241 2134 1310 ipsa
2156 1238 2374 1294 concito
2402 1239 2699 1308 corrigam.
2733 1255 2754 1290 ι

1955 1327 2054 1385 His
2097 1328 2278 1384 sancti
2331 1342 2362 1382 a
2414 1327 2684 1398 Rhodope
2719 1327 2948 1394 auditis,
2979 1341 3088 1382 non
3135 1327 3469 1382 inhonorant

1880 1420 2005 1489 eius
2064 1418 2479 1477 immaculatum
2538 1418 3018 1487 deprecationem,
3060 1417 3158 1473 sed
3214 1417 3468 1473 conversi

1882 1512 1952 1567 ad
1991 1526 2111 1567 eam
2152 1512 2358 1567 talibus
2387 1511 2535 1566 illam
2575 1518 2629 1564 et
2663 1510 2771 1580 ipsi
2799 1510 3151 1565 sermonibus
3179 1510 3469 1565 consolan-

1882 1612 1974 1659 tur
2010 1621 2024 1658 :
2060 1602 2180 1659 Non
2235 1611 2495 1672 tanquam
2537 1618 2660 1674 quas
2721 1603 2776 1658 in
2809 1618 2911 1658 nos
2939 1603 3258 1674 deliqueris,
3284 1618 3317 1658 ο
3347 1618 3467 1656 mu-

1883 1699 2006 1761 lier,
2041 1704 2096 1751 te
2140 1696 2565 1767 prmtcrivimus,
2615 1710 2793 1766 neque
2830 1705 3094 1766 tanquam
3144 1710 3266 1764 quae
3304 1694 3468 1765 quid-

1885 1790 2030 1860 piam
2060 1802 2124 1842 οι
2159 1788 2387 1853 nostris,
2427 1795 2486 1840 ut
2524 1787 2629 1850 ais,
2679 1787 2972 1857 praeceptis
3016 1785 3339 1850 calcaveris,
3371 1784 3469 1840 sed

1883 1884 2012 1947 quia
2073 1880 2467 1935 resolutionem
2525 1886 2674 1933 tuam
2731 1877 2984 1933 videmus
3036 1877 3364 1947 appropiare
3415 1885 3472 1930 et

1882 1970 2203 2042 temporalis
2257 1971 2386 2025 vita:
2434 1970 3014 2032 consummationem,
3071 1978 3125 2023 et
3186 1970 3470 2038 prmsentis

1881 2044 2307 2143 dispositionem,
2345 2075 2398 2118 et
2428 2064 2489 2116 in
2511 2061 2736 2119 Christo
2764 2061 3139 2117 inevitabilem
3176 2060 3471 2115 dormitio-

1883 2160 1972 2213 nis
2006 2170 2310 2223 accessum,
2343 2169 2580 2225 quorum
2632 2155 2881 2209 omnium
2932 2167 3042 2207 non
3098 2166 3200 2206 nos
3247 2151 3470 2207 datores

1885 2254 1969 2305 vel
2029 2256 2411 2320 persecutores
2468 2261 2695 2309 sumus,
2748 2246 2847 2300 sed
2912 2244 3169 2299 Christus
3223 2243 3371 2296 omni
3413 2254 3467 2297 ιη

1887 2345 2030 2399 Deus
2071 2350 2121 2398 et
2170 2341 2485 2397 dominator
2513 2346 2567 2393 et
2601 2338 2877 2409 princeps,
2913 2338 3005 2406 qui
3057 2337 3184 2391 vita:
3221 2349 3285 2389 ac
3322 2349 3470 2389 mor-

1886 2439 1957 2491 tis
1990 2436 2189 2491 retinet
2226 2430 2799 2505 gubernacula.‘Quid
2832 2444 2964 2500 ergo
2996 2442 3095 2483 nos
3124 2428 3191 2482 ad
3220 2428 3337 2482 haec
3368 2425 3466 2480 tibi

1886 2525 2248 2597 patrabimus,
2285 2529 2379 2576 aut
2420 2517 2852 2575 immortalitatis
2901 2517 3245 2585 porrigcmus
3293 2529 3468 2569 remeo

1886 2615 2078 2671 dium?
2117 2615 2176 2668 In
2209 2628 2320 2683 quo
2353 2620 2538 2666 autem
2570 2609 2780 2665 sanitas
2809 2608 3068 2662 dabitur?
3107 2617 3200 2661 aut
3228 2622 3349 2676 qtue
3388 2612 3473 2660 est

1887 2706 2191 2764 curationis
2223 2702 2471 2760 utilitas?
2501 2702 2636 2768 Qu‘ls
2672 2714 2802 2755 vero
2841 2708 2924 2754 est
2964 2700 3057 2769 qui
3096 2699 3213 2752 haec
3250 2713 3278 2749 a
3311 2697 3472 2751 nobis

1890 2797 2065 2854 ferat?
2095 2796 2182 2851 vel
2212 2795 2337 2865 quis
2371 2792 2464 2864 qui
2497 2792 2691 2846 horum
2725 2791 2966 2860 potiatur
2996 2788 3363 2843 muneribus?
3389 2786 3471 2841 Tu

1887 2892 2034 2947 enim
2063 2896 2186 2960 post
2217 2886 2495 2957 paululum
2525 2899 2646 2954 qua:
2678 2891 2805 2937 sunt
2836 2881 3150 2936 mortalium
3184 2880 3471 2942 deserens,

1890 2983 2033 3038 riam
2087 2985 2413 3034 cunctorum
2471 2973 2601 3038 ibis,
2651 2980 2981 3042 soporatura
3038 2984 3148 3041 qua
3209 2968 3468 3040 apostoli,

186 3053 261 3123 ῆν
292 3052 584 3107 ἀπόστολοι
613 3055 709 3107 καὶ
745 3055 1022 3125 προφῆται
1048 3056 1146 3108 καὶ
1183 3056 1464 3127 μάρτυρες
1509 3055 1777 3119 ὥδευσαν,

1889 3072 2161 3145 propheta:
2229 3084 2295 3123 ac
2342 3074 2608 3138 martyres
2639 3065 2917 3128 abierunt,
2958 3068 3014 3116 et
3062 3061 3320 3117 Christus
3355 3061 3473 3131 ipse

189 3146 292 3197 καὶ
326 3144 562 3214 Χριστὸς
612 3146 777 3209 αὐτὸς
802 3149 831 3199 ὁ
860 3148 962 3215 τῆς
1013 3145 1160 3217 ζωῆς
1197 3147 1443 3217 ἀρχηγὸς
1485 3150 1780 3218 γενόμενος

188 3236 518 3308 ἄνθρωπος’
552 3240 601 3290 εἰ
629 3239 725 3291 καὶ
781 3240 1025 3309 τριταῖος
1085 3238 1327 3301 ἀναστὰς
1356 3242 1484 3301 τοὺς
1511 3239 1614 3309 τῆς
1650 3239 1782 3293 ἁνα-

192 3330 446 3391 στάσεως
498 3331 630 3400 ἡμῖν
685 3329 1014 3401 ἀρραϐῶνας
1076 3330 1403 3401 παρέσχετο.
1447 3330 1776 3401 Ἐγερθεῖσα

190 3422 330 3490 γοῦν
369 3421 548 3488 ἄπιθι,
610 3423 708 3477 καὶ
761 3423 863 3493 τὴν
911 3423 1099 3476 ἑστίαν
1160 3422 1439 3476 κατάλαϐε
1500 3421 1692 3492 πρὶνή
1722 3437 1780 3472 σε

190 3513 377 3583 ψυχῆς
405 3513 473 3566 ὲκ
504 3512 603 3566 τοῦ
660 3512 916 3584 σώματος
969 3512 1267 3567 καταλάϐοι
1315 3512 1611 3577 διάζευξις.
1676 3512 1785 3564 Καὶ

190 3604 373 3659 ταῦτα
412 3605 513 3675 μὲν
564 3608 859 3677 φήσαντες,
914 3605 1158 3676 ἀπῆλθον
1211 3606 1260 3659 οἱ
1312 3605 1498 3673 ἆγιοιο
1548 3604 1687 3673 αὐτὴ
1727 3603 1785 3656 δὲ

193 3697 416 3769 πρωϊας
443 3698 521 3761 είς
552 3698 708 3750 πόλιν
739 3696 987 3766 ἀφίκετο,
1014 3698 1108 3749 καὶ
1163 3695 1504 3768 θαυμάζοντι
1529 3694 1609 3765 τῷ
1632 3695 1786 3766 ἀνδρὶ

194 3789 302 3857 τῆς
348 3787 609 3842 ἐπανόδου
637 3787 700 3841 τὸ
726 3788 1003 3853 σύντονον,
1032 3786 1130 3857 τὴν
1157 3786 1268 3840 τῶν
1322 3787 1619 3857 μαρτύρων
1648 3801 1786 3856 προ-ο

192 3878 434 3949 φητείαν
462 3877 826 3948 ἀπήγγελλεν·
851 3879 947 3932 καὶ
979 3877 1099 3949 μετ’
1126 3879 1188 3930 ού
1214 3877 1417 3939 πολλὰς
1445 3876 1547 3940 τὰς
1565 3876 1783 3946 ἡμέρας

194 3971 391 4034 δεινῶς
427 3969 820 4042 ἔπιϐρύσαντος
856 3969 953 4023 τοῦ
998 3970 1328 4040 νοσήματος,
1385 3967 1525 4037 πρὸς
1581 3968 1788 4035 Κύριον

196 4061 559 4131 ὲξεδήμησεν,
591 4061 667 4124 ὡς
696 4060 847 4131 παρὰ
872 4059 984 4113 τῶν
1008 4054 1181 4129 ἆγίων
1213 4059 1467 4113 ἐπύθετο.
1512 4058 1704 4127 Ἡμεῖς
1728 4056 1787 4110 δὲ

198 4152 485 4211 κάνταῦθα
506 4153 602 4207 ἐπὶ
634 4156 703 4226 τῇ
733 4155 1038 4226 προρρήσει
1066 4155 1168 4222 τῆς
1205 4152 1474 4223 Ῥοδόπης
1495 4150 1780 4219 τελευτῆς.

197 4246 332 4309 τοὺς
358 4244 720 4316 προειπόντας
748 4243 1151 4315 θαυμάσαντες,
1190 4243 1289 4297 καὶ
1318 4241 1421 4314 τὴν
1454 4241 1588 4309 περ)⁸
1616 4240 1788 4311 αὐτῆς

196 4337 458 4407 διήγησιν
490 4335 968 4403 καταπαύσαντες,
1015 4333 1105 4388 ἐπ’
1136 4332 1297 4388 ἄλλου
1328 4332 1607 4404 θαύματος
1637 4333 1789 4401 ἀγω-

199 4427 310 4496 γὴν
330 4427 755 4497 ὲκδημήσωμεν.

198 4515 322 4574 31".
355 4519 494 4585 mpt
538 4516 839 4571 Ἐλπιδίου
866 4515 975 4571 τοῦ
1004 4515 1072 4568 ὲκ
1104 4513 1474 4585 περιεργείας
1501 4511 1791 4585 δον-θυμέ·

701 4604 814 4641 νου
842 4587 912 4639 τὸ
942 4586 1291 4653 πρόσωπον.

278 4679 500 4752 Παρίτω
530 4678 668 4749 μετὰ
705 4677 966 4747 Ῥοδόπης
981 4675 1269 4740 Ἑλπίδιος,
1299 4674 1397 4727 καὶ
1431 4675 1558 4737 τοὺς
1576 4673 1788 4744 ἀκροα-

202 4770 307 4833 τὰς
333 4768 567 4822 ἑστιάτω
615 4766 696 4836 τῷ
728 4764 849 4817 κατ’
878 4763 1043 4833 αὑτὸν
1072 4761 1236 4825 εὐθὺς
1262 4761 1561 4832 διηγήματι
1593 4776 1607 4792 ⁸
1643 4762 1791 4815 ἐστιν

206 4861 322 4930 γὰρ
348 4857 511 4912 τοῦτο
536 4855 659 4909 λίαν
709 4855 892 4908 ἱκανὸν
943 4852 1082 4923 πρὸς
1127 4851 1391 4918 ἑστίασιν,
1445 4853 1539 4906 καὶ
1569 4852 1791 4923 τρέφειν

205 4952 348 5012 είδὸς
394 4946 635 5011 εὐσεϐῶς
656 4947 779 5010 τοὺς
813 4944 1136 5007 ἀκούοντας.
1159 4938 1325 5006 Οὗτος
1355 4943 1585 5014 ἐχθροὺς
1618 4942 1781 5013 ἔχων,

205 5044 287 5107 ὼς
314 5041 514 5105 ἔοικεν,
549 5038 640 5091 ἀεὶ
678 5035 1003 5107 μοχθηρίαις
1038 5022 1399 5104 συζήσαντας,
1432 5033 1525 5086 καὶ
1547 5032 1792 5102 παρανό-

210 5150 331 5204 μων
364 5131 540 5203 ἐργων
569 5129 809 5201 ἐργάτας
853 5127 1224 5197 τυγχάνοντας
1245 5165 1260 5191 ,
1292 5125 1616 5196 περιεργείᾳ
1656 5124 1793 5195 πρὸς

206 5224 392 5280 αὐτῶν
421 5222 803 5285 ὑποϐάλλεται,
821 5220 883 5275 οὐ
915 5218 1256 5291 μαγγανείαν
1277 5216 1520 5280 ὑποστὰς
1540 5217 1630 5271 διὰ
1657 5214 1794 5287 βρώ-

209 5330 371 5377 σεως,
405 5312 439 5383 ἦ
467 5311 793 5382 δηλητήριον
819 5307 1000 5363 λαϐὼν
1023 5308 1113 5361 διὰ
1132 5308 1368 5372 πόσεως,
1393 5305 1530 5360 ἀλλὰ
1557 5305 1791 5374 πληγεὶς

209 5405 447 5477 ἀφειδῶς
485 5404 573 5457 διὰ
619 5402 894 5472 δαίμονος,
954 5401 1051 5454 καὶ
1104 5397 1352 5468 μυσαροῦ
1419 5397 1516 5450 καὶ
1562 5396 1794 5465 μέγιστα

212 5499 541 5569 βλάπτοντος
570 5498 880 5566 πνεύματος
905 5513 918 5527 ·
951 5497 1038 5549 ἀεὶ
1076 5495 1187 5565 γὰρ
1217 5491 1383 5546 αὐτοῦ
1417 5493 1528 5545 πᾶν
1560 5491 1795 5544 ἐδονεῖτο

210 5588 274 5640 τὸ
308 5588 598 5657 πρόσωπον
619 5603 636 5618 ο
673 5586 795 5640 καθ’
817 5582 879 5640 οὗ
908 5585 1001 5638 καὶ
1022 5584 1122 5654 τὴν
1156 5583 1369 5652 πληγὴν
1397 5581 1609 5651 ὑπῆρξε
1634 5580 1795 5647 δεξά-

220 5694 379 5749 μενος
417 5694 431 5709 ο
465 5678 603 5749 ὅπερ
635 5676 902 5738 ἀκουσίως
942 5676 1036 5728 καὶ
1066 5675 1255 5745 βιαίως
1291 5672 1569 5742 σειόμενον
1593 5671 1793 5744 ἑαυτῷ,

1883 3175 2077 3222 auctor
2111 3162 2237 3218 vitae
2297 3157 2480 3213 factus
2535 3157 2721 3220 homo,
2771 3152 3026 3225 quamvis
3074 3152 3343 3206 tertianus
3387 3164 3476 3204 re-

1883 3269 2115 3325 surgens
2183 3246 2610 3306 resurrectionis
2679 3246 2839 3300 nobis
2878 3245 3073 3300 arrhas
3137 3242 3472 3312 praestiterit.

1883 3344 2061 3413 Surge
2098 3344 2302 3410 itaque,
2336 3338 2494 3399 vade,
2529 3345 2584 3390 et
2631 3336 2700 3390 ad
2752 3334 2976 3390 domum
3027 3332 3305 3402 propriam
3353 3346 3476 3400 pro-

1884 3436 2156 3499 ﬁciscere,
2191 3440 2481 3498 antequam
2514 3437 2566 3481 te
2601 3427 2797 3481 animm
2837 3441 2865 3479 a
2905 3439 3139 3494 corpore
3171 3422 3474 3492 disiunctio

1885 3525 2087 3595 capiat.
2134 3522 2198 3576 Et
2222 3522 2307 3576 his
2358 3518 2581 3591 quidem
2630 3517 2814 3581 dictis,
2844 3516 3021 3572 sancti
3048 3516 3327 3570 abierunt.
3352 3511 3475 3581 Ipsa

1886 3630 2016 3670 vero
2049 3629 2209 3668 mane
2257 3610 2325 3665 ad
2371 3609 2645 3664 civitatem
2683 3607 2929 3679 profecta
2974 3617 3078 3671 cst,
3116 3615 3170 3662 et
3213 3608 3332 3660 viro
3374 3605 3476 3658 mi-

1885 3704 2027 3762 ranti
2064 3700 2405 3758 reversionis
2435 3697 2844 3769 compendium,
2881 3697 3222 3765 prophetiam
3262 3702 3474 3763 marty-

1885 3810 2010 3851 rum
2046 3791 2322 3847 recitavit.
2371 3789 2439 3843 Et
2473 3804 2579 3842 nou
2613 3795 2737 3857 post
2778 3787 2982 3840 multos
3030 3785 3149 3840 dies
3190 3784 3309 3839 dire
3352 3798 3478 3853 gra-

1888 3890 2142 3939 vescente
2172 3881 2457 3950 languore,
2490 3877 2558 3931 ad
2587 3876 2758 3929 Deum
2789 3873 3033 3944 profecta
3064 3879 3169 3939 est,
3201 3881 3259 3927 ut
3287 3888 3316 3925 a
3349 3885 3478 3926 sau-

1887 3976 1993 4031 ctis
2018 3973 2306 4029 didicerat.
2338 3969 2447 4024 Nos
2476 3977 2658 4023 autem
2692 3967 2859 4022 etiam
2895 3965 2983 4019 hic
3020 3979 3186 4035 super
3216 3962 3478 4018 vaticinia

1887 4063 2086 4119 mortis
2126 4060 2444 4128 Rhodopes,
2475 4057 2599 4111 illos
2635 4056 2731 4125 qui
2777 4055 3141 4125 praedixerant
3192 4052 3476 4106 admiran-

1885 4164 1994 4221 tes,
2024 4161 2082 4210 et
2112 4152 2487 4208 narrationem
2515 4149 2582 4203 de
2612 4148 2729 4217 ipsa
2762 4147 3104 4212 deserentes,
3136 4145 3204 4198 ad
3249 4142 3478 4198 alterius

1888 4245 2293 4317 institutionem
2323 4241 2578 4298 miraculi
2612 4237 2999 4311 procedamus.

1890 4516 2077 4577 LXIII.
2113 4519 2195 4577 Dé
2230 4515 2478 4589 Helpidio
2519 4533 2586 4573 ea:
2637 4516 2901 4587 maleﬁcio
2945 4515 3138 4584 [aciem
3183 4514 3475 4584 quatiente.

1960 4686 2170 4743 Pramo
2206 4683 2279 4740 sit
2325 4688 2448 4753 post
2483 4680 2786 4750 Rhodopen
2826 4677 3134 4749 Helpidius,
3167 4683 3224 4731 et
3255 4690 3378 4733 mox
3409 4675 3479 4730 de

1893 4792 1953 4834 se
1984 4778 2129 4833 facta
2168 4776 2439 4831 relatione
2477 4771 2676 4829 reﬁciat
2725 4771 3041 4835 auditores;
3076 4777 3162 4825 est
3191 4770 3335 4823 enim
3373 4768 3478 4821 hoc

1892 4870 2030 4926 satis
2053 4869 2311 4924 idoneum
2340 4865 2409 4920 ad
2434 4862 2832 4935 cpulationem,
2857 4877 2922 4916 ac
2945 4861 3030 4929 pie
3052 4860 3266 4914 nutrire
3293 4858 3479 4913 sciens

1894 4960 2200 5017 audientes.
2232 4956 2335 5011 Hic
2372 4956 2634 5010 nimirum
2665 4953 2924 5009 inimicos
2962 4951 3192 5013 habens,
3225 4948 3316 5018 qui
3347 4962 3472 5001 cum

1890 5064 2113 5122 semper
2154 5048 2408 5118 nequiter
2455 5050 2726 5110 viverent,
2774 5052 2829 5099 et
2866 5043 3186 5112 iniquorum
3241 5056 3472 5110 operum

1893 5141 2126 5211 operarii
2166 5146 2374 5202 essent,
2409 5136 2679 5192 maleﬁcio
2719 5136 2788 5189 ah
2833 5135 2914 5188 eis
2962 5131 3324 5197 submittitur,
3360 5144 3470 5185 non

1899 5235 2227 5313 male‘licipm
2264 5247 2363 5302 per
2383 5244 2566 5286 escam
2600 5241 2919 5299 perpessus,
2951 5231 3047 5279 aut
3077 5237 3347 5280 venenum
3381 5236 3477 5277 su-

1898 5338 2054 5377 mens
2082 5309 2147 5375 in'
2174 5328 2328 5391 potu,
2367 5317 2463 5373 sed
2503 5315 2679 5387 plagis
2712 5329 2827 5369 non
2869 5311 3228 5382 parcentibus
3257 5309 3476 5365 saucia-

1898 5421 2009 5472 tus,
2048 5426 2145 5478 per
2191 5410 2491 5464 darmonem
2522 5415 2725 5460 tetrttm
2758 5420 2822 5458 ac
2859 5403 3143 5458 laedentem
3176 5399 3472 5470 plurimum

1896 5501 2184 5570 spiritum;
2238 5494 2456 5569 semper
2493 5499 2638 5555 enim
2674 5506 2785 5552 tota
2828 5497 2995 5551 facies
3036 5493 3383 5558 movebatur,
3416 5492 3472 5545 in

1897 5604 2002 5658 qua
2051 5589 2264 5658 plagam
2315 5597 2660 5657 susceperat,
2696 5601 2822 5655 qua
2869 5596 2977 5639 non
3031 5590 3248 5648 sponte,
3278 5583 3372 5639 sed
3423 5582 3472 5634 τί

1898 5677 2123 5747 agitata,
2158 5685 2332 5733 totum
2360 5692 2557 5734 secum
2592 5674 2974 5733 commovebat
3007 5672 3375 5753 caput‘sintul
3416 5681 3471 5727 et
