4002 6316
482 304 628 373 2643

1401 309 1462 369 S.
1503 308 1923 371 SOPHRONII
1961 307 2468 369 PATRIARCIl/E
2506 306 2911 367 HIEROSOL.

3627 297 3768 363 εδει
3816 326 3827 337 ·

484 420 709 474 callum.
738 418 804 474 Et
832 435 954 477 cum
988 421 1103 476 haec
1136 428 1435 491 pateretur,
1474 424 1689 479 cunctis
1723 423 2058 494 compassio-

2176 419 2487 474 τυνεσάλευε
2520 420 2695 471 πᾶσαν
2730 416 2865 487 ἀμοῦ
2894 414 2990 485 τὴν
3021 412 3262 482 κεφαλὴν
3292 410 3389 464 καὶ
3424 410 3517 463 τὸν
3547 413 3763 482 τράχης

485 512 573 566 nis
604 513 977 581 spectaculum
1016 512 1323 582 adjacebat,
1356 514 1425 569 ad
1473 514 1886 569 miserationem
1921 530 2070 569 com-

491 618 717 658 movens
760 618 880 667 eos,
913 605 1006 673 qui
1041 605 1188 658 ltunc
1239 605 1311 659 ita
1359 605 1569 659 moveri
1613 604 1904 671 videbant;
1933 605 2069 659 Cain

484 696 633 748 enim
680 695 835 749 illum
885 711 983 765 per
1036 697 1309 766 inquietas
1360 695 1625 751 facierum
1676 698 2069 752 concussiones

486 785 686 853 partim
739 786 1136 856 imaginabant,
1164 788 1257 857 qui
1306 786 1660 843 fratricidalis
1698 802 1917 858 paeuam
1947 803 2072 858 pro-

486 874 679 942 positi,
728 882 788 927 ut
844 890 1065 945 semper
1109 885 1368 931 tremeret
1412 877 1646 932 sortitus
1680 885 1798 942 est;
1834 886 1888 931 et
1925 877 2072 947 quod

490 962 597 1014 hoc
646 963 804 1032 peius
846 972 950 1029 est,
997 964 1191 1019 faciem
1236 966 1489 1021 vibrabat
1531 967 1836 1036 Helpidius,
1868 976 1923 1021 et
1966 978 2073 1021 tre-

484 1054 736 1109 moribus
770 1054 937 1111 nimis
960 1054 1322 1126 aﬂligebatur.
1368 1056 1436 1109 Et
1476 1055 1619 1112 Deus
1650 1057 1873 1126 quidem
1917 1057 2068 1110 illum

488 1142 928 1198 misericorditer
965 1145 1146 1212 poenis
1183 1144 1474 1210 alliciebat,
1504 1147 1715 1201 daemon
1749 1161 1878 1201 vero
1910 1147 2075 1202 mise-

488 1234 740 1289 rabiliter
794 1235 1123 1307 ﬂagellabat.
1181 1236 1272 1291 Sic
1325 1236 1666 1292 laborantem
1726 1237 2068 1308 Helpidium,

484 1341 684 1380 milites
746 1328 836 1394 qui
896 1327 1044 1381 hunc
1099 1328 1461 1382 intuebantur
1515 1330 1787 1384 veraciter
1843 1330 2071 1398 dignum

490 1415 875 1469 misericordia
923 1417 1321 1484 decernebant;
1357 1433 1675 1488 quanquam
1734 1419 2070 1473 medicorum

492 1504 676 1559 nullus
706 1507 854 1560 hunc
882 1506 1145 1576 adjuvare
1170 1516 1401 1563 conatus
1438 1510 1532 1572 sit,
1566 1511 1659 1564 sed
1690 1525 1790 1564 nec
1828 1510 2075 1580 aspicere

486 1596 718 1650 omnino
769 1597 1218 1667 pra-sumpserit;
1278 1614 1445 1667 super
1498 1606 1669 1652 artem
1717 1599 1862 1653 enim
1913 1614 2068 1652 suam

491 1693 612 1741 crat
644 1686 956 1751 infirmitas,
989 1695 1043 1741 et
1076 1686 1180 1741 soli
1216 1685 1328 1741 Deo
1365 1701 1396 1739 a
1424 1685 1640 1742 divinis
1670 1686 1793 1755 ejus
1831 1686 2070 1752 famulis,

2124 538 2129 543 -
2171 511 2262 564 λον
2293 528 2307 542 ·
2348 512 2441 563 καὶ
2494 510 2662 563 ταῦτα
2702 509 2926 578 πάσχων
2975 505 3145 558 πᾶσιν
3191 503 3368 572 θέαμα
3414 503 3761 572 συμπαθείας

2173 602 2481 672 προέκειτο,
2524 600 2658 671 πρὸς
2697 595 2878 651 οἶκτον
2912 596 3077 649 κινῶν
3120 594 3247 657 τοὺς
3278 593 3607 662 κινούμενον
3639 594 3761 663 sas-

2174 707 2377 753 ποντας
2405 707 2420 723 ·
2456 693 2661 743 ἐκεῖνον
2713 688 2823 758 γάρ
2864 687 2955 740 τὸν
2988 686 3130 741 Κάῖν
3161 687 3226 738 bc
3268 685 3474 755 μέρους
3502 685 3757 748 εἰκόνιζε,

2171 786 2294 845 ταῖς
2316 783 2424 834 τῶν
2447 780 2756 851 προσώπων
2780 777 3078 839 ἀπαύστοις
3104 776 3407 844 κινήσεσιν,
3432 774 3527 825 τὸν
3549 774 3763 841 ιέιδελςςο⁸

2172 876 2362 928 κτάνον
2394 873 2561 942 τίμήν
2591 870 2964 941 προαιρέσεως
2992 870 3054 921 τὸ
3081 868 3307 937 τρέμειν
3334 868 3421 920 ἀεὶ
3450 869 3756 936 κομισάμε-

2172 982 2261 1019 νον
2293 983 2306 996 ·
2345 967 2439 1019 καὶ
2469 965 2656 1018 τούτου
2696 964 2754 1016 δὲ
2779 962 2978 1031 χείρων
3021 960 3294 1013 ὲκλονεῖτο
3319 960 3416 1022 τὰς
3448 959 3604 1027 ὄψεις
3639 958 3762 1011 Ἑλ-

2174 1057 2371 1120 πίδιος,
2416 1057 2653 1117 καὶτοῖς
2700 1055 2923 1125 τρόμοις
2958 1052 3407 1121 ὑπερϐαλλόντως
3450 1050 3714 1121 ἐτρύχετο
3744 1066 3758 1079 ·

2174 1149 2298 1201 ὅσον
2331 1145 2463 1208 Θεὸς
2494 1146 2590 1216 μὲν
2614 1148 2821 1199 ἐκεῖνον
2852 1142 3247 1215 φιλανθρώπως
3271 1141 3518 1205 ἐκόλαζε,
3548 1141 3761 1207 δαίμων

2173 1239 2229 1292 δὲ
2252 1238 2439 1292 τοῦτον
2486 1236 2883 1307 μισανορώπως
2920 1235 3234 1306 ὲμάστιξεν.
3290 1232 3449 1286 Οὖτω
3478 1233 3763 1299 κάμνοντι

2174 1331 2265 1383 τὸν
2312 1330 2613 1394 Ἑλπίδιον,
2655 1329 2750 1381 καὶ
2794 1328 2932 1398 πρὸς
2970 1326 3187 1380 πάντων
3237 1322 3493 1393 ὁρώντων
3541 1321 3762 1389 άληθῶς

2176 1422 2515 1491 ἐλεούμενον,
2565 1422 2764 1492 ἰατρῶν
2818 1420 2916 1489 μὲν
2946 1419 3120 1480 οὐδεὶς
3142 1416 3357 1487 βοηθεῖν
3389 1415 3759 1483 ἐνεχείρησεν.

2174 1512 2290 1566 ἀλλ’
2307 1513 2426 1565 οὐδὲ
2452 1512 2670 1583 βλέπειν
2694 1510 2856 1564 αὑτὸν
2876 1509 3014 1572 ὅλως
3038 1508 3338 1577 ἐτόλμησεν
3362 1522 3376 1536 ο
3400 1505 3544 1573 ὑπὲρ
3562 1504 3761 1572 τέχνην

2175 1600 2282 1671 γὰρ
2320 1602 2420 1671 τὴν
2456 1601 2635 1655 αὐτῶν
2663 1596 2731 1671 ἦν
2757 1600 2816 1653 τὸ
2846 1601 3207 1672 ἀρρώστημα,
3249 1598 3391 1668 μόνῳ
3426 1597 3485 1650 δὲ
3513 1595 3635 1661 Θεῷ
3662 1594 3764 1645 καὶ

2173 1695 2287 1755 τοῖς
2312 1692 2476 1744 αὐτῇ
2518 1692 2681 1755 θείοις
2715 1692 3064 1763 θεράπουσιν,
3101 1686 3187 1753 οἷς
3220 1689 3495 1757 παρέσχεν
3538 1688 3640 1740 ὅσα
3669 1687 3761 1739 θέ-

486 1777 697 1846 quibus
741 1777 974 1846 praebuit
1023 1793 1370 1849 quaecunque
1410 1778 1620 1843 volunt,
1654 1779 1914 1833 sanabilis
1952 1786 2072 1832 erat

2177 1783 2330 1836 λουσι
2356 1781 2638 1848 δύνασθαι,
2666 1782 2726 1835 τὸ
2757 1783 2927 1845 πάθος
2955 1784 3202 1852 ὑπῆρχεν
3234 1781 3472 1849 ἰάσιμον.

490 1880 700 1936 passm.

560 1955 698 2010 Cum
731 1964 914 2013 autem
938 1958 1065 2030 Cyri
1095 1967 1148 2014 et
1188 1957 1412 2019 Joannis
1457 1959 1725 2014 miracula
1774 1960 2071 2029 prepinqui

490 2046 768 2113 audirent,
811 2056 865 2103 et
901 2064 1010 2103 non
1057 2051 1235 2106 solum
1288 2051 1564 2113 audirent,
1619 2051 1715 2106 sed
1755 2060 1810 2107 et
1862 2052 2072 2122 liquido

494 2138 716 2202 scirent,
756 2139 932 2193 vicina
963 2141 1107 2195 enim
1131 2150 1216 2197 est
1248 2142 1423 2213 regio,
1454 2152 1506 2197 et
1537 2142 1929 2200 Alexandrinis
1962 2159 2073 2200 non

490 2231 676 2287 minus
719 2247 841 2302 qua:
883 2241 1015 2289 sunt
1045 2235 1548 2291 Alexandrinorum
1601 2235 1874 2300 ediscunt,
1929 2236 2075 2292 hunc

490 2327 770 2388 gestantes
816 2322 1142 2386 adveniunt,
1195 2330 1251 2377 et
1299 2323 1364 2377 ad
1406 2333 1735 2378 sanctorum
1775 2324 2075 2394 projiciunt

488 2423 932 2477 monumentum,
965 2414 1221 2473 auxiliari
1249 2429 1346 2470 eos
1391 2415 1651 2485 languido
1684 2415 2070 2485 deprecantes.

491 2504 562 2555 At
605 2503 680 2557 illi
729 2504 961 2573 llelpidii
1014 2505 1180 2560 etiam
1220 2514 1349 2559 ante
1372 2505 1782 2573 perventionem
1841 2506 2073 2569 miserti,

490 2591 914 2664 dzrmonumque
958 2595 1291 2649 insidiarum
1344 2610 1452 2648 non
1501 2595 1699 2658 nescii,
1748 2605 2074 2664 apparentes

488 2683 550 2735 in
601 2686 811 2738 somnis
859 2691 1197 2739 sanaverunt
1235 2700 1249 2749 ;
1284 2692 1340 2739 et
1374 2684 1478 2737 hoc
1535 2684 1714 2740 facere
1768 2685 1834 2739 ad
1893 2685 2077 2756 perfe-

488 2780 638 2827 ctam
671 2773 947 2842 passionis
996 2774 1323 2843 praacipiunt
1374 2774 1665 2829 sanitatem
1696 2792 1711 2829 :
1744 2789 1938 2843 aquam
1982 2776 2076 2833 tle-

492 2862 624 2919 ferri
657 2866 724 2917 ab
747 2863 940 2934 Adytis
969 2865 1259 2934 jusserunt
1285 2883 1299 2932 ;
1323 2874 1405 2920 est
1430 2866 1576 2921 enim
1594 2873 1846 2937 stagnum
1873 2867 2072 2938 Adyta,

492 2953 823 3008 Alexandria
865 2956 1182 3025 quingentis
1208 2955 1404 3011 stadiis
1438 2954 1649 3009 distans
1699 2956 1767 3010 ad
1814 2957 2071 3011 occiden-

490 3052 621 3110 tem,
650 3044 940 3116 Libyaeque
971 3045 1236 3099 vicinum.
1270 3045 1347 3100 Ex
1382 3045 1488 3100 hoc
1540 3044 1746 3100 ﬂuento
1776 3046 1982 3112 aﬂ'erri,
2017 3057 2072 3101 et
2102 3086 2144 3144 ο

491 3135 560 3189 ad
603 3142 790 3204 potum
822 3134 940 3189 dari
992 3135 1219 3205 patienti
1267 3137 1613 3207 praecipiunt,
1659 3146 1823 3208 atque
1863 3137 1929 3192 ad
1975 3138 2071 3193 ab-

490 3224 752 3280 luendum
811 3233 1059 3295 caputet
1112 3226 1329 3281 faciem.
1376 3225 1542 3283 Facta
1573 3237 1758 3283 autem
1794 3228 2074 3285 sanctione

490 3323 836 3381 sanctorum,
888 3316 1115 3372 veniens
1159 3316 1225 3371 ad
1274 3315 1562 3382 ﬂuentum,
1616 3318 1755 3372 bibit
1788 3316 2074 3388 Helpidius

484 3411 547 3459 ct
575 3413 740 3474 caput
771 3405 904 3459 lavit
930 3416 985 3461 et
1015 3406 1232 3472 faciem,
1267 3415 1323 3462 et
1356 3408 1543 3477 passio
1569 3409 1756 3463 statim
1795 3424 2071 3479 nusquam

486 3496 842 3566 comparuit;
874 3505 995 3550 erat
1042 3506 1224 3552 autem
1267 3512 1354 3554 res
1394 3498 1558 3570 digna
1605 3499 1891 3563 miraculo,
1941 3516 2075 3569 quo-

494 3586 643 3639 niam
702 3587 968 3642 ﬂuentum
1010 3588 1292 3654 instabilc,
1352 3598 1498 3644 stare
1549 3587 1744 3644 faciem
1800 3600 1854 3644 et
1909 3599 2074 3660 caput

491 3677 627 3733 fecit
656 3678 946 3747 instabile;
977 3688 1031 3735 et
1061 3695 1202 3749 aqua
1242 3696 1365 3750 quae
1417 3696 1633 3750 semper
1686 3681 1833 3735 ﬂuxu
1893 3698 2073 3757 move-

489 3780 607 3831 tur,
643 3772 907 3827 reddebat
936 3768 1272 3827 inturbabile
1316 3773 1539 3827 collum.
1588 3772 1758 3841 Igitur
1792 3770 2073 3842 Helpidius

494 3862 712 3930 quidem
748 3865 930 3918 taliter
960 3865 1245 3920 curatione
1293 3873 1530 3933 reperta,
1585 3873 1638 3919 et
1683 3864 1946 3934 languore
1976 3866 2073 3921 dc-

491 3955 674 4023 pulso,
707 3957 916 4013 sanctis
963 3957 1289 4012 collaudatis
1350 3956 1637 4021 abscessit,
1685 3967 1740 4012 et
1773 3957 1841 4012 ad
1876 3959 2072 4013 civita-

490 4058 607 4103 tem
649 4064 805 4104 suam
841 4052 1090 4120 pervenit
1137 4051 1452 4106 incolumis.
1485 4050 1635 4118 Quos
1655 4059 1711 4108 et
1746 4067 1846 4107 nos
1884 4051 2075 4107 condi-

485 4140 621 4205 quis
650 4140 1203 4196 lmnoriﬂcationibus
1251 4141 1617 4207 celebrantes,
1662 4142 1770 4196 alia
1824 4142 2071 4212 ipsorum

488 4230 913 4283 conscribantus
952 4229 1114 4283 fortia
1162 4227 1335 4284 facta.

1018 4406 1204 4463 LXIV.
1261 4406 1335 4461 De
1384 4415 1549 4461 muto.

565 4496 686 4551 Non
726 4505 810 4552 est
839 4497 1043 4553 bonum
1078 4507 1230 4554 muto
1261 4498 1521 4567 iniuriam
1561 4496 1768 4562 facere,
1805 4498 1940 4553 licet
1968 4512 2068 4554 nos

491 4588 829 4642 calumniari
900 4596 1160 4657 tanquam
1254 4587 1510 4657 iniuriam
1598 4587 1895 4643 inferentes
1960 4603 2070 4642 non

490 4680 691 4748 possit,
737 4696 911 4750 neque
940 4680 1216 4735 dimittere
1248 4679 1469 4735 silentio
1516 4680 1768 4743 tacitum,
1804 4679 1937 4750 quia
1968 4694 2071 4735 nec

492 4772 662 4825 istum
703 4770 928 4841 gloriosi
978 4781 1244 4842 martyres
1295 4783 1514 4838 semper
1567 4777 1838 4824 tacentem
1886 4770 2074 4825 dimit-

491 4871 612 4918 tere
640 4862 785 4932 passi
820 4871 968 4927 sunt,
1018 4862 1113 4918 sed
1163 4862 1510 4932 eloquentem
1551 4876 1618 4917 ex
1670 4875 1777 4916 non
1830 4862 2071 4933 loquenti

488 4956 729 5025 operati,
774 4955 911 5010 bene
961 4956 1109 5024 loqui
1159 4954 1338 5025 largiti
1374 4961 1525 5016 sunt,
1559 4969 1629 5009 ne
1669 4953 1722 5007 in
1757 4948 1859 5009 ho’c
1898 4954 2077 5024 perfe-

488 5046 697 5102 ctionis
743 5060 935 5102 eorum
996 5046 1138 5102 desit
1201 5048 1404 5101 donum
1459 5044 1786 5115 perfectum.
1843 5045 2075 5102 Sanctos

488 5151 625 5207 ergo
655 5144 709 5193 et
746 5151 850 5193 nos
882 5137 1180 5200 imitemur,
1214 5144 1272 5192 et
1309 5136 1457 5207 quod
1503 5136 1607 5205 ipsi
1652 5147 1781 5191 tunc
1813 5138 2074 5206 operibus

495 5236 808 5299 gesserunt,
868 5229 972 5283 hoc
1046 5244 1194 5284 nunc
1258 5229 1605 5284 sermonibus
1654 5226 1959 5295 faciamus;
2021 5236 2077 5283 ct

486 5335 643 5382 cuin,
679 5320 775 5388 qui
829 5319 995 5375 semel
1030 5320 1245 5375 locutus
1297 5328 1401 5385 est,
1452 5332 1660 5374 mutum
1715 5321 1912 5373 iterum
1967 5335 2073 5374 non

494 5425 788 5479 ponamus,
816 5412 1186 5467 narrationem
1220 5414 1286 5467 de
1318 5412 1439 5482 ipso
1481 5411 1812 5474 faciendam,
1851 5411 2075 5467 silentio

497 5509 871 5569 contegentes,
891 5518 960 5558 ne
987 5503 1129 5559 forte
1155 5503 1313 5558 nobis
1343 5501 1485 5573 apud
1521 5511 1794 5572 martyras
1824 5502 2073 5572 deroget,

497 5601 558 5642 et
597 5591 803 5646 silentii
849 5592 1027 5648 nostri
1072 5591 1442 5647 calumniator
1470 5588 1759 5648 eﬂieiatur,
1796 5604 1954 5643 nsum
1997 5590 2077 5643 Io-

496 5679 704 5747 quendi
733 5681 800 5737 ab
833 5683 912 5738 eis
940 5682 1171 5751 adeptus
1218 5690 1271 5737 et
1301 5690 1482 5737 tacere
1520 5678 1603 5735 vel
1646 5680 1816 5734 taceri
1859 5680 1927 5735 de
1970 5698 2075 5738 cte-

2095 4426 2148 4486 Β

2244 1874 2355 1937 Τὰς
2370 1874 2613 1927 Ἰωάννου
2629 1874 2684 1926 δὲ
2698 1874 2788 1927 καὶ
2805 1874 2986 1944 Κύρου
3005 1873 3104 1926 θαυ
3114 1871 3447 1941 ματουργίας
3468 1872 3516 1922 oi
3545 1869 3761 1935 -ροσὸν-

2173 1983 2267 2029 τες
2290 1965 2599 2029 ἀκούοντες,
2620 1968 2716 2019 καὶ
2732 1966 2793 2019 οὐ
2816 1965 2974 2035 μόνον
2996 1960 3285 2026 ἀκούοντες
3304 1962 3437 2015 ἀλλὰ
3453 1962 3548 2013 καὶ
3567 1959 3757 2027 σαφῶς

2175 2056 2525 2126 ἐπιστάμενοι
2551 2072 2565 2085 ’
2616 2055 2814 2124 γείτων
2852 2054 3023 2125 γὰρὴ
3066 2052 3217 2123 χώρα
3259 2051 3615 2119 καθέστηκεν,
3660 2051 3758 2101 καὶ

2174 2148 2243 2201 τὰ
2289 2149 2399 2201 τῶν
2436 2147 2846 2218 ’Ἀλεξανδρέων
2886 2147 2984 2214 οὐχ
3021 2139 3186 2215 ἦττον
3215 2142 3322 2196 τῶν
3361 2138 3757 2209 Ἀλεξανδρέων

2178 2236 2560 2307 μανθάνουσινο
2603 2235 2793 2289 τοῦτον
2838 2234 3064 2302 ἄγοντες
3103 2232 3373 2302 ἔρχονται,
3415 2231 3510 2283 καὶ
3544 2227 3625 2297 τῷ
3650 2228 3761 2279 τῶν

2176 2329 2347 2398 ἁγίων
2399 2328 2803 2398 προσπίπτουσι
2863 2327 3127 2396 μνήματι,
3179 2322 3392 2393 βοηθεῖν
3439 2322 3638 2383 αὐτοὺς
3679 2320 3763 2386 τῷ

2175 2417 2419 2473 νοσοῦντι
2449 2417 2692 2485 δεόμενοι
2719 2433 2732 2447 ·
2761 2417 2810 2469 oi
2847 2415 2903 2468 δὲ
2942 2415 3033 2467 τὸν
3078 2414 3346 2466 Ἐλπίδιον
3380 2412 3476 2463 καὶ
3514 2410 3620 2479 πρὸ
3660 2408 3761 2475 τῆς

2175 2511 2412 2579 ἀφίξεως
2456 2509 2795 2578 ἐλεήσαντες,
2833 2506 2927 2559 καὶ
2949 2507 3046 2576 τὴν
3092 2504 3199 2557 τῶν
3235 2504 3508 2573 δαιμόνων
3541 2500 3758 2553 επιϐου»

2174 2601 2271 2670 λὴν
2299 2601 2397 2654 οὐκ
2440 2600 2804 2669 ἀγνοήσαντες
2828 2641 2842 2664 ,
2875 2599 3007 2668 δναρ
3052 2596 3308 2666 φανέντες
3352 2596 3572 2648 ίάσαντο
3608 2609 3622 2622 ·
3663 2594 3762 2644 καὶ

2173 2692 2331 2745 τοῦτο
2384 2692 2557 2743 ποιεῖν
2592 2691 2729 2761 πρὸς
2785 2689 2996 2742 τελείαν
3029 2688 3121 2741 τοῦ
3155 2687 3359 2748 πάθους
3411 2684 3763 2747 θεσπίζουσιν

2176 2785 2320 2837 τασιν
2348 2798 2361 2813 ο
2392 2782 2534 2852 ὕδωρ
2566 2783 2787 2849 ἐνέγκαι
2826 2781 2934 2833 τῶν
2974 2780 3209 2833 Ἀδύτων
3246 2778 3541 2832 ἐκέλευσαν
3562 2792 3578 2807 ο
3611 2775 3764 2827 ἔστιν

2174 2873 2232 2926 δὲ
2260 2872 2424 2941 λίμνη
2474 2871 2546 2924 τὰ
2577 2871 2803 2936 "Abora,
2857 2869 3265 2941 Ἀλεξανδρείας
3301 2867 3543 2928 σταδίους
3566 2882 3764 2918 πενταο

2176 2961 2388 3023 κοσίους
2430 2961 2732 3030 ἀπέχουσα,
2770 2959 2907 3029 πρὸς
2949 2957 3102 3011 δύσιν
3130 2957 3223 3009 καὶ
3271 2956 3466 3025 λίμνην
3513 2955 3613 3023 τὴν
3640 2955 3762 3020 γείο

2175 3070 2323 3107 τονα.
2351 3052 2569 3123 Ταύτης
2608 3051 2704 3105 τοῦ
2750 3051 2991 3121 νάματος
3021 3048 3305 3118 ἐνεχθῆναι
3334 3045 3762 3117 προστάττουσι.

2178 3145 2271 3198 καὶ
2297 3143 2434 3215 πρὸς
2484 3143 2640 3197 πόσιν
2666 3143 2886 3212 δοθῆναι
2916 3141 2995 3211 τῷ
3021 3140 3303 3209 πάσχοντι,
3329 3137 3422 3190 καὶ
3449 3135 3542 3189 τοῦ
3591 3151 3766 3203 προσο

2179 3236 2331 3290 ὡπου
2361 3235 2456 3288 καὶ
2485 3234 2585 3304 τῆς
2613 3234 2857 3303 κεφαλῆς
2885 3233 2984 3302 τὴν
3024 3230 3353 3286 ἁπόπλυσιν.
3384 3227 3680 3295 Γενομένου
3706 3224 3765 3279 δὲ

2175 3328 2269 3381 τοῦ
2297 3327 2406 3381 τῶν
2436 3326 2604 3395 άγίων
2635 3325 3025 3395 θεσπίσματος,
3051 3324 3251 3392 ἧρχετο
3281 3320 3342 3371 τὸ
3367 3320 3536 3385 νᾶμα,
3563 3314 3719 3367 ἔπιεν
3741 3317 3767 3366 ὁ

2189 3418 2472 3480 Ἐλπίδιος,
2508 3418 2601 3470 καὶ
2621 3416 2719 3485 τήν
2741 3415 2984 3485 κεφαλὴν
3014 3414 3208 3467 ἐπλυνε
3235 3413 3331 3465 καὶ
3352 3412 3420 3464 τὰ
3449 3413 3718 3477 πρόσωπα
3749 3426 3762 3439 ·

2176 3510 2270 3563 κα⁴ι
2296 3508 2359 3561 τὸ
2384 3507 2555 3570 πάθος
2583 3507 2744 3570 εὐθὺς
2776 3507 2981 3575 ἀφανὲς
3022 3505 3119 3557 καὶ
3148 3502 3377 3575 φροῦδον
3410 3500 3620 3568 ἐγίνετο
3649 3515 3662 3527 ·
3695 3495 3768 3567 ἦν

2174 3601 2231 3655 δὲ
2259 3602 2318 3653 τὺ
2351 3601 2584 3670 πρᾶγμα
2604 3597 2881 3668 θαύματος
2914 3596 3083 3660 ἄξιον,
3114 3595 3195 3648 ὅτι
3228 3594 3285 3646 τδ
3313 3591 3464 3659 νάμα
3487 3590 3547 3643 τὸ
3585 3587 3763 3640 άστας

2174 3709 2266 3746 τον
2299 3692 2423 3759 ῑστη
2465 3689 2707 3759 κεφαλὴν
2733 3689 2830 3741 καὶ
2860 3687 3150 3757 πρόσωπον
3178 3683 3413 3738 ἄστατον
3440 3697 3455 3712 ο
3489 3681 3582 3734 καὶ
3613 3677 3763 3747 ὕδωρ

2175 3784 2237 3837 τὺ
2264 3784 2352 3837 ἀεὶ
2384 3785 2450 3853 τῇ
2500 3780 3051 3853 ρεύσεικινούμενον,
3097 3776 3394 3845 ἁκλόνητον
3448 3773 3619 3826 ἐποίει
3670 3770 3765 3821 τὸν

2176 3875 2267 3929 ἀεὶ
2316 3873 2678 3943 κλονούμενον
2711 3870 3005 3942 τράχηλον.
3044 3866 3312 3929 Ἑλπίδιος
3357 3865 3453 3934 μὲν
3494 3858 3589 3915 οὗν
3617 3860 3767 3913 οὕτω

2174 3968 2274 4039 τὴν
2312 3966 2610 4036 θεραπείαν
2653 3965 2973 4035 εὑράμενος,
3008 3961 3105 4016 καὶ
3131 3959 3227 4030 τὴν
3261 3958 3415 4011 νόσον
3444 3955 3760 4024 ἀποτριψάο

2180 4073 2358 4128 μενος,
2382 4054 2508 4119 τοὺς
2539 4055 2730 4123 ἁγίους
2766 4053 3013 4123 ὑμνήσας
3042 4049 3317 4120 άπῴχετο,
3345 4047 3439 4100 καὶ
3470 4046 3570 4115 τὴν
3604 4048 3757 4109 ἐνεγ-

2177 4146 2423 4217 καμένην
2500 4144 2814 4218 ἐρρωμένος
2876 4140 3173 4195 κατέλαϐεν
3217 4154 3231 4170 ο
3285 4138 3379 4201 οὒς
3448 4137 3545 4190 καὶ
3602 4137 3765 4205 ἡμεῖς

2174 4235 2415 4300 ἐπαξίως
2452 4235 2821 4306 γεραίροντες,
2855 4233 3048 4302 ἑτέραν
3084 4230 3265 4284 αὐτῶν
3302 4229 3590 4299 ἀριστείαν
3621 4244 3756 4295 συγ-

2174 4327 2496 4399 γράψωμεν.

2562 4417 2680 4474 ΞΔν.
2722 4416 2859 4485 Περὶ
2885 4417 2992 4471 τοῦ
3018 4414 3380 4486 μογιλάλον.

2250 4506 2325 4559 οὐ
2357 4505 2523 4560 καλὸν
2553 4505 2812 4574 ἀδικῆσαι
2832 4505 2923 4558 τὸν
2946 4505 3164 4568 ἄλαλον,
3208 4504 3257 4558 εἰ
3295 4504 3393 4558 καὶ
3433 4503 3766 4571 κατηγορεῖν

2172 4597 2329 4668 ἡμῶν
2362 4597 2437 4661 ὡς
2465 4595 2793 4650 ἀδικούντων
2834 4597 2892 4649 οὐ
2924 4596 3165 4660 δύναται,
3200 4596 3311 4648 οὐδ’
3348 4594 3508 4649 ἐᾶσαί
3536 4611 3596 4660 γε
3631 4610 3764 4645 σιω-

2172 4687 2448 4758 πώμενον,
2493 4687 2613 4741 ἐπεὶ
2649 4687 2785 4758 μηδὲ
2822 4686 3010 4740 τοῦτον
3036 4688 3086 4740 oi
3128 4687 3329 4751 ἔνδοξοι
3373 4686 3648 4756 μάρτυρες
3671 4683 3764 4734 ἀεὶ

2175 4778 2415 4848 σιγῶντα
2443 4778 2757 4841 κατέλιπον,
2789 4778 2923 4832 ἀλλὰ
2949 4778 3110 4832 λάλον
3139 4779 3196 4844 ἐξ
3226 4777 3441 4831 ἀλάλων
3464 4775 3764 4845 εἰργάσαν-

2172 4889 2252 4938 το,
2289 4872 2383 4925 xui.
2409 4871 2469 4923 τὸ
2495 4865 2554 4925 εὗ
2601 4871 2785 4924 λαλεῖν
2811 4870 3153 4941 ἐχαρίσαντο,
3187 4870 3278 4922 ἵνα
3328 4867 3401 4939 μὴ
3432 4866 3532 4935 τῆς
3556 4868 3611 4918 ἐν
3634 4865 3764 4918 τού-

2174 4979 2251 5031 τῳ
2274 4961 2636 5030 τελειότητος,
2665 4961 2726 5014 τὸ
2755 4960 2961 5027 τέλειον
2998 4960 3178 5014 αὐτῶν
3221 4959 3433 5012 λίποιτο
3489 4956 3760 5027 χάρισμα.

2175 5050 2315 5114 Τοὺς
2362 5050 2550 5119 ἁγίους
2598 5049 2691 5103 οὖν
2720 5049 2818 5104 καὶ
2853 5051 3014 5120 ἡμεῖς
3057 5047 3444 5119 μιμησώμεθα,
3500 5045 3596 5097 καὶ
3624 5044 3764 5112 ὅπερ

2175 5143 2330 5196 αὐτοὶ
2357 5142 2475 5195 τότε
2501 5143 2615 5205 τοῖς
2653 5141 2835 5213 ἔργοις
2867 5141 3210 5211 δεδράκασιν,
3260 5138 3419 5191 τοῦτο
3464 5136 3559 5189 νῦν
3600 5137 3769 5205 ἡμεῖς

2175 5232 2289 5291 τοῖς
2341 5228 2524 5297 λόγοις
2561 5230 2898 5299 ποιήσωμεν,
2958 5229 3053 5282 καὶ
3099 5229 3191 5281 τὸν
3226 5226 3371 5293 ἅπαξ
3415 5226 3764 5296 λαλήσαντα,

2179 5320 2344 5373 πάλιν
2370 5319 2563 5373 ἄλαλον
2597 5319 2671 5390 μὴ
2696 5319 2996 5391 τιθῶμεθα,
3027 5318 3126 5388 τὴν
3159 5317 3283 5371 κατ’
3314 5314 3478 5370 αὒτδν
3515 5311 3769 5367 σιωπῶνρ

2177 5426 2268 5471 τες
2300 5408 2572 5477 διήγησιν,
2621 5410 2815 5479 μήπως
2860 5411 3010 5479 ἡμᾶς
3055 5408 3281 5477 διαϐάλῃ
3325 5408 3437 5467 τοῖς
3470 5406 3763 5474 μάρτυσιν,

2178 5499 2272 5552 καὶ
2302 5498 2402 5566 τῆς
2429 5499 2703 5569 ἡμετέρας
2748 5500 2905 5569 σιγῆς
2937 5494 3239 5570 κατήγορος
3279 5497 3528 5566 γένηται,
3573 5494 3636 5547 τὸ
3666 5494 3768 5546 λα-

2178 5586 2288 5639 λεῖν
2313 5587 2450 5656 πρὸς
2486 5586 2665 5640 αὐτῶν
2704 5587 3095 5658 κομισάμενος,
3125 5586 3222 5641 καὶ
3248 5586 3410 5655 σιγᾷν
3439 5583 3473 5653 ἢ
3506 5582 3769 5650 σιγᾶσθαι

2178 5676 2305 5739 τοὺς
2337 5676 2559 5740 λοιποὺς
2589 5676 2663 5747 μή
2692 5675 3035 5749 βουλόμενος,
3064 5678 3153 5731 ἵνα
3176 5675 3251 5747 μὴ
3273 5676 3386 5740 τοῖς
3412 5672 3578 5727 λάλον
3604 5670 3773 5727 αὐτὸν
