3930 6316
259 243 415 309 3645

1292 253 1397 315 ss.
1425 252 1599 315 cvm
1638 253 1734 314 ET
1771 250 2092 315 JOANNIS
2126 208 2553 318 MIRACULA-

3399 250 3539 316 3646

263 356 621 424 ἀναδείξασιν
661 356 931 429 ἀγνώμων
957 360 1196 431 κρίνοιτο
1232 363 1323 417 καὶ
1349 348 1664 436 ἀχάριστος,
1698 366 1887 438 σιγᾷν.

1994 382 2076 420 :ro
2126 367 2355 434 nolens;
2388 383 2455 422 ne
2499 367 2583 423 his
2617 368 2719 438 qui
2759 365 3105 436 eloquentem
3162 364 3309 419 hunc
3355 376 3541 421 osten-

265 449 462 509 αὐτῶν
495 450 594 513 τὰς
623 450 832 523 δωρεὰς
867 453 1260 524 ἀνασχόμενος.

349 631 531 696 Φοίνιξ
581 632 825 703 ὑπῆρχεν
852 634 880 685 6
924 632 1118 696 ἄλαλος
1138 675 1152 698 ,
1186 634 1280 688 καὶ
1308 635 1484 706 Τύρου
1514 637 1614 707 τῆς
1653 636 1863 700 πόλεως

250 724 528 794 κῶρμητο,
564 722 802 792 ἐλέγχων
837 724 976 794 τάχα
1005 726 1181 799 ταύτῃ
1209 728 1336 789 τοὺς
1364 727 1655 801 Ἕλληνας,
1679 727 1775 781 καλ⁸
1798 728 1865 782 τὰ

269 813 448 883 ψευδῆ
469 812 674 871 τούτων
697 814 789 865 καὶ
822 813 1041 884 γραώδη
1082 816 1550 884 μυθάρια.Ἔνθεν
1576 816 1686 886 γὰρ
1717 810 1863 870 οὗτοι

270 904 371 956 τὸν
395 904 615 970 Κάδμον
639 903 958 973 μυθεύονται
984 906 1200 975 πρῶτον
1243 908 1595 978 γραμμάτων
1609 908 1866 976 γενέσθαι

275 996 603 1064 γεννήτορα,
638 996 730 1047 καὶ
758 994 1207 1059 τούτοιςἚλλάδα
1231 998 1440 1065 ξενίσαι
1471 1000 1570 1071 τὴν
1601 1003 1863 1071 ἄμουσον,

279 1089 377 1155 ἀφ’
429 1080 490 1139 οὗ
538 1087 632 1139 νῦν
696 1086 1005 1159 βλαστήσεις
1064 1092 1091 1143 6
1137 1091 1369 1155 ἄλαλος,
1428 1092 1603 1164 σαφὴς
1648 1093 1866 1165 ἔλεγχος

280 1175 443 1246 ὤφθη
491 1176 585 1229 τοῦ
649 1178 965 1248 πλάσματος
1009 1197 1022 1210 ·
1068 1181 1126 1234 ὃν
1175 1182 1436 1253 ’Έλληνες
1478 1185 1692 1257 ἀμαθίᾳ
1736 1204 1870 1240 κατ-

284 1269 595 1336 έκρυπτον,
662 1269 928 1349 πρεσϐεῖα
988 1271 1232 1338 Μωσέως
1286 1274 1347 1326 οὐ
1413 1274 1724 1345 βλέποντες,
1775 1278 1870 1330 καὶ

286 1358 514 1430 Κάδμου
542 1361 767 1431 χρόνους
791 1362 1070 1427 παντελῶς
1096 1365 1153 1416 ού
1188 1364 1570 1433 γινώσκοντες,
1600 1365 1693 1430 οὒς
1733 1369 1871 1439 πρὸς

288 1450 511 1521 ἔλεγχον
575 1453 974 1522 παρατίθεσθαι
1049 1456 1305 1525 μείζονα,
1373 1458 1464 1511 καὶ
1529 1458 1872 1529 σαφεστέραν

290 1544 468 1595 ποιεῖν
509 1542 606 1613 τὴν
646 1544 853 1614 πλάνην
886 1547 996 1609 τοῖς
1020 1544 1283 1611 θέλουσιν,
1327 1547 1355 1599 6
1395 1547 1594 1612 σκοπὸς
1624 1550 1652 1600 6
1683 1547 1872 1618 παρὼν

291 1635 393 1699 οὐκ
423 1634 614 1707 ἀφίησι
641 1674 657 1701 ,
686 1636 823 1706 πρὸς
867 1638 1059 1690 ἑαυτὸν
1091 1637 1475 1708 ἐφελκόμενος,
1510 1641 1600 1697 καὶ
1632 1640 1872 1710 πληροῦν

293 1729 456 1791 αύτὶν
486 1730 812 1796 ἀναγκάζων
836 1730 928 1783 τὸν
957 1732 1224 1801 κάλαμον.
1258 1733 1456 1803 Τύριος
1481 1729 1567 1804 ἦν,
1603 1736 1679 1798 ώς
1710 1735 1872 1805 ἔφην,

295 1821 324 1872 6
358 1818 573 1885 ἀλαλος,
619 1821 714 1873 καὶ
749 1821 1010 1889 σύγγονον
1056 1823 1180 1894 ἔσχε
1228 1825 1287 1877 τὸ
1317 1825 1552 1895 νόσημα,
1601 1827 1662 1878 οὐ
1698 1827 1875 1897 χρόνῳ

295 1910 402 1963 τινὶ
434 1910 645 1981 συμϐὰν
671 1912 766 1966 ἀπ’
788 1912 947 1971 ἄλλου
981 1915 1303 1984 νοσήματος,
1343 1917 1456 1969 ἀλλ’
1488 1917 1546 1981 ἐξ
1575 1919 1745 1988 αὐτῆς
1776 1918 1876 1973 αὖ·

295 2002 374 2069 τιῖ)
402 2002 686 2072 συντεχθὲν
716 2004 814 2074 τῆς
836 2006 1087 2074 κυήσεως
1110 2023 1123 2037 ο
1150 2008 1243 2059 καὶ
1266 2006 1423 2061 τοῦτο
1455 2009 1635 2080 λαχὼν
1668 2011 1729 2063 τὸ
1766 2011 1875 2065 πά-

300 2092 390 2153 θος
439 2094 503 2145 ἐκ
546 2093 761 2161 φύσεως
789 2136 802 2159 ,
842 2096 901 2147 ού
953 2095 1210 2164 γλυκεῖαν
1257 2099 1470 2168 ἀφῆκεν
1514 2102 1698 2168 φωνὴν
1744 2102 1878 2172 πρὸς

299 2185 425 2246 τοὺς
456 2183 750 2253 φύσαντας,
789 2186 848 2238 ού
895 2189 1109 2258 μητέρα
1143 2189 1271 2242 ποτὲ
1309 2190 1613 2260 τραυλίζων
1646 2193 1879 2264 ἠγόρευ-

238 2318 243 2329 .
303 2293 413 2341 σεν,
439 2277 498 2329 ού
526 2277 738 2352 πατέρα
771 2279 1036 2348 ψελλίζων
1066 2281 1326 2335 ἐκάλεσεν
1358 2300 1371 2313 ο
1396 2279 1477 2348 οἷς
1508 2285 1594 2337 ἀεὶ
1620 2285 1729 2338 τῶν
1752 2286 1881 2338 παί-

299 2367 407 2421 δων
455 2370 502 2420 οἱ
541 2374 715 2436 γονεῖς
760 2373 1236 2441 ἐπευφραίνονται,
1286 2374 1389 2427 κᾶν
1454 2371 1762 2448 ἀναρθραῇ
1812 2377 1879 2431 τά

298 2459 675 2529 τραυλίσματα
706 2463 796 2517 καὶ
822 2462 1162 2532 ψελλίσματα
1190 2481 1203 2493 ·
1250 2465 1325 2528 ὡς
1361 2465 1634 2536 Ἀθηναῖοι
1666 2467 1726 2519 τὸ
1752 2468 1881 2540 πρὶν

302 2549 390 2602 ἐπ’
441 2552 669 2623 Αἰσχίνῃ
701 2556 794 2606 καὶ
844 2554 1178 2625 Δημοσθένει
1214 2557 1327 2620 τοῖς
1367 2558 1593 2628 ῥήτορσι
1630 2557 1725 2612 καὶ
1769 2560 1882 2622 τοῖς

301 2641 505 2699 τούτων
535 2642 859 2713 εύγλώττοις
892 2644 1289 2716 στομύλμασιν.

388 2818 549 2891 Ἀνὴρ
592 2819 683 2873 οὖν
716 2821 975 2889 γεγονὼς,
1019 2824 1117 2895 τὴν
1160 2824 1404 2893 γλῶτταν
1447 2823 1592 2896 εἶχεν
1629 2827 1883 2898 ἀκίνητον

307 2912 399 2965 καὶ
422 2914 531 2974 τοῖς
555 2911 760 2975 λοιποῖς
796 2915 855 2966 οὗ
892 2916 1289 2986 συντρέχουσαν
1329 2917 1547 2988 μέλεσιν
1572 2935 1586 2950 θ
1614 2920 1709 2972 καὶ
1741 2921 1882 2990 τάχα

1966 458 2183 523 derunt,
2214 460 2395 513 minus
2432 460 2664 525 devotus
2692 472 2816 513 esse
2849 457 3194 526 judicaretur
3238 455 3447 525 pariter
3487 464 3542 511 et

1966 549 2239 618 ingratus,
2276 549 2405 604 dum
2439 549 2583 604 dona
2616 564 2804 604 eorum
2857 558 3040 602 tacere
3080 545 3380 617 pateretur.

2035 638 2267 695 thnix
2305 649 2423 694 erat
2454 648 2658 702 mutus,
2695 646 2749 693 et
2783 637 2910 709 Tyri
2964 638 3205 693 civitatis
3250 636 3540 701 oriundus,

1965 729 2305 800 redarguens
2333 728 2473 784 forte
2507 730 2596 785 hic
2625 728 2868 793 Grzecos,
2915 735 2969 783 et
3027 727 3194 784 falsas
3241 727 3436 784 horum
3490 740 3543 781 et

1968 823 2143 878 aniles
2170 820 2414 877 fabellas.
2444 820 2582 878 lliuc
2628 822 2773 883 enim
2810 823 2843 877 ii
2886 820 3128 875 Cadmon
3158 819 3399 876 fatentur
3431 821 3544 890 pri-

1968 929 2114 967 mum
2144 914 2448 968 litterarum
2486 914 2659 968 fuisse
2687 913 3037 984 magistrum,
3067 921 3121 968 et
3155 912 3241 967 his
3276 912 3540 967 Graeciam

1969 1017 2311 1060 muneratum
2348 1004 2628 1059 indoctam
2665 1004 2808 1077 [cod.
2852 1003 3153 1076 miratam].
3184 1005 3228 1057 Α
3257 1019 3366 1074 quo
3402 1019 3545 1057 nunc

1970 1097 2287 1166 germinans
2326 1108 2530 1162 mutus,
2572 1096 2899 1152 manifestus
2956 1095 3195 1150 fictionis
3231 1095 3392 1149 index
3445 1108 3544 1164 ap-

1971 1188 2173 1260 paruit,
2212 1204 2393 1258 _quem
2447 1188 2621 1243 Grmci
2683 1187 3196 1259 indisciplinati‘one
3242 1184 3546 1241 absconde-

1971 1280 2123 1346 bant,
2182 1280 2479 1350 primatum
2537 1279 2708 1351 Moysi
2764 1294 2875 1339 non
2939 1277 3205 1342 videntes,
3263 1287 3317 1329 et
3358 1274 3545 1329 Cadmi

1972 1380 2216 1439 tempori
2253 1371 2429 1425 modis
2471 1350 2728 1425 omnibus
2770 1368 3122 1434 nescientes;
3171 1382 3310 1436 quos
3352 1365 3418 1419 ad
3462 1380 3547 1417 rei-
3638 1350 3644 1357 ’

1972 1462 2352 1532 dargutioncm
2413 1462 2674 1531 majorem
2729 1460 3154 1524 commendare,
3207 1459 3548 1513 manifestio-

1973 1557 2199 1621 remque'
2245 1553 2331 1607 his
2381 1553 2475 1621 qui
2531 1552 2724 1608 volunt
2774 1566 3018 1606 errorem
3068 1550 3266 1615 facere,
3320 1550 3549 1604 intentio

1978 1658 2216 1712 praesens
2248 1657 2356 1696 non
2394 1642 2550 1706 sinit,
2577 1643 2643 1697 ad
2671 1658 2730 1697 se
2769 1656 2871 1697 nos
2901 1641 3210 1705 attrahcns,
3242 1647 3296 1695 et
3325 1641 3551 1708 implere

1978 1750 2138 1805 suum
2188 1734 2458 1789 calamum
2496 1748 2719 1803 cogens.
2752 1732 2954 1804 Tyrius
3007 1739 3146 1796 erat,
3197 1740 3256 1784 ut
3284 1731 3418 1796 dixi,
3461 1730 3551 1785 ille

1978 1834 2197 1889 mutus;
2230 1834 2283 1877 et
2323 1824 2633 1894 passionem
2670 1824 2904 1879 habebat
2933 1824 3207 1895 cognitam
3256 1838 3364 1876 non
3410 1829 3553 1877 tem-

1978 1933 2111 1990 pore
2150 1918 2334 1987 aliquo
2375 1917 2444 1971 ab
2486 1917 2593 1971 alio
2648 1916 2987 1973 accidentem
3032 1917 3315 1985 languore,
3357 1915 3449 1970 sed
3484 1930 3549 1970 ex

1977 2011 2098 2082 ipso
2130 2024 2317 2066 secum
2350 2017 2508 2080 partu
2568 2015 2910 2063 nascentem.
2954 2007 3020 2061 Et
3053 2008 3197 2061 hanc
3239 2022 3305 2063 ex
3353 2014 3550 2062 natura

1979 2102 2224 2165 sortitus,
2260 2115 2367 2155 non
2404 2099 2621 2155 dulcem
2683 2098 2748 2152 ad
2801 2107 3056 2167 parentes
3106 2097 3287 2152 emisit
3338 2111 3551 2162 vocem,

1983 2209 2090 2248 non
2133 2200 2364 2246 matrem
2417 2191 2713 2260 aliquando
2744 2189 3056 2244 balbutiens
3101 2187 3411 2257 appellavit,
3443 2202 3550 2242 non

1979 2292 2187 2355 patrem
2233 2269 2384 2338 claro
2426 2283 2617 2337 Saltem
2661 2287 2833 2334 mutto
2880 2279 2977 2351 [ita
3016 2278 3185 2350 cod.],
3219 2281 3431 2335 vocavit
3463 2294 3556 2334 su-

1981 2390 2077 2444 per
2107 2373 2305 2443 quibus
2330 2386 2545 2441 semper
2571 2386 2866 2443 puerornm
2896 2381 3149 2439 parentes
3182 2370 3551 2435 laetiﬁcantur,

1983 2466 2111 2519 licet
2143 2465 2262 2518 sine
2309 2462 2562 2517 articulis
2601 2463 2713 2517 sint
2760 2461 3053 2514 muttiendi
3107 2467 3161 2514 et
3216 2459 3554 2515 balbutiendi
3600 2450 3605 2457 ’

1984 2572 2173 2611 eorum
2241 2554 2502 2621 affectus;
2563 2553 2707 2609 sicut
2754 2552 3114 2606 Atheuienses
3151 2552 3358 2621 pridem
3395 2565 3558 2621 super

1983 2647 2248 2705 Aiachine
2277 2646 2361 2701 vel
2411 2645 2575 2700 etiam
2629 2645 2993 2702 Demosthene
3028 2642 3339 2696 rhetoribus
3369 2650 3423 2697 et
3463 2643 3558 2695 Ιιο-

1984 2755 2104 2794 rum
2132 2737 2396 2793 versutiis
2441 2735 2851 2805 eloquentibus.

2054 2828 2152 2885 Vir
2174 2843 2305 2899 ergo
2335 2827 2513 2884 factus
2539 2827 2781 2895 linguam
2813 2826 3152 2880 immobilem
3192 2824 3402 2888 habuit,
3436 2837 3559 2877 cum

1988 2921 2217 2990 reliquis
2247 2918 2506 2975 membris
2536 2917 2763 2971 minime
2803 2925 3220 2971 concurrentem
3261 2932 3276 2970 :
3328 2923 3382 2969 ct
3421 2913 3562 2968 forte

307 3003 375 3067 ἂν
403 3004 500 3073 τῆς
526 3004 807 3076 παρούσης
831 3005 979 3075 ζωῆς
998 3007 1140 3060 οὕτω
1160 3008 1515 3079 ἐξεδήμησεν,
1546 3012 1594 3064 εί
1622 3011 1698 3083 μὴ
1732 3011 1884 3080 φιλό-

1994 3014 2066 3069 sic
2101 3027 2131 3065 a
2166 3010 2418 3082 prtesenti
2454 3010 2561 3064 vita
2607 3009 2919 3080 mig-rasset,
2976 3008 3081 3064 nisi
3129 3009 3349 3079 quidam
3397 3005 3558 3060 amici

306 3094 517 3163 χριστοί
548 3111 694 3158 τινες
731 3097 824 3148 καὶ
860 3095 1231 3168 φιλάνθρωποι
1272 3099 1456 3170 Κύρου
1487 3104 1583 3154 καὶ
1640 3102 1885 3158 Ἰωάννου

207 3227 211 3230 .
308 3185 406 3253 τὴν
440 3186 599 3256 χάριν
633 3186 1055 3256 γιγνώσκοντες,
1101 3190 1195 3243 καὶ
1238 3191 1308 3244 τὰ
1342 3191 1410 3245 δι’
1441 3193 1619 3249 αὐτῶν
1654 3195 1765 3257 τοῖς
1794 3210 1887 3247 πι-

312 3279 455 3339 στοῖς
483 3278 835 3348 παρεχόμενα
876 3280 1130 3349 θαύματα
1164 3281 1240 3344 ὡς
1278 3283 1463 3336 πιστοὶ
1491 3284 1888 3355 συμπαθήσαν-

310 3385 423 3432 τες,
445 3368 643 3422 ’τοῦτον
676 3370 811 3440 πρὸς
843 3371 968 3435 τοὺς
1003 3372 1285 3444 μάρτυρας
1300 3375 1509 3444 ἤγαγον
1540 3390 1553 3404 ’
1579 3374 1709 3428 ἔνθα
1737 3376 1892 3445 γενό-

316 3476 477 3534 μενος
503 3504 518 3531 ,
562 3461 656 3514 καὶ
697 3460 793 3532 τὴν
839 3462 1020 3515 πίστιν
1055 3463 1160 3515 τῶν
1198 3466 1515 3533 ἀγαγόντων
1556 3464 1694 3536 ἔχων
1754 3483 1891 3537 πρε-

315 3549 632 3615 σϐεύουσαν,
670 3551 761 3605 καὶ
801 3546 981 3605 οἶκτον
1006 3552 1098 3605 τὸν
1148 3553 1336 3606 ἑαυτοῦ
1378 3555 1512 3624 πρὸς
1549 3550 1729 3610 οἶκτον
1766 3558 1891 3622 τοὺς

316 3641 500 3709 ἁγίους
530 3642 837 3712 ἐγείραντα.
872 3642 1028 3706 λάλος
1053 3642 1297 3713 γλώττης
1326 3635 1606 3716 ἐπέτυχεν,
1630 3647 1691 3698 οὐ
1715 3647 1893 3715 γλῶτ-

313 3749 414 3797 ταν
473 3732 637 3805 ἄλλην
694 3732 1055 3804 κτησάμενος,
1109 3732 1225 3788 ἀλλ’
1264 3730 1331 3808 ἦς
1374 3731 1518 3806 εἶχεν
1565 3737 1656 3791 τὸν
1698 3738 1896 3810 δεσμὸν

318 3821 673 3894 ἀποθέμενος.
738 3824 964 3890 Πάντως
1017 3825 1073 3880 δέ
1117 3826 1177 3880 τὸ
1211 3829 1501 3900 φάρμακον
1542 3828 1720 3897 λέγειν
1768 3831 1896 3885 ἀκό-

316 3911 527 3979 λουθον,
556 3913 623 3967 δι’
645 3908 705 3968 οὗ
733 3915 793 3967 τὸ
814 3918 911 3986 τῆς
930 3915 1174 3987 γλώττης
1201 3917 1368 3979 πάθος
1393 3917 1677 3988 ἐξέφυγεν.
1711 3921 1896 3993 ’Ύδωρ

319 4004 468 4074 αύτῷ
496 4006 672 4059 πίνειν
699 4005 1010 4061 καθεύδοντι
1043 4010 1092 4061 οί
1124 4009 1269 4078 ἆγιοι
1295 4011 1553 4078 φανέντες
1579 4012 1894 4067 ἐκέλευσαν⁸

321 4095 383 4148 οὐ
414 4095 592 4165 λόγοις
632 4096 790 4150 τοῦτο
823 4098 1171 4164 θεσπίζοντες
1203 4099 1285 4170 (ού
1329 4101 1438 4174 γὰρ
1477 4102 1717 4175 ἤκουεν),
1757 4105 1893 4159 ἀλλά
1964 4098 1969 4103 ”

321 4184 576 4253 νεύμασι,
626 4187 720 4248 καὶ
749 4182 844 4239 τοῦ
888 4186 1130 4258 νάματος
1173 4189 1392 4254 δείξεσι.
1440 4191 1498 4245 '0
1525 4191 1581 4245 δὲ
1609 4192 1899 4264 γενόμενος

322 4274 570 4340 ἔξυπνος,
607 4276 667 4328 τὸ
688 4277 836 4353 νάμα
869 4277 1055 4349 φέρειν
1094 4278 1336 4333 ἐνένευεν
1371 4298 1386 4313 ’
1416 4283 1758 4354 ἐμεμαθήκει
1791 4284 1898 4356 γὰρ

321 4363 411 4419 διά
444 4366 730 4434 νεύματος,
777 4367 805 4421 ὃ
828 4368 873 4421 δ’
903 4369 968 4421 ἂν
1018 4369 1114 4439 ίδοι
1150 4370 1510 4442 κοιμώμενος,
1539 4372 1697 4428 τοῦτο
1725 4377 1899 4429 ποιεῖν
1921 4342 1979 4403 D

324 4457 682 4521 ἀνιστάμενος
716 4475 728 4486 ·
765 4459 858 4511 καὶ
885 4458 1129 4522 δοθέντος
1158 4460 1306 4530 αὐτῷ
1334 4463 1526 4516 θᾶττον
1559 4464 1653 4516 τοῦ
1688 4464 1897 4530 ὕδατος,

324 4551 616 4621 δεξάμενος
658 4552 834 4605 ἔπιεν.
865 4552 976 4605 Καὶ
1026 4537 1165 4605 πιὼν
1204 4552 1405 4617 εὐθέως
1459 4553 1723 4622 ἐλάλησεν
1759 4572 1773 4587 ·
1809 4557 1904 4610 καὶ

324 4622 626 4695 λαλούντων
679 4638 984 4710 ἀνθρώπων
1022 4642 1326 4712 ἐπήκουσεν
1365 4659 1379 4673 ·
1445 4644 1538 4697 καὶ
1580 4642 1691 4698 τῶν
1733 4645 1904 4713 ἁγίων

325 4729 641 4801 ἀπήγγελλε
703 4728 1019 4799 θέσπισμα,
1089 4731 1183 4783 τὸν
1248 4732 1459 4801 ὄνειρον
1533 4733 1714 4801 λόγοις
1770 4750 1906 4805 τροιοσ

326 4821 446 4873 νέσι
485 4817 841 4889 διηγούμενος
883 4819 974 4872 καὶ
1015 4818 1124 4873 τῶν
1161 4820 1435 4890 ὀφθέντων
1489 4821 1764 4894 γεραίρων
1805 4823 1906 4896 τὴν

328 4911 586 4982 δύναμιν.

402 5009 590 5074 υύτως
635 5012 662 5064 6
695 5010 878 5080 κωφὸς
923 5007 1256 5081 ἠκροάσατο,
1302 5004 1397 5059 καὶ
1430 5005 1592 5075 λόγον
1636 5007 1664 5058 6
1714 5005 1910 5071 ἀλαλος

331 5102 731 5172 ἀπεφθέγξατο,
749 5103 808 5155 οὐ
840 5102 939 5173 τῆς
955 5098 1269 5161 Κασταλίας
1294 5098 1626 5167 γευσάμενος
1648 5096 1908 5168 νάματος,

333 5195 432 5265 οὐχ
456 5194 598 5265 ὕδωρ
626 5193 763 5247 πιὼν
787 5193 894 5247 ἀπὸ
914 5192 1117 5271 Στυγὸς
1149 5189 1539 5259 κατειϐόμενον
1559 5231 1576 5257 ,
1605 5190 1665 5242 ού
1697 5188 1912 5260 ῥεῖθρον

333 5284 683 5339 Καυκάσειον
711 5283 1072 5354 ἀρυσάμενος,
1119 5279 1402 5353 εὐφημοῦν
1429 5279 1633 5352 ἀρετὴν
1665 5279 1913 5349 Πυθαγό-

338 5393 504 5448 ρειον,
527 5376 602 5440 ὼς
638 5377 903 5448 Ἑλλήνων
929 5378 977 5429 οί
1007 5374 1165 5444 μῦθοι
1188 5373 1560 5440 θεσπίζουσιν,
1579 5374 1674 5428 καὶ
1699 5373 1807 5428 τῶν
1822 5391 1915 5443 γε-

335 5466 621 5536 γραφότων
655 5469 689 5538 ἡ
717 5465 851 5536 πρὸς
898 5465 1153 5536 ἀλήθειαν
1180 5462 1354 5517 ἔνδεια
1388 5479 1403 5493 ⁸
1452 5462 1566 5516 ἀλλ’
1605 5463 1915 5533 εὐτυχήσας

352 5558 597 5612 Ἰωάννου
658 5559 752 5612 καὶ
808 5556 992 5628 Κύρου
1052 5554 1150 5625 τὴν
1199 5555 1448 5608 κέλευσιν
1494 5554 1915 5625 ἀναπληροῦσαν

342 5647 490 5719 αὐτῷ
529 5649 671 5721 ὅιπερ
702 5652 736 5722 ἡ
771 5648 934 5719 φύσις
971 5647 1317 5716 δημιουργεῖν
1347 5645 1531 5709 αὐτοῖς
1584 5643 1915 5716 παρεχώρη⁴

1989 3098 2193 3155 Christi
2233 3107 2287 3155 et
2331 3098 2613 3154 hominum
2671 3107 2943 3155 amatores
2971 3139 2984 3162 ,
3028 3098 3154 3171 Cyri
3213 3114 3277 3154 ac
3336 3096 3564 3152 Joannis

1990 3191 2221 3262 gratiam
2256 3199 2310 3245 et
2338 3189 2760 3259 miracula'quze
2795 3204 2890 3259 per
2922 3204 3016 3246 eos
3058 3196 3387 3259 praestantur
3429 3189 3563 3243 ﬁdev

1990 3280 2135 3335 libus
2188 3289 2619 3350 cognoscentes,
2695 3286 2957 3349 tanquam
3015 3279 3204 3338 ﬁdeles
3255 3280 3564 3350 compassi,

1992 3371 2139 3425 hunc
2178 3370 2243 3425 ad
2275 3377 2546 3443 martyras
2603 3368 2996 3436 adduxissent;
3045 3370 3138 3423 ubi
3191 3368 3347 3424 fidem
3397 3368 3568 3423 dedu-

1993 3462 2238 3519 centium
2272 3460 2508 3524 habens,
2537 3475 2661 3514 cum
2692 3460 2955 3528 venisset,
2988 3460 3435 3524 intercedentem,
3468 3474 3568 3515 nec

1995 3568 2105 3608 non
2141 3560 2195 3606 et
2227 3551 2637 3605 miserationem
2663 3550 2771 3617 sui,
2807 3551 2873 3606 ad
2908 3551 3312 3605 miserationem
3348 3558 3568 3604 sanctos

1995 3644 2346 3709 excitantem,
2381 3641 2686 3712 eloquentis
2722 3641 2964 3712 linguam
3019 3641 3250 3711 adeptus
3298 3649 3401 3708 est,
3455 3656 3565 3696 non

1997 3739 2158 3793 aliam
2197 3738 2441 3808 linguam
2472 3735 2785 3805 acquircns,
2819 3734 2913 3791 sed
2945 3734 3219 3789 vinculum
3252 3733 3373 3803 ejus
3403 3748 3565 3803 quam

1997 3827 2234 3883 habebat
2291 3826 2592 3895 deponens.
2642 3822 2846 3880 Verum
2903 3834 2955 3879 et
3008 3825 3330 3879 medicinam
3385 3823 3568 3877 dicere

1998 3933 2344 3988 consequens
2377 3925 2483 3982 est,
2533 3933 2627 3987 per
2660 3932 2823 3987 quam
2875 3917 3071 3989 lingua:
3121 3915 3434 3984 passionem
3469 3912 3572 3967 dif-

2001 4009 2156 4079 fugit.
2189 4009 2395 4078 Aquam
2438 4008 2485 4061 ei
2537 4006 2725 4062 bibere
2761 4005 3053 4061 dormienti
3096 4011 3417 4077 apparentes
3447 4017 3572 4057 san-

2000 4101 2074 4158 cti
2121 4100 2433 4170 jusserunt,
2495 4112 2603 4153 non
2657 4096 2841 4153 verbis
2881 4096 2985 4151 hoc
3034 4094 3411 4158 decernentes,
3462 4082 3573 4146 non

2001 4190 2146 4245 enim
2178 4187 2456 4253 audiebat,
2492 4186 2588 4242 sed
2618 4186 2842 4242 nutibus
2882 4192 2936 4240 et
2980 4184 3211 4255 lymphae
3240 4180 3573 4236 ostensioni-

2002 4281 2128 4337 bus.
2191 4280 2296 4347 Qui
2351 4278 2769 4349 expergefactus
2834 4286 2895 4331 ut
2955 4274 3218 4329 ﬂuentum
3287 4270 3579 4326 alienatur

2004 4371 2300 4435 inuuebat;
2336 4369 2604 4424 didicerat
2644 4367 2788 4422 enim
2837 4380 2936 4436 per
2978 4372 3169 4419 nutum
3207 4371 3265 4416 ut
3312 4359 3577 4431 quidquid

2004 4462 2214 4520 videret
2244 4460 2545 4525 dormiens,
2591 4458 2856 4528 evigilans
2888 4456 3130 4522 faceret;
3177 4462 3231 4508 et
3260 4454 3437 4507 datam
3473 4453 3575 4507 sibi

2004 4551 2274 4609 maturius
2305 4564 2500 4620 aquam
2550 4546 2793 4615 suscepit
2840 4553 2894 4599 et
2943 4543 3100 4609 bibit,
3153 4550 3207 4596 et
3242 4540 3434 4596 bibens
3463 4547 3580 4593 sta-

2008 4645 2104 4700 tim
2133 4644 2353 4699 locutus
2378 4650 2482 4707 est,
2516 4648 2571 4694 et
2634 4637 2888 4693 homines
2927 4636 3216 4705 loquentes
3256 4631 3487 4695 audivit,
3524 4638 3577 4684 et

2009 4744 2323 4791 sanctorum
2378 4730 2566 4787 retulit
2624 4728 3004 4792 sanctionem,
3069 4724 3340 4780 somnium
3397 4720 3581 4775 verbis

2007 4824 2282 4893 expressis
2305 4824 2595 4884 enarrans,
2635 4828 2688 4874 et
2713 4831 2903 4875 eorum
2949 4815 3042 4885 qui
3074 4820 3441 4887 apparuerant
3474 4811 3581 4863 vir-

2007 4923 2177 4970 tutem
2204 4911 2598 4966 concelebraris

2081 5003 2290 5058 Taliter
2323 4999 2526 5057 surdus
2593 4997 2820 5063 audivit,
2851 5006 2905 5052 et
2952 4994 3177 5050 verbum
3230 4999 3416 5047 mutus
3454 5003 3581 5059 pro-

2011 5093 2307 5159 nuntiavit,
2351 5106 2461 5145 non
2515 5087 2771 5145 Castaliae
2839 5093 3067 5158 gustaris
3121 5084 3405 5148 fluentum,
3472 5095 3583 5134 non

2011 5200 2210 5257 aquam
2260 5183 2456 5238 bibens
2490 5196 2519 5235 a
2552 5180 2717 5251 Styge
2745 5178 3192 5241 descendentem,
3226 5189 3333 5228 non
3364 5171 3584 5227 laticem

2013 5276 2341 5332 Caucasium
2397 5268 3030 5333 hauriens,laudantem
3067 5267 3321 5320 virtutem
3375 5262 3603 5334 Pytha-'

2014 5366 2278 5436 goricam,
2302 5371 2372 5417 ‘ut
2407 5361 2689 5432 gentilium
2718 5357 2913 5412 fabula:
2951 5356 3225 5419 sanciunt,
3261 5365 3315 5409 et
3344 5353 3581 5422 scripto-

2015 5472 2137 5511 rum
2197 5464 2462 5525 quantum
2524 5451 2720 5506 attinet
2759 5448 2827 5502 ad
2883 5447 3166 5502 veritatem
3226 5445 3431 5517 inopia,
3487 5445 3584 5499 sed

2015 5548 2248 5604 Joannis
2308 5554 2363 5602 et
2411 5544 2538 5617 Cyri
2594 5543 2846 5614 iussione
2892 5541 3122 5611 potitus,
3148 5555 3268 5609 quae
3306 5538 3587 5608 suppleret

2022 5639 2099 5696 illi
2135 5637 2280 5711 quod
2314 5646 2509 5692 natura
2564 5636 2747 5692 facere
2784 5634 3152 5690 concessisset
3181 5648 3194 5700 ;
3225 5646 3332 5703 quo
3364 5642 3583 5700 θρυπτο-
