  <div class='ocr_page' id='page_1' title='image "/cluster/home/n/w/nwhite01/storage/ocr_20150623/87 pars.3/pst.000005712915/439.png"; bbox 0 0 4002 6316; ppageno 0'>
   <div class='ocr_carea' id='block_1_1' title="bbox 406 276 549 340">
    <p class='ocr_par' dir='ltr' id='par_1_1' title="bbox 406 276 549 340">
     <span class='ocr_line' id='line_1_1' title="bbox 406 276 549 340; baseline 0.007 -2"><span class='ocrx_word' id='word_1_1' title='bbox 406 276 549 340; x_wconf 63' lang='grc'><strong>3617</strong></span> 
     </span>
    </p>
   </div>
   <div class='ocr_carea' id='block_1_2' title="bbox 1331 277 2831 342">
    <p class='ocr_par' dir='ltr' id='par_1_2' title="bbox 1331 277 2831 342">
     <span class='ocr_line' id='line_1_2' title="bbox 1331 277 2831 342; baseline -0.002 0"><span class='ocrx_word' id='word_1_2' title='bbox 1331 283 1391 342; x_wconf 90' lang='lat' dir='ltr'><strong>S.</strong></span> <span class='ocrx_word' id='word_1_3' title='bbox 1437 279 1860 342; x_wconf 80' lang='lat' dir='ltr'><strong>SOPHRONII</strong></span> <span class='ocrx_word' id='word_1_4' title='bbox 1893 277 2401 341; x_wconf 68' lang='lat' dir='ltr'><strong>PATRIARCHIE</strong></span> <span class='ocrx_word' id='word_1_5' title='bbox 2428 277 2831 340; x_wconf 82' lang='lat' dir='ltr'><strong>HlEROSOL.</strong></span> 
     </span>
    </p>
   </div>
   <div class='ocr_carea' id='block_1_3' title="bbox 3545 277 3693 342">
    <p class='ocr_par' dir='ltr' id='par_1_3' title="bbox 3545 277 3693 342">
     <span class='ocr_line' id='line_1_3' title="bbox 3545 277 3693 342; baseline 0 -1"><span class='ocrx_word' id='word_1_6' title='bbox 3545 277 3693 342; x_wconf 65' lang='grc' dir='ltr'>τοιθ</span> 
     </span>
    </p>
   </div>
   <div class='ocr_carea' id='block_1_4' title="bbox 407 384 2016 461">
    <p class='ocr_par' dir='ltr' id='par_1_4' title="bbox 407 387 2009 458">
     <span class='ocr_line' id='line_1_4' title="bbox 407 387 2009 458; baseline 0.002 -18"><span class='ocrx_word' id='word_1_7' title='bbox 407 393 533 440; x_wconf 87' lang='lat' dir='ltr'><strong>rent</strong></span> <span class='ocrx_word' id='word_1_8' title='bbox 565 393 835 458; x_wconf 77' lang='lat' dir='ltr'><strong>martyres</strong></span> <span class='ocrx_word' id='word_1_9' title='bbox 879 387 1074 444; x_wconf 90' lang='lat' dir='ltr'><strong>abinde</strong></span> <span class='ocrx_word' id='word_1_10' title='bbox 1126 389 1392 446; x_wconf 72' lang='lat' dir='ltr'><strong>sanitates</strong></span> <span class='ocrx_word' id='word_1_11' title='bbox 1427 389 1658 454; x_wconf 75' lang='lat' dir='ltr'><strong>donare,</strong></span> <span class='ocrx_word' id='word_1_12' title='bbox 1684 397 1740 444; x_wconf 89' lang='lat' dir='ltr'><strong>et</strong></span> <span class='ocrx_word' id='word_1_13' title='bbox 1792 403 1856 444; x_wconf 86' lang='lat' dir='ltr'><strong>ea</strong></span> <span class='ocrx_word' id='word_1_14' title='bbox 1887 404 2009 458; x_wconf 75' lang='lat' dir='ltr'><strong>qua:</strong></span> 
     </span>
    </p>
   </div>
   <div class='ocr_carea' id='block_1_5' title="bbox 2106 384 3694 461">
    <p class='ocr_par' dir='ltr' id='par_1_5' title="bbox 2115 384 3694 461">
     <span class='ocr_line' id='line_1_5' title="bbox 2115 384 3694 461; baseline -0.001 -19"><span class='ocrx_word' id='word_1_15' title='bbox 2115 406 2207 442; x_wconf 90' lang='grc' dir='ltr'><strong>σεν</strong></span> <span class='ocrx_word' id='word_1_16' title='bbox 2243 406 2258 421; x_wconf 88' lang='grc'><strong>·</strong></span> <span class='ocrx_word' id='word_1_17' title='bbox 2309 389 2396 442; x_wconf 75' lang='grc' dir='ltr'>ἵνα</span> <span class='ocrx_word' id='word_1_18' title='bbox 2435 387 2677 458; x_wconf 78' lang='grc' dir='ltr'>φανῶσιν</span> <span class='ocrx_word' id='word_1_19' title='bbox 2711 389 2760 441; x_wconf 85' lang='lat' dir='ltr'><strong>oi</strong></span> <span class='ocrx_word' id='word_1_20' title='bbox 2802 388 3076 461; x_wconf 86' lang='grc' dir='ltr'>μάρτυρες</span> <span class='ocrx_word' id='word_1_21' title='bbox 3112 384 3324 442; x_wconf 73' lang='grc' dir='ltr'>ἐκεῖθεν</span> <span class='ocrx_word' id='word_1_22' title='bbox 3366 384 3466 450; x_wconf 75' lang='grc' dir='ltr'><strong>τάις</strong></span> <span class='ocrx_word' id='word_1_23' title='bbox 3519 387 3694 452; x_wconf 77' lang='grc' dir='ltr'>ἰάσεις</span> 
     </span>
    </p>
   </div>
   <div class='ocr_carea' id='block_1_6' title="bbox 407 479 1995 551">
    <p class='ocr_par' dir='ltr' id='par_1_6' title="bbox 407 479 1995 551">
     <span class='ocr_line' id='line_1_6' title="bbox 407 479 1995 551; baseline 0.002 -16"><span class='ocrx_word' id='word_1_24' title='bbox 407 479 482 535; x_wconf 81' lang='lat' dir='ltr'><strong>ad</strong></span> <span class='ocrx_word' id='word_1_25' title='bbox 512 479 902 551; x_wconf 75' lang='lat' dir='ltr'><strong>perfectionem</strong></span> <span class='ocrx_word' id='word_1_26' title='bbox 933 483 1248 538; x_wconf 86' lang='lat' dir='ltr'><strong>hominibus</strong></span> <span class='ocrx_word' id='word_1_27' title='bbox 1279 485 1511 540; x_wconf 90' lang='lat' dir='ltr'><strong>deerant</strong></span> <span class='ocrx_word' id='word_1_28' title='bbox 1548 483 1995 549; x_wconf 85' lang='lat' dir='ltr'><strong>accommodare,</strong></span> 
     </span>
    </p>
   </div>
   <div class='ocr_carea' id='block_1_7' title="bbox 408 573 1998 646">
    <p class='ocr_par' dir='ltr' id='par_1_7' title="bbox 408 573 1998 646">
     <span class='ocr_line' id='line_1_7' title="bbox 408 573 1998 646; baseline 0 -16"><span class='ocrx_word' id='word_1_29' title='bbox 408 576 555 630; x_wconf 86' lang='lat' dir='ltr'><strong>unde</strong></span> <span class='ocrx_word' id='word_1_30' title='bbox 575 586 627 631; x_wconf 87' lang='lat' dir='ltr'><strong>et</strong></span> <span class='ocrx_word' id='word_1_31' title='bbox 651 591 678 630; x_wconf 89' lang='lat' dir='ltr'><strong>a</strong></span> <span class='ocrx_word' id='word_1_32' title='bbox 695 577 965 646; x_wconf 89' lang='lat' dir='ltr'><strong>principio</strong></span> <span class='ocrx_word' id='word_1_33' title='bbox 997 579 1338 632; x_wconf 82' lang='lat' dir='ltr'><strong>nativitatem</strong></span> <span class='ocrx_word' id='word_1_34' title='bbox 1373 579 1554 634; x_wconf 84' lang='lat' dir='ltr'><strong>sertiti</strong></span> <span class='ocrx_word' id='word_1_35' title='bbox 1589 587 1737 635; x_wconf 89' lang='lat' dir='ltr'><strong>sunt.</strong></span> <span class='ocrx_word' id='word_1_36' title='bbox 1763 573 1998 646; x_wconf 84' lang='lat' dir='ltr'><strong>Propter</strong></span> 
     </span>
    </p>
   </div>
   <div class='ocr_carea' id='block_1_8' title="bbox 408 665 1994 739">
    <p class='ocr_par' dir='ltr' id='par_1_8' title="bbox 408 665 1994 739">
     <span class='ocr_line' id='line_1_8' title="bbox 408 665 1994 739; baseline 0.003 -21"><span class='ocrx_word' id='word_1_37' title='bbox 408 665 556 736; x_wconf 79' lang='lat' dir='ltr'><strong>quod</strong></span> <span class='ocrx_word' id='word_1_38' title='bbox 591 677 642 721; x_wconf 84' lang='lat' dir='ltr'><strong>ct</strong></span> <span class='ocrx_word' id='word_1_39' title='bbox 683 683 784 720; x_wconf 89' lang='lat' dir='ltr'><strong>nos</strong></span> <span class='ocrx_word' id='word_1_40' title='bbox 818 681 916 722; x_wconf 87' lang='lat' dir='ltr'><strong>eos</strong></span> <span class='ocrx_word' id='word_1_41' title='bbox 941 678 1208 737; x_wconf 86' lang='lat' dir='ltr'><strong>quantum</strong></span> <span class='ocrx_word' id='word_1_42' title='bbox 1252 680 1550 739; x_wconf 85' lang='lat' dir='ltr'><strong>possumus</strong></span> <span class='ocrx_word' id='word_1_43' title='bbox 1595 669 1994 733; x_wconf 87' lang='lat' dir='ltr'><strong>collaudantes,</strong></span> 
     </span>
    </p>
   </div>
   <div class='ocr_carea' id='block_1_9' title="bbox 407 757 1998 831">
    <p class='ocr_par' dir='ltr' id='par_1_9' title="bbox 407 757 1998 831">
     <span class='ocr_line' id='line_1_9' title="bbox 407 757 1998 831; baseline 0.003 -20"><span class='ocrx_word' id='word_1_44' title='bbox 407 766 463 811; x_wconf 81' lang='lat' dir='ltr'><strong>el.</strong></span> <span class='ocrx_word' id='word_1_45' title='bbox 487 757 606 812; x_wconf 84' lang='lat' dir='ltr'><strong>dari</strong></span> <span class='ocrx_word' id='word_1_46' title='bbox 639 759 862 814; x_wconf 85' lang='lat' dir='ltr'><strong>verbum</strong></span> <span class='ocrx_word' id='word_1_47' title='bbox 899 759 952 813; x_wconf 90' lang='lat' dir='ltr'><strong>in</strong></span> <span class='ocrx_word' id='word_1_48' title='bbox 979 760 1264 830; x_wconf 87' lang='lat' dir='ltr'><strong>apertione</strong></span> <span class='ocrx_word' id='word_1_49' title='bbox 1321 761 1436 817; x_wconf 90' lang='lat' dir='ltr'><strong>oris</strong></span> <span class='ocrx_word' id='word_1_50' title='bbox 1485 762 1882 831; x_wconf 87' lang='lat' dir='ltr'><strong>supplicantes,</strong></span> <span class='ocrx_word' id='word_1_51' title='bbox 1919 760 1998 816; x_wconf 84' lang='lat' dir='ltr'><strong>si-</strong></span> 
     </span>
    </p>
   </div>
   <div class='ocr_carea' id='block_1_10' title="bbox 405 848 1997 920">
    <p class='ocr_par' dir='ltr' id='par_1_10' title="bbox 405 848 1997 920">
     <span class='ocr_line' id='line_1_10' title="bbox 405 848 1997 920; baseline -0.001 -17"><span class='ocrx_word' id='word_1_52' title='bbox 405 857 500 903; x_wconf 86' lang='lat' dir='ltr'><strong>cut</strong></span> <span class='ocrx_word' id='word_1_53' title='bbox 529 848 692 904; x_wconf 85' lang='lat' dir='ltr'><strong>etiam</strong></span> <span class='ocrx_word' id='word_1_54' title='bbox 722 862 870 904; x_wconf 89' lang='lat' dir='ltr'><strong>nunc</strong></span> <span class='ocrx_word' id='word_1_55' title='bbox 925 850 1181 920; x_wconf 64' lang='lat' dir='ltr'><strong>praesenti</strong></span> <span class='ocrx_word' id='word_1_56' title='bbox 1237 860 1390 906; x_wconf 88' lang='lat' dir='ltr'><strong>muto</strong></span> <span class='ocrx_word' id='word_1_57' title='bbox 1419 851 1710 914; x_wconf 87' lang='lat' dir='ltr'><strong>dederunt,</strong></span> <span class='ocrx_word' id='word_1_58' title='bbox 1763 851 1835 903; x_wconf 81' lang='lat' dir='ltr'><strong>ad-</strong></span> <span class='ocrx_word' id='word_1_59' title='bbox 1863 849 1997 905; x_wconf 81' lang='lat' dir='ltr'><strong>reli-</strong></span> 
     </span>
    </p>
   </div>
   <div class='ocr_carea' id='block_1_11' title="bbox 407 939 2000 1012">
    <p class='ocr_par' dir='ltr' id='par_1_11' title="bbox 407 939 2000 1012">
     <span class='ocr_line' id='line_1_11' title="bbox 407 939 2000 1012; baseline 0.003 -21"><span class='ocrx_word' id='word_1_60' title='bbox 407 953 647 1008; x_wconf 91' lang='lat' dir='ltr'><strong>quorum</strong></span> <span class='ocrx_word' id='word_1_61' title='bbox 711 939 1102 995; x_wconf 83' lang='lat' dir='ltr'><strong>miraculorum</strong></span> <span class='ocrx_word' id='word_1_62' title='bbox 1141 941 1518 996; x_wconf 81' lang='lat' dir='ltr'><strong>narrationem</strong></span> <span class='ocrx_word' id='word_1_63' title='bbox 1565 939 1824 996; x_wconf 81' lang='lat' dir='ltr'><strong>alacriter</strong></span> <span class='ocrx_word' id='word_1_64' title='bbox 1853 954 2000 1012; x_wconf 90' lang='lat' dir='ltr'><strong>pro—</strong></span> 
     </span>
    </p>
   </div>
   <div class='ocr_carea' id='block_1_12' title="bbox 407 1045 686 1101">
    <p class='ocr_par' dir='ltr' id='par_1_12' title="bbox 407 1045 686 1101">
     <span class='ocr_line' id='line_1_12' title="bbox 407 1045 686 1101; baseline 0 -17"><span class='ocrx_word' id='word_1_65' title='bbox 407 1045 686 1101; x_wconf 88' lang='lat' dir='ltr'><strong>peremus.</strong></span> 
     </span>
    </p>
   </div>
   <div class='ocr_carea' id='block_1_13' title="bbox 485 1113 1932 1204">
    <p class='ocr_par' dir='ltr' id='par_1_13' title="bbox 485 1113 1932 1204">
     <span class='ocr_line' id='line_1_13' title="bbox 485 1113 1932 1204; baseline 0.003 -6"><span class='ocrx_word' id='word_1_66' title='bbox 485 1142 644 1199; x_wconf 76' lang='lat' dir='ltr'><strong>LXV.</strong></span> <span class='ocrx_word' id='word_1_67' title='bbox 674 1145 754 1200; x_wconf 86' lang='lat' dir='ltr'><strong>De</strong></span> <span class='ocrx_word' id='word_1_68' title='bbox 783 1145 1052 1202; x_wconf 81' lang='lat' dir='ltr'><strong>Theodoro</strong></span> <span class='ocrx_word' id='word_1_69' title='bbox 1089 1163 1226 1204; x_wconf 66' lang='lat' dir='ltr'><strong>careo</strong></span> <span class='ocrx_word' id='word_1_70' title='bbox 1244 1159 1292 1204; x_wconf 76' lang='grc' dir='ltr'><strong>σι</strong></span> <span class='ocrx_word' id='word_1_71' title='bbox 1328 1147 1550 1203; x_wconf 74' lang='lat' dir='ltr'><strong>habente</strong></span> <span class='ocrx_word' id='word_1_72' title='bbox 1583 1113 1932 1204; x_wconf 72' lang='lat' dir='ltr'><strong>dmmonium.</strong></span> 
     </span>
    </p>
   </div>
   <div class='ocr_carea' id='block_1_14' title="bbox 436 1302 1996 1376">
    <p class='ocr_par' dir='ltr' id='par_1_14' title="bbox 436 1302 1996 1376">
     <span class='ocr_line' id='line_1_14' title="bbox 436 1302 1996 1376; baseline 0.004 -19"><span class='ocrx_word' id='word_1_73' title='bbox 436 1363 442 1368; x_wconf 32' lang='grc' dir='ltr'><strong>ε</strong></span> <span class='ocrx_word' id='word_1_74' title='bbox 481 1302 562 1358; x_wconf 84' lang='lat' dir='ltr'><strong>Ad</strong></span> <span class='ocrx_word' id='word_1_75' title='bbox 614 1312 830 1375; x_wconf 81' lang='lat' dir='ltr'><strong>tempus</strong></span> <span class='ocrx_word' id='word_1_76' title='bbox 863 1304 1028 1361; x_wconf 89' lang='lat' dir='ltr'><strong>nobis</strong></span> <span class='ocrx_word' id='word_1_77' title='bbox 1049 1303 1190 1360; x_wconf 80' lang='lat' dir='ltr'><strong>Cilix</strong></span> <span class='ocrx_word' id='word_1_78' title='bbox 1231 1307 1468 1363; x_wconf 90' lang='lat' dir='ltr'><strong>accessit</strong></span> <span class='ocrx_word' id='word_1_79' title='bbox 1516 1307 1858 1376; x_wconf 88' lang='lat' dir='ltr'><strong>Theodorus,</strong></span> <span class='ocrx_word' id='word_1_80' title='bbox 1889 1309 1996 1363; x_wconf 90' lang='lat' dir='ltr'><strong>du-</strong></span> 
     </span>
    </p>
   </div>
   <div class='ocr_carea' id='block_1_15' title="bbox 411 1395 1996 1466">
    <p class='ocr_par' dir='ltr' id='par_1_15' title="bbox 411 1395 1996 1466">
     <span class='ocr_line' id='line_1_15' title="bbox 411 1395 1996 1466; baseline 0.005 -19"><span class='ocrx_word' id='word_1_81' title='bbox 411 1395 572 1462; x_wconf 87' lang='lat' dir='ltr'><strong>plicis</strong></span> <span class='ocrx_word' id='word_1_82' title='bbox 601 1403 657 1449; x_wconf 88' lang='lat' dir='ltr'><strong>ct</strong></span> <span class='ocrx_word' id='word_1_83' title='bbox 686 1397 805 1466; x_wconf 87' lang='lat' dir='ltr'><strong>ipse</strong></span> <span class='ocrx_word' id='word_1_84' title='bbox 853 1396 1194 1451; x_wconf 75' lang='lat' dir='ltr'><strong>inﬁrmitatis</strong></span> <span class='ocrx_word' id='word_1_85' title='bbox 1220 1396 1404 1466; x_wconf 80' lang='lat' dir='ltr'><strong>fugam</strong></span> <span class='ocrx_word' id='word_1_86' title='bbox 1455 1413 1744 1464; x_wconf 73' lang='lat' dir='ltr'><strong>enarrans,</strong></span> <span class='ocrx_word' id='word_1_87' title='bbox 1773 1407 1828 1454; x_wconf 88' lang='lat' dir='ltr'><strong>et</strong></span> <span class='ocrx_word' id='word_1_88' title='bbox 1864 1413 1996 1454; x_wconf 83' lang='lat' dir='ltr'><strong>con-</strong></span> 
     </span>
    </p>
   </div>
   <div class='ocr_carea' id='block_1_16' title="bbox 413 1486 1995 1558">
    <p class='ocr_par' dir='ltr' id='par_1_16' title="bbox 413 1486 1995 1558">
     <span class='ocr_line' id='line_1_16' title="bbox 413 1486 1995 1558; baseline 0.005 -20"><span class='ocrx_word' id='word_1_89' title='bbox 413 1486 580 1540; x_wconf 81' lang='lat' dir='ltr'><strong>scribi</strong></span> <span class='ocrx_word' id='word_1_90' title='bbox 615 1501 739 1540; x_wconf 91' lang='lat' dir='ltr'><strong>cum</strong></span> <span class='ocrx_word' id='word_1_91' title='bbox 774 1488 1122 1558; x_wconf 66' lang='lat' dir='ltr'><strong>praecedenti,</strong></span> <span class='ocrx_word' id='word_1_92' title='bbox 1151 1489 1245 1558; x_wconf 87' lang='lat' dir='ltr'><strong>qui</strong></span> <span class='ocrx_word' id='word_1_93' title='bbox 1299 1500 1482 1544; x_wconf 89' lang='lat' dir='ltr'><strong>mutus</strong></span> <span class='ocrx_word' id='word_1_94' title='bbox 1515 1497 1570 1544; x_wconf 89' lang='lat' dir='ltr'><strong>et</strong></span> <span class='ocrx_word' id='word_1_95' title='bbox 1599 1491 1802 1546; x_wconf 87' lang='lat' dir='ltr'><strong>surdus</strong></span> <span class='ocrx_word' id='word_1_96' title='bbox 1825 1493 1995 1546; x_wconf 71' lang='lat' dir='ltr'><strong>exsu-</strong></span> 
     </span>
    </p>
   </div>
   <div class='ocr_carea' id='block_1_17' title="bbox 415 1578 1994 1653">
    <p class='ocr_par' dir='ltr' id='par_1_17' title="bbox 415 1578 1994 1653">
     <span class='ocr_line' id='line_1_17' title="bbox 415 1578 1994 1653; baseline 0.005 -23"><span class='ocrx_word' id='word_1_97' title='bbox 415 1585 578 1640; x_wconf 81' lang='lat' dir='ltr'><strong>terat,</strong></span> <span class='ocrx_word' id='word_1_98' title='bbox 642 1579 890 1646; x_wconf 89' lang='lat' dir='ltr'><strong>volens;</strong></span> <span class='ocrx_word' id='word_1_99' title='bbox 947 1578 1296 1650; x_wconf 87' lang='lat' dir='ltr'><strong>duplicisque</strong></span> <span class='ocrx_word' id='word_1_100' title='bbox 1360 1582 1643 1652; x_wconf 76' lang='lat' dir='ltr'><strong>languoris</strong></span> <span class='ocrx_word' id='word_1_101' title='bbox 1719 1582 1994 1653; x_wconf 89' lang='lat' dir='ltr'><strong>duplicem</strong></span> 
     </span>
    </p>
   </div>
   <div class='ocr_carea' id='block_1_18' title="bbox 414 1669 1998 1746">
    <p class='ocr_par' dir='ltr' id='par_1_18' title="bbox 414 1669 1998 1746">
     <span class='ocr_line' id='line_1_18' title="bbox 414 1669 1998 1746; baseline 0.006 -25"><span class='ocrx_word' id='word_1_102' title='bbox 414 1669 648 1724; x_wconf 88' lang='lat' dir='ltr'><strong>sortitus</strong></span> <span class='ocrx_word' id='word_1_103' title='bbox 699 1678 785 1724; x_wconf 88' lang='lat' dir='ltr'><strong>est</strong></span> <span class='ocrx_word' id='word_1_104' title='bbox 813 1673 1130 1726; x_wconf 81' lang='lat' dir='ltr'><strong>sanitatem.</strong></span> <span class='ocrx_word' id='word_1_105' title='bbox 1171 1672 1291 1739; x_wconf 84' lang='lat' dir='ltr'><strong>Quo</strong></span> <span class='ocrx_word' id='word_1_106' title='bbox 1325 1673 1558 1745; x_wconf 78' lang='lat' dir='ltr'><strong>benigne</strong></span> <span class='ocrx_word' id='word_1_107' title='bbox 1594 1683 1838 1744; x_wconf 89' lang='lat' dir='ltr'><strong>recepto,</strong></span> <span class='ocrx_word' id='word_1_108' title='bbox 1869 1692 1998 1746; x_wconf 85' lang='lat' dir='ltr'><strong>pro-</strong></span> 
     </span>
    </p>
   </div>
   <div class='ocr_carea' id='block_1_19' title="bbox 414 1761 1996 1836">
    <p class='ocr_par' dir='ltr' id='par_1_19' title="bbox 414 1761 1996 1836">
     <span class='ocr_line' id='line_1_19' title="bbox 414 1761 1996 1836; baseline 0.008 -24"><span class='ocrx_word' id='word_1_109' title='bbox 414 1768 536 1829; x_wconf 88' lang='lat' dir='ltr'><strong>ptcr</strong></span> <span class='ocrx_word' id='word_1_110' title='bbox 563 1761 1000 1817; x_wconf 90' lang='lat' dir='ltr'><strong>benevolentiam</strong></span> <span class='ocrx_word' id='word_1_111' title='bbox 1040 1779 1200 1834; x_wconf 85' lang='lat' dir='ltr'><strong>quam</strong></span> <span class='ocrx_word' id='word_1_112' title='bbox 1233 1765 1381 1819; x_wconf 90' lang='lat' dir='ltr'><strong>circa</strong></span> <span class='ocrx_word' id='word_1_113' title='bbox 1411 1773 1678 1836; x_wconf 84' lang='lat' dir='ltr'><strong>martyras</strong></span> <span class='ocrx_word' id='word_1_114' title='bbox 1729 1767 1912 1834; x_wconf 85' lang='lat' dir='ltr'><strong>habet,</strong></span> <span class='ocrx_word' id='word_1_115' title='bbox 1945 1776 1996 1824; x_wconf 89' lang='lat' dir='ltr'><strong>et</strong></span> 
     </span>
    </p>
   </div>
   <div class='ocr_carea' id='block_1_20' title="bbox 413 1853 2000 1927">
    <p class='ocr_par' dir='ltr' id='par_1_20' title="bbox 413 1853 2000 1927">
     <span class='ocr_line' id='line_1_20' title="bbox 413 1853 2000 1927; baseline 0.005 -21"><span class='ocrx_word' id='word_1_116' title='bbox 413 1853 660 1922; x_wconf 80' lang='lat' dir='ltr'><strong>linguam</strong></span> <span class='ocrx_word' id='word_1_117' title='bbox 685 1853 760 1908; x_wconf 90' lang='lat' dir='ltr'><strong>illi</strong></span> <span class='ocrx_word' id='word_1_118' title='bbox 787 1855 850 1910; x_wconf 88' lang='lat' dir='ltr'><strong>ad</strong></span> <span class='ocrx_word' id='word_1_119' title='bbox 881 1857 1046 1911; x_wconf 81' lang='lat' dir='ltr'><strong>breve</strong></span> <span class='ocrx_word' id='word_1_120' title='bbox 1074 1864 1292 1927; x_wconf 88' lang='lat' dir='ltr'><strong>tempus</strong></span> <span class='ocrx_word' id='word_1_121' title='bbox 1321 1859 1670 1926; x_wconf 84' lang='lat' dir='ltr'><strong>donabimus,</strong></span> <span class='ocrx_word' id='word_1_122' title='bbox 1696 1866 1749 1913; x_wconf 87' lang='lat' dir='ltr'><strong>et</strong></span> <span class='ocrx_word' id='word_1_123' title='bbox 1777 1875 2000 1915; x_wconf 89' lang='lat' dir='ltr'><strong>manum</strong></span> 
     </span>
    </p>
   </div>
   <div class='ocr_carea' id='block_1_21' title="bbox 419 1947 1994 2020">
    <p class='ocr_par' dir='ltr' id='par_1_21' title="bbox 419 1947 1994 2020">
     <span class='ocr_line' id='line_1_21' title="bbox 419 1947 1994 2020; baseline 0.006 -21"><span class='ocrx_word' id='word_1_124' title='bbox 419 1947 988 2014; x_wconf 81' lang='lat' dir='ltr'><strong>accommodabimus,</strong></span> <span class='ocrx_word' id='word_1_125' title='bbox 1019 1957 1072 2003; x_wconf 82' lang='lat' dir='ltr'><strong>et</strong></span> <span class='ocrx_word' id='word_1_126' title='bbox 1109 1960 1361 2004; x_wconf 87' lang='lat' dir='ltr'><strong>rnutnum</strong></span> <span class='ocrx_word' id='word_1_127' title='bbox 1408 1951 1790 2020; x_wconf 69' lang='lat' dir='ltr'><strong>prmstahimus</strong></span> <span class='ocrx_word' id='word_1_128' title='bbox 1851 1955 1994 2008; x_wconf 82' lang='lat' dir='ltr'><strong>cala-</strong></span> 
     </span>
    </p>
   </div>
   <div class='ocr_carea' id='block_1_22' title="bbox 417 2040 1998 2108">
    <p class='ocr_par' dir='ltr' id='par_1_22' title="bbox 417 2040 1998 2108">
     <span class='ocr_line' id='line_1_22' title="bbox 417 2040 1998 2108; baseline 0.004 -16"><span class='ocrx_word' id='word_1_129' title='bbox 417 2053 590 2104; x_wconf 90' lang='lat' dir='ltr'><strong>mum,</strong></span> <span class='ocrx_word' id='word_1_130' title='bbox 637 2040 848 2095; x_wconf 84' lang='lat' dir='ltr'><strong>sanctis</strong></span> <span class='ocrx_word' id='word_1_131' title='bbox 883 2040 1100 2095; x_wconf 89' lang='lat' dir='ltr'><strong>laudem</strong></span> <span class='ocrx_word' id='word_1_132' title='bbox 1131 2041 1356 2108; x_wconf 80' lang='lat' dir='ltr'><strong>texenti,</strong></span> <span class='ocrx_word' id='word_1_133' title='bbox 1384 2051 1437 2096; x_wconf 83' lang='lat' dir='ltr'><strong>et</strong></span> <span class='ocrx_word' id='word_1_134' title='bbox 1493 2043 1750 2098; x_wconf 88' lang='lat' dir='ltr'><strong>virtutem</strong></span> <span class='ocrx_word' id='word_1_135' title='bbox 1807 2059 1998 2098; x_wconf 89' lang='lat' dir='ltr'><strong>eorum</strong></span> 
     </span>
    </p>
   </div>
   <div class='ocr_carea' id='block_1_23' title="bbox 419 2131 2002 2205">
    <p class='ocr_par' dir='ltr' id='par_1_23' title="bbox 419 2131 2002 2205">
     <span class='ocr_line' id='line_1_23' title="bbox 419 2131 2002 2205; baseline 0.005 -22"><span class='ocrx_word' id='word_1_136' title='bbox 419 2131 592 2186; x_wconf 70' lang='lat' dir='ltr'><strong>artlue</strong></span> <span class='ocrx_word' id='word_1_137' title='bbox 645 2133 951 2202; x_wconf 70' lang='lat' dir='ltr'><strong>pranlicare</strong></span> <span class='ocrx_word' id='word_1_138' title='bbox 977 2135 1244 2190; x_wconf 84' lang='lat' dir='ltr'><strong>studenti.</strong></span> <span class='ocrx_word' id='word_1_139' title='bbox 1283 2135 1617 2205; x_wconf 89' lang='lat' dir='ltr'><strong>Incipiamus</strong></span> <span class='ocrx_word' id='word_1_140' title='bbox 1652 2150 1782 2204; x_wconf 80' lang='lat' dir='ltr'><strong>ergo</strong></span> <span class='ocrx_word' id='word_1_141' title='bbox 1817 2136 1884 2191; x_wconf 90' lang='lat' dir='ltr'><strong>de</strong></span> <span class='ocrx_word' id='word_1_142' title='bbox 1907 2136 2002 2192; x_wconf 91' lang='lat' dir='ltr'><strong>illo</strong></span> 
     </span>
    </p>
   </div>
   <div class='ocr_carea' id='block_1_24' title="bbox 418 2219 1998 2295">
    <p class='ocr_par' dir='ltr' id='par_1_24' title="bbox 418 2219 1998 2295">
     <span class='ocr_line' id='line_1_24' title="bbox 418 2219 1998 2295; baseline 0.006 -22"><span class='ocrx_word' id='word_1_143' title='bbox 418 2219 642 2287; x_wconf 74' lang='lat' dir='ltr'><strong>referre,</strong></span> <span class='ocrx_word' id='word_1_144' title='bbox 669 2223 926 2279; x_wconf 87' lang='lat' dir='ltr'><strong>alacriter</strong></span> <span class='ocrx_word' id='word_1_145' title='bbox 954 2225 1004 2279; x_wconf 84' lang='lat' dir='ltr'><strong>ei</strong></span> <span class='ocrx_word' id='word_1_146' title='bbox 1039 2227 1222 2280; x_wconf 82' lang='lat' dir='ltr'><strong>omnia</strong></span> <span class='ocrx_word' id='word_1_147' title='bbox 1279 2225 1435 2293; x_wconf 85' lang='lat' dir='ltr'><strong>facti,</strong></span> <span class='ocrx_word' id='word_1_148' title='bbox 1499 2242 1696 2281; x_wconf 90' lang='lat' dir='ltr'><strong>manus</strong></span> <span class='ocrx_word' id='word_1_149' title='bbox 1726 2227 1998 2295; x_wconf 83' lang='lat' dir='ltr'><strong>videlicet,</strong></span> 
     </span>
    </p>
   </div>
   <div class='ocr_carea' id='block_1_25' title="bbox 415 2311 2002 2387">
    <p class='ocr_par' dir='ltr' id='par_1_25' title="bbox 415 2311 2002 2387">
     <span class='ocr_line' id='line_1_25' title="bbox 415 2311 2002 2387; baseline 0.006 -23"><span class='ocrx_word' id='word_1_150' title='bbox 415 2311 625 2382; x_wconf 80' lang='lat' dir='ltr'><strong>lingua,</strong></span> <span class='ocrx_word' id='word_1_151' title='bbox 655 2321 708 2367; x_wconf 90' lang='lat' dir='ltr'><strong>et</strong></span> <span class='ocrx_word' id='word_1_152' title='bbox 735 2313 980 2370; x_wconf 82' lang='lat' dir='ltr'><strong>calantus</strong></span> <span class='ocrx_word' id='word_1_153' title='bbox 1006 2314 1252 2370; x_wconf 78' lang='lat' dir='ltr'><strong>Scribere</strong></span> <span class='ocrx_word' id='word_1_154' title='bbox 1289 2315 1552 2370; x_wconf 83' lang='lat' dir='ltr'><strong>velociter</strong></span> <span class='ocrx_word' id='word_1_155' title='bbox 1579 2325 1633 2371; x_wconf 88' lang='lat' dir='ltr'><strong>et</strong></span> <span class='ocrx_word' id='word_1_156' title='bbox 1663 2318 2002 2387; x_wconf 87' lang='lat' dir='ltr'><strong>amplissime</strong></span> 
     </span>
    </p>
   </div>
   <div class='ocr_carea' id='block_1_26' title="bbox 416 2401 761 2458">
    <p class='ocr_par' dir='ltr' id='par_1_26' title="bbox 416 2401 761 2458">
     <span class='ocr_line' id='line_1_26' title="bbox 416 2401 761 2458; baseline 0.012 -4"><span class='ocrx_word' id='word_1_157' title='bbox 416 2401 761 2458; x_wconf 77' lang='lat' dir='ltr'><strong>adhortatus.</strong></span> 
     </span>
    </p>
   </div>
   <div class='ocr_carea' id='block_1_27' title="bbox 485 2492 2008 2571">
    <p class='ocr_par' dir='ltr' id='par_1_27' title="bbox 485 2492 2008 2571">
     <span class='ocr_line' id='line_1_27' title="bbox 485 2492 2008 2571; baseline 0.005 -23"><span class='ocrx_word' id='word_1_158' title='bbox 485 2492 627 2548; x_wconf 78' lang='lat' dir='ltr'><strong>Cilix</strong></span> <span class='ocrx_word' id='word_1_159' title='bbox 659 2503 778 2550; x_wconf 91' lang='lat' dir='ltr'><strong>erat</strong></span> <span class='ocrx_word' id='word_1_160' title='bbox 801 2495 1130 2552; x_wconf 70' lang='lat' dir='ltr'><strong>Theodorus</strong></span> <span class='ocrx_word' id='word_1_161' title='bbox 1160 2515 1226 2551; x_wconf 73' lang='lat' dir='ltr'><strong>ex</strong></span> <span class='ocrx_word' id='word_1_162' title='bbox 1250 2498 1586 2554; x_wconf 78' lang='lat' dir='ltr'><strong>Anazarbcis</strong></span> <span class='ocrx_word' id='word_1_163' title='bbox 1615 2507 1860 2565; x_wconf 78' lang='lat' dir='ltr'><strong>exortus,</strong></span> <span class='ocrx_word' id='word_1_164' title='bbox 1885 2516 2008 2571; x_wconf 84' lang='lat' dir='ltr'><strong>pas-</strong></span> 
     </span>
    </p>
   </div>
   <div class='ocr_carea' id='block_1_28' title="bbox 415 2586 1999 2662">
    <p class='ocr_par' dir='ltr' id='par_1_28' title="bbox 415 2586 1999 2662">
     <span class='ocr_line' id='line_1_28' title="bbox 415 2586 1999 2662; baseline 0.005 -22"><span class='ocrx_word' id='word_1_165' title='bbox 415 2586 775 2658; x_wconf 79' lang='lat' dir='ltr'><strong>sionibnsque</strong></span> <span class='ocrx_word' id='word_1_166' title='bbox 811 2589 1028 2644; x_wconf 83' lang='lat' dir='ltr'><strong>duabus</strong></span> <span class='ocrx_word' id='word_1_167' title='bbox 1045 2589 1358 2645; x_wconf 76' lang='lat' dir='ltr'><strong>difficilibus</strong></span> <span class='ocrx_word' id='word_1_168' title='bbox 1388 2597 1728 2656; x_wconf 85' lang='lat' dir='ltr'><strong>coarctatus,</strong></span> <span class='ocrx_word' id='word_1_169' title='bbox 1767 2608 1999 2662; x_wconf 90' lang='lat' dir='ltr'><strong>quarum</strong></span> 
     </span>
    </p>
   </div>
   <div class='ocr_carea' id='block_1_29' title="bbox 415 2679 2002 2750">
    <p class='ocr_par' dir='ltr' id='par_1_29' title="bbox 415 2679 2002 2750">
     <span class='ocr_line' id='line_1_29' title="bbox 415 2679 2002 2750; baseline 0.004 -18"><span class='ocrx_word' id='word_1_170' title='bbox 415 2680 588 2732; x_wconf 82' lang='lat' dir='ltr'><strong>altera</strong></span> <span class='ocrx_word' id='word_1_171' title='bbox 619 2679 946 2735; x_wconf 80' lang='lat' dir='ltr'><strong>daemonium</strong></span> <span class='ocrx_word' id='word_1_172' title='bbox 1007 2691 1122 2736; x_wconf 87' lang='lat' dir='ltr'><strong>erat</strong></span> <span class='ocrx_word' id='word_1_173' title='bbox 1173 2682 1599 2750; x_wconf 79' lang='lat' dir='ltr'><strong>nequissimum,</strong></span> <span class='ocrx_word' id='word_1_174' title='bbox 1639 2682 1811 2737; x_wconf 90' lang='lat' dir='ltr'><strong>ferina</strong></span> <span class='ocrx_word' id='word_1_175' title='bbox 1843 2684 2002 2738; x_wconf 70' lang='grc' dir='ltr'>εξενί-</span> 
     </span>
    </p>
   </div>
   <div class='ocr_carea' id='block_1_30' title="bbox 416 2769 1998 2844">
    <p class='ocr_par' dir='ltr' id='par_1_30' title="bbox 416 2769 1998 2844">
     <span class='ocr_line' id='line_1_30' title="bbox 416 2769 1998 2844; baseline 0.006 -23"><span class='ocrx_word' id='word_1_176' title='bbox 416 2769 494 2822; x_wconf 89' lang='lat' dir='ltr'><strong>tia</strong></span> <span class='ocrx_word' id='word_1_177' title='bbox 521 2772 940 2839; x_wconf 87' lang='lat' dir='ltr'><strong>superveniens,</strong></span> <span class='ocrx_word' id='word_1_178' title='bbox 971 2782 1026 2827; x_wconf 89' lang='lat' dir='ltr'><strong>et</strong></span> <span class='ocrx_word' id='word_1_179' title='bbox 1058 2772 1378 2840; x_wconf 88' lang='lat' dir='ltr'><strong>dirumpens</strong></span> <span class='ocrx_word' id='word_1_180' title='bbox 1415 2787 1634 2844; x_wconf 90' lang='lat' dir='ltr'><strong>semper</strong></span> <span class='ocrx_word' id='word_1_181' title='bbox 1667 2788 1830 2828; x_wconf 84' lang='lat' dir='ltr'><strong>omne</strong></span> <span class='ocrx_word' id='word_1_182' title='bbox 1854 2775 1998 2844; x_wconf 85' lang='lat' dir='ltr'><strong>quod</strong></span> 
     </span>
    </p>
   </div>
   <div class='ocr_carea' id='block_1_31' title="bbox 2099 477 3695 552">
    <p class='ocr_par' dir='ltr' id='par_1_31' title="bbox 2099 477 3695 552">
     <span class='ocr_line' id='line_1_31' title="bbox 2099 477 3695 552; baseline -0.001 -18"><span class='ocrx_word' id='word_1_183' title='bbox 2099 481 2452 551; x_wconf 85' lang='grc' dir='ltr'>δωρούμενοι,</span> <span class='ocrx_word' id='word_1_184' title='bbox 2503 481 2598 534; x_wconf 74' lang='grc' dir='ltr'>καὶ</span> <span class='ocrx_word' id='word_1_185' title='bbox 2625 481 2695 535; x_wconf 83' lang='grc' dir='ltr'><strong>τά</strong></span> <span class='ocrx_word' id='word_1_186' title='bbox 2742 481 2878 552; x_wconf 81' lang='grc' dir='ltr'>πρὸς</span> <span class='ocrx_word' id='word_1_187' title='bbox 2905 479 3188 534; x_wconf 80' lang='grc' dir='ltr'><strong>τελείωσιν</strong></span> <span class='ocrx_word' id='word_1_188' title='bbox 3221 480 3336 543; x_wconf 80' lang='grc' dir='ltr'>τοῖς</span> <span class='ocrx_word' id='word_1_189' title='bbox 3381 477 3695 548; x_wconf 81' lang='grc' dir='ltr'>ἀνθρώποις</span> 
     </span>
    </p>
   </div>
   <div class='ocr_carea' id='block_1_32' title="bbox 2099 559 3680 644">
    <p class='ocr_par' dir='ltr' id='par_1_32' title="bbox 2099 559 3680 644">
     <span class='ocr_line' id='line_1_32' title="bbox 2099 559 3680 644; baseline -0.003 -18"><span class='ocrx_word' id='word_1_190' title='bbox 2099 559 2442 638; x_wconf 69' lang='grc' dir='ltr'>ἐλλείποντα,</span> <span class='ocrx_word' id='word_1_191' title='bbox 2469 573 2590 627; x_wconf 81' lang='grc' dir='ltr'>ὅθεν</span> <span class='ocrx_word' id='word_1_192' title='bbox 2630 573 2688 640; x_wconf 79' lang='grc' dir='ltr'>ἐξ</span> <span class='ocrx_word' id='word_1_193' title='bbox 2723 573 2900 644; x_wconf 78' lang='grc' dir='ltr'>ἀρχῆς</span> <span class='ocrx_word' id='word_1_194' title='bbox 2927 573 3023 626; x_wconf 69' lang='grc' dir='ltr'>καὶ</span> <span class='ocrx_word' id='word_1_195' title='bbox 3063 573 3163 643; x_wconf 83' lang='grc' dir='ltr'>τὴν</span> <span class='ocrx_word' id='word_1_196' title='bbox 3201 571 3421 640; x_wconf 88' lang='grc' dir='ltr'>γένεσιν</span> <span class='ocrx_word' id='word_1_197' title='bbox 3445 570 3642 642; x_wconf 79' lang='grc' dir='ltr'>ἔλαχον</span> <span class='ocrx_word' id='word_1_198' title='bbox 3663 591 3680 608; x_wconf 89' lang='grc'><strong>·</strong></span> 
     </span>
    </p>
   </div>
   <div class='ocr_carea' id='block_1_33' title="bbox 2099 661 3692 734">
    <p class='ocr_par' dir='ltr' id='par_1_33' title="bbox 2099 661 3692 734">
     <span class='ocr_line' id='line_1_33' title="bbox 2099 661 3692 734; baseline -0.003 -16"><span class='ocrx_word' id='word_1_199' title='bbox 2099 665 2179 718; x_wconf 86' lang='grc' dir='ltr'><strong>διδ</strong></span> <span class='ocrx_word' id='word_1_200' title='bbox 2209 665 2304 718; x_wconf 74' lang='grc' dir='ltr'>καὶ</span> <span class='ocrx_word' id='word_1_201' title='bbox 2339 665 2504 734; x_wconf 80' lang='grc' dir='ltr'><strong>ἡμεῖς</strong></span> <span class='ocrx_word' id='word_1_202' title='bbox 2533 663 2611 728; x_wconf 85' lang='grc' dir='ltr'>ὼς</span> <span class='ocrx_word' id='word_1_203' title='bbox 2636 663 2862 717; x_wconf 81' lang='grc' dir='ltr'>δυνατὸν</span> <span class='ocrx_word' id='word_1_204' title='bbox 2896 664 3096 728; x_wconf 78' lang='grc' dir='ltr'>αὐτοὺς</span> <span class='ocrx_word' id='word_1_205' title='bbox 3125 661 3572 732; x_wconf 75' lang='grc' dir='ltr'>εύφημήσαντες,</span> <span class='ocrx_word' id='word_1_206' title='bbox 3601 661 3692 714; x_wconf 79' lang='grc' dir='ltr'>καὶ</span> 
     </span>
    </p>
   </div>
   <div class='ocr_carea' id='block_1_34' title="bbox 2097 751 3690 830">
    <p class='ocr_par' dir='ltr' id='par_1_34' title="bbox 2097 751 3690 830">
     <span class='ocr_line' id='line_1_34' title="bbox 2097 751 3690 830; baseline -0.004 -20"><span class='ocrx_word' id='word_1_207' title='bbox 2097 755 2281 810; x_wconf 82' lang='grc' dir='ltr'>δοῦναι</span> <span class='ocrx_word' id='word_1_208' title='bbox 2309 756 2466 824; x_wconf 86' lang='grc' dir='ltr'>λόγον</span> <span class='ocrx_word' id='word_1_209' title='bbox 2497 757 2556 808; x_wconf 80' lang='grc' dir='ltr'><strong>ὲν</strong></span> <span class='ocrx_word' id='word_1_210' title='bbox 2587 755 2790 820; x_wconf 82' lang='grc' dir='ltr'>ἀνοίξει</span> <span class='ocrx_word' id='word_1_211' title='bbox 2821 753 2915 808; x_wconf 80' lang='grc' dir='ltr'><strong>τοῦ</strong></span> <span class='ocrx_word' id='word_1_212' title='bbox 2964 755 3235 824; x_wconf 86' lang='grc' dir='ltr'>στόματος</span> <span class='ocrx_word' id='word_1_213' title='bbox 3276 751 3690 830; x_wconf 76' lang='grc' dir='ltr'>ἱκετεύσαντες,</span> 
     </span>
    </p>
   </div>
   <div class='ocr_carea' id='block_1_35' title="bbox 2096 842 3694 919">
    <p class='ocr_par' dir='ltr' id='par_1_35' title="bbox 2096 842 3694 919">
     <span class='ocr_line' id='line_1_35' title="bbox 2096 842 3694 919; baseline -0.003 -19"><span class='ocrx_word' id='word_1_214' title='bbox 2096 847 2169 912; x_wconf 82' lang='grc' dir='ltr'><strong>ὡς</strong></span> <span class='ocrx_word' id='word_1_215' title='bbox 2207 849 2300 902; x_wconf 74' lang='grc' dir='ltr'>καὶ</span> <span class='ocrx_word' id='word_1_216' title='bbox 2325 847 2402 919; x_wconf 86' lang='grc' dir='ltr'>τῷ</span> <span class='ocrx_word' id='word_1_217' title='bbox 2429 847 2657 918; x_wconf 75' lang='grc' dir='ltr'>παρόντι</span> <span class='ocrx_word' id='word_1_218' title='bbox 2702 845 2799 902; x_wconf 78' lang='grc' dir='ltr'><strong>νῦν</strong></span> <span class='ocrx_word' id='word_1_219' title='bbox 2829 846 3012 918; x_wconf 84' lang='grc' dir='ltr'>ἀλάλῳ</span> <span class='ocrx_word' id='word_1_220' title='bbox 3041 843 3362 912; x_wconf 82' lang='grc' dir='ltr'><strong>δεδώκασιν,</strong></span> <span class='ocrx_word' id='word_1_221' title='bbox 3393 842 3694 916; x_wconf 75' lang='grc' dir='ltr'><strong>προθύμως</strong></span> 
     </span>
    </p>
   </div>
   <div class='ocr_carea' id='block_1_36' title="bbox 2099 933 3695 1013">
    <p class='ocr_par' dir='ltr' id='par_1_36' title="bbox 2099 933 3695 1013">
     <span class='ocr_line' id='line_1_36' title="bbox 2099 933 3695 1013; baseline -0.004 -20"><span class='ocrx_word' id='word_1_222' title='bbox 2099 940 2235 1012; x_wconf 70' lang='grc' dir='ltr'>πρὸς</span> <span class='ocrx_word' id='word_1_223' title='bbox 2265 939 2365 1013; x_wconf 78' lang='grc' dir='ltr'>τὴν</span> <span class='ocrx_word' id='word_1_224' title='bbox 2387 940 2494 996; x_wconf 85' lang='grc' dir='ltr'><strong>τῶν</strong></span> <span class='ocrx_word' id='word_1_225' title='bbox 2520 939 2861 1012; x_wconf 80' lang='grc' dir='ltr'><strong>λειπομένων</strong></span> <span class='ocrx_word' id='word_1_226' title='bbox 2881 937 3176 1010; x_wconf 79' lang='grc' dir='ltr'><strong>θαυμάτων</strong></span> <span class='ocrx_word' id='word_1_227' title='bbox 3195 936 3452 1010; x_wconf 83' lang='grc' dir='ltr'>διήγησιν</span> <span class='ocrx_word' id='word_1_228' title='bbox 3474 933 3695 1004; x_wconf 76' lang='grc' dir='ltr'>ἐπειγόο</span> 
     </span>
    </p>
   </div>
   <div class='ocr_carea' id='block_1_37' title="bbox 2103 1030 2266 1102">
    <p class='ocr_par' dir='ltr' id='par_1_37' title="bbox 2103 1030 2266 1102">
     <span class='ocr_line' id='line_1_37' title="bbox 2103 1030 2266 1102; baseline 0 -18"><span class='ocrx_word' id='word_1_229' title='bbox 2103 1030 2266 1102; x_wconf 86' lang='grc' dir='ltr'>μεθα.</span> 
     </span>
    </p>
   </div>
   <div class='ocr_carea' id='block_1_38' title="bbox 2097 1141 3694 1265">
    <p class='ocr_par' dir='ltr' id='par_1_38' title="bbox 2097 1141 3694 1265">
     <span class='ocr_line' id='line_1_38' title="bbox 2097 1141 3694 1265; baseline 0.001 -69"><span class='ocrx_word' id='word_1_230' title='bbox 2097 1141 2216 1196; x_wconf 76' lang='grc' dir='ltr'><strong>ΞΕν.</strong></span> <span class='ocrx_word' id='word_1_231' title='bbox 2277 1142 2417 1212; x_wconf 77' lang='grc' dir='ltr'>Περὶ</span> <span class='ocrx_word' id='word_1_232' title='bbox 2465 1141 2788 1265; x_wconf 75' lang='grc' dir='ltr'>Θεοδώρουὲ</span> <span class='ocrx_word' id='word_1_233' title='bbox 2811 1141 2916 1197; x_wconf 83' lang='grc' dir='ltr'>τοῦ</span> <span class='ocrx_word' id='word_1_234' title='bbox 2961 1142 3197 1214; x_wconf 69' lang='grc' dir='ltr'>τυφλοῦ</span> <span class='ocrx_word' id='word_1_235' title='bbox 3241 1143 3342 1198; x_wconf 73' lang='grc' dir='ltr'>καὶ</span> <span class='ocrx_word' id='word_1_236' title='bbox 3379 1142 3694 1213; x_wconf 77' lang='grc' dir='ltr'>δαιμόνιον</span> 
     </span>
     <span class='ocr_line' id='line_1_39' title="bbox 2795 1229 3032 1265; baseline 0 0"><span class='ocrx_word' id='word_1_237' title='bbox 2795 1229 3032 1265; x_wconf 64' lang='grc' dir='ltr'>γον-τοο.</span> 
     </span>
    </p>
   </div>
   <div class='ocr_carea' id='block_1_39' title="bbox 2791 1229 3032 1282">
    <p class='ocr_par' dir='ltr' id='par_1_39' title="bbox 2791 1229 3032 1282">
     <span class='ocr_line' id='line_1_40' title="bbox 2791 1229 3032 1282; baseline 0.008 -17"><span class='ocrx_word' id='word_1_238' title='bbox 2791 1229 3032 1282; x_wconf 75' lang='grc' dir='ltr'>χοι-τος.</span> 
     </span>
    </p>
   </div>
   <div class='ocr_carea' id='block_1_40' title="bbox 2170 1303 3696 1378">
    <p class='ocr_par' dir='ltr' id='par_1_40' title="bbox 2170 1303 3696 1378">
     <span class='ocr_line' id='line_1_41' title="bbox 2170 1303 3696 1378; baseline -0.001 -20"><span class='ocrx_word' id='word_1_239' title='bbox 2170 1303 2264 1370; x_wconf 71' lang='lat' dir='ltr'><strong>El;</strong></span> <span class='ocrx_word' id='word_1_240' title='bbox 2286 1305 2478 1377; x_wconf 80' lang='grc' dir='ltr'>καιρὸν</span> <span class='ocrx_word' id='word_1_241' title='bbox 2510 1306 2645 1374; x_wconf 78' lang='grc' dir='ltr'>ἡμῖν</span> <span class='ocrx_word' id='word_1_242' title='bbox 2671 1305 2702 1358; x_wconf 81' lang='grc' dir='ltr'><strong>ό</strong></span> <span class='ocrx_word' id='word_1_243' title='bbox 2729 1304 2885 1372; x_wconf 82' lang='grc' dir='ltr'>Κίλιξ</span> <span class='ocrx_word' id='word_1_244' title='bbox 2919 1305 3144 1376; x_wconf 76' lang='grc' dir='ltr'><strong>ἀφῖκται</strong></span> <span class='ocrx_word' id='word_1_245' title='bbox 3166 1305 3442 1378; x_wconf 82' lang='grc' dir='ltr'>θεόδωρος</span> <span class='ocrx_word' id='word_1_246' title='bbox 3465 1346 3482 1369; x_wconf 94' lang='grc'><strong>,</strong></span> <span class='ocrx_word' id='word_1_247' title='bbox 3508 1304 3696 1374; x_wconf 82' lang='grc' dir='ltr'><strong>διττῆς</strong></span> 
     </span>
    </p>
   </div>
   <div class='ocr_carea' id='block_1_41' title="bbox 2098 1393 3699 1468">
    <p class='ocr_par' dir='ltr' id='par_1_41' title="bbox 2098 1393 3699 1468">
     <span class='ocr_line' id='line_1_42' title="bbox 2098 1393 3699 1468; baseline -0.002 -19"><span class='ocrx_word' id='word_1_248' title='bbox 2098 1393 2192 1449; x_wconf 71' lang='grc' dir='ltr'>καὶ</span> <span class='ocrx_word' id='word_1_249' title='bbox 2219 1393 2380 1458; x_wconf 72' lang='grc' dir='ltr'>αὐτὸς</span> <span class='ocrx_word' id='word_1_250' title='bbox 2407 1395 2691 1458; x_wconf 79' lang='grc' dir='ltr'><strong>ἀσθενείας</strong></span> <span class='ocrx_word' id='word_1_251' title='bbox 2721 1397 2914 1464; x_wconf 82' lang='grc' dir='ltr'>φυγεῖν</span> <span class='ocrx_word' id='word_1_252' title='bbox 2935 1393 3310 1468; x_wconf 76' lang='grc' dir='ltr'>διηγούμενος,</span> <span class='ocrx_word' id='word_1_253' title='bbox 3339 1395 3432 1448; x_wconf 76' lang='grc' dir='ltr'>καὶ</span> <span class='ocrx_word' id='word_1_254' title='bbox 3461 1395 3540 1465; x_wconf 85' lang='grc' dir='ltr'><strong>τῷ</strong></span> <span class='ocrx_word' id='word_1_255' title='bbox 3563 1413 3699 1467; x_wconf 76' lang='grc' dir='ltr'>προ-</span> 
     </span>
    </p>
   </div>
   <div class='ocr_carea' id='block_1_42' title="bbox 2097 1485 3697 1556">
    <p class='ocr_par' dir='ltr' id='par_1_42' title="bbox 2097 1485 3697 1556">
     <span class='ocr_line' id='line_1_43' title="bbox 2097 1485 3697 1556; baseline -0.001 -17"><span class='ocrx_word' id='word_1_256' title='bbox 2097 1485 2316 1540; x_wconf 88' lang='grc' dir='ltr'>λαϐόντι</span> <span class='ocrx_word' id='word_1_257' title='bbox 2344 1486 2515 1540; x_wconf 81' lang='grc' dir='ltr'>θέλων</span> <span class='ocrx_word' id='word_1_258' title='bbox 2543 1486 2954 1553; x_wconf 77' lang='grc' dir='ltr'><strong>συντάττεσθαι,</strong></span> <span class='ocrx_word' id='word_1_259' title='bbox 2989 1487 3236 1556; x_wconf 80' lang='grc' dir='ltr'><strong>γλώττης</strong></span> <span class='ocrx_word' id='word_1_260' title='bbox 3261 1485 3464 1554; x_wconf 73' lang='grc' dir='ltr'>δεσμὸν</span> <span class='ocrx_word' id='word_1_261' title='bbox 3490 1502 3697 1554; x_wconf 82' lang='grc' dir='ltr'>πεφευ-</span> 
     </span>
    </p>
   </div>
   <div class='ocr_carea' id='block_1_43' title="bbox 2097 1576 3694 1650">
    <p class='ocr_par' dir='ltr' id='par_1_43' title="bbox 2097 1576 3694 1650">
     <span class='ocr_line' id='line_1_44' title="bbox 2097 1576 3694 1650; baseline -0.001 -18"><span class='ocrx_word' id='word_1_262' title='bbox 2097 1579 2215 1647; x_wconf 85' lang='grc' dir='ltr'>γότι</span> <span class='ocrx_word' id='word_1_263' title='bbox 2249 1578 2344 1632; x_wconf 71' lang='grc' dir='ltr'>καὶ</span> <span class='ocrx_word' id='word_1_264' title='bbox 2374 1577 2654 1648; x_wconf 78' lang='grc' dir='ltr'><strong>κώφωσιν,</strong></span> <span class='ocrx_word' id='word_1_265' title='bbox 2680 1579 2779 1633; x_wconf 71' lang='grc' dir='ltr'>καὶ</span> <span class='ocrx_word' id='word_1_266' title='bbox 2826 1578 3004 1633; x_wconf 88' lang='grc' dir='ltr'>διττοῦ</span> <span class='ocrx_word' id='word_1_267' title='bbox 3046 1579 3350 1650; x_wconf 76' lang='grc' dir='ltr'><strong>νοσήματος</strong></span> <span class='ocrx_word' id='word_1_268' title='bbox 3377 1577 3565 1647; x_wconf 78' lang='grc' dir='ltr'>διττὴν</span> <span class='ocrx_word' id='word_1_269' title='bbox 3592 1576 3694 1630; x_wconf 86' lang='grc' dir='ltr'>λα·</span> 
     </span>
    </p>
   </div>
   <div class='ocr_carea' id='block_1_44' title="bbox 2099 1669 3699 1742">
    <p class='ocr_par' dir='ltr' id='par_1_44' title="bbox 2099 1669 3699 1742">
     <span class='ocr_line' id='line_1_45' title="bbox 2099 1669 3699 1742; baseline -0.003 -17"><span class='ocrx_word' id='word_1_270' title='bbox 2099 1671 2244 1742; x_wconf 70' lang='grc' dir='ltr'>χόντι</span> <span class='ocrx_word' id='word_1_271' title='bbox 2275 1670 2374 1742; x_wconf 81' lang='grc' dir='ltr'>τὴν</span> <span class='ocrx_word' id='word_1_272' title='bbox 2412 1670 2576 1724; x_wconf 74' lang='grc' dir='ltr'>ἴασιν.</span> <span class='ocrx_word' id='word_1_273' title='bbox 2635 1672 2733 1724; x_wconf 90' lang='grc' dir='ltr'><strong>Ὃν</strong></span> <span class='ocrx_word' id='word_1_274' title='bbox 2776 1671 3114 1742; x_wconf 77' lang='grc' dir='ltr'>φιλοφρόνως</span> <span class='ocrx_word' id='word_1_275' title='bbox 3141 1670 3445 1740; x_wconf 84' lang='grc' dir='ltr'>δεξάμενοι,</span> <span class='ocrx_word' id='word_1_276' title='bbox 3479 1669 3568 1724; x_wconf 81' lang='grc' dir='ltr'><strong>διά</strong></span> <span class='ocrx_word' id='word_1_277' title='bbox 3599 1669 3699 1740; x_wconf 79' lang='grc' dir='ltr'>τὴν</span> 
     </span>
    </p>
   </div>
   <div class='ocr_carea' id='block_1_45' title="bbox 2103 1760 3697 1834">
    <p class='ocr_par' dir='ltr' id='par_1_45' title="bbox 2103 1760 3697 1834">
     <span class='ocr_line' id='line_1_46' title="bbox 2103 1760 3697 1834; baseline -0.001 -20"><span class='ocrx_word' id='word_1_278' title='bbox 2103 1761 2239 1832; x_wconf 79' lang='grc' dir='ltr'>πρὸς</span> <span class='ocrx_word' id='word_1_279' title='bbox 2261 1762 2389 1824; x_wconf 81' lang='grc' dir='ltr'>τοὺς</span> <span class='ocrx_word' id='word_1_280' title='bbox 2423 1761 2710 1834; x_wconf 86' lang='grc' dir='ltr'>μάρτυρας</span> <span class='ocrx_word' id='word_1_281' title='bbox 2738 1760 2976 1824; x_wconf 80' lang='grc' dir='ltr'>εὔνοιαν,</span> <span class='ocrx_word' id='word_1_282' title='bbox 3010 1763 3104 1816; x_wconf 69' lang='grc' dir='ltr'><strong>καλ⁵</strong></span> <span class='ocrx_word' id='word_1_283' title='bbox 3132 1761 3230 1832; x_wconf 76' lang='grc' dir='ltr'>τὴν</span> <span class='ocrx_word' id='word_1_284' title='bbox 3259 1761 3510 1830; x_wconf 81' lang='grc' dir='ltr'>γλῶτταν</span> <span class='ocrx_word' id='word_1_285' title='bbox 3541 1761 3697 1834; x_wconf 79' lang='grc' dir='ltr'>αὐτῷ</span> 
     </span>
    </p>
   </div>
   <div class='ocr_carea' id='block_1_46' title="bbox 2104 1853 3690 1924">
    <p class='ocr_par' dir='ltr' id='par_1_46' title="bbox 2104 1853 3690 1924">
     <span class='ocr_line' id='line_1_47' title="bbox 2104 1853 3690 1924; baseline 0 -18"><span class='ocrx_word' id='word_1_286' title='bbox 2104 1853 2240 1923; x_wconf 73' lang='grc' dir='ltr'>πρὸς</span> <span class='ocrx_word' id='word_1_287' title='bbox 2269 1853 2442 1924; x_wconf 78' lang='grc' dir='ltr'>βραχὺ</span> <span class='ocrx_word' id='word_1_288' title='bbox 2473 1853 2847 1923; x_wconf 82' lang='grc' dir='ltr'><strong>χαρισώμεθα,</strong></span> <span class='ocrx_word' id='word_1_289' title='bbox 2883 1855 2976 1906; x_wconf 74' lang='grc' dir='ltr'>καὶ</span> <span class='ocrx_word' id='word_1_290' title='bbox 3011 1853 3110 1924; x_wconf 78' lang='grc' dir='ltr'>τὴν</span> <span class='ocrx_word' id='word_1_291' title='bbox 3138 1855 3298 1924; x_wconf 85' lang='grc' dir='ltr'>χεῖρα</span> <span class='ocrx_word' id='word_1_292' title='bbox 3325 1853 3690 1923; x_wconf 72' lang='grc' dir='ltr'>δανείσαιμεν,</span> 
     </span>
    </p>
   </div>
   <div class='ocr_carea' id='block_1_47' title="bbox 2105 1945 3696 2018">
    <p class='ocr_par' dir='ltr' id='par_1_47' title="bbox 2105 1945 3696 2018">
     <span class='ocr_line' id='line_1_48' title="bbox 2105 1945 3696 2018; baseline 0 -20"><span class='ocrx_word' id='word_1_293' title='bbox 2105 1947 2198 1998; x_wconf 79' lang='grc' dir='ltr'>καὶ</span> <span class='ocrx_word' id='word_1_294' title='bbox 2223 1945 2316 2000; x_wconf 78' lang='grc' dir='ltr'>τὸν</span> <span class='ocrx_word' id='word_1_295' title='bbox 2341 1947 2588 2016; x_wconf 84' lang='grc' dir='ltr'>κάλαμον</span> <span class='ocrx_word' id='word_1_296' title='bbox 2615 1947 2718 2018; x_wconf 80' lang='grc' dir='ltr'>χρή</span> <span class='ocrx_word' id='word_1_297' title='bbox 2730 1963 2932 2017; x_wconf 86' lang='grc' dir='ltr'>σωμεν,</span> <span class='ocrx_word' id='word_1_298' title='bbox 2957 1948 3071 2010; x_wconf 79' lang='grc' dir='ltr'>τοῖς</span> <span class='ocrx_word' id='word_1_299' title='bbox 3093 1945 3266 2008; x_wconf 81' lang='grc' dir='ltr'><strong>ἁγίοις</strong></span> <span class='ocrx_word' id='word_1_300' title='bbox 3289 1945 3388 2014; x_wconf 80' lang='grc' dir='ltr'>τὴν</span> <span class='ocrx_word' id='word_1_301' title='bbox 3416 1945 3696 2016; x_wconf 81' lang='grc' dir='ltr'>εὐφημὶαν</span> 
     </span>
    </p>
   </div>
   <div class='ocr_carea' id='block_1_48' title="bbox 2106 2035 3699 2109">
    <p class='ocr_par' dir='ltr' id='par_1_48' title="bbox 2106 2035 3699 2109">
     <span class='ocr_line' id='line_1_49' title="bbox 2106 2035 3699 2109; baseline 0.001 -19"><span class='ocrx_word' id='word_1_302' title='bbox 2106 2036 2405 2106; x_wconf 77' lang='grc' dir='ltr'><strong>ὑφαίνοντι,</strong></span> <span class='ocrx_word' id='word_1_303' title='bbox 2435 2037 2532 2091; x_wconf 74' lang='grc' dir='ltr'>καὶ</span> <span class='ocrx_word' id='word_1_304' title='bbox 2571 2037 2670 2109; x_wconf 84' lang='grc' dir='ltr'>τὴν</span> <span class='ocrx_word' id='word_1_305' title='bbox 2703 2039 2883 2094; x_wconf 78' lang='grc' dir='ltr'>αὐτῶν</span> <span class='ocrx_word' id='word_1_306' title='bbox 2919 2038 3092 2109; x_wconf 81' lang='grc' dir='ltr'>ἀλκὴν</span> <span class='ocrx_word' id='word_1_307' title='bbox 3119 2035 3458 2108; x_wconf 80' lang='grc' dir='ltr'>διαπρυσὶως</span> <span class='ocrx_word' id='word_1_308' title='bbox 3487 2037 3699 2108; x_wconf 75' lang='grc' dir='ltr'>κηρύτ-</span> 
     </span>
    </p>
   </div>
   <div class='ocr_carea' id='block_1_49' title="bbox 2104 2130 3696 2201">
    <p class='ocr_par' dir='ltr' id='par_1_49' title="bbox 2104 2130 3696 2201">
     <span class='ocr_line' id='line_1_50' title="bbox 2104 2130 3696 2201; baseline -0.001 -18"><span class='ocrx_word' id='word_1_309' title='bbox 2104 2147 2218 2184; x_wconf 83' lang='grc' dir='ltr'>τειν</span> <span class='ocrx_word' id='word_1_310' title='bbox 2247 2130 2598 2196; x_wconf 78' lang='grc' dir='ltr'>σπουδάζοντι</span> <span class='ocrx_word' id='word_1_311' title='bbox 2636 2147 2650 2162; x_wconf 90' lang='grc'><strong>·</strong></span> <span class='ocrx_word' id='word_1_312' title='bbox 2701 2130 2998 2201; x_wconf 79' lang='grc' dir='ltr'><strong>ἀρξώμεθα</strong></span> <span class='ocrx_word' id='word_1_313' title='bbox 3030 2130 3162 2200; x_wconf 83' lang='grc' dir='ltr'>γοῦν</span> <span class='ocrx_word' id='word_1_314' title='bbox 3211 2131 3312 2199; x_wconf 82' lang='grc' dir='ltr'>τῆς</span> <span class='ocrx_word' id='word_1_315' title='bbox 3366 2130 3489 2186; x_wconf 86' lang='grc' dir='ltr'>κατ’</span> <span class='ocrx_word' id='word_1_316' title='bbox 3526 2131 3696 2184; x_wconf 68' lang='grc' dir='ltr'>αὐτὸν</span> 
     </span>
    </p>
   </div>
   <div class='ocr_carea' id='block_1_50' title="bbox 2102 2221 3697 2293">
    <p class='ocr_par' dir='ltr' id='par_1_50' title="bbox 2102 2221 3697 2293">
     <span class='ocr_line' id='line_1_51' title="bbox 2102 2221 3697 2293; baseline 0.001 -18"><span class='ocrx_word' id='word_1_317' title='bbox 2102 2223 2430 2292; x_wconf 71' lang='grc' dir='ltr'><strong>διηγήσεως,</strong></span> <span class='ocrx_word' id='word_1_318' title='bbox 2484 2223 2780 2293; x_wconf 64' lang='grc' dir='ltr'>προθύμως</span> <span class='ocrx_word' id='word_1_319' title='bbox 2813 2223 2961 2292; x_wconf 79' lang='grc' dir='ltr'>αὐτῷ</span> <span class='ocrx_word' id='word_1_320' title='bbox 2995 2223 3176 2278; x_wconf 88' lang='grc' dir='ltr'>πάντα</span> <span class='ocrx_word' id='word_1_321' title='bbox 3217 2221 3555 2292; x_wconf 80' lang='grc' dir='ltr'>γιγνόμενοι,</span> <span class='ocrx_word' id='word_1_322' title='bbox 3597 2222 3697 2277; x_wconf 68' lang='grc' dir='ltr'>καὶ</span> 
     </span>
    </p>
   </div>
   <div class='ocr_carea' id='block_1_51' title="bbox 2106 2313 3696 2386">
    <p class='ocr_par' dir='ltr' id='par_1_51' title="bbox 2106 2313 3696 2386">
     <span class='ocr_line' id='line_1_52' title="bbox 2106 2313 3696 2386; baseline 0.001 -20"><span class='ocrx_word' id='word_1_323' title='bbox 2106 2316 2224 2384; x_wconf 71' lang='grc' dir='ltr'>χεὶρ</span> <span class='ocrx_word' id='word_1_324' title='bbox 2257 2315 2352 2368; x_wconf 74' lang='grc' dir='ltr'>καὶ</span> <span class='ocrx_word' id='word_1_325' title='bbox 2379 2315 2593 2382; x_wconf 84' lang='grc' dir='ltr'>γλῶττα</span> <span class='ocrx_word' id='word_1_326' title='bbox 2631 2317 2724 2368; x_wconf 66' lang='grc' dir='ltr'>καὶ</span> <span class='ocrx_word' id='word_1_327' title='bbox 2755 2317 3018 2386; x_wconf 80' lang='grc' dir='ltr'><strong>κάλαμος,</strong></span> <span class='ocrx_word' id='word_1_328' title='bbox 3044 2317 3072 2369; x_wconf 85' lang='grc' dir='ltr'><strong>ό</strong></span> <span class='ocrx_word' id='word_1_329' title='bbox 3099 2313 3437 2384; x_wconf 82' lang='grc' dir='ltr'>ξυγγράφειν</span> <span class='ocrx_word' id='word_1_330' title='bbox 3473 2315 3696 2384; x_wconf 77' lang='grc' dir='ltr'>εὐφυῶς</span> 
     </span>
    </p>
   </div>
   <div class='ocr_carea' id='block_1_52' title="bbox 2103 2404 2477 2474">
    <p class='ocr_par' dir='ltr' id='par_1_52' title="bbox 2103 2404 2477 2474">
     <span class='ocr_line' id='line_1_53' title="bbox 2103 2404 2477 2474; baseline 0.005 -19"><span class='ocrx_word' id='word_1_331' title='bbox 2103 2404 2477 2474; x_wconf 76' lang='grc' dir='ltr'>ἐπειγόμενος.</span> 
     </span>
    </p>
   </div>
   <div class='ocr_carea' id='block_1_53' title="bbox 2175 2493 3695 2569">
    <p class='ocr_par' dir='ltr' id='par_1_53' title="bbox 2175 2493 3695 2569">
     <span class='ocr_line' id='line_1_54' title="bbox 2175 2493 3695 2569; baseline -0.003 -17"><span class='ocrx_word' id='word_1_332' title='bbox 2175 2497 2334 2562; x_wconf 80' lang='grc' dir='ltr'>Κίλιξ</span> <span class='ocrx_word' id='word_1_333' title='bbox 2373 2493 2441 2568; x_wconf 83' lang='grc' dir='ltr'><strong>ἦν</strong></span> <span class='ocrx_word' id='word_1_334' title='bbox 2475 2499 2502 2551; x_wconf 86' lang='grc' dir='ltr'><strong>ό</strong></span> <span class='ocrx_word' id='word_1_335' title='bbox 2533 2499 2808 2569; x_wconf 74' lang='grc' dir='ltr'>Θεόδωρος</span> <span class='ocrx_word' id='word_1_336' title='bbox 2837 2499 2939 2568; x_wconf 75' lang='grc' dir='ltr'>τῆς</span> <span class='ocrx_word' id='word_1_337' title='bbox 2995 2497 3376 2569; x_wconf 79' lang='grc' dir='ltr'>’Λναζαρϐέων</span> <span class='ocrx_word' id='word_1_338' title='bbox 3431 2498 3526 2567; x_wconf 63' lang='grc' dir='ltr'><strong>ὀρι</strong></span> <span class='ocrx_word' id='word_1_339' title='bbox 3545 2499 3695 2566; x_wconf 74' lang='grc' dir='ltr'>ὠμεο-</span> 
     </span>
    </p>
   </div>
   <div class='ocr_carea' id='block_1_54' title="bbox 2103 2589 3691 2662">
    <p class='ocr_par' dir='ltr' id='par_1_54' title="bbox 2103 2589 3691 2662">
     <span class='ocr_line' id='line_1_55' title="bbox 2103 2589 3691 2662; baseline -0.002 -18"><span class='ocrx_word' id='word_1_340' title='bbox 2103 2607 2192 2654; x_wconf 83' lang='grc' dir='ltr'><strong>νος</strong></span> <span class='ocrx_word' id='word_1_341' title='bbox 2222 2591 2446 2656; x_wconf 85' lang='grc' dir='ltr'>πόλεως,</span> <span class='ocrx_word' id='word_1_342' title='bbox 2482 2591 2576 2644; x_wconf 80' lang='grc' dir='ltr'>καὶ</span> <span class='ocrx_word' id='word_1_343' title='bbox 2605 2590 2803 2644; x_wconf 87' lang='grc' dir='ltr'>πάθεσι</span> <span class='ocrx_word' id='word_1_344' title='bbox 2829 2590 2924 2644; x_wconf 78' lang='grc' dir='ltr'><strong>δύο</strong></span> <span class='ocrx_word' id='word_1_345' title='bbox 2954 2591 3244 2662; x_wconf 80' lang='grc' dir='ltr'>δυσχερέσι</span> <span class='ocrx_word' id='word_1_346' title='bbox 3276 2589 3652 2660; x_wconf 75' lang='grc' dir='ltr'>κρατούμενος</span> <span class='ocrx_word' id='word_1_347' title='bbox 3675 2605 3691 2620; x_wconf 80' lang='grc'><em>’</em></span> 
     </span>
    </p>
   </div>
   <div class='ocr_carea' id='block_1_55' title="bbox 2101 2675 3696 2754">
    <p class='ocr_par' dir='ltr' id='par_1_55' title="bbox 2101 2675 3696 2754">
     <span class='ocr_line' id='line_1_56' title="bbox 2101 2675 3696 2754; baseline -0.004 -18"><span class='ocrx_word' id='word_1_348' title='bbox 2101 2675 2176 2736; x_wconf 82' lang='grc' dir='ltr'>ὧν</span> <span class='ocrx_word' id='word_1_349' title='bbox 2231 2682 2288 2735; x_wconf 84' lang='grc' dir='ltr'>τὸ</span> <span class='ocrx_word' id='word_1_350' title='bbox 2329 2683 2428 2753; x_wconf 82' lang='grc' dir='ltr'>μὲν</span> <span class='ocrx_word' id='word_1_351' title='bbox 2467 2683 2741 2753; x_wconf 83' lang='grc' dir='ltr'>δαιμόνιον</span> <span class='ocrx_word' id='word_1_352' title='bbox 2791 2677 2860 2754; x_wconf 76' lang='grc' dir='ltr'>ἦν</span> <span class='ocrx_word' id='word_1_353' title='bbox 2919 2681 3306 2752; x_wconf 84' lang='grc' dir='ltr'>πονηρότερον,</span> <span class='ocrx_word' id='word_1_354' title='bbox 3350 2679 3696 2750; x_wconf 73' lang='grc' dir='ltr'>ἀγριώτερόν</span> 
     </span>
    </p>
   </div>
   <div class='ocr_carea' id='block_1_56' title="bbox 2103 2771 3695 2849">
    <p class='ocr_par' dir='ltr' id='par_1_56' title="bbox 2103 2771 3695 2849">
     <span class='ocr_line' id='line_1_57' title="bbox 2103 2771 3695 2849; baseline -0.002 -23"><span class='ocrx_word' id='word_1_355' title='bbox 2103 2789 2223 2836; x_wconf 88' lang='grc' dir='ltr'><strong>πως</strong></span> <span class='ocrx_word' id='word_1_356' title='bbox 2246 2774 2613 2849; x_wconf 79' lang='grc' dir='ltr'>ἐπερχόμενον</span> <span class='ocrx_word' id='word_1_357' title='bbox 2644 2774 2737 2828; x_wconf 73' lang='grc' dir='ltr'><strong>καὶ</strong></span> <span class='ocrx_word' id='word_1_358' title='bbox 2764 2773 2966 2845; x_wconf 82' lang='grc' dir='ltr'>ῥῆσσον</span> <span class='ocrx_word' id='word_1_359' title='bbox 2995 2773 3084 2827; x_wconf 65' lang='grc' dir='ltr'><strong>ἀεὶ¹</strong></span> <span class='ocrx_word' id='word_1_360' title='bbox 3112 2773 3250 2844; x_wconf 82' lang='grc' dir='ltr'>πρὸς</span> <span class='ocrx_word' id='word_1_361' title='bbox 3285 2773 3394 2828; x_wconf 82' lang='grc' dir='ltr'><strong>πᾶν</strong></span> <span class='ocrx_word' id='word_1_362' title='bbox 3435 2771 3695 2843; x_wconf 82' lang='grc' dir='ltr'>εὑρισκό-</span> 
     </span>
    </p>
   </div>
   <div class='ocr_carea' id='block_1_57' title="bbox 418 2861 2016 2936">
    <p class='ocr_par' dir='ltr' id='par_1_57' title="bbox 418 2861 2002 2936">
     <span class='ocr_line' id='line_1_58' title="bbox 418 2861 2002 2936; baseline 0.004 -22"><span class='ocrx_word' id='word_1_363' title='bbox 418 2861 760 2928; x_wconf 86' lang='lat' dir='ltr'><strong>invenisset;</strong></span> <span class='ocrx_word' id='word_1_364' title='bbox 819 2863 1099 2919; x_wconf 88' lang='lat' dir='ltr'><strong>multoties</strong></span> <span class='ocrx_word' id='word_1_365' title='bbox 1167 2865 1336 2930; x_wconf 88' lang='lat' dir='ltr'><strong>enim,</strong></span> <span class='ocrx_word' id='word_1_366' title='bbox 1405 2873 1464 2918; x_wconf 69' lang='lat' dir='ltr'><strong>at</strong></span> <span class='ocrx_word' id='word_1_367' title='bbox 1506 2865 1780 2934; x_wconf 87' lang='lat' dir='ltr'><strong>quondam</strong></span> <span class='ocrx_word' id='word_1_368' title='bbox 1848 2878 2002 2936; x_wconf 89' lang='lat' dir='ltr'><strong>pater</strong></span> 
     </span>
    </p>
   </div>
   <div class='ocr_carea' id='block_1_58' title="bbox 2106 2861 3695 2936">
    <p class='ocr_par' dir='ltr' id='par_1_58' title="bbox 2107 2862 3695 2936">
     <span class='ocr_line' id='line_1_59' title="bbox 2107 2862 3695 2936; baseline 0 -22"><span class='ocrx_word' id='word_1_369' title='bbox 2107 2879 2266 2931; x_wconf 88' lang='grc' dir='ltr'>μενον</span> <span class='ocrx_word' id='word_1_370' title='bbox 2299 2880 2313 2894; x_wconf 80' lang='grc'><strong>⁸</strong></span> <span class='ocrx_word' id='word_1_371' title='bbox 2349 2864 2608 2928; x_wconf 83' lang='grc' dir='ltr'>πολλάκις</span> <span class='ocrx_word' id='word_1_372' title='bbox 2642 2864 2748 2936; x_wconf 87' lang='grc' dir='ltr'>γὰρ</span> <span class='ocrx_word' id='word_1_373' title='bbox 2778 2866 2854 2928; x_wconf 84' lang='grc' dir='ltr'>ὡς</span> <span class='ocrx_word' id='word_1_374' title='bbox 2875 2865 2904 2917; x_wconf 83' lang='grc' dir='ltr'><strong>ὁ</strong></span> <span class='ocrx_word' id='word_1_375' title='bbox 2948 2863 3044 2918; x_wconf 71' lang='grc' dir='ltr'><strong>τοῦ</strong></span> <span class='ocrx_word' id='word_1_376' title='bbox 3087 2863 3474 2934; x_wconf 84' lang='grc' dir='ltr'>δαιμονιῶντος</span> <span class='ocrx_word' id='word_1_377' title='bbox 3508 2862 3695 2932; x_wconf 79' lang='grc' dir='ltr'>πατὴρ</span> 
     </span>
    </p>
   </div>
   <div class='ocr_carea' id='block_1_59' title="bbox 418 2952 2016 3028">
    <p class='ocr_par' dir='ltr' id='par_1_59' title="bbox 418 2954 1997 3026">
     <span class='ocr_line' id='line_1_60' title="bbox 418 2954 1997 3026; baseline 0.006 -20"><span class='ocrx_word' id='word_1_378' title='bbox 418 2954 751 3007; x_wconf 71' lang='lat' dir='ltr'><strong>daemonium</strong></span> <span class='ocrx_word' id='word_1_379' title='bbox 819 2954 1080 3024; x_wconf 86' lang='lat' dir='ltr'><strong>patientis</strong></span> <span class='ocrx_word' id='word_1_380' title='bbox 1145 2957 1200 3009; x_wconf 92' lang='lat' dir='ltr'><strong>in</strong></span> <span class='ocrx_word' id='word_1_381' title='bbox 1248 2954 1562 3026; x_wconf 82' lang='lat' dir='ltr'><strong>Evangeliis</strong></span> <span class='ocrx_word' id='word_1_382' title='bbox 1609 2959 1675 3013; x_wconf 84' lang='lat' dir='ltr'><strong>ad</strong></span> <span class='ocrx_word' id='word_1_383' title='bbox 1709 2960 1997 3016; x_wconf 86' lang='lat' dir='ltr'><strong>Dominum</strong></span> 
     </span>
    </p>
   </div>
   <div class='ocr_carea' id='block_1_60' title="bbox 2106 2952 3696 3028">
    <p class='ocr_par' dir='ltr' id='par_1_60' title="bbox 2106 2952 3696 3028">
     <span class='ocr_line' id='line_1_61' title="bbox 2106 2952 3696 3028; baseline 0.001 -23"><span class='ocrx_word' id='word_1_384' title='bbox 2106 2952 2162 3006; x_wconf 80' lang='grc' dir='ltr'>ὲν</span> <span class='ocrx_word' id='word_1_385' title='bbox 2193 2953 2550 3023; x_wconf 85' lang='grc' dir='ltr'>Εὐαγγελίοις</span> <span class='ocrx_word' id='word_1_386' title='bbox 2575 2955 2712 3027; x_wconf 77' lang='grc' dir='ltr'>πρὸς</span> <span class='ocrx_word' id='word_1_387' title='bbox 2741 2955 2832 3010; x_wconf 84' lang='grc' dir='ltr'>τὸν</span> <span class='ocrx_word' id='word_1_388' title='bbox 2859 2955 3066 3028; x_wconf 80' lang='grc' dir='ltr'>Κύριον</span> <span class='ocrx_word' id='word_1_389' title='bbox 3088 2956 3312 3026; x_wconf 72' lang='grc' dir='ltr'>ἔφησεν,</span> <span class='ocrx_word' id='word_1_390' title='bbox 3337 2955 3418 3018; x_wconf 81' lang='grc' dir='ltr'><strong>εἰς</strong></span> <span class='ocrx_word' id='word_1_391' title='bbox 3445 2953 3560 3026; x_wconf 81' lang='grc' dir='ltr'><strong>πίρ</strong></span> <span class='ocrx_word' id='word_1_392' title='bbox 3593 2953 3696 3006; x_wconf 63' lang='grc' dir='ltr'>αύρ</span> 
     </span>
    </p>
   </div>
   <div class='ocr_carea' id='block_1_61' title="bbox 418 3041 2016 3118">
    <p class='ocr_par' dir='ltr' id='par_1_61' title="bbox 418 3041 1999 3116">
     <span class='ocr_line' id='line_1_62' title="bbox 418 3041 1999 3116; baseline 0.008 -22"><span class='ocrx_word' id='word_1_393' title='bbox 418 3041 657 3106; x_wconf 82' lang='lat' dir='ltr'><strong>dixit,in</strong></span> <span class='ocrx_word' id='word_1_394' title='bbox 713 3041 896 3113; x_wconf 83' lang='lat' dir='ltr'><strong>ignem</strong></span> <span class='ocrx_word' id='word_1_395' title='bbox 945 3059 1070 3098; x_wconf 89' lang='lat' dir='ltr'><strong>eum</strong></span> <span class='ocrx_word' id='word_1_396' title='bbox 1102 3050 1158 3099; x_wconf 84' lang='lat' dir='ltr'><strong>et</strong></span> <span class='ocrx_word' id='word_1_397' title='bbox 1187 3059 1387 3113; x_wconf 91' lang='lat' dir='ltr'><strong>aquam</strong></span> <span class='ocrx_word' id='word_1_398' title='bbox 1432 3045 1701 3116; x_wconf 70' lang='lat' dir='ltr'><strong>iactabat,</strong></span> <span class='ocrx_word' id='word_1_399' title='bbox 1747 3048 1999 3106; x_wconf 90' lang='lat' dir='ltr'><strong>occidere</strong></span> 
     </span>
    </p>
   </div>
   <div class='ocr_carea' id='block_1_62' title="bbox 2106 3041 3694 3118">
    <p class='ocr_par' dir='ltr' id='par_1_62' title="bbox 2106 3041 3694 3116">
     <span class='ocr_line' id='line_1_63' title="bbox 2106 3041 3694 3116; baseline 0.001 -20"><span class='ocrx_word' id='word_1_400' title='bbox 2106 3041 2192 3097; x_wconf 73' lang='grc' dir='ltr'><strong>τὸν</strong></span> <span class='ocrx_word' id='word_1_401' title='bbox 2218 3043 2312 3097; x_wconf 74' lang='grc' dir='ltr'>καὶ</span> <span class='ocrx_word' id='word_1_402' title='bbox 2336 3043 2482 3116; x_wconf 72' lang='grc' dir='ltr'>ὕδωρ</span> <span class='ocrx_word' id='word_1_403' title='bbox 2503 3045 2744 3109; x_wconf 75' lang='grc' dir='ltr'>ἐνέϐαλε,</span> <span class='ocrx_word' id='word_1_404' title='bbox 2766 3045 2998 3101; x_wconf 86' lang='grc' dir='ltr'>κτείνειν</span> <span class='ocrx_word' id='word_1_405' title='bbox 3021 3045 3256 3116; x_wconf 75' lang='grc' dir='ltr'>ἀφειδῶς</span> <span class='ocrx_word' id='word_1_406' title='bbox 3281 3046 3376 3099; x_wconf 76' lang='grc' dir='ltr'><strong>καὶ</strong></span> <span class='ocrx_word' id='word_1_407' title='bbox 3399 3043 3694 3100; x_wconf 81' lang='grc' dir='ltr'>ἀπολλύειν</span> 
     </span>
    </p>
   </div>
   <div class='ocr_carea' id='block_1_63' title="bbox 419 3130 2000 3205">
    <p class='ocr_par' dir='ltr' id='par_1_63' title="bbox 419 3130 2000 3205">
     <span class='ocr_line' id='line_1_64' title="bbox 419 3130 2000 3205; baseline 0.006 -21"><span class='ocrx_word' id='word_1_408' title='bbox 419 3130 570 3185; x_wconf 85' lang='lat' dir='ltr'><strong>hunc</strong></span> <span class='ocrx_word' id='word_1_409' title='bbox 611 3146 720 3186; x_wconf 88' lang='lat' dir='ltr'><strong>non</strong></span> <span class='ocrx_word' id='word_1_410' title='bbox 759 3147 993 3203; x_wconf 89' lang='lat' dir='ltr'><strong>parcens</strong></span> <span class='ocrx_word' id='word_1_411' title='bbox 1025 3147 1090 3188; x_wconf 91' lang='lat' dir='ltr'><strong>ac</strong></span> <span class='ocrx_word' id='word_1_412' title='bbox 1120 3133 1351 3205; x_wconf 87' lang='lat' dir='ltr'><strong>perdere</strong></span> <span class='ocrx_word' id='word_1_413' title='bbox 1401 3135 1592 3193; x_wconf 87' lang='lat' dir='ltr'><strong>volens</strong></span> <span class='ocrx_word' id='word_1_414' title='bbox 1625 3154 1641 3204; x_wconf 87' lang='lat'><strong>;</strong></span> <span class='ocrx_word' id='word_1_415' title='bbox 1673 3132 2000 3195; x_wconf 60' lang='lat' dir='ltr'><strong>altera&#39;vero</strong></span> 
     </span>
    </p>
   </div>
   <div class='ocr_carea' id='block_1_64' title="bbox 417 3225 1996 3300">
    <p class='ocr_par' dir='ltr' id='par_1_64' title="bbox 417 3225 1996 3300">
     <span class='ocr_line' id='line_1_65' title="bbox 417 3225 1996 3300; baseline 0.007 -24"><span class='ocrx_word' id='word_1_416' title='bbox 417 3225 711 3277; x_wconf 90' lang='lat' dir='ltr'><strong>oculorum</strong></span> <span class='ocrx_word' id='word_1_417' title='bbox 739 3225 956 3281; x_wconf 77' lang='lat' dir='ltr'><strong>caecitas</strong></span> <span class='ocrx_word' id='word_1_418' title='bbox 985 3239 1120 3293; x_wconf 52' lang='lat' dir='ltr'><strong>erat,</strong></span> <span class='ocrx_word' id='word_1_419' title='bbox 1139 3243 1249 3282; x_wconf 89' lang='lat' dir='ltr'><strong>non</strong></span> <span class='ocrx_word' id='word_1_420' title='bbox 1271 3226 1586 3284; x_wconf 87' lang='lat' dir='ltr'><strong>infirmitate</strong></span> <span class='ocrx_word' id='word_1_421' title='bbox 1606 3228 1748 3285; x_wconf 87' lang='lat' dir='ltr'><strong>facta</strong></span> <span class='ocrx_word' id='word_1_422' title='bbox 1769 3239 1996 3300; x_wconf 81' lang='lat' dir='ltr'><strong>naturae,</strong></span> 
     </span>
    </p>
   </div>
   <div class='ocr_carea' id='block_1_65' title="bbox 419 3312 2002 3394">
    <p class='ocr_par' dir='ltr' id='par_1_65' title="bbox 419 3312 2002 3394">
     <span class='ocr_line' id='line_1_66' title="bbox 419 3312 2002 3394; baseline 0.006 -24"><span class='ocrx_word' id='word_1_423' title='bbox 419 3312 518 3370; x_wconf 88' lang='lat' dir='ltr'><strong>sed</strong></span> <span class='ocrx_word' id='word_1_424' title='bbox 550 3316 1153 3382; x_wconf 81' lang='lat' dir='ltr'><strong>operatlonedaemonis</strong></span> <span class='ocrx_word' id='word_1_425' title='bbox 1181 3326 1628 3390; x_wconf 66' lang='lat' dir='ltr'><strong>praeparata,nec</strong></span> <span class='ocrx_word' id='word_1_426' title='bbox 1656 3337 1720 3376; x_wconf 75' lang='lat' dir='ltr'><strong>ex</strong></span> <span class='ocrx_word' id='word_1_427' title='bbox 1742 3322 2002 3394; x_wconf 79' lang='lat' dir='ltr'><strong>languore</strong></span> 
     </span>
    </p>
   </div>
   <div class='ocr_carea' id='block_1_66' title="bbox 418 3407 2002 3485">
    <p class='ocr_par' dir='ltr' id='par_1_66' title="bbox 418 3407 2002 3485">
     <span class='ocr_line' id='line_1_67' title="bbox 418 3407 2002 3485; baseline 0.006 -24"><span class='ocrx_word' id='word_1_428' title='bbox 418 3407 696 3476; x_wconf 87' lang='lat' dir='ltr'><strong>corporali</strong></span> <span class='ocrx_word' id='word_1_429' title='bbox 747 3408 1086 3480; x_wconf 87' lang='lat' dir='ltr'><strong>superillata,</strong></span> <span class='ocrx_word' id='word_1_430' title='bbox 1149 3412 1243 3468; x_wconf 83' lang='lat' dir='ltr'><strong>sed</strong></span> <span class='ocrx_word' id='word_1_431' title='bbox 1280 3427 1344 3466; x_wconf 80' lang='lat' dir='ltr'><strong>ex</strong></span> <span class='ocrx_word' id='word_1_432' title='bbox 1394 3413 1622 3469; x_wconf 86' lang='lat' dir='ltr'><strong>feritate</strong></span> <span class='ocrx_word' id='word_1_433' title='bbox 1651 3415 1878 3485; x_wconf 88' lang='lat' dir='ltr'><strong>spiritus</strong></span> <span class='ocrx_word' id='word_1_434' title='bbox 1916 3417 2002 3470; x_wconf 86' lang='lat' dir='ltr'><strong>in-</strong></span> 
     </span>
    </p>
   </div>
   <div class='ocr_carea' id='block_1_67' title="bbox 419 3497 2006 3578">
    <p class='ocr_par' dir='ltr' id='par_1_67' title="bbox 419 3497 2006 3578">
     <span class='ocr_line' id='line_1_68' title="bbox 419 3497 2006 3578; baseline 0.004 -25"><span class='ocrx_word' id='word_1_435' title='bbox 419 3497 627 3566; x_wconf 89' lang='lat' dir='ltr'><strong>ducta;</strong></span> <span class='ocrx_word' id='word_1_436' title='bbox 659 3501 741 3555; x_wconf 93' lang='lat' dir='ltr'><strong>sic</strong></span> <span class='ocrx_word' id='word_1_437' title='bbox 775 3501 1074 3573; x_wconf 82' lang='lat' dir='ltr'><strong>malignum</strong></span> <span class='ocrx_word' id='word_1_438' title='bbox 1123 3509 1242 3558; x_wconf 88' lang='lat' dir='ltr'><strong>erat</strong></span> <span class='ocrx_word' id='word_1_439' title='bbox 1273 3504 1630 3572; x_wconf 68' lang='lat' dir='ltr'><strong>daemonium,</strong></span> <span class='ocrx_word' id='word_1_440' title='bbox 1681 3513 1734 3560; x_wconf 90' lang='lat' dir='ltr'><strong>et</strong></span> <span class='ocrx_word' id='word_1_441' title='bbox 1781 3515 2006 3578; x_wconf 89' lang='lat' dir='ltr'><strong>propter</strong></span> 
     </span>
    </p>
   </div>
   <div class='ocr_carea' id='block_1_68' title="bbox 418 3590 2005 3652">
    <p class='ocr_par' dir='ltr' id='par_1_68' title="bbox 418 3590 2005 3652">
     <span class='ocr_line' id='line_1_69' title="bbox 418 3590 2005 3652; baseline 0.006 -9"><span class='ocrx_word' id='word_1_442' title='bbox 418 3590 818 3646; x_wconf 82' lang='lat' dir='ltr'><strong>abundantiam</strong></span> <span class='ocrx_word' id='word_1_443' title='bbox 878 3592 1050 3648; x_wconf 89' lang='lat' dir='ltr'><strong>rabiei</strong></span> <span class='ocrx_word' id='word_1_444' title='bbox 1105 3594 1473 3651; x_wconf 89' lang='lat' dir='ltr'><strong>malevolum!</strong></span> <span class='ocrx_word' id='word_1_445' title='bbox 1525 3594 1723 3651; x_wconf 81' lang='lat' dir='ltr'><strong>Verum</strong></span> <span class='ocrx_word' id='word_1_446' title='bbox 1771 3613 1895 3651; x_wconf 90' lang='lat' dir='ltr'><strong>cum</strong></span> <span class='ocrx_word' id='word_1_447' title='bbox 1947 3598 2005 3652; x_wconf 87' lang='lat' dir='ltr'><strong>in</strong></span> 
     </span>
    </p>
   </div>
   <div class='ocr_carea' id='block_1_69' title="bbox 417 3679 2008 3758">
    <p class='ocr_par' dir='ltr' id='par_1_69' title="bbox 417 3679 2008 3758">
     <span class='ocr_line' id='line_1_70' title="bbox 417 3679 2008 3758; baseline 0.008 -24"><span class='ocrx_word' id='word_1_448' title='bbox 417 3679 508 3736; x_wconf 82' lang='lat' dir='ltr'><strong>bis</strong></span> <span class='ocrx_word' id='word_1_449' title='bbox 538 3693 686 3739; x_wconf 87' lang='lat' dir='ltr'><strong>esset</strong></span> <span class='ocrx_word' id='word_1_450' title='bbox 717 3681 1065 3751; x_wconf 89' lang='lat' dir='ltr'><strong>Theodorus,</strong></span> <span class='ocrx_word' id='word_1_451' title='bbox 1095 3697 1150 3742; x_wconf 92' lang='lat' dir='ltr'><strong>et</strong></span> <span class='ocrx_word' id='word_1_452' title='bbox 1189 3687 1326 3742; x_wconf 86' lang='lat' dir='ltr'><strong>nihil</strong></span> <span class='ocrx_word' id='word_1_453' title='bbox 1353 3688 1596 3744; x_wconf 84' lang='lat' dir='ltr'><strong>salutare</strong></span> <span class='ocrx_word' id='word_1_454' title='bbox 1621 3699 1886 3758; x_wconf 89' lang='lat' dir='ltr'><strong>speraret,</strong></span> <span class='ocrx_word' id='word_1_455' title='bbox 1911 3700 2008 3746; x_wconf 87' lang='lat' dir='ltr'><strong>aut</strong></span> 
     </span>
    </p>
   </div>
   <div class='ocr_carea' id='block_1_70' title="bbox 425 3770 2006 3850">
    <p class='ocr_par' dir='ltr' id='par_1_70' title="bbox 425 3770 2006 3850">
     <span class='ocr_line' id='line_1_71' title="bbox 425 3770 2006 3850; baseline 0.009 -26"><span class='ocrx_word' id='word_1_456' title='bbox 425 3770 494 3826; x_wconf 89' lang='lat' dir='ltr'><strong>ab</strong></span> <span class='ocrx_word' id='word_1_457' title='bbox 532 3771 618 3828; x_wconf 86' lang='lat' dir='ltr'><strong>his</strong></span> <span class='ocrx_word' id='word_1_458' title='bbox 651 3783 779 3830; x_wconf 90' lang='lat' dir='ltr'><strong>ante</strong></span> <span class='ocrx_word' id='word_1_459' title='bbox 810 3775 1216 3844; x_wconf 87' lang='lat' dir='ltr'><strong>liberationem,</strong></span> <span class='ocrx_word' id='word_1_460' title='bbox 1243 3795 1366 3849; x_wconf 81' lang='lat' dir='ltr'><strong>quae</strong></span> <span class='ocrx_word' id='word_1_461' title='bbox 1409 3779 1468 3834; x_wconf 84' lang='lat' dir='ltr'><strong>fit</strong></span> <span class='ocrx_word' id='word_1_462' title='bbox 1503 3795 1600 3850; x_wconf 88' lang='lat' dir='ltr'><strong>per</strong></span> <span class='ocrx_word' id='word_1_463' title='bbox 1630 3791 1882 3846; x_wconf 87' lang='lat' dir='ltr'><strong>mortem,</strong></span> <span class='ocrx_word' id='word_1_464' title='bbox 1917 3780 2006 3838; x_wconf 87' lang='lat' dir='ltr'><strong>fu-</strong></span> 
     </span>
    </p>
   </div>
   <div class='ocr_carea' id='block_1_71' title="bbox 421 3861 2004 3938">
    <p class='ocr_par' dir='ltr' id='par_1_71' title="bbox 421 3861 2004 3938">
     <span class='ocr_line' id='line_1_72' title="bbox 421 3861 2004 3938; baseline 0.005 -20"><span class='ocrx_word' id='word_1_465' title='bbox 421 3876 553 3933; x_wconf 76' lang='lat' dir='ltr'><strong>gere</strong></span> <span class='ocrx_word' id='word_1_466' title='bbox 566 3865 918 3932; x_wconf 86' lang='lat' dir='ltr'><strong>passionibus</strong></span> <span class='ocrx_word' id='word_1_467' title='bbox 933 3877 1277 3938; x_wconf 77' lang='lat' dir='ltr'><strong>exspectaret</strong></span> <span class='ocrx_word' id='word_1_468' title='bbox 1297 3884 1313 3934; x_wconf 89' lang='lat'><strong>;</strong></span> <span class='ocrx_word' id='word_1_469' title='bbox 1335 3883 1480 3924; x_wconf 89' lang='lat' dir='ltr'><strong>mors</strong></span> <span class='ocrx_word' id='word_1_470' title='bbox 1506 3861 1654 3925; x_wconf 84' lang='lat' dir='ltr'><strong>enim</strong></span> <span class='ocrx_word' id='word_1_471' title='bbox 1679 3885 1866 3926; x_wconf 85' lang='lat' dir='ltr'><strong>revera</strong></span> <span class='ocrx_word' id='word_1_472' title='bbox 1886 3871 2004 3926; x_wconf 90' lang='lat' dir='ltr'><strong>viro</strong></span> 
     </span>
    </p>
   </div>
   <div class='ocr_carea' id='block_1_72' title="bbox 421 3949 2001 4032">
    <p class='ocr_par' dir='ltr' id='par_1_72' title="bbox 421 3949 2001 4032">
     <span class='ocr_line' id='line_1_73' title="bbox 421 3949 2001 4032; baseline 0.009 -27"><span class='ocrx_word' id='word_1_473' title='bbox 421 3949 665 4024; x_wconf 85' lang='lat' dir='ltr'><strong>requies,</strong></span> <span class='ocrx_word' id='word_1_474' title='bbox 685 3962 744 4010; x_wconf 88' lang='lat' dir='ltr'><strong>ut</strong></span> <span class='ocrx_word' id='word_1_475' title='bbox 759 3953 860 4012; x_wconf 79' lang='lat' dir='ltr'><strong>Job</strong></span> <span class='ocrx_word' id='word_1_476' title='bbox 875 3957 968 4028; x_wconf 91' lang='lat' dir='ltr'><strong>qui</strong></span> <span class='ocrx_word' id='word_1_477' title='bbox 986 3957 1402 4032; x_wconf 86' lang='lat' dir='ltr'><strong>philosophatus</strong></span> <span class='ocrx_word' id='word_1_478' title='bbox 1431 3970 1516 4016; x_wconf 88' lang='lat' dir='ltr'><strong>est</strong></span> <span class='ocrx_word' id='word_1_479' title='bbox 1542 3960 1596 4015; x_wconf 93' lang='lat' dir='ltr'><strong>in</strong></span> <span class='ocrx_word' id='word_1_480' title='bbox 1624 3963 1866 4032; x_wconf 85' lang='lat' dir='ltr'><strong>passioni</strong></span> <span class='ocrx_word' id='word_1_481' title='bbox 1881 3963 2001 4026; x_wconf 86' lang='lat' dir='ltr'><strong>bus.</strong></span> 
     </span>
    </p>
   </div>
   <div class='ocr_carea' id='block_1_73' title="bbox 397 4043 2006 4122">
    <p class='ocr_par' dir='ltr' id='par_1_73' title="bbox 397 4043 2006 4122">
     <span class='ocr_line' id='line_1_74' title="bbox 397 4043 2006 4122; baseline 0.005 -24"><span class='ocrx_word' id='word_1_482' title='bbox 397 4051 506 4112; x_wconf 89' lang='lat' dir='ltr'><strong>_est</strong></span> <span class='ocrx_word' id='word_1_483' title='bbox 559 4043 778 4111; x_wconf 79' lang='lat' dir='ltr'><strong>affatus,</strong></span> <span class='ocrx_word' id='word_1_484' title='bbox 837 4061 1054 4104; x_wconf 88' lang='lat' dir='ltr'><strong>omnem</strong></span> <span class='ocrx_word' id='word_1_485' title='bbox 1119 4047 1378 4105; x_wconf 89' lang='lat' dir='ltr'><strong>auferens</strong></span> <span class='ocrx_word' id='word_1_486' title='bbox 1447 4051 1632 4106; x_wconf 68' lang='lat' dir='ltr'><strong>saeculi</strong></span> <span class='ocrx_word' id='word_1_487' title='bbox 1670 4049 1836 4122; x_wconf 86' lang='lat' dir='ltr'><strong>hujus</strong></span> <span class='ocrx_word' id='word_1_488' title='bbox 1866 4049 2006 4106; x_wconf 78' lang='lat' dir='ltr'><strong>dilIi-</strong></span> 
     </span>
    </p>
   </div>
   <div class='ocr_carea' id='block_1_74' title="bbox 417 4133 2003 4208">
    <p class='ocr_par' dir='ltr' id='par_1_74' title="bbox 417 4133 2003 4208">
     <span class='ocr_line' id='line_1_75' title="bbox 417 4133 2003 4208; baseline 0.003 -20"><span class='ocrx_word' id='word_1_489' title='bbox 417 4133 708 4198; x_wconf 85' lang='lat' dir='ltr'><strong>cultatem,</strong></span> <span class='ocrx_word' id='word_1_490' title='bbox 734 4137 1133 4208; x_wconf 65' lang='lat' dir='ltr'><strong>praesentisque</strong></span> <span class='ocrx_word' id='word_1_491' title='bbox 1163 4137 1286 4194; x_wconf 69' lang='lat' dir='ltr'><strong>vita:</strong></span> <span class='ocrx_word' id='word_1_492' title='bbox 1319 4137 1548 4194; x_wconf 89' lang='lat' dir='ltr'><strong>multam</strong></span> <span class='ocrx_word' id='word_1_493' title='bbox 1581 4139 1918 4208; x_wconf 85' lang='lat' dir='ltr'><strong>passionem,</strong></span> <span class='ocrx_word' id='word_1_494' title='bbox 1946 4147 2003 4194; x_wconf 86' lang='lat' dir='ltr'><strong>et</strong></span> 
     </span>
    </p>
   </div>
   <div class='ocr_carea' id='block_1_75' title="bbox 419 4225 2000 4301">
    <p class='ocr_par' dir='ltr' id='par_1_75' title="bbox 419 4225 2000 4301">
     <span class='ocr_line' id='line_1_76' title="bbox 419 4225 2000 4301; baseline 0.004 -23"><span class='ocrx_word' id='word_1_495' title='bbox 419 4225 658 4280; x_wconf 90' lang='lat' dir='ltr'><strong>multum</strong></span> <span class='ocrx_word' id='word_1_496' title='bbox 687 4228 930 4282; x_wconf 89' lang='lat' dir='ltr'><strong>laborem</strong></span> <span class='ocrx_word' id='word_1_497' title='bbox 965 4227 1184 4301; x_wconf 87' lang='lat' dir='ltr'><strong>;Cyrus</strong></span> <span class='ocrx_word' id='word_1_498' title='bbox 1225 4241 1284 4286; x_wconf 91' lang='lat' dir='ltr'><strong>et</strong></span> <span class='ocrx_word' id='word_1_499' title='bbox 1333 4229 1571 4287; x_wconf 84' lang='lat' dir='ltr'><strong>Joannes</strong></span> <span class='ocrx_word' id='word_1_500' title='bbox 1599 4231 2000 4288; x_wconf 88' lang='lat' dir='ltr'><strong>annuntiautur</strong></span> 
     </span>
    </p>
   </div>
   <div class='ocr_carea' id='block_1_76' title="bbox 418 4316 1997 4393">
    <p class='ocr_par' dir='ltr' id='par_1_76' title="bbox 418 4316 1997 4393">
     <span class='ocr_line' id='line_1_77' title="bbox 418 4316 1997 4393; baseline 0.003 -21"><span class='ocrx_word' id='word_1_501' title='bbox 418 4331 451 4372; x_wconf 68' lang='grc' dir='ltr'>ι</span> <span class='ocrx_word' id='word_1_502' title='bbox 484 4316 596 4374; x_wconf 89' lang='lat' dir='ltr'><strong>Deo</strong></span> <span class='ocrx_word' id='word_1_503' title='bbox 625 4318 814 4376; x_wconf 84' lang='lat' dir='ltr'><strong>donati</strong></span> <span class='ocrx_word' id='word_1_504' title='bbox 839 4319 1151 4376; x_wconf 60' lang='lat' dir='ltr'><strong>daemonum</strong></span> <span class='ocrx_word' id='word_1_505' title='bbox 1205 4321 1556 4393; x_wconf 82' lang='lat' dir='ltr'><strong>expulsores,</strong></span> <span class='ocrx_word' id='word_1_506' title='bbox 1597 4329 1651 4378; x_wconf 88' lang='lat' dir='ltr'><strong>et</strong></span> <span class='ocrx_word' id='word_1_507' title='bbox 1677 4322 1997 4392; x_wconf 87' lang='lat' dir='ltr'><strong>passionum</strong></span> 
     </span>
    </p>
   </div>
   <div class='ocr_carea' id='block_1_77' title="bbox 2079 3133 3694 3210">
    <p class='ocr_par' dir='ltr' id='par_1_77' title="bbox 2079 3133 3694 3210">
     <span class='ocr_line' id='line_1_78' title="bbox 2079 3133 3694 3210; baseline 0.002 -23"><span class='ocrx_word' id='word_1_508' title='bbox 2079 3133 2426 3204; x_wconf 40' lang='grc' dir='ltr'>,βουλόμενον</span> <span class='ocrx_word' id='word_1_509' title='bbox 2459 3149 2475 3164; x_wconf 78' lang='grc'><strong>⁸</strong></span> <span class='ocrx_word' id='word_1_510' title='bbox 2511 3135 2571 3189; x_wconf 81' lang='grc' dir='ltr'><strong>τὸ</strong></span> <span class='ocrx_word' id='word_1_511' title='bbox 2615 3136 2672 3190; x_wconf 86' lang='grc' dir='ltr'>δὲ</span> <span class='ocrx_word' id='word_1_512' title='bbox 2702 3135 2807 3192; x_wconf 86' lang='grc' dir='ltr'><strong>τῶν</strong></span> <span class='ocrx_word' id='word_1_513' title='bbox 2833 3137 3097 3210; x_wconf 82' lang='grc' dir='ltr'>ὀμμάτων</span> <span class='ocrx_word' id='word_1_514' title='bbox 3127 3137 3375 3208; x_wconf 75' lang='grc' dir='ltr'>ὑπῆρχεν</span> <span class='ocrx_word' id='word_1_515' title='bbox 3406 3139 3439 3206; x_wconf 85' lang='grc' dir='ltr'>ἡ</span> <span class='ocrx_word' id='word_1_516' title='bbox 3471 3136 3694 3206; x_wconf 82' lang='grc' dir='ltr'>τύφλω-</span> 
     </span>
    </p>
   </div>
   <div class='ocr_carea' id='block_1_78' title="bbox 2106 3225 3792 3300">
    <p class='ocr_par' dir='ltr' id='par_1_78' title="bbox 2106 3225 3792 3300">
     <span class='ocr_line' id='line_1_79' title="bbox 2106 3225 3792 3300; baseline 0.013 -22"><span class='ocrx_word' id='word_1_517' title='bbox 2106 3241 2209 3290; x_wconf 84' lang='grc' dir='ltr'>σις,</span> <span class='ocrx_word' id='word_1_518' title='bbox 2256 3225 2359 3280; x_wconf 84' lang='grc' dir='ltr'>οὐκ</span> <span class='ocrx_word' id='word_1_519' title='bbox 2387 3225 2640 3298; x_wconf 82' lang='grc' dir='ltr'>ἀσθενείᾳ</span> <span class='ocrx_word' id='word_1_520' title='bbox 2673 3228 2941 3299; x_wconf 80' lang='grc' dir='ltr'>γενομένη</span> <span class='ocrx_word' id='word_1_521' title='bbox 2985 3228 3083 3300; x_wconf 78' lang='grc' dir='ltr'>τῆς</span> <span class='ocrx_word' id='word_1_522' title='bbox 3115 3227 3353 3297; x_wconf 84' lang='grc' dir='ltr'>φύσεως.</span> <span class='ocrx_word' id='word_1_523' title='bbox 3391 3226 3510 3282; x_wconf 83' lang='grc' dir='ltr'>ἀλλ’</span> <span class='ocrx_word' id='word_1_524' title='bbox 3537 3229 3696 3300; x_wconf 74' lang='grc' dir='ltr'>ἐνερ·</span> <span class='ocrx_word' id='word_1_525' title='bbox 3781 3252 3792 3261; x_wconf 92' lang='grc'><em>’</em></span> 
     </span>
    </p>
   </div>
   <div class='ocr_carea' id='block_1_79' title="bbox 2103 3316 3694 3390">
    <p class='ocr_par' dir='ltr' id='par_1_79' title="bbox 2103 3316 3694 3390">
     <span class='ocr_line' id='line_1_80' title="bbox 2103 3316 3694 3390; baseline 0.003 -20"><span class='ocrx_word' id='word_1_526' title='bbox 2103 3317 2228 3388; x_wconf 71' lang='grc' dir='ltr'>γεία</span> <span class='ocrx_word' id='word_1_527' title='bbox 2259 3316 2640 3388; x_wconf 76' lang='grc' dir='ltr'>σχεδιαῖσθεῖσα</span> <span class='ocrx_word' id='word_1_528' title='bbox 2661 3319 2757 3373; x_wconf 79' lang='grc' dir='ltr'><strong>τού</strong></span> <span class='ocrx_word' id='word_1_529' title='bbox 2782 3320 3060 3390; x_wconf 87' lang='grc' dir='ltr'>δαίμονος,</span> <span class='ocrx_word' id='word_1_530' title='bbox 3087 3321 3188 3374; x_wconf 84' lang='grc' dir='ltr'><strong>οὑκ</strong></span> <span class='ocrx_word' id='word_1_531' title='bbox 3215 3321 3282 3374; x_wconf 82' lang='grc' dir='ltr'>ὲκ</span> <span class='ocrx_word' id='word_1_532' title='bbox 3305 3321 3461 3374; x_wconf 87' lang='grc' dir='ltr'>νόσου</span> <span class='ocrx_word' id='word_1_533' title='bbox 3495 3337 3694 3390; x_wconf 78' lang='grc' dir='ltr'>σωμα-</span> 
     </span>
    </p>
   </div>
   <div class='ocr_carea' id='block_1_80' title="bbox 2104 3408 3696 3484">
    <p class='ocr_par' dir='ltr' id='par_1_80' title="bbox 2104 3408 3696 3484">
     <span class='ocr_line' id='line_1_81' title="bbox 2104 3408 3696 3484; baseline 0.001 -21"><span class='ocrx_word' id='word_1_534' title='bbox 2104 3408 2262 3478; x_wconf 80' lang='grc' dir='ltr'>τικῆς</span> <span class='ocrx_word' id='word_1_535' title='bbox 2305 3409 2748 3483; x_wconf 79' lang='grc' dir='ltr'>ὲπεισφρήσασα,</span> <span class='ocrx_word' id='word_1_536' title='bbox 2781 3411 2896 3466; x_wconf 86' lang='grc' dir='ltr'>ἀλλ’</span> <span class='ocrx_word' id='word_1_537' title='bbox 2936 3413 2996 3480; x_wconf 75' lang='grc' dir='ltr'>ἐξ</span> <span class='ocrx_word' id='word_1_538' title='bbox 3025 3411 3350 3484; x_wconf 86' lang='grc' dir='ltr'>ἀγριότητος</span> <span class='ocrx_word' id='word_1_539' title='bbox 3377 3411 3696 3482; x_wconf 82' lang='grc' dir='ltr'>πνεύματος</span> 
     </span>
    </p>
   </div>
   <div class='ocr_carea' id='block_1_81' title="bbox 2106 3499 3692 3575">
    <p class='ocr_par' dir='ltr' id='par_1_81' title="bbox 2106 3499 3692 3575">
     <span class='ocr_line' id='line_1_82' title="bbox 2106 3499 3692 3575; baseline 0.002 -22"><span class='ocrx_word' id='word_1_540' title='bbox 2106 3500 2462 3571; x_wconf 75' lang='grc' dir='ltr'>ἑνδημήσασα</span> <span class='ocrx_word' id='word_1_541' title='bbox 2495 3519 2508 3531; x_wconf 91' lang='grc'><strong>·</strong></span> <span class='ocrx_word' id='word_1_542' title='bbox 2538 3501 2680 3557; x_wconf 76' lang='grc' dir='ltr'>οὕτω</span> <span class='ocrx_word' id='word_1_543' title='bbox 2706 3503 2940 3574; x_wconf 76' lang='grc' dir='ltr'>πονηρὸν</span> <span class='ocrx_word' id='word_1_544' title='bbox 2969 3499 3038 3575; x_wconf 71' lang='grc' dir='ltr'><strong>ἦν</strong></span> <span class='ocrx_word' id='word_1_545' title='bbox 3069 3503 3128 3557; x_wconf 75' lang='grc' dir='ltr'>τὸ</span> <span class='ocrx_word' id='word_1_546' title='bbox 3153 3503 3457 3575; x_wconf 84' lang='grc' dir='ltr'>δαιμόνιον,</span> <span class='ocrx_word' id='word_1_547' title='bbox 3499 3503 3596 3558; x_wconf 72' lang='grc' dir='ltr'>καὶ</span> <span class='ocrx_word' id='word_1_548' title='bbox 3623 3501 3692 3556; x_wconf 77' lang='grc' dir='ltr'>δι’</span> 
     </span>
    </p>
   </div>
   <div class='ocr_carea' id='block_1_82' title="bbox 2104 3591 3690 3668">
    <p class='ocr_par' dir='ltr' id='par_1_82' title="bbox 2104 3591 3690 3668">
     <span class='ocr_line' id='line_1_83' title="bbox 2104 3591 3690 3668; baseline 0.002 -24"><span class='ocrx_word' id='word_1_549' title='bbox 2104 3591 2412 3663; x_wconf 76' lang='grc' dir='ltr'>ὑπερϐολὴν</span> <span class='ocrx_word' id='word_1_550' title='bbox 2433 3592 2632 3666; x_wconf 90' lang='grc' dir='ltr'>λύττης</span> <span class='ocrx_word' id='word_1_551' title='bbox 2670 3593 3078 3668; x_wconf 86' lang='grc' dir='ltr'>μισάνθρωπον.</span> <span class='ocrx_word' id='word_1_552' title='bbox 3119 3594 3260 3648; x_wconf 85' lang='grc' dir='ltr'>Ἀλλ’</span> <span class='ocrx_word' id='word_1_553' title='bbox 3289 3595 3346 3648; x_wconf 82' lang='grc' dir='ltr'><strong>ὲν</strong></span> <span class='ocrx_word' id='word_1_554' title='bbox 3377 3593 3590 3658; x_wconf 88' lang='grc' dir='ltr'>τούτοις</span> <span class='ocrx_word' id='word_1_555' title='bbox 3612 3594 3690 3664; x_wconf 75' lang='grc' dir='ltr'><strong>τῷ</strong></span> 
     </span>
    </p>
   </div>
   <div class='ocr_carea' id='block_1_83' title="bbox 2105 3681 3691 3759">
    <p class='ocr_par' dir='ltr' id='par_1_83' title="bbox 2105 3681 3691 3759">
     <span class='ocr_line' id='line_1_84' title="bbox 2105 3681 3691 3759; baseline -0.001 -23"><span class='ocrx_word' id='word_1_556' title='bbox 2105 3681 2364 3754; x_wconf 86' lang='grc' dir='ltr'>Θεοδώρῳ</span> <span class='ocrx_word' id='word_1_557' title='bbox 2397 3686 2740 3756; x_wconf 87' lang='grc' dir='ltr'>τυγχάνοντι,</span> <span class='ocrx_word' id='word_1_558' title='bbox 2777 3687 2870 3741; x_wconf 77' lang='grc' dir='ltr'>καὶ</span> <span class='ocrx_word' id='word_1_559' title='bbox 2909 3685 3076 3756; x_wconf 77' lang='grc' dir='ltr'>μηδὲν</span> <span class='ocrx_word' id='word_1_560' title='bbox 3102 3685 3445 3759; x_wconf 80' lang='grc' dir='ltr'>σωτηριῶδες</span> <span class='ocrx_word' id='word_1_561' title='bbox 3475 3685 3566 3738; x_wconf 78' lang='grc' dir='ltr'><strong>διά</strong></span> <span class='ocrx_word' id='word_1_562' title='bbox 3598 3685 3691 3736; x_wconf 74' lang='grc' dir='ltr'><strong>τον</strong></span> 
     </span>
    </p>
   </div>
   <div class='ocr_carea' id='block_1_84' title="bbox 2104 3773 3690 3848">
    <p class='ocr_par' dir='ltr' id='par_1_84' title="bbox 2104 3773 3690 3848">
     <span class='ocr_line' id='line_1_85' title="bbox 2104 3773 3690 3848; baseline 0.001 -21"><span class='ocrx_word' id='word_1_563' title='bbox 2104 3773 2296 3846; x_wconf 80' lang='grc' dir='ltr'>χρόνον</span> <span class='ocrx_word' id='word_1_564' title='bbox 2321 3774 2616 3842; x_wconf 77' lang='grc' dir='ltr'>ἐλπίζοντι,</span> <span class='ocrx_word' id='word_1_565' title='bbox 2649 3777 2680 3848; x_wconf 77' lang='grc' dir='ltr'>ἢ</span> <span class='ocrx_word' id='word_1_566' title='bbox 2711 3777 2939 3831; x_wconf 74' lang='grc' dir='ltr'>τουτωνὶ</span> <span class='ocrx_word' id='word_1_567' title='bbox 2965 3775 3074 3831; x_wconf 85' lang='grc' dir='ltr'><strong>τῶν</strong></span> <span class='ocrx_word' id='word_1_568' title='bbox 3101 3777 3291 3832; x_wconf 85' lang='grc' dir='ltr'>παθῶν</span> <span class='ocrx_word' id='word_1_569' title='bbox 3318 3776 3690 3848; x_wconf 77' lang='grc' dir='ltr'>προσδοκῶντι</span> 
     </span>
    </p>
   </div>
   <div class='ocr_carea' id='block_1_85' title="bbox 2105 3865 3690 3940">
    <p class='ocr_par' dir='ltr' id='par_1_85' title="bbox 2105 3865 3690 3940">
     <span class='ocr_line' id='line_1_86' title="bbox 2105 3865 3690 3940; baseline 0.003 -24"><span class='ocrx_word' id='word_1_570' title='bbox 2105 3866 2298 3932; x_wconf 75' lang='grc' dir='ltr'>φυγεῖν</span> <span class='ocrx_word' id='word_1_571' title='bbox 2323 3865 2430 3936; x_wconf 83' lang='grc' dir='ltr'>πρὸ</span> <span class='ocrx_word' id='word_1_572' title='bbox 2457 3865 2558 3937; x_wconf 81' lang='grc' dir='ltr'>τῆς</span> <span class='ocrx_word' id='word_1_573' title='bbox 2585 3868 2652 3920; x_wconf 83' lang='grc' dir='ltr'>ἐκ</span> <span class='ocrx_word' id='word_1_574' title='bbox 2685 3865 2916 3922; x_wconf 87' lang='grc' dir='ltr'>θανάτου</span> <span class='ocrx_word' id='word_1_575' title='bbox 2942 3867 3286 3940; x_wconf 79' lang='grc' dir='ltr'><strong>λυτρὼσεως⁸</strong></span> <span class='ocrx_word' id='word_1_576' title='bbox 3317 3867 3548 3930; x_wconf 80' lang='grc' dir='ltr'>θάνατος</span> <span class='ocrx_word' id='word_1_577' title='bbox 3579 3869 3690 3939; x_wconf 77' lang='grc' dir='ltr'><strong>γάρ</strong></span> 
     </span>
    </p>
   </div>
   <div class='ocr_carea' id='block_1_86' title="bbox 2102 3951 3690 4029">
    <p class='ocr_par' dir='ltr' id='par_1_86' title="bbox 2102 3951 3690 4029">
     <span class='ocr_line' id='line_1_87' title="bbox 2102 3951 3690 4029; baseline 0.004 -23"><span class='ocrx_word' id='word_1_578' title='bbox 2102 3951 2274 4018; x_wconf 74' lang='grc' dir='ltr'>ὅντως</span> <span class='ocrx_word' id='word_1_579' title='bbox 2318 3956 2477 4027; x_wconf 75' lang='grc' dir='ltr'>ἀνδρὶ</span> <span class='ocrx_word' id='word_1_580' title='bbox 2543 3956 2876 4022; x_wconf 85' lang='grc' dir='ltr'>ἀνάπαυσις,</span> <span class='ocrx_word' id='word_1_581' title='bbox 2913 3957 2988 4022; x_wconf 84' lang='grc' dir='ltr'><strong>ὡς</strong></span> <span class='ocrx_word' id='word_1_582' title='bbox 3020 3959 3048 4012; x_wconf 84' lang='grc' dir='ltr'>ὀ</span> <span class='ocrx_word' id='word_1_583' title='bbox 3085 3958 3456 4029; x_wconf 78' lang='grc' dir='ltr'>φιλοσοφήσας</span> <span class='ocrx_word' id='word_1_584' title='bbox 3493 3959 3554 4010; x_wconf 81' lang='grc' dir='ltr'>ἐν</span> <span class='ocrx_word' id='word_1_585' title='bbox 3581 3959 3690 4013; x_wconf 79' lang='grc' dir='ltr'>πά-</span> 
     </span>
    </p>
   </div>
   <div class='ocr_carea' id='block_1_87' title="bbox 2105 4042 3689 4119">
    <p class='ocr_par' dir='ltr' id='par_1_87' title="bbox 2105 4042 3689 4119">
     <span class='ocr_line' id='line_1_88' title="bbox 2105 4042 3689 4119; baseline 0.002 -22"><span class='ocrx_word' id='word_1_586' title='bbox 2105 4042 2252 4098; x_wconf 88' lang='grc' dir='ltr'>θεσιν</span> <span class='ocrx_word' id='word_1_587' title='bbox 2295 4044 2414 4098; x_wconf 83' lang='grc' dir='ltr'><strong>Ἰὼϐ</strong></span> <span class='ocrx_word' id='word_1_588' title='bbox 2444 4046 2844 4116; x_wconf 72' lang='grc' dir='ltr'>ἀπεφθέγξατο,</span> <span class='ocrx_word' id='word_1_589' title='bbox 2883 4049 3061 4102; x_wconf 75' lang='grc' dir='ltr'>πᾶσαν</span> <span class='ocrx_word' id='word_1_590' title='bbox 3093 4049 3334 4119; x_wconf 85' lang='grc' dir='ltr'>ἀναιρῶν</span> <span class='ocrx_word' id='word_1_591' title='bbox 3383 4047 3482 4118; x_wconf 76' lang='grc' dir='ltr'>τὴν</span> <span class='ocrx_word' id='word_1_592' title='bbox 3506 4048 3566 4101; x_wconf 84' lang='grc' dir='ltr'>ὲν</span> <span class='ocrx_word' id='word_1_593' title='bbox 3589 4046 3689 4117; x_wconf 82' lang='grc' dir='ltr'><strong>βίῳ</strong></span> 
     </span>
    </p>
   </div>
   <div class='ocr_carea' id='block_1_88' title="bbox 2100 4133 3689 4209">
    <p class='ocr_par' dir='ltr' id='par_1_88' title="bbox 2100 4133 3689 4209">
     <span class='ocr_line' id='line_1_89' title="bbox 2100 4133 3689 4209; baseline 0.001 -21"><span class='ocrx_word' id='word_1_594' title='bbox 2100 4133 2440 4207; x_wconf 67' lang='grc' dir='ltr'>δυσχέρειάν,</span> <span class='ocrx_word' id='word_1_595' title='bbox 2488 4137 2582 4189; x_wconf 73' lang='grc' dir='ltr'>καὶ</span> <span class='ocrx_word' id='word_1_596' title='bbox 2617 4138 2718 4208; x_wconf 83' lang='grc' dir='ltr'>τῆς</span> <span class='ocrx_word' id='word_1_597' title='bbox 2759 4137 3042 4208; x_wconf 81' lang='grc' dir='ltr'>παρούσης</span> <span class='ocrx_word' id='word_1_598' title='bbox 3087 4137 3236 4209; x_wconf 81' lang='grc' dir='ltr'>ζωῆς</span> <span class='ocrx_word' id='word_1_599' title='bbox 3267 4137 3328 4190; x_wconf 85' lang='grc' dir='ltr'>τὸ</span> <span class='ocrx_word' id='word_1_600' title='bbox 3373 4137 3689 4200; x_wconf 78' lang='grc' dir='ltr'>πολυπαθὲς</span> 
     </span>
    </p>
   </div>
   <div class='ocr_carea' id='block_1_89' title="bbox 2101 4224 3687 4298">
    <p class='ocr_par' dir='ltr' id='par_1_89' title="bbox 2101 4224 3687 4298">
     <span class='ocr_line' id='line_1_90' title="bbox 2101 4224 3687 4298; baseline 0.002 -19"><span class='ocrx_word' id='word_1_601' title='bbox 2101 4224 2196 4279; x_wconf 76' lang='grc' dir='ltr'>καὶ</span> <span class='ocrx_word' id='word_1_602' title='bbox 2247 4225 2586 4296; x_wconf 81' lang='grc' dir='ltr'>πολύμοχθον</span> <span class='ocrx_word' id='word_1_603' title='bbox 2615 4242 2630 4256; x_wconf 89' lang='grc'><strong>·</strong></span> <span class='ocrx_word' id='word_1_604' title='bbox 2682 4227 2866 4298; x_wconf 80' lang='grc' dir='ltr'>Κύρος</span> <span class='ocrx_word' id='word_1_605' title='bbox 2916 4227 3013 4280; x_wconf 73' lang='grc' dir='ltr'>καὶ</span> <span class='ocrx_word' id='word_1_606' title='bbox 3067 4225 3320 4298; x_wconf 81' lang='grc' dir='ltr'>Ἰωάννης</span> <span class='ocrx_word' id='word_1_607' title='bbox 3359 4225 3687 4296; x_wconf 74' lang='grc' dir='ltr'>ἠγγέλλοντο</span> 
     </span>
    </p>
   </div>
   <div class='ocr_carea' id='block_1_90' title="bbox 2101 4315 3686 4390">
    <p class='ocr_par' dir='ltr' id='par_1_90' title="bbox 2101 4315 3686 4390">
     <span class='ocr_line' id='line_1_91' title="bbox 2101 4315 3686 4390; baseline 0.001 -20"><span class='ocrx_word' id='word_1_608' title='bbox 2101 4315 2372 4387; x_wconf 88' lang='grc' dir='ltr'>δαιμόνων</span> <span class='ocrx_word' id='word_1_609' title='bbox 2403 4318 2593 4372; x_wconf 79' lang='grc' dir='ltr'>ὲλαταὶ</span> <span class='ocrx_word' id='word_1_610' title='bbox 2615 4317 2960 4390; x_wconf 86' lang='grc' dir='ltr'>θεοδὼρητοι,</span> <span class='ocrx_word' id='word_1_611' title='bbox 2999 4318 3098 4373; x_wconf 75' lang='grc' dir='ltr'>καὶ</span> <span class='ocrx_word' id='word_1_612' title='bbox 3140 4317 3328 4374; x_wconf 85' lang='grc' dir='ltr'>παθῶν</span> <span class='ocrx_word' id='word_1_613' title='bbox 3355 4319 3686 4388; x_wconf 75' lang='grc' dir='ltr'>σωματικῶν</span> 
     </span>
    </p>
   </div>
   <div class='ocr_carea' id='block_1_91' title="bbox 417 4409 2016 4484">
    <p class='ocr_par' dir='ltr' id='par_1_91' title="bbox 417 4411 1998 4484">
     <span class='ocr_line' id='line_1_92' title="bbox 417 4411 1998 4484; baseline 0.003 -18"><span class='ocrx_word' id='word_1_614' title='bbox 417 4411 796 4482; x_wconf 87' lang='lat' dir='ltr'><strong>corporalium</strong></span> <span class='ocrx_word' id='word_1_615' title='bbox 834 4413 948 4469; x_wconf 90' lang='lat' dir='ltr'><strong>veri</strong></span> <span class='ocrx_word' id='word_1_616' title='bbox 999 4413 1450 4484; x_wconf 87' lang='lat' dir='ltr'><strong>propulsatores;</strong></span> <span class='ocrx_word' id='word_1_617' title='bbox 1487 4421 1543 4470; x_wconf 84' lang='lat' dir='ltr'><strong>et</strong></span> <span class='ocrx_word' id='word_1_618' title='bbox 1594 4413 1826 4471; x_wconf 86' lang='lat' dir='ltr'><strong>credens</strong></span> <span class='ocrx_word' id='word_1_619' title='bbox 1885 4413 1998 4470; x_wconf 89' lang='lat' dir='ltr'><strong>Deo</strong></span> 
     </span>
    </p>
   </div>
   <div class='ocr_carea' id='block_1_92' title="bbox 2106 4409 3688 4484">
    <p class='ocr_par' dir='ltr' id='par_1_92' title="bbox 2106 4409 3688 4482">
     <span class='ocr_line' id='line_1_93' title="bbox 2106 4409 3688 4482; baseline 0.002 -19"><span class='ocrx_word' id='word_1_620' title='bbox 2106 4409 2323 4480; x_wconf 80' lang='grc' dir='ltr'>ἀληθεῖς</span> <span class='ocrx_word' id='word_1_621' title='bbox 2367 4409 2682 4476; x_wconf 81' lang='grc' dir='ltr'>ἀλεξίκακοι</span> <span class='ocrx_word' id='word_1_622' title='bbox 2712 4426 2730 4440; x_wconf 83' lang='lat'><strong><em>°</em></strong></span> <span class='ocrx_word' id='word_1_623' title='bbox 2772 4412 2867 4464; x_wconf 73' lang='grc' dir='ltr'>καὶ</span> <span class='ocrx_word' id='word_1_624' title='bbox 2915 4411 3214 4476; x_wconf 75' lang='grc' dir='ltr'>πιστεύσας</span> <span class='ocrx_word' id='word_1_625' title='bbox 3266 4410 3387 4482; x_wconf 85' lang='grc' dir='ltr'>Θεῷ</span> <span class='ocrx_word' id='word_1_626' title='bbox 3435 4413 3532 4466; x_wconf 76' lang='grc' dir='ltr'><strong>καὶ</strong></span> <span class='ocrx_word' id='word_1_627' title='bbox 3575 4416 3688 4476; x_wconf 72' lang='grc' dir='ltr'>τοῖς</span> 
     </span>
    </p>
   </div>
   <div class='ocr_carea' id='block_1_93' title="bbox 415 4502 1998 4574">
    <p class='ocr_par' dir='ltr' id='par_1_93' title="bbox 415 4502 1998 4574">
     <span class='ocr_line' id='line_1_94' title="bbox 415 4502 1998 4574; baseline 0.003 -16"><span class='ocrx_word' id='word_1_628' title='bbox 415 4507 477 4558; x_wconf 84' lang='lat' dir='ltr'><strong>et</strong></span> <span class='ocrx_word' id='word_1_629' title='bbox 503 4502 840 4574; x_wconf 83' lang='lat' dir='ltr'><strong>martyribus</strong></span> <span class='ocrx_word' id='word_1_630' title='bbox 876 4503 1268 4562; x_wconf 82' lang='lat' dir='ltr'><strong>Alexandriam</strong></span> <span class='ocrx_word' id='word_1_631' title='bbox 1297 4505 1472 4572; x_wconf 86' lang='lat' dir='ltr'><strong>venit,</strong></span> <span class='ocrx_word' id='word_1_632' title='bbox 1502 4514 1556 4560; x_wconf 91' lang='lat' dir='ltr'><strong>et</strong></span> <span class='ocrx_word' id='word_1_633' title='bbox 1587 4504 1654 4561; x_wconf 89' lang='lat' dir='ltr'><strong>ad</strong></span> <span class='ocrx_word' id='word_1_634' title='bbox 1680 4515 1998 4562; x_wconf 86' lang='lat' dir='ltr'><strong>sanctorum</strong></span> 
     </span>
    </p>
   </div>
   <div class='ocr_carea' id='block_1_94' title="bbox 421 4595 1998 4669">
    <p class='ocr_par' dir='ltr' id='par_1_94' title="bbox 421 4595 1998 4669">
     <span class='ocr_line' id='line_1_95' title="bbox 421 4595 1998 4669; baseline 0.003 -20"><span class='ocrx_word' id='word_1_635' title='bbox 421 4597 674 4667; x_wconf 86' lang='lat' dir='ltr'><strong>pervenit</strong></span> <span class='ocrx_word' id='word_1_636' title='bbox 700 4595 1016 4663; x_wconf 88' lang='lat' dir='ltr'><strong>ecclesiam,</strong></span> <span class='ocrx_word' id='word_1_637' title='bbox 1049 4612 1110 4652; x_wconf 87' lang='lat' dir='ltr'><strong>re</strong></span> <span class='ocrx_word' id='word_1_638' title='bbox 1153 4597 1484 4654; x_wconf 84' lang='lat' dir='ltr'><strong>denuntians</strong></span> <span class='ocrx_word' id='word_1_639' title='bbox 1526 4595 1650 4653; x_wconf 83' lang='lat' dir='ltr'><strong>fidei</strong></span> <span class='ocrx_word' id='word_1_640' title='bbox 1689 4613 1817 4669; x_wconf 78' lang='lat' dir='ltr'><strong>erga</strong></span> <span class='ocrx_word' id='word_1_641' title='bbox 1847 4597 1998 4654; x_wconf 91' lang='lat' dir='ltr'><strong>illum</strong></span> 
     </span>
    </p>
   </div>
   <div class='ocr_carea' id='block_1_95' title="bbox 420 4687 2002 4760">
    <p class='ocr_par' dir='ltr' id='par_1_95' title="bbox 420 4687 2002 4760">
     <span class='ocr_line' id='line_1_96' title="bbox 420 4687 2002 4760; baseline 0.001 -16"><span class='ocrx_word' id='word_1_642' title='bbox 420 4687 883 4746; x_wconf 84' lang='lat' dir='ltr'><strong>immobilitatem;</strong></span> <span class='ocrx_word' id='word_1_643' title='bbox 903 4689 1070 4754; x_wconf 81' lang='lat' dir='ltr'><strong>Quem</strong></span> <span class='ocrx_word' id='word_1_644' title='bbox 1091 4688 1300 4742; x_wconf 88' lang='lat' dir='ltr'><strong>Christi</strong></span> <span class='ocrx_word' id='word_1_645' title='bbox 1323 4689 1690 4760; x_wconf 88' lang='lat' dir='ltr'><strong>suscipientes</strong></span> <span class='ocrx_word' id='word_1_646' title='bbox 1703 4688 1914 4756; x_wconf 87' lang='lat' dir='ltr'><strong>famuli,</strong></span> <span class='ocrx_word' id='word_1_647' title='bbox 1946 4697 2002 4745; x_wconf 87' lang='lat' dir='ltr'><strong>et</strong></span> 
     </span>
    </p>
   </div>
   <div class='ocr_carea' id='block_1_96' title="bbox 423 4777 1998 4850">
    <p class='ocr_par' dir='ltr' id='par_1_96' title="bbox 423 4777 1998 4850">
     <span class='ocr_line' id='line_1_97' title="bbox 423 4777 1998 4850; baseline 0.004 -18"><span class='ocrx_word' id='word_1_648' title='bbox 423 4794 455 4832; x_wconf 90' lang='lat' dir='ltr'><strong>a</strong></span> <span class='ocrx_word' id='word_1_649' title='bbox 481 4778 641 4835; x_wconf 88' lang='lat' dir='ltr'><strong>malis</strong></span> <span class='ocrx_word' id='word_1_650' title='bbox 685 4779 888 4850; x_wconf 87' lang='lat' dir='ltr'><strong>quibus</strong></span> <span class='ocrx_word' id='word_1_651' title='bbox 919 4777 1257 4834; x_wconf 72' lang='lat' dir='ltr'><strong>afﬁciebatur</strong></span> <span class='ocrx_word' id='word_1_652' title='bbox 1287 4779 1613 4849; x_wconf 87' lang='lat' dir='ltr'><strong>liberarunt,</strong></span> <span class='ocrx_word' id='word_1_653' title='bbox 1641 4791 1696 4838; x_wconf 90' lang='lat' dir='ltr'><strong>et</strong></span> <span class='ocrx_word' id='word_1_654' title='bbox 1727 4783 1852 4838; x_wconf 78' lang='lat' dir='ltr'><strong>vita:</strong></span> <span class='ocrx_word' id='word_1_655' title='bbox 1887 4781 1998 4839; x_wconf 89' lang='lat' dir='ltr'><strong>Deo</strong></span> 
     </span>
    </p>
   </div>
   <div class='ocr_carea' id='block_1_97' title="bbox 419 4867 1439 4940">
    <p class='ocr_par' dir='ltr' id='par_1_97' title="bbox 419 4867 1439 4940">
     <span class='ocr_line' id='line_1_98' title="bbox 419 4867 1439 4940; baseline 0.001 -16"><span class='ocrx_word' id='word_1_656' title='bbox 419 4869 676 4924; x_wconf 84' lang='lat' dir='ltr'><strong>amabilis</strong></span> <span class='ocrx_word' id='word_1_657' title='bbox 699 4867 1014 4940; x_wconf 88' lang='lat' dir='ltr'><strong>operarium</strong></span> <span class='ocrx_word' id='word_1_658' title='bbox 1063 4868 1439 4925; x_wconf 86' lang='lat' dir='ltr'><strong>reddiderunt.</strong></span> 
     </span>
    </p>
   </div>
   <div class='ocr_carea' id='block_1_98' title="bbox 496 4959 2000 5040">
    <p class='ocr_par' dir='ltr' id='par_1_98' title="bbox 496 4959 2000 5040">
     <span class='ocr_line' id='line_1_99' title="bbox 496 4959 2000 5040; baseline 0.005 -28"><span class='ocrx_word' id='word_1_659' title='bbox 496 4961 833 5030; x_wconf 83' lang='lat' dir='ltr'><strong>Apparentes</strong></span> <span class='ocrx_word' id='word_1_660' title='bbox 851 4959 997 5016; x_wconf 90' lang='lat' dir='ltr'><strong>enim</strong></span> <span class='ocrx_word' id='word_1_661' title='bbox 1025 4960 1078 5016; x_wconf 88' lang='lat' dir='ltr'><strong>ei</strong></span> <span class='ocrx_word' id='word_1_662' title='bbox 1109 4975 1218 5015; x_wconf 90' lang='lat' dir='ltr'><strong>non</strong></span> <span class='ocrx_word' id='word_1_663' title='bbox 1246 4961 1418 5015; x_wconf 90' lang='lat' dir='ltr'><strong>multo</strong></span> <span class='ocrx_word' id='word_1_664' title='bbox 1437 4971 1558 5029; x_wconf 93' lang='lat' dir='ltr'><strong>post</strong></span> <span class='ocrx_word' id='word_1_665' title='bbox 1587 4963 1672 5017; x_wconf 91' lang='lat' dir='ltr'><strong>sui</strong></span> <span class='ocrx_word' id='word_1_666' title='bbox 1705 4963 2000 5040; x_wconf 83' lang='lat' dir='ltr'><strong>adventum</strong></span> 
     </span>
    </p>
   </div>
   <div class='ocr_carea' id='block_1_99' title="bbox 422 5048 2001 5126">
    <p class='ocr_par' dir='ltr' id='par_1_99' title="bbox 422 5048 2001 5126">
     <span class='ocr_line' id='line_1_100' title="bbox 422 5048 2001 5126; baseline 0.004 -20"><span class='ocrx_word' id='word_1_667' title='bbox 422 5064 535 5108; x_wconf 84' lang='lat' dir='ltr'><strong>non</strong></span> <span class='ocrx_word' id='word_1_668' title='bbox 587 5050 863 5122; x_wconf 72' lang='lat' dir='ltr'><strong>vigilanti,</strong></span> <span class='ocrx_word' id='word_1_669' title='bbox 897 5048 996 5108; x_wconf 89' lang='lat' dir='ltr'><strong>sed</strong></span> <span class='ocrx_word' id='word_1_670' title='bbox 1047 5066 1215 5122; x_wconf 83' lang='lat' dir='ltr'><strong>super</strong></span> <span class='ocrx_word' id='word_1_671' title='bbox 1243 5059 1420 5108; x_wconf 89' lang='lat' dir='ltr'><strong>strata</strong></span> <span class='ocrx_word' id='word_1_672' title='bbox 1479 5053 1794 5120; x_wconf 88' lang='lat' dir='ltr'><strong>dormienti,</strong></span> <span class='ocrx_word' id='word_1_673' title='bbox 1841 5066 2001 5126; x_wconf 88' lang='lat' dir='ltr'><strong>pacta</strong></span> 
     </span>
    </p>
   </div>
   <div class='ocr_carea' id='block_1_100' title="bbox 421 5141 1998 5215">
    <p class='ocr_par' dir='ltr' id='par_1_100' title="bbox 421 5141 1998 5215">
     <span class='ocr_line' id='line_1_101' title="bbox 421 5141 1998 5215; baseline 0.002 -19"><span class='ocrx_word' id='word_1_674' title='bbox 421 5155 550 5196; x_wconf 88' lang='lat' dir='ltr'><strong>cum</strong></span> <span class='ocrx_word' id='word_1_675' title='bbox 583 5155 646 5196; x_wconf 89' lang='lat' dir='ltr'><strong>eo</strong></span> <span class='ocrx_word' id='word_1_676' title='bbox 677 5149 731 5196; x_wconf 92' lang='lat' dir='ltr'><strong>et</strong></span> <span class='ocrx_word' id='word_1_677' title='bbox 780 5141 1060 5210; x_wconf 85' lang='lat' dir='ltr'><strong>jussiones</strong></span> <span class='ocrx_word' id='word_1_678' title='bbox 1095 5141 1356 5208; x_wconf 88' lang='lat' dir='ltr'><strong>inierunt,</strong></span> <span class='ocrx_word' id='word_1_679' title='bbox 1394 5151 1450 5198; x_wconf 92' lang='lat' dir='ltr'><strong>et</strong></span> <span class='ocrx_word' id='word_1_680' title='bbox 1479 5143 1562 5198; x_wconf 90' lang='lat' dir='ltr'><strong>sic</strong></span> <span class='ocrx_word' id='word_1_681' title='bbox 1611 5159 1735 5199; x_wconf 88' lang='lat' dir='ltr'><strong>eum</strong></span> <span class='ocrx_word' id='word_1_682' title='bbox 1771 5145 1998 5215; x_wconf 75' lang='lat' dir='ltr'><strong>dignum</strong></span> 
     </span>
    </p>
   </div>
   <div class='ocr_carea' id='block_1_101' title="bbox 423 5231 2006 5308">
    <p class='ocr_par' dir='ltr' id='par_1_101' title="bbox 423 5231 2006 5308">
     <span class='ocr_line' id='line_1_102' title="bbox 423 5231 2006 5308; baseline 0.003 -20"><span class='ocrx_word' id='word_1_683' title='bbox 423 5231 636 5288; x_wconf 89' lang='lat' dir='ltr'><strong>faciunt</strong></span> <span class='ocrx_word' id='word_1_684' title='bbox 667 5232 978 5288; x_wconf 84' lang='lat' dir='ltr'><strong>valetudine</strong></span> <span class='ocrx_word' id='word_1_685' title='bbox 1011 5251 1026 5301; x_wconf 86' lang='lat'><strong>;</strong></span> <span class='ocrx_word' id='word_1_686' title='bbox 1067 5242 1226 5302; x_wconf 87' lang='lat' dir='ltr'><strong>pacta</strong></span> <span class='ocrx_word' id='word_1_687' title='bbox 1269 5241 1449 5290; x_wconf 91' lang='lat' dir='ltr'><strong>autem</strong></span> <span class='ocrx_word' id='word_1_688' title='bbox 1506 5243 1560 5290; x_wconf 91' lang='lat' dir='ltr'><strong>et</strong></span> <span class='ocrx_word' id='word_1_689' title='bbox 1593 5235 1875 5305; x_wconf 85' lang='lat' dir='ltr'><strong>jussiones</strong></span> <span class='ocrx_word' id='word_1_690' title='bbox 1909 5252 2006 5308; x_wconf 88' lang='lat' dir='ltr'><strong>per</strong></span> 
     </span>
    </p>
   </div>
   <div class='ocr_carea' id='block_1_102' title="bbox 423 5320 2005 5399">
    <p class='ocr_par' dir='ltr' id='par_1_102' title="bbox 423 5320 2005 5399">
     <span class='ocr_line' id='line_1_103' title="bbox 423 5320 2005 5399; baseline 0.004 -21"><span class='ocrx_word' id='word_1_691' title='bbox 423 5322 552 5378; x_wconf 88' lang='lat' dir='ltr'><strong>illos</strong></span> <span class='ocrx_word' id='word_1_692' title='bbox 583 5320 760 5392; x_wconf 71' lang='lat' dir='ltr'><strong>factae,</strong></span> <span class='ocrx_word' id='word_1_693' title='bbox 795 5325 1150 5382; x_wconf 83' lang='lat' dir='ltr'><strong>tumultuosae</strong></span> <span class='ocrx_word' id='word_1_694' title='bbox 1207 5325 1332 5382; x_wconf 69' lang='lat' dir='ltr'><strong>vitae</strong></span> <span class='ocrx_word' id='word_1_695' title='bbox 1391 5327 1748 5399; x_wconf 88' lang='lat' dir='ltr'><strong>requirebant</strong></span> <span class='ocrx_word' id='word_1_696' title='bbox 1786 5329 2005 5399; x_wconf 84' lang='lat' dir='ltr'><strong>deposi-</strong></span> 
     </span>
    </p>
   </div>
   <div class='ocr_carea' id='block_1_103' title="bbox 421 5418 2004 5495">
    <p class='ocr_par' dir='ltr' id='par_1_103' title="bbox 421 5418 2004 5495">
     <span class='ocr_line' id='line_1_104' title="bbox 421 5418 2004 5495; baseline 0.004 -22"><span class='ocrx_word' id='word_1_697' title='bbox 421 5418 656 5488; x_wconf 82' lang='lat' dir='ltr'><strong>tionem,</strong></span> <span class='ocrx_word' id='word_1_698' title='bbox 689 5428 744 5475; x_wconf 90' lang='lat' dir='ltr'><strong>et</strong></span> <span class='ocrx_word' id='word_1_699' title='bbox 773 5421 898 5478; x_wconf 63' lang='lat' dir='ltr'><strong>vitae</strong></span> <span class='ocrx_word' id='word_1_700' title='bbox 931 5422 1251 5478; x_wconf 79' lang='lat' dir='ltr'><strong>monasticae</strong></span> <span class='ocrx_word' id='word_1_701' title='bbox 1287 5423 1638 5495; x_wconf 86' lang='lat' dir='ltr'><strong>tranquillam</strong></span> <span class='ocrx_word' id='word_1_702' title='bbox 1696 5425 2004 5495; x_wconf 85' lang='lat' dir='ltr'><strong>susceptio-</strong></span> 
     </span>
    </p>
   </div>
   <div class='ocr_carea' id='block_1_104' title="bbox 425 5511 2003 5572">
    <p class='ocr_par' dir='ltr' id='par_1_104' title="bbox 425 5511 2003 5572">
     <span class='ocr_line' id='line_1_105' title="bbox 425 5511 2003 5572; baseline 0.003 -6"><span class='ocrx_word' id='word_1_703' title='bbox 425 5526 576 5566; x_wconf 87' lang='lat' dir='ltr'><strong>nem.</strong></span> <span class='ocrx_word' id='word_1_704' title='bbox 605 5511 730 5567; x_wconf 80' lang='lat' dir='ltr'><strong>llaec</strong></span> <span class='ocrx_word' id='word_1_705' title='bbox 751 5513 898 5568; x_wconf 88' lang='lat' dir='ltr'><strong>enim</strong></span> <span class='ocrx_word' id='word_1_706' title='bbox 949 5513 1061 5570; x_wconf 91' lang='lat' dir='ltr'><strong>illis</strong></span> <span class='ocrx_word' id='word_1_707' title='bbox 1091 5529 1122 5568; x_wconf 91' lang='lat' dir='ltr'><strong>a</strong></span> <span class='ocrx_word' id='word_1_708' title='bbox 1149 5515 1357 5572; x_wconf 89' lang='lat' dir='ltr'><strong>sanatis</strong></span> <span class='ocrx_word' id='word_1_709' title='bbox 1381 5523 1468 5571; x_wconf 85' lang='lat' dir='ltr'><strong>est</strong></span> <span class='ocrx_word' id='word_1_710' title='bbox 1493 5529 1708 5572; x_wconf 83' lang='lat' dir='ltr'><strong>merces</strong></span> <span class='ocrx_word' id='word_1_711' title='bbox 1741 5523 1824 5570; x_wconf 89' lang='lat' dir='ltr'><strong>ter</strong></span> <span class='ocrx_word' id='word_1_712' title='bbox 1854 5531 2003 5570; x_wconf 86' lang='lat' dir='ltr'><strong>ama-</strong></span> 
     </span>
    </p>
   </div>
   <div class='ocr_carea' id='block_1_105' title="bbox 426 5601 2002 5676">
    <p class='ocr_par' dir='ltr' id='par_1_105' title="bbox 426 5601 2002 5676">
     <span class='ocr_line' id='line_1_106' title="bbox 426 5601 2002 5676; baseline 0.002 -18"><span class='ocrx_word' id='word_1_713' title='bbox 426 5601 582 5664; x_wconf 80' lang='lat' dir='ltr'><strong>bilis,</strong></span> <span class='ocrx_word' id='word_1_714' title='bbox 612 5603 739 5658; x_wconf 66' lang='lat' dir='ltr'><strong>vitae</strong></span> <span class='ocrx_word' id='word_1_715' title='bbox 771 5605 1071 5667; x_wconf 88' lang='lat' dir='ltr'><strong>correctio.</strong></span> <span class='ocrx_word' id='word_1_716' title='bbox 1123 5604 1275 5661; x_wconf 89' lang='lat' dir='ltr'><strong>Unde</strong></span> <span class='ocrx_word' id='word_1_717' title='bbox 1309 5606 1448 5664; x_wconf 86' lang='lat' dir='ltr'><strong>tales</strong></span> <span class='ocrx_word' id='word_1_718' title='bbox 1505 5613 1561 5662; x_wconf 88' lang='lat' dir='ltr'><strong>et</strong></span> <span class='ocrx_word' id='word_1_719' title='bbox 1607 5605 1909 5676; x_wconf 88' lang='lat' dir='ltr'><strong>recipiunt,</strong></span> <span class='ocrx_word' id='word_1_720' title='bbox 1949 5617 2002 5661; x_wconf 92' lang='lat' dir='ltr'><strong>et</strong></span> 
     </span>
    </p>
   </div>
   <div class='ocr_carea' id='block_1_106' title="bbox 431 5691 2003 5761">
    <p class='ocr_par' dir='ltr' id='par_1_106' title="bbox 431 5691 2003 5761">
     <span class='ocr_line' id='line_1_107' title="bbox 431 5691 2003 5761; baseline 0.002 -16"><span class='ocrx_word' id='word_1_721' title='bbox 431 5698 657 5748; x_wconf 84' lang='lat' dir='ltr'><strong>sanatos</strong></span> <span class='ocrx_word' id='word_1_722' title='bbox 691 5692 874 5750; x_wconf 82' lang='lat' dir='ltr'><strong>statim</strong></span> <span class='ocrx_word' id='word_1_723' title='bbox 906 5693 1213 5752; x_wconf 87' lang='lat' dir='ltr'><strong>dissolvunt</strong></span> <span class='ocrx_word' id='word_1_724' title='bbox 1247 5713 1260 5761; x_wconf 91' lang='lat'><strong>;</strong></span> <span class='ocrx_word' id='word_1_725' title='bbox 1292 5702 1344 5752; x_wconf 90' lang='lat' dir='ltr'><strong>ct</strong></span> <span class='ocrx_word' id='word_1_726' title='bbox 1377 5695 1478 5750; x_wconf 87' lang='lat' dir='ltr'><strong>hoc</strong></span> <span class='ocrx_word' id='word_1_727' title='bbox 1547 5691 1896 5750; x_wconf 84' lang='lat' dir='ltr'><strong>manifestum</strong></span> <span class='ocrx_word' id='word_1_728' title='bbox 1920 5701 2003 5755; x_wconf 81' lang='lat' dir='ltr'><strong>est</strong></span> 
     </span>
    </p>
   </div>
   <div class='ocr_carea' id='block_1_107' title="bbox 2106 4502 3686 4575">
    <p class='ocr_par' dir='ltr' id='par_1_107' title="bbox 2106 4502 3686 4575">
     <span class='ocr_line' id='line_1_108' title="bbox 2106 4502 3686 4575; baseline 0.002 -19"><span class='ocrx_word' id='word_1_729' title='bbox 2106 4502 2400 4574; x_wconf 87' lang='grc' dir='ltr'>μάρτυσιν,</span> <span class='ocrx_word' id='word_1_730' title='bbox 2428 4505 2508 4566; x_wconf 84' lang='grc' dir='ltr'><strong>είς</strong></span> <span class='ocrx_word' id='word_1_731' title='bbox 2551 4502 2956 4575; x_wconf 84' lang='grc' dir='ltr'>Ἀλεξάνδρειαν</span> <span class='ocrx_word' id='word_1_732' title='bbox 2985 4503 3226 4574; x_wconf 77' lang='grc' dir='ltr'>ἔρχεται,</span> <span class='ocrx_word' id='word_1_733' title='bbox 3258 4502 3352 4558; x_wconf 77' lang='grc' dir='ltr'>καὶ</span> <span class='ocrx_word' id='word_1_734' title='bbox 3381 4503 3490 4556; x_wconf 86' lang='grc' dir='ltr'><strong>τῶν</strong></span> <span class='ocrx_word' id='word_1_735' title='bbox 3515 4505 3686 4574; x_wconf 80' lang='grc' dir='ltr'>ἁγίων</span> 
     </span>
    </p>
   </div>
   <div class='ocr_carea' id='block_1_108' title="bbox 2104 4593 3688 4668">
    <p class='ocr_par' dir='ltr' id='par_1_108' title="bbox 2104 4593 3688 4668">
     <span class='ocr_line' id='line_1_109' title="bbox 2104 4593 3688 4668; baseline 0.001 -20"><span class='ocrx_word' id='word_1_736' title='bbox 2104 4593 2514 4666; x_wconf 83' lang='grc' dir='ltr'>καταλαμϐάνει</span> <span class='ocrx_word' id='word_1_737' title='bbox 2550 4595 2612 4648; x_wconf 76' lang='grc' dir='ltr'>τὸ</span> <span class='ocrx_word' id='word_1_738' title='bbox 2651 4596 2880 4666; x_wconf 87' lang='grc' dir='ltr'>τέμενος</span> <span class='ocrx_word' id='word_1_739' title='bbox 2903 4635 2919 4664; x_wconf 95' lang='grc'><strong>,</strong></span> <span class='ocrx_word' id='word_1_740' title='bbox 2967 4596 3114 4668; x_wconf 71' lang='grc' dir='ltr'>ἔργῳ</span> <span class='ocrx_word' id='word_1_741' title='bbox 3146 4596 3434 4668; x_wconf 82' lang='grc' dir='ltr'>κηρύττων</span> <span class='ocrx_word' id='word_1_742' title='bbox 3461 4597 3561 4667; x_wconf 85' lang='grc' dir='ltr'>τῆς</span> <span class='ocrx_word' id='word_1_743' title='bbox 3605 4597 3688 4660; x_wconf 77' lang='grc' dir='ltr'><strong>είς</strong></span> 
     </span>
    </p>
   </div>
   <div class='ocr_carea' id='block_1_109' title="bbox 2103 4685 3686 4759">
    <p class='ocr_par' dir='ltr' id='par_1_109' title="bbox 2103 4685 3686 4759">
     <span class='ocr_line' id='line_1_110' title="bbox 2103 4685 3686 4759; baseline 0 -19"><span class='ocrx_word' id='word_1_744' title='bbox 2103 4687 2267 4740; x_wconf 80' lang='grc' dir='ltr'>αὑτὸν</span> <span class='ocrx_word' id='word_1_745' title='bbox 2295 4685 2532 4751; x_wconf 85' lang='grc' dir='ltr'>πίστεως</span> <span class='ocrx_word' id='word_1_746' title='bbox 2552 4686 2616 4740; x_wconf 80' lang='grc' dir='ltr'>τὸ</span> <span class='ocrx_word' id='word_1_747' title='bbox 2639 4685 2996 4757; x_wconf 73' lang='grc' dir='ltr'>ἀκράδαντοψ</span> <span class='ocrx_word' id='word_1_748' title='bbox 3020 4685 3080 4740; x_wconf 77' lang='grc' dir='ltr'><strong>ὃν</strong></span> <span class='ocrx_word' id='word_1_749' title='bbox 3105 4686 3408 4759; x_wconf 82' lang='grc' dir='ltr'>οῑΧριστοῦ</span> <span class='ocrx_word' id='word_1_750' title='bbox 3429 4686 3686 4751; x_wconf 74' lang='grc' dir='ltr'>λαϐόντες</span> 
     </span>
    </p>
   </div>
   <div class='ocr_carea' id='block_1_110' title="bbox 2103 4774 3686 4848">
    <p class='ocr_par' dir='ltr' id='par_1_110' title="bbox 2103 4774 3686 4848">
     <span class='ocr_line' id='line_1_111' title="bbox 2103 4774 3686 4848; baseline 0.001 -19"><span class='ocrx_word' id='word_1_751' title='bbox 2103 4774 2456 4848; x_wconf 86' lang='grc' dir='ltr'>θεράποντες,</span> <span class='ocrx_word' id='word_1_752' title='bbox 2479 4775 2577 4829; x_wconf 74' lang='grc' dir='ltr'><strong>καὶ</strong></span> <span class='ocrx_word' id='word_1_753' title='bbox 2601 4775 2708 4830; x_wconf 87' lang='grc' dir='ltr'><strong>τῶν</strong></span> <span class='ocrx_word' id='word_1_754' title='bbox 2735 4777 3066 4848; x_wconf 84' lang='grc' dir='ltr'>συνεχόντων</span> <span class='ocrx_word' id='word_1_755' title='bbox 3089 4777 3276 4832; x_wconf 85' lang='grc' dir='ltr'>δεινῶν</span> <span class='ocrx_word' id='word_1_756' title='bbox 3305 4777 3686 4848; x_wconf 72' lang='grc' dir='ltr'>ἠλευθέρωσαν</span> 
     </span>
    </p>
   </div>
   <div class='ocr_carea' id='block_1_111' title="bbox 2103 4865 3258 4940">
    <p class='ocr_par' dir='ltr' id='par_1_111' title="bbox 2103 4865 3258 4940">
     <span class='ocr_line' id='line_1_112' title="bbox 2103 4865 3258 4940; baseline 0.002 -20"><span class='ocrx_word' id='word_1_757' title='bbox 2103 4867 2198 4920; x_wconf 73' lang='grc' dir='ltr'>καὶ</span> <span class='ocrx_word' id='word_1_758' title='bbox 2238 4865 2354 4938; x_wconf 84' lang='grc' dir='ltr'>βίου</span> <span class='ocrx_word' id='word_1_759' title='bbox 2385 4865 2664 4936; x_wconf 78' lang='grc' dir='ltr'>θεοφιλοῦς</span> <span class='ocrx_word' id='word_1_760' title='bbox 2699 4868 2934 4940; x_wconf 79' lang='grc' dir='ltr'>ἐργάτην</span> <span class='ocrx_word' id='word_1_761' title='bbox 2962 4867 3258 4934; x_wconf 85' lang='grc' dir='ltr'>ἀνέδειξαν.</span> 
     </span>
    </p>
   </div>
   <div class='ocr_carea' id='block_1_112' title="bbox 2172 4956 3681 5029">
    <p class='ocr_par' dir='ltr' id='par_1_112' title="bbox 2172 4956 3681 5029">
     <span class='ocr_line' id='line_1_113' title="bbox 2172 4956 3681 5029; baseline -0.001 -18"><span class='ocrx_word' id='word_1_762' title='bbox 2172 4958 2436 5022; x_wconf 83' lang='grc' dir='ltr'>Φανέντες</span> <span class='ocrx_word' id='word_1_763' title='bbox 2464 4958 2574 5028; x_wconf 86' lang='grc' dir='ltr'><strong>γάρ</strong></span> <span class='ocrx_word' id='word_1_764' title='bbox 2602 4958 2750 5029; x_wconf 84' lang='grc' dir='ltr'>αὐτῷ</span> <span class='ocrx_word' id='word_1_765' title='bbox 2797 4960 2916 5029; x_wconf 88' lang='grc' dir='ltr'>μετ’</span> <span class='ocrx_word' id='word_1_766' title='bbox 2941 4960 3000 5012; x_wconf 88' lang='grc' dir='ltr'>οὐ</span> <span class='ocrx_word' id='word_1_767' title='bbox 3029 4959 3164 5014; x_wconf 82' lang='grc' dir='ltr'>πολὺ</span> <span class='ocrx_word' id='word_1_768' title='bbox 3193 4959 3292 5029; x_wconf 85' lang='grc' dir='ltr'>τῆς</span> <span class='ocrx_word' id='word_1_769' title='bbox 3321 4956 3588 5028; x_wconf 83' lang='grc' dir='ltr'>ἀφίξεως,</span> <span class='ocrx_word' id='word_1_770' title='bbox 3618 4957 3681 5010; x_wconf 77' lang='grc' dir='ltr'><strong>οὑ</strong></span> 
     </span>
    </p>
   </div>
   <div class='ocr_carea' id='block_1_113' title="bbox 2103 5050 3680 5123">
    <p class='ocr_par' dir='ltr' id='par_1_113' title="bbox 2103 5050 3680 5123">
     <span class='ocr_line' id='line_1_114' title="bbox 2103 5050 3680 5123; baseline 0.001 -19"><span class='ocrx_word' id='word_1_771' title='bbox 2103 5050 2484 5123; x_wconf 79' lang='grc' dir='ltr'>γρηγοροῦντι,</span> <span class='ocrx_word' id='word_1_772' title='bbox 2534 5050 2648 5105; x_wconf 87' lang='grc' dir='ltr'>ἀλλ’</span> <span class='ocrx_word' id='word_1_773' title='bbox 2675 5051 2769 5104; x_wconf 78' lang='grc' dir='ltr'><strong>ἐπὶ</strong></span> <span class='ocrx_word' id='word_1_774' title='bbox 2811 5051 2918 5107; x_wconf 83' lang='grc' dir='ltr'><strong>τῶν</strong></span> <span class='ocrx_word' id='word_1_775' title='bbox 2957 5053 3292 5123; x_wconf 81' lang='grc' dir='ltr'>στρωμάτων</span> <span class='ocrx_word' id='word_1_776' title='bbox 3345 5051 3680 5116; x_wconf 81' lang='grc' dir='ltr'>καθεύδοντι,</span> 
     </span>
    </p>
   </div>
   <div class='ocr_carea' id='block_1_114' title="bbox 2106 5142 3677 5216">
    <p class='ocr_par' dir='ltr' id='par_1_114' title="bbox 2106 5142 3677 5216">
     <span class='ocr_line' id='line_1_115' title="bbox 2106 5142 3677 5216; baseline 0.002 -21"><span class='ocrx_word' id='word_1_777' title='bbox 2106 5142 2382 5212; x_wconf 81' lang='grc' dir='ltr'>συνθήκας</span> <span class='ocrx_word' id='word_1_778' title='bbox 2441 5143 2576 5216; x_wconf 83' lang='grc' dir='ltr'>πρὸς</span> <span class='ocrx_word' id='word_1_779' title='bbox 2603 5143 2766 5198; x_wconf 77' lang='grc' dir='ltr'>αὑτὸν</span> <span class='ocrx_word' id='word_1_780' title='bbox 2799 5145 2891 5198; x_wconf 78' lang='grc' dir='ltr'>καὶ</span> <span class='ocrx_word' id='word_1_781' title='bbox 2947 5148 3348 5216; x_wconf 86' lang='grc' dir='ltr'>προστάγματα</span> <span class='ocrx_word' id='word_1_782' title='bbox 3395 5145 3636 5198; x_wconf 75' lang='grc' dir='ltr'>τίθενται</span> <span class='ocrx_word' id='word_1_783' title='bbox 3663 5160 3677 5174; x_wconf 91' lang='grc'>·</span> 
     </span>
    </p>
   </div>
   <div class='ocr_carea' id='block_1_115' title="bbox 2106 5227 3681 5308">
    <p class='ocr_par' dir='ltr' id='par_1_115' title="bbox 2106 5227 3681 5308">
     <span class='ocr_line' id='line_1_116' title="bbox 2106 5227 3681 5308; baseline 0.003 -22"><span class='ocrx_word' id='word_1_784' title='bbox 2106 5233 2200 5287; x_wconf 73' lang='grc' dir='ltr'>καὶ</span> <span class='ocrx_word' id='word_1_785' title='bbox 2226 5227 2328 5288; x_wconf 63' lang='grc' dir='ltr'>εἷθ’</span> <span class='ocrx_word' id='word_1_786' title='bbox 2355 5233 2526 5299; x_wconf 75' lang='grc' dir='ltr'>οὕτως</span> <span class='ocrx_word' id='word_1_787' title='bbox 2547 5236 2706 5288; x_wconf 80' lang='grc' dir='ltr'>αὐτὸν</span> <span class='ocrx_word' id='word_1_788' title='bbox 2737 5234 2945 5300; x_wconf 82' lang='grc' dir='ltr'>ἀξιοῦσι</span> <span class='ocrx_word' id='word_1_789' title='bbox 2977 5237 3076 5307; x_wconf 83' lang='grc' dir='ltr'><strong>τῆς</strong></span> <span class='ocrx_word' id='word_1_790' title='bbox 3103 5235 3322 5308; x_wconf 81' lang='grc' dir='ltr'>ῥώσεως</span> <span class='ocrx_word' id='word_1_791' title='bbox 3343 5253 3355 5264; x_wconf 95' lang='grc'><strong>·</strong></span> <span class='ocrx_word' id='word_1_792' title='bbox 3381 5237 3439 5290; x_wconf 75' lang='grc' dir='ltr'>αἱ</span> <span class='ocrx_word' id='word_1_793' title='bbox 3472 5235 3531 5289; x_wconf 85' lang='grc' dir='ltr'>δὲ</span> <span class='ocrx_word' id='word_1_794' title='bbox 3553 5251 3681 5291; x_wconf 81' lang='grc' dir='ltr'>συν-</span> 
     </span>
    </p>
   </div>
   <div class='ocr_carea' id='block_1_116' title="bbox 2106 5325 3682 5399">
    <p class='ocr_par' dir='ltr' id='par_1_116' title="bbox 2106 5325 3682 5399">
     <span class='ocr_line' id='line_1_117' title="bbox 2106 5325 3682 5399; baseline 0 -21"><span class='ocrx_word' id='word_1_795' title='bbox 2106 5325 2293 5396; x_wconf 69' lang='grc' dir='ltr'>θῆκαι,</span> <span class='ocrx_word' id='word_1_796' title='bbox 2337 5327 2432 5380; x_wconf 75' lang='grc' dir='ltr'><strong>καὶ</strong></span> <span class='ocrx_word' id='word_1_797' title='bbox 2461 5327 2529 5381; x_wconf 84' lang='grc' dir='ltr'><strong>τά</strong></span> <span class='ocrx_word' id='word_1_798' title='bbox 2563 5327 2630 5382; x_wconf 85' lang='grc' dir='ltr'><strong>δι’</strong></span> <span class='ocrx_word' id='word_1_799' title='bbox 2669 5328 2849 5382; x_wconf 79' lang='grc' dir='ltr'>αὐτῶν</span> <span class='ocrx_word' id='word_1_800' title='bbox 2881 5327 3140 5398; x_wconf 84' lang='grc' dir='ltr'>γεγονότα</span> <span class='ocrx_word' id='word_1_801' title='bbox 3170 5327 3547 5399; x_wconf 84' lang='grc' dir='ltr'>συντάγματα,</span> <span class='ocrx_word' id='word_1_802' title='bbox 3579 5328 3682 5397; x_wconf 78' lang='grc' dir='ltr'>τῆς</span> 
     </span>
    </p>
   </div>
   <div class='ocr_carea' id='block_1_117' title="bbox 2103 5416 3680 5492">
    <p class='ocr_par' dir='ltr' id='par_1_117' title="bbox 2103 5416 3680 5492">
     <span class='ocr_line' id='line_1_118' title="bbox 2103 5416 3680 5492; baseline 0 -22"><span class='ocrx_word' id='word_1_803' title='bbox 2103 5416 2452 5488; x_wconf 80' lang='grc' dir='ltr'>ταραχώδους</span> <span class='ocrx_word' id='word_1_804' title='bbox 2492 5417 2639 5489; x_wconf 78' lang='grc' dir='ltr'>ζωῆς</span> <span class='ocrx_word' id='word_1_805' title='bbox 2688 5419 2930 5492; x_wconf 80' lang='grc' dir='ltr'>ἀπῄτουν</span> <span class='ocrx_word' id='word_1_806' title='bbox 2979 5420 3260 5486; x_wconf 82' lang='grc' dir='ltr'>ἀπόθεσιν,</span> <span class='ocrx_word' id='word_1_807' title='bbox 3291 5419 3386 5474; x_wconf 72' lang='grc' dir='ltr'>καλ.</span> <span class='ocrx_word' id='word_1_808' title='bbox 3425 5418 3542 5489; x_wconf 76' lang='grc' dir='ltr'>βίου</span> <span class='ocrx_word' id='word_1_809' title='bbox 3580 5435 3680 5488; x_wconf 86' lang='grc' dir='ltr'>μο-</span> 
     </span>
    </p>
   </div>
   <div class='ocr_carea' id='block_1_118' title="bbox 2104 5507 3681 5582">
    <p class='ocr_par' dir='ltr' id='par_1_118' title="bbox 2104 5507 3681 5582">
     <span class='ocr_line' id='line_1_119' title="bbox 2104 5507 3681 5582; baseline 0.002 -22"><span class='ocrx_word' id='word_1_810' title='bbox 2104 5508 2304 5577; x_wconf 82' lang='grc' dir='ltr'>νήρους</span> <span class='ocrx_word' id='word_1_811' title='bbox 2329 5507 2670 5580; x_wconf 88' lang='grc' dir='ltr'>γαληνιῶσαν</span> <span class='ocrx_word' id='word_1_812' title='bbox 2703 5507 2965 5582; x_wconf 70' lang='grc' dir='ltr'>ἀνάληψιν</span> <span class='ocrx_word' id='word_1_813' title='bbox 2995 5527 3010 5542; x_wconf 84' lang='grc'>⁶</span> <span class='ocrx_word' id='word_1_814' title='bbox 3035 5510 3170 5582; x_wconf 72' lang='grc' dir='ltr'>αὕτη</span> <span class='ocrx_word' id='word_1_815' title='bbox 3194 5511 3302 5581; x_wconf 82' lang='grc' dir='ltr'><strong>γάρ</strong></span> <span class='ocrx_word' id='word_1_816' title='bbox 3329 5511 3512 5574; x_wconf 70' lang='grc' dir='ltr'>αὐτοῖς</span> <span class='ocrx_word' id='word_1_817' title='bbox 3545 5509 3681 5582; x_wconf 65' lang='grc' dir='ltr'>πρὸς</span> 
     </span>
    </p>
   </div>
   <div class='ocr_carea' id='block_1_119' title="bbox 2105 5599 3681 5674">
    <p class='ocr_par' dir='ltr' id='par_1_119' title="bbox 2105 5599 3681 5674">
     <span class='ocr_line' id='line_1_120' title="bbox 2105 5599 3681 5674; baseline 0.001 -22"><span class='ocrx_word' id='word_1_818' title='bbox 2105 5599 2213 5652; x_wconf 82' lang='grc' dir='ltr'><strong>τῶν</strong></span> <span class='ocrx_word' id='word_1_819' title='bbox 2277 5601 2634 5671; x_wconf 75' lang='grc' dir='ltr'>ρωννυμένων</span> <span class='ocrx_word' id='word_1_820' title='bbox 2711 5601 3038 5674; x_wconf 86' lang='grc' dir='ltr'>μισθοπορία</span> <span class='ocrx_word' id='word_1_821' title='bbox 3094 5603 3445 5673; x_wconf 85' lang='grc' dir='ltr'>τριπόθητος,</span> <span class='ocrx_word' id='word_1_822' title='bbox 3507 5602 3542 5672; x_wconf 82' lang='grc' dir='ltr'><strong>ἠ</strong></span> <span class='ocrx_word' id='word_1_823' title='bbox 3583 5602 3681 5654; x_wconf 77' lang='grc' dir='ltr'>τοῦ</span> 
     </span>
    </p>
   </div>
   <div class='ocr_carea' id='block_1_120' title="bbox 2109 5690 3681 5763">
    <p class='ocr_par' dir='ltr' id='par_1_120' title="bbox 2109 5690 3681 5763">
     <span class='ocr_line' id='line_1_121' title="bbox 2109 5690 3681 5763; baseline 0.001 -21"><span class='ocrx_word' id='word_1_824' title='bbox 2109 5690 2223 5760; x_wconf 80' lang='grc' dir='ltr'>βίου</span> <span class='ocrx_word' id='word_1_825' title='bbox 2273 5693 2525 5761; x_wconf 80' lang='grc' dir='ltr'>τυγχάνει</span> <span class='ocrx_word' id='word_1_826' title='bbox 2578 5692 2879 5763; x_wconf 73' lang='grc' dir='ltr'>διόρθωσις.</span> <span class='ocrx_word' id='word_1_827' title='bbox 2923 5693 3082 5746; x_wconf 80' lang='grc' dir='ltr'>Ὅθεν</span> <span class='ocrx_word' id='word_1_828' title='bbox 3115 5694 3238 5756; x_wconf 70' lang='grc' dir='ltr'>τοὺς</span> <span class='ocrx_word' id='word_1_829' title='bbox 3278 5692 3549 5756; x_wconf 71' lang='grc' dir='ltr'>τοιούτους</span> <span class='ocrx_word' id='word_1_830' title='bbox 3583 5690 3681 5745; x_wconf 73' lang='grc' dir='ltr'>καὶ</span> 
     </span>
    </p>
   </div>
  </div>
