3930 6316
136 360 283 425 3649
1148 350 1250 408 SS.
1287 345 1462 406 CYRI
1515 345 1609 404 ΙαιΤ
1640 342 1769 405 ,1οΑ

1879 339 1967 401 {lS
2000 338 2415 400 MIRACULA.
2458 424 2461 425 ί
3284 335 3430 398 sese

138 466 440 542 γεγηθζτες
491 462 901 535 προσδέχονται,
933 458 1023 511 καὶ
1056 456 1367 529 ρωσθέντας
1394 455 1556 516 εὐθὺς
1599 452 1735 506 ἀπο-

1879 465 1904 503 x
1966 448 2154 502 multis
2208 448 2430 518 quidem
2490 443 2636 507 aliis,
2678 457 2787 497 non
2814 443 2997 498 minus
3058 447 3242 499 autem
3281 449 3427 497 etcx

137 563 361 615 λύουσιν
393 574 407 588 ⁸
442 556 538 609 καὶ
583 552 742 607 τοῦτο
768 551 1019 621 δῆλονὲκ
1064 548 1274 603 πολλῶν
1307 549 1405 617 μὲν
1440 544 1535 599 καὶ
1558 544 1731 598 ἄλλων

1879 549 2107 597 raesente
2171 549 2361 595 nostra
2413 537 2752 593 narratione.
2802 536 3098 591 Venientes
3147 534 3315 599 enim,
3370 545 3432 588 ut

139 651 511 718 καθέστηκεν,
570 646 669 714 οὐχ
713 637 878 715 ἧττον
921 641 976 694 δὲ
1005 641 1098 693 καὶ
1140 639 1235 693 τοῦ
1276 637 1541 707 παρόντος
1578 634 1735 705 ἡμῶν

1879 653 1944 688 nn
1982 635 2117 700 dixi,
2154 635 2220 688 ad
2243 632 2616 698 Theodorum,
2649 629 2763 697 Vis,
2787 628 3064 695 dicebant,
3094 642 3267 684 sanus
3292 626 3433 693 ﬁeri,

136 736 801 816 διηγήματος.Ἐλθόντες
829 734 957 805 γὰρ,
985 733 1061 797 ὡς
1091 731 1260 801 ἔφθην
1291 727 1580 796 εἰπὼν,είς
1609 726 1737 780 Θεό-

1879 726 2162 782 ‘heodore‘!
2190 725 2289 781 illo
2323 739 2457 780 vero
2511 729 2809 786 annuente,
2859 731 2914 776 et
2939 720 3177 776 maxime
3222 734 3319 775 ore
3344 718 3431 772 di-

138 808 342 909 δωρον,
368 832 580 894 Θέλεις,
608 829 814 898 ἔλεγον,
844 825 1001 894 ὑγιὴς
1031 822 1309 892 γενέσθαι,
1337 821 1614 890 Θεόδωρε;
1642 817 1736 871 τοῦ

1879 825 1999 872 rnte
2031 835 2047 884 ;
2089 817 2223 887 quid
2262 816 2409 871 enim
2441 822 2597 869 tanto
2634 812 2776 867 malo
2822 825 3120 881 Oppressus
3180 808 3439 865 diceret?

138 932 204 984 δὲ
225 902 660 985 κατανεύσαντος
693 919 786 975 καὶ
830 919 909 982 τὸ,
954 917 1084 982 Noti,
1128 914 1204 986 τῷ
1231 914 1460 983 στόματι
1490 910 1740 975 λέξαντος

1887 928 2042 966 crum
2070 919 2344 981 martyres
2372 908 2630 962 dicebant
2663 925 2677 961 :
2714 905 2772 959 Si
2815 904 2899 958 vis
2932 903 3183 957 obtinere
3223 902 3437 955 sanita-

143 1021 225 1080 ιτί
264 1021 375 1092 γὰρ
416 1017 515 1071 οὐκ
553 1012 779 1085 ἔμελλεν
824 1012 881 1062 ἐν
917 1005 1155 1078 τοσούτῳ
1183 1005 1340 1076 κακῷ
1376 1002 1741 1073 πιεζόμενος),

1879 1022 1975 1071 3m,
1999 1013 2053 1061 et
2086 1004 2272 1076 fugere
2301 1001 2694 1058 imbecillitatis
2756 997 3084 1069 perieulum,
3117 994 3256 1049 inito
3303 1007 3437 1048 con-

146 1113 315 1166 πάλιν
353 1112 401 1163 οἱ
450 1108 723 1179 μάρτυρες
776 1102 1016 1171 ἔφασκον
1050 1114 1065 1128 ο
1103 1099 1166 1152 Et
1216 1096 1382 1167 βούλῃ
1422 1095 1607 1165 τυχεῖν
1644 1094 1740 1161 τῆς

148 1210 354 1269 ἰάσεως
386 1201 482 1259 καὶ
515 1200 710 1269 φυγεῖν
743 1199 844 1267 τῆς
868 1194 1157 1258 ἀσθενείας
1196 1192 1288 1245 τὺν
1319 1189 1589 1253 κίνδυνον,
1616 1186 1744 1239 σύν-

147 1300 248 1354 θου
279 1298 410 1368 ἡμῖν
439 1294 513 1357 ὡς
538 1290 844 1361 σωζόμενος
877 1289 1044 1352 οίκεῖς
1061 1286 1329 1357 Ἰορδάνου
1353 1282 1446 1337 τοῦ
1474 1281 1618 1335 θείου
1649 1296 1745 1332 πο-

145 1373 331 1462 ταμίοῦ
359 1387 458 1458 τὴν
486 1385 741 1456 οὐράνιον
786 1381 1018 1453 ἔρημον,
1055 1379 1185 1433 ἔνθα
1215 1376 1450 1450 Χριστὸς
1482 1378 1511 1429 ὁ
1554 1374 1747 1446 Σωτὴρ

149 1483 411 1539 ἁπάντων
434 1478 820 1561 βεϐάπτισται,
845 1473 940 1528 καὶ¹
951 1472 1157 1542 ταύτης
1174 1471 1418 1541 οἰκήτωρ
1438 1468 1745 1538 γινόμενος,

152 1576 348 1646 σχῆμα
373 1569 643 1641 μοναστού
676 1568 770 1622 καὶ
796 1568 1036 1639 τρόπους
1054 1564 1413 1628 ὲνδείκνυσαι,
1429 1562 1522 1616 τὸν
1549 1561 1751 1613 Barm-

153 1667 293 1736 στὴν
333 1664 590 1733 Ἰωάννην
621 1659 959 1733 μιμούμενος
981 1698 996 1722 ,
1022 1656 1115 1710 τὸν
1144 1654 1350 1725 ταύτης
1374 1653 1625 1723 οἰκιστὴν
1653 1649 1750 1704 καὶ

152 1757 384 1824 πολίτην
407 1752 729 1827 γενόμε.νον’
762 1750 855 1802 καὶ
892 1749 990 1818 τὴν
1028 1748 1196 1817 ῥῶσιν
1227 1744 1294 1799 δι’
1317 1743 1472 1815 ἡμῶν
1499 1742 1632 1806 Θεός
1668 1758 1751 1799 σοι

153 1847 464 1921 χαρίζεται,
506 1844 601 1897 καὶ
626 1840 915 1911 λυτροῦται
946 1839 1047 1908 τῆς
1094 1835 1205 1889 τῶν
1249 1833 1534 1906 παρόντων
1566 1831 1747 1886 κινδύε
1774 1817 1822 1879 Β

82 2012 89 2015 _
154 1958 268 1995 νων
294 1937 592 1999 κολάσεως.

231 2026 576 2097 Συνθεμένου
605 2023 661 2077 δὲ
689 2022 884 2078 θᾶττον
913 2019 1006 2074 τοῦ
1038 2020 1357 2090 πάσχοντος.
1385 2014 1477 2070 καὶ
1507 2010 1749 2081 πλτςροῦν

155 2111 343 2166 αὐτῶν
392 2106 745 2180 ὀμωμοκότος
800 2104 896 2174 τὴν
930 2103 1212 2167 κέλευσιν,
1251 2099 1453 2162 εὐθέως
1499 2097 1549 2150 οἱ
1603 2097 1752 2164 ἆγιοι

157 2205 263 2259 καὶ
288 2202 351 2256 τὸ
393 2200 673 2271 δαιμόνιον
716 2197 791 2260 ὡς
833 2194 1137 2266 μαστιγίαν,
1170 2192 1311 2249 τινα
1335 2192 1431 2246 καὶ
1469 2189 1751 2262 δραπέτην

157 2294 482 2348 ἐλαύνουσιν
511 2330 525 2353 ,
574 2289 670 2342 καὶ
714 2286 814 2357 τὴν
866 2285 972 2339 τῶν
1023 2281 1317 2354 ὀφθαλμῶν
1354 2280 1753 2352 θεραπεύουσιν

158 2385 461 2456 τύφλωσιν,
493 2382 562 2453 ἦν
596 2380 777 2449 ἑαυτῷ
814 2377 878 2430 τὸ
906 2376 1185 2446 δαιμόνιον
1208 2373 1628 2442 συνεισήγαγεν,
1658 2370 1756 2423 αὐ-

161 2482 257 2531 τδν
282 2475 383 2546 μὲν
396 2471 728 2541 κελεύσματι
757 2466 1217 2538 φυγαδεύσαντες,
1248 2464 1454 2533 ταύτην
1482 2461 1539 2515 δὲ
1563 2462 1630 2531 τῇ
1658 2459 1756 2529 τῆς

162 2564 425 2636 κηρωτῆς
455 2561 693 2615 ὲπιθὲσει
712 2556 1023 2624 διώξαντες.
1076 2554 1351 2624 Θεόδωρος
1372 2552 1428 2605 δὲ
1461 2550 1558 2621 τὴν
1581 2547 1757 2619 φυγὴν

164 2635 276 2708 τῶν
309 2651 585 2706 ἁνιώντων
617 2646 918 2718 εὑράμενος
946 2684 960 2706 ,
999 2647 1092 2697 καὶ
1132 2640 1230 2712 τὴν
1267 2641 1436 2711 ρῶσιν
1463 2639 1554 2690 ἐπὶ
1584 2635 1757 2707 ταύτῃ

165 2745 534 2818 δρεψάμενος,
570 2738 974 2809 εὐχαριστήσας
1016 2736 1140 2788 ὅσον
1175 2726 1285 2796 οἷός
1315 2749 1375 2783 τε
1406 2725 1475 2801 ἧν
1511 2729 1604 2782 καὶ⁸
1635 2727 1760 2797 ἠδύ-

167 2854 324 2901 νατο,
356 2830 770 2901 καταλαμϐάνει
796 2830 894 2897 τὴν
924 2826 1150 2897 ἔρημον,
1178 2824 1403 2877 κάκεῖσε
1433 2821 1634 2891 πληροί
1660 2819 1760 2888 τὴν

165 2931 280 2983 τῶν
312 2925 482 2994 ἁγίων
532 2921 758 2990 θεοφιλῆ
803 2920 899 2972 καὶ
948 2914 1255 2986 σεϐασμίαν
1283 2912 1527 2978 διάταξιν
1555 2926 1569 2940 ·
1604 2910 1761 2979 ἡμεῖς

169 3020 229 3073 δὲ
280 3016 506 3078 τούτους
551 3012 958 3081 θαυμάσαντες,
1034 3007 1127 3060 καὶ
1170 3007 1267 3076 τῆς
1315 3005 1396 3067 εἰς
1441 3000 1764 3071 ἀνθρώπους

172 3110 329 3172 θείας
353 3106 531 3161 αὐτῶν
574 3102 850 3175 κηδαινίας
884 3101 990 3173 [ita
1019 3097 1162 3170 cod.]
1194 3097 1355 3169 χάριν
1396 3094 1759 3164 ὑμνήσαντες,

173 3197 580 3277 ὲτὲραςκαύτῷν
607 3197 685 3259 εἰς
701 3194 845 3266 qua,
866 3192 990 3255 τοὺς
1015 3189 1333 3261 ἀνθρώπους
1356 3183 1764 3255 ἀναγράφωμεν

175 3295 432 3366 χάριτας.

176 3407 319 3475 EG".
351 3402 491 3472 Περὶ
534 3399 708 3470 Μηνᾶ
749 3398 857 3452 τοῦ
914 3396 1141 3475 ᾼῳςίου
1191 3395 1279 3459 εις
1325 3390 1515 3445 νόσον
1556 3387 1773 3456 ὕδερον

757 3467 1199 3536 περιελθόντος.

255 3568 323 3622 Τί
357 3566 417 3621 δὲ
449 3565 542 3620 καὶ
570 3563 765 3634 Μηνᾶν
805 3558 911 3613 ὑπὸ
968 3557 1195 3627 ψάμμον
1243 3551 1623 3626 κρυπτόμενον
1672 3547 1773 3600 οὐκ

182 3660 532 3729 ἐκφέρωμεν,
555 3655 650 3709 καὶ
672 3652 830 3724 δῆλον
854 3648 1018 3703 αὑτὸν
1047 3649 1158 3708 τοῖς
1180 3640 1435 3713 ἀγνοοῦσι
1451 3636 1771 3708 nominabat;

184 3752 415 3825 Γραφῆς
466 3749 576 3819 γὰρ
620 3744 717 3798 καὶ
762 3740 830 3795 τὰ
881 3737 1001 3794 κατ’
1037 3738 1201 3790 αὐτὸν
1250 3732 1586 3799 καθέστηκεν
1624 3728 1769 3794 ἄξια,

184 3820 289 3901 καὶ
407 3841 635 3910 ψάμμου
661 3835 754 3889 καὶ
784 3833 954 3904 λήθης
986 3828 1374 3896 σκεπάσματος
1404 3839 1417 3852 ·
1462 3822 1536 3884 ὡς
1562 3820 1775 3874 Mat/ou-

185 3935 294 4005 θῆς
328 3932 389 3986 τὸ
424 3907 722 4000 δαιμόνιον,
766 3924 862 3978 καὶ
890 3921 1094 3991 ταύτης
1125 3920 1181 3973 αἱ
1220 3914 1435 3969 τελεταλ⁵
1464 3913 1558 3965 καὶ
1602 3907 1776 3980 βωμοὶ

185 4004 289 4083 καὶ
312 4025 372 4078 τὸ
410 4024 656 4093 τέμενος,
684 4015 758 4071 ὧν
812 4015 1089 4085 ὠφέλιμος
1126 4011 1223 4082 μὲν
1256 4011 1288 4080 ή
1321 4007 1461 4079 λήθη
1502 4004 1774 4072 καθεστη-

186 4135 310 4178 κεν,
361 4117 456 4169 καὶ
506 4114 593 4167 διὰ
623 4111 789 4171 τοῦτο.
820 4110 932 4171 τοῖς
975 4106 1215 4177 μάρτυσι
1251 4099 1585 4170 πέπρακται.
1629 4095 1777 4147 Ἐπι-

188 4210 398 4281 ῦ>.α6ὴς
436 4208 493 4261 δὲ
528 4206 649 4259 λίαν
677 4208 712 4277 ἡ
739 4200 835 4257 θέα
865 4202 978 4264 τοῖς
1027 4197 1336 4269 βλέπουσιν,
1386 4192 1479 4246 καὶ
1509 4189 1596 4243 διὰ
1622 4185 1780 4257 τοῦτο

187 4305 411 4376 ψάμμῳ
460 4298 722 4367 θαλαττίᾳ
779 4291 1132 4357 καλύπτει-αι,
1178 4284 1445 4355 ἁνελούσῃ
1504 4277 1780 4341 παντελῶς

192 4367 394 4463 ἁοὲῆξ
411 4390 473 4443 τὸ
503 4387 868 4460 μνημόσυνον,
894 4382 988 4436 καὶ
1015 4381 1209 4451 δημιου
1220 4375 1426 4447 ργούσῃ
1455 4370 1554 4463 τὴν
1574 4369 1683 4423 τῶν
1718 4367 1780 4420 οὐ

194 4460 491 4555 θεωμένων
513 4479 804 4550 ὠφέλειαν.
842 4473 1055 4528 Ἡκέτω
1104 4469 1283 4523 τοίνυν
1330 4467 1358 4519 ὁ
1390 4462 1590 4524 Λύκιος
1626 4460 1781 4531 διαρο

200 4575 374 4650 (λήξας
402 4575 503 4645 τῆς
550 4572 779 4643 ψάμμου
825 4570 888 4621 τὺ
921 4566 1210 4635 κάλυμμα,
1259 4560 1355 4614 καὶ
1385 4555 1618 4628 φανερὸν
1649 4555 1780 4625 ἡμῖν

195 4645 271 4723 ubi
303 4666 420 4722 κατ’
454 4665 617 4719 αὑτὸν
651 4661 876 4716 ποιείτω
902 4656 1206 4729 τεράστιον,
1249 4651 1344 4706 καὶ
1378 4648 1457 4721 μὴ
1496 4645 1787 4719 κρυπτέτω

201 4759 393 4820 κακῶς
433 4757 539 4810 ὑπὸ
574 4755 761 4824 κλίνην
791 4752 883 4806 καὶ
915 4749 1118 4821 μόδιον,
1145 4745 1205 4800 τὺ
1237 4741 1419 4805 καλῶς
1448 4742 1540 4795 ἐπὶ
1564 4737 1787 4809 λυχνίαν

202 4853 422 4925 φαίνειν
453 4851 502 4902 εί
524 4846 705 4916 τεθείη
733 4843 1057 4914 δυνάμενον.

281 5030 482 5092 Λύκιος
518 5027 615 5098 μὲν
654 5027 682 5077 ὁ
716 5023 909 5094 Μηνᾶς
958 5016 1309 5088 ἐγνωρίζετο,
1368 5014 1461 5068 καὶ
1525 5012 1792 5081 Πατάρων

210 5120 489 5196 ὁρμᾶσθαι
535 5118 634 5188 τῆς
694 5114 904 5178 πόλεως
938 5111 1124 5179 ἔλεγεν
1147 5125 1161 5139 ·
1218 5106 1386 5169 πάθος
1433 5104 1491 5158 δὲ
1534 5100 1679 5174 εἶχεν
1730 5100 1790 5154 οὐ

212 5193 369 5287 φιλδν
392 5210 529 5268 ἀλλὰ
560 5211 844 5281 μέγιστον,
879 5203 973 5258 καὶ
998 5201 1121 5257 οὐδὲ
1153 5199 1350 5273 ῥᾳδίως
1377 5195 1628 5267 ἰώμενον,
1660 5193 1795 5248 ἀλλὰ

215 5307 471 5378 δυσχερὲς
510 5303 605 5358 καὶ⁸
634 5300 906 5364 δυσίατον,
938 5296 1140 5367 ίατροῖς
1169 5292 1233 5364 δὴ
1264 5291 1366 5362 τῆς
1397 5290 1636 5360 σήμερον
1674 5287 1792 5341 ὅσοι

219 5402 285 5454 ὲκ
306 5398 501 5468 τέχνης
535 5394 773 5458 ἀνίατον,
813 5392 863 5443 εἰ
897 5388 972 5460 μὴ
1009 5386 1141 5449 Θεὸς
1187 5381 1586 5454 συμμαχοῦσαν
1614 5381 1799 5443 αὐτοῖς

217 5488 500 5563 χαρίσοιτο
535 5483 785 5554 δύναμιν.
823 5480 916 5543 Εἰς
950 5477 1137 5547 ὕδερον
1166 5475 1276 5546 γὰρ
1302 5470 1486 5525 πεσὼν
1505 5469 1799 5542 ἀνιάτρευ-

220 5598 335 5645 τον,
382 5579 478 5633 καὶ
528 5576 783 5649 χρονίσας
836 5573 895 5625 ὲν
941 5568 1092 5638 αύτῷ
1132 5567 1211 5637 τῷ
1261 5566 1552 5639 νοσήματι,
1615 5562 1802 5627 δεινῶς

225 5672 533 5727 ἐκινδύνευε
552 5671 669 5731 ταῖς
691 5664 949 5736 ἀλγηδόσι
973 5663 1081 5716 τῶν
1103 5658 1426 5727 σπλάγχνων
1444 5654 1802 5726 ὀδυνώμενος,

229 5762 324 5817 καὶ
359 5763 481 5824 ταῖς
511 5758 606 5813 τοῦ
636 5756 839 5833 παντὸς
892 5754 1141 5824 σώματος
1185 5751 1454 5821 ὀγκώσεσι
1497 5750 1806 5821 συμπνιγό-

1844 1100 2179 1160 ventionem,
2220 1094 2367 1166 quod
2421 1101 2649 1148 sanatus
2699 1089 2918 1144 habitas
2951 1084 3215 1141 Jordanis
3265 1082 3437 1139 divini

1846 1190 2092 1247 ﬂuminis
2123 1189 2405 1245 cmlestem
2440 1200 2712 1251 eremum,
2750 1184 2843 1239 ubi
2872 1182 3126 1238 Christus
3183 1178 3440 1236 Salvator

1847 1284 2089 1339 omnium
2118 1281 2425 1352 baptizatus
2448 1289 2551 1335 est.
2584 1277 2651 1332 Et
2688 1278 2852 1347 hujus
2880 1275 3156 1330 habitator
3209 1272 3442 1327 effectus

1849 1381 2081 1437 formam
2115 1379 2396 1444 monachi,
2431 1390 2488 1434 et
2506 1393 2686 1433 mores
2725 1377 3098 1437 demonstras,
3132 1371 3440 1442 Baptistam

1848 1473 2119 1529 Joannem
2162 1473 2385 1527 imitans
2416 1469 2583 1539 hujus
2624 1469 2991 1523 habitatorem
3017 1473 3072 1520 et
3097 1465 3271 1518 civem
3303 1462 3433 1517 olim

1850 1567 2254 1629 exsistentem;
2306 1574 2361 1619 et
2397 1560 2832 1617 incolumitatem
2865 1556 3008 1611 Deus
3050 1555 3147 1611 tibi
3193 1570 3288 1625 per
3337 1568 3445 1608 nos

1852 1646 2047 1720 donat,
2105 1667 2161 1711 et
2190 1656 2390 1710 liberat
2415 1669 2444 1707 a
2475 1651 2827 1723 praesentium
2869 1647 3242 1719 periculorum
3275 1645 3443 1715 puni-

1854 1756 2025 1807 none.

1921 2018 2298 2075 Convenieute
2333 2027 2515 2073 autem
2546 2025 2601 2071 et
2662 2016 2775 2070 cito
2832 2017 3094 2086 pat'ente,
3144 2027 3453 2083 eorumque

1857 2110 2175 2166 mandatum
2204 2109 2505 2177 adimplere
2531 2107 2775 2174 jnrantc,
2810 2104 2994 2159 statim
3030 2104 3207 2158 sancti
3251 2103 3447 2158 daemo-

1855 2204 2002 2258 nium
2027 2218 2126 2258 ceu
2154 2200 2462 2269 mastigiam
2513 2196 2803 2266 quemdam
2834 2202 2891 2249 et
2919 2194 3164 2265 fugacem
3188 2192 3450 2262 ‘ejiciunt,

1859 2305 1913 2350 et
1942 2290 2231 2348 oculorum
2287 2295 2486 2345 sanant
2559 2286 3010 2349 obcairationem,
3049 2298 3215 2352 quam
3257 2297 3445 2338 secum

1856 2386 2192 2443 daemonium
2218 2378 2627 2443 contulit,illud
2662 2377 2882 2448 quidem
2918 2375 3134 2431 visione
3169 2375 3445 2444 fugantes,

1858 2480 2003 2535 hanc
2064 2492 2198 2533 vero
2234 2475 2406 2529 cerati
2449 2470 2834 2542 suppositione
2872 2467 3230 2538 cxpellentcs.
3264 2464 3449 2521 Theo-

1858 2570 2033 2626 dorus
2055 2583 2186 2623 vero
2217 2564 2401 2636 fugam
2440 2563 2680 2624 illorum,
2708 2560 2802 2630 qui
2823 2562 2890 2613 ad
2914 2552 2993 2636 ’.δε
3044 2565 3313 2613 venerant
3361 2556 3447 2610 in-

1861 2661 2113 2725 veniens,
2145 2669 2199 2712 et
2249 2657 2485 2712 sanitate
2532 2660 2699 2722 super
2759 2632 2933 2704 illam-
2956 2649 3192 2718 potitus,
3234 2648 3449 2718 gratias

1861 2767 2052 2823 agens,
2084 2759 2350 2820 quantum
2381 2746 2527 2815 polis
2565 2752 2766 2799 eratet
2817 2741 3053 2804 valebat,
3085 2739 3333 2810 pervenit
3379 2738 3456 2794 ad

1864 2863 2134 2910 eremum,
2171 2845 2362 2912 ibique
2394 2847 2714 2896 sanctorum
2738 2839 2958 2908 jussum
3007 2834 3245 2889 amabile
3280 2842 3336 2888 et
3360 2849 3450 2887 vc.

1863 2937 2169 2992 nerandutn
2204 2933 2485 3002 adimplet.
2518 2929 2628 2985 Nos
2672 2943 2826 2990 vero,
2877 2926 2976 2979 hos
3009 2924 3367 2987 admirantes,
3398 2933 3455 2978 et

1872 3038 2100 3100 propter
2175 3026 2419 3081 divinam
2493 3023 2718 3077 illorum
2784 3033 2916 3089 erga
2970 3017 3221 3071 homines
3260 3030 3459 3071 curam

1790 3154 1833 3214 ρ
1868 3122 2175 3183 laudantes,
2210 3119 2348 3173 alias
2393 3116 2611 3173 illorum
2655 3126 2782 3183 erga
2832 3126 2935 3168 nos
2962 3110 3211 3166 homines
3241 3107 3452 3166 descri-

1872 3215 2069 3270 bamus
2098 3212 2329 3284 gratias.

1874 3393 2061 3449 LXVI.
2095 3391 2169 3446 De
2191 3391 2351 3446 Mena
2382 3389 2545 3470 Lycio
2700 3385 2940 3509 ultorbum
2971 3400 3123 3455 aqua:
3178 3385 3463 3438 intercutis

2507 3474 2613 3509 mc:
2654 3474 2713 3509 en
2741 3473 2787 3509 ε.

2507 3469 2787 3512 incidente.

1944 3556 2085 3622 Quid
2160 3568 2289 3608 vero
2357 3559 2411 3606 et
2467 3549 2681 3602 Menam
2748 3546 2851 3602 sub
2908 3560 3073 3599 arena
3122 3542 3462 3599 occultatum-

1878 3664 1987 3702 non
2049 3647 2102 3700 in
2160 3644 2402 3720 medium
2461 3639 2767 3702 aiferimus,
2811 3651 3046 3706 cumque
3106 3635 3466 3691 manifestum

1880 3738 2257 3795 nescientibus
2295 3750 2403 3789 non
2443 3731 2727 3789 facimus?
2777 3728 3061 3800 Scriptura
3116 3742 3350 3798 namque
3404 3737 3459 3781 et

1880 3847 2003 3902 quae
2036 3829 2103 3883 de
2137 3828 2232 3882 illo
2260 3831 2560 3881 narrantur
2611 3822 2774 3893 digna
2812 3828 3019 3876 suntet
3050 3834 3161 3874 non
3204 3833 3383 3872 arenae
3406 3827 3465 3872 cr

1885 3920 2184 3979 oblivionis
2225 3917 2517 3982 velamine,
2573 3922 2630 3968 ut
2677 3913 2969 3970 'Menuthes
3022 3910 3374 3974 dannonimn,
3407 3917 3467 3964 es

1876 4015 2028 4070 illius
2074 4009 2435 4073 czercmonim,
2469 4014 2519 4061 et
2549 4005 2768 4069 altaria,
2809 4011 2862 4059 et
2886 4003 3196 4067 delubrum,
3226 4016 3463 4073 quorum

1879 4106 2033 4162 utilis
2058 4105 2282 4175 quidem
2311 4098 2517 4157 oblivio
2555 4106 2639 4153 est
2668 4114 2683 4165 ;
2714 4104 2770 4152 et
2817 4095 3025 4150 idcirco
3068 4109 3096 4147 a
3130 4093 3467 4165 martyribus

1880 4196 2090 4251 factum
2118 4201 2204 4249 est
2242 4200 2340 4260 ;et
2391 4191 2718 4246 damnosum
2772 4186 2936 4242 nimis
2968 4196 3052 4240 est
3082 4184 3468 4255 spectaculum

1890 4287 2320 4357 inspieientibus
2348 4302 2371 4353 ς
2398 4292 2735 4355 quapropter
2789 4293 2960 4334 arena
3019 4278 3231 4332 marina
3267 4290 3468 4346 coope-

1882 4381 2028 4438 ritur
2060 4379 2383 4435 destruente
2410 4388 2645 4445 prorsus
2693 4373 2845 4428 illius
2876 4370 3223 4435 memoriam,
3271 4375 3326 4422 et
3377 4382 3469 4421 re-

1884 4479 2117 4545 parante
2174 4467 2534 4526 invisibilium
2597 4478 2781 4521 rerum
2860 4462 3174 4516 utilitatem.
3227 4457 3472 4514 Accedat

1889 4567 2060 4637 igitur
2089 4562 2294 4633 Lycius
2324 4560 2652 4629 dirumpens
2716 4569 2899 4610 arenae
2943 4552 3214 4617 velamen,
3244 4559 3299 4607 et
3352 4565 3469 4604 ma-

1888 4657 2149 4712 nifestum
2179 4653 2232 4708 in
2269 4667 2329 4708 se
2353 4658 2569 4723 gestum
2633 4645 2804 4701 faciat
2837 4643 2996 4698 nobis
3051 4640 3473 4713 prodigium,“

1888 4763 1997 4803 non
2021 4745 2332 4800 occultetur
2371 4740 2514 4797 male
2537 4737 2642 4795 sub
2670 4737 2811 4792 lecto
2842 4734 2922 4789 vel
2950 4733 3054 4790 sub
3093 4732 3298 4796 modio,
3323 4733 3471 4802 quod

1888 4837 2028 4892 bene
2076 4836 2261 4890 lucere
2298 4844 2464 4903 super
2491 4826 2899 4891 candelabrum,
2936 4822 2982 4877 si
3016 4822 3255 4893 positum
3304 4821 3473 4877 fuerit

1891 4928 2118 4998 poterit.
2883 4917 2888 4922 ’

1964 5019 2168 5092 Lycius
2195 5032 2328 5087 ergo
2367 5017 2561 5072 Menas
2588 5028 2711 5071 esse
2750 5013 3105 5077 noscebatur,
3125 5019 3180 5066 et
3207 5008 3480 5065 Palarenv

1895 5116 2037 5173 sium
2072 5130 2134 5172 se
2186 5127 2313 5170 esse
2353 5112 2574 5168 dicebat
2611 5108 2855 5165 civitatis
2886 5105 3180 5162 oriundum
3214 5120 3230 5171 ;
3260 5105 3473 5177 passio—

1896 5222 2023 5265 nem
2060 5214 2245 5262 autem
2277 5203 2519 5260 habebat
2549 5201 2694 5257 haud
2719 5200 2915 5263 levem,
2970 5197 3065 5255 sed
3101 5196 3392 5267 pessimam
3419 5204 3477 5251 et

1900 5299 1969 5354 ad
2024 5297 2334 5355 sanandum
2366 5293 2671 5357 diiiieilem;
2702 5304 2869 5360 porro
2921 5287 3150 5343 medicis
3189 5286 3283 5356 qui
3318 5284 3478 5339 hodie

1899 5396 2032 5445 sunt
2065 5393 2333 5458 quantum
2366 5399 2433 5439 ex
2479 5393 2598 5436 arte
2653 5377 3038 5443 insanabilem,
3064 5375 3171 5432 nisi
3198 5374 3344 5430 Deus
3375 5387 3478 5427 au-

1902 5480 2186 5534 xiliantem
2253 5475 2359 5531 sibi
2409 5473 2637 5529 donaret
2697 5470 3000 5535 virtutem;
3063 5468 3118 5522 in
3176 5465 3482 5537 hydropem

1903 5570 2050 5626 enim
2110 5565 2473 5623 incurabilem
2534 5563 2740 5618 cadens
2787 5570 2842 5618 et
2894 5568 3138 5616 moratus
3188 5557 3245 5612 in
3288 5556 3481 5613 eodem

1910 5662 2176 5730 languore
2200 5657 2634 5728 periclitabatur,
2662 5655 2943 5711 doloribus
2977 5654 3248 5710 viscerum
3289 5649 3486 5719 fatiga-

1913 5762 2026 5817 tus,
2092 5749 2373 5818 totiusque
2425 5747 2676 5815 corporis
2727 5746 2965 5813 molibus
3010 5742 3331 5801 suﬂ'ocatus.
3374 5738 3489 5801 Sed
