3930 6316
469 331 605 400 8651

470 447 599 517 quid
630 445 941 516 passionem
971 443 1097 497 huic
1126 440 1248 496 volo
1288 441 1679 496 commendare
1714 440 2004 508 seripturae
2031 479 2043 502 ,
2082 444 2126 500 Α
2159 454 2317 509 μενος
2348 452 2364 469 ·

469 552 593 593 eum
636 535 869 592 sufﬁciat
918 534 1176 589 omnibus
1212 534 1278 588 ad
1327 534 1576 588 notitiam
1610 532 1729 603 ipse
1775 531 1920 585 illius
1965 531 2059 600 qui

469 629 649 685 dictus
671 635 755 683 est
779 626 1008 697 languor
1031 625 1053 678 ?
1075 626 1195 681 Mox
1229 625 1375 680 enim
1402 625 1494 696 qui
1528 624 1693 694 hujus
1731 622 2060 693 appellatio-

469 734 588 773 nem
645 716 903 783 audiunt,
952 716 1166 771 doloris
1218 715 1460 769 formant
1488 715 1676 769 animo
1716 712 2058 784 magnitudi—

469 824 612 863 nem.
653 807 853 863 Verum
889 809 1064 863 donec
1119 807 1306 862 Menas
1367 808 1420 861 in
1465 807 1709 861 exordiis
1752 813 1897 861 esset
1945 805 2059 859 lan-

468 899 676 969 guoris,
712 909 766 954 et
795 914 982 953 curam
1019 901 1104 953 Sui
1138 899 1363 969 gerebat
1393 905 1446 951 et
1485 898 1748 951 medicos
1783 895 2058 951 accersie-

470 992 557 1043 hat
581 989 692 1062 [ita
720 989 893 1061 ‘ccd.],
918 999 971 1044 el
1006 991 1285 1060 jussiones
1310 1004 1498 1044 eorum
1538 989 1719 1044 facere
1742 987 2056 1044 festinabat.

467 1082 605 1148 Quia
652 1098 783 1136 vero
817 1085 1073 1153 passione
1131 1082 1469 1152 profit-iebat,
1508 1090 1562 1135 et
1600 1082 1786 1136 nullus
1832 1090 2059 1136 vocatus

470 1171 725 1226 medicus
774 1171 1052 1235 veniebat,
1088 1172 1269 1226 sciens
1329 1171 1689 1225 insanabilem
1725 1170 2056 1240 passionem,

467 1271 697 1317 mortem
735 1262 995 1332 consequi
1034 1262 1308 1333 cupiebat,
1344 1271 1402 1315 ut
1456 1262 1648 1316 saltem
1709 1262 1789 1316 sic
1832 1261 2060 1331 languo-

469 1371 583 1409 rem
609 1355 899 1425 effugeret.
934 1354 1040 1410 Sed
1079 1371 1203 1410 cum
1239 1365 1292 1409 et
1326 1356 1431 1409 hoc
1463 1356 1785 1410 desiderans
1817 1369 1926 1409 non
1953 1356 2059 1407 im-

468 1456 773 1517 petrasset,
795 1449 860 1500 ad
895 1446 1099 1517 Cyrum
1134 1456 1187 1502 et
1220 1446 1486 1501 Joannem
1520 1455 1795 1518 martyras
1835 1447 2059 1501 ducitur

467 1553 530 1592 ex
597 1538 812 1592 duobus
869 1539 1097 1593 alterius
1163 1553 1354 1601 causa,
1413 1537 1625 1591 scilicet
1674 1545 1732 1590 ut
1786 1537 1932 1590 hunc
1964 1544 2059 1589 aut

468 1629 644 1684 sancti
686 1631 896 1684 miserti
930 1638 1218 1690 curarent,
1273 1637 1371 1682 aut
1437 1637 1599 1682 eerte-
1638 1627 1848 1682 viscere
1893 1642 2059 1696 super

469 1736 594 1772 eunt
645 1727 819 1784 moto,
850 1717 919 1772 de
957 1728 1135 1772 morte
1168 1716 1602 1771 misericorditer
1630 1716 2054 1770 intercederent.

1373 333 1436 394 S.
1478 322 1894 393 SOPHRONII
1925 328 2434 391 PATRIARCH/E
2456 329 2863 392 HIEROSOL.

3645 324 3789 394 3ﬂ52

2410 439 2506 493 xui.
2543 438 2596 492 τί
2645 438 2707 492 τὸ
2732 437 2908 501 πάθος
2942 437 3296 508 παραστῆσαι
3334 434 3415 508 τῷ
3470 439 3777 508 γράμματι

2165 528 2466 600 βούλομαι;
2521 530 2683 600 ἀρκεῖ
2724 529 2832 600 γὰρ
2880 531 3047 584 πᾶσιν
3106 528 3244 598 πρὸς
3298 529 3518 599 εἴδησιν
3583 530 3777 599 λεχθὲν

2162 621 2329 677 αὑτοῦ
2359 623 2455 676 καὶ
2483 622 2644 693 μόνον
2662 622 2724 674 τὺ
2747 623 2940 693 ὖνομα.
2971 621 3188 685 Εὐθέως
3210 621 3321 691 γὰρ
3354 624 3408 675 οἱ
3436 623 3539 690 τῆς
3575 622 3769 676 τούτου

2162 714 2536 787 προσηγορίας
2565 712 2920 776 ἀκούσαντες,
2956 714 3053 781 τῆς
3080 712 3272 780 ὀδύνης
3302 713 3765 785 ἐνωποῦνταιτῇ

2160 805 2374 877 διανοίᾳ
2424 804 2485 860 τὸ
2545 805 2804 877 μέγεθος’
2842 804 3086 866 ἁλλ’ἐως
3120 805 3219 873 μὲν
3265 807 3323 857 ἐν
3359 805 3571 877 ἀρχαῖς
3629 801 3699 875 ἦν
3740 807 3766 859 ὀ

2162 898 2357 969 Μηνᾶς
2381 897 2475 951 τοῦ
2508 899 2839 967 νοσήματος,
2862 899 2956 950 καὶ
2986 897 3281 967 ἑεραπείας
3316 895 3645 968 ἐφρόντιζε,
3679 898 3767 950 καὶ

2160 989 2286 1052 τοὺς
2341 988 2562 1060 ἰατροὺς
2610 988 2992 1060 μετεπέμπετο
3027 1026 3041 1051 ,
3068 988 3183 1053 ικαὶ
3222 991 3395 1040 ποιεῖν
3432 988 3629 1040 αὐτῶν
3672 990 3764 1051 τὰς

2161 1080 2440 1143 κελεύσεις
2458 1080 2789 1144 ἐσπούδαζεν
2815 1099 2825 1110 ·
2848 1080 3111 1151 ἐπειδὴδὲ
3131 1078 3207 1149 τῷ
3231 1078 3396 1132 πάθει
3416 1080 3761 1149 προέκοπτε,

2164 1172 2256 1224 καὶ
2289 1171 2474 1241 ἰατρὸς
2504 1171 2681 1234 οὐδεὶς
2714 1170 3193 1242 προσκαλούμενος
3222 1170 3447 1239 ἤρχετο,
3489 1169 3664 1232 είδὼς
3706 1171 3763 1221 τὸ

2160 1259 2252 1313 τοῦ
2305 1260 2512 1323 πάθους
2560 1260 2801 1326 ἀνίατον,
2855 1259 3090 1313 θανάτου
3145 1260 3437 1329 τυγχάνειν
3486 1260 3762 1329 ἐγλίχετο.

2162 1352 2250 1404 ἵνα
2281 1352 2373 1405 καὶ
2407 1350 2580 1413 οὕτως
2609 1351 2825 1424 ἐκφύγῃ
2848 1350 2909 1403 τὸ
2939 1350 3174 1420 νόσημα.
3223 1349 3362 1403 Ἀλλ’
3383 1350 3463 1413 ὡς
3499 1353 3602 1404 καὶ
3638 1351 3761 1403 τού·

2161 1457 2256 1494 του
2300 1442 2483 1495 ποθῶν
2511 1441 2611 1494 οὐκ
2645 1441 2965 1511 ἐτύγχανεν,
3008 1442 3102 1495 ἐπὶ
3142 1441 3323 1511 Κῦρον
3363 1445 3463 1495 καὶ
3493 1444 3762 1511 Ἰωάννην

2158 1531 2283 1596 τοὺς
2333 1533 2619 1605 μάρτυρας
2650 1532 2867 1601 ἄγεται,
2900 1533 3046 1586 δυοῖν
3085 1532 3316 1605 Θατέρου
3355 1533 3571 1599 ἕνεκεν,
3607 1536 3644 1601 ἦ
3679 1538 3758 1589 ὅτι

2157 1623 2346 1677 τοῦτον
2404 1624 2727 1694 ἐλεήσαντες
2779 1624 2829 1677 οἱ
2882 1623 3028 1692 ἅγιοι
3079 1623 3541 1694 θεραπεύσουσιν,
3597 1625 3635 1695 ἦ
3678 1627 3757 1680 ὅτι

2161 1714 2658 1785 σπλαγχνισθέντες
2715 1715 2805 1768 ἐπ’
2834 1716 2987 1787 αὐτῷ
3028 1716 3153 1787 περὶ
3183 1715 3280 1769 τοῦ
3327 1716 3569 1771 θανάτου
3625 1735 3756 1790 πρε-

474 1809 625 1864 Unde
651 1811 886 1864 alterum
920 1824 984 1864 ex
1012 1808 1232 1864 duobus
1252 1807 1810 1871 obtinnit,sanitatem
1843 1807 2056 1861 scilicet

2163 1782 2480 1859 σϐεύουσινο
2544 1807 2669 1861 ὅθεν
2718 1808 2836 1870 ἐνὸς
2889 1782 2999 1861 των
3056 1782 3150 1860 δύο
3180 1808 3506 1879 τετύχηκεν,
3538 1782 3751 1878 ὑγείας,

468 1912 521 1956 et
552 1903 871 1970 sospitatem
902 1918 917 1968 ;
947 1901 1042 1956 sed
1078 1909 1130 1956 et
1156 1902 1473 1971 languorem
1514 1899 1712 1964 evasit,
1737 1914 1898 1969 quem
1930 1913 2051 1952 eva-

469 1992 601 2046 dere
638 1995 758 2047 sine
795 2000 972 2047 morte
1002 1992 1318 2045 nullatenus
1335 1989 1667 2045 aestimabat.

544 2081 797 2137 Dicemus
842 2095 1023 2138 autem
1067 2092 1121 2137 et
1166 2081 1464 2149 medelam;
1509 2080 1720 2136 urbana
1777 2079 1922 2134 enim
1969 2086 2056 2134 est

467 2173 583 2228 haec
628 2166 1040 2245 et'martyriea
1101 2174 1259 2242 plena
1303 2173 1479 2243 gratia
1532 2171 1696 2226 simul
1744 2178 1799 2226 et
1839 2169 2044 2224 fortitu-

2157 1896 2322 1966 φημὶ,
2353 1896 2452 1950 καὶ
2502 1900 2605 1968 τῆς
2645 1899 2868 1967 ῥώσεως
2888 1912 2905 1928 ο
2939 1898 3032 1951 καὶ
3065 1897 3160 1968 τὴν
3189 1898 3345 1952 νόσον
3373 1898 3663 1968 διέφυγεν,
3691 1902 3754 1970 ἢν

2156 1986 2420 2056 ἐκφυγεῖν
2453 1986 2686 2041 θανάτου
2727 1989 2899 2058 χωρὶς
2928 1989 3028 2041 ούκ
3052 1989 3296 2060 ἐνόμιζε.

2230 2078 2499 2149 Λέξωμεν
2528 2080 2585 2133 δὲ
2616 2081 2711 2152 uel
2753 2079 2852 2151 τὴν
2877 2082 3023 2134 ἴασιν
3043 2097 3057 2112 ⁸
3085 2081 3276 2133 ἀστεία
3311 2081 3420 2153 γὰρ
3450 2080 3621 2153 αὕτη,
3662 2083 3750 2137 καῖ

2158 2172 2501 2242 μαρωρικῆς
2540 2173 2786 2243 γέμουσα
2834 2172 3056 2243 χάριτος
3118 2172 3255 2243 ὁμοῦ
3296 2175 3392 2227 καὶ
3444 2173 3746 2243 δυνάμεως.

467 2264 616 2319 dine.
651 2264 950 2321 Dortnicnti
979 2265 1126 2319 enim
1153 2265 1201 2318 ei
1244 2264 1335 2332 qui
1370 2263 1681 2332 patiebatur
1704 2272 2053 2333 apparentes,

2158 2263 2416 2327 Φανέντες
2468 2264 2579 2335 γὰρ
2614 2266 2944 2335 κοιμωμένῳ
2973 2264 3051 2336 τῷ
3088 2264 3372 2335 πάσχοντι,
3422 2268 3521 2319 καὶ
3558 2267 3751 2330 ἰδόντες

466 2365 520 2410 et
549 2370 671 2426 qua:
713 2357 879 2411 corde
910 2356 1086 2427 ipsius
1121 2355 1485 2410 versabantur
1517 2371 1666 2412 tuere
1696 2356 1957 2420 scientes,
2002 2363 2057 2410 et

466 2450 703 2518 qualiter
718 2450 1013 2519 aliquando
1045 2448 1263 2519 quidem
1290 2457 1525 2504 moestus
1552 2457 1781 2505 mortem
1812 2458 2053 2515 vocaret,

466 2553 520 2596 et
542 2552 689 2597 terra
710 2543 867 2597 obrui
891 2541 1033 2613 [ίοιί.
1064 2541 1217 2613 exui]
1244 2542 1424 2607 vellet,
1451 2540 1750 2612 aliquando
1770 2557 1899 2596 vero
1918 2554 2054 2596 con-

467 2641 552 2687 tra
592 2649 692 2702 pro
724 2634 959 2688 sanitate
997 2632 1337 2688 intercedere
1367 2640 1421 2687 et
1456 2633 1637 2688 vivere
1664 2633 1709 2687 si
1744 2647 1915 2688 sanus
1944 2633 2055 2690 elli-

470 2734 696 2778 ceretur
719 2733 924 2788 oraret,
955 2723 1138 2778 facere
1165 2722 1576 2794 quodammodo
1607 2731 1903 2794 utrumque
1924 2740 2056 2795 prmo

468 2814 703 2882 cipiunt,
737 2823 791 2866 et
839 2814 1131 2867 sanitatem
1172 2812 1535 2883 porrigentes,
1575 2822 1629 2866 et
1678 2814 2052 2884 sepeliendum

469 2914 634 2961 terra;
676 2905 1005 2960 tribuentes.
1064 2903 1121 2959 Si
1169 2906 1312 2958 enim
1361 2905 1464 2969 vis,
1530 2906 1728 2975 inquit,
1776 2907 2054 2976 ereptione

470 3000 637 3071 potiri
697 2999 1006 3068 languoris,
1063 3013 1091 3052 a
1144 2998 1347 3068 templo
1395 2998 1646 3057 sublatus
1689 3000 1970 3070 egredere,
1999 3007 2054 3055 et

469 3090 819 3160 temetipsum
875 3089 1042 3158 sepeli
1077 3103 1245 3143 arena
1277 3089 1477 3143 vicina.
1523 3092 1593 3143 At
1634 3090 1723 3144 ille
1747 3105 2047 3146 conversus

471 3189 593 3252 post
629 3182 897 3251 optimum
926 3181 1224 3244 somnium,
1260 3182 1452 3236 mortis
1475 3184 1659 3251 potius
1698 3198 1860 3251 quam
1893 3183 2043 3237 sani-

468 3278 598 3328 tatis
624 3273 906 3336 indieiuin,
932 3272 1076 3325 illam
1112 3273 1165 3326 in
1207 3286 1371 3327 arena
1416 3274 1750 3342 sepulturam
1781 3274 2043 3343 conjicie-

470 3367 599 3430 bat;
625 3373 678 3417 et
719 3374 900 3419 tamen
951 3365 1076 3434 quia
1114 3374 1429 3434 utrumque,
1472 3376 1705 3420 mortem
1741 3366 1953 3421 scilicet
1993 3372 2045 3422 et

470 3457 783 3522 sanitatem,
829 3457 927 3512 etsi
971 3471 1078 3510 non
1121 3457 1393 3521 similiter,
1434 3468 1655 3528 propter
1702 3459 2043 3529 languorem,

472 3546 842 3607 desiderabat,
876 3553 1206 3615 praeceptum
1232 3548 1449 3602 concite
1476 3548 1730 3612 faciebat,
1759 3548 1883 3603 vita:
1922 3563 2047 3602 cum

477 3638 666 3692 dolore
699 3637 897 3691 habita:
939 3653 1264 3709 praeponens
1293 3646 1603 3709 utrumque,
1636 3647 1866 3693 mortem
1897 3639 2048 3695 scili-

474 3738 557 3783 cet
579 3729 699 3783 sine
729 3729 938 3794 dolore,
966 3737 1020 3783 et
1045 3731 1210 3784 vitam
1237 3729 1442 3800 absque
1473 3731 1756 3801 languore.
1785 3730 2047 3802 Egressus

474 3835 604 3889 ergo
631 3821 901 3889 atcmplo,
943 3829 997 3875 et
1040 3836 1226 3885 arena,
1252 3830 1311 3874 ιιι
1336 3821 1526 3890 jussus
1560 3820 1758 3885 fuerat,
1790 3820 2045 3885 obrutus,

473 3921 526 3965 rt
555 3912 841 3967 sanitatem
880 3914 1143 3983 percepit,
1188 3922 1242 3967 et
1276 3923 1549 3983 speratam
1583 3920 1809 3967 mortem
1851 3914 2045 3968 evasit.

472 4009 606 4065 Cum
638 4010 783 4064 enim
830 4023 994 4062 arena
1036 4008 1381 4079 sepeliretur,
1442 4007 1676 4062 habebat
1710 4008 1871 4062 etiam
1914 4020 2048 4062 con-

473 4101 868 4171 scpeliendium
921 4100 1023 4155 sibi
1055 4099 1403 4170 languorem;
1445 4115 1509 4152 ex
1556 4098 1657 4153 hae
1706 4105 1882 4153 autem
1929 4106 2049 4168 post

473 4195 811 4265 sepulturam
848 4207 1163 4261 resurgens,
1204 4207 1310 4244 non
1348 4191 1583 4244 habebat
1625 4198 2047 4259 consurgentem

473 4299 662 4341 secum
701 4284 1113 4348 inﬁrmitatem;
1157 4282 1251 4337 sed
1277 4282 1356 4336 sic
1387 4296 1550 4334 arena
1574 4281 1835 4349 dissipata
1868 4297 2052 4351 surge-

472 4376 587 4439 bat,
614 4376 777 4432 sicuti
808 4374 1028 4444 quando
1056 4389 1122 4427 cx
1146 4374 1377 4428 matrice
1408 4374 1525 4427 sine
1546 4373 1800 4444 passione
1832 4388 2048 4443 preces-

2156 2355 2399 2426 ἀκριϐὦς
2448 2355 2614 2410 αὑτοῦ
2639 2358 2707 2411 τὰ
2728 2358 3013 2430 ἐγκάρδια,
3045 2358 3139 2411 καὶ
3173 2359 3246 2421 ὡς
3284 2358 3412 2411 ποτέ
3446 2359 3553 2427 μὲν
3583 2359 3747 2429 ῥαθυ-

2159 2444 2290 2515 μῶν
2310 2446 2633 2501 ἐπεκαλεῖτο
2667 2449 2758 2500 τὸν
2809 2448 3059 2512 θάνατον,
3089 2449 3180 2500 καὶ
3218 2448 3323 2516 γῆν
3369 2448 3569 2519 ήθελεν
3616 2449 3746 2503 ὐπο-

2153 2536 2397 2606 δύεσθαι,
2431 2540 2562 2593 ποτέ
2597 2540 2655 2595 δέ
2682 2539 2749 2593 αὖ
2782 2540 3032 2612 περὶτῆς
3065 2542 3256 2609 ὑγείας
3296 2543 3629 2613 ἐπρέσϐευε,
3658 2543 3747 2596 καὶ

2154 2628 2254 2698 ζῇν
2283 2630 2330 2682 εί
2359 2629 2595 2700 ρωσθείη
2635 2629 3005 2702 προσηύχετο,
3058 2631 3348 2703 ἀμφότερα
3379 2633 3592 2703 τρόπον
3629 2632 3744 2685 τινὶ

2155 2720 2330 2771 ποιεῖν
2363 2720 2748 2774 ἐπιτάττουσιο
2802 2723 2897 2775 καὶ
2942 2722 3041 2794 τὴν
3084 2724 3256 2794 eam
3292 2724 3606 2795 ὀρέγοντες,
3656 2726 3746 2778 καὶ

2105 2813 2109 2816 ’
2152 2813 2217 2882 τῇ
2245 2813 2315 2882 γῇ
2361 2811 2593 2876 διδόντες
2623 2814 3011 2869 ἐνθάπτεσθαι.
3056 2815 3119 2867 El
3163 2814 3325 2886 θέλῃς
3367 2816 3502 2886 γὰρ,
3558 2816 3744 2885 φησὶν,

2165 2904 2492 2974 ἀπαλλαγῆς
2527 2908 2710 2976 τυχεῖν
2748 2906 2842 2960 τοῦ
2884 2907 3213 2978 νοσήματος,
3247 2907 3340 2961 τοῦ
3370 2910 3638 2979 τεμένους
3665 2911 3749 2961 αἰεί

2154 2992 2381 3065 ρόμενος
2400 2995 2660 3061 ἔξιθι,καὶ
2678 2997 2897 3053 σεαυτὸν
2920 2997 3153 3052 ἐνθαπτε
3176 2999 3391 3072 ψάμμῳ
3425 3003 3491 3072 τῇ
3520 3001 3744 3066 γείτονι.

2163 3085 2220 3138 '0
2249 3085 2305 3139 δὲ
2346 3089 2606 3157 στραφεὶς
2650 3089 2788 3160 μετὰ
2810 3090 2900 3145 τὸν
2931 3091 3211 3145 κάλλιστον
3243 3092 3475 3163 ὄνειρον,
3511 3091 3749 3146 θανάτου

2154 3175 2354 3245 μᾶλλον
2397 3177 2428 3248 ἢ
2454 3179 2672 3248 ῥώσεως
2704 3180 2968 3250 σύμϐολον
2992 3181 3087 3252 τὴν
3109 3184 3167 3235 ἐν
3191 3182 3402 3252 ψάμμῳ
3438 3183 3618 3252 ταφὴν
3642 3185 3747 3235 ὑπ-

2146 3268 2472 3340 ελάμϐανεν·
2497 3273 2646 3342 ὅμως
2671 3275 2970 3345 ἐπειδήπερ
2990 3276 3263 3345 ἑκατέρων
3279 3277 3375 3327 καὶ
3395 3275 3630 3329 θανάτου
3655 3276 3748 3328 καὶ

2151 3360 2390 3431 ῥώσεως,
2412 3364 2505 3415 καὶ
2533 3364 2607 3433 μὴ
2629 3366 2830 3434 ὁμοίως
2844 3366 2927 3420 διὰ
2945 3367 3045 3437 τὴν
3071 3368 3228 3420 νόσον
3255 3368 3517 3438 ὠρέγετο,
3549 3370 3744 3421 συντόέ

2151 3471 2265 3523 μως
2280 3455 2451 3507 ἐποίει
2464 3457 2521 3510 τι
2535 3457 2933 3529 θέσπισμα,τῆς
2946 3460 3219 3514 ἐτ.ωδύνου
3233 3460 3381 3530 ζωῆς
3401 3464 3457 3514 ἐν
3470 3465 3744 3533 προτιμή-

2150 3559 2231 3595 σει
2258 3544 2437 3615 φέρων
2465 3545 2823 3616 ἐκάτερα,καὶ
2850 3547 2940 3600 τὸν
2967 3548 3232 3601 ἀνώδυνον
3257 3548 3507 3611 θάνατον,
3528 3552 3625 3602 καὶ
3643 3550 3744 3620 τὴν

2149 3633 2292 3706 ζωὴν
2326 3636 2424 3706 τὴν
2445 3636 2571 3691 ἄνευ
2600 3638 2931 3708 νοσήματος.
2967 3638 3229 3702 Ἐξελοὼν
3257 3636 3349 3693 οὖν
3379 3640 3440 3692 τὸ
3475 3642 3741 3710 τέμενος,

2150 3729 2246 3782 καὶ
2271 3727 2483 3802 ψάμμῳ
2511 3732 2739 3801 χωσθεὶς
2765 3733 2839 3796 ὡς
2878 3735 3224 3798 κεκέλευστο,
3259 3736 3354 3789 καὶ
3386 3737 3485 3805 τῆς
3517 3736 3742 3805 ῥώσεως

2150 3819 2360 3891 ἔτυχεν,
2396 3824 2490 3875 καὶ
2519 3823 2610 3876 τὸν
2632 3824 2984 3895 ἐλπιζόμενον
3020 3824 3187 3895 ἔφυγε
3221 3827 3486 3881 κίνδυνον.
3518 3828 3599 3898 Τῇ
3631 3828 3741 3897 γὰρ

2149 3909 2363 3980 ψάμμῳ
2403 3914 2681 3977 παντελῶς
2699 3913 3120 3985 ἐνθαπτόμενος,
3148 3913 3259 3986 εἶχε
3294 3918 3740 3988 συνθαπτόμενον

2151 4002 2298 4073 αὐτῷ
2330 4005 2423 4057 καὶ
2454 4006 2513 4059 τὸ
2558 4007 2769 4077 νόσημα
2795 4022 2809 4037 ·
2852 4009 3055 4079 ταύτης
3108 4010 3165 4062 δὲ
3222 4000 3362 4081 μετά
3404 4012 3506 4082 τὴν
3558 4012 3739 4081 ταφήν

2152 4095 2532 4166 ἀνιστάμενος,
2581 4098 2682 4151 οὐκ
2713 4093 2826 4170 εἶχε
2868 4101 3320 4172 συνεγειρόμενον
3358 4104 3508 4173 αύτῷ
3545 4105 3609 4157 τὸ
3634 4108 3737 4177 ἁῤ-

2153 4184 2419 4256 ῥώστημα
2444 4206 2457 4217 ·
2515 4188 2628 4242 ἀλλ’
2658 4189 2801 4244 οὕτω
2838 4191 2935 4264 τήν
2963 4192 3189 4263 ψάμμον
3224 4194 3584 4249 διασκεδάσειν
3644 4199 3741 4250 ἀν-

2156 4276 2339 4330 ίστατο
2359 4279 2435 4342 ὡς
2466 4281 2528 4331 ἐκ
2567 4281 2777 4351 μήτρας
2810 4283 2939 4338 ἄνευ
2979 4286 3185 4349 πάθους
3220 4289 3589 4359 προσήρχετο.
3626 4292 3736 4343 Καὶ

2158 4370 2349 4439 Μηνᾶς
2386 4372 2485 4441 μὲν
2520 4376 2705 4445 τρόπῳ
2734 4376 2920 4448 τοιῷδε
2961 4377 3059 4448 τὴν
3110 4379 3280 4449 ρὦιν
3311 4381 3609 4452 ἀπείληφε,
3642 4380 3734 4435 καὶ

473 4470 565 4525 sit.
595 4468 658 4521 Et
690 4467 871 4521 Menas
902 4458 1121 4535 quidem
1172 4466 1264 4519 tali
1303 4465 1463 4519 modo
1505 4467 1793 4521 sanitatem
1860 4483 2048 4535 perce-

2158 4469 2506 4537 χαριστήριον
2547 4465 2696 4522 αἶνον
2738 4471 3024 4536 ἀνατείνας
3081 4476 3195 4537 τοῖς
3241 4475 3480 4545 μάρτυσι
3527 4477 3734 4547 χαίρων

472 4561 571 4629 pit,
625 4567 679 4612 et
735 4559 978 4627 gratiﬁea
1015 4570 1239 4613 extensa
1278 4556 1365 4630 [ex
1408 4557 1527 4628 σικ]
1570 4557 1747 4621 laude,
1802 4557 2045 4626 gaudens

472 4653 675 4722 pariter
691 4660 744 4705 et
772 4651 1054 4705 exsultans
1086 4652 1149 4703 ad
1184 4649 1399 4721 Lyciam
1430 4650 1696 4720 pervenit.
1731 4649 1900 4703 Porro
1925 4664 2044 4713 nos,

474 4741 668 4794 iterum
692 4750 914 4794 sanctos
946 4740 1254 4804 laudantes,
1285 4740 1510 4795 alterius
1536 4755 1723 4794 eorum
1756 4740 2047 4795 (lli-ramus

473 4832 719 4888 miraculi
756 4848 913 4900 opus.

612 4925 821 4980 LXVII.
867 4925 941 4979 De
981 4925 1202 4995 Georgio
1254 4927 1343 4995 qui
1381 4945 1411 4980 a
1447 4928 1635 4993 spiritu
1673 4928 1911 4997 agitatus

980 4998 1307 5064 semetipsum
1329 4999 1538 5050 occidit.

546 5088 725 5144 Alium
761 5089 920 5143 nobis
971 5088 1184 5157 Cyprus
1231 5090 1294 5142 ad
1352 5088 1719 5142 narrationem
1754 5086 2046 5157 Georgium

472 5183 720 5251 prozulit,
761 5190 814 5236 et
860 5183 1004 5235 hunc
1048 5181 1306 5250 copulare
1350 5180 1563 5235 duobus
1612 5180 2047 5250 praecedentibus

471 5273 819 5335 exhortatur,
861 5282 918 5325 ut
946 5273 998 5325 in
1044 5271 1282 5324 mirabili
1319 5283 1635 5326 sanctorum
1672 5286 1857 5340 opere,
1885 5274 2049 5326 tertio

471 5364 705 5432 prolato,
757 5363 905 5417 hunc
960 5362 1195 5432 potioris
1247 5364 1596 5417 occasionem
1651 5362 1923 5431 superbia:
1963 5363 2045 5416 l‘a-

469 5452 763 5508 ciat.Unde
800 5455 1065 5508 mirantes
1105 5462 1159 5507 et
1205 5468 1305 5508 nos
1349 5452 1597 5522 ejusdem
1647 5454 1841 5509 insulae
1879 5456 2051 5508 hono-

470 5546 817 5612 riﬁcentiam,
855 5559 909 5601 et
940 5547 1389 5602 deeentissimam
1445 5561 1570 5615 erga
1622 5554 1892 5619 martyras
1939 5547 2051 5617 pie-

472 5643 659 5701 tatem,
709 5638 1048 5708 gloriamque
1092 5639 1266 5708 ipsius
1316 5638 1719 5701 multimodam,
1765 5654 1886 5709 quae
1930 5650 2050 5693 stu-

472 5726 629 5779 dctur
672 5726 758 5795 [ex
803 5725 924 5795 Gr.)
977 5729 1031 5783 in
1094 5729 1200 5795 his,
1262 5727 1554 5797 petitiones
1611 5730 2046 5800 adimpleantus:

2150 4558 2285 4627 ὁμοῦ
2322 4560 2415 4612 καὶ
2440 4559 2677 4629 σκιρτῶν
2712 4559 2810 4630 τὴν
2849 4561 3054 4616 Λυκίαν
3104 4564 3399 4636 κατείληφε
3424 4581 3438 4595 ο
3488 4566 3652 4634 ἡμεῖς
3675 4565 3731 4618 δέ

2152 4649 2315 4703 πάλιν
2340 4653 2466 4715 τοὺς
2501 4653 2690 4720 ἁγίους
2720 4655 3054 4722 αἰνέσαντες,
3105 4656 3273 4725 ἄλλην
3311 4657 3492 4710 αὐτῶν
3518 4656 3729 4726 θαυμα-

2149 4741 2407 4812 τουργίαν
2436 4744 2833 4816 προσοίσωμεν.

2150 4920 2265 4975 ΞΖν.
2318 4923 2457 4990 Περὶ
2491 4925 2792 4997 Γεωργίρυ
2819 4925 2926 4997 τοῦ
2956 4927 3443 4996 areu/tartareae
3471 4932 3573 4985 καὶ
3601 4932 3733 4985 ἑαυ-

2681 4995 2788 5047 τὸν
2825 4995 3198 5063 σφάξαντος.

2227 5083 2418 5137 Ἀλλον
2465 5087 2602 5155 ἡμῖν
2654 5089 2687 5156 ή
2745 5087 2967 5158 Κύπρος
3002 5088 3277 5159 Γεώργιον
3307 5091 3445 5161 πρὸς
3485 5092 3734 5163 διήγησιν

2150 5175 2379 5243 ἢγαγεν,
2405 5177 2499 5229 καὶ
2531 5176 2719 5230 τοῦτον
2759 5181 2870 5247 τοῖς
2923 5179 3257 5249 προλαϐοῦσι
3304 5183 3399 5236 δύο
3442 5187 3733 5240 συνάπτειν

2153 5270 2545 5340 προτρέπεται,
2598 5270 2664 5323 ἵν’
2688 5274 2744 5324 ἐν
2794 5275 2859 5343 τῇ
2908 5274 3017 5325 τῶν
3063 5274 3232 5343 ἁγίων
3281 5276 3737 5353 θαυματογραςίᾳ

2151 5361 2333 5429 τρίτον
2354 5362 2647 5430 ἐνέγκασα,
2677 5362 2836 5417 τοῦτο
2874 5364 3118 5432 μείζονος
3145 5367 3399 5438 ἀφορμὴν
3430 5370 3737 5441 ἀγερωχξας

2154 5454 2461 5520 ποιήσαιτο.
2486 5453 2651 5507 Ὅθεν
2697 5454 3079 5525 θαυμάσαντες
3111 5457 3279 5527 αὐτῆς
3330 5461 3424 5511 καὶ
3470 5462 3633 5531 ἡμεῖς
3682 5464 3736 5513 τὸ

2154 5544 2457 5614 φιλότιμον,
2493 5547 2586 5598 καὶ
2619 5547 2716 5617 τὴν
2754 5550 2830 5610 εἰς
2863 5549 2989 5611 τοὺς
3033 5549 3318 5619 μάρτυρας
3359 5551 3732 5622 εὐπρεπεστάο

2151 5651 2253 5705 την
2280 5636 2586 5701 εὐσέϐειαν,
2628 5639 2720 5689 καὶ
2749 5637 2808 5691 τὸ
2834 5638 2926 5690 ἐπὶ
2957 5639 3169 5702 τούτοις
3199 5640 3335 5713 αὐτῇ
3366 5644 3736 5714 σπουδαζόμε-

2154 5745 2244 5782 νον
2268 5726 2605 5800 πολύτροπον
2630 5727 2913 5799 καύχημα,
2939 5728 3037 5791 τὰς
3064 5730 3306 5799 αἰτήσεις
3337 5732 3734 5806 πληρώσωμιν,
