3930 6316
146 349 226 411 36
239 351 307 411 53

1197 337 1298 397 SS.
1332 333 1507 396 CYRI
1541 332 1638 393 ET
1661 328 1985 392 IOANNIS
2015 327 2430 387 Mll’tACULA.

3297 326 3444 391 3654

145 458 575 531 Κεχαρισμέναι
602 456 708 526 γὰρ
739 450 899 509 αὗται
931 455 1023 506 καὶ
1055 454 1188 522 ἡμῖν
1212 452 1637 520 καθεστήκασιν,
1670 448 1762 500 καὶ

1879 445 1983 499 haec
2017 444 2215 514 quippe
2236 442 2398 497 nobis
2423 420 2598 496 etiam.
2619 430 2772 511 grata
2808 437 3141 505 consistunt,
3171 448 3228 494 et
3266 440 3437 496 virtu-
3482 434 3487 449 '

145 549 262 617 τὴν
308 549 389 609 είς
438 544 600 598 αὐτὸν
632 546 745 606 τοῖς
771 544 947 611 ἁγίοις
982 539 1303 611 πραχθεῖσιν
1335 540 1566 608 δύναμιν
1592 535 1757 601 λέξω-

154 656 290 706 μεν,
324 635 636 706 ὑπερϐολὴν
671 634 956 704 θαύματος
1001 632 1256 702 ἔχουσαν,
1304 630 1401 685 καὶ
1445 630 1544 697 τὴν
1597 628 1756 697 χάριν

150 730 349 783 αὐτῶν
388 730 457 783 δι’
494 730 697 798 ἑαυτῆς
733 726 1133 789 είκονίζουσαν.

232 821 487 892 Κύπριος
535 817 604 891 ἦν
648 822 695 883 ὁ,
722 817 1020 889 Γεώργιος,
1053 815 1148 869 καὶ
1179 813 1457 881 δαιμόνιον
1490 811 1614 882 ἔσχε
1663 811 1757 864 ἐπὶ

153 911 338 981 κακίᾳ
385 909 554 980 πολλῇ
604 907 1045 979 γνωριζόμενον’
1100 905 1371 974 δαιμόνων
1400 905 1510 973 γὰρ
1547 903 1758 955 πολλῶν

155 999 387 1070 ὑπῆρχε
431 999 568 1052 πολὺ
600 997 993 1066 πονηρότατον,
1023 997 1117 1049 καὶ
1146 996 1214 1047 τὰ
1246 998 1355 1057 τοῖς
1380 993 1594 1056 πολλοῖς
1622 992 1760 1064 δρώ-

160 1108 310 1158 μενα
344 1091 490 1143 κακά
524 1090 688 1161 μόνον
717 1088 850 1141 αὐτὸ
882 1090 1059 1141 ποιεῖν
1093 1087 1392 1159 ἠγωνίζετο
1413 1102 1427 1115 ⁸
1462 1085 1556 1138 καὶ
1593 1084 1761 1155 μεγά-

156 1182 267 1251 λην
314 1175 487 1251 ἧτταν
534 1181 594 1233 τὸ
645 1179 818 1232 δεινὸν
865 1178 1269 1248 ὑπελάμϐανεν,
1301 1177 1349 1227 εὶ
1379 1180 1523 1246 φανῇ
1566 1177 1761 1248 μικρὸν

157 1274 277 1327 τῶν
296 1272 472 1326 ἄλλων
491 1272 746 1325 ἁπάντων
777 1271 1084 1341 πραότερον
1106 1285 1117 1298 '
1143 1268 1287 1323 οὕτω
1315 1268 1371 1321 δὲ
1401 1267 1640 1336 χαλεπὸν
1667 1268 1770 1320 καί

163 1362 584 1433 μισάνθρωπον,
610 1416 615 1419 ,
648 1361 1037 1431 χαλεπώτερον
1082 1360 1226 1429 ἥπερ
1251 1357 1399 1411 ἄλλοι
1427 1358 1631 1425 διετίοη
1673 1358 1762 1412 τὸν

160 1453 482 1525 ἄνθρωπον,
528 1454 825 1506 ὲπιπίπτον
859 1452 947 1506 ἀεὶ
978 1452 1074 1503 καὶ
1115 1452 1400 1520 συντρῖϐον
1433 1450 1524 1503 τὸν
1555 1449 1761 1514 ἄθλιον,

163 1547 267 1600 καὶ
294 1546 462 1599 αὐτοῦ
489 1546 555 1598 τὰ
589 1544 763 1597 πολλὰ
793 1543 1161 1614 μανικώτερον
1185 1543 1347 1596 αὐτὸν
1369 1541 1769 1614 ἐργαζόμενον.-

165 1635 378 1690 Τούτου
428 1634 609 1688 ποθῶν
657 1634 756 1705 τὴν
809 1634 987 1704 φυγὴν
1022 1635 1049 1687 6
1076 1633 1374 1705 Γεώργιος,
1404 1635 1484 1697 είς
1517 1633 1766 1699 Ἀλεξάν-

162 1729 355 1797 δρειαν
386 1727 629 1798 ἔρχεται,
671 1727 766 1780 καὶ
812 1725 902 1778 τὸν
948 1726 1084 1779 νεὼν
1126 1725 1237 1780 τῶν
1266 1726 1440 1795 ἁγίων
1472 1726 1762 1793 κατέλαϐε,

1858 546 1965 591 tem
2000 551 2122 605 quae
2162 536 2219 589 in
2242 546 2308 591 eo
2338 548 2369 587 a
2397 533 2606 589 sanctis
2636 541 2785 603 gesta
2812 538 2898 587 est
2924 531 3239 597 edicarnus;
3273 532 3439 587 habet

1856 634 2002 688 enim
2028 633 2388 689 eminentiam
2430 631 2709 697 miraculi,
2758 645 2856 701 per
2884 645 2944 686 se
2987 630 3163 699 ipsam
3205 631 3445 700 gratiam

1856 737 2045 780 eorum
2080 725 2406 796 imaginaris.

1929 816 2163 886 Cyprius
2206 822 2326 870 erat
2364 814 2633 885 Georgius
2659 822 2714 868 et
2760 813 3061 869 daemonem
3113 814 3345 871 habebat
3382 814 3445 871 in-

1858 909 2031 962 multa
2055 909 2258 963 malitia
2291 908 2610 979 cognitum;
2653 907 2843 963 multis
2871 907 3017 962 enim
3066 914 3185 962 erat
3229 908 3438 962 daemo-

1859 1001 2025 1055 nibus
2060 1000 2314 1070 nequior,
2349 1009 2404 1055 et
2453 1000 2593 1053 mala
2622 1013 2746 1069 quae
2792 1015 2822 1053 a
2862 997 3049 1054 multis
3082 999 3437 1068 gerebantur,

1860 1093 2012 1147 solus
2057 1092 2175 1162 ipse
2205 1090 2384 1146 facere
2437 1091 2782 1157 decertabat;
2831 1098 2886 1145 et
2920 1106 3171 1160 magnam
3210 1105 3440 1160 snpera-

1862 1185 2065 1239 tionem
2095 1185 2181 1240 sui
2208 1199 2334 1239 acer
2354 1184 2444 1238 ille
2462 1182 2708 1253 putabat,
2734 1183 2778 1236 si
2802 1183 3145 1253 apparuisset
3168 1183 3358 1237 saltem
3383 1182 3448 1235 in-

1862 1275 2084 1330 modico
2113 1276 2389 1331 universis
2437 1275 2562 1330 aliis
2606 1274 2813 1329 mitior.
2856 1275 2991 1329 Cum
3025 1283 3207 1327 autem
3259 1272 3442 1326 taliter

1862 1380 2042 1423 savus
2069 1374 2237 1432 esset,
2269 1373 2326 1421 et
2368 1366 2609 1421 hominis
2666 1380 2817 1429 osor,
2874 1365 3073 1420 saevius
3124 1379 3285 1434 quam
3347 1363 3450 1417 alii

1862 1460 2134 1515 tractabat
2159 1458 2460 1525 hominem,
2513 1459 2808 1513 immersus
2848 1471 3064 1526 semper
3104 1456 3161 1511 in
3200 1471 3348 1524 eum,
3389 1464 3445 1510 et

1863 1557 2158 1603 conterens
2189 1548 2452 1602 miserum
2498 1554 2552 1600 et
2581 1561 2702 1602 sese
2748 1545 3033 1600 saeviorem
3084 1545 3138 1598 in
3192 1544 3453 1614 plurimis-

1863 1648 2120 1706 operans.
2149 1636 2327 1704 Huius
2357 1636 2697 1691 desiderans
2717 1636 2901 1706 fugam
2920 1635 3188 1705 Georgius
3208 1635 3445 1690 Alexan-

1864 1726 2040 1782 driam
2082 1728 2253 1793 venit,
2288 1737 2342 1782 et
2376 1727 2444 1781 ad
2494 1727 2779 1784 basilicam
2819 1737 3134 1783 sanctorum
3186 1726 3451 1793 accessit,

165 1819 269 1873 καὶ
301 1818 488 1872 τοῦτον
524 1816 815 1888 κατῴκησε
852 1816 991 1887 μετὰ
1020 1816 1128 1869 τῶν
1154 1816 1326 1870 ἄλλων
1354 1816 1596 1870 ἀσθενῶν
1623 1817 1760 1873 διαι-

1879 1824 1915 1872 :t
1945 1817 2000 1871 in
2034 1817 2138 1871 hac
2178 1816 2447 1873 habitavit
2475 1831 2598 1873 cum
2636 1818 2764 1874 aiiis
2787 1827 3032 1872 moratus
3058 1816 3310 1872 infirmis.
3337 1815 3449 1872 Sed

164 1910 438 1980 τὼμενος.
466 1908 606 1963 Ἀλλ’
625 1911 652 1963 6
668 1909 877 1981 δαίμων
899 1911 1103 1973 ἐκεῖνος
1126 1911 1154 1962 6
1180 1910 1368 1981 ἄγριος
1393 1915 1759 1982 μαρτυρικαῖς

167 2002 331 2072 χερσὶ
363 2001 782 2071 μαστιζόμενος,
814 2003 908 2054 καὶ
964 2001 1039 2071 μὴ
1087 2001 1270 2071 φέρων
1311 2000 1392 2053 ἔτι
1438 2000 1539 2068 τὴν
1571 2001 1759 2055 ἐνθάδε

166 2092 448 2163 Γεωργίου
478 2092 820 2162 κατοίκησιν,
850 2092 988 2161 μήτε
1032 2091 1364 2159 χωρίζεσθαι
1392 2091 1583 2144 τούτου
1626 2092 1763 2162 πρὸς

169 2184 356 2239 αὐτῶν
389 2186 878 2255 προσταττόμενος,
909 2182 1150 2249 τοιοῦτόν
1195 2201 1247 2236 τι
1282 2185 1596 2254 μηχανᾶται
1623 2202 1765 2252 παγ-

170 2274 461 2339 κάκιστον,
499 2276 592 2328 καὶ
623 2277 722 2344 τῆς
769 2273 935 2327 αὑτοῦ
986 2273 1252 2344 πονηρίας
1302 2274 1765 2344 ὲπάξιον,φυγήν

172 2365 359 2435 ἐαυτῷ
396 2354 494 2435 τῆς
530 2364 641 2423 τῶν
678 2364 856 2431 ἁγίων
894 2363 1333 2434 μνηστευόμενος
1370 2365 1657 2434 μάστιγος.

250 2455 644 2525 Νυκτικόρακα
695 2453 756 2505 τὸ
803 2450 1143 2522 καλούμενον
1176 2451 1366 2524 ὄρνεον
1413 2451 1767 2523 ὲμφωλεῦσαι

174 2551 248 2618 τῇ
301 2546 469 2617 στέγῃ
513 2544 848 2614 πεποίηκεν,
883 2543 976 2596 καὶ
1006 2545 1113 2596 τῶν
1142 2542 1322 2596 τόπων
1349 2542 1461 2596 ἄνω
1485 2540 1769 2595 καθεύδειν

174 2654 240 2689 τε
269 2635 363 2689 κα)⁵
392 2632 741 2697 καθέζεσθαι,
772 2634 829 2685 ὲν
855 2627 934 2695 οἷς
957 2628 1026 2700 ἦν
1060 2632 1155 2684 καὶ
1187 2630 1462 2703 Γεωργίου
1498 2632 1566 2685 τά
1596 2631 1772 2703 στρώ-

181 2742 335 2796 ματα
353 2743 366 2755 ·
392 2725 515 2778 ὅθεν
540 2726 567 2775 6
591 2721 924 2792 νυκτικὸραξ
958 2720 1291 2791 καθήμενος,
1318 2721 1406 2772 ἐπ’
1431 2720 1591 2773 αὑτὸν
1613 2721 1774 2790 ἠκόν-

178 2816 333 2881 τιζεν
380 2813 574 2869 ἑαυτοῦ
630 2815 691 2866 τὸ
747 2814 1054 2883 ἀφόδευμα,
1088 2813 1183 2865 καὶ
1235 2813 1415 2867 πᾶσαν
1463 2813 1628 2865 αὐτοῦ
1676 2813 1774 2883 τὴν

181 2907 418 2978 στρῶσιν
445 2905 731 2976 ἠφάνιζεν.
758 2901 1036 2964 Μαθόντες
1068 2903 1117 2954 οἱ
1165 2901 1243 2971 τῷ
1291 2900 1397 2971 νεῷ
1422 2901 1773 2970 διακονούμε-

178 3016 291 3065 νοι,
322 3000 403 3061 είς
452 2997 618 3050 τόπον
667 2995 854 3065 ἕτερον
906 2993 1001 3047 τὸν
1050 2992 1378 3046 ἀσθενοῦντα
1410 2994 1775 3063 μετήνεγκαν,

178 3090 286 3159 τῆς
315 3087 531 3150 ἀδικίας
566 3085 726 3139 αὑτὸν
760 3085 1105 3155 ἐλεήσαντες.
1135 3083 1294 3136 Ἀλλὰ
1316 3082 1477 3136 πάλιν
1508 3083 1568 3136 τὸ
1590 3083 1777 3154 ὄρνεον

179 3182 262 3244 ὡς
316 3180 380 3234 ἔκ
423 3196 571 3242 τινος
620 3178 920 3246 ἀναγκαίου
971 3178 1352 3246 συνθήματος,
1397 3178 1517 3241 ταῖς
1566 3178 1777 3231 ἐκείνου

184 3273 498 3341 στρωμναῖς
535 3271 946 3341 συμμετήρχετο
966 3310 980 3335 ,
1022 3268 1114 3321 καὶ
1145 3267 1220 3331 ὡς
1252 3267 1461 3321 τούτων
1488 3268 1586 3338 τὴν
1615 3269 1784 3338 φυλα-

184 3366 290 3435 κὴν
334 3364 795 3435 προσδεξάμενος,
829 3362 925 3415 καὶ
959 3363 1164 3425 ταύτας
1212 3363 1307 3433 ὲᾷν
1354 3364 1415 3415 ού
1463 3363 1781 3431 δυνάμενος,

183 3456 373 3509 ἐπάνω
419 3455 582 3507 πάλιν
628 3453 895 3521 ἀφώδευε,
927 3454 1021 3506 καὶ
1074 3453 1170 3505 σὺν
1214 3454 1409 3516 αὑταῖς
1452 3456 1665 3523 συχνοῖς
1693 3455 1783 3507 τὸν

184 3545 460 3617 Γεώργιον
490 3545 735 3617 ὲρῤύπου
773 3547 885 3607 τοῖς
933 3544 1327 3614 ἁφοδεύμασιν.
1365 3544 1532 3607 Αὖθις
1565 3545 1623 3598 δὲ
1655 3545 1781 3599 τοῦ-

182 3641 355 3702 τονοξ
386 3638 620 3708 θυρωροὶ
665 3637 1167 3705 κατοικτείραντες,
1201 3638 1280 3699 είς
1309 3637 1477 3690 τόπον
1504 3636 1660 3700 αὖθις
1690 3637 1783 3690 ἄλ-

183 3731 277 3784 λον
314 3729 653 3800 μετέθηκανσ
682 3729 843 3782 τοῦτο
865 3728 921 3781 δὲ
946 3726 1214 3796 πεποίηκε
1243 3728 1338 3781 καὶ
1365 3729 1426 3782 τὸ
1458 3728 1669 3799 ὄρνεον,
1689 3728 1782 3782 καὶ

182 3824 288 3891 τῆς
339 3820 656 3892 μεταθέσως
701 3823 801 3875 ούκ
840 3820 1156 3890 ἠμέλησεν·
1209 3822 1309 3874 οὐκ
1363 3821 1575 3874 οἴκοθεν
1626 3822 1782 3875 τοῦτο

184 3913 514 3984 ποιούμενον
539 3912 675 3984 (ἐστι
707 3912 816 3983 γὰρ
846 3909 1210 3981 ἀδιανόητον),
1242 3911 1377 3964 ἀλλά
1405 3911 1660 3981 δαίμονος
1687 3912 1783 3965 αὺ-

183 4002 269 4071 τῷ
305 3999 743 4062 συνελαύνοντος.
776 4000 862 4062 Ὠς
885 3999 942 4052 δὲ
972 3999 1156 4063 πάλιν,
1189 3999 1390 4069 μᾶλλον
1413 4000 1471 4054 δὲ
1499 4001 1778 4069 πολλάκις,

186 4095 240 4147 οἱ
275 4092 371 4162 τὴν
401 4092 705 4163 ὑπηρεσίαν
737 4091 832 4144 τοῦ
862 4091 1124 4161 τεμένους
1160 4091 1502 4160 ποιούμενοι,
1536 4092 1627 4145 τὸν
1678 4094 1781 4165 ἀρ-

189 4179 501 4252 ρωστοῦντα
532 4182 828 4251 μετέφερον
849 4180 1090 4250 (δεκάκις
1109 4180 1215 4251 γὰρ
1241 4180 1396 4233 τοῦτο
1418 4182 1775 4252 πεπράκασι),

190 4274 288 4328 καὶ
315 4274 374 4326 τὸ
397 4273 580 4344 ὄρνεον
612 4272 905 4326 ἁκολοθοῦν
933 4273 1037 4324 οὐκ
1058 4272 1314 4336 ἐπαύετο,
1334 4274 1484 4337 τέλος
1507 4273 1781 4328 ἐπαύσαν-

188 4384 273 4430 το,
308 4366 590 4435 ἐνέργειαν
639 4359 778 4419 εἶναι
825 4361 1078 4432 δαίμονος
1117 4361 1215 4432 τὴν
1245 4365 1435 4415 τούτου
1475 4362 1778 4434 συνδρομὴν

192 4450 561 4527 λογισάμενοι.

267 4544 550 4614 Θυμωθεὶς
579 4542 671 4599 οὖν
718 4546 785 4598 ὲκ
828 4543 1016 4597 τούτου
1049 4543 1088 4596 Γ
1093 4542 1344 4614 εώργιος,
1372 4543 1468 4596 καὶ
1503 4542 1777 4613 μάχαιραν

194 4635 373 4706 εὑρὼν
417 4637 479 4688 ὲκ
510 4632 818 4689 διαϐολικοῢ
849 4633 1091 4704 δηλονότι
1125 4632 1506 4701 συντάγματος
1528 4673 1542 4698 ,
1578 4633 1782 4703 ταύτην

196 4727 451 4800 ἁρπάσας
484 4730 512 4779 ὁ
544 4727 779 4789 δείλαιος
811 4725 952 4779 κατὰ
982 4723 1076 4797 τοῦ
1110 4724 1392 4794 φάρυγγος
1420 4724 1619 4793 ἤνεγκε
1641 4766 1654 4787 ,
1691 4723 1784 4776 καὶ

198 4819 445 4891 μεγάλην
479 4819 631 4890 αὑτῷ
682 4819 779 4888 τὴν
832 4815 1045 4887 σφαγὴν
1080 4815 1463 4885 ἐνειργάσατοο
1517 4814 1785 4884 κεντήσας

195 4912 311 4982 γὰρ
343 4909 558 4981 πρῶτον
606 4908 696 4961 τὸν
746 4907 1023 4978 λάρυγγα,
1062 4905 1223 4959 πάλιν
1252 4904 1380 4958 ἔνθα
1430 4904 1522 4957 καὶ
1568 4903 1695 4957 ἔνθα
1726 4906 1785 4957 τὸ

197 5001 353 5068 ξίφος
383 5000 653 5068 ἐκίνησεν,
676 4998 750 5061 ὡς
777 4999 876 5051 οὐκ
911 4997 1187 5070 ἀρκούσης
1218 4996 1319 5063 τῆς
1350 4996 1621 5067 προτέρας
1649 4996 1785 5068 πληι-

197 5092 303 5161 γῆς
326 5092 405 5155 εἰς
436 5090 736 5161 ἀναίρεσιν,
772 5090 820 5142 εἰ
855 5088 930 5160 μὴ
958 5091 1052 5142 καὶ
1083 5088 1143 5141 τὸ
1171 5089 1321 5152 ξίφος
1352 5089 1493 5158 μετά
1520 5090 1618 5160 τὴν
1642 5091 1785 5162 τρῶ-

200 5200 288 5235 σιν
322 5181 417 5234 xa‘t
440 5173 659 5253 κίνησιν
687 5186 782 5235 καὶ
820 5182 918 5253 τὴν
970 5182 1186 5252 πληγὴν
1220 5182 1509 5250 ποιήσαιτο
1540 5180 1786 5252 μείζονα.

204 5272 310 5327 “HV
341 5275 483 5326 πάνυ
518 5261 607 5327 διά
643 5272 838 5344 βάθους
859 5272 1038 5326 λαϐὼν
1070 5275 1099 5325 6
1132 5272 1462 5344 τρισάθλιος,
1494 5273 1680 5326 πεσὼν
1708 5276 1788 5337 είς

200 5367 309 5438 γῆν
337 5366 607 5433 ἐκυλίετο,
646 5367 741 5420 καὶ
767 5366 1023 5435 ἔσκαιρεν
1060 5364 1132 5428 ὡς
1164 5366 1214 5417 οί
1243 5366 1603 5435 σφαττόμενοι
1638 5366 1791 5420 σκαίσ

204 5475 414 5530 ρουσιν,
437 5458 537 5529 τὴν
564 5456 741 5529 ψυχὴν
772 5457 1061 5511 ἀπολλύειν
1092 5457 1359 5527 οἰόμενος,
1391 5458 1617 5521 καὶτοῖς
1644 5474 1788 5528 παρ-

199 5547 355 5603 οῦσιν
385 5547 641 5619 θνήσκειν
675 5548 837 5611 εὐθὺς
866 5546 1432 5618 νομιζόμενος.”οπερ
1460 5548 1510 5599 οἱ
1544 5548 1791 5619 πυλωροὶ

202 5639 555 5709 θεασάμενοι,
583 5639 676 5692 καὶ
698 5640 748 5692 ot
778 5639 876 5710 τὴν
907 5638 1250 5713 λειτουργίαν
1273 5636 1380 5690 τῶν
1406 5637 1576 5704 ἁγίων
1604 5640 1790 5691 ποιού-

206 5748 380 5803 μενοι,
408 5733 486 5794 είς
514 5730 631 5798 δέος
656 5733 757 5785 οὐκ
783 5730 965 5798 ὀλίγον
997 5729 1153 5785 ὲνέπε
1166 5745 1286 5798 σαν,
1316 5730 1516 5788 οἰκεῖον
1537 5731 1790 5803 ἔγκλημα

1807 4477 1854 4534 ἴ)

1861 1906 2012 1963 ferus
2068 1907 2160 1962 ille
2195 1907 2431 1972 daemon,
2467 1908 2560 1978 qui
2610 1923 2642 1962 a
2694 1909 3008 1979 martyricis
3056 1908 3310 1964 manibus
3344 1907 3445 1961 fia-

1862 1997 2192 2068 gellabatur,
2240 2012 2351 2052 non
2402 1995 2588 2054 ferens
2634 1998 2778 2052 ultra
2814 1997 2938 2053 istic
2986 1997 3236 2053 habitare
3276 1995 3447 2052 Geor—

1863 2089 2035 2160 gium,
2077 2103 2256 2159 neque
2291 2088 2535 2160 separari
2569 2089 2637 2144 ab
2656 2105 2741 2156 eo,
2772 2097 2832 2143 ut
2863 2089 2931 2145 ab
2957 2089 3064 2143 illis
3096 2088 3449 2159 praecipieba-

1866 2187 1977 2246 tur,
2006 2181 2309 2250 pessimum
2335 2182 2467 2246 quid
2498 2181 2869 2246 machinatur,
2901 2188 2955 2236 et
2982 2194 3081 2235 sua
3120 2180 3298 2250 ipsius
3315 2193 3451 2234 con-

1868 2267 2397 2340 dignumnequitia,
2430 2269 2617 2340 fugam
2663 2271 2768 2327 sibi
2794 2286 2824 2325 a
2871 2276 3189 2326 sanctorum
3233 2269 3455 2341 ﬂagello

1868 2361 2217 2430 promittens.

1940 2454 2135 2520 Avein,
2166 2469 2289 2523 quae
2324 2461 2556 2511 vocatur
2598 2455 2939 2526 nyeticorax,
2975 2440 3194 2509 cubare
3219 2452 3349 2509 fecit
3393 2455 3455 2509 in-

1872 2553 2036 2610 tecto,
2066 2544 2196 2606 etin
2216 2545 2354 2602 locis
2378 2546 2761 2616 superioribus
2793 2545 3035 2625 dormire
3057 2555 3219 2616 atque
3238 2546 3453 2613 sedere,

1874 2636 1927 2690 in
1958 2636 2353 2706 quibus-erant
2391 2644 2696 2692 stramenta
2731 2635 2987 2706 Georgii;
3028 2636 3175 2692 unde
3199 2637 3451 2707 nycticu-

1873 2741 1973 2781 rax
2026 2727 2249 2784 sedens
2273 2734 2491 2783 stercus
2520 2742 2680 2783 suum
2708 2727 3058 2797 jaculabatur
3087 2744 3254 2799 super
3298 2743 3454 2794 eum,

1874 2826 1929 2875 et
1991 2826 2164 2874 totum
2226 2819 2348 2888 ejus
2399 2818 2685 2874 sordidum
2739 2818 3003 2873 reddebat
3068 2828 3445 2880 stramentum.

1877 2909 1996 2976 Quo
2012 2919 2314 2979 comperto,
2332 2910 2516 2980 templi
2539 2910 2776 2965 ministri
2797 2909 2849 2964 in
2870 2910 3037 2964 alium
3059 2911 3240 2965 locum
3270 2920 3455 2966 trans-

1877 2998 2125 3054 tulerunt
2163 2999 2464 3066 inﬁrmum,
2513 3013 2682 3069 super
2720 2998 2978 3067 injuriam
3025 2999 3200 3069 ipsius
3233 3004 3302 3055 ad
3350 3000 3458 3054 mix-

1881 3089 2239 3144 serieordiam
2292 3089 2555 3145 devoluti.
2614 3088 2722 3144 Sed
2763 3089 2961 3144 iterum
2997 3090 3136 3156 avis,
3183 3091 3344 3160 quasi
3390 3108 3457 3148 ex

1886 3179 2124 3249 quodam
2164 3175 2486 3236 necessario
2519 3187 2701 3250 pacto,
2733 3195 2857 3235 cum
2899 3180 3047 3236 illius
3091 3181 3459 3237 comitabatur

1883 3272 2233 3339 stramentis;
2262 3279 2318 3326 et
2356 3273 2514 3341 quasi
2538 3273 2734 3327 horum
2762 3272 3067 3328 custodiam
3099 3274 3458 3341 suscepisset,

1883 3372 1937 3418 et
1967 3364 2081 3418 hare
2112 3364 2392 3419 dimittere
2421 3364 2650 3420 minime
2666 3365 2954 3432 valuisset,
2989 3364 3225 3435 desuper
3259 3367 3458 3420 iterum

1884 3456 2132 3520 cacabat,
2203 3463 2257 3507 et
2301 3469 2425 3508 cum
2468 3454 2548 3509 eis
2604 3455 2767 3509 etiam
2826 3454 3120 3524 Georgium
3177 3454 3461 3508 sordidum

1882 3545 2223 3601 stercoribus
2248 3545 2556 3601 reddebat.
2593 3545 2806 3599 Rursus
2836 3555 3016 3599 autem
3052 3544 3199 3599 hunc
3242 3546 3459 3601 ostiarii

1884 3636 2096 3692 miserti
2131 3636 2185 3690 in
2219 3635 2327 3690 alio
2356 3635 2479 3690 loco
2523 3645 2860 3705 posuerunt;
2893 3636 2996 3689 hoe
3036 3641 3215 3691 autem
3247 3634 3373 3691 fecit
3403 3645 3459 3690 et

1882 3727 2023 3791 avis,
2048 3733 2104 3782 et
2135 3726 2516 3782 translationis
2542 3740 2729 3780 curam
2756 3740 2863 3780 non
2885 3725 3094 3790 habuit,
3123 3741 3232 3780 non
3265 3736 3461 3797 sponte

1883 3816 1988 3871 hoc
2014 3815 2247 3879 faciens,
2271 3823 2354 3871 est
2391 3816 2534 3870 enim
2569 3815 2847 3870 intellectu
2885 3830 3102 3881 carens,
3142 3815 3237 3870 sed
3265 3830 3324 3871 se
3346 3816 3467 3870 da:-

1883 3922 2045 3962 mone
2081 3906 2413 3977 impellente.
2436 3906 2685 3977 Cumque
2707 3907 2929 3966 iterum.
2954 3905 3066 3961 imo
3091 3921 3254 3976 saepe,
3280 3906 3335 3960 lii
3363 3908 3457 3977 qui

1884 3997 2423 4053 administrationem
2474 3997 2663 4068 templi
2707 3996 3006 4064 faciebant,
3043 3997 3461 4053 transtulissent

1883 4088 2160 4145 inlirmum
2194 4089 2397 4160 (decies
2432 4091 2579 4145 enim
2610 4090 2714 4144 hoc
2749 4089 3022 4161 egerunt),
3044 4098 3097 4144 et
3126 4090 3242 4145 avis
3268 4090 3460 4145 subse-

1881 4182 1971 4253 qui
2008 4197 2114 4237 non
2141 4190 2435 4247 cessasset,
2478 4191 2753 4251 postremo
2788 4183 3132 4252 quieverunt,
3186 4182 3460 4250 Operatio-

1880 4288 2007 4328 nem
2046 4288 2169 4329 esse
2195 4273 2483 4339 daemonis,
2516 4272 2682 4342 hujus
2725 4271 3193 4339 deprehendentes
3222 4286 3460 4325 ρωποι-ιο

1881 4374 2034 4421 sum.

1956 4538 2013 4593 In
2063 4539 2304 4594 furorem
2358 4553 2490 4608 ergo
2545 4553 2609 4593 ex
2654 4539 2755 4593 hoc
2786 4553 2980 4594 versus
3011 4539 3298 4610 Georgius,
3341 4556 3461 4597 ma-

1886 4631 2066 4685 cliaera
2118 4646 2186 4684 ex
2240 4630 2512 4684 diabolica
2558 4629 2805 4698 profecto
2849 4632 3170 4698 operatione
3221 4642 3459 4703 reperta,

1886 4722 2029 4777 hanc
2073 4721 2265 4776 infelix
2291 4722 2571 4792 abreptam
2605 4721 2788 4776 intulit
2820 4732 3009 4776 contra
3041 4733 3248 4794 guttur,
3266 4735 3320 4780 et
3347 4742 3463 4779 ma-

1886 4825 2049 4883 gnam
2084 4811 2189 4867 sibi
2224 4813 2439 4882 plagam
2481 4820 2741 4876 operatus
2774 4820 2887 4877 est;
2925 4822 3126 4882 puncto
3160 4818 3304 4870 enim
3343 4818 3460 4885 pri-

1889 4908 2055 4960 mitus
2086 4913 2328 4975 gutture,
2355 4904 2712 4958 ἱιετυιηιιίηο
2747 4914 2801 4959 et
2835 4903 2961 4960 inde
2995 4908 3233 4971 gladium
3267 4910 3458 4972 movit,

1886 5002 2047 5072 quasi
2089 5001 2155 5055 ad
2195 5000 2672 5069 interemptionem
2713 4997 2867 5069 prior
2902 4998 3056 5069 plaga
3088 5001 3311 5054 minime
3344 5000 3464 5057 suf-

1887 5095 2136 5161 fecisset,
2170 5093 2277 5149 nisi
2319 5100 2373 5148 et
2403 5092 2647 5162 gladium
2682 5102 2806 5161 post
2855 5091 3024 5145 ictum
3079 5092 3361 5158 movisset,
3407 5102 3462 5148 et

1888 5187 2102 5258 plagam
2133 5185 2396 5255 majorem
2457 5183 2698 5239 fecisset.
2748 5182 2919 5248 Quam
2968 5198 3090 5238 cum
3132 5184 3289 5239 valde
3336 5200 3464 5254 pro-

1888 5278 2113 5332 fundam
2153 5275 2497 5331 miserrimus
2538 5275 2865 5344 accepisset,
2919 5274 3120 5329 cadens
3155 5276 3210 5328 in
3262 5286 3461 5331 terram

1891 5364 2262 5431 volutabatur,
2314 5374 2368 5421 et
2416 5365 2718 5434 palpitabat
2764 5364 2911 5419 sicut
2952 5365 3004 5417 lii
3051 5366 3314 5435 palpitant
3369 5367 3461 5436 qui

1890 5460 2238 5517 occiduntur.
2271 5459 2510 5513 animam
2537 5456 2813 5511 dimittere
2847 5456 3130 5524 opinatus,
3166 5466 3221 5510 et
3251 5474 3276 5508 ιι
3328 5473 3465 5527 [ιι-εις

1890 5552 2139 5608 sentibus
2171 5551 2308 5605 mori
2348 5556 2588 5619 putatus.
2612 5546 2769 5609 Quod
2799 5547 3013 5601 ostiarii
3046 5547 3311 5614 ridentes,
3331 5550 3463 5604 dum

1890 5638 2123 5695 oﬂiciuru
2169 5639 2513 5693 celebrarent
2554 5644 2894 5701 sanctorum,
2938 5638 2991 5690 in
3047 5652 3301 5707 pavorem
3353 5654 3464 5697 non

1891 5731 2167 5793 modicum
2205 5738 2558 5797 corruerunt,
2598 5728 2878 5799 proprium
2908 5726 2962 5783 id
3002 5728 3207 5785 crimen
3252 5740 3307 5791 et
3347 5733 3467 5787 cui.-
