3930 6316
436 320 576 387 3655
1376 307 1436 366 S.
1472 302 1891 369 SOPHRONII
1930 301 2046 361 PA']

2156 296 2442 359 CARCHE
2480 293 2877 356 HIEROSOL.
3589 283 3751 346 3656

440 448 564 506 pain
616 434 904 501 ponentes,
953 437 1061 493 nop
1102 419 1449 477 observando
1490 436 1614 475 eum
1654 420 1726 474 ab
1770 418 2026 488 hujusce-

2156 417 2229 471 ιαὶ
2261 414 2470 487 μέμψιν
2498 411 2800 480 τιθέμενοι,
2825 406 2888 461 τὸ
2922 405 3000 475 μὴ
3035 403 3274 474 φυλάξαι
3321 401 3597 472 τοιαύτης
3640 406 3750 504 αξ·

443 491 588 577 inodi
619 491 1049 590 perpetratione,
1076 512 1173 582 qui
1204 526 1234 567 a
1285 511 1523 581 maligno
1552 509 1826 565 daemonio
1855 521 2019 562 vexa-

2156 508 2254 572 οὺς
2279 503 2653 575 ἐγχειρήσεως
2674 500 2767 552 τὸν
2793 496 2900 550 ύπδ
2920 493 3164 565 πονηροῦ
3186 493 3448 563 δαίμονος
3474 491 3748 563 ἐνεργεῖ-

443 583 644 675 batur;
683 583 740 665 et
772 610 1026 663 tinnientes
1058 621 1128 661 ne
1150 604 1289 658 forte
1319 619 1387 659 ex
1418 604 1522 657 hoc
1557 603 1663 658 sibi
1712 600 2021 672 perieulum

2156 614 2292 652 ιενον
2310 612 2324 627 ·
2359 596 2454 649 καὶ
2487 593 2817 662 φοϐούμενοι
2844 588 3043 659 μήπως
3075 586 3261 648 αὐτοῖς
3284 584 3523 655 γένηται
3548 583 3746 637 stivav-

444 706 620 768 ﬁeret,
656 718 753 774 per
780 702 987 756 vicinas
1019 700 1176 753 villas
1206 696 1592 753 discurrebant
1646 694 1890 749 medicos
1926 691 2024 745 ad-

2156 709 2238 756 ος,
2270 692 2354 754 είς
2376 688 2475 750 τὰς
2501 686 2752 754 γείτονας
2773 680 2968 752 κώμας
2989 679 3289 750 διέτρεχον,
3310 678 3539 748 ἰατροὺς
3562 693 3743 747 προσ.

445 770 727 860 vocantes,
758 795 801 848 si
851 792 992 847 forte
1024 801 1247 861 possent
1288 788 1566 845 assuenda
1605 785 1846 856 gutturis
1878 783 2023 838 letali

2156 784 2477 854 εαλούμενοι,
2499 779 2551 833 εί
2568 794 2687 842 πως
2711 774 2993 846 δυνηθείη,
3021 774 3221 845 ραφαῖς
3249 771 3313 824 τὸ
3342 770 3577 842 τραῦμα
3607 786 3740 823 συν-

444 888 671 942 t-ulnere
717 882 977 954 copulato
1019 884 1231 938 salvum
1278 880 1461 935 facere
1523 878 1799 934 hominem
1855 875 2026 929 mori-

2156 880 2390 946 ιψαντες,
2423 873 2620 936 σῶσαι,
2667 870 2836 941 μήπω
2883 867 3117 941 θανύντα
3145 865 3238 919 τὸν
3272 863 3610 935 ἄνθρωπον,
3642 865 3742 915 καὶ

442 977 715 1041 buudum,
742 984 797 1030 et
830 990 889 1029 se
911 989 1034 1028 cum
1066 975 1184 1043 ipso
1212 970 1606 1042 periclitantes.
1635 966 1816 1022 Unum
1840 974 2025 1021 autem

2156 968 2328 1031 ιύτοὺς
2350 966 2449 1019 σὺν
2476 962 2626 1033 αὐτῷ
2654 958 3092 1021 κινδυνεύοντας.
3119 956 3273 1019 Ἐνὸς
3299 956 3361 1010 δὲ
3395 955 3566 1026 μόνον
3590 955 3741 1010 κατὰ

447 1081 502 1124 et
532 1070 710 1125 solum
743 1066 885 1137 apud
925 1064 1217 1120 Heraclion
1247 1065 1552 1125 inventum,
1592 1068 1647 1115 et
1686 1058 1873 1114 multis
1904 1072 2032 1127 pre-

2156 1062 2191 1115 ii
2220 1058 2541 1129 Ἡράκλειον
2576 1054 3004 1125 εὐπορήσαντος,
3037 1050 3136 1104 καὶ
3166 1049 3396 1111 πολλαῖς
3418 1048 3594 1101 αὐτὸν
3630 1063 3743 1137 πα-

446 1160 607 1214 cibus
639 1135 961 1228 persuasum
1035 1154 1101 1209 ad
1150 1154 1475 1224 martyrium
1524 1150 1891 1205 deduxerunt.
1923 1145 2030 1211 Qui

2156 1148 2434 1219 ιακλήσεσι
2483 1143 2793 1206 πείσαντες,
2821 1144 2902 1204 εἰς
2943 1138 3005 1192 τὸ
3052 1138 3357 1210 μαρτύριον
3383 1137 3636 1207 ήγαγονο
3678 1135 3743 1198 ὃς

444 1263 566 1301 eum
597 1218 810 1317 plagam
843 1245 1075 1300 vidisset
1115 1243 1232 1297 [ore
1264 1218 1626 1307 mortiferam,
1654 1240 1885 1295 recessit
1914 1251 2028 1291 rem

2156 1243 2230 1314 τὴν
2276 1218 2495 1311 πληγὴν
2537 1236 2875 1306 θεασάμενος
2923 1231 3300 1303 θανατηφὰρον
3327 1230 3742 1299 τυγχάνουσαν,

445 1339 650 1393 nullam
683 1351 1002 1407 aggressus,
1055 1334 1149 1390 sed
1187 1337 1383 1389 timore
1427 1347 1628 1403 magno
1658 1332 1937 1393 detentus,
1977 1335 2034 1383 et

2156 1333 2480 1406 ινεχώρησεν
2512 1329 2613 1382 οὐκ
2640 1328 2971 1398 ἐγχειρήσας
3004 1325 3084 1397 τῷ
3112 1325 3424 1396 πράγματι,
3450 1321 3612 1392 φόϐῳ
3639 1337 3744 1391 με-

446 1431 685 1484 miratus
707 1428 990 1498 quomodo
1020 1427 1263 1481 nondum
1291 1435 1542 1479 mortuus
1574 1432 1719 1479 esset
1736 1420 2030 1490 Georgius,

2156 1427 2285 1497 πάλῳ
2316 1421 2690 1496 κρατούμενος
2711 1419 2809 1472 καὶ
2833 1415 3106 1488 τεθηπὼς,
3130 1415 3248 1478 πῶς
3277 1413 3436 1469 οὔπω
3464 1412 3744 1481 τέθνηκεν

446 1520 539 1590 qui
578 1519 724 1574 hanc
752 1518 970 1573 sibimet
1000 1518 1261 1572 intulerat
1286 1518 1537 1586 plagam;
1576 1513 1880 1585 praesertim
1907 1526 2032 1566 cum

2156 1538 2162 1569 ι
2192 1515 2467 1587 Γεὼργιος
2511 1514 2541 1567 ὁ
2587 1512 2793 1589 ταύτην
2836 1509 2924 1563 ἐπ’
2959 1508 3111 1580 αύτῷ
3142 1504 3409 1579 [πληγὴν]
3444 1505 3739 1575 παρασχό-

447 1610 610 1666 ﬂatus
634 1624 866 1680 peream
909 1609 1249 1675 redderetur,
1271 1619 1322 1663 et
1356 1623 1546 1663 rursus
1575 1622 1673 1676 per
1692 1619 1811 1661 eam
1856 1603 2034 1673 inspi-

445 1703 661 1758 ratione
693 1701 1089 1769 ingrederetur,
1134 1698 1390 1754 similiter
1415 1710 1463 1752 et
1490 1698 1750 1752 alimenta
1787 1704 1842 1750 et
1870 1701 2034 1764 potus

448 1792 576 1847 inde
601 1790 842 1845 facerent
864 1789 1094 1843 exitum.

519 1881 590 1934 At
635 1895 766 1935 vero
801 1891 1090 1951 martyres,
1125 1889 1290 1935 noctu
1336 1880 1636 1943 venientes,
1663 1877 2031 1947 dispensatori

449 1968 748 2026 dormienti
808 1969 1138 2024 medicinam
1199 1970 1630 2039 disponebant:
1691 1969 1879 2022 viuum
1915 1974 2033 2022 erat

452 2064 569 2118 haec
595 2073 650 2117 et
678 2063 883 2126 oleum,
907 2077 1006 2134 per
1026 2076 1189 2133 quam
1221 2072 1276 2119 et
1306 2062 1574 2118 Dominus
1593 2076 1719 2117 eum
1741 2061 1836 2132 qui
1869 2062 2037 2113 latro-

453 2170 555 2211 nes
583 2154 857 2210 inciderat
909 2157 1124 2210 salvum
1165 2154 1316 2224 fecit,
1358 2156 1545 2210 vinum
1576 2156 1699 2225 eius
1755 2154 2035 2209 ulceribus

454 2245 750 2301 infundens
779 2255 835 2300 et
864 2248 1044 2302 oleum
1072 2264 1088 2315 ;
1127 2263 1224 2319 per
1253 2263 1416 2319 quam
1448 2257 1508 2302 et
1539 2245 1847 2302 Salvatoris
1872 2261 2038 2302 attnu-

452 2339 654 2394 latores
697 2337 994 2410 Georgium
1044 2348 1267 2407 eruunt,
1321 2340 1506 2394 taliter
1552 2339 1737 2394 facere
1782 2338 2036 2393 Christo.

456 2431 597 2486 ἀοι-ο
631 2413 1043 2501 praecipientes.
1094 2429 1377 2486 Kaloetem
1424 2432 1717 2500 quemdam
1744 2429 2034 2485 ostiarium

456 2523 992 2594 comprehendentes
1044 2520 1414 2591 ﬂagellabant,
1474 2523 1749 2591 ﬂagellum
1790 2535 1858 2576 ex
1907 2520 2037 2574 furto

456 2628 715 2684 magnum
746 2613 997 2682 operati;
1030 2613 1146 2681 ipse
1171 2613 1315 2667 enim
1354 2622 1473 2667 erat
1498 2615 1589 2683 qui
1625 2613 1955 2668 mediculum
1981 2614 2035 2667 in

458 2705 722 2773 templum
778 2718 941 2757 suum
974 2702 1314 2769 adduxerat;
1348 2712 1403 2759 et
1430 2705 1547 2759 haec
1587 2703 1926 2776 Iageilantes
1954 2705 2039 2760 di-

457 2797 700 2852 cebant:
737 2795 932 2850 Nescis
957 2795 1085 2865 quia
1131 2795 1321 2849 mundi
1366 2797 1537 2853 totius
1576 2797 2037 2852 medicamentum

459 2887 664 2941 domus
714 2892 906 2937 nostra
939 2884 1230 2939 consistit?
1270 2885 1454 2941 nescis
1484 2888 1615 2955 quia
1641 2885 1898 2943 Christus
1936 2901 2039 2940 nos

462 2966 709 3032 medicos
752 2975 978 3030 donavit
1029 2972 1325 3032 lidelibus?
1381 2990 1489 3047 qua
1541 2992 1675 3047 ergo
1720 2990 1823 3048 pro
1869 2990 2038 3032 causa

464 3069 740 3125 medicum
799 3067 994 3134 alium,
1058 3069 1187 3123 dum
1242 3070 1361 3139 ipse
1427 3070 1791 3125 medicamine
1848 3080 2040 3124 nosuo

466 3170 646 3230 egeat,
685 3160 751 3213 ad
801 3160 1024 3213 domum
1062 3169 1305 3214 nostram
1339 3160 1580 3216 duxisti?
1615 3160 1680 3215 Et
1713 3163 1860 3216 hunc
1905 3162 2043 3217 bene
2069 3133 2112 3190 ο

467 3258 673 3304 tortum
733 3249 1089 3315 dimiserunt,
1129 3264 1196 3304 ne
1246 3250 1476 3304 ulterius
1510 3248 1617 3304 hoc
1645 3250 1849 3305 faceret
1880 3250 2044 3303 mini-

468 3352 669 3396 tantes.
706 3341 981 3396 Dixissent
1020 3350 1202 3396 autem
1250 3342 1351 3397 hoc
1398 3342 1687 3397 audientes
1716 3342 1864 3412 quod
1892 3356 2045 3395 eom-

469 3442 720 3505 pctentcr
755 3449 879 3488 cum
932 3432 1350 3503 ﬂagellavcrint,
1404 3435 1449 3489 si
1483 3450 1647 3504 super
1679 3449 1745 3489 eo
1789 3432 1987 3487 iactatu
2018 3448 2046 3486 a

469 3527 680 3580 sanctis
762 3526 1139 3595 operationem
1213 3526 1559 3581 didicissent.
1639 3524 2048 3581 Periclitantem

471 3618 677 3688 quippe
720 3618 874 3672 illum
923 3617 989 3673 de
1039 3634 1370 3688 pneumone,
1417 3627 1472 3672 et
1514 3619 1570 3672 in
1620 3618 1822 3672 inferni
1872 3617 2049 3688 portis

469 3710 677 3780 iugiter
724 3716 1181 3775 commorantem,
1234 3720 1290 3764 et
1332 3712 1539 3765 nullam
1573 3725 1603 3763 a
1638 3709 1868 3764 medicis
1896 3723 2048 3777 spem

473 3803 675 3859 salutis
707 3804 1100 3868 invenientem,
1146 3804 1304 3858 aloen
1352 3804 1524 3858 solam
1564 3810 1833 3872 martyres
1859 3802 2052 3856 dantes

478 3900 790 3960 sanarunt;
825 3902 881 3949 et
912 3911 1021 3949 non
1068 3896 1243 3949 solum
1287 3896 1450 3965 hujus
1488 3895 1565 3950 rei
1597 3907 1762 3949 causa
1807 3892 2050 3963 ﬂagella-

473 3993 675 4041 verunt
711 3993 972 4055 tanquam
1014 3988 1414 4050 immemorem,
1452 3985 1548 4041 sed
1596 3993 1650 4040 et
1683 3986 1810 4055 quia
1843 3992 1924 4040 tot
1967 3987 2053 4038 in-

473 4085 637 4132 tuens
671 4077 1013 4133 curationem
1050 4079 1299 4149 adeptos,
1329 4088 1761 4147 sanctorumque
1797 4076 2054 4146 fortissi-

476 4182 564 4220 ma
599 4182 701 4237 ope
741 4166 1009 4231 fruentes,
1039 4168 1195 4237 quasi
1247 4167 1453 4222 fuerint
1490 4167 1569 4222 illi
1611 4168 1680 4222 ad
1731 4168 1966 4224 salutem
2000 4176 2057 4223 et

476 4260 818 4329 ereptionem
882 4261 1109 4325 inlirmi,
1170 4261 1442 4314 medicum
1501 4259 1705 4315 dueere
1759 4260 1917 4316 nisus
1969 4267 2055 4315 est

475 4348 672 4403 alium.
711 4347 920 4403 Taliter
968 4364 1096 4420 ergo
1139 4347 1404 4418 Georgius
1437 4359 1493 4405 et
1532 4351 1806 4405 insaniam
1853 4351 2055 4405 daemo-

2138 1623 2333 1681 μενοςο
2361 1606 2398 1678 ἦ
2428 1622 2488 1660 τε
2518 1604 2627 1675 γὰρ
2658 1588 2796 1674 πνοὴ
2826 1602 2893 1656 δι’
2918 1601 3092 1671 αὐτῆς
3122 1598 3414 1662 ἀνεδίδοτο,
3440 1595 3547 1649 καὶ
3574 1595 3741 1649 πάλιν

2137 1703 2172 1772 ή
2204 1698 2428 1770 είσπνοὴ
2455 1697 2522 1751 δι’
2544 1698 2714 1768 αὐτῆς
2745 1694 3112 1764 ὑπεισήρχετο
3130 1709 3145 1723 ο
3174 1690 3377 1761 ὁμοίως
3407 1689 3481 1743 τά
3511 1703 3575 1741 τε
3599 1686 3741 1760 βρώ-

2069 1778 2110 1863 Β
2143 1811 2291 1867 ματα
2314 1791 2527 1847 ἐκεῖθεν
2551 1788 2836 1844 ἐποιοῦντο
2866 1786 2965 1858 τὴν
2993 1784 3196 1851 ἔξοδον.

2210 1888 2273 1941 οι
2299 1885 2356 1940 δὲ
2384 1885 2660 1956 μάρτυρες
2687 1880 2883 1944 νυκτὸς
2910 1877 3260 1949 ἀφικόμενοι,
3289 1874 3370 1946 τῷ
3533 1874 3743 1929 οἰκονό-

2144 1991 2232 2046 μῳ
2277 1972 2595 2027 καθεύδοντι
2641 1971 2740 2042 τὴν
2792 1968 3038 2040 ἰατρείαν
3086 1967 3391 2022 ἐπέταττον
3445 1959 3627 2037 (οἶνος
3671 1958 3740 2033 ἦν

2140 2065 2281 2138 αὕτη
2317 2066 2413 2118 καὶ
2452 2063 2629 2118 ἔλαιον
2656 2061 2725 2116 δι’
2759 2057 2829 2134 ἦς
2852 2063 2881 2115 ὁ
2911 2061 3118 2132 Κύριος
3153 2059 3250 2114 τὸν
3277 2060 3356 2119 είς
3395 2057 3615 2129 λῃστὰς
3640 2057 3738 2128 ἑμ-

2141 2159 2378 2212 πεσόντα
2413 2154 2706 2220 διέσωσεν,
2737 2149 2881 2207 οἶνον
2907 2151 3075 2206 αὐτοῦ
3111 2153 3226 2217 τοῖς
3254 2149 3581 2223 τραύμασιν
3626 2150 3773 2202 ἐπι--

2142 2248 2282 2320 χέων
2307 2249 2402 2302 καὶ
2436 2246 2659 2316 ἔλαιον)·
2693 2245 2760 2298 δι’
2791 2238 2862 2316 ἧς
2882 2243 2978 2297 καὶ
3005 2242 3100 2296 τοῦ
3131 2242 3389 2314 Σωτῆρος
3415 2242 3470 2295 oi
3506 2239 3742 2312 μιμηταὶ

2143 2339 2415 2411 Γεώργιον
2465 2338 2705 2411 ῥύονται,
2738 2336 2881 2391 οὕτω
2926 2338 3102 2391 ποιεῖν
3146 2334 3517 2407 Χριστοδώρῳ
3554 2333 3744 2387 Bacti-

2146 2450 2360 2497 σαντες.
2377 2430 2662 2501 Καλοέτην
2683 2430 2743 2482 δέ
2767 2445 2890 2483 τινα
2909 2427 3157 2499 Θνρωρδν
3179 2427 3596 2498 κατεσχηκότες
3614 2427 3746 2496 ιι.μά-

2148 2525 2353 2591 στιζον.
2380 2523 2711 2595 φραγέλλιον
2737 2523 2803 2576 ἐκ
2831 2522 3069 2593 σχοινίου
3097 2520 3311 2597 μακρὴν
3330 2520 3709 2592 ἐργασάμενοι
3726 2535 3742 2550 ⁸

2144 2602 2446 2689 αὑτὸς-γὰρ
2472 2612 2540 2688 ἦν
2574 2618 2602 2669 ὁ
2624 2615 2715 2668 τὸν
2747 2616 3026 2685 ίατρίσκσν
3059 2614 3267 2667 ἐκεῖνον
3292 2611 3534 2680 ἐνέγκας
3565 2610 3745 2665 αὐτῶν

2146 2710 2226 2771 είς
2270 2708 2332 2763 τὸ
2380 2708 2634 2777 τέμενος’
2665 2708 2760 2760 καὶ
2785 2702 2959 2759 ταῦτα
2991 2703 3347 2774 μαστίζοντες
3376 2703 3605 2772 ἔλεγονο
3634 2702 3747 2757 οὐκ

2146 2796 2295 2863 οἶδας
2338 2801 2420 2853 ὅτι
2463 2797 2559 2851 τοῦ
2600 2804 2806 2866 κόσμου
2840 2795 3042 2855 παντὸς
3072 2796 3309 2866 ἰατρεῖον
3340 2793 3502 2865 ἡμῶν
3538 2794 3572 2846 ὁ
3601 2787 3745 2855 οἶκος

2148 2892 2517 2963 καθέστηκεν;
2543 2892 2644 2945 οὐκ
2666 2887 2814 2953 οἶδας
2836 2889 2919 2943 ὅτι
2939 2888 3171 2957 Χριστὸς
3200 2888 3349 2958 ἡμᾶς
3379 2875 3610 2957 ἰατροὺς
3630 2886 3746 2942 τοῖς

2147 2982 2363 3043 πιστοῖς
2404 2980 2731 3051 ἐχαρίσατο;
2774 2979 2875 3032 οὐκ
2907 2972 3056 3040 οἶδας
3087 2977 3170 3030 ὅτι
3200 2992 3259 3029 σε
3293 2974 3482 3029 πυλῶν
3511 2974 3747 3030 θανάτου

2149 3074 2312 3144 ἡμεῖς
2338 3073 2781 3143 ἁφηρπάσαμεν;
2827 3070 2982 3132 Τίνος
3022 3068 3115 3123 οὖν
3160 3068 3351 3122 ἕνεκεν
3394 3067 3586 3139 ἰατρὸν
3617 3069 3752 3138 ἡμῖν

2148 3164 2338 3235 ἕτερον
2371 3163 2614 3235 ἰατρείας
2647 3161 2928 3232 ἡμετέρας
2958 3159 3212 3230 δεόμενον
3252 3158 3332 3222 είς
3367 3157 3643 3229 ἡμέτερον
3671 3152 3754 3210 οἳ·

2148 3272 2242 3308 κον
2263 3254 2525 3324 ἐκόμισας
2545 3271 2559 3320 ;
2585 3254 2695 3306 Καὶ
2716 3252 2897 3315 καλῶς
2923 3252 3084 3306 αὐτὸν
3107 3250 3506 3321 βασανίσαντες
3526 3250 3751 3316 εἴασαν,

2153 3348 2351 3420 μηκέτι
2376 3365 2429 3401 τι
2455 3347 2666 3400 τοιοῦτο
2704 3348 2881 3399 ποιεῖν
2903 3344 3322 3415 ἀπειλήσαντες.
3354 3343 3579 3396 Εἶποιεν
3606 3341 3656 3395 δ’
3682 3341 3753 3395 ἄν

2149 3443 2199 3495 oi
2227 3439 2537 3505 ἀκούοντες,
2562 3439 2636 3499 ὡς
2671 3438 2897 3501 εἰκότως
2927 3437 3088 3490 αὐτὸν
3126 3424 3542 3508 ἐμαστίγωσαν,
3573 3436 3624 3489 εί
3648 3436 3753 3505 τὴν

2151 3530 2236 3584 ἐπ’
2267 3530 2415 3599 αύτῷ
2444 3528 2736 3599 γινομένην
2787 3532 2899 3591 τοῖς
2951 3527 3128 3597 ἁγίοις
3175 3526 3463 3599 ἐνέργειαν
3501 3527 3732 3597 μάθοιεν

2156 3621 2546 3676 Κινδυνεύοντα
2595 3620 2705 3691 γὰρ
2737 3619 2899 3673 αὐτὸν
2948 3621 3013 3673 ὲκ
3062 3616 3158 3672 τοῦ
3205 3620 3531 3689 πνεύμονος,
3569 3621 3666 3672 καὶ
3692 3621 3757 3673 ὲν

2153 3715 2280 3786 ᾅδου
2318 3714 2517 3777 πύλαις
2548 3711 2790 3783 συνεχῶς
2819 3710 3198 3783 αὑλιζόμενον,
3230 3713 3326 3764 καὶ
3370 3711 3647 3782 μηδεμίαν
3690 3711 3755 3777 ἐξ

2157 3805 2358 3876 ἰατρῶν
2390 3805 2584 3858 ἐλπίδα
2619 3803 2892 3874 σωτηρίας
2936 3802 3300 3873 εὑρίσκοντα,
3330 3801 3519 3873 ἀλώην
3573 3803 3753 3874 μόνην

2154 3898 2202 3952 οἱ
2233 3898 2510 3968 μάρτυρες
2538 3897 2681 3948 πιεῖν
2704 3894 2997 3959 δεδωκότες
3031 3895 3277 3949 ίάσαντο.
3310 3895 3422 3949 Καὶ
3447 3895 3512 3949 ού
3540 3894 3757 3964 ταύτης

2154 3988 2318 4042 ἕνεκα
2364 3986 2523 4059 μόνον
2571 3986 2873 4056 ὲμάστιξαν
2903 3986 2978 4048 ὡς
3009 3986 3325 4055 ἀμνήμονα,
3373 3985 3489 4039 ἀλλ’
3521 3987 3606 4039 ὅτι
3654 3986 3755 4041 καὶ

2154 4077 2447 4142 τοσούτους
2472 4077 2614 4149 ὁρῶν
2640 4075 2938 4148 Θεραπείας
2965 4078 3354 4148 τυγχάνοντας,
3385 4077 3608 4148 καὶτῆς
3640 4080 3754 4131 τῶν

2156 4172 2328 4240 ἁγίων
2352 4168 2685 4233 πανσθενοῦς
2707 4168 2932 4240 ἀρωγῆς
2949 4168 3343 4232 ἀπολαύοντας,
3358 4168 3435 4232 ὡς
3456 4169 3754 4223 ἀσθενούν-

2154 4278 2265 4316 των
2294 4260 2475 4315 αύτῶν
2497 4258 2633 4331 πρὸς
2656 4259 2931 4330 σωτηρίαν
2954 4259 3049 4313 καὶ
3075 4258 3367 4332 λύτρωσιν,
3396 4261 3582 4331 ἰατρὸν
3607 4263 3751 4330 ἀγα-

2157 4355 2275 4423 γεῖν
2322 4350 2680 4422 ἐπεχείρησεν
2728 4349 2939 4421 ἕτερον.
2981 4348 3138 4403 Οὕτω
3170 4349 3269 4421 μὲν
3296 4347 3391 4403 οὖν
3423 4350 3452 4402 ὁ
3475 4349 3751 4422 Γεώργιος

477 4440 588 4503 nis,
633 4448 689 4495 et
730 4456 891 4494 suum
959 4441 1132 4511 ipsius
1179 4441 1462 4496 occidendi
1513 4452 1769 4497 conatum
1840 4442 2046 4514 effugit.

2160 4446 2257 4499 καὶ
2292 4443 2394 4514 τὴν
2430 4442 2626 4513 μανίαν
2653 4440 2750 4494 τοῦ
2784 4442 3060 4513 δαίμονος,
3089 4440 3185 4495 καὶ
3228 4441 3330 4512 τὴν
3371 4441 3567 4495 ἑαυτοῦ
3599 4460 3749 4512 μιαιο

474 4528 650 4584 Porro
687 4546 788 4586 nos
835 4535 890 4585 et
928 4547 1093 4602 super
1137 4533 1245 4587 hoc
1284 4548 1503 4603 qunque
1551 4541 1774 4589 sanctos
1816 4534 2049 4589 laudan-

476 4627 582 4685 tes,
615 4622 761 4676 aliud
791 4622 1186 4692 magnitudinis
1228 4637 1418 4678 eorum
1447 4623 1759 4695 prodigium
1798 4624 2052 4679 conscri-

477 4713 544 4769 ba
554 4730 694 4769 mus.

476 4824 710 4883 LXVllI.
741 4825 819 4882 De
855 4826 1093 4882 Joannia
1136 4842 1254 4896 qua:
1299 4843 1333 4880 a
1378 4828 1639 4898 male/icio
1671 4815 1925 4882 torsiones
1958 4843 2057 4895 pa-

1141 4898 1386 4951 tiebatur.

554 4984 756 5041 Multos
798 4987 1155 5057 pulchritudo
1188 4988 1446 5058 perdidit,
1479 4997 1535 5045 et
1565 4990 1778 5061 species
1803 4990 2056 5059 corporis

479 5080 895 5145 exterminavit,
938 5093 1138 5134 saevam
1159 5079 1424 5135 invidiam
1455 5082 1786 5146 incidentes,
1817 5090 1873 5137 et
1902 5097 2058 5138 sum-

471 5177 609 5239 ptus
643 5169 790 5225 acris
825 5170 1018 5226 livoris
1069 5170 1285 5238 ell'ecti;
1322 5172 1584 5226 invidiam
1630 5174 1835 5244 quippe
1882 5174 2058 5230 susti-

481 5267 615 5315 nent
643 5274 861 5330 semper
891 5275 955 5315 ea
1000 5276 1123 5330 qua:
1165 5262 1307 5316 bona
1355 5278 1585 5334 quaeque
1634 5265 1860 5319 meliora
1902 5276 2056 5328 sunt,

476 5358 535 5405 et
585 5351 791 5407 invidis
849 5352 1030 5407 oculis
1077 5353 1466 5411 destruuntur.
1526 5354 1642 5411 l-loe
1683 5337 1864 5412 autem
1910 5365 1966 5412 et
2005 5356 2059 5412 hi

482 5441 579 5510 qui
612 5450 723 5496 tam
776 5443 1072 5500 animabus
1122 5461 1284 5516 quam
1333 5448 1657 5518 corporibus
1705 5455 1835 5504 sunt
1875 5448 2059 5512 bonis,

483 5531 788 5600 saepissime
815 5533 1121 5604 patiuntur,
1159 5536 1265 5593 nisi
1315 5537 1484 5593 Deum
1519 5539 1754 5595 habeant
1794 5541 2061 5610 speciosi-

483 5619 616 5674 tatis
682 5635 796 5676 suae
844 5623 1195 5691 salratorem,
1242 5628 1524 5683 custodem
1572 5636 1626 5683 et
1669 5638 2059 5699 protectorem.

484 5704 713 5764 Sienim
741 5710 1089 5769 adamantem
1130 5716 1351 5785 durum,
1397 5720 1490 5789 qui
1534 5716 1808 5789 lapidibUS
1855 5721 2061 5779 nobili-

2159 4535 2318 4604 φόνον
2339 4534 2654 4604 ἐγχείρησιν
2675 4532 2895 4602 ἔφυγεν.
2916 4531 3309 4604 Ἥμεῖςδὲ,’καὶ
3325 4534 3418 4586 ἐπὶ
3439 4532 3600 4586 τοῦτο
3623 4537 3747 4596 τοὶς

2156 4625 2343 4695 ἁγίους
2374 4625 2734 4696 ὑμνήσαντες,
2772 4625 2900 4679 ἄλλο
2929 4625 3212 4695 τεράστιον
3233 4623 3335 4694 τῆς
3362 4624 3547 4679 αὐτῶν
3578 4642 3749 4695 μεγαο

2154 4718 2247 4772 λου
2255 4717 2412 4788 ργίας
2453 4732 2593 4786 συγγ
2597 4716 2825 4786 ράψωμε
2833 4735 2880 4770 ν.

2192 4831 2315 4886 EH’.
2362 4830 2501 4898 Περὶ
2527 4831 2837 4895 Ἰωαννίας
2870 4828 2982 4898 τῆς
3015 4830 3083 4884 ἐκ
3126 4830 3497 4899 περιερτείάς
3533 4848 3713 4899 στιοο

2782 4901 3114 4969 φουμένης.

2230 4991 2467 5056 Πολλοὺς
2510 4992 2571 5044 τὸ
2622 4991 2817 5055 κάλλος
2841 4991 3144 5053 ἀπώλεσεν,
3175 4993 3272 5045 καὶ¹
3304 4992 3338 5062 ή
3366 4992 3487 5062 ὥρα
3514 4992 3611 5045 τού
3642 4992 3746 5045 σῶα

2163 5104 2330 5158 ματος
2360 5086 2687 5157 ἐλυμήνατο,
2725 5085 2905 5157 φθόνῳ
2933 5084 3154 5157 χαλεπῷ
3182 5085 3588 5158 περιπέσαντας
3609 5126 3624 5151 ,
3654 5088 3746 5139 καὶ

2160 5156 2778 5249 γεγονόταςίβασκανίας
2806 5156 2986 5249 δεινῆς
3021 5156 3430 5249 παρανάλωμα·
3472 5178 3746 5247 φθονεῖται

2163 5275 2270 5342 γὰρ
2303 5273 2387 5326 ἀεὶ
2435 5271 2502 5325 τὰ
2548 5270 2687 5324 καλὰ
2735 5271 2828 5324 καὶ
2875 5268 2945 5322 τὰ
2990 5269 3294 5340 κρείττονα,
3327 5272 3423 5324 καὶ
3471 5269 3746 5342 φθονερῶν

2160 5363 2374 5433 ὄμμασι
2404 5360 2751 5415 καταλύεται.
2779 5359 3033 5417 Τοῦτοίδὲ
3066 5362 3160 5414 καὶ
3188 5362 3237 5415 oi
3265 5361 3424 5416 καλοὶ
3451 5361 3551 5426 τὰς
3572 5362 3745 5433 ψυχὰς

2163 5453 2256 5508 καὶ
2278 5452 2349 5506 τὰ
2378 5453 2604 5523 σώματα
2635 5452 2956 5521 πάσχουσιν,
2983 5452 3031 5504 εί
3060 5452 3134 5521 μὴ
3164 5452 3338 5523 ἔχοιεν
3366 5452 3502 5506 Θεὸν
3527 5454 3626 5523 τῆς
3648 5455 3745 5507 αὖ·

2163 5545 2270 5599 τῶν
2303 5545 2638 5617 ὡραιότητος
2659 5544 2883 5616 σωτῆρα
2914 5545 3011 5596 καὶ
3037 5547 3353 5615 προστάτην
3381 5546 3477 5599 καὶ
3506 5544 3740 5615 φύλακα.

2166 5636 2228 5690 Ei
2258 5636 2368 5710 γὰρ
2385 5637 2669 5709 ἀδάμαντα
2700 5636 2792 5692 τὸν
2820 5635 3158 5707 στερέμνιον,
3186 5635 3278 5689 τὸν
3304 5635 3470 5690 λίθων
3496 5638 3745 5691 ἔπαινον.

2170 5724 2346 5795 μένων
2372 5724 2716 5796 τιμιώτερον,
2745 5725 2838 5780 τὸν
2871 5723 3057 5797 χαλκῷ
3090 5725 3185 5780 καὶ
3221 5724 3424 5797 σιδήρῳ
3458 5723 3746 5796 λεγόμενον
