3930 6316
124 273 265 335 3657

1116 269 1217 328 SS.
1257 268 1429 328 CYRI
1477 266 1571 327 ET
1611 267 1932 327 JOANNIS
1972 266 2389 330 MIBACULA.

3239 266 3378 327 3638

122 381 738 455 άθραυστον,ὀφθαλμο¹ι
768 380 1053 451 βασκάνων
1089 380 1402 449 ὲκτήκουσι,
1434 380 1485 431 τί
1516 380 1581 433 ἂν
1606 380 1702 432 ἀν-

1824 395 1911 433 ms
1952 387 2036 433 est
2090 381 2490 444 honorabiliur,
2543 378 2668 447 quia
2718 392 2825 433 tere
2871 391 2936 430 ac
2988 376 3132 430 ferro
3178 378 3382 432 dititur

122 476 394 546 θρὼπειον
423 475 581 544 σῶμα
609 475 683 544 μὴ
716 472 940 527 πάθοιεν
972 473 1262 544 βασκάνοις
1289 474 1368 534 εἰς
1392 471 1550 541 ἔργον
1573 488 1704 541 προ-

122 567 416 638 κείμενον;
449 566 646 627 οἵτινες
677 566 764 618 ὅτε
817 566 909 618 καὶ
941 565 1120 635 βολαῖς
1151 564 1415 633 ὀμμάτων
1448 564 1522 633 μὴ
1583 561 1701 631 φθί-

120 673 272 710 νουσι
303 655 364 707 τὸ
402 654 782 724 φθονούμενον,
810 654 988 715 ἄλλοις
1020 654 1151 706 αὐτὸ
1181 654 1422 723 φθείρειν
1453 652 1703 722 ὀργάνοις

122 740 512 809 σπουδάζουσιν
535 761 547 773 ·
579 745 608 798 ὃ
632 747 725 797 xui.
759 744 995 799 Ἰωαννία
1030 745 1226 815 μικροῦ
1251 746 1360 798 δεῖν
1386 745 1700 812 ὑπέμεινεν,

118 838 168 890 εί
214 855 287 907 μη
317 836 551 907 Χριστὸν
578 838 670 889 καὶ
698 836 821 898 τοὺς
857 836 1140 906 μάρτυρας
1188 836 1287 904 τῆς
1316 835 1524 898 οἰκείας
1559 832 1704 901 ζωῆς

119 926 323 997 εὕρατο
377 927 657 997 φύλακας·
712 925 952 994 λέξωμεν
1003 925 1059 977 δὲ
1110 924 1205 977 καὶ
1251 925 1341 976 τὸν
1390 923 1583 992 φθόνον
1628 922 1704 990 τῷ

118 1018 450 1089 γράμματι,
488 1017 582 1071 καὶ
620 1015 719 1086 τῆς
757 1018 821 1069 ὲκ
860 1015 956 1068 τοῦ
997 1014 1191 1085 φθόνου
1233 1013 1437 1084 βλάϐης
1475 1013 1573 1083 τὴν
1617 1011 1701 1065 ἴα-

121 1128 227 1163 σιν.

203 1295 378 1366 Ἱερᾶς
428 1295 634 1360 πόλεως
666 1295 765 1365 τῆς
801 1297 859 1348 ἐν
886 1294 1055 1368 Συρίᾳ
1105 1295 1166 1348 τὸ
1200 1294 1420 1363 γύναιον
1454 1291 1701 1362 ὥρμητο,

120 1389 152 1457 ἢ
186 1390 282 1439 καὶ
309 1388 647 1459 εὐπρέπειαν
677 1388 939 1459 ἐκέκτητο
972 1388 1243 1455 σώματος,
1272 1387 1366 1438 καὶ
1392 1383 1593 1452 γονέων
1625 1377 1705 1434 εἷ-

121 1498 214 1549 χεν
245 1480 548 1547 εὐγένειαν,
583 1480 676 1533 καὶ
716 1480 944 1532 πλοῦτον
974 1480 1065 1532 τὸν
1096 1477 1400 1543 ὲπαὺξοντα
1433 1476 1501 1528 τὰ
1524 1475 1706 1543 ἀμφό-

120 1587 283 1639 τερα’
318 1574 397 1634 εἰς
421 1571 518 1640 τὴν
546 1573 643 1640 τῆς
679 1571 1043 1641 Παλαιστίνης
1076 1571 1133 1623 δὲ
1165 1569 1497 1638 Καισάρειαν
1524 1566 1705 1636 γήμα-

126 1676 212 1725 σα,
244 1659 306 1711 οὑ
354 1659 443 1712 διὰ
475 1662 629 1728 γένος
669 1663 761 1714 καὶ
792 1662 1082 1732 χρήματα,
1116 1660 1251 1713 ἀλλά
1299 1660 1369 1712 δι’
1402 1658 1707 1728 εὐμορφίαν

1811 485 1918 523 non
1954 473 2231 540 quassari,
2282 472 2426 527 oculi
2474 470 2812 526 tabe-faciunt
2862 469 3200 531 invidorum,
3249 470 3379 538 quid

1813 572 1971 631 putas
2021 562 2322 640 humanum
2367 578 2569 633 corpus
2618 579 2728 617 non
2776 562 3034 631 patiatur,
3085 561 3290 615 invidis
3328 562 3380 612 in

1810 666 1951 721 opus
1982 653 2326 723 propositum
2379 652 2465 725 [ex
2501 650 2665 724 Gn]?
2693 652 2786 720 qui
2827 651 3045 719 quando
3079 659 3132 703 et
3177 649 3383 718 jaculis

1810 744 2098 797 oculorum
2134 759 2244 797 non
2280 744 2628 814 corruperint
2659 743 2804 812 quod
2849 742 3207 797 invidentiam
3238 744 3382 811 pati-

1811 841 1921 896 tur,
1957 834 2079 889 aliis
2123 835 2177 889 id
2217 850 2574 903 corrumpere
2612 834 2996 888 instrumentis
3027 833 3380 897 accelerant;

1810 927 1955 996 quod
1986 934 2041 981 et
2078 926 2312 981 Joanuia
2351 942 2490 996 pene
2526 926 2907 989 sustinuisset,
2945 925 3052 980 nisi
3102 925 3381 978 Christum

1810 1026 1866 1071 et
1902 1027 2173 1088 martyres
2213 1018 2470 1074 custodes
2493 1019 2617 1072 vita:
2651 1016 2887 1086 propria:
2932 1017 3258 1071 invenisset;
3290 1015 3386 1067 Di—

1811 1124 2005 1164 camus
2055 1117 2235 1165 autem
2289 1110 2393 1164 hoc
2440 1110 2646 1179 scripto
2680 1106 2968 1172 invidiam,
2998 1116 3051 1163 et
3088 1109 3381 1164 sanitatem

1814 1207 2058 1263 ltesioui's
2086 1222 2153 1262 ex
2186 1208 2393 1262 invidia
2423 1207 2601 1262 facta.

1886 1295 2263 1368 Hierapoleos,
2322 1314 2446 1368 quae
2495 1301 2551 1353 in
2606 1297 2762 1370 Syria
2812 1307 2915 1364 est,
2968 1298 3164 1353 mulier
3209 1298 3389 1352 fuerat

1813 1387 2071 1452 oriunda,
2113 1403 2235 1457 qua:
2274 1398 2329 1443 et
2371 1388 2623 1443 decorem
2661 1389 2910 1457 corporis
2959 1388 3296 1457 possidebat,
3333 1399 3385 1438 ιιι

1816 1486 2103 1546 parentum
2156 1478 2499 1534 nobilitatem
2561 1480 2815 1541 habebat,
2874 1488 2927 1534 et
2981 1480 3205 1533 divitias
3266 1495 3389 1546 quas

1816 1572 2116 1635 utrumque
2168 1565 2566 1621 incrementum
2624 1564 3073 1635 magniﬁeabaut.
3114 1564 3174 1617 In
3217 1562 3388 1616 Palu--

1816 1658 1974 1711 stitia:
2015 1672 2147 1711 vero
2180 1656 2452 1722 Caesarea,
2497 1673 2604 1711 non
2639 1666 2867 1726 propter
2894 1672 3067 1725 genus
3096 1664 3262 1725 atque
3292 1672 3389 1726 pe-

126 1751 427 1820 μετηρχετο
446 1749 716 1819 σώματος.
736 1750 984 1822 ἘνΊερᾷ
1007 1751 1159 1803 πόλει
1189 1751 1293 1819 γὰρ
1314 1752 1342 1802 ὁ
1368 1748 1708 1819 δισκούρσωρ

1824 1749 2036 1813 cunias,
2069 1749 2163 1805 sed
2213 1749 2284 1804 ob
2313 1749 2779 1819 pulchritudinem
2815 1748 3063 1818 corporis
3098 1763 3266 1818 passa
3301 1760 3392 1802 est

124 1837 439 1908 Θεόδωρος,
493 1839 522 1891 ὁ
571 1837 910 1909 Καισαρείας
960 1838 1307 1909 χρηματίσας
1377 1837 1705 1901 ἀνθύπατος,

126 1932 462 2002 Καισαρείας
497 1932 598 2001 τῆς
633 1950 761 1985 ποτε
817 1933 1313 2005 Πυργοστράτωνος
1368 1930 1709 1999 καλουμένης

123 2022 464 2093 ὁρμώμενος,
491 2024 692 2093 ταύτης
721 2024 809 2077 διὰ
839 2026 1034 2088 κάλλος
1068 2026 1161 2077 καὶ
1197 2024 1357 2093 μόνον
1387 2025 1708 2095 συνήπτετο.

138 2113 428 2182 Ἐλθούσης
453 2114 508 2167 δὲ
536 2115 634 2167 σὺν
656 2113 802 2185 αὐτῷ
825 2118 904 2179 είς
936 2115 1291 2184 Καισάρειαν,
1309 2116 1365 2167 αἱ
1386 2114 1478 2167 τοῦ
1506 2116 1714 2184 γήμαν-

124 2220 215 2267 τος
246 2204 477 2273 ἀδελφαὶ
507 2205 593 2257 διά
622 2205 783 2274 ζῆλον
810 2205 1135 2274 ἐφθόνησαν,
1170 2204 1379 2258 ἑαυτῶν
1430 2204 1713 2274 κρείττονα

128 2294 332 2365 ταύτην
376 2294 687 2365 θεὼμεναι·
739 2297 834 2348 καὶ
881 2297 1221 2366 φθονήσασαι
1249 2335 1265 2361 ,
1310 2296 1407 2367 τὴν
1440 2296 1713 2348 Ἰωαννίαν

130 2385 569 2455 φαρμάσσουσιν,
602 2384 978 2455 θανατηφόρον
1024 2387 1164 2456 αὑτῇ
1212 2386 1506 2457 φάρμακον
1540 2388 1713 2456 ἐμϐα-

128 2474 315 2528 λοῦσαι
348 2479 413 2546 τῇ
450 2474 652 2537 κύλικι,
680 2475 774 2527 καὶ
822 2476 969 2527 πιεῖν
1018 2475 1288 2546 ἀγνοούσῃ
1340 2475 1713 2546 προσενεγκά-

132 2584 309 2637 μεναι.
361 2567 424 2620 Ἦ
449 2568 505 2620 δὲ
540 2567 600 2619 τὺ
629 2569 728 2638 μὲν
758 2568 1049 2640 φάρμακον
1098 2567 1271 2633 ἔπιεν,
1304 2567 1391 2620 τὸν
1421 2568 1476 2621 δὲ
1505 2585 1716 2638 παραυ-

129 2659 252 2712 τίκα
298 2659 527 2713 θάνατον
573 2658 762 2728 ἔφυγε,
796 2659 933 2712 Θεοῦ
980 2659 1168 2713 τοῦτον
1205 2660 1490 2730 διαδρᾶναι
1524 2660 1714 2713 κελεύ-

134 2767 323 2816 σαντος
344 2766 358 2782 ⁸
391 2754 449 2806 ἐν
481 2752 680 2823 γαστρὶ
706 2753 762 2805 δὲ
790 2753 848 2805 τὸ
878 2751 1168 2822 φάρμακον
1189 2751 1406 2822 ἔχουσα,
1439 2752 1708 2822 στρόφους

136 2845 444 2907 ἁνενδότους
478 2846 767 2914 ὑπέμενεν,
808 2845 878 2909 ὡς
913 2846 1088 2914 ὄφεων
1122 2845 1290 2916 αὐτῆς
1324 2845 1717 2898 κατεσθιόντων

131 2940 196 2993 τὰ
219 2939 436 3009 ἔντερα.
469 2937 744 2990 Ἐντεῦθεν
769 2938 1017 3009 ἀφόρητα
1052 2937 1363 3011 πάσχουσα,
1401 2938 1495 2989 xui
1516 2937 1608 2990 τὸν
1640 2939 1719 2990 ία-

133 3029 255 3100 τρδν
306 3031 408 3099 οὑχ
464 3028 836 3099 εὑρίσκουσα,
900 3031 948 3081 εί
1002 3030 1095 3082 καὶ
1150 3029 1329 3100 μυρίοι
1380 3029 1586 3100 ταύτης
1634 3031 1790 3129 iu-c

136 3124 252 3191 τροὶ
288 3126 428 3191 πρὸ,
454 3121 745 3192 ἐπίσκεψιν
774 3122 1025 3193 ἤρχοντο,
1057 3120 1180 3174 οὔτε
1214 3123 1481 3193 συνήθους
1510 3125 1714 3193 τροφῆς

140 3216 568 3286 μετελάμϐανεν,
600 3214 729 3268 οὔτε
778 3216 1039 3285 πομάτων
1088 3215 1355 3285 ἠνείχετο,
1388 3217 1486 3286 οὑχ
1531 3216 1715 3270 ὕπνων

139 3307 300 3377 ἡδέως
334 3308 636 3377 ἀπήλαυεν,
673 3306 733 3358 οὑ
787 3305 1023 3376 βαδίζειν
1068 3305 1266 3376 ὀρθίως
1312 3306 1345 3376 ἢ
1389 3304 1717 3369 καθέζεσθαι

142 3398 382 3469 συνήθως
429 3397 681 3467 ἠδύνατο,
711 3397 849 3451 ἀλλὰ
876 3398 1026 3451 κάτω
1058 3397 1286 3450 νεύουσα
1309 3437 1322 3460 ,
1348 3399 1440 3450 καὶ
1468 3399 1565 3467 τὴν
1593 3398 1720 3449 ἑαυ-

138 3488 234 3558 τῆς
256 3488 467 3543 κοιλίαν
494 3492 610 3552 ταῖς
642 3489 907 3557 ἀγκάλαις
935 3490 1261 3558 κατέχουσα,
1291 3489 1385 3540 καὶ
1409 3491 1529 3552 ταῖς
1551 3488 1722 3557 ἀλγη-

139 3579 280 3635 δόσιν
319 3581 632 3651 οἰμώζουσα
672 3583 847 3643 πάσας
885 3581 983 3643 τὰς
1020 3579 1166 3650 ὥρας
1187 3579 1420 3649 διήνυεν.

211 3726 321 3778 Καὶ
356 3723 497 3778 οὑτω
525 3724 665 3778 κατὰ
712 3723 884 3796 βραχὺ
933 3724 1319 3797 καταρρέουσα
1352 3722 1634 3794 τέθνηκεν,
1672 3724 1721 3775 εί

145 3816 215 3885 μή
246 3832 392 3879 τινες
418 3816 587 3886 αὑτὴν
615 3816 964 3885 ὲλεήσαντες,
998 3816 1094 3879 τάς
1131 3815 1313 3885 Κύρου
1345 3817 1438 3868 καὶ
1473 3815 1719 3868 Ἰωάννου

143 3907 397 3979 δυνάμεις
425 3908 769 3978 ἀπήγγελλον
789 3948 804 3973 ,
840 3910 935 3961 xui.
971 3909 1041 3961 τά
1086 3908 1221 3977 πρὸς
1254 3907 1432 3961 αὐτῶν
1462 3907 1721 3976 γινόμενα

142 3999 363 4070 τέρατα.
398 4001 464 4053 'II
488 4000 545 4053 δὲ
565 4001 766 4053 τούτων
798 4000 1096 4063 ἀκούσασα,
1132 4000 1224 4053 xui.
1244 4003 1354 4062 τοῖς
1381 3998 1723 4067 ἀγγελθεῖσιν

144 4094 501 4155 πιστεύσασα,
534 4095 632 4165 τὴν
671 4092 1021 4164 Ἀλεξάνδρου
1068 4093 1223 4146 πόλιν
1274 4092 1596 4161 κατέλαϐεν,
1630 4092 1724 4145 καὶ

142 4183 214 4251 τίῖ)
245 4186 355 4237 τῶν
390 4185 683 4255 μαρτύρων
732 4185 836 4257 νεῷ
882 4186 1285 4257 προσεπέλασε,
1318 4187 1412 4239 καὶ
1452 4187 1580 4254 περὶ¹
1627 4186 1725 4255 τῆς

145 4273 363 4337 ῥώσεως
392 4276 587 4339 αὑτοὺς
611 4262 934 4331 ὲλιτάνευεν.
973 4278 1036 4329 Οἱ
1061 4277 1117 4330 δὲ
1139 4276 1271 4329 Θεοῦ
1304 4276 1716 4347 φιλανθρωπίαν

1815 1838 2278 1908 persecutionem.
2314 1840 2366 1891 lu
2402 1838 2676 1907 Hierapoli
2706 1838 2851 1891 enim
2889 1839 3178 1892 discursor
3211 1836 3392 1892 Theo-

1813 1929 1984 1984 dorus
2015 1929 2312 1998 proconsul
2346 1929 2597 1989 effectus,
2632 1931 2724 1998 qui
2753 1931 3041 1994 Caasareaz,
3074 1943 3195 1998 quas
3218 1945 3394 1998 quon-

1814 2020 1937 2073 dam
1969 2017 2161 2073 Turris
2196 2019 2472 2073 Stratonis
2515 2020 2837 2084 vocabatur,
2879 2017 3058 2073 fuerat
3097 2019 3390 2084 oriundus,

1816 2111 1943 2165 huic
1971 2114 2042 2167 ob
2074 2111 2534 2181 pulchritudinem
2565 2111 2943 2167 tantummodo
2968 2112 3260 2181 copulatus
3282 2122 3388 2166 cet.

1814 2203 1951 2258 Cum
2004 2212 2187 2258 autem
2237 2206 2480 2259 venisset
2536 2219 2663 2259 cum
2715 2220 2781 2259 eo
2827 2205 3154 2269 Caesaream,
3209 2204 3389 2256 mariti

1817 2310 2041 2351 sorores
2090 2303 2310 2365 propter
2359 2297 2537 2350 zelum
2589 2297 2857 2350 azmulatae
2905 2303 3077 2361 sunt;
3126 2293 3219 2349 sed
3253 2295 3393 2347 hanc

1817 2387 2099 2442 meliorem
2136 2387 2403 2451 videntes,
2431 2386 2720 2442 Joanniam
2748 2388 3033 2444 maleﬁciis
3062 2386 3391 2457 aggrediun-

1818 2486 1925 2544 turl
1959 2488 2013 2535 et
2047 2477 2368 2548 pestiferum
2419 2477 2774 2548 pharmaeum
2816 2479 2869 2531 in
2898 2479 3072 2533 calice
3116 2480 3393 2548 ignoranti

1817 2571 1868 2625 ei
1899 2569 1969 2625 ad
2014 2571 2312 2626 bibendum
2365 2570 2818 2640 propiuaverunt.
2866 2570 2949 2635 At.
2978 2570 3067 2623 illa
3121 2586 3391 2626 venenum

1818 2662 2044 2733 quidem
2075 2663 2234 2731 bibit,
2272 2662 2368 2719 sed
2404 2672 2632 2718 mortem
2669 2663 2855 2717 statim
2887 2663 3081 2726 evasit,
3108 2663 3220 2717 Deo
3252 2666 3394 2717 hanc

1820 2753 2052 2809 evadere
2092 2752 2468 2823 praecipiente.
2507 2752 2564 2805 ln
2615 2762 2805 2806 ventre
2861 2752 3064 2821 quippe
3122 2752 3391 2806 venenum

1822 2841 2054 2904 habens,
2088 2841 2363 2895 tortiones
2388 2838 2745 2894 incessabiles
2785 2839 3095 2893 sustinebat
3134 2846 3392 2906 tanquam

1822 2929 1864 2982 si
1898 2936 2181 2997 serpentes
2212 2928 2330 2999 ejus
2367 2926 2628 2982 interiora
2668 2927 3038 2980 comederent.
3074 2925 3216 2979 lliuc
3248 2927 3393 2977 imo-

1824 3019 2077 3074 lerabilia
2113 3020 2348 3089 patiens,
2381 3028 2433 3071 et
2466 3017 2735 3072 medicum
2783 3033 2891 3072 non
2928 3016 3240 3081 inveniens,
3272 3017 3396 3068 licet

1825 3112 1973 3165 mille
2003 3110 2071 3165 ad
2123 3110 2288 3178 hujus
2330 3110 2701 3164 visitationem
2756 3110 3029 3172 venirent,
3066 3122 3241 3178 neque
3264 3122 3391 3162 con-

1824 3209 2035 3255 suetam
2085 3214 2264 3254 escam
2318 3199 2672 3268 percipiebat,
2723 3214 2900 3267 neque
2949 3206 3110 3267 potus
3152 3196 3396 3252 sustine—
3450 3212 3455 3219 ’

1825 3293 1937 3359 bat,
1969 3307 2145 3361 neque
2176 3292 2417 3346 suaviter
2448 3306 2643 3346 somno
2689 3291 3236 3367 potiebalnrhncque
3281 3303 3398 3341 am-

1825 3379 2019 3434 bulare
2064 3386 2213 3433 recte
2241 3394 2338 3433 seu
2371 3378 2562 3433 sedere
2604 3379 3048 3447 solito.poterat;
3097 3377 3191 3431 sed
3234 3376 3396 3431 deor-

1825 3485 1946 3527 sum
2001 3470 2285 3531 inclinata,
2345 3478 2397 3522 ct
2459 3477 2703 3523 ventrem
2765 3483 2923 3522 suum
2983 3466 3224 3520 brachiis
3280 3456 3398 3519 am-

1825 3562 2061 3632 plevata,
2079 3570 2133 3614 et
2158 3574 2268 3629 pra:
2290 3559 2573 3614 doloribus
2598 3559 2986 3630 ingemiscens,
3004 3572 3193 3611 omnes
3219 3564 3401 3610 trans—

1825 3653 2005 3720 igebat
2038 3651 2222 3705 horas.

1898 3744 1962 3795 Et
1994 3742 2067 3795 ita
2108 3741 2373 3811 paulatim
2412 3740 2656 3795 deﬂuens
2685 3749 2900 3795 mortua
2931 3748 3100 3806 esset,
3138 3742 3242 3798 nisi
3271 3743 3399 3812 qui-

1827 3836 1950 3889 dam
2008 3834 2129 3904 ejus
2183 3833 2395 3889 miserti
2446 3832 2525 3889 illi
2584 3844 2875 3887 narrarent
2920 3849 3042 3902 quae
3073 3848 3104 3887 a
3153 3833 3296 3905 Cyro
3344 3845 3399 3888 et

1827 3927 2036 3982 Joanne
2061 3927 2392 3997 gerebantur
2424 3926 2693 3996 prodigia.
2728 3925 2939 3991 Quibus
2968 3926 3193 3992 auditis,
3231 3935 3285 3982 et
3315 3928 3400 3984 his

1829 4034 1949 4089 quae
1979 4018 2083 4073 sibi
2138 4018 2306 4071 relata
2344 4026 2472 4072 sunt
2523 4018 2771 4082 creditis,
2808 4018 3104 4072 Alexandri
3153 4019 3300 4074 venit
3331 4020 3398 4073 ad

1831 4113 2046 4175 nubem,
2086 4112 2225 4164 etin
2278 4119 2576 4182 martyrum
2625 4112 2825 4182 templo
2872 4121 3102 4180 morata,
3161 4129 3257 4169 eos
3303 4129 3401 4183 pro

1830 4205 2065 4260 sanitate
2119 4204 2536 4273 deprecabatur.
2588 4205 2689 4269 Qui
2756 4206 3000 4259 divinam
3049 4206 3398 4260 clementiam

1832 4297 2134 4361 imitantes,
2159 4296 2280 4364 ejus
2322 4312 2444 4352 cum
2488 4297 2629 4351 male
2665 4297 2869 4366 periret
2898 4298 3105 4352 miserti
3138 4305 3307 4362 sunt;
3349 4308 3402 4351 et

148 4367 489 4437 μιμούμενοι,
524 4367 713 4430 δεινῶς
733 4367 902 4439 αὑτὴν
929 4368 1309 4439 ἀπολλυμένην
1335 4369 1572 4439 ἠλέησαν
1590 4384 1603 4398 ⁶
1632 4368 1715 4421 xui

1832 4405 1956 4445 cum
2000 4389 2265 4444 dormiret
2289 4398 2616 4458 apparentes
2655 4391 2709 4443 in
2738 4390 2971 4453 somnis,
3004 4391 3278 4460 passionis
3301 4406 3400 4445 cu-

145 4462 490 4530 κοιμωμένην
544 4460 800 4529 φανέντες
854 4461 1095 4532 ὴλέησαν
1138 4464 1252 4524 τοῖς
1303 4463 1573 4533 δράμασιν
1627 4460 1722 4514 τοῦ

146 4550 347 4615 πάθους
391 4553 527 4623 αὑτῇ
574 4552 672 4624 τὴν
718 4553 1015 4623 θεραπείαν
1066 4553 1381 4624 ὀρέξαντεςο
1432 4554 1604 4622 φακὸς
1656 4549 1723 4626 ἦν

146 4640 280 4713 αῦτη
311 4643 372 4697 τὺ
395 4644 628 4715 ὄσπρεον
662 4643 941 4715 έψὼμενον
976 4646 1071 4698 xui.
1095 4646 1462 4717 τρωγόμενον,
1496 4648 1588 4699 xui.
1624 4648 1731 4701 πάέ

144 4729 224 4784 λιν
270 4737 327 4786 ὲν
370 4734 580 4807 λουτρῴ
611 4738 675 4805 τῇ
712 4737 997 4809 πασχούσῃ
1036 4738 1232 4806 γαστρὶ
1273 4738 1725 4806 προσπλασσόμε-
1756 4762 1790 4792 ο

146 4838 253 4878 νον.
302 4827 367 4878 Ἥ
406 4826 464 4878 δὲ
514 4827 575 4878 τὸ
627 4827 916 4879 κελευσθὲν
962 4827 1156 4881 θᾶττον
1207 4830 1345 4897 μετὰ
1388 4830 1476 4883 τὴν
1519 4831 1725 4902 ὄνειρον

148 4914 410 4985 ἔπραξεν·
446 4918 539 4970 καὶ
579 4917 767 4970 τοῦτον
814 4919 847 4987 ἡ
882 4919 1091 4989 γαστὴρ
1132 4919 1333 4972 έσωθέν
1367 4937 1425 4973 τε
1456 4922 1725 4993 δεξαμένη

149 5009 236 5060 xui.
280 5009 515 5073 ἔξωθεν,
566 5011 712 5063 ἆπαν
756 5009 920 5078 εὐθὺς
970 5010 1031 5063 τὸ
1083 5010 1353 5081 προποθὲν
1402 5013 1726 5085 δηλητήριον

152 5096 480 5170 ἔμησεν,ὲπὶ
507 5101 603 5173 τὴν
630 5102 950 5170 ἐπιφάνειαν
979 5101 1110 5155 αὑτὸ
1134 5103 1229 5175 τὴν
1257 5104 1453 5175 ἑαυτῆς
1481 5106 1725 5177 ἀναϐρά-

154 5204 323 5245 σασα*
373 5194 469 5248 xui.
514 5197 704 5248 τούτου
750 5195 1070 5265 γεγονότος,
1104 5197 1300 5268 μικρὸν
1347 5198 1402 5249 ui
1438 5199 1727 5269 ἀλγηδόνες

154 5280 475 5341 ἐπαύσαντο.
521 5288 909 5356 Ἐπιφανέντες
949 5287 1003 5340 δὲ
1035 5288 1192 5342 πάλιν
1242 5289 1290 5342 οἱ
1337 5291 1477 5359 ἆγιοι
1517 5292 1727 5346 τελείαν

157 5376 286 5448 αὑτῇ
315 5378 412 5453 τὴν
432 5382 618 5451 ὑγείαν
644 5383 980 5452 χαρίζονται,
1016 5382 1310 5437 πάστελλον
1334 5385 1503 5455 αὐτὴν
1526 5386 1726 5439 ἐσθίειν

156 5465 435 5537 ὀρέξαντες
466 5470 624 5545 (εἶδος
654 5474 809 5529 τοῦτο
845 5474 1177 5539 πλακοῦντος
1209 5475 1590 5546 καθέστηκεν),
1633 5480 1725 5532 καὶ

159 5557 362 5631 ψαλμόν
395 5584 512 5620 τινα
542 5567 719 5629 δόντες
770 5567 879 5619 τῶν
924 5569 1001 5629 εἰς
1055 5569 1250 5631 αὐτοὺς
1283 5568 1591 5639 λεγομένων
1636 5588 1726 5638 γε-

162 5658 465 5727 γραμμένον
485 5659 616 5712 ὡσεὶ
647 5660 725 5722 ei;
752 5666 1053 5723 πιττάκιον,
1082 5660 1176 5713 καὶ
1204 5661 1381 5727 λέγειν
1411 5661 1572 5715 αὑτὸν
1597 5679 1721 5718 συν-

471 5753 739 5816 1³Ατιιοιη
790 5755 911 5817 Gtt.
943 5755 1320 5822 LXXXVII.

1830 4479 2527 4549 rationem‘przeceperuut.
2558 4477 2743 4534 Lentis
2794 4480 3088 4550 leguminis
3127 4492 3244 4536 erat
3291 4482 3415 4539 luet:

1828 4567 2077 4623 decoctio
2105 4577 2159 4623 et
2191 4569 2481 4633 comestio,
2520 4578 2576 4622 et
2609 4570 2807 4623 iterum
2851 4571 3056 4624 t'aetmn
3098 4586 3163 4626 ev
3212 4572 3318 4627 hoc
3347 4573 3400 4626 iu

1831 4659 2034 4713 balneo
2066 4660 2276 4714 ventris
2320 4660 2702 4729 emplastrum.
2745 4662 2826 4733 At.
2865 4660 2955 4716 illa
2997 4662 3143 4731 quod
3183 4662 3398 4731 jussum

1830 4759 1913 4805 est
1945 4763 2071 4805 mox
2106 4760 2227 4820 post
2265 4753 2537 4806 somnium
2588 4754 2775 4822 gessit,
2817 4761 2871 4808 et
2920 4754 3024 4808 hoc
3076 4755 3143 4809 ab
3180 4756 3326 4810 intus
3354 4765 3403 4809 et

1831 4855 1859 4894 a
1900 4840 2034 4896 loris
2072 4850 2263 4897 venter
2317 4851 2572 4912 accepto,
2613 4853 2786 4900 totum
2824 4861 3092 4901 venenum
3137 4847 3285 4916 quod
3326 4848 3406 4901 bi-

1831 4940 1986 4988 berat
2036 4941 2194 4989 antea
2248 4933 2533 4989 confestim
2582 4937 2845 5003 evomuit,
2894 4940 3035 5006 quod
3085 4938 3136 4990 in
3164 4939 3284 5000 ejus
3316 4954 3406 4994 su-

1831 5025 2110 5095 perﬁciem
2155 5027 2388 5096 sparsim
2431 5026 2720 5092 echrbuit;
2764 5036 2818 5082 et
2850 5029 2961 5095 hoc
3000 5028 3165 5091 fat-to,
3194 5031 3407 5085 dolores

1834 5120 2107 5174 modicum
2162 5120 2503 5189 quieverunt.
2559 5119 2944 5175 lllucesccntes
2990 5131 3174 5175 autem
3209 5124 3406 5173 iterum

1831 5210 2007 5264 sancti
2035 5209 2329 5279 perfectam
2366 5210 2415 5263 ei
2450 5210 2742 5265 conferunt
2776 5212 3089 5276 sanitatem,
3134 5212 3408 5281 pastillum

1832 5304 2178 5371 porrigentes
2228 5303 2294 5355 ad
2341 5302 2809 5367 manducandum,
2862 5304 3007 5372 quod
3064 5305 3277 5374 species
3327 5313 3413 5359 est

1831 5393 2116 5461 placentm,
2179 5402 2232 5448 et
2282 5394 2550 5462 psalmum
2601 5394 2890 5464 quemdam
2949 5411 3014 5450 ex
3065 5396 3149 5451 his
3198 5396 3292 5475 qui
3351 5397 3405 5451 in

1831 5492 2102 5554 martyres
2132 5484 2255 5539 illos
2291 5485 2617 5540 dicebautur
2652 5488 2809 5555 quasi
2843 5489 3110 5558 scriptum
3144 5488 3199 5543 in
3250 5489 3413 5559 pitta-

1830 5576 1921 5629 cio
1955 5577 2284 5637 tribuentes,
2327 5584 2380 5629 et
2417 5576 2561 5630 hunc
2594 5576 2776 5633 dicere
2808 5579 3168 5633 continuatim
3216 5581 3413 5649 praeci-
3448 5594 3461 5601 '

1830 5669 2065 5739 pientes.
2120 5668 2188 5721 At
2234 5668 2325 5722 illa
2364 5683 2489 5723 cum
2552 5671 2830 5740 pastillum
2886 5672 3302 5739 manducasset,
3358 5680 3414 5726 et

2991 5764 3104 5825 115
