4002 6316
606 275 747 337 3659

1500 278 1565 337 S.
1592 272 2006 337 ΞΟῬΗΗΟΝΙΙ
2043 266 2551 331 ΡΑΤΒῘΑΗΕΗᾹΞ
2610 265 3016 328 HIEROSOL.

3728 266 3868 331 3660

610 385 904 456 perfectam
934 387 1220 443 sanitatem
1268 390 1618 460 percepisset,
1668 392 2039 461 bymnumque
2082 399 2207 442 οε-.

2297 380 2414 451 ιχῶς
2445 381 2856 453 ἐπιτρέψαντες.
2901 380 2967 434 Ἦ
3010 379 3065 433 δὲ
3115 380 3362 449 φαγοῦσα
3410 381 3503 434 τόν
3546 382 3865 459 πάττελλον,

600 479 858 542 .cinisset,
896 479 1105 533 sanctis
1148 480 1295 535 hunc
1339 494 1399 535 se
1428 494 1645 551 semper
1678 481 1942 537 melodice
1980 493 2179 535 canere

613 571 1025 639 repromittens,
1077 571 1145 627 ad
1184 570 1535 629 Palaestinam
1564 573 1814 644 profecta
1847 582 1930 628 est
1960 582 2013 627 et
2062 571 2180 625 Cm-

614 676 849 716 caream.
881 659 1054 716 Porro
1100 675 1203 718 nos
1232 665 1395 719 etiam
1430 678 1579 719 nunc
1612 673 1914 719 certatores
1947 662 2181 732 hymno—

609 769 728 807 rum
781 754 1074 824 praeconiis
1119 753 1549 824 frequentantes,
1613 755 1680 810 ad
1728 755 1891 809 aliam
1933 754 2178 824 ipsorum

602 859 962 915 properemus
997 846 1324 900 laudabilem
1366 847 1543 902 modis
1588 846 1847 901 omnibus
1882 845 2177 899 actionem.

888 934 1078 992 LXIX.
1126 937 1204 991 De
1236 937 1444 992 Joanne
1474 954 1609 993 σα]εο
1640 936 1897 992 Romano.

680 1027 984 1097 Usqueqito
1036 1029 1302 1083 calamum
1348 1044 1631 1092 vexamus,
1677 1036 1731 1084 et
1781 1028 2064 1083 dexteram
2113 1026 2181 1082 ad

610 1118 960 1176 scribendum
1011 1120 1305 1186 minamus,
1359 1128 1414 1175 et
1471 1134 1657 1174 vocem
1714 1117 1781 1173 ad
1834 1116 2181 1173 clamandum

610 1209 952 1266 excitamus?
977 1208 1259 1280 Fatigatus
1288 1217 1373 1264 est
1408 1209 1554 1265 enim
1589 1209 1858 1271 calamus,
1901 1216 1954 1259 et
1984 1219 2182 1260 manus

610 1316 834 1356 currere
865 1301 1008 1355 ultra
1054 1316 1162 1355 non
1199 1300 1364 1367 valet,
1403 1301 1498 1357 sed
1536 1312 1591 1355 et
1631 1316 1731 1354 vox
1771 1314 1877 1353 una
1928 1313 2055 1353 cum
2095 1298 2182 1353 his

612 1390 886 1445 inﬁrmata
922 1402 1028 1455 est,
1061 1391 1129 1446 ab
1172 1392 1497 1447 assiduitate
1544 1406 1772 1446 cessans
1808 1397 1865 1445 et
1898 1390 2179 1455 desinens,

609 1496 922 1552 quanquam
969 1482 1215 1552 sapiente
1263 1483 1556 1538 Salomone
1598 1482 1875 1537 scribente
1924 1480 2185 1537 didiceri-

610 1586 757 1635 mus,
814 1572 961 1641 quod
1018 1589 1037 1623 ι
1089 1571 1370 1628 funiculus
1420 1573 1617 1643 triplex
1683 1571 1903 1627 dilIieile
1963 1584 2184 1642 rumpa-

611 1670 704 1715 tur
729 1661 797 1715 ³⁶.
837 1680 854 1713 ι
911 1661 1038 1717 Haec
1094 1670 1274 1717 autem
1326 1678 1451 1718 cum
1508 1663 1612 1717 tria
1673 1670 1880 1729 essent,
1914 1670 1970 1717 et
2012 1677 2183 1716 unum

607 1753 878 1807 haberent
920 1753 1238 1819 consilium,
1287 1762 1343 1809 et
1402 1754 1687 1809 sententiae
1742 1754 1908 1808 unius
1948 1753 2184 1808 exsiste-

610 1854 753 1909 rent;
786 1845 1203 1915 intentioneque
1249 1860 1357 1900 una
1392 1854 1696 1904 statuerent
1730 1844 1856 1917 Cyri
1907 1854 1961 1900 et
2016 1842 2187 1899 Joan-

612 1932 700 1986 nis
728 1930 1078 2001 praedicanda
1130 1932 1423 1996 miracula,
1470 1940 1524 1987 et
1553 1933 1980 2003 dirumptionem
2013 1931 2187 1987 susti-

615 2030 853 2078 nuerunt
883 2030 938 2078 et
981 2023 1154 2077 labori
1186 2023 1430 2080 immissa
1472 2035 1620 2089 sunt,
1664 2032 1718 2079 et
1756 2022 2005 2094 fatigium
2049 2022 2187 2077 inci-

606 2115 813 2170 derunt
840 2111 940 2186 [ita
970 2112 1142 2185 cod.].
1166 2121 1220 2167 et
1252 2115 1993 2184 superationeminduerunt,
2031 2116 2189 2184 prius

608 2220 779 2276 quam
834 2203 1200 2276 praedicarent
1255 2204 1389 2275 quid
1436 2205 1647 2261 sanctis
1692 2205 2048 2275 condignum,
2105 2202 2189 2257 vel

614 2298 986 2352 admiratione
1037 2297 1332 2368 dignorum
1383 2297 1762 2368 prodigiorum
1809 2295 2186 2350 brevissimam

616 2388 1054 2459 portiunculam;
1098 2388 1340 2442 clamare
1385 2396 1567 2442 autem
1613 2385 1961 2443 solummodo
2006 2384 2192 2439 valent

614 2476 949 2533 inﬁrmitatis
986 2476 1221 2546 proprias
1270 2475 1741 2545 magnitudinem;
1782 2473 1926 2528 unde
1966 2482 2018 2527 et
2064 2485 2191 2525 cum

616 2586 857 2642 praesens
886 2569 975 2624 vix
1025 2569 1341 2638 praedicent,
1395 2568 1451 2622 in
1487 2566 1744 2638 prodigio
1777 2566 1921 2636 quod
1956 2575 2040 2622 est
2066 2574 2191 2635 post

614 2663 717 2718 hoc
765 2661 1083 2726 cessabunt,
1131 2661 1363 2715 multum
1417 2667 1642 2715 sanctos
1696 2659 1933 2730 petentia
1978 2658 2188 2714 veniam

615 2755 721 2810 sibi
781 2769 904 2809 cum
962 2752 1239 2809 oblivione
1293 2752 1489 2808 donari
1546 2750 1846 2822 petulantis
1908 2765 2077 2807 ausus
2138 2757 2193 2805 et

616 2862 861 2902 maxum.

685 2937 841 2993 Nunc
892 2946 1095 3004 autem,
1151 2937 1239 2995 his
1299 2940 1517 2996 interim
1572 2940 1793 2996 omissis
1872 2954 1994 3005 quae
2045 2939 2193 2994 circa
2246 2910 2265 2931 Ι

2281 474 2375 528 καὶ
2426 472 2638 537 τελείας
2681 473 2918 545 τυχοῦσα
2968 473 3067 545 τῆς
3117 473 3361 545 ῥώσεως,
3413 476 3507 528 καὶ
3553 476 3649 530 τὸν
3699 478 3865 549 ῦμνον

2281 563 2568 635 ύμνήσασα
2587 606 2602 629 ,
2633 566 2728 619 καὶ
2749 566 2937 619 τοῦτον
2971 567 3058 620 ἀεὶ
3088 567 3342 637 μελῳδεῖν
3374 568 3729 640 ὑποσχομένη
3754 576 3861 637 τοῖς

2285 657 2572 727 μάρτυσιν,
2602 656 2695 710 ἐπὶ
2715 657 3080 727 Παλαιστίνην
3110 657 3205 711 καὶ
3234 659 3578 730 Καισάρειαν
3609 659 3855 716 ὦδευσεν.

2294 747 2481 817 Ἡμεῖς
2510 747 2566 800 δὲ
2594 748 2689 802 καὶ
2719 747 2814 802 νῦν
2842 750 2967 812 τοὺς
2998 749 3328 819 ἀθλοφόρους
3363 750 3710 822 ὑμνήσαντες
3728 796 3745 818 ,
3769 752 3859 820 ἐφ’

2282 838 2476 907 ἑτέραν
2514 840 2697 893 αὐτῶν
2734 840 3083 909 πανύμνητον
3121 842 3323 911 πρᾶξιν
3362 845 3725 915 ὁρμήσωμεν.

2538 930 2657 985 ΞΘ.
2698 932 2841 1000 Περὶ.
2877 931 3160 987 Ἰωάννου
3199 934 3304 988 τοῦ
3342 937 3601 1004 τυφλοῦ.

2352 1022 2531 1094 Μέχρι
2561 1023 2703 1087 τίνος
2735 1024 2826 1077 τὸν
2855 1026 3100 1096 κάλαμον
3131 1026 3594 1098 σκύλλωμενγκαὶ
3638 1031 3737 1099 τὴν
3779 1031 3856 1083 δε-

2285 1113 2405 1180 ξιὰν
2458 1114 2594 1184 πρὸς
2644 1115 2705 1168 τὸ
2748 1118 2980 1186 γράφειν
3031 1118 3366 1187 ἐλαύνωμεν,
3408 1122 3505 1175 καὶ
3535 1123 3635 1192 τὴν
3685 1126 3858 1193 φωνὴν

2284 1204 2422 1274 πρὸς
2465 1204 2526 1257 τὸ
2575 1204 2704 1276 βοᾷν
2737 1206 3132 1279 διεγείρωμεν;
3174 1212 3473 1282 Κὲκμηκεν
3505 1215 3614 1285 γὰρ
3644 1218 3675 1267 ό
3701 1217 3860 1269 κάλα-

2289 1312 2409 1365 μος,
2434 1294 2528 1347 καὶ
2556 1297 2588 1366 ἡ
2620 1297 2741 1368 χεὶρ
2775 1297 2856 1351 ἔτι
2899 1301 3118 1370 τρέχειν
3147 1303 3208 1355 ού
3243 1303 3494 1371 δύναται,
3527 1306 3623 1359 καὶ
3653 1309 3685 1377 ἡ
3718 1309 3860 1378 φωνὴ

2288 1387 2386 1440 σὺν
2439 1387 2647 1453 τούτοις
2695 1390 3028 1461 ἠσθένησεν,
3061 1393 3161 1462 τῆς
3208 1397 3489 1460 συντονίας
3538 1402 3859 1470 παυσαμένη

2286 1478 2379 1530 καὶ⁴
2412 1477 2619 1549 λήξασα
2639 1496 2651 1512 ·
2694 1481 2872 1535 καίτοι
2899 1481 2991 1536 τοῦ
3030 1483 3194 1551 σοφοῦ
3222 1486 3566 1556 Σολομῶντος
3597 1493 3863 1559 γεγραφό-

2285 1583 2377 1631 τος
2401 1568 2762 1639 μανθάνομεν,
2790 1570 2865 1634 ὡς
2887 1590 2906 1622 ‹
2936 1572 3009 1626 To
3030 1575 3291 1644 σπαρτίον
3314 1575 3374 1627 τὸ
3395 1575 3662 1647 ἐντριτον,
3690 1580 3752 1631 οὐ
3773 1596 3862 1631 τα-

2288 1656 2427 1724 χέως
2448 1655 2892 1729 διαρραγήσεται.
2919 1678 2939 1711 ι
2960 1662 3143 1715 Ταῦτα
3161 1663 3217 1717 δὲ
3235 1665 3327 1718 καὶ
3352 1667 3481 1736 τρία
3505 1667 3857 1737 τυγχάίοντα,

2288 1745 2383 1799 καὶ
2413 1746 2471 1799 ἓν
2502 1748 2694 1818 ἔχοντα
2728 1749 2996 1822 βούλημα,
3041 1756 3136 1807 καὶ
3172 1756 3299 1823 μιᾶς
3331 1756 3561 1828 γνώμης
3592 1759 3861 1829 ὑπαρχον-

2286 1854 2374 1901 τα,
2406 1838 2500 1891 καὶ
2528 1838 2729 1892 σκοπὸν
2754 1839 2849 1895 ἕνα
2879 1843 3192 1913 στησάμενα
3212 1886 3226 1911 ,
3260 1846 3443 1916 Κύρου
3486 1851 3582 1901 καὶ
3618 1850 3857 1903 ’ἰωάννεν

2289 1929 2549 2001 κηρύξειν
2570 1930 2637 1984 τὰ
2662 1930 2937 2002 θαύματα,
2960 1935 3052 1987 καὶ
3078 1937 3232 2006 ῥῆξιν
3256 1937 3577 2008 ὑπέμειναν,
3598 1943 3694 1996 καὶ
3715 1945 3858 2013 κόπῳ

2291 2020 2601 2092 βέϐληνται,
2636 2024 2733 2078 καὶ
2780 2028 3012 2098 καμάτῳ
3042 2028 3418 2097 πεπτώκασιν,
3451 2036 3547 2086 καί
3574 2036 3675 2107 τὴν
3700 2033 3855 2109 ἧτταν

2290 2114 2617 2180 ὲνδέδυνται,
2646 2116 2774 2187 πρὶν
2805 2118 2838 2189 ἢ
2870 2121 3103 2190 κηρύξαι
3132 2140 3184 2174 τι
3214 2122 3322 2175 τῶν
3352 2124 3529 2192 ἁγίων
3560 2127 3857 2197 έπὰξιον,ἧ

2289 2202 2398 2257 τῶν
2440 2204 2783 2274 ἀξιαγάστων
2828 2207 3006 2262 αὐτῶν
3036 2210 3277 2279 τεράτων
3310 2212 3483 2282 βραχύ
3518 2212 3640 2277 πώς
3691 2232 3743 2267 τι
3782 2215 3861 2284 μό-

2293 2313 2436 2367 ριον·
2469 2297 2598 2368 βοᾷν
2626 2297 2681 2352 δὲ
2715 2300 2809 2353 καὶ
2854 2301 3014 2371 μόνον
3046 2302 3312 2372 ἰσχύουσι,
3342 2305 3443 2374 τῆς
3476 2306 3687 2370 οἰκείας
3712 2307 3862 2360 άσθε·

2292 2386 2441 2449 νείας
2473 2387 2533 2440 τὸ
2565 2389 2797 2459 μέγεθος
2823 2407 2837 2423 ο
2874 2391 2996 2445 ὅθεν
3025 2394 3118 2445 καὶ
3162 2394 3223 2446 τὸ
3264 2395 3434 2465 παρὸν
3466 2395 3656 2465 θαῦμα
3688 2396 3861 2466 βιαίως

2293 2477 2630 2549 κηρύξαντα,
2678 2481 2735 2534 έν
2777 2482 2855 2554 τῷ
2909 2483 3048 2554 μετά
3093 2484 3253 2538 τοῦτο
3305 2486 3493 2557 τέρατι
3549 2488 3860 2551 παύσονται,

2293 2566 2463 2620 πολλὰ
2491 2570 2615 2632 τοὺς
2641 2569 2825 2639 ἁγίους
2859 2573 3173 2643 αἰτήσαντα,
3208 2575 3536 2646 συγγνώμην
3569 2579 3755 2643 αὐτοῖς
3777 2581 3861 2633 σὺν

2293 2662 2600 2734 ἀμνηστείᾳ
2628 2662 2977 2736 δωρήσασθαι
3003 2666 3305 2737 προπετοῦς
3329 2668 3425 2721 καὶ
3460 2671 3725 2738 μεγίστου
3753 2670 3864 2723 τολ-

2297 2751 2371 2822 μή
2380 2758 2568 2822 μάτας.
3762 2769 3773 2774 ‘

2366 2937 2481 2992 Νῦν
2509 2937 2567 2991 δὲ
2595 2937 2731 3003 τέως
2760 2938 2965 2993 τούτων
3000 2937 3298 3010 ἀφέμενοι,
3335 2940 3400 2995 τά
3444 2936 3587 2997 κατὰ
3622 2945 3868 3017 Ἰωάννην

617 3029 882 3086 Joannem
917 3036 1069 3101 gesta
1130 3039 1278 3095 sunt,
1320 3040 1481 3101 prout
1520 3046 1831 3101 possumus,
1893 3030 2189 3099 edicamus,

2297 3030 2453 3103 πρὸς·
2478 3029 2709 3101 δύναμιν
2753 3029 3020 3099 λέξωμεν,
3051 3031 3147 3083 καὶ
3185 3032 3296 3094 τοῖς
3343 3033 3602 3088 ἀκούουσι
3639 3046 3870 3108 ποιησώ-

614 3131 667 3176 et
703 3121 1057 3177 audientibus
1103 3123 1320 3194 cognita
1380 3122 1669 3180 faciamus.
1724 3123 2002 3179 Romanus
2044 3123 2190 3179 enim

618 3222 760 3279 erat,
791 3228 899 3267 non
956 3214 1195 3268 civitatis
1221 3215 1487 3269 oriundus
1536 3213 1799 3271 Romanis
1829 3216 1931 3270 sub
1987 3216 2194 3271 tributo

621 3307 875 3370 redactae,
911 3306 1004 3360 sed
1036 3306 1212 3376 ipsam
1244 3304 1497 3371 Romam,
1534 3322 1655 3376 quae
1688 3309 1861 3378 prima
1897 3309 1949 3363 in
1982 3308 2062 3362 eis
2089 3309 2191 3362 im-

540 3422 547 3429 -
622 3406 797 3468 perat,
831 3398 1020 3451 urbem
1052 3405 1106 3452 et
1136 3398 1364 3468 patriam
1403 3386 1711 3468 possidens.
1757 3397 1970 3454 Etenim
2001 3410 2053 3455 et
2080 3396 2194 3452 εἰοο

621 3505 703 3543 ma
733 3490 968 3559 propriae
1003 3489 1273 3545 veraciter
1332 3490 1662 3545 desideravit
1716 3492 1878 3546 etiam
1916 3491 2019 3546 hoc
2067 3490 2195 3547 addi

619 3581 894 3647 claritati;
967 3581 1236 3647 videlicet,
1293 3579 1421 3652 Cyri
1473 3578 1813 3651 Joannisque
1872 3581 2191 3647 miraculis,

616 3684 883 3743 tanquam
915 3671 1245 3742 quibusdam
1290 3672 1688 3728 sacratioribus
1721 3674 2024 3739 venustari,
2076 3675 2193 3728 cla-

618 3765 767 3819 riora
792 3765 907 3818 hacc
946 3763 1169 3820 coronis
1223 3771 1277 3819 et
1316 3764 1551 3834 sceptris
1602 3775 1657 3819 et
1699 3779 1935 3835 purpura
1988 3766 2193 3820 sciens.

618 3854 755 3910 Nam
788 3870 911 3911 cum
934 3857 1053 3911 haec
1075 3868 1141 3911 ex
1166 3865 1308 3910 terra
1343 3856 1585 3927 genesim
1615 3857 1870 3923 habeant,
1904 3859 1958 3911 in
1987 3865 2190 3912 terram

620 3951 820 4004 iterum
860 3948 1275 4015 dissolvuntur;
1335 3948 1670 4002 charismata
1703 3964 1835 4004 vero
1887 3957 2193 4020 martyrum

625 4044 917 4097 desursum
974 4052 1030 4097 et
1082 4056 1113 4097 e
1165 4041 1306 4096 cmlo
1367 4042 1774 4111 descendentia,
1832 4060 1954 4099 cum
2011 4044 2195 4099 divina

621 4136 825 4189 virtute
854 4136 966 4188 sint
1024 4133 1189 4197 edita,
1221 4133 1609 4189 resolutionem
1643 4135 1697 4190 in
1732 4144 1934 4191 terram
1988 4151 2197 4206 nequa-

622 4238 786 4295 quam
852 4226 1165 4277 adtnistnnt.
1218 4222 1406 4279 Romae
1452 4224 1636 4295 itaque
1691 4240 1798 4280 non
1858 4225 2199 4282 invideamus

626 4317 923 4384 desiderio,
956 4317 999 4371 si
1047 4324 1392 4372 terrenarum
1434 4317 1737 4373 claritatem
1772 4318 2002 4385 habens,
2034 4320 2198 4375 coele-

2303 3120 2444 3193 μεθα
2487 3119 2762 3191 γνώριμα.
2826 3123 3095 3191 Ῥωμαῖος
3140 3116 3293 3187 οὗτος
3325 3124 3651 3195 ἐτύγχανεν,
3687 3131 3748 3182 οὐ
3780 3131 3870 3183 πό-

2298 3213 2435 3276 λεως
2459 3213 2735 3284 ὑποφόρου
2773 3212 3063 3282 Ῥωμαίοις
3111 3214 3453 3285 ὁρμώμενος,
3482 3218 3621 3272 ἀλλὰ
3654 3220 3873 3291 Ῥώμην

2298 3303 2468 3373 αὐτὴν
2490 3303 2588 3373 τὴν
2612 3301 2833 3372 πρώτην
2861 3302 3038 3356 αὐτῶν
3070 3301 3489 3372 βασιλεύσασαν,
3517 3308 3753 3378 πατρίδα
3782 3311 3873 3364 καὶ

2272 3396 2452 3451 ’πόλιν
2468 3397 2838 3466 κτησάμενος·
2868 3394 2961 3448 καὶ
2987 3394 3171 3466 Ῥώμη
3195 3396 3301 3467 γὰρ
3323 3396 3536 3467 ἀληθῶς
3558 3398 3871 3470 ἐπεθύμησε

2296 3489 2362 3556 τῇ
2392 3485 2571 3555 οἰκείᾳ
2609 3486 2704 3537 καὶ
2743 3483 2900 3537 τοῦτο
2929 3484 3242 3554 προσθεῖναι
3271 3484 3636 3558 λαμπρότητι,
3666 3489 3728 3541 τὸ
3760 3489 3875 3542 Κύ-

2300 3594 2393 3647 ρου
2426 3576 2519 3629 καὶ
2555 3574 2800 3627 Ἰωάινου
2846 3577 2958 3636 τοῖς
3006 3573 3283 3644 θαύμασιν
3325 3575 3400 3640 ώς
3444 3577 3737 3649 θειοτέροις
3764 3582 3879 3633 τισὶ

2297 3665 2830 3734 ἐγκαλλωπίζεσθαι,
2856 3666 2989 3719 πολὺ
3017 3665 3188 3719 ταῦτα
3215 3666 3569 3739 λαμπρότερα
3595 3672 3879 3738 στεφάνων

2296 3759 2392 3812 καὶ
2440 3759 2737 3827 σκήπτρων
2771 3757 2864 3809 καὶ
2893 3757 3221 3827 πορφυρίδος
3249 3758 3649 3825 γιγνώσκουσα.
3691 3760 3879 3813 Ταῦτα

2300 3850 2398 3920 μὲν
2445 3850 2553 3919 γὰρ
2582 3849 2646 3901 ἐκ
2679 3849 2783 3917 γῆς
2830 3847 2928 3916 τὴν
2973 3848 3185 3916 γένεσιν
3225 3849 3437 3920 ἔχοντα,
3472 3850 3742 3914 πάλινείς
3772 3856 3877 3922 γῆν

2296 3941 2616 3996 ἀναλύεται’
2650 3943 2717 3995 τὰ
2747 3940 2803 3993 δὲ
2834 3939 2939 3992 τῶν
2989 3941 3282 4013 μαρτύρων
3322 3943 3637 4012 χαρίσματα
3669 3944 3877 3997 ἀνωθεν

2297 4034 2357 4099 ἐξ
2383 4033 2612 4104 ούρανοῦ
2643 4035 3013 4105 καταγόμενα,
3037 4034 3130 4086 καὶ
3162 4034 3282 4104 θείᾳ
3304 4034 3528 4103 δυνάμει
3557 4037 3875 4104 τικτόμενα,

2297 4124 2556 4178 ἀνάλυσιν
2578 4125 2678 4194 τὴν
2708 4126 2785 4187 εἰς
2813 4124 2916 4195 γῆν
2947 4123 3047 4177 οὐκ
3071 4122 3371 4192 εἰσδέχεται
3391 4139 3405 4152 ·
3435 4126 3503 4195 τῇ
3534 4124 3723 4198 Ῥώμῃ
3748 4127 3878 4192 γοῦν

2303 4216 2378 4287 μὴ
2408 4213 2764 4287 φθονήσωμεν
2793 4215 2890 4284 τῆς
2936 4214 3197 4284 ἐφέσεως,
3227 4214 3261 4285 ἢ
3289 4213 3396 4268 τῶν
3429 4217 3633 4286 γηΐνων
3661 4217 3761 4287 τὴν
3789 4218 3878 4271 εὖ.

2301 4304 2488 4361 κλειαν
2517 4305 2735 4377 ἔχουσα,
2766 4307 2859 4360 καί
2887 4306 2991 4359 τῶν
3012 4306 3277 4376 οὐρανίων
3298 4305 3395 4376 τῆς
3415 4306 3576 4375 δόξης
3606 4309 3872 4379 ὀρέγεται·

624 4411 790 4466 stium
829 4424 1048 4479 quoque
1093 4408 1321 4479 gloriam
1350 4410 1574 4479 appetit.
1610 4408 1714 4463 Sed
1745 4408 1976 4476 Joanne,
2008 4412 2098 4482 qui
2125 4428 2193 4466 ex

2305 4398 2420 4453 ἀλλ’
2457 4398 2709 4469 Ἰωάννην
2751 4397 2843 4451 τὸν
2874 4399 2936 4450 ὲκ
2961 4397 3164 4469 ταύτης
3203 4399 3283 4462 εἰς
3333 4399 3497 4468 μέσον
3530 4398 3871 4463 καλέσαντες,

624 4500 727 4554 hac
758 4498 961 4564 fuerat,
996 4499 1046 4551 in
1084 4498 1324 4554 medium
1365 4496 1649 4564 advocato,
1685 4512 1781 4568 per
1811 4499 1955 4554 hunc
1980 4501 2196 4557 deside-

624 4591 764 4645 rium
800 4590 920 4656 ejns
950 4588 1362 4658 adimpleamus.

694 4675 796 4733 liic
860 4680 1165 4732 octtlorum-
1205 4677 1460 4745 primitus
1521 4678 1799 4734 detinetur
1857 4679 2194 4747 inﬁrmitate,

624 4776 849 4836 propter
889 4781 1050 4834 quam
1101 4764 1328 4818 medicis
1387 4764 1664 4818 tribulatio
1698 4765 1837 4821 facta
1867 4775 1971 4834 est,
2029 4754 2197 4839 depo:

626 4871 757 4913 nere
790 4856 1163 4910 inut-unitatem
1189 4853 1531 4917 desiderans,
1560 4864 1614 4911 et
1649 4858 1892 4928 recipere
1917 4874 2038 4929 qua:
2071 4872 2197 4917 ante

628 4949 770 5000 hanc
807 4945 982 5000 fuerat
1015 4946 1327 5010 sanitatem,
1372 4947 1517 5016 quod
1551 4949 1730 5004 omnis
1778 4956 1863 5004 est
1914 4950 2200 5005 infirman-

627 5040 699 5092 tis
725 5037 1010 5092 iudicium.
1053 5037 1158 5091 Sed
1190 5037 1294 5091 hoc
1322 5038 1549 5107 adipisci
1578 5054 1686 5093 non
1723 5040 1886 5105 valet,
1917 5041 2042 5097 licet
2071 5042 2202 5097 mul-

628 5140 682 5184 ta
730 5131 959 5186 medicis
999 5130 1322 5194 tribuisset;
1384 5145 1601 5202 semper
1657 5133 1801 5187 enim
1864 5149 2201 5204 persequens

629 5224 935 5283 meliorem,
992 5221 1233 5293 pejorem
1271 5221 1503 5278 faciebat
1555 5224 1914 5295 languorem;
1961 5234 2016 5281 et
2070 5227 2200 5281 dum

626 5332 752 5371 eum
807 5315 899 5385 qui
951 5315 1006 5371 in
1046 5315 1172 5370 istis
1208 5323 1325 5370 erat.
1375 5318 1708 5387 conspicuus
1761 5318 2200 5387 amplecteretur,

630 5409 749 5475 ipse
809 5409 927 5462 sine
979 5408 1098 5461 visu
1147 5408 1405 5479 paulatim
1464 5407 1690 5464 effectus
1741 5416 1862 5475 est;
1919 5424 2204 5479 usquequo

632 5498 963 5568 spectabiles
996 5510 1050 5554 et
1081 5499 1325 5556 illustres
1357 5500 1566 5566 adiens,
1600 5500 1869 5557 obscurus
1894 5510 1946 5556 ct
1974 5501 2199 5556 obteue-

724 5667 771 5698 “
814 5670 990 5727 Ecclc.
1017 5689 1088 5738 tv,
1124 5673 1211 5725 19.,

2304 4489 2391 4545 διὰ
2425 4489 2613 4544 τούτου
2653 4490 2745 4544 τὸν
2785 4489 2947 4544 πόθον
2983 4489 3155 4561 αὐτῆς
3194 4490 3663 4564 ὲκπληρώσωμεν.

2373 4666 2544 4738 Οὗτος
2592 4672 2886 4744 ὀφθαλμῶν
2932 4673 3186 4744 ἀσθενείᾳ
3214 4675 3275 4729 τὸ
3306 4676 3524 4746 πρῶτον
3569 4678 3868 4747 κατέχεται,

2303 4766 2369 4819 δι’
2389 4767 2457 4837 ἢν
2486 4768 2688 4838 ἰατροῖς
2708 4765 2862 4836 δχλος
2880 4765 3108 4834 ἐγίνετο,
3129 4765 3427 4820 ἀποθέσθαι
3466 4769 3564 4837 μὲν
3588 4769 3761 4821 ποθῶν
3780 4768 3871 4837 τὴν

2304 4857 2610 4922 ἀσθένειαν,
2639 4858 2928 4912 ἀναλαϐεῖν
2955 4857 3011 4911 δὲ
3040 4857 3137 4928 τὴν
3166 4858 3272 4929 πρὸ
3295 4858 3499 4929 ταύτης
3530 4861 3816 4923 ἀπάθειαν,
3847 4861 3871 4911 ὃ

2306 4951 2508 5013 παντὸς
2532 4948 2884 5015 ἀσθενοῦντος
2910 4950 3216 5020 καθέστηκε
3246 4951 3554 5022 γνώρισμα.
3588 4952 3744 5005 Ἀλλά
3761 4950 3875 5024 τού-

2302 5059 2396 5094 του
2439 5044 2621 5111 τυχεῖν
2668 5042 2729 5095 ού
2779 5041 3095 5111 δεδύνηται,
3144 5042 3346 5112 πολλὴν
3401 5043 3601 5111 ἰατρῶν
3651 5042 3871 5113 ἀμοιϐὴν

2304 5134 2704 5202 ποιησάμενος·
2738 5133 2822 5185 ἀεὶ
2852 5132 2957 5203 γὰρ
3005 5133 3215 5186 διώκων
3241 5133 3331 5185 τὸν
3364 5133 3679 5203 κρείσσονα,
3704 5137 3869 5203 χεῖρον

2307 5224 2478 5277 ἐποίει
2528 5224 2587 5276 τὸ
2635 5224 2846 5292 νόσημα
2869 5241 2882 5254 ·
2935 5224 3030 5277 καὶ
3076 5224 3166 5277 τὸν
3199 5226 3255 5277 έν
3285 5223 3495 5287 τούτοις
3525 5224 3871 5293 περίϐλεπτον

2312 5315 2711 5385 ἀσπαζόμενος,
2747 5313 3012 5379 ἄϐλεπτος
3060 5315 3222 5378 αὐτὸς
3269 5313 3391 5368 κατ’
3416 5314 3600 5380 ὀλίγον
3630 5316 3836 5383 ἐγένετο
3856 5329 3869 5342 θ

2314 5408 2505 5477 μέχρις
2549 5399 2609 5459 οῦ
2662 5408 2774 5470 τοῖς
2819 5408 3088 5477 ὲμῑφανέσι
3137 5409 3232 5462 καὶ
3282 5407 3561 5478 λαμπροῖς
3610 5404 3862 5478 προσιὼν.

2312 5501 2522 5570 ἀφανὴς
2580 5500 2673 5555 καὶ
2725 5500 2987 5573 ἀλαμπὴς
3031 5501 3273 5573 διαμπὰξ
3321 5501 3736 5558 ἀποδείκνυταισ
3785 5497 3875 5552 καὶ
