4002 6316
166 256 292 320 36δί

1159 258 1262 318 SS.
1302 259 1479 319 CYRI
1512 258 1606 318 ΕΖΓ
1638 258 1961 320 JOANNIS
1996 259 2411 320 MIRACULA.

3289 252 3431 317 3f62

165 371 304 438 τάχα
327 366 428 419 οὐκ
463 366 530 420 ἂν
560 366 680 419 ούδέ
710 365 831 419 τότε
854 366 964 420 τῶν
999 367 1196 437 ἰατρῶν
1223 369 1321 432 τὰς
1348 371 1534 442 χεῖρας
1563 369 1745 437 διέφυ-

1862 372 2047 426 brosus
2105 386 2334 440 prorsus
2371 381 2624 426 ostensus
2684 376 2788 423 est.
2844 367 2910 421 Et
2954 366 3096 422 forte
3148 380 3247 420 nec
3301 375 3427 420 tunc

167 473 281 526 γεν,
309 454 356 507 εἰ
392 454 466 525 μὴ
498 454 733 508 κενωθὲν
762 455 821 509 τὸ
856 455 1158 526 βαλάντιον,
1189 458 1287 529 τὴν
1316 460 1424 513 τῶν
1454 459 1746 529 ὀφθαλμῶν

168 549 477 618 ἐφανέρωσε
511 547 785 617 τύφλωσιν
807 566 820 579 ·
854 550 948 602 σὺν
978 549 1055 619 τῷ
1099 553 1208 621 γὰρ
1232 552 1578 622 ὀφθαλμιαίῳ
1608 554 1749 621 φωτί

1852 461 2188 516 medicorum
2223 476 2420 517 manus
2445 460 2747 530 effugisset,
2775 458 2880 513 nisi
2903 465 3201 513 evacuatus
3235 472 3431 510 sacru-

1852 554 1957 616 lus,
1992 552 2272 608 oculorum
2319 555 2617 609 caecitatem
2649 550 3071 625 manifestasset.
3122 548 3259 604 Cum
3296 565 3431 602 ocn-

170 642 259 693 xa‘t
283 640 342 692 τὸ
373 638 719 708 βαλαντιαῖον
748 640 951 709 φέγγος
982 642 1230 706 ἐξέλιπεν
1254 659 1266 673 ·
1310 637 1482 713 οὗπερ
1512 643 1760 710 ἀνιάτως,

1862 662 2027 700 .orum
2061 648 2265 718 quippe
2320 646 2527 702 lumine
2577 646 2837 716 splendor
2870 645 3072 700 defecit
3119 644 3425 712 marsupii;

171 734 509 804 νοσήσαντος,
551 732 644 785 καὶ
694 733 860 803 ρεὒσιν
910 732 1094 786 λαϐεῖν
1140 734 1398 803 οὐδεμίαν
1452 733 1748 804 ἰσχύοντος,

170 827 340 878 νοσεῖν
376 825 469 878 καὶ
515 823 679 886 αὐτὸς
707 825 941 886 ἀνιάτως
975 824 1296 895 ἐμάνθανεν.
1338 825 1482 889 Ἕως
1509 826 1607 896 μὲν
1644 824 1752 896 γάρ

171 912 236 987 ἦν
263 915 420 979 άδρὸν
451 916 512 968 τὸ
539 916 845 985 βαλάντιον,
878 917 1105 988 Θάρσει,
1135 918 1271 989 πρὸς
1293 918 1399 972 τῶν
1427 919 1626 990 ἰατρῶν
1657 936 1753 971 συ-

173 1008 418 1078 χνὸτερον
444 1008 664 1079 ἡκουεν,
694 1008 787 1062 καὶ
813 1008 991 1079 λύπην
1024 1009 1288 1079 μηδαμῶς
1317 1011 1453 1081 μηδὲ
1480 1013 1754 1082 μέριμναν

175 1101 406 1170 κέκτησο
433 1117 447 1132 ·
476 1100 670 1154 θᾶττον
700 1101 807 1171 γάρ
856 1118 916 1154 σε
962 1102 1143 1165 καλῶς
1176 1102 1393 1172 βλέπειν
1439 1104 1751 1174 ἐλπίζομεν.

186 1192 399 1262 Ἐπειδὴ
434 1191 489 1245 δὲ
512 1191 575 1245 τὸ
612 1191 894 1261 βαλάντιον
926 1193 1024 1263 τὴν
1054 1193 1286 1247 κένωσιν
1313 1194 1580 1248 πέπονθεν
1608 1196 1756 1266 (συν-

175 1283 409 1356 ερρύηκε
434 1284 542 1354 γάρ
570 1284 837 1338 καὶτοῦτο
866 1287 976 1348 τοῖς
1006 1284 1296 1355 ὄμμασιν),
1318 1287 1516 1357 πάσχει
1542 1288 1635 1340 καὶ
1662 1287 1757 1340 αὐ-

173 1376 260 1439 τὸς
303 1376 401 1429 σὺν
445 1375 621 1447 τούτῳ
665 1376 765 1447 τὴν
820 1377 1097 1447 στέρησιν,
1129 1378 1194 1447 ἢν
1221 1379 1617 1445 προσπεπονθὼς
1648 1380 1756 1431 τῶν

175 1470 433 1538 ὀμμάτων
446 1468 758 1538 ἐτύγχανεν.
778 1470 1034 1535 Ἀπελθε,
1055 1471 1192 1541 πρὸς
1209 1471 1388 1524 αὑτῶν
1405 1466 1754 1536 ἐπυνθάνετο,

184 1558 456 1630 μηδείς“σε
500 1560 710 1629 θνητῶν
743 1562 1104 1629 ἀπατήσειεν,
1153 1562 1327 1630 λέγων
1379 1563 1455 1623 ὡς
1500 1562 1623 1631 ὄψει
1667 1560 1758 1615 τὸν

175 1652 347 1721 ἥλιον·
395 1653 455 1706 αἰ
500 1652 659 1721 κόραι
702 1652 812 1722 γάρ
857 1670 952 1705 σου
993 1652 1346 1724 διέρρευσαν,
1379 1654 1474 1707 καί
1506 1654 1758 1725 ἀλλήλοις

178 1740 457 1810 ἐπάγη’τὰ
492 1739 758 1810 βλέφαρα,
796 1741 938 1810 Ὅρα
979 1722 1166 1812 μηδείς
1212 1759 1304 1795 σου
1340 1742 1505 1810 φάγοι
1674 1746 1756 1799 ἰα-
1789 1722 1829 1775 Β

179 1834 315 1901 τρῶν
344 1833 404 1886 τὺ
434 1835 718 1905 ἀργύριον,
753 1835 934 1903 μόνοις
964 1852 1023 1888 σε
1058 1835 1228 1889 ποιῶν
1256 1839 1368 1901 τοῖς
1394 1838 1569 1906 λόγοις
1600 1838 1753 1892 εύέλ-

183 1926 322 1993 πιδα,
364 1928 677 1998 εὑόμματον
715 1927 772 1980 δέ
812 1930 991 1981 ποιεῖν
1029 1929 1089 1981 ού
1127 1930 1445 2000 δυνάμενος.

246 2109 465 2173 Ταύτας
515 2111 768 2182 Ἰωάννης
818 2112 917 2174 τὰς
964 2112 1273 2182 ἀποφάσεις
1315 2113 1627 2186 δεξάμενος,
1651 2117 1759 2170 ἔτι-

180 2220 281 2274 περ
311 2202 553 2274 ἐνοχλεῖν
585 2206 787 2275 ἰατροῖς
813 2205 913 2263 οὐκ
944 2206 1195 2276 ἠδύνατο,
1224 2208 1326 2261 οὐκ
1361 2209 1549 2281 ἐπειδὴ
1595 2212 1758 2280 μόνον

177 2295 248 2358 ὡς
287 2295 472 2348 ούκέτι
517 2295 702 2365 βλέψοι
736 2297 1080 2367 μεμάθηκεν,
1128 2297 1246 2351 ἀλλ’
1289 2300 1371 2352 ὅτι
1411 2300 1507 2353 καλ¹
1540 2301 1759 2371 χρημά-

178 2406 277 2441 των
293 2390 388 2459 ἐχή
397 2406 550 2460 ρευε.
572 2390 639 2442 δι’
660 2382 734 2443 ὧν
768 2391 992 2461 ἰατροὺς
1021 2390 1432 2461 θεραπεύσειεν.
1469 2393 1558 2446 Ἐν
1581 2393 1758 2463 τούτῳ

179 2478 411 2545 γεγονὼς
438 2480 849 2543 καταστάσεως,
874 2480 1077 2551 ἰατρῶν
1102 2481 1286 2535 πλεῖον
1309 2481 1631 2551 δυνάμενον,
1665 2486 1759 2538 καὶ

178 2570 395 2642 γνώμην
421 2573 626 2643 ἰατρῶν
642 2572 943 2643 χρημάτων
970 2574 1031 2624 οὐ
1053 2571 1322 2644 χρῄζοντα
1352 2573 1563 2644 ἔχοντα,
1590 2575 1681 2629 καὶ
1696 2576 1758 2628 ού

182 2661 332 2717 τοῦτο
358 2664 545 2735 μόνον,
577 2664 715 2718 ἀλλὰ
743 2666 840 2719 καλ⁵
864 2666 953 2720 τὸν
978 2666 1260 2737 ἄρρωστον
1290 2667 1564 2737 τρέφοντα
1587 2683 1597 2696 ’
1622 2667 1760 2739 ὅπερ

182 2754 449 2827 ἐπιζητῶν
487 2758 931 2830 σπουδαιότερον,
958 2758 1101 2812 κατὰ
1120 2758 1217 2829 τὴν
1242 2761 1510 2832 σωτήριον
1536 2759 1760 2831 εὕρισκε

182 2847 500 2920 πρόρρησιν,
530 2849 626 2903 καὶ
651 2850 862 2921 κροτῶν
893 2850 1310 2923 συντονώτερον,
1344 2850 1515 2923 θύρας
1550 2852 1761 2923 ἠνεῳγ-

185 2939 343 3011 μένης
389 2942 714 3011 ἐτύγχανεν.
762 2941 947 3012 Κῦρον
991 2941 1098 3014 γὰρ
1140 2943 1243 2996 οὐκ
1275 2944 1355 3006 εἰς
1411 2946 1631 3015 μακράν
1664 2945 1760 2998 καὶ

192 3030 440 3102 Ἰωάννην
490 3034 555 3086 ἐν
596 3032 977 3105 Ἀλεξανδρείᾳ
1021 3034 1355 3089 πυνθάνεται
1399 3036 1545 3099 οἴους
1579 3038 1762 3108 εὑρεῖν

179 3121 345 3176 ἐθέλοι
373 3125 475 3178 καὶ
501 3124 773 3195 γλίχεται,
805 3126 1015 3180 πιστῶν
1049 3125 1216 3179 αὑτοῦ
1247 3128 1573 3199 νοσημάτων
1603 3128 1764 3186 δυνά·

184 3232 322 3283 μεως
356 3217 705 3289 κρείσσονας.
741 3218 855 3272 1ίαί¹
885 3217 1045 3271 τοῦτο
1077 3218 1289 3290 μαθὼν,
1332 3220 1533 3290 μᾶλλον
1560 3219 1618 3274 δὲ
1646 3238 1764 3274 πει-

182 3300 342 3368 σθεὶς,
374 3303 680 3375 ἐπειδήπερ
706 3307 772 3359 ἐκ
806 3307 998 3376 φήμης
1035 3308 1165 3360 αὐτὸ
1206 3309 1603 3378 προεγίνωσκε,
1634 3310 1762 3364 θᾶτ-

179 3406 265 3444 τον
293 3394 418 3457 τοὺς
450 3394 642 3462 ἁγίους
672 3396 996 3463 κατέλαϐεν,
1024 3399 1148 3468 ὅρον
1182 3399 1480 3453 ἀσάλευτον
1511 3402 1760 3473 θέμενος,

182 3480 253 3553 μὴ
286 3484 551 3538 εἰσελθεῖν
580 3486 742 3539 αὑτὸν
762 3487 823 3541 τὸ
854 3488 1151 3559 σεϐάσμιον
1176 3491 1424 3562 τέμενος,
1450 3495 1498 3547 εἰ
1532 3494 1606 3565 μὴ
1649 3495 1764 3564 φῶς

180 3571 421 3627 θεάσοιτο
455 3576 752 3648 πρότερον,
784 3579 880 3632 καὶ
908 3580 1017 3634 τῶν
1060 3582 1327 3651 ὀμμάτων
1370 3584 1636 3638 ἀποϐάλοι
1665 3587 1765 3658 τὴν

180 3665 422 3735 πήρωσιν
447 3684 462 3699 ’
495 3669 598 3722 καὶ
626 3671 717 3723 τὸν
750 3672 950 3725 οἰκεῖον
977 3674 1103 3744 ὅρον
1139 3675 1280 3745 μετὰ
1311 3676 1541 3749 δοκιμὴν
1576 3679 1636 3732 οὐ
1665 3696 1764 3749 με-

179 3757 327 3826 τρίαν
348 3759 696 3831 ἐπλήρωσεν,
721 3764 781 3816 τὸ
798 3765 1016 3833 Ὢμοσα
1036 3767 1129 3820 καὶ
1149 3766 1371 3838 ἔστησα,
1387 3748 1563 3839 λέγων
1582 3748 1766 3841 συχνά-

181 3865 353 3919 τερον,
387 3854 483 3908 καὶ
511 3856 586 3910 τά
614 3857 1029 3929 ἐκπορευόμενα
1052 3861 1118 3914 ἐκ
1155 3862 1262 3913 τῶν
1286 3862 1509 3932 χειλέων
1540 3881 1642 3933 μου
1666 3866 1765 3919 οὐκ

183 3943 448 4017 ἀθετήσω,
485 3948 629 4019 μετὰ
658 3950 754 4004 τοῦ
782 3953 1145 4022 Μελογρὰφου
1179 3954 1472 4026 βοώμενος.
1510 3958 1625 4028 Πρὸ
1656 3959 1763 4030 γάρ

181 4034 277 4104 τῆς
304 4039 397 4092 τοῦ
423 4040 530 4093 νεὼ
558 4041 734 4113 θύρας
770 4044 1027 4116 ἐκάθητο,
1057 4045 1326 4111 ἀνέκειτο,
1359 4047 1568 4118 ἢσθιεν,
1598 4048 1764 4102 ἐκάθ-

187 4128 365 4183 ευδεν·
401 4134 461 4185 ἐν
491 4133 616 4204 ὥρα
666 4134 765 4204 μὲν
817 4134 1011 4207 θέρους
1055 4138 1448 4208 καυσούμενος,
1484 4141 1540 4192 ἐν
1588 4140 1765 4213 καιρῷ

185 4217 238 4271 δὲ
279 4224 551 4293 χειμῶνος
578 4225 929 4298 πηγνύμενος
953 4242 967 4257 ·
998 4230 1098 4282 καὶ
1145 4230 1275 4284 ποτέ
1322 4230 1420 4300 μὲν
1451 4230 1629 4295 ὑετοῖς
1668 4233 1765 4285 λα-

180 4310 458 4386 ϐροτέροις
492 4317 853 4389 βρεχόμενος,
884 4321 1017 4375 ποτὲ
1062 4322 1119 4376 δὲ
1164 4323 1553 4395 σφοδροτέραις
1583 4327 1764 4379 ἀκτῖσι

180 4403 531 4478 φλεγόμενος,
566 4412 708 4483 ὑπὲρ
753 4414 1002 4483 κεφαλῆς
1046 4413 1186 4485 ἔχων
1220 4415 1313 4469 τὸν
1356 4416 1510 4487 ἣλιον
1548 4419 1765 4491 ἡμέρας

180 4501 531 4566 συγκαίοντα,
557 4506 652 4559 καὶ
683 4505 877 4571 νυκτὸς
907 4506 1004 4576 τὴν
1038 4507 1269 4577 σελήνην
1293 4508 1614 4563 ἐκλύουσαν.

181 4585 545 4651 inflammatus
575 4610 591 4661 ;
659 4610 825 4666 supra

179 4690 302 4740 tem.

246 4775 402 4831 Οὕτω
432 4778 491 4833 δὲ
527 4780 758 4851 χρόνους
796 4780 943 4835 ὀκτὼ
982 4782 1298 4847 διατελέσας
1327 4785 1639 4857 ὑπαίθριος,
1666 4790 1762 4843 καὶ

176 4867 270 4939 τὴν
302 4872 518 4925 οἰκείαν
562 4875 662 4926 οὐκ
706 4875 986 4945 ἀτιμάσας
1023 4877 1320 4946 ἀπόφασιν,
1346 4879 1457 4933 οὐδ’
1491 4882 1760 4951 ἀτιμάσαι

179 4961 555 5038 προσδοκήσας
600 4966 679 5027 εἰς
710 4965 986 5038 ἔπειτα,ἢ
1029 4968 1366 5040 ποιήσασθαι
1410 4971 1507 5041 τὴν
1549 4972 1761 5026 ἐκεῖθεν

176 5052 465 5120 ἀπόϐασιν,
491 5057 542 5109 εἰ
580 5056 676 5109 καὶ
724 5057 887 5130 μέχρι
913 5058 1148 5113 θανάτου
1189 5059 1389 5127 τυφλὸς
1428 5060 1758 5127 ἐξετάζοιτο.

178 5142 337 5196 Ὅθεν
369 5145 616 5199 ἐπαίνων
653 5146 753 5215 μὲν
781 5149 880 5219 τῆς
908 5148 1053 5203 οὓτω
1077 5152 1346 5223 σταθερᾶς
1373 5152 1466 5205 τοῦ
1496 5153 1760 5225 λογισμοῦ

177 5231 266 5287 καὶ
301 5231 529 5302 βεϐαίας
580 5236 818 5304 κρίσεως
851 5236 1025 5303 ἄξιος,
1058 5238 1211 5308 παρὰ
1239 5241 1376 5293 πᾶσι
1416 5242 1529 5303 τοῖς
1559 5241 1760 5295 εἰδόσιν

178 5321 440 5392 ἐκρίνετο,
491 5325 652 5395 παρὰ
696 5329 810 5390 τοῖς
856 5328 1095 5399 μάρτυσι
1127 5330 1223 5384 καὶ
1274 5329 1487 5395 τελείας
1539 5332 1757 5396 ἰάσεως.

187 5412 539 5480 Ἐπιστάντες
564 5416 701 5486 γοῦν
727 5419 880 5488 αὒτῷ
926 5420 1121 5485 νυκτὸς
1139 5460 1155 5485 ,
1186 5422 1263 5487 ὡς
1286 5422 1604 5491 ἐκάθευδεν,
1656 5426 1756 5497 τὴν

177 5501 357 5571 ὑγείαν
383 5507 714 5577 παρέχουσι,
750 5509 845 5562 καὶ
870 5509 931 5563 τὸ
954 5509 1177 5581 βλέπειν
1203 5512 1545 5584 χαρίζονται,
1578 5513 1757 5584 λόγοις

1850 738 1943 807 qui
1973 753 2095 793 cum
2126 738 2500 795 insatiabiliter
2525 738 2880 808 clanguisset,
2901 743 2955 791 et
2987 737 3277 792 sanitatem
3307 735 3430 787 nu!-

1852 829 1960 882 lam
1991 829 2240 899 accipere
2266 829 2549 892 valuisset,
2585 828 2844 898 languere
2875 835 2931 881 et
2961 827 3077 897 ipse
3106 826 3433 881 insanabili-

1853 928 1935 974 ter
1965 919 2176 975 didicit.
2232 919 2417 976 Donec
2447 919 2593 976 enim
2654 918 2992 989 marsupium
3032 917 3244 988 dapsile
3301 916 3428 975 fuit.

1845 1008 2083 1073 Confide,
2124 1027 2154 1066 a
2212 1012 2441 1068 medicis
2520 1014 2723 1082 smpius
2782 1010 3085 1076 audiebat,
3153 1011 3431 1065 tristitiam

1857 1118 2199 1174 nequaquam
2235 1119 2415 1174 neque
2438 1103 2867 1160 sollicitudinem
2892 1102 3057 1166 habe,
3093 1102 3260 1157 citius
3287 1103 3432 1156 enim

1857 1208 1908 1252 te
1943 1198 2080 1251 bene
2115 1196 2301 1251 videre
2330 1211 2639 1266 speramus.
2675 1194 2815 1261 Quia
2850 1208 2982 1250 vero
3012 1192 3161 1248 follis
3195 1208 3435 1247 evacua-

1858 1293 2061 1347 tionetn
2096 1305 2293 1360 passus
2318 1298 2426 1353 est,
2478 1288 2688 1345 emuxit
2716 1289 2863 1345 enim
2928 1288 3095 1343 etiam
3149 1288 3254 1342 iste
3310 1302 3432 1341 cum

1856 1381 2055 1444 oculis,
2086 1380 2295 1450 patitur
2319 1388 2373 1433 et
2403 1380 2518 1449 ipse
2547 1394 2671 1433 cum
2709 1380 2813 1433 hoc
2837 1378 3231 1448 privationem.
3268 1391 3432 1447 quam

1857 1482 1909 1528 et
1942 1486 2140 1542 passus
2168 1471 2223 1526 in
2250 1473 2425 1525 oculis
2453 1472 2633 1525 fuerat
2660 1490 2675 1538 ;
2702 1472 2865 1534 Vade,
2914 1470 2982 1524 ab
3026 1473 3105 1525 eis
3156 1469 3436 1533 audiebat,

1858 1566 2042 1620 nullus
2066 1576 2118 1620 te
2146 1564 2460 1618 mortalium
2507 1563 2744 1633 decipiat
2795 1564 2985 1619 dicens
3019 1563 3165 1632 quod
3215 1565 3439 1615 visurus

1858 1658 1937 1712 sis
1968 1656 2174 1722 solem;
2206 1654 2428 1724 pupilla:
2451 1654 2653 1723 quippe
2689 1653 2785 1705 tibi
2841 1652 3212 1716 defluxerunt,
3245 1662 3301 1708 et
3326 1654 3439 1723 pal-

1857 1748 2034 1816 pebrre
2058 1755 2251 1801 mutuo
2266 1731 2565 1816 congelatas
2588 1753 2735 1800 sunt.
2773 1743 2928 1809 Vide,
2962 1743 3147 1798 nullus
3174 1759 3236 1797 ex
3271 1744 3442 1798 medi-

1857 1840 1938 1895 cis
1976 1838 2264 1910 pecuniam
2292 1848 2439 1891 tuam
2476 1839 2789 1899 manducet,
2818 1836 2954 1891 solis
2981 1846 3033 1890 te
3088 1834 3300 1890 faciens
3343 1834 3442 1889 bo-

1856 1948 1942 1988 na:
1970 1932 2087 2002 spei
2146 1930 2519 1991 sermonibus,
2553 1943 2678 1984 cum
2732 1928 2895 1984 bonis
2935 1936 2989 1982 te
3042 1929 3221 1983 oculis
3264 1927 3442 1981 facere

1857 2037 2112 2100 nequeat.

1937 2121 2032 2175 llis
2068 2118 2309 2174 Joannes
2340 2115 2584 2185 acceptis
2649 2113 2964 2179 sententiis,
3015 2113 3158 2166 ultra
3215 2111 3441 2166 medicis

1857 2213 2130 2268 molestus
2160 2225 2286 2266 esse
2307 2223 2416 2263 non
2447 2216 2660 2278 poterat
2686 2222 2701 2271 ;
2737 2219 2843 2259 non
2878 2214 3091 2259 tantum
3118 2204 3265 2274 quia,
3294 2205 3440 2275 quod

1856 2322 1969 2362 non
2064 2313 2213 2360 esset
2266 2303 2412 2355 ultra
2494 2301 2716 2353 visurus
2771 2298 3059 2363 didicerat,
3146 2296 3242 2352 sed
3294 2297 3441 2366 quod

1844 2400 2023 2469 etiam
2058 2396 2307 2468 pecuniis
2335 2395 2630 2449 destitutus
2663 2398 2828 2456 esset,
2860 2406 2957 2460 per
2990 2405 3128 2460 quas
3154 2389 3298 2445 foret
3324 2404 3442 2443 mc-

1860 2488 2013 2543 dicos
2039 2485 2374 2555 placaturus.
2408 2480 2463 2533 ln
2494 2480 2596 2533 hoc
2647 2479 2970 2539 devenicns,
3028 2477 3298 2531 medicum
3358 2476 3444 2530 in-

1861 2578 2169 2649 vestigabat
2201 2577 2294 2651 qui
2340 2575 2465 2644 plus
2519 2572 2749 2627 medicis
2783 2579 2989 2642 posset,
3022 2570 3227 2639 quique
3267 2569 3443 2623 medi-

1861 2686 2052 2727 corum
2092 2669 2317 2723 haberet
2353 2667 2621 2729 animum,
2651 2664 2743 2734 qui
2780 2662 3027 2732 pecuniis
3066 2678 3174 2717 non
3224 2669 3441 2732 egeret;

1861 2773 1918 2820 et
1944 2778 2054 2817 non
2080 2761 2256 2816 solum
2289 2758 2413 2823 hoc,
2441 2758 2535 2814 sed
2562 2765 2615 2811 ct
2640 2756 2735 2825 qui
2765 2755 3041 2809 infirmum
3069 2752 3257 2808 aleret.
3288 2750 3442 2817 Quod

1862 2854 2167 2912 studiosius
2221 2839 2546 2923 requirens.
2614 2848 2918 2906 secundum
2978 2846 3183 2916 reperit
3237 2845 3437 2901 saln'a»

1863 2964 1924 3004 re
1958 2947 2074 3018 ('55)
2119 2945 2474 3009 vaticinium;
2505 2952 2553 2997 et
2610 2942 2837 3012 pulsans
2870 2940 3187 3004 instantius,
3241 2952 3320 2993 os:
3357 2957 3384 2988 ιι
3418 2958 3441 2986 σι

1866 3048 2118 3111 apertum
2150 3039 2382 3108 adeptus
2409 3043 2515 3091 est.
2548 3036 2751 3106 Cyrum
2822 3047 3059 3102 namque
3111 3046 3220 3085 non
3287 3032 3389 3093 Iun,
3432 3051 3440 3062 -

1868 3141 2031 3204 atque
2062 3130 2350 3191 Joannem,
2381 3128 2431 3181 id
2460 3134 2545 3182 est
2569 3124 2918 3180 Alexandriae
2947 3124 3252 3180 consistere
3272 3121 3444 3181 audit,

1865 3225 2058 3298 quales
2083 3222 2333 3278 invenire
2363 3219 2525 3274 vellet
2555 3224 2610 3273 et
2649 3224 2898 3287 cuperet,
2929 3216 3136 3285 quique
3189 3214 3307 3269 suis
3367 3212 3449 3267 fo-

1863 3328 1987 3375 rent
2017 3318 2218 3372 virtute
2250 3313 2610 3386 languoribus
2642 3311 2916 3366 fortiores.
2964 3312 3028 3363 Et
3055 3310 3158 3363 hoc
3192 3309 3447 3363 cdiscens

1863 3412 1975 3466 imo
2027 3410 2298 3470 credens,
2361 3406 2622 3475 quoniam
2676 3402 2730 3457 id
2764 3402 2877 3472 jam
2909 3416 2975 3454 ex
3014 3400 3155 3454 fatua
3199 3415 3446 3463 noverat,

1864 3500 1931 3554 ad
1981 3508 2205 3554 sanetos
2269 3495 2526 3549 celeriter
2581 3489 2753 3556 venit,
2809 3488 3129 3544 definitione
3180 3490 3445 3543 immobili

1864 3591 2066 3662 posita,
2097 3604 2206 3643 non
2254 3602 2313 3641 se
2345 3586 2726 3655 ingressurum
2778 3595 2970 3637 eorum
3026 3580 3243 3635 celebre
3310 3588 3436 3633 tem-

1864 3684 2038 3754 plum,
2072 3682 2174 3736 nisi
2206 3680 2356 3743 prius
2398 3678 2575 3731 lucem
2607 3673 2861 3737 vidisset,
2896 3681 2951 3726 et
2981 3673 3284 3727 ca-citatcm
3316 3687 3451 3726 oeu-

1865 3776 2046 3829 lorum
2080 3770 2450 3840 deposuisset.
2492 3767 2561 3823 Et
2590 3765 2870 3835 propriam
2925 3763 3295 3819 definitionem
3332 3777 3452 3833 post

1865 3881 1977 3921 non
2008 3861 2342 3918 mediocrem
2398 3857 2783 3929 probationem
2827 3856 3098 3927 implevit,
3148 3853 3339 3908 Juravi
3398 3864 3450 3908 (ιι

1867 3956 2056 4021 statui,
2090 3953 2293 4024 saepius
2341 3952 2556 4016 dicens,
2592 3959 2645 4005 et
2676 3964 2799 4020 quae
2860 3948 3167 4018 procedunt
3224 3963 3319 4017 per
3370 3948 3451 4000 la-

1866 4047 1956 4101 bia
1995 4059 2115 4098 mea
2156 4058 2261 4096 non
2298 4040 2496 4095 faciam
2531 4039 2708 4104 irrita,
2750 4053 2876 4092 cum
2937 4035 3295 4104 Melograplro
3338 4035 3451 4089 cla-

1869 4151 2050 4191 mans.
2108 4132 2227 4187 Prae
2277 4131 2492 4186 foribus
2545 4130 2690 4185 enim
2756 4127 2944 4196 lellzpli
3005 4125 3255 4207 sedebat,
3304 4124 3452 4193 jace—

1848 4228 1981 4292 -bat,
2018 4224 2412 4286 manducabat,
2453 4229 2507 4275 et
2536 4220 2866 4282 dormiebat,
2929 4229 3175 4288 tempore
3227 4216 3447 4286 quidem

1867 4318 2077 4375 astatis
2115 4316 2368 4376 adustus,
2428 4322 2679 4381 tempore
2747 4322 2930 4366 autem
2990 4311 3186 4366 hiemis
3245 4324 3447 4378 conge-

1873 4414 2057 4476 laLus;
2132 4420 2187 4465 et
2273 4407 2434 4462 modo
2507 4405 2733 4477 quidem
2813 4406 3174 4460 validioribus
3255 4403 3446 4457 imbri‘

1791 4500 1836 4558 D
1869 4509 1971 4562 bus
2001 4504 2335 4573 complutus,
2379 4502 2542 4556 modo
2578 4507 2761 4555 autem
2821 4499 3235 4553 vehementibus
3281 4496 3447 4552 radiis

934 4604 1101 4665 caput
1175 4597 1384 4654 habens
1459 4600 1631 4655 solem
1702 4598 1941 4657 interdiu
2008 4601 2452 4650 concretuantem
2491 4631 2507 4656 ,
2568 4598 2623 4645 et
2680 4597 2846 4644 noctu
2900 4589 3086 4644 lunam
3156 4590 3447 4647 exsolven-

1940 4781 2146 4835 Taliter
2178 4785 2360 4832 autem
2395 4791 2571 4831 annos
2599 4781 2725 4830 octo
2767 4776 2871 4830 sub
2926 4774 3054 4831 divo
3111 4776 3442 4844 transigens.

1868 4883 1922 4931 et
1964 4873 2238 4944 propriam
2273 4884 2379 4923 non
2410 4882 2679 4937 spernens
2701 4868 3053 4929 sententiam.
3085 4884 3264 4938 neque
3296 4868 3446 4922 dein-

1867 4982 1999 5037 ceps
2051 4979 2112 5019 se
2170 4962 2382 5017 irritam
2440 4961 2714 5014 facturum
2765 4968 3110 5029 exspectans,
3176 4968 3266 5013 aut
3320 4960 3449 5015 inde

1871 5055 2145 5110 facturum
2175 5052 2408 5111 exitum,
2443 5049 2609 5103 etiam
2652 5049 2698 5103 si
2731 5064 2909 5118 usque
2966 5050 3033 5103 ad
3070 5058 3301 5104 mortem
3335 5065 3444 5104 ca:-

1870 5163 1970 5203 cns
2001 5144 2144 5200 foret
2191 5142 2531 5215 probandus.
2585 5139 2745 5197 Unde
2781 5141 3038 5196 laudibus
3065 5140 3286 5211 quidem
3340 5152 3449 5194 tam

1869 5236 2179 5296 amstantis
2206 5236 2369 5291 animi
2407 5243 2460 5287 et
2488 5235 2701 5290 stabilis
2730 5235 2925 5303 judicii
2959 5236 3102 5307 apud
3136 5248 3330 5290 omnes
3357 5235 3450 5303 qui

1870 5339 2133 5386 noverant
2172 5326 2569 5384 decernebatur
2603 5323 2699 5397 [ex
2734 5325 2886 5399 Gn],
2946 5338 2999 5383 et
3047 5326 3190 5398 apud
3245 5338 3453 5396 marty-

1871 5439 1960 5479 res
2018 5422 2183 5477 etiam
2240 5418 2480 5491 perfecta
2545 5419 2783 5473 sanitate
2822 5420 3021 5489 dignus
3074 5421 3450 5490 indicabatur.

1870 5515 2211 5571 Assistentes
2242 5527 2373 5584 ergo
2400 5512 2445 5566 ei
2467 5519 2628 5565 noctu
2657 5510 2973 5577 dormienti,
3002 5514 3291 5568 sanitatem
3317 5530 3454 5584 pl‘.l'-

1701 5609 1933 5667 NOTAE.

276 5690 389 5764 (35)
428 5692 803 5753 llcllenismus
837 5714 937 5769 pro
968 5701 1285 5758 Saluatoris.
