4002 6316
620 245 768 308 διδ-ι

1598 252 2017 318 SOPHRONII
2040 254 2544 317 PATRMRCIIzE
2607 253 3005 316 I-IIEROSOL.

3742 252 3878 317 εδει
3948 266 3951 347 γ

626 358 775 425 bunt,
811 367 866 415 et
903 362 1082 418 videre
1130 363 1358 427 donant,
1411 364 1592 421 verbis
1644 367 1747 420 hoc
1799 365 2079 435 iubentes.
2135 372 2177 416 el

2292 359 2449 414 τοῦτο
2484 360 2859 424 κελεύσαντες,
2893 363 2989 413 καὶ
3009 360 3115 413 τῶν
3142 359 3404 431 ὀμμάτων
3435 359 3750 431 ἁψάμενοι,
3777 363 3869 412 καὶ

623 449 814 503 oculos
839 458 1135 520 tangentes,
1171 461 1224 506 et
1259 469 1369 508 non
1416 455 1872 512 medicaminibus
1916 456 1993 509 uti
2053 467 2193 522 pra:-

625 538 913 607 cipieutes.
967 539 1212 605 Qualiter
1242 551 1423 598 tamen
1449 545 1527 599 vel
1580 547 1856 614 quomodo
1886 544 2193 614 aperientes

623 631 813 683 oculos
841 639 1166 701 expurgant,
1225 648 1572 705 nequaquam
1600 634 1911 691 didicimus.
1946 634 2191 706 Surgens

622 719 767 772 enim
804 729 925 789 post
951 725 1235 779 somnium-
1261 740 1291 779 e
1319 733 1514 792 stratu,
1543 726 1733 783 eadem
1767 727 2041 782 mediante
2095 741 2193 781 no-

622 822 709 866 cte
756 813 1023 882 sinopidis
1062 825 1286 886 accepto
1325 819 1530 883 colore,
1588 819 1679 889 qui
1731 818 1963 873 ﬂamma:
1996 818 2191 873 similis

619 911 724 964 est,
763 903 876 958 ba2c
913 906 966 960 in
998 908 1206 976 pariete
1232 910 1323 978 qui
1351 917 1435 965 est
1461 917 1587 965 ante
1614 918 1824 980 portam
1861 908 2043 980 templi
2097 908 2189 963 ubi

617 1004 673 1046 et
696 995 911 1063 jacebat
933 997 1248 1069 descripsit.
1295 1018 1314 1052 ι
1354 1000 1465 1072 Ego
1513 1000 1752 1056 Joannes
1787 1003 2037 1056 maximae
2092 1015 2189 1055 ur-

623 1084 916 1147 bisRomae
949 1089 1235 1153 oriundus,
1285 1104 1409 1145 cum
1451 1106 1547 1160 per
1595 1099 1720 1146 octo
1783 1105 1958 1146 annos
2010 1103 2188 1145 caecus

622 1176 866 1244 fuissent,
906 1180 992 1235 hic
1025 1197 1120 1252 per
1149 1190 1462 1237 sanctorum
1484 1182 1620 1255 Cyri
1652 1191 1705 1238 et
1733 1181 1962 1237 Joannis
2017 1181 2189 1235 virtu-

621 1275 726 1318 tem
771 1270 1169 1336 perseverando
1200 1270 1378 1325 visum
1429 1272 1605 1340 recepi
1646 1288 1691 1323 ι.
1752 1268 1817 1323 Ει
1863 1270 2050 1323 colore
2102 1268 2188 1324 his

615 1359 877 1426 exaratis,
937 1360 1329 1431 ingressusque
1376 1361 1569 1415 videns
1615 1361 1668 1422 in
1719 1362 1982 1429 templum
2042 1359 2184 1413 sicut

613 1446 965 1514 promiserat,
995 1460 1046 1503 et
1080 1449 1334 1518 precibus
1364 1448 1625 1518 impensis
1643 1449 1981 1519 martyribus
2005 1447 2186 1517 prius-

618 1553 782 1608 quam
837 1554 1001 1610 super
1053 1550 1251 1597 terram
1301 1542 1383 1596 sol
1426 1541 1602 1605 ﬁeret,
1631 1548 1685 1597 et
1735 1555 1829 1595 eos
1876 1542 1968 1610 qui
2021 1555 2186 1604 super

609 1641 819 1685 terram
838 1641 998 1688 erant
1019 1632 1189 1688 radiis
1212 1632 1532 1699 illustraret,
1553 1632 1709 1687 laetus
1734 1632 2031 1696 discessit;
2067 1646 2181 1685 me-

620 1722 844 1776 moriale
873 1724 1106 1792 prepriaa
1137 1723 1544 1786 benevolentia),
1590 1733 1999 1794 martyrumque
2054 1736 2181 1791 gra-

618 1812 704 1866 lia!
731 1813 1215 1882 prmdicamcutum
1266 1814 1478 1870 litteras
1502 1830 1643 1884 quas
1691 1813 1805 1869 ﬁxit
1863 1815 1916 1869 in
1976 1816 2182 1884 pariete

615 1906 1020 1975 derelinquens.
1057 1904 1228 1962 Porro
1292 1923 1393 1962 nos
1459 1906 1625 1977 hujus
1672 1907 2048 1976 redemptione
2096 1905 2179 1959 vi-

616 2011 712 2051 sus
761 1996 974 2062 edicta,
1037 2003 1091 2051 et
1136 1997 1350 2049 cantico
1406 1995 1614 2050 sanctis
1671 2009 1770 2065 pro
1824 1994 1926 2048 hac
1981 1994 2175 2058 relato,

614 2087 680 2140 ad
732 2101 831 2142 nos
889 2087 1039 2157 ipsos
1088 2088 1360 2142 calamum
1410 2093 1819 2148 convertamus,
1876 2096 1930 2139 et
1984 2084 2177 2139 oculo-

614 2193 731 2232 rum
763 2177 1193 2231 incolumitatem
1232 2186 1544 2232 nostrorum
1576 2176 1903 2238 scribamus,
1939 2173 2176 2229 novissi-

612 2270 859 2329 mos'nus
887 2271 1029 2327 inter
1059 2270 1323 2326 miracula
1350 2283 1467 2338 quae
1497 2268 1699 2339 scripta
1725 2276 1854 2322 sunt
1888 2266 2173 2321 facientes.

610 2382 771 2439 LXX.
808 2382 883 2438 De
935 2382 1229 2453 Sophronia
1271 2380 1564 2453 monacho,
1610 2381 1703 2452 qui
1760 2379 1871 2435 lucc
1926 2378 2174 2446 scripsit,

1206 2452 1386 2508 oculos
1430 2467 1610 2522 pauo.

680 2567 872 2639 Magna
899 2576 955 2625 et
980 2568 1127 2625 clara
1155 2574 1240 2624 est
1289 2567 1410 2639 ejus
1437 2566 1529 2636 qui
1557 2580 1588 2620 a
1617 2564 1888 2620 daemonio
1936 2564 2176 2620 vexaba-

607 2673 697 2715 tur
718 2660 956 2727 devmio,
986 2660 1078 2729 qui
1124 2669 1250 2713 ante
1302 2667 1534 2712 mortem
1584 2654 1861 2710 habitabat
1899 2654 1954 2708 in
1989 2669 2179 2709 monu-

609 2753 828 2819 mentis,
861 2754 1004 2807 sicut
1042 2752 1287 2805 divinum
1324 2750 1376 2804 ei
1404 2749 1681 2819 eloquium
1710 2747 1958 2817 perhibet
2018 2747 2171 2803 testi-

610 2842 875 2896 monium.
913 2841 960 2894 A
1007 2838 1292 2895 Salvatore
1342 2839 1544 2910 quippe
1588 2839 1692 2895 iste
1745 2838 1839 2909 qui
1884 2838 2174 2893 sanitatem

609 2931 923 3001 recepisset,
954 2938 1010 2987 et
1044 2931 1250 3001 fugeret
1275 2929 1552 2985 daemonas
1586 2929 1678 3000 qui
1720 2929 1773 2983 in
1802 2943 1862 2985 se
1902 2929 2023 2983 sine
2054 2942 2180 2997 par-

2297 453 2611 523 φαρμάκοις
2644 453 2705 505 οὐ
2736 452 3203 524 παραγγείλαντες
3251 452 3587 524 χρήσασθαι.
3612 452 3739 515 Πῶς
3766 451 3869 521 δὲῆ

2296 542 2439 612 ποίῳ
2469 545 2656 614 τρόπῳ
2679 545 2804 607 τοὺς
2831 543 3143 613 ὀφθαλμοὺς
3170 544 3481 607 ἀνοίξαντες
3516 543 3870 612 ἐκκαθαίρου-

2296 651 2402 699 σιν,
2451 636 2550 688 οὐκ
2597 635 2891 705 ἐμάθομεν.
2932 634 3197 698 Ἀναστάς
3236 635 3346 706 γὰρ
3410 634 3531 704 μεθ’
3565 633 3734 686 ὕπνον
3778 633 3866 684 τοῦ

2295 726 2639 797 στρώματος,
2668 729 2787 780 κατ’
2813 727 2946 780 αὐτὸ
2971 728 3069 796 τῆς
3102 728 3294 790 νυκτὸς
3322 728 3384 779 τὸ
3414 727 3741 796 μεσότατον,
3771 728 3857 778 καὶ

2291 819 2472 873 λαϐὼν
2504 821 2794 873 σινοπίδιον
2826 819 3046 889 (χρῶμα
3072 818 3229 872 τοῦτο
3259 819 3417 887 φλογὶ
3438 835 3588 885 παρα
3600 815 3855 886 πλήσιον).

2291 908 2462 963 ταῦτα
2491 909 2571 979 τῷ
2623 910 2788 980 τοίχῳ
2837 910 2914 979 τῷ
2944 910 3048 980 πρὸ
3090 910 3190 979 τῆς
3250 909 3425 978 πύλης
3460 908 3556 960 τοῦ
3607 907 3857 976 τεμένους

2291 998 2419 1052 ἔνθα
2463 1001 2747 1054 κατέκειτο
2784 1001 3062 1072 γέγραφεν
3086 1016 3099 1031 ο
3136 1020 3155 1053 ι
3203 1000 3343 1068 Ἐγὼ
3377 999 3631 1069 Ἰωάννης
3661 997 3858 1058 πόλεως

2289 1090 2387 1158 τῆς
2423 1089 2641 1160 Ῥώμης
2667 1090 3012 1160 ὁρμώμενος,
3044 1090 3244 1160 τυφλὸς
3273 1091 3417 1143 ὀκτὼ
3456 1094 3686 1161 χρόνους
3716 1088 3860 1155 γενόο

2294 1194 2474 1247 μενος,
2504 1178 2689 1232 ἐνθάδε
2723 1179 2813 1232 διά
2854 1179 2952 1249 τῆς
2979 1179 3088 1233 τῶν
3121 1180 3292 1247 ἁγίων
3327 1178 3511 1246 Κύρου
3543 1178 3641 1229 καὶ
3681 1176 3856 1229 Ἰωάν-

2289 1285 2380 1321 νου
2399 1269 2684 1339 δυνάμεως
2715 1270 3211 1340 προσκαρτερήσας
3232 1267 3503 1336 ἀνέϐλεψα
3530 1266 3669 1337 (56).
3708 1285 3727 1318 ι
3760 1266 3858 1328 Καὶ

2288 1358 2459 1413 ταῦτα
2485 1359 2731 1428 χαράξας
2755 1358 2833 1426 τῷ
2857 1357 3130 1429 χρώματι,
3166 1355 3419 1410 εἰσελθών
3445 1372 3506 1407 τε
3546 1355 3765 1425 βλέπων
3786 1356 3858 1413 εἰς

2285 1452 2377 1505 τὸν
2408 1449 2545 1504 νεὼν
2584 1450 2661 1513 ὡς
2690 1450 2962 1515 συνέθετο,
2996 1450 3091 1503 καὶ
3118 1450 3218 1513 τὰς
3248 1448 3400 1511 λιτάς
3434 1446 3725 1508 ἀνατείνας
3750 1448 3857 1505 τοῖς

2289 1544 2579 1614 μάρτυσιν,
2622 1542 2751 1611 πρὶν
2801 1541 2943 1612 ὑπὲρ
2986 1540 3090 1609 γῆν
3116 1541 3270 1610 ἥλιος
3315 1536 3568 1608 γένηται,
3601 1539 3696 1591 καὶ
3737 1538 3855 1599 τοὺς

2287 1634 2378 1685 ἐπὶ
2399 1633 2503 1701 γῆς
2533 1634 2650 1695 ταῖς
2679 1633 2860 1685 ἀκτῖσι
2900 1630 3262 1702 φαιδρύνειεν,
3288 1630 3498 1684 ἐκεῖθεν
3527 1629 3738 1691 πιστῶς
3770 1630 3856 1682 ἀν-

2283 1722 2553 1795 εχώρησε,
2590 1723 2689 1791 τῆς
2713 1722 2919 1785 οἰκείας
2953 1721 3167 1784 εὐνοίας
3198 1722 3545 1791 μνημόσυνον
3586 1720 3683 1773 καὶ
3726 1735 3853 1788 μαρ-

2281 1816 2514 1886 τυρικῆς
2544 1814 2764 1885 χάριτος
2792 1814 3012 1884 κήρυκα
3037 1813 3098 1866 τὸ
3120 1815 3178 1866 ὲν
3216 1812 3380 1882 τοίχῳ
3410 1812 3651 1882 γράμμα
3683 1809 3852 1880 πηξά-

2283 1921 2464 1975 μενος.
2500 1905 2690 1975 Ἡμεῖς
2704 1904 2760 1957 δὲ
2784 1907 2974 1958 τούτου
2995 1907 3097 1974 τὴν
3123 1904 3420 1974 ἀνάϐλεψιν
3442 1906 3740 1973 φήσαντες,
3763 1903 3851 1954 καὶ

2278 1995 2380 2065 τὴν
2413 1995 2552 2068 ὑπὲρ
2598 1994 2802 2064 ταύτης
2851 1995 2991 2065 ᾠδὴν
3018 1998 3131 2059 τοῖς
3180 1995 3361 2063 ἁγίοις
3405 1995 3738 2063 ἀνάψαντες,
3773 1996 3850 2059 ἐφ’

2279 2085 2506 2149 ἑαυτοὺς
2549 2085 2637 2138 τὸν
2666 2086 2913 2155 κάλαμον
2948 2085 3288 2156 στρέψωμεν,
3324 2087 3415 2138 καὶ
3453 2086 3555 2154 τὴν
3583 2085 3695 2136 τῶν
3722 2087 3851 2154 ἡμε-

2278 2175 2452 2230 τέτων
2482 2177 2745 2247 ὀμμάτων
2769 2177 2937 2248 ρὦιν
2965 2176 3314 2249 χαράξωμεν,
3338 2176 3851 2246 τελευταίαναύτὴν

2277 2267 2386 2321 τῶν
2417 2269 2738 2340 γραφέντων
2773 2268 3069 2340 θαυμάτων
3096 2268 3439 2336 ποιούμενοι.

2278 2392 2357 2448 0'.
2410 2396 2549 2463 Περὶ
2580 2393 3215 2464 Σωφρονίου,μοναχοῦ
3240 2392 3847 2464 τοῦγσυγτρὰψαντος,

2452 2463 2750 2532 παθόντος·
2783 2465 2925 2531 τοὺς
2958 2464 3306 2534 ὀφθαλμοὺς
3339 2463 3702 2532 ἐπιχύσεως.

2347 2577 2572 2647 Μεγάλη
2604 2575 2699 2628 καὶ⁹
2739 2573 2969 2644 λαμπρὰ
3003 2572 3098 2626 τοῦ
3146 2572 3511 2642 δαιμονῶντος
3562 2573 3596 2638 ἡ
3645 2570 3844 2634 εὔνοια,

2275 2668 2370 2724 τοῦ
2404 2668 2511 2739 πρὸ
2540 2666 2797 2733 τελευτῆς
2819 2665 3095 2727 οἰκοῦντος
3117 2665 3186 2718 τὰ
3213 2665 3495 2734 μνήματα,
3518 2664 3597 2727 ὡς
3620 2665 3682 2717 τὸ
3712 2663 3846 2717 θεῖον

2281 2761 2433 2831 αὐτῷ
2466 2758 2865 2830 μεμαρτύρηκε
2903 2757 3106 2825 λόγιον.
3145 2758 3288 2827 Πρὸς
3333 2758 3429 2809 τοῦ
3462 2757 3719 2827 Σωτῆρος
3748 2757 3847 2825 γὰρ

2276 2847 2430 2916 οὗτος
2459 2851 2559 2922 τὴν
2592 2851 2759 2920 ρῶσιν
2785 2847 3101 2918 δεξάμενος,
3125 2849 3217 2901 καὶ
3244 2847 3431 2918 φυγὼν
3462 2848 3594 2909 τοὺς
3621 2848 3849 2915 ἀφειδεῦς

2277 2941 2441 2996 αὐτὸν
2490 2939 2927 3009 ὲκὸακχεύοντας
2966 2940 3229 3009 δαίμονας
3277 2941 3540 3011 (λεγεῶνα
3585 2941 3695 3011 γὰρ
3730 2940 3847 3008 ἔσχε

607 3025 772 3077 citate
803 3021 1168 3088 iusaniebant,
1215 3020 1480 3091 legionem
1515 3020 1770 3084 habebat,
1800 3034 1922 3090 qum
1976 3018 2172 3073 multo-

2282 3035 2489 3089 πολλῶν
2535 3034 2830 3100 δαιμονίων
2876 3037 3245 3104 πονηρότατον
3265 3032 3586 3105 ἄθροισμα),
3615 3032 3849 3104 Χριστοῦ

607 3130 727 3169 rum
760 3120 877 3167 erat
910 3112 1302 3168 daemoniorum
1336 3119 1553 3167 caterva
1580 3110 1936 3180 nequissima,
1967 3108 2173 3165 Christi

607 3207 699 3275 qui
732 3220 792 3260 se
826 3206 1132 3260 salvaverat
1167 3203 1281 3259 ﬁeri
1308 3202 1523 3260 volebat
1566 3202 1915 3274 pedisequus,
1965 3212 2019 3257 et
2064 3217 2171 3257 non

607 3301 796 3354 valens
827 3299 925 3352 hoc
955 3296 1115 3352 modo
1165 3295 1600 3352 benevolentiam
1636 3310 1801 3366 quam
1830 3310 1959 3366 erga
2018 3294 2171 3349 illutn

607 3389 843 3444 habebat
870 3387 1194 3455 ostendere;
1227 3388 1621 3458 deprecabatur
1651 3388 1821 3455 enim,
1861 3387 2064 3457 inquit,
2109 3386 2176 3440 il-

609 3485 719 3535 lum
754 3482 849 3551 qui
879 3497 910 3536 a
944 3481 1214 3536 demonio
1251 3489 1479 3537 vexatus
1527 3480 1725 3546 fuerat,
1759 3490 1820 3535 ut
1844 3489 1991 3534 esset
2048 3494 2171 3531 cum

609 3575 721 3634 illo.
754 3571 914 3628 Jesus
946 3582 1127 3628 autem
1154 3586 1264 3627 non
1300 3572 1521 3628 admisit
1568 3587 1713 3636 eum,
1745 3572 1838 3627 sed
1895 3571 1974 3627 ire
2006 3572 2176 3641 JllSSil

546 3654 555 3663 ’
607 3675 662 3720 et
698 3665 813 3721 suis
839 3665 1258 3737 annuntiare‘in
1285 3679 1345 3719 se
1372 3664 1668 3720 salutarem
1704 3662 1899 3718 factam
1957 3663 2196 3735 miseri-~

604 3757 895 3822 cordiam;
930 3758 1254 3828 praedicator
1285 3756 1475 3811 abiens
1520 3754 1748 3825 impiger
1770 3762 1826 3810 et
1883 3755 2176 3809 muniﬁcus

611 3852 663 3905 in
695 3849 951 3921 Decapoli
1004 3849 1307 3904 Salvatoris
1334 3846 1561 3903 ell‘ectus
1599 3855 1706 3915 est,
1767 3847 2176 3919 ingratitudinis

602 3959 730 3998 esse
768 3943 1049 4013 proprium
1082 3942 1404 4004 arbitratus,
1436 3940 1484 3996 si
1529 3940 1646 3996 suis
1700 3947 1908 3995 tantum
1946 3940 2172 3996 benefa-

604 4043 837 4097 εισι-ειη,
868 4042 1054 4089 etnon
1083 4031 1336 4089 omnibus
1364 4031 1456 4103 qui
1503 4031 1648 4088 hunc
1698 4033 1971 4087 inﬁrmum
2030 4033 2178 4088 vide-

608 4136 754 4190 rant,
779 4126 1119 4195 praedicaret.
1167 4111 1173 4116 ’

676 4218 1020 4286 Quapromer
1049 4230 1208 4271 nemo
1238 4231 1337 4271 nos
1364 4218 1601 4288 querelis
1633 4220 1957 4284 submittat,
1988 4220 2033 4275 si
2071 4220 2175 4275 btr-

599 4307 692 4376 jus
744 4308 1046 4363 imitatores
1107 4322 1230 4364 esse
1286 4309 1640 4379 voluerimus,
1683 4310 1767 4365 vel
1842 4310 2043 4383 Cyrum
2111 4328 2173 4367 ac

545 4459 566 4472 ,ι
601 4399 868 4453 Joannem
901 4396 1272 4455 benefactores
1300 4409 1522 4455 nostros
1571 4410 1695 4470 post
1748 4399 1914 4456 Deum
1968 4403 2166 4472 praedi-

552 4464 933 4553 }1eaverimus,
974 4490 1271 4560 gratiaeque
1345 4490 1696 4545 donationem
1746 4491 1847 4547 hac
1889 4464 2167 4562 scriptura

601 4583 1078 4652 descripseriutus.
1134 4581 1269 4637 Nam
1323 4599 1482 4638 nemo
1517 4597 1787 4653 unquam-
1820 4586 2171 4656 reprehendit

604 4674 900 4744 leprosum,
924 4688 1085 4742 quem
1107 4688 1138 4727 a
1173 4674 1318 4742 lepra
1353 4672 1608 4730 Chrisms
1633 4676 1936 4741 mundarit,
1967 4677 2169 4746 quique

603 4764 809 4818 nemini
833 4764 1130 4835 quidquam
1166 4766 1347 4820 dicere
1369 4767 1437 4821 de
1465 4768 1750 4823 curatione
1796 4769 2023 4832 audivit,
2070 4770 2170 4825 sed

603 4857 650 4909 is
680 4864 891 4909 tantum
922 4854 1126 4909 donum
1150 4855 1303 4925 juxta
1364 4855 1583 4927 Jloysen
1639 4857 1821 4912 oﬂ‘erri
1864 4868 2168 4929 pra-ceptus

599 4946 807 5016 ubique
835 4945 1120 5002 Dominum
1189 4947 1491 5017 praedicans
1549 4950 1844 5013 enarravit,
1882 4951 2165 5021 purgatio-

603 5053 838 5109 nemque
860 5034 1014 5094 suam
1033 5037 1357 5102 diﬂ‘amavit,
1388 5040 1482 5095 sed
1511 5048 1564 5094 et
1587 5048 1769 5094 tacere
1794 5055 2020 5110 prorsus
2067 5057 2166 5095 no-

602 5130 724 5185 luit.
761 5129 910 5197 Quos
938 5138 993 5185 et
1015 5144 1114 5209 nos
1141 5128 1214 5185 ob
1242 5131 1585 5186 devotionem
1622 5134 1962 5193 aemulantes,
2003 5148 2168 5187 cura-

599 5226 806 5280 tionem
841 5241 949 5280 non
1002 5224 1424 5291 occultabimus,
1484 5226 1577 5281 sed
1613 5228 1907 5282 eliiciemur
1947 5222 2166 5282 sancfo-

2274 3128 2368 3181 τοῦ
2416 3128 2720 3189 σεσωκότος
2776 3126 2976 3189 ὀπαδὸς
3022 3125 3282 3196 ἠϐούλετο
3323 3126 3606 3195 γίνεσθαι·
3633 3124 3729 3179 καὶ
3779 3125 3851 3194 μὴ

2274 3216 2521 3288 δυνηθεὶς
2555 3216 2728 3286 ταύτῃ
2750 3215 2849 3286 τὴν
2872 3217 3009 3287 πρὸς
3027 3216 3193 3271 αὐτὸν
3218 3214 3431 3271 εὐνοιαν
3475 3215 3847 3281 ἐπιδείξασθαι

2280 3308 2607 3379 (παρεκάλει
2637 3309 2746 3377 γὰρ
2779 3307 2939 3360 αὐτὸν
2962 3310 2989 3360 ό
3021 3307 3406 3378 δαιμονισθεὶς,
3445 3307 3513 3360 ἶν’
3610 3307 3727 3377 μετ’
3754 3308 3852 3358 αὖ·

2273 3399 2397 3454 τοῦ·
2432 3400 2460 3452 ὁ
2501 3400 2557 3451 δὲ
2593 3397 2798 3468 Ἰησοῦς
2837 3398 2937 3450 οὐκ
2970 3398 3182 3467 ἀφῆκεν
3225 3398 3441 3467 αὐτόνΥ
3474 3396 3590 3450 ἀλλ’
3636 3398 3852 3450 ἀπιέναι

2274 3484 2609 3550 κελευσθεὶς,
2647 3487 2741 3538 καὶ
2779 3488 2894 3547 τοῖς
2948 3485 3172 3547 οἰκείοις
3203 3485 3570 3553 ἀπαγγέλλειν
3618 3485 3711 3538 τδν
3764 3485 3852 3537 ἐπ’

2275 3576 2424 3644 αὐτῷ
2472 3577 2737 3645 σωτήριον
2779 3573 2946 3640 ἔλεον,
2996 3574 3175 3645 κήρυξ
3220 3566 3473 3630 ἀπελθὼν
3517 3577 3712 3640 ἁοκνος
3758 3578 3855 3629 καὶ

2275 3666 2556 3735 φιλότιμος
2600 3668 2658 3718 ὲν
2695 3667 2761 3735 τῇ
2812 3665 3111 3718 Δεκαπόλει
3165 3665 3258 3719 τοῦ
3304 3666 3560 3739 Σωτῆρος
3610 3667 3851 3735 ἐγένετο,

2274 3753 2668 3825 ἀγνωμοσύνης
2715 3754 2842 3808 ἴδιον
2884 3755 3264 3825 λογισάμενος,
3301 3756 3351 3807 εἰ
3400 3755 3587 3826 μόνοις
3627 3757 3854 3820 οἰκείοις

2273 3845 2365 3898 τὸν
2389 3846 2704 3917 εὐεργέτην,
2732 3844 2920 3917 καὶμὴ
2938 3846 3105 3900 πᾶσιν
3141 3848 3255 3910 τοίς
3279 3847 3476 3900 εἰδόσιν
3501 3848 3666 3902 αὐτὸν
3693 3847 3855 3903 ἀσθε-

2275 3934 2471 3990 νοῦντα
2510 3935 2819 4007 κηρύξειεν.

2347 4226 2441 4279 Διὸ
2475 4223 2666 4296 μηδεὶς
2697 4224 2845 4296 ἡμᾶς
2876 4223 3121 4294 βαλλέτω
3160 4226 3280 4289 ταῖς
3311 4224 3609 4297 μέμψεσιν,
3639 4226 3688 4280 εἰ
3724 4226 3850 4279 τού-

2277 4332 2372 4369 του
2420 4316 2658 4386 μιμηταὶ
2710 4315 2967 4383 γενέσθαι
3004 4314 3359 4386 θελήσαιμεν,
3410 4317 3507 4369 καὶ
3551 4317 3681 4380 τούς
3717 4319 3848 4384 μετὰ

2278 4409 2408 4462 Θεὸν
2445 4408 2599 4479 ἡμῶν
2626 4407 2921 4476 εὐεργέτας
2959 4407 3142 4478 Κῦρον
3173 4410 3266 4461 καὶ
3299 4408 3555 4478 Ἰωάννην
3586 4410 3848 4479 κηρύξαι-ο

2252 4550 2253 4553 η
2281 4516 2403 4571 μεν,
2436 4501 2529 4552 καί⁵
2561 4499 2658 4569 τὴν
2690 4497 2899 4566 δωρεὰν
2932 4497 3011 4567 τῷ
3041 4498 3331 4569 γράμματι
3366 4498 3700 4569 γράψωμεν
3732 4498 3848 4551 ἐπεὶ

2280 4592 2504 4663 μηδέπω
2545 4607 2627 4652 τις
2659 4590 2750 4643 τὸν
2778 4588 2978 4659 λεπρὸν
3017 4589 3381 4660 διεμέμψατο,
3416 4590 3478 4643 δν
3505 4591 3608 4661 τῆς
3645 4591 3846 4660 λέπρας

2275 4686 2304 4736 ό
2330 4681 2565 4751 Χριστὸς
2593 4680 2938 4750 ἐκαθάρισεν,
2975 4680 3140 4750 μηδὲν
3177 4674 3357 4746 λέγειν
3395 4680 3526 4749 περὶ
3552 4678 3652 4749 τῆς
3686 4680 3841 4749 θερα-

2277 4772 2437 4834 πείας
2475 4769 2805 4833 ἀκούσαντα,
2840 4769 3000 4839 μόνον
3036 4767 3093 4822 δὲ
3136 4770 3198 4821 τὸ
3225 4768 3401 4840 δῶρον
3429 4770 3572 4823 κατὰ
3601 4771 3663 4823 τὸ
3691 4771 3845 4823 Mur?»

2277 4862 2413 4924 σέως
2440 4860 2738 4931 προσάγειν
2787 4859 3093 4928 ἐπίταγμα,
3124 4859 3403 4930 πανταχοῦ
3448 4860 3543 4913 τὺν
3575 4856 3845 4928 Δεσπότην

2276 4954 2613 5025 κηρύξαντα,
2649 4952 2743 5006 καλ⁸
2794 4952 2895 5021 τὴν
2945 4951 3139 5005 ἑαυτοῦ
3196 4951 3505 5021 φημίζοντα
3560 4953 3840 5022 κάθαρσιν,

2274 5045 2367 5102 καὶ
2414 5045 2573 5115 σιγᾷν
2605 5043 2681 5106 ὡς
2730 5043 3056 5096 κεκέλευστο
3107 5042 3184 5114 μὴ
3224 5042 3555 5111 θελήσαντα.
3591 5041 3703 5107 Οὓς
3755 5043 3843 5093 καὶ

2275 5138 2437 5208 ἡμεῖς
2468 5136 2536 5190 δι’
2569 5134 2994 5205 εὐγνωμοσύνην
3028 5134 3398 5204 ζηλώσαντες,
3428 5136 3527 5205 τὴν
3552 5134 3844 5205 θεραπείαν

2276 5231 2337 5284 οὐ
2387 5228 2707 5303 κρύψωμεν,
2754 5228 2890 5281 ἀλλά
2939 5228 3239 5298 γιγνόμεθα
3294 5229 3465 5297 ἁγίων
3508 5226 3839 5296 εὐγνώμονες

2107 5414 2337 5471 NOTAE.

670 5551 785 5620 (36)
804 5550 1098 5621 Inscriptio
1123 5553 1234 5605 haec
1258 5551 1491 5605 addatur
1514 5551 1671 5605 titulo
1694 5550 1871 5619 primo
1894 5551 2158 5605 Christia-
2264 5543 2381 5599 dem
2408 5541 2510 5599 SS.
2541 5542 2669 5613 Cyri
2700 5552 2747 5595 et
2776 5539 3001 5595 Joannis
3037 5539 3246 5611 (supra,
3274 5539 3378 5595 col.
3404 5537 3569 5609 Frui)
3602 5546 3842 5592 utteran-

598 5637 794 5675 narum
832 5621 1248 5690 inscriptionum
1275 5637 1305 5674 a
1342 5638 1426 5675 me
1460 5622 1586 5674 alibi
1630 5622 1897 5675 editarum
1928 5639 1941 5684 ;
2000 5625 2157 5671 item-

597 5705 702 5760 que
723 5691 1115 5761 epigrammata
1132 5690 1275 5745 edita
1303 5705 1468 5761 supra
1496 5701 1617 5762 post
1640 5690 1944 5745 Sermonem
1970 5692 2021 5743 in
2047 5690 2165 5742 lau-

1330 5769 1359 5803 θ

2270 5642 2360 5687 tur
2393 5631 2622 5702 poetica:
2653 5628 2997 5698 anthologiae.
