3930 6316
97 408 241 474 3665

1090 414 1193 475 ss.
1234 412 1410 475 cvm
1448 411 1546 472 ET
1585 359 1907 473 Joannes
1933 394 2356 472 MIKACULAL

3214 393 3352 457 3666

90 523 358 594 κήρυκες,
388 522 484 578 καὶ
508 522 579 577 τά
614 522 738 578 καθ’
763 524 992 590 ἑαυτοὺς
1030 528 1143 591 τοῖς
1177 525 1555 599 προλεχθεῖσιν
1584 526 1671 577 ἐπ-

1781 536 1900 577 rnm
1940 523 2122 579 devoti
2146 534 2463 593 praecones;
2493 524 2547 575 et
2574 522 2764 574 nostra
2806 524 3035 584 quaeque
3062 522 3185 564 cum
3214 523 3352 576 pnn-

90 615 352 686 άγωμινο
403 615 497 670 καὶ¹
538 616 775 686 Χριστὸν
813 618 970 672 αὐτοὶ
1005 619 1097 673 τὸν
1144 617 1352 672 ἑαυτῶν
1379 616 1674 686 παιδευτὴν

92 703 521 774 ἐκμιμούμενοι,
568 705 763 776 μηδενὶ
789 708 955 777 μηδὲν
988 709 1135 779 ἡμᾶς
1159 708 1337 777 λέγειν
1383 706 1672 761 ἐθέλωσινο

89 795 340 865 λέξωμεν
365 796 423 849 δὲ
447 796 640 868 ὄνομα,
672 799 767 852 καὶ
789 798 965 865 πόλιν,
989 801 1082 853 καὶ
1113 800 1366 871 πατρίδα,
1397 800 1494 852 καὶ
1516 815 1678 868 φρον-

90 888 397 957 τιπήριοι,
433 887 558 942 ὅθεν
586 905 645 942 τε
672 889 902 959 ἔφυμεν,
935 890 1034 945 καὶ
1066 890 1175 961 ὅπη
1205 889 1341 943 Θεοῦ
1383 887 1675 959 βουληθέν-

90 994 186 1040 τος
225 978 553 1050 ἐτάχθημεν,
594 980 688 1034 καὶ
715 981 808 1034 ἐπὶ
832 981 1041 1045 τούτοις
1064 980 1359 1052 ὀφθαλμῶν
1384 980 1483 1051 τὴν
1514 978 1676 1034 ἀσθέ-

89 1086 267 1135 νειαν,
299 1071 394 1124 καὶ
433 1071 534 1143 τὴν
565 1071 721 1127 θείαν
772 1072 879 1128 τῶν
915 1072 1085 1141 άγίων
1125 1068 1436 1142 ἐπίσκεψιν,
1470 1072 1544 1136 ὡς
1585 1070 1676 1123 ὲπὶ

88 1160 205 1214 τῶν
237 1161 620 1231 προλαϐόντων
666 1165 999 1235 ἐδράσαμεν,
1044 1165 1227 1218 πλεῖον
1265 1165 1418 1217 οὐδὲν
1460 1164 1674 1226 ἑαυτοῖς

88 1252 466 1323 χαριζόμενοι,
496 1255 634 1310 ἀλλὰ
671 1256 774 1310 καὶ
803 1255 973 1310 ταῦτα
1011 1258 1395 1328 χαράττοντες,
1425 1257 1524 1326 τῆς
1566 1254 1676 1307 τῶν

90 1347 536 1414 ἐντυγχανόντων
562 1346 816 1416 γνώσεως
841 1349 1058 1403 ἕνεκενο
1084 1340 1145 1402 οὗ
1175 1349 1231 1402 δὲ
1263 1349 1421 1419 χάριν
1451 1348 1672 1409 ἑαυτοὺς

88 1437 440 1501 τελευταίους
468 1438 759 1510 ἐτάξαμεν,
797 1438 1023 1513 ὕστερον
1060 1440 1327 1512 λέξωμεν,
1361 1439 1583 1494 ἐπειδάν
1613 1439 1674 1492 τὸ

91 1529 270 1593 πάθος
298 1530 394 1582 καὶ
431 1528 530 1600 τὴν
560 1529 704 1584 ἴασιν
736 1530 1064 1603 γράψωμεν.

169 1712 329 1766 Ἐστι
366 1713 466 1781 μὲν
508 1712 679 1784 ὄνομα
719 1713 797 1785 τῷ
826 1716 1128 1786 γεγραφότι
1160 1714 1484 1783 Σωφρόνιος,
1519 1711 1672 1776 πόλις

94 1804 387 1871 Δαμασκὸς
414 1807 447 1874 ἡ
480 1804 812 1876 μητρόπολις
844 1806 1083 1874 (37-38),
1119 1806 1317 1875 πατρὶς
1346 1807 1380 1875 ἡ
1425 1803 1668 1872 Φοινίκη,

93 1899 196 1965 οὐχ
232 1898 263 1962 ἡ
293 1898 557 1968 παραλία,
583 1899 699 1953 ἀλλ’
733 1901 766 1969 ἡ
790 1899 1024 1953 Λιϐάνου
1054 1898 1149 1952 τοῦ
1177 1898 1335 1969 ὅρους
1364 1896 1670 1967 ἐπώνυμος,

92 1985 161 2060 ἧς
202 1989 317 2042 ἔστι
350 1990 644 2060 Δαμασκδς
678 1993 712 2063 ἡ
742 1992 946 2062 ἀρχαία
994 1991 1327 2063 μητρόπολις
1349 2007 1363 2020 ·
1401 1990 1462 2042 τὸ
1490 1990 1546 2043 δὲ
1575 2007 1673 2060 μο-

93 2083 392 2153 ναστήριον
418 2082 556 2152 ὅπερ
577 2083 606 2135 6
632 2084 776 2154 ίερὸς
798 2083 1097 2149 Θεοδόσιος,
1122 2084 1150 2136 ὀ
1180 2083 1400 2137 πάντων
1423 2081 1532 2134 τῶν
1558 2082 1673 2134 [Ια-

92 2172 447 2227 λαιστιναίων
494 2174 775 2243 μοναστῶν
822 2174 935 2228 τῶν
992 2192 1050 2229 τε
1094 2175 1200 2246 πρὸ
1246 2173 1431 2237 αὐτοῦ,
1463 2173 1571 2227 τῶν
1612 2190 1672 2225 τε

94 2267 220 2334 μετ’
249 2264 432 2326 αὑτοῦ,
455 2267 523 2320 δι’
552 2268 754 2337 ἀρετὴν
798 2268 1164 2339 ἡγησάμενος,
1191 2268 1294 2323 ἀνὰ
1330 2268 1429 2339 τὴν
1468 2267 1673 2339 ἔρημον

90 2356 192 2424 τῆς
220 2357 384 2424 ἁγίας
407 2357 645 2429 Χριστοῦ
674 2357 810 2411 Θεοῦ
846 2358 1002 2429 ήμῶν
1035 2359 1242 2422 πόλεως
1270 2360 1482 2429 ἵδρυσεν
1518 2358 1631 2429 (59)
1656 2374 1670 2388 ·

92 2448 150 2501 ἐν
202 2446 584 2519 Ἀλεξανδρείᾳ
621 2449 754 2518 γοῦν
798 2448 1039 2517 γεγονὼς
1083 2451 1110 2503 ὀ
1148 2450 1457 2519 Σωφρόνιος
1490 2448 1554 2501 δι’
1587 2449 1675 2501 αί-

90 2539 214 2591 τῐαν
244 2532 437 2609 ἦςόύκ
476 2541 691 2608 ἀνάγκη
741 2539 1051 2611 μεμνῆσθαι
1089 2540 1165 2611 τῷ
1196 2540 1509 2610 γράμματι,
1543 2539 1673 2603 τοὺς

90 2630 404 2698 ὀφθαλμοὺς
430 2632 776 2703 ἀμφοτέρους
804 2633 1105 2703 ἠσθένησεν
1139 2631 1251 2702 (40)
1277 2649 1289 2663 ·
1328 2635 1428 2686 οὐκ
1450 2633 1535 2686 ἐπ’
1562 2632 1674 2684 ὀλί-

90 2740 194 2789 γας
248 2722 305 2776 δὲ
348 2724 514 2794 μόνας
568 2725 783 2796 ἡμέρας
834 2724 963 2795 ἔσχε
1012 2725 1072 2781 τὸ
1127 2725 1363 2798 νόσημα,
1404 2710 1518 2779 ἀλλ’
1579 2726 1675 2780 ἐπὶ

94 2816 275 2884 μῆνας
322 2816 421 2867 οὐκ
470 2814 688 2883 ὀλίγους
740 2817 1038 2887 ἐτρύχετοο
1085 2817 1288 2888 καὶμὴ
1341 2818 1521 2887 φέρων
1565 2818 1674 2870 τῶν

91 2904 406 2974 ἀλγηδόνων
442 2905 501 2957 τὸ
547 2907 782 2974 πέλαγος
832 2906 1089 2979 (ἄτακτον
1127 2907 1235 2979 γάρ
1279 2908 1339 2960 τὸ
1372 2908 1540 2972 πάθος
1571 2909 1699 2969 ὑπο,

90 2994 333 3067 ἔμενεν),
348 2999 459 3060 τοῖς
477 2998 721 3068 ἀρίστοις
743 2999 937 3052 ἑαυτὸν
964 2999 1167 3069 ἰατροῖς
1188 2999 1557 3066 ἐπεδείκνυεν,
1585 3002 1674 3053 καὶ

94 3091 335 3160 μάλιστα
366 3093 481 3154 τοῖς
513 3090 766 3157 περιττόν
796 3108 850 3144 τι
879 3090 988 3145 τῶν
1026 3090 1200 3145 ἄλλων
1247 3091 1391 3162 ἔχειν
1424 3091 1675 3163 νομίζου-

1777 613 2103 670 cedentibus
2130 611 2520 675 conferamus;
2560 608 2690 663 licet
2720 605 2823 676 ipsi
2857 602 3132 658 Christum
3165 596 3352 651 crudi-

1778 714 1951 761 torem
1992 720 2153 761 suum
2192 703 2411 769 imitati,
2439 699 2642 757 nemini
2672 696 2968 769 quidquam
3015 707 3117 747 nos
3170 688 3355 743 dicere

1777 796 1966 851 velint.
2012 793 2184 850 Porro
2211 793 2458 849 dicemus
2512 798 2568 847 et
2608 804 2847 853 nomen,
2881 793 2936 841 et
2969 783 3271 847 civitatem,
3297 787 3352 833 ct

1777 888 2030 957 patriam,
2084 893 2138 942 et
2173 885 2535 951 curatorium,
2580 880 2834 951 undeque
2879 876 2990 933 nati
3051 874 3249 936 simus,
3297 879 3353 926 et

1777 978 1870 1033 ubi
1904 979 2189 1034 voluntate
2227 977 2323 1032 Dei
2351 974 2588 1032 ordinati
2611 991 2631 1042 ;
2654 980 2707 1029 et
2760 985 2925 1040 super
2958 969 3071 1022 haec
3116 963 3349 1020 inﬁrmi-

1778 1078 1944 1125 tatem
1974 1068 2285 1133 oculorum,
2315 1076 2371 1123 et
2405 1066 2647 1122 divinam
2697 1060 3073 1117 visitationem
3131 1063 3349 1113 sanrto-

1781 1176 1922 1227 rum,
1953 1161 2100 1216 sicut
2133 1159 2299 1215 etiam
2336 1158 2390 1212 in
2419 1154 2853 1227 praecedentibus
2877 1150 3184 1221 gessimus;
3227 1146 3349 1217 plus

1777 1253 1937 1308 nobis
1961 1252 2149 1323 gratias
2178 1250 2255 1305 nil
2297 1257 2642 1320 praestantes,
2682 1245 2776 1301 sed
2807 1245 2925 1299 haec
2965 1240 3348 1311 abbreviantes

1778 1343 1848 1397 ob
1873 1342 2124 1397 notitiam
2147 1355 2337 1395 eorum
2374 1339 2466 1408 qui
2525 1339 2629 1393 ista
2682 1333 2874 1391 lecturi
2931 1340 3083 1385 sunt.
3140 1330 3350 1383 interea

1776 1436 1939 1506 cujus
1968 1435 2048 1489 rei
2108 1435 2283 1504 gratia
2348 1439 2567 1487 nosmet
2611 1429 2938 1484 novissimos
2984 1423 3351 1495 posuerimus,

1776 1538 1966 1599 postea
2006 1528 2365 1591 disseremus,
2399 1538 2522 1577 cum
2550 1522 2756 1577 scilicet
2783 1518 3089 1591 passionem
3114 1513 3353 1584 scripse-

1777 1622 1949 1675 rimus
1978 1629 2031 1675 et
2063 1620 2382 1676 sanitatem.

1846 1727 1941 1784 Est
1973 1743 2103 1799 ergo
2127 1743 2325 1783 nomen
2353 1729 2570 1798 quidem
2606 1728 2656 1783 ei
2703 1724 2795 1794 qui
2832 1718 3060 1790 scripsit
3106 1713 3352 1784 Sophro-

1775 1820 1924 1885 nius,
1957 1819 2152 1874 civitas
2186 1817 2489 1874 Damascus
2518 1832 2639 1888 qua:
2669 1825 2753 1871 est
2783 1808 3127 1880 metropolis,
3177 1803 3354 1873 patria

1784 1909 2042 1963 Phoenice
2072 1922 2180 1963 non
2203 1908 2499 1974 maritima,
2528 1908 2620 1963 sed
2668 1921 2789 1977 quae
2813 1919 2875 1957 ex
2909 1899 3118 1955 Libano
3171 1901 3357 1949 monte

1780 2000 2228 2071 cognominatur,
2256 1999 2417 2069 cujus
2438 2008 2521 2054 est
2545 1997 2844 2065 Damascus
2875 1993 3101 2060 antiqua
3155 1995 3358 2041 metro-

1782 2093 1921 2163 polis
1951 2092 2386 2158 ;monasterium
2418 2099 2603 2145 autem
2636 2090 2781 2159 quod
2802 2101 2959 2142 sacer
2988 2078 3354 2141 Theodosius,

1781 2186 1874 2255 qui
1895 2184 2152 2239 omnibus
2191 2182 2676 2239 Palaestinensibus
2716 2178 3023 2255 monachis,
3056 2183 3165 2227 tam
3200 2169 3356 2226 scili-

1781 2281 1868 2332 cet
1896 2279 1979 2332 his
2006 2278 2099 2347 qui
2128 2284 2254 2331 ante
2282 2292 2433 2339 eum,
2476 2289 2642 2345 quam
2692 2273 2788 2343 qui
2855 2278 2974 2340 post
3025 2282 3148 2322 cum
3208 2263 3358 2319 fuere

1783 2376 2002 2437 propter
2022 2364 2279 2419 virtutem
2306 2363 2546 2433 praefuit,
2592 2362 2648 2416 in
2695 2374 2880 2415 eremo
2913 2365 3120 2414 sancta:
3148 2351 3356 2409 Christi

1783 2459 1875 2514 Dei
1908 2457 2080 2512 nostri
2111 2456 2350 2511 civitatis
2395 2453 2660 2508 fundavit.
2708 2451 2897 2521 Itaque
2934 2464 3057 2502 cum
3086 2452 3232 2501 essct
3257 2442 3360 2498 So-

1783 2548 2048 2615 phronias
2071 2545 2438 2611 Alexandriae,
2498 2550 2723 2615 pr0pter
2772 2556 3020 2606 causam,
3053 2538 3212 2606 cujus
3258 2550 3357 2592 ne-

1782 2654 1938 2694 cesse
1969 2652 2076 2693 non
2103 2637 2261 2691 estin
2304 2637 2409 2690 hoc
2446 2649 2611 2704 opere
2644 2631 2823 2686 facere
2852 2629 3206 2691 mentionem,
3239 2639 3355 2679 ant-

1783 2733 1958 2788 bobus
1980 2731 2159 2787 oculis
2183 2727 2499 2783 infirmatus
2529 2737 2634 2782 est.
2662 2725 2778 2779 Non
2805 2731 2986 2777 autem
3035 2737 3127 2791 per
3153 2732 3356 2789 paucos

1782 2832 1992 2879 tantum
2033 2823 2153 2877 dies
2174 2823 2487 2891 languorem
2514 2818 2725 2883 habuit,
2761 2816 2855 2872 sed
2890 2830 2982 2886 per
3005 2827 3221 2867 menses
3250 2825 3356 2864 non

1782 2931 1986 2987 paucos
2012 2910 2380 2978 cruciabatur,
2401 2920 2457 2968 et
2480 2927 2588 2965 non
2618 2910 2796 2965 ferens
2826 2908 3048 2978 pelagus
3074 2905 3349 2966 dolorum,

1782 3010 2077 3078 inquietem
2135 3006 2333 3077 quippe
2372 3004 2682 3061 ‘snstinebat
2734 3002 3081 3073 passionem,
3138 2994 3359 3066 optimis
3424 3068 3429 3073 ἡ

1781 3117 1904 3159 sese
1927 3101 2150 3156 medicis
2180 3100 2615 3163 demonstrabat,
2639 3105 2693 3151 et
2730 3097 2960 3151 maxime
2992 3093 3076 3148 his
3108 3093 3200 3162 qui
3234 3091 3356 3162 plus

93 3197 177 3233 σιν
208 3180 269 3232 ἕν
297 3196 354 3232 τε
389 3179 568 3249 λόγοις
597 3181 691 3234 καὶ
736 3182 1032 3251 σχήμασιν.
1071 3181 1134 3235 Οἳ
1171 3182 1380 3252 συχνῶς
1421 3181 1557 3253 πρὸς
1582 3183 1671 3238 τὸν

1781 3197 1902 3251 aliis
1924 3188 2224 3265 quidquam
2262 3194 2465 3248 habere
2486 3192 2824 3263 putabantur
2850 3197 2959 3244 tam
2995 3188 3161 3243 verbo
3191 3201 3355 3255 quam

91 3272 234 3343 ἀέρα
281 3272 374 3325 τὸν
407 3272 685 3344 πάσχοντα
719 3273 997 3345 σύροντες,
1044 3274 1138 3328 καὶ
1181 3275 1281 3338 τὰς
1320 3275 1489 3345 κόρας
1540 3275 1676 3346 πρὸς

90 3365 189 3428 τάς
229 3364 460 3434 ἡλιακὰς
507 3366 732 3429 ἀκτῖνας
777 3365 1162 3435 σκεπτόμενοι,
1216 3366 1284 3419 τά
1334 3366 1435 3435 μὲν
1484 3367 1678 3437 πρῶτα

92 3458 338 3530 ἀλλαγὴν
372 3458 534 3529 ἀέρος
581 3459 643 3511 τὸ
672 3456 766 3511 τοῦ
794 3458 999 3522 πάθους
1040 3457 1226 3527 ἔλεγον
1273 3458 1474 3511 αἴτιον·
1512 3460 1677 3522 εὐθὺς

91 3549 203 3619 γὰρ
233 3550 372 3618 μετὰ
418 3550 516 3618 τὴν
550 3549 731 3616 ἄφιξιν
784 3549 993 3620 ὑπέστη
1026 3549 1183 3603 τοῦτο
1213 3550 1540 3619 Σωφρόνιος.
1586 3550 1678 3612 Ὠς

92 3643 147 3696 δὲ
176 3641 406 3695 διέτεινε
440 3644 501 3694 τὸ
532 3641 896 3713 ἀρρώστημα,
950 3641 1085 3711 πρὸς
1132 3641 1546 3713 ξηροφθαλμίαν
1578 3644 1677 3695 αὖ-

92 3739 205 3799 τοῖς
258 3730 681 3806 μετεπλάττετο,⁵
725 3737 786 3789 ού
837 3735 1021 3801 ξένους
1072 3735 1244 3807 ἀέρας
1285 3735 1488 3801 αἰτίαν,
1540 3736 1677 3791 ἀλλά

94 3825 433 3895 δυσκρασίαν
457 3825 595 3896 ἔχων
629 3827 719 3879 τοῦ
748 3825 1000 3896 σώματος
1020 3843 1032 3856 ⁸
1069 3825 1189 3879 ὅθεν
1221 3827 1317 3881 καὶ
1346 3828 1414 3881 τά
1443 3829 1680 3900 σμικρύ-

94 3933 259 3971 νοντα
286 3917 346 3969 τὸ
384 3917 544 3986 σῶμα.
589 3918 978 3989 προσέταττον,
1010 3919 1086 3982 ὡς
1112 3918 1201 3973 διὰ
1230 3918 1435 3973 τούτων
1458 3920 1681 3991 ἰώμενοι

94 4010 221 4071 τοὺς
254 4008 441 4077 τοιῷδε
470 4011 734 4079 νοσήματι
769 4009 1219 4081 περιπίπτοντας.
1260 4009 1397 4064 Ἀλλ’
1425 4010 1502 4074 ὡς
1528 4012 1681 4066 οὐδὲν

93 4099 180 4154 διὰ
203 4099 414 4153 τούτων
442 4100 625 4154 ἀνύειν
651 4100 936 4170 ἠδύναντο,
963 4100 1145 4154 καίτοι
1172 4100 1309 4174 πρὸς
1326 4102 1505 4156 πάντα
1530 4102 1682 4156 πειθ-

94 4195 249 4261 ήνιον
288 4192 387 4261 τῆς
439 4193 687 4262 ἀνάγκης
746 4192 910 4246 ἕνεκα
964 4192 1054 4248 τὸν
1101 4193 1384 4266 ἄρρωστον
1439 4193 1678 4265 ἔχοντες,

95 4285 188 4337 ἐπὶ
214 4284 318 4356 τὴν
348 4285 702 4355 ἀνιάτρευτον
736 4285 990 4367 ἐπίχυσιν
1018 4286 1112 4340 καὶ
1148 4287 1519 4357 πλατυκορίαν
1545 4305 1680 4343 κατ-

95 4379 354 4445 έφευγον.
422 4379 483 4431 Οἱ
516 4380 613 4447 μὲν
660 4378 766 4451 γάρ
817 4379 1047 4450 ταύτην,
1095 4380 1146 4433 οἱ
1190 4379 1378 4453 δὲτὴν
1418 4381 1586 4454 ἀλλην
1619 4382 1681 4435 τὸ

93 4470 269 4531 πάθος
296 4467 579 4539 ὠνόμαζον
598 4470 778 4541 ἀέρων
811 4470 1034 4525 ὀθνείων
1064 4473 1411 4543 κακωμάτων
1438 4474 1676 4545 δυσκρα-

1783 3287 1992 3342 habitu.
2032 3284 2134 3352 Qui
2194 3285 2510 3352 frequenter
2563 3282 2630 3335 ad
2676 3296 2858 3335 aerem
2907 3279 2999 3348 qui
3053 3277 3362 3347 patiebatur

1782 3381 2081 3444 trahentes,
2122 3386 2176 3432 et
2209 3377 2447 3448 pupillas
2483 3382 2677 3428 contra
2712 3371 2945 3425 solarios
2970 3370 3153 3423 radios
3180 3367 3357 3436 inspi-

1781 3472 2012 3533 cientes,
2048 3470 2228 3539 primo
2253 3467 2472 3537 quidem
2504 3463 2858 3517 mutationem
2887 3461 3052 3523 aeris,
3084 3458 3360 3529 passionis
3406 3450 3425 3471 ⁸

1783 3577 2005 3616 causam
2036 3575 2162 3615 esse
2191 3557 2467 3619 dicebant,
2519 3570 2642 3609 mox
2692 3554 2836 3608 enim
2891 3559 3009 3620 po~t
3045 3549 3354 3603 ventiouem

1782 3652 2007 3722 pertulit
2029 3652 2131 3704 hoc
2163 3645 2531 3716 Sophronius.
2559 3645 2627 3697 At
2655 3658 2783 3697 vero
2818 3656 2941 3695 cum
2973 3638 3360 3693 extenderetnr
3422 3639 3429 3645 ‘

1786 3744 1966 3798 inﬁrm
1981 3743 2082 3797 itas
2102 3740 2166 3795 ad
2195 3738 2569 3795 exsiccitatem
2588 3735 2900 3799 oculorum,
2920 3730 3359 3802 xer0phthalmit

1790 3836 1892 3890 sibi
1925 3833 2286 3894 formabatur,
2342 3846 2450 3883 non
2483 3836 2742 3884 externos
2781 3828 2988 3882 habens
3034 3839 3189 3879 acres
3230 3839 3359 3877 rau-

1783 3944 1923 3990 sam,
1963 3925 2059 3982 sed
2109 3921 2588 3992 intemperantiam
2640 3921 2937 3990 corporis;
2995 3919 3138 3971 unde
3186 3927 3237 3971 ct
3296 3931 3358 3969 et

1782 4035 1902 4091 qua:
1931 4024 2235 4087 temperant
2263 4031 2465 4085 corpus
2490 4014 2905 4083 praecipiebant,
2938 4011 3091 4081 quasi
3116 4026 3211 4077 pt'l‘
3247 4010 3359 4061 luc-

1783 4119 2042 4165 sanautcs
2071 4123 2166 4164 eos
2182 4107 2276 4177 qui
2310 4108 2361 4160 in
2386 4106 2526 4160 hunc
2552 4107 2864 4176 languorem
2889 4103 3232 4158 incidissent.
3254 4098 3359 4153 Sed

1785 4218 1908 4259 cum
1943 4216 2043 4257 nec
2084 4217 2179 4271 per
2213 4201 2316 4254 ista
2381 4200 2660 4270 quidpiam
2728 4197 2991 4268 prolicere
3033 4192 3359 4263 potuissent,

1784 4309 2097 4365 quanquam
2147 4293 2477 4348 necessitate
2523 4299 2752 4362 cogente
2798 4286 3260 4343 obsecundantem
3294 4281 3361 4336 ad

1783 4386 1969 4442 omnia
2007 4384 2286 4439 inﬁrmum
2327 4385 2610 4447 haberent,
2642 4383 2708 4435 ad
2752 4380 3106 4435 insanabilem
3146 4385 3363 4430 catara-

1783 4487 1951 4541 ctam,
1976 4486 2032 4531 et
2059 4475 2396 4545 platicoriam
2426 4472 2835 4543 confugiebant.
2863 4468 3073 4524 Etenim
3115 4467 3207 4520 alii
3235 4464 3363 4536 qui-

92 4564 212 4628 σίας
246 4561 538 4631 ἀφέμενοι·
584 4563 679 4617 καὶ
707 4562 769 4617 τὸ
813 4563 913 4635 μὲν
944 4564 1210 4636 πρότερον
1227 4541 1495 4635 ἀλλήλοις
1539 4541 1671 4637 ὀμο-

1781 4569 1905 4625 dem
1938 4568 2099 4628 hanc.
2135 4566 2225 4620 alii
2266 4580 2396 4621 vero
2454 4565 2684 4619 alteram
2735 4562 3046 4632 passionem
3111 4560 3362 4613 nomina-

90 4655 332 4722 φὼνουν,
388 4655 598 4719 ἑαυτοῖς
637 4655 693 4709 δὲ
740 4656 851 4709 τῶν
887 4656 1169 4725 ὀνομάτων
1219 4658 1546 4727 ἐναλλαγαῖς
1593 4660 1676 4713 δι-

89 4748 363 4819 εμάχοντο
382 4764 394 4778 ·
429 4746 655 4818 ὕστερον
682 4745 761 4813 δὲ,
795 4746 888 4801 καὶ
912 4748 1001 4803 τὸν
1029 4749 1162 4819 πρὸς
1192 4749 1424 4815 ἑαυτοὺς
1459 4751 1554 4805 καὶ
1584 4752 1676 4806 τὸν

1786 4661 1938 4726 bant,
1963 4674 2089 4714 aera
2125 4666 2445 4713 extraneum
2475 4658 2586 4726 jam
2618 4671 2713 4711 scu
2746 4668 3037 4723 corporum
3098 4654 3363 4721 intempe«

1785 4755 1995 4812 rantias
2030 4754 2214 4809 dicere
2235 4752 2583 4818 desinentes;
2608 4760 2662 4807 et
2689 4750 2866 4822 primo
2892 4747 3110 4820 quidem
3128 4746 3362 4801 invicem

1619 4888 1852 4947 NOTAE.

162 5000 398 5081 (snas)
421 5000 621 5081 R_ecole
649 5001 943 5081 Sophronii
992 5005 1068 5081 de
1105 5007 1290 5081 seipse
1326 5012 1658 5081 epigramma

91 5069 220 5154 (_col.
237 5069 374 5154 562i
450 5070 569 5126 Jam
588 5069 739 5154 quod
757 5075 827 5127 ibi
845 5076 1041 5154 legitur
1056 5069 1304 5154 év_ai§,_in
1326 5069 1512 5136 codice
1536 5085 1657 5154 qni-

89 5142 499 5218 demscribitur
525 5147 691 5209 εναῖς,
714 5142 1024 5218 quodquid
1072 5148 1362 5218 signiticet,
1414 5142 1657 5207 nondum

86 5213 363 5296 ειμι-ἰτὼ.
403 5211 571 5294 Video
622 5211 802 5296 tamen
869 5215 1088 5296 Petrum
1126 5211 1656 5296 '_Partlienopensetn

91 5279 459 5365 §onhroniani
491 5286 672 5365 operis
703 5287 1096 5365 compendium
1113 5290 1193 5343 sic
1217 5279 1592 5346 exordientcm
1636 5312 1651 5348 :

91 5352 558 5432 §ophr0niusmvir
593 5352 994 5432 iliustrt'siimus
1026 5357 1241 5414 Phenea
1271 5361 1398 5415 urbe
1430 5364 1653 5432 genitus.

89 5422 230 5497 iSIlm
254 5436 383 5497 ergo
412 5421 625 5497 Pjrenea
651 5428 777 5481 latet
804 5428 857 5497 i_n
890 5440 1153 5497 corrupto
1188 5421 1452 5485 vocabulo
1474 5435 1669 5496 εναῖςῖ

87 5492 254 5546 Certe
288 5493 417 5574 urbs
441 5493 745 5574 Palzgstinae
794 5494 1033 5574 Phanae
1060 5492 1308 5574 oceurrit
1350 5502 1403 5556 in
1464 5492 1664 5574 priscis

92 5565 833 5646 nummis.apudﬂellarinm
865 5568 932 5646 G2
979 5568 1188 5646 libum,
1221 5570 1306 5635 15,
1357 5565 1486 5646 quae
1532 5573 1663 5646 urbs

90 5633 424 5713 ubi'nam‘jn;
440 5635 725 5691 Palaestina
761 5636 888 5713 sita!
908 5638 1069 5692 fuerit
1095 5633 1336 5713 ignorat
1357 5633 1497 5713 idem
1544 5640 1665 5697 Cel-

91 5700 580 5781 Iarius._Sed_ecce
622 5722 810 5781 rursus
841 5711 1044 5773 obstat,
1087 5700 1234 5779 quod
1285 5710 1376 5781 hic
1419 5711 1662 5780 itemque

93 5775 612 5853 t-i_t;tt¢i_l_oco'ortittn
653 5790 712 5831 se
739 5775 1007 5853 Damasco
1053 5775 1342 5853 metropoli
1416 5775 1658 5851 Sophro-

95 5844 215 5897 niu;
259 5842 952 5913 dicit;nisifortei‘hcnca
985 5849 1067 5903 vel
1124 5842 1343 5908 Pha'uca
1395 5842 1654 5908 sub'urbi‘

1769 5013 1978 5069 carinm
2018 5011 2278 5083 Oppidum
2312 5008 2561 5083 Damasci
2592 5007 2715 5083 fuit.

1838 5082 1930 5154 (59
1957 5084 1974 5151 )
2011 5072 2464 5154 Ita'Sophronius
2493 5079 2655 5154 etiam
2698 5080 2749 5132 in
2775 5076 3199 5154 _tt_peris_titt_rlo..
3240 5072 3361 5154 Jun:

1764 5145 1898 5208 vero
1921 5145 2218 5207 A'nastasii'
2240 5151 2403 5219 hujus
2438 5151 2718 5219 copiosam
2775 5148 2949 5219 Vitam
2978 5145 3362 5219 ‘in_\’aticat_iis

1763 5224 2052 5279 codicibus
2085 5222 2217 5276 vidi.
2259 5216 2691 5288 Denique'addo,
2736 5218 2787 5271 in
2814 5218 3009 5273 iisdem
3046 5217 3161 5269 Vat.
3195 5216 3355 5288 cozii.

1764 5303 1984 5349 exstare
2019 5293 2332 5361 passionem
2377 5285 2698 5361 sanctorum
2750 5288 2878 5361 illi].
2930 5285 3362 5361 Amoriensinm,

1768 5355 2085 5432 Supltronio
2122 5369 2312 5417 nostro
2362 5361 2578 5432 diserte
2628 5359 3000 5432 inscriptam._
3038 5358 3128 5424 qui
3170 5355 3362 5409 titulus

1773 5428 1981 5487 Aliatio
2017 5446 2238 5503 quoque
2264 5438 2317 5503 et
2358 5429 2612 5503 Fabricio
2660 5429 2845 5482 fucum
2877 5428 3069 5503 fecit;
3122 5441 3231 5480 non
3281 5437 3364 5503 est

1773 5505 1917 5558 enim
1958 5503 2009 5557 id
2034 5496 2236 5569 reapse
2266 5499 2567 5569 SOphronii
2597 5514 2760 5567 opus,
2798 5499 2927 5568 quia
2961 5499 3014 5551 in
3042 5568 3045 5569 ν
3070 5513 3135 5552 eo
3167 5496 3357 5565 appel-

1740 5568 1926 5643 ‘latur
1991 5568 2293 5643 imperator
2348 5568 2728 5643 Tthphilns;
2769 5576 2883 5622 tum
2948 5568 3050 5637 ipsi
3088 5578 3366 5643 martyres

1774 5642 1920 5698 haud
1956 5639 2086 5696 ante
2126 5655 2333 5695 nonum
2365 5643 2628 5694 saeculum
2661 5639 2840 5708 fecere
2874 5640 3224 5708 martyrium.

1771 5712 2192 5851 c0'(.lg)£%t;cole
2239 5709 2537 5782 Sophronii
2568 5709 2739 5781 ipsius
2772 5707 3152 5764 Praefationem
3176 5707 3366 5778 (supra
