4002 6316
549 409 689 474 3667

1465 409 1524 468 S.
1567 407 1988 470 SOPHRONII
2029 399 2537 466 PATRIARCIME
2591 395 2994 458 IIIEROSOL.

3688 385 3840 448 3668

551 520 981 585 concordabant,
1013 519 1110 576 sed
1143 518 1429 574 nominum
1475 522 1696 578 sibimet
1729 523 2132 577 immutationi-
2166 571 2170 580 .

2259 515 2377 586 τρὺς
2406 513 2670 583 ἀλλήλους
2697 511 2904 582 ἧραντο
2937 504 3196 574 πόλεμον,
3231 503 3313 566 εἰς
3349 498 3517 554 τοῦτο
3546 499 3642 554 λαὶ
3675 500 3846 569 μόνον

553 614 658 669 bus
688 614 1102 684 impugnabant.
1143 611 1341 670 Postea
1372 629 1504 669 vero
1558 615 1804 671 tulerunt
1845 624 1900 672 et
1939 624 2136 670 contra

551 716 632 766 se,
668 709 723 756 et
754 703 1018 757 adversus
1046 702 1280 758 invicem
1305 703 1526 770 bellum,
1551 705 1605 759 in
1637 705 1737 760 hoc
1754 705 2138 762 tantummodo

551 799 946 862 consonantes,
987 795 1043 849 in
1083 809 1191 865 quo
1235 793 1523 851 dicebatur
1555 797 1624 852 ab
1665 798 1746 855 eis
1777 798 1966 870 passio
1987 799 2139 854 insa-

551 879 774 934 nubilis.

625 972 882 1030 lloccum
921 976 1156 1032 vidisset
1187 978 1555 1049 Sophronias,
1601 988 1656 1034 et
1715 981 1860 1051 quod
1927 982 2136 1037 nullum

551 1064 845 1122 habiturus
871 1067 941 1122 ab
972 1068 1292 1124 hominibus
1322 1080 1469 1126 esset
1495 1072 1788 1139 auxilium,
1845 1073 2139 1129 manifeste

554 1160 832 1228 cognovit,
907 1161 1036 1230 quia
1088 1161 1288 1217 medici
1349 1178 1458 1217 non
1513 1165 1947 1233 resuscitabunt,
1996 1167 2142 1220 sicut

554 1264 787 1319 magnus
809 1266 974 1322 super
992 1252 1102 1308 illis
1125 1253 1469 1323 prophetavit
1510 1255 1700 1313 Isaias.
1750 1257 1964 1314 Interea
1997 1271 2142 1312 sem-

556 1357 651 1410 per
672 1343 798 1414 Cyri
828 1341 1169 1416 Joannisque
1195 1347 1338 1401 dona
1359 1348 1730 1417 comperiens,
1754 1357 1810 1405 et
1831 1351 2012 1420 qualia
2039 1351 2142 1405 mi-

554 1434 741 1488 racula
798 1436 1167 1505 patrareutin
1229 1439 1542 1495 numerosis
1619 1441 1978 1511 languoribus
2043 1457 2142 1496 au-

554 1525 732 1590 diens,
764 1527 830 1580 ad
859 1542 954 1582 eos
994 1528 1099 1582 lidc
1131 1528 1325 1597 plenus
1359 1531 1660 1599 egreditur,
1711 1547 1836 1587 cum
1895 1547 2004 1604 qua
2046 1534 2140 1603 qui

555 1617 622 1670 ad
653 1617 774 1672 illos
792 1618 1082 1683 accedunt,
1119 1635 1281 1677 omne
1303 1622 1452 1691 qttod
1484 1623 1801 1679 desiderant
1832 1639 2143 1694 assequun-

556 1714 684 1770 tur,
733 1706 1077 1762 abundantes
1138 1724 1234 1764 eos
1291 1710 1346 1764 in
1421 1712 1582 1767 bonis
1639 1725 2144 1783 recompensatorcs

558 1797 730 1861 ﬁdei,
787 1813 895 1865 qua
944 1814 1071 1868 erga
1146 1802 1270 1856 illos
1355 1803 1589 1874 ﬂagrant
1635 1846 1649 1868 ,
1769 1807 2132 1862 invenientes.

2247 607 2587 678 συνᾴδοντες,
2613 605 2693 667 εἰς
2720 604 2784 656 τὸ
2810 599 2921 655 τῶν
2948 595 3079 669 παρ’
3104 595 3285 652 uim?»
3309 593 3624 666 λεγομένων
3650 593 3844 648 παθῶν

2245 698 2643 770 ἀθεράπευτον.

2320 985 2492 1040 Τοῦτο
2527 985 2716 1057 μαθὼν
2749 985 2776 1038 6
2809 977 3148 1056 Σωφρόνιος,
3179 982 3271 1035 καὶ
3298 981 3374 1045 ὡς
3415 979 3676 1050 οὐδεμίαν
3723 978 3842 1047 ἔχοι

2249 1079 2387 1150 πρὸς
2415 1077 2724 1150 ἀνθρώπων
2752 1075 3028 1148 βοήθειαν,
3053 1075 3197 1144 ἔγνω
3229 1072 3419 1142 σαφῶς
3452 1071 3530 1135 ὡς
3566 1071 3746 1142 ἰατροὶ
3775 1069 3838 1122 οὐ

2253 1171 2330 1242 μὴ
2363 1171 2788 1242 ἀναστήσουσιν,
2816 1169 2892 1232 ὡς
2921 1169 2952 1222 6
2997 1167 3170 1239 μέγας
3219 1166 3450 1228 Ἡσαΐας
3485 1166 3616 1236 περὶ
3657 1162 3840 1216 αὐτῶν

2250 1266 2666 1337 προεφήτευσεν
2693 1281 2707 1296 ⁸
2734 1265 2823 1319 ἀεὶ
2867 1263 2926 1316 δὲ
2951 1261 3060 1316 τῶν
3087 1259 3272 1330 Κύρου
3303 1260 3402 1314 καὶ
3446 1258 3702 1313 Ἰωάννου
3733 1257 3842 1309 δω-

2258 1354 2398 1424 ρεῶν
2433 1353 2863 1424 πυνθανόμενος.
2916 1352 3010 1406 καὶ
3061 1347 3150 1405 οἷα
3193 1349 3455 1422 θαύματα
3504 1350 3845 1418 πράττουσιν

2252 1444 2339 1497 ἐπ’
2369 1443 2672 1514 ἀμυθήτοις
2704 1443 2918 1498 ἀκούων
2954 1442 3281 1512 νοσήμασιν,
3327 1441 3417 1493 ἐπ’
3450 1440 3653 1502 αὐτοὺς
3701 1439 3847 1508 μετά

2250 1538 2488 1600 πίστεως
2507 1538 2726 1603 ἔξεισιν,
2764 1535 2886 1607 μεθ’
2917 1529 2984 1608 ἧς
3005 1537 3053 1589 oi
3079 1535 3214 1606 πρὸς
3241 1534 3439 1598 αὐτοὺς
3473 1532 3846 1603 ἀπερχόμενοι

2249 1629 2360 1682 πᾶν
2389 1629 2529 1699 ὅπερ
2566 1626 2801 1680 ποθοῦσι
2849 1625 3192 1695 κομίζονται,
3222 1624 3550 1695 ἀμοιϐαίους
3583 1624 3699 1694 (41)
3733 1625 3836 1677 αὖ-

2249 1722 2378 1784 τοὺς
2408 1722 2468 1775 ὲν
2495 1719 2722 1788 ἀγαθοῖς
2757 1717 3203 1789 περιττεύοντας,
3246 1716 3346 1786 τῆς
3374 1716 3456 1778 εἰς
3500 1715 3702 1778 αὐτοὺς
3753 1715 3844 1768 εὑ-

2255 1813 2537 1883 ρίσκοντες
2564 1811 2825 1873 πίστεως.
2849 1808 2913 1862 Οἳ
2940 1808 3039 1861 καὶ
3063 1807 3185 1861 τότε
3217 1806 3481 1860 νοσοῦντα
3507 1807 3840 1876 Σωφρόνιον,

561 1890 662 1956 Qui
688 1899 743 1945 et
787 1901 920 1947 tunc
973 1893 1320 1962 languentem
1368 1895 1424 1948 in
1490 1911 1550 1950 se
1603 1905 1718 1951 toto
1759 1897 1943 1951 animo
1981 1897 2137 1953 ﬁdem

2259 1903 2338 1957 cui.
2364 1905 2444 1966 si;
2476 1903 2675 1965 αὐτοὺς
2711 1901 2992 1970 ὁλοψύχως
3025 1897 3356 1952 πιστεύοντα
3392 1897 3707 1969 βλέποντες,
3741 1897 3843 1967 τῆς

558 1983 760 2038 habere
793 1983 1043 2040 videntes
1066 1985 1464 2054 Sophronium,
1500 2004 1599 2044 sua
1634 2005 1760 2045 eum
1791 1991 2016 2060 dignum
2045 2007 2138 2046 sa-

561 2079 733 2130 nitate
761 2077 1091 2144 decernunt.
1118 2076 1184 2131 El.
1237 2079 1475 2148 primum
1505 2081 1726 2151 quidem
1781 2097 1998 2138 omnem
2034 2098 2145 2138 me-

558 2167 877 2220 dii-inaliqu
899 2169 1372 2238 stultiloquiorum
1397 2173 1749 2240 sponsionem
1771 2174 2142 2236 destruentes,

559 2259 787 2326 μιιὶυηιὶ
819 2262 1047 2315 credere
1113 2261 1452 2332 persuadent
1485 2264 1558 2316 nil
1601 2264 1717 2318 fore
1750 2280 2042 2335 passurum
2079 2281 2146 2320 ex

563 2351 648 2405 bis
713 2367 835 2420 quae
900 2353 1095 2406 medici
1152 2355 1454 2411 novissime
1533 2365 1889 2412 asseruerant
1948 2371 1961 2408 :
2027 2366 2152 2426 post

561 2440 675 2492 lure
731 2441 1027 2495 sanitatem
1083 2442 1333 2510 donant,
1395 2460 1561 2514 quam
1614 2447 1690 2500 illi
1743 2447 1990 2517 praebere
2038 2461 2146 2502 non

560 2541 836 2600 poterant.

630 2628 968 2680 Assistentes
1003 2629 1132 2698 ergo
1166 2629 1214 2682 ei
1247 2630 1409 2686 ambo
1431 2630 1484 2684 in
1513 2632 1722 2686 somnis
1788 2634 1970 2703 (tertia
2019 2650 2150 2689 vero

561 2731 670 2768 nux
695 2725 811 2768 erat
843 2732 908 2770 ex
937 2731 1041 2786 qua
1094 2719 1361 2790 venerat),
1405 2721 1484 2774 sic
1524 2721 1574 2776 ei
1611 2723 1866 2778 sanitatis
1897 2723 2054 2778 tidem
2085 2725 2150 2779 de

567 2803 764 2859 futuris
793 2807 1196 2875 imposuerunt.
1231 2809 1476 2864 t‘llonachi
1524 2811 1744 2881 quidem
1799 2814 1936 2868 alter
1993 2830 2152 2871 sacro

564 2895 798 2952 vestitus
826 2908 943 2952 erat
995 2899 1209 2964 habitu,
1264 2909 1317 2955 et
1368 2899 1564 2956 Joanni
1600 2903 1872 2974 spirituali
1925 2909 2064 2975 patri
2099 2917 2153 2964 et

565 2987 834 3056 magistro
867 2989 1178 3059 languentis
1203 2989 1542 3057 simillimus,
1585 2995 1677 3062 qui
1719 3002 1774 3047 et
1799 2994 1914 3063 ipse
1932 3009 2054 3048 cum
2087 3013 2154 3049 eo

566 3087 686 3132 erat
747 3080 799 3133 in
873 3083 1175 3153 martyrico
1238 3085 1462 3154 templo.
1506 3094 1560 3140 et
1590 3101 1756 3157 super
1789 3087 2059 3158 discipulo
2101 3098 2154 3142 et

569 3173 681 3224 lilio
743 3173 1107 3244 supplit-abat.
1165 3175 1345 3246 Cyrus
1392 3187 1600 3248 martyr
1636 3187 1778 3242 erat,
1825 3179 1917 3248 qui
1983 3180 2155 3247 patris

2245 1993 2452 2056 οἰκείας
2507 1992 2672 2046 αὑτὸν
2715 1990 2962 2055 ἀξιοῦσιν
3012 1991 3210 2054 ἰάσεως
3239 2029 3254 2055 ,
3311 1991 3408 2044 καὶ
3455 1989 3674 2060 πρῶτον
3731 1991 3830 2058 μὲν

2247 2084 2467 2138 ἅπαντα
2497 2084 2588 2136 τὸν
2637 2083 2748 2137 τῶν
2796 2081 2998 2155 ἰατρῶν
3045 2082 3324 2152 φλήναφον
3357 2081 3584 2153 ὁρισμὸν
3611 2082 3838 2152 ἀνατρέ·

2244 2173 2465 2243 ψαντες,
2502 2173 2596 2226 καὶ
2623 2173 2716 2226 τὸν
2750 2174 3030 2244 πάσχοντα
3080 2173 3391 2236 πείσαντες,
3424 2173 3500 2236 ὡς
3529 2171 3685 2226 οὐδὲν
3716 2173 3838 2226 πεί-

2253 2281 2406 2318 σεται
2437 2256 2512 2317 ὧν
2545 2263 2722 2333 ἰατροὶ.
2742 2263 3129 2317 τὸτελευταῖον
3152 2262 3504 2332 ἐφθέγξαντο,
3541 2263 3682 2330 μετά
3707 2262 3841 2316 ταῦ-

2249 2371 2314 2407 τα
2343 2354 2443 2423 τὴν
2473 2354 2664 2424 ὑγείαν
2693 2353 3035 2425 χαρίζονται,
3059 2353 3128 2424 ἦν
3171 2354 3366 2406 ἐκεῖνοι
3396 2354 3698 2424 παρασχεῖν
3743 2353 3844 2406 οὐκ

2248 2445 2532 2517 ἠδύναντο.

2261 2651 2269 2660 ·
2319 2623 2778 2691 Ἐπιστάντεςοῦν
2801 2627 2948 2698 αὐτῷ
2965 2626 3090 2681 καθ’
3108 2627 3309 2690 ὕπνους
3334 2626 3639 2698 ἀμφότεροι
3659 2624 3838 2698 (τρίτη

2249 2721 2303 2773 δὲ
2335 2722 2367 2791 ή
2394 2721 2488 2788 νὺξ
2519 2719 2610 2789 ἀφ’
2645 2715 2710 2793 ἦς
2745 2720 3123 2790 παρεγένετο),
3157 2719 3334 2783 οὕτως
3371 2718 3522 2789 αὑτῷ
3567 2720 3697 2790 περὶ
3745 2720 3841 2789 τῆς

2250 2812 2359 2864 τῶν
2392 2811 2699 2880 μελλόντων
2746 2812 3016 2874 ἀπαθείας
3047 2813 3146 2882 τὴν
3180 2813 3364 2866 πίστιν
3413 2811 3698 2882 ἐνέθηκαν.
3733 2813 3844 2865 Μο-

2258 2903 2456 2957 ναστοῦ
2494 2903 2593 2974 μὲν
2617 2906 2645 2959 6
2691 2897 2774 2967 εἷς
2805 2903 2992 2974 σχῆμα
3029 2905 3174 2959 θεῖον
3219 2903 3513 2974 ἠμφίεστο,
3540 2905 3634 2958 καὶ
3663 2903 3847 2957 Ἰωάδ-

2254 3011 2321 3068 νῃ
2353 2993 2464 3066 (42)
2491 2994 2566 3066 τῷ
2599 2995 2955 3067 πνευματικῷ
2989 2994 3164 3065 Πατρὶ
3187 2997 3280 3048 καὶ
3302 2994 3610 3065 διδασκάλῳ
3628 2993 3723 3047 τοῦ
3755 3011 3844 3048 vo-

2255 3090 2475 3153 σοῦντος
2492 3089 2763 3160 ὡμοίωτο,
2790 3090 3118 3145 συντείνοντι
3145 3089 3238 3144 καὶ
3261 3088 3409 3159 αὐτῷ
3427 3087 3568 3141 κατά
3593 3087 3686 3140 τὸν
3711 3103 3850 3158 μαρο

2253 3183 2475 3252 τυρικὺν
2505 3183 2692 3252 σηκὸν,
2717 3183 2812 3236 καὶ
2843 3183 3082 3254 περὶτοῦ
3114 3180 3358 3252 μαθητοῦ
3387 3181 3481 3234 καὶ
3516 3180 3708 3244 παιδὸς
3734 3181 3848 3234 ἱκε-

567 3265 800 3319 formam
841 3266 984 3322 sicut
1018 3269 1321 3323 monachus
1353 3279 1686 3338 sumpserat,
1715 3282 1768 3326 et
1793 3273 1934 3326 stola
1963 3287 2152 3326 mona-

2259 3272 2489 3325 τεύοντι.
2531 3272 2715 3343 Κύρος
2748 3274 2776 3326 6
2835 3273 3046 3344 μάρτυς
3079 3271 3394 3343 ἐτύγχανεν,
3437 3273 3465 3323 6
3500 3267 3595 3324 τοῦ
3643 3270 3851 3342 πατρδς

567 3357 656 3411 chi
690 3366 809 3412 erat
840 3359 1096 3416 amictus.
1133 3359 1375 3416 Joannes
1405 3371 1587 3416 autem
1621 3380 1776 3433 :cque
1809 3363 2006 3418 beatus
2052 3363 2155 3418 Pc—

567 3458 718 3503 trum
745 3451 1201 3517 Alexandrinum,
1233 3455 1325 3523 qui
1384 3453 1676 3523 praefectus
1720 3464 1836 3509 erat
1875 3455 2156 3525 praetorio-

571 3557 690 3594 rutn
719 3541 990 3612 figurabat
1021 3561 1035 3609 ;
1061 3543 1153 3613 qui
1182 3560 1307 3599 cum
1333 3547 1563 3600 veniens
1609 3545 1951 3616 chlamydem
2015 3549 2156 3600 ruti-

572 3634 776 3688 lantem
848 3643 1118 3704 portaret,
1191 3636 1622 3707 percontabatur
1693 3637 1894 3708 Cyrum
1948 3639 2042 3706 qui
2102 3639 2155 3691 in

572 3726 836 3795 magistro
861 3723 940 3797 [in
997 3725 1172 3780 forma
1235 3726 1506 3799 magistri]
1541 3729 1850 3797 languentis
1890 3742 2157 3798 apparue-

574 3827 655 3869 rat
691 3837 705 3871 :
739 3815 942 3882 Habes,
992 3819 1272 3888 inquiens,
1349 3819 1705 3888 discipulum,
1772 3821 1863 3888 qui
1942 3820 2156 3872 dicatur

573 3909 884 3966 llmnerns?
913 3909 1390 3966 Noveruntautem
1424 3919 1477 3964 et
1504 3911 1557 3964 hi
1587 3913 1678 3981 qui
1705 3911 1974 3969 vestibula
2007 3927 2160 3966 mun-

571 4011 726 4061 danae
756 4015 968 4061 tantum
1009 4007 1310 4076 disciplinae
1351 4003 1736 4072 calcaverunt,
1797 4007 1945 4077 quod
1978 4023 2158 4062 caecus

576 4098 768 4156 luisset
797 4101 1094 4164 llomerus,
1129 4107 1442 4155 cataractas
1471 4101 1518 4154 ci
1553 4108 1842 4155 senectute
1873 4100 2157 4166 induente;

575 4193 682 4247 hoc
699 4193 846 4247 enim
869 4197 1189 4246 sanctorum
1227 4190 1456 4261 aenigma
1486 4189 1660 4244 voluit
1687 4190 1952 4245 indicare.
1974 4193 2043 4244 At
2069 4190 2162 4244 ille

575 4301 703 4342 cum
731 4285 1047 4356 juramcnto
1079 4284 1275 4340 cﬂ‘atus
1316 4293 1424 4349 est,
1456 4285 1655 4340 habere
1705 4284 1926 4351 quidem
1987 4298 2047 4338 se
2084 4282 2160 4336 di-

579 4379 869 4445 scipulum,
903 4379 997 4434 sed
1027 4377 1319 4432 Homerum
1354 4377 1509 4432 nullo
1542 4377 1704 4430 modo
1735 4375 1840 4429 dici
1861 4393 1874 4442 ;
1897 4382 1952 4430 et
1982 4375 2170 4430 adhuc

575 4472 786 4536 intulit,
824 4469 970 4541 quod
999 4485 1098 4524 nec
1139 4486 1332 4525 versus
1382 4467 1706 4522 Homericus
1762 4451 2005 4537 tetigerit
2056 4483 2160 4520 un-

576 4580 774 4633 quam;
815 4580 911 4634 per
936 4565 1038 4619 hoc
1077 4565 1334 4619 innuens.
1363 4562 1507 4632 quod
1531 4561 1836 4615 [laurei-ica:
1865 4556 2035 4614 fuerit
2067 4575 2158 4614 ca-

578 4658 760 4716 liuinis
783 4673 999 4714 expers.
1035 4657 1114 4710 Ad
1152 4672 1314 4726 quem
1349 4666 1574 4708 sanctus
1597 4652 1860 4714 Joannes,
1895 4653 2052 4723 quasi
2086 4652 2154 4705 ad
2193 4630 2236 4685 Ῐ)

579 4763 788 4820 patrem
823 4752 1053 4820 loquens
1105 4760 1160 4805 ct
1212 4750 1572 4812 eruditorem,
1640 4750 1923 4819 respondit
1971 4769 1984 4804 :
2038 4747 2150 4802 Nos

579 4843 686 4898 hoc
715 4851 1024 4911 comperto,
1060 4841 1128 4896 ad
1163 4828 1430 4896 visionem
1473 4841 1595 4908 ejus
1647 4841 2057 4896 concurrimus.
2103 4839 2159 4894 Si

579 4943 762 4988 autem
789 4950 898 4990 non
934 4935 1157 5000 dicitur,
1191 4934 1393 5004 inquit,
1435 4933 1728 4998 Homerus,
1764 4934 1910 4990 sicut
1945 4932 2163 4988 audivi-

581 5045 727 5094 mus,
751 5029 921 5084 Deum
969 5029 1063 5098 qui
1113 5037 1198 5083 est
1259 5043 1425 5096 super
1468 5027 1658 5104 omnia
1705 5026 2166 5097 glorilicahimus,

579 5123 786 5192 quique
825 5137 852 5174 a
884 5120 1142 5191 passione
1171 5121 1318 5174 hunc
1349 5128 1499 5174 tanta
1542 5129 1599 5176 et
1649 5121 1918 5176 vocabulo
1959 5119 2166 5174 libera-

583 5217 678 5271 vit.
707 5217 771 5270 Et
808 5224 938 5271 tunc
963 5215 1183 5286 quidem
1221 5214 1403 5268 taliter
1458 5223 1810 5284 apparentes,
1871 5220 1926 5268 et
1957 5211 2166 5266 talibus

580 5321 702 5359 eum
733 5304 914 5360 verbis
945 5303 1168 5359 credere
1196 5303 1482 5365 facientes,
1520 5303 1665 5372 quod
1693 5301 1996 5356 Homerica:
2027 5300 2166 5352 alio-

583 5401 716 5470 quin
742 5400 1009 5455 eiecitatis
1061 5417 1169 5453 nun
1217 5407 1363 5452 esset
1427 5398 1645 5453 lutet-us
1701 5393 2164 5457 communicatur,

586 5493 859 5548 samnium
892 5493 1160 5546 abeuntes
1187 5491 1490 5546 solverunt.

2258 3364 2356 3435 τὴν
2385 3363 2602 3434 μορφὴν
2640 3363 2714 3427 ὡς
2746 3363 2976 3435 μοναχὸς
3008 3362 3353 3432 ἀνελόμενος,
3390 3363 3487 3414 καὶ
3527 3359 3725 3430 στολὴν
3756 3377 3848 3431 μο-

2261 3453 2458 3508 ναστοῦ
2489 3432 2848 3524 περιθέμενος
2872 3470 2888 3486 ·
2931 3453 3190 3524 Ἰωάννης
3211 3452 3266 3506 δὲ
3289 3455 3317 3506 6
3350 3451 3448 3506 σὺν
3469 3450 3638 3522 Κύρῳ
3665 3449 3854 3520 μακά-

2263 3564 2396 3616 ριος,
2425 3547 2517 3601 τὴν
2553 3546 2912 3619 Ἀλεξανδρέα
2952 3547 3181 3617 Πέτρον,
3220 3545 3313 3598 τὸν
3356 3545 3464 3597 τῶν
3497 3543 3853 3614 πραιτωρίων

2259 3638 2526 3704 είκὸνιζεν
2551 3639 2812 3710 ἔπαρχον,
2844 3637 2903 3702 ὃς
2924 3637 3178 3708 χλαμύδα
3209 3637 3392 3708 φορῶν
3419 3635 3855 3706 ἀπαστράπτου-

2261 3747 2384 3794 σαν,
2408 3732 2599 3802 ἠρώτα
2631 3730 2816 3800 Κῦρον
2865 3729 3037 3782 ἐλθὼν
3061 3730 3152 3782 τὸν
3184 3730 3266 3790 είς
3299 3730 3390 3781 τὸν
3418 3727 3512 3782 τοῦ
3563 3727 3853 3792 νοσοῦντος

2259 3824 2496 3893 φανέντα
2525 3821 2864 3888 διδάσκαλον,
2887 3822 3092 3892 Ἔχεις,
3123 3820 3313 3884 εἰπὼν,
3337 3820 3584 3891 μαθητὴν
3623 3820 3859 3891 λεγόμε-

2261 3931 2349 3966 νον
2381 3913 2664 3984 ’Ὀμηρονς
2697 3913 2875 3966 Ἵσασι
2905 3913 2963 3965 δὲ
2995 3915 3089 3966 καὶ
3113 3913 3163 3964 οί
3193 3912 3441 3983 πρόθυρα
3463 3912 3623 3982 μόνον
3651 3928 3850 3983 κοσμι-

2261 4006 2364 4076 κῆς
2388 4005 2636 4068 παιδείας
2658 4006 3026 4076 πατήσαντες,
3048 4003 3124 4066 ὡς
3140 4004 3340 4074 τυφλὸς
3359 4003 3606 4076 ὑπῆρχεν
3627 4005 3655 4057 6
3673 4003 3856 4074 Ὅμη-

2263 4114 2376 4168 ρος,
2429 4098 2683 4167 ἐπίλυσιν
2730 4096 2878 4168 αὐτῷ
2907 4098 3002 4150 τοῦ
3038 4099 3228 4168 γήρως
3278 4095 3633 4166 ἐνέγκαντος·
3691 4094 3858 4148 τοῦτο

2261 4188 2371 4259 γὰρ
2403 4188 2596 4258 δηλοῦν
2626 4189 2685 4242 τὸ
2713 4188 2824 4244 τῶν
2857 4188 3027 4258 ἀγίων
3057 4189 3250 4260 ἤθελεν
3281 4189 3532 4260 αἴνιγμα.
3563 4189 3621 4241 '0
3642 4187 3698 4241 δὲ
3731 4187 3852 4257 μεθ’

2261 4281 2444 4352 ὅρκων
2481 4281 2809 4350 ἐφθέγξατο,
2853 4281 3000 4352 ἔχειν
3037 4282 3138 4352 μὲν
3185 4280 3462 4353 μαθητὴν,
3503 4282 3756 4352 ’Όμηρον
3796 4283 3852 4334 δὲ

2266 4374 2338 4446 μὴ
2371 4373 2662 4441 λέγεσθαι·
2697 4377 3109 4444 προσεπέφερεν
3134 4373 3191 4426 δὲ
3221 4374 3294 4436 ὡς
3317 4373 3439 4426 οὐδὲ
3463 4373 3647 4444 στίχον
3685 4373 3852 4444 Ὁμη-

2265 4467 2416 4538 ρικὸν
2443 4467 2620 4538 ἣψατό
2652 4483 2782 4519 ποτε
2805 4483 2819 4498 ·
2855 4467 2942 4521 διὰ
2959 4466 3153 4520 τούτου
3189 4465 3366 4535 δηλῶν
3392 4467 3452 4519 τὺ
3477 4465 3579 4536 τῆς
3615 4466 3849 4536 Ὁμηρι-

2265 4562 2367 4632 κῆς
2401 4561 2602 4632 ἀχλύος
2639 4559 2967 4630 ἀμέθεκτον.
3008 4559 3151 4630 Πρὸς
3195 4559 3256 4612 ὃν
3317 4558 3573 4631 Ἰωάννης
3623 4561 3653 4612 6
3698 4560 3851 4626 ἅγιος

2264 4654 2338 4716 ὡς
2369 4653 2503 4724 πρὸς
2525 4653 2616 4706 τὸν
2657 4653 2875 4724 πατέρα
2915 4651 3092 4704 λαλῶν
3139 4653 3236 4704 καὶ
3278 4651 3573 4722 παιδευτὴν
3618 4649 3847 4720 ἀπεκρί-

2264 4761 2393 4797 νατο
2414 4758 2428 4772 ·
2476 4744 2668 4813 Ἡμεῖς
2698 4742 2872 4814 τούτῳ
2893 4742 3229 4812 πειθόμενοι,
3255 4742 3393 4813 πρὸς
3415 4740 3704 4809 ἐπίσκεψιν
3750 4742 3843 4793 αὐ-

2265 4834 2359 4889 τοῦ
2391 4835 2836 4906 συνεδράμομενο
2891 4837 2940 4888 εἰ
2989 4835 3046 4886 δὲ
3083 4834 3326 4902 λέγεται,
3372 4835 3560 4903 φησιν,
3605 4834 3852 4904 Ὅμηρος

2267 4928 2342 4992 ὡς
2376 4927 2714 4998 ἠκούσαμεν,
2747 4927 2880 4980 Θεὸν
2909 4927 3000 4978 τὸν
3029 4926 3122 4978 ἐπὶ
3153 4926 3372 4980 πάντων
3395 4924 3737 4994 δοξάσωμεν,
3759 4925 3846 4976 τὸν

2271 5021 2477 5083 πάθους
2509 5019 2753 5073 τοιούτου
2787 5020 2876 5070 καὶ
2911 5019 3284 5089 προσηγορίας
3311 5017 3475 5070 αὐτὸν
3504 5014 3854 5087 λυτρωσάμε-

2273 5131 2382 5166 νον.
2413 5113 2523 5166 Καὶ
2557 5112 2680 5166 τότε
2713 5111 2812 5182 μὲν
2840 5109 2984 5164 οὕτω
3020 5109 3304 5179 φανέντες,
3340 5110 3434 5163 καὶ
3473 5108 3655 5176 λόγοις
3687 5106 3853 5162 τοιού-

2273 5226 2386 5272 τοις
2421 5206 2582 5261 αὐτδν
2605 5205 3028 5269 ἀποπείσαντες,
3061 5203 3138 5265 ὼς
3165 5202 3470 5274 Ὁμηρικῆς
3497 5217 3629 5254 ποτε
3649 5197 3852 5270 τυφλώ-

2277 5316 2415 5364 σεως
2447 5299 2702 5364 κοινωνὸς
2743 5299 2804 5350 οὺ
2835 5297 3152 5368 γενήσεται,
3185 5296 3276 5350 τὸν
3297 5295 3508 5366 ὄνειρον
3538 5290 3856 5354 ἀπελθόντες

2276 5395 2546 5448 διέλυσαν.

2135 5666 2370 5724 NOTJ’.

660 5761 772 5898 ﬁt“)
807 5761 944 5816 Cod.
969 5762 1285 5832 ἀμοιϐαίας.
1317 5756 1454 5817 Num
1489 5780 1586 5832 pro
1617 5763 1886 5829 ἀμοιϐἀςῖ

688 5831 778 5898 ιίξὶ)
844 5830 958 5884 Duo
1017 5834 1236 5886 fuerunt
1291 5834 1600 5898 Sophronio
1659 5834 1886 5886 familiar

688 5831 778 5899 5:2)
844 5830 958 5884 Duo
1014 5830 1236 5886 luerunt
1291 5830 1600 5900 Sophronio
1659 5834 1952 5886 familiares
2017 5835 2154 5895 viri,

595 5895 822 5953 Joannis
849 5902 1071 5956 nomine
1099 5895 1420 5973 nuncupati,
1443 5902 1682 5958 Joannes
1703 5919 1892 5974 nempe
1920 5905 2174 5960 Most-ltus

2273 5770 2327 5812 et
2374 5758 2612 5813 Joannes
2663 5755 3158 5826 Elcemosynarius.
3221 5752 3507 5808 Moschum
3563 5763 3744 5806 autem
3775 5749 3860 5806 hic

2266 5831 2536 5901 designari
2571 5840 2722 5900 puto.
3173 5862 3180 5868 -
