3930 6316
126 361 293 427 3669

1148 351 1251 415 ss.
1290 335 1467 412 CYRI
1499 350 1601 410 ET
1639 348 1961 412 JOANNIS
1996 349 2415 409 MIRACULA.

3269 351 3414 420 3570

207 471 338 529 Μεθ
356 471 369 490 ⁹
394 467 611 542 ἡμέρας
633 466 689 521 δέ
720 464 883 520 πάλιν
902 461 1091 533 ὀλίγας
1121 462 1180 517 ἐν
1210 461 1493 534 μοναστῶν
1519 460 1734 524 στολαῖς

1909 458 2040 514 Post
2065 466 2269 529 paucos
2307 470 2437 512 vero
2464 455 2581 513 dies
2618 457 2677 513 in
2724 457 3118 514 monachorum
3144 461 3301 517 stolis
3330 479 3421 520 vc-

126 566 498 637 ἀφικόμενοι,
542 561 638 630 τῆς
675 559 885 621 οἰκείας
925 555 1107 611 αὐτῶν
1143 554 1399 626 κηρωτῆς
1445 551 1611 623 ἐλαίῳ
1639 552 1737 605 λυ-

126 657 342 726 θείσης
367 651 444 723 τῷ
463 652 562 722 τῆς
587 648 922 721 ἐπιτυμϐίου,
945 646 1223 718 κανδήλας
1244 643 1424 699 αὐτῶν
1451 660 1516 697 πε
1526 643 1739 714 ριττεύ-

127 767 262 802 οντι
294 747 410 808 τοῖς
432 743 733 813 ὀφθαλμοῖς
761 739 964 793 ἐνιέναι
987 736 1326 792 κελεύουσιν.
1360 733 1421 789 ’θ
1434 734 1491 789 δὲ
1516 733 1738 808 πληρώ-

131 857 250 902 σας
282 838 384 907 τὴν
431 835 696 898 ιιέλευσιν,
742 832 843 902 τὴν
875 830 1083 899 ταύτης
1130 828 1430 883 ἀκόλουθον
1459 828 1648 898 ὑγείαν
1675 829 1740 881 ἐκ

134 931 358 999 μέρους
389 927 628 992 ἐδέξατο.
665 923 805 977 Ἀλλ’
836 923 926 977 ὅτε
959 923 1123 995 ρῶσιν
1153 923 1362 977 τελείαν
1386 923 1534 994 αὐτῷ
1560 939 1740 994 παρα-

130 1022 299 1089 σχεῖν
333 1014 871 1086 ἐσπλαγχνίσθησαν,
916 1012 1061 1067 οὕτω
1098 1013 1166 1067 δι’
1195 1013 1475 1085 ὁράματος
1505 1013 1607 1085 τὴν
1654 1013 1740 1067 δό-

132 1129 232 1164 σιν
266 1109 553 1162 ἐτύπωσαν
573 1122 589 1139 ⁶
613 1107 660 1160 Ν
667 1105 730 1172 ὺξ
749 1102 836 1179 ἦν,
864 1105 958 1161 καὶ
978 1106 1283 1177 Σωφρόνιος
1305 1105 1400 1159 ἐπὶ
1424 1104 1531 1159 τῶν
1562 1122 1740 1176 στρω-

131 1202 340 1271 μάτων
376 1199 629 1252 ἐκάθευδε
650 1216 663 1229 ·
703 1198 797 1253 καὶ
826 1196 1126 1261 καθεύδων.
1176 1195 1432 1267 Ἰωάννην
1474 1195 1565 1250 τὸν
1597 1195 1740 1250 διδά-

131 1293 354 1345 σκαλον
378 1292 507 1354 τοὺς
537 1290 806 1358 ἀδελφοὺς
831 1289 1078 1354 ἅπαντας
1102 1290 1290 1360 ἐστιᾷν
1314 1290 1438 1351 τοὺς
1463 1289 1542 1352 είς
1569 1288 1629 1340 τὸ
1654 1288 1740 1341 τέ·

136 1399 313 1450 μενος
343 1382 488 1447 ἔδοξε
513 1397 528 1412 ·
563 1381 663 1452 μία
691 1381 749 1434 δέ
774 1382 887 1445 τοῖς
924 1382 1090 1434 πᾶσιν
1120 1379 1342 1448 ἐγένετο
1372 1378 1618 1450 τράπεζα
1645 1393 1741 1430 κυ-

131 1474 428 1546 κλοτερὴς,
458 1474 550 1527 καὶ
575 1473 642 1527 δι’
692 1472 821 1543 ὅλης
845 1473 945 1542 τῆς
980 1471 1075 1526 τοῦ
1125 1470 1295 1539 σηκοῦ
1331 1472 1495 1534 στοᾶς
1539 1469 1739 1523 διατεί‹

132 1583 346 1619 νουσα·
376 1566 567 1620 τούτου
602 1565 712 1637 γὰρ
762 1564 904 1636 αὐτὴ
949 1564 1009 1618 τὸ
1038 1563 1225 1635 σχῆμα
1282 1562 1650 1636 κεκλήρωται,
1689 1564 1739 1615 εί

136 1654 244 1707 καὶ
274 1655 497 1722 γωνίαις
524 1654 669 1709 ὀκτὼ
723 1656 823 1726 τὴν
881 1655 1008 1725 μίαν
1070 1653 1163 1708 τοῦ
1219 1652 1423 1706 κύκλου
1474 1652 1740 1723 γραμμὴν

135 1747 555 1813 διαστέλλουσα,
595 1747 780 1818 σχῆμα
820 1747 1062 1801 δείκυσιν
1101 1746 1289 1817 ἕτερον
1326 1745 1386 1798 οὐ
1430 1746 1608 1816 πάντη
1640 1744 1736 1798 τοῦ

1837 552 2074 614 nientes,
2109 550 2388 619 propriam
2424 563 2581 604 suam
2610 556 2831 606 ceroten
2856 551 2978 606 oleo
3016 551 3266 618 dissolvi,
3294 571 3416 624 quae

1838 656 1903 697 ex
1935 640 2166 696 candela
2216 654 2338 711 quae
2372 654 2537 710 supra
2577 641 2846 695 tumulum
2887 656 3046 697 suum
3077 654 3195 699 erat
3241 647 3418 701 abun-

1839 733 2026 798 dabat,
2057 740 2111 789 et
2140 731 2194 787 in
2229 732 2423 787 oculos
2451 731 2593 786 mitti
2612 731 2828 802 iubent.
2860 731 2963 800 Qui
2988 732 3244 804 jussione
3265 752 3419 792 com-

1841 823 2008 894 pleta,
2042 830 2469 892 cousequentem
2501 823 2668 879 etiam
2702 824 2902 894 partim
2944 826 3233 882 sanitatem
3262 844 3418 886 rece-

1839 917 1940 989 pit.
1992 916 2122 972 .Sed
2182 917 2444 987 quoniam
2498 915 2948 988 incolumitatem
3014 918 3309 989 perfectam
3367 924 3423 979 ei

1840 1006 2273 1064 misericorditer
2284 1006 2418 1062 dare
2432 1006 2742 1072 voluerunt,
2764 1009 2947 1063 taliter
2962 1010 3147 1064 datum
3162 1010 3425 1087 [donum],

1840 1113 1937 1169 per
1968 1098 2242 1154 somnium
2272 1097 2664 1153 formaverunt.
2696 1097 2813 1153 Nox
2834 1109 2971 1167 erat,
3007 1108 3062 1157 et
3095 1117 3261 1174 supra
3277 1114 3419 1161 stra-

1841 1191 2326 1270 tum'dormiebat,
2375 1198 2431 1246 et
2475 1191 2754 1248 dormiens
2790 1191 3058 1250 Joannem
3095 1196 3417 1266 magistrum

1840 1281 2040 1337 fratres
2072 1281 2358 1338 universos
2392 1283 2484 1351 qui
2518 1282 2571 1336 in
2598 1282 2800 1352 templo
2825 1292 2984 1339 erant
3011 1285 3076 1341 ad
3108 1288 3417 1343 convivium

1841 1374 2107 1431 invitasse
2151 1373 2339 1430 videre
2377 1372 2640 1445 putabat;
2688 1390 2794 1430 una
2838 1390 2969 1432 vero
3016 1378 3234 1434 cunctis
3276 1379 3418 1434 facta

1840 1476 1925 1522 est
1976 1481 2165 1523 mensa
2201 1466 2253 1521 iu
2288 1467 2506 1521 modum
2543 1466 2763 1534 circuli,
2796 1477 2848 1522 et
2885 1482 2981 1538 per
3020 1477 3188 1525 totam
3236 1473 3419 1542 templi

1842 1558 2115 1625 porticum
2156 1566 2404 1625 extensa,
2443 1558 2588 1615 hanc
2609 1561 2755 1614 enim
2794 1559 2909 1616 haec
2951 1561 3181 1633 ﬁguram
3223 1564 3418 1621 sortita

1841 1657 1945 1714 est,
1991 1648 2119 1703 licet
2163 1647 2378 1718 angulis
2408 1655 2556 1711 octo,
2594 1661 2758 1702 unam
2810 1649 2944 1720 cycli
2979 1650 3180 1707 lineam
3222 1651 3423 1708 distiu-

1843 1754 2038 1810 guens,
2077 1739 2305 1794 formam
2340 1740 2654 1795 ostenderet
2680 1740 2843 1795 aliam
2877 1756 2986 1797 non
3018 1744 3244 1799 omnino
3269 1761 3299 1800 a
3330 1762 3421 1801 ro-

135 1836 511 1906 κυκλοτεροῦς
546 1837 909 1907 διιστάμενον.
942 1835 1032 1906 Τῷ
1060 1831 1153 1889 οὖν
1177 1835 1416 1907 σχήματι
1443 1833 1541 1905 τῆς
1574 1837 1734 1900 στοᾶς

1842 1830 2109 1886 tunditate
2143 1830 2462 1888 distantem.
2497 1832 2640 1902 Ergo
2681 1832 2910 1903 figuram
2942 1836 3187 1904 portiéus
3225 1853 3420 1908 seque~

135 1927 434 1996 ἠκολούθει
464 1926 653 1997 σαφῶς
682 1928 778 1981 καὶ
807 1930 840 1999 ή
868 1928 1141 1999 τράπεζα,
1166 1923 1230 2002 ἧς
1258 1929 1316 1981 ὲν
1349 1928 1491 2001 ἀρχῇ
1522 1930 1731 1983 Θεόδω-

141 2035 244 2088 ρος
272 2019 299 2070 6
335 2019 545 2090 μάρτυς
583 2018 863 2075 ἀνέκειτο·
900 2019 1019 2073 λίαν
1048 2019 1154 2092 γὰρ
1196 2020 1286 2074 καὶ
1319 2020 1483 2086 αὐτὸς
1510 2022 1734 2091 ἐτιμᾶτο

134 2109 225 2181 τῷ
264 2110 552 2179 πάσχοντι·
593 2111 717 2180 μεθ’
748 2109 807 2163 ὃν
834 2109 1017 2181 Κῦρος
1049 2106 1117 2182 ἦν
1147 2112 1175 2164 6
1207 2111 1513 2181 θεσπέσιος,
1549 2114 1734 2171 Ἰωάν-

138 2215 249 2272 νην
278 2200 369 2254 τὸν
400 2200 625 2269 ἀδελφὸν
675 2200 848 2268 δεξιὸν
902 2204 1266 2273 ἐπαγόμενος,
1314 2206 1409 2259 καὶ
1440 2207 1577 2277 πρὸς
1626 2206 1735 2261 τῶν

136 2293 243 2347 δύο
272 2294 370 2364 τῆς
400 2292 683 2357 εὐσεϐείας
729 2292 984 2365 ἀθλητῶν
1027 2295 1431 2367 μεσαζόμενος·
1471 2298 1569 2368 οὐχ
1616 2300 1735 2352 ἑτέ-

146 2395 269 2449 ροις
294 2378 563 2448 χρώμενοι
590 2379 889 2451 σχήμασιν,
928 2381 1028 2434 οὐκ
1069 2382 1129 2434 ἐν
1160 2385 1397 2453 μορφαῖς
1427 2384 1736 2457 ἀλλοτρίαις

142 2469 489 2540 φαινόμενοι,
519 2470 635 2525 ἀλλ’
662 2473 720 2524 ἐν
747 2465 834 2535 αἷς
862 2472 1109 2544 ὑπῆρχον
1133 2475 1227 2527 καὶ
1264 2474 1568 2545 γράφονται
1594 2492 1607 2505 ·
1644 2476 1738 2528 καί¹

148 2560 278 2630 μετ’
303 2562 503 2625 αὐτοὺς
541 2563 569 2614 6
612 2562 800 2625 λοιπὸς
833 2563 1022 2633 ὅμιλος
1058 2563 1167 2618 τῶν
1201 2565 1442 2619 ἀσθενῶν
1492 2567 1739 2638 ἀδελφῶν

145 2651 573 2707 κατεκλίνοντοο
621 2655 714 2707 καὶ
753 2656 889 2708 πᾶσι
931 2654 1030 2723 μὲν
1074 2655 1234 2726 μόνος
1279 2657 1578 2727 διηκονεῖτο
1623 2661 1737 2714 Σω-

146 2744 399 2815 φρόνιοςο
430 2746 684 2819 Ἰωάννης
702 2745 757 2799 δέ
786 2748 814 2799 6
841 2746 1032 2799 τούτου
1059 2747 1397 2813 διδάσκαλος,
1423 2749 1498 2812 ὡς
1530 2752 1587 2803 ἐν
1621 2751 1737 2819 γεί-

147 2852 266 2887 τονι
294 2837 356 2905 τῇ
382 2835 546 2909 act-fug
566 2837 664 2899 τὰς
693 2836 901 2900 ἐδωδὰς
928 2837 1361 2907 παρεσκεύαζεν.

164 2970 175 2971 κ
239 2924 327 2988 Ὠς
347 2925 404 2978 δὲ
442 2927 616 2997 πέρας
645 2928 676 2996 ἡ
706 2927 948 2989 ἑστίασις
974 2927 1154 2994 ἔλαϐε,
1206 2928 1301 2983 καὶ
1338 2930 1439 2999 τῆς
1483 2932 1741 2984 κατακλί-

147 3033 295 3080 σεως
334 3018 383 3070 οί
448 3020 596 3088 τρεῖς
650 3018 951 3087 ἀνέστησαν
995 3018 1160 3088 ἅγιοι,
1212 3020 1345 3091 πρὸς
1386 3022 1742 3092 Σωφρόνιονό

1798 1924 1996 2003 ‘batur
2043 1921 2328 1978 evidenter
2376 1930 2431 1978 et
2483 1937 2710 1991 mensa;
2772 1925 2828 1979 in
2874 1925 3037 1996 cujus
3099 1931 3419 1983 summitate

1836 2021 2045 2084 martyr
2072 2010 2399 2069 Theodorus
2449 2015 2842 2082 recumbebat;
2886 2018 3042 2074 valde
3095 2033 3334 2089 namque
3363 2033 3420 2075 et

1836 2104 1954 2176 ipse
1987 2105 2426 2176 compatiebatur
2449 2105 2675 2175 patienti
2701 2124 2716 2172 ;
2746 2106 2871 2178 post
2898 2123 3062 2177 quem
3094 2110 3274 2182 Cyrus
3300 2122 3418 2166 erat

1835 2196 2112 2266 egregius,
2159 2194 2425 2251 Joannem
2477 2194 2703 2252 fratrem
2745 2196 3096 2254 dextrorsum
3135 2214 3326 2272 agens,
3365 2211 3419 2255 et

1837 2285 2049 2341 medius
2095 2286 2240 2341 inter
2282 2286 2422 2343 duos
2482 2289 2702 2358 pietatis
2745 2299 3082 2359 certatores,
3137 2309 3246 2349 nou
3293 2295 3417 2350 aliis

1836 2378 2210 2436 schematibus
2249 2389 2487 2444 utentes,
2532 2382 2726 2437 nonin
2773 2383 2971 2440 alienis
3020 2385 3212 2443 formis
3249 2402 3418 2457 appa-

1839 2475 2042 2535 rentes,
2077 2469 2175 2539 sed
2209 2469 2262 2524 in
2293 2472 2492 2541 quibus
2526 2470 2742 2529 fuerant
2767 2482 2820 2529 et
2847 2474 3188 2547 pinguntur;
3220 2487 3274 2534 et
3296 2487 3419 2550 post

1837 2577 1933 2617 eos
1947 2562 2508 2630 reliquainllrmorum
2522 2563 2755 2620 fratrum
2784 2568 3139 2625 recumbebat
3157 2581 3377 2627 caterva
3402 2591 3415 2640 ;

1837 2663 1893 2709 et
1916 2653 2176 2709 omnibus
2212 2656 2444 2723 quidem,
2464 2656 2615 2713 solus
2656 2659 3005 2737 ministrabat
3043 2661 3416 2733 Sophronius,

1837 2744 2076 2802 Joannes
2113 2753 2293 2802 autem
2343 2747 2507 2816 hujus
2557 2748 2821 2821 magister
2848 2752 3005 2822 quasi
3045 2753 3096 2807 in
3135 2755 3420 2813 vicinitate

1840 2837 1991 2893 cellae
2022 2837 2361 2908 praeparabat
2383 2838 2570 2908 dapes;

1912 2927 2155 2996 Cumque
2189 2925 2347 2980 finem
2380 2929 2691 2984 convivium
2737 2933 3100 3004 percepisset,
3134 2942 3189 2992 et
3223 2934 3295 2993 ab
3325 2953 3421 2994 ac-

1842 3015 2029 3067 cubitu
2081 3026 2371 3083 surgentes
2411 3024 2525 3072 tres
2556 3018 2633 3073 illi
2670 3023 2848 3076 sancti
2882 3024 3244 3096 resedissent,
3285 3042 3419 3084 sane

147 3109 429 3179 Θεόδωρος
467 3109 687 3179 εἴρηκεν
709 3125 723 3140 ο
773 3108 1048 3162 Ἀπελθὼν
1070 3109 1224 3164 κάλει
1251 3128 1342 3164 σου
1367 3111 1456 3166 τδν
1487 3112 1738 3167 διδάσκα-

1843 3112 1966 3157 ctus
1998 3104 2064 3159 ad
2112 3102 2482 3175 Sophronium
2517 3107 2838 3168 Theodorus
2874 3114 3052 3173 dixit:
3088 3117 3255 3189 Vade,
3286 3135 3421 3176 voca

146 3201 269 3264 λον,
303 3200 369 3254 ἵν’
403 3201 622 3271 ἀποδῴη
657 3199 840 3271 Κῦρος
877 3203 906 3254 6
936 3202 1090 3270 ἅγιος
1127 3204 1155 3257 ὅ
1183 3221 1234 3257 τι
1266 3203 1309 3257 δ’
1338 3203 1403 3258 ἂν
1448 3205 1595 3275 αὐτῷ
1640 3208 1729 3258 ἐπι

146 3292 443 3362 ορείλεται.
492 3293 549 3345 'U
577 3292 633 3345 δὲ
673 3292 928 3363 δρομαῖος
949 3295 1009 3347 τὸ
1053 3295 1344 3349 κελευσθὲν
1391 3295 1739 3367 διεπράξατο.

167 3384 424 3438 ’ίέᾷλθόντα
453 3384 583 3451 γοῦν
610 3383 702 3437 τὸν
743 3385 995 3455 Ἰωάννην
1023 3385 1206 3457 (τοῦτο
1233 3386 1339 3457 γὰρ
1376 3384 1443 3459 ἦν
1465 3389 1558 3441 τοῦ
1598 3389 1742 3442 διδα-

159 3477 364 3532 σκάλου
386 3477 445 3530 τδ
466 3476 683 3549 ὄνομα),
707 3477 843 3530 Είπὲ
874 3478 1010 3550 πρὸς
1035 3478 1219 3548 αὐτὸν,
1245 3481 1273 3533 6
1309 3479 1518 3550 μάρτυς
1543 3478 1743 3533 Θεόδω-

155 3586 250 3640 ρος
284 3564 455 3634 εἶπεν,
500 3567 556 3621 τί
585 3584 666 3620 σοι
705 3569 972 3637 χρεωστεί
1019 3565 1201 3637 Κῦρος
1230 3569 1258 3620 6
1287 3566 1463 3635 ἅγιος.
1497 3568 1582 3621 ἴνα
1635 3586 1737 3621 7:1-

157 3658 420 3729 ράχρῆμα
441 3656 500 3709 τὸ
526 3658 686 3726 χρέος
719 3657 983 3710 ἐκτίσειεν
1003 3675 1018 3688 ·
1055 3657 1113 3711 '0
1146 3658 1201 3711 δέ
1232 3659 1415 3711 πεσὼν
1441 3659 1534 3712 ἐπὶ
1567 3660 1740 3730 πρόσ-

156 3766 332 3810 ωπον,
368 3747 531 3817 μηδὲν
558 3747 714 3817 ,αὐτῷ
746 3749 1041 3818 χρεωστεῖν
1074 3747 1177 3818 ἔφη
1231 3749 1320 3801 τὸν
1368 3748 1643 3819 μάρτυρα.
1682 3750 1740 3802 Ὀ

154 3842 215 3893 δέ
255 3841 459 3909 μάρτυς
483 3838 778 3909 Θεόδωρος,
803 3839 1027 3903 Πάντως
1058 3839 1221 3908 ἐρεῖς,
1248 3840 1599 3911 ἀπεκρίνατο.
1631 3842 1740 3894 Καὶ

157 3934 323 3986 πάλιν
352 3935 378 3985 ὁ
401 3932 587 4003 Πατὴρ
622 3932 719 4003 τὴν
742 3933 1018 4004 προτέραν
1046 3928 1200 3987 εἶπεν
1220 3933 1531 4004 ἀπόκρισιν.
1573 3934 1659 3998 Ὠς
1684 3935 1739 3988 δὲ

153 4026 320 4079 τοῦτο
374 4025 632 4088 πολλάκις
690 4026 1013 4096 πεποίηκεν,
1060 4025 1158 4079 καὶ
1201 4025 1276 4096 μὴ
1303 4024 1739 4097 παραχωροῦντα

154 4120 253 4171 τὸν
282 4117 434 4185 άγιον
466 4116 683 4183 ἐϐλεπε,
714 4116 849 4170 ἀλλὰ
889 4117 1107 4180 πάντως
1133 4118 1306 4171 εἰπεῖν
1339 4118 1737 4186 ἀναγκάζοντα,

108 4266 113 4270 ,
173 4212 331 4279 Ἐμοὶ
362 4209 458 4279 μέν
482 4208 654 4273 οὐδὲν,
695 4206 821 4278 ἔφη,
866 4210 1167 4279 χρεωστεῖ·
1206 4207 1365 4262 τοῦτο
1393 4208 1449 4262 δὲ
1476 4208 1739 4262 λιτανεύω

158 4303 258 4357 καὶ
287 4301 495 4371 δέομαι,
528 4301 622 4354 καὶ
658 4300 717 4365 ἐξ
746 4301 873 4372 ὅλης
895 4300 1072 4372 ψυχῆς
1098 4299 1371 4371 αἰτοῦμαι.
1406 4301 1499 4354 τὸν
1527 4301 1739 4371 μάρτυ-

163 4413 258 4469 ρα,
290 4394 367 4456 είς
401 4394 499 4463 τὴν
534 4395 726 4449 κέλλαν
765 4394 924 4466 ἡμῶν
975 4395 1077 4466 τὴν
1112 4395 1378 4466 ταπεινὴν
1429 4394 1738 4466 παραγενέ-

163 4486 313 4549 σθαι,
339 4488 558 4540 κάκεῖσε
587 4487 796 4559 συχνῶς
820 4488 968 4559 ἡμᾶς
991 4488 1439 4543 ἐπισκέπτεσθαιο
1467 4489 1560 4541 καὶ
1585 4488 1736 4541 εὐλο-

160 4581 281 4649 γεῖν
309 4580 403 4649 μὲν
436 4580 800 4649 ὑγιαίνοντας,
843 4578 1026 4633 ἰᾶσθαι
1055 4579 1112 4632 δὲ
1143 4579 1531 4656 συνεχομένους
1575 4579 1734 4651 νοσή-

165 4687 331 4742 μασιν
352 4687 363 4698 ·
388 4664 487 4723 Ὧν
522 4670 760 4733 ἀκούσας
788 4669 970 4740 Κῦρος
998 4669 1026 4721 6
1048 4669 1199 4738 ἅγιος
1237 4669 1411 4733 οὕτως
1447 4671 1605 4734 εὐθὺς
1638 4672 1741 4723 ὰπ-

160 4763 433 4836 εκρίνατο·
458 4763 666 4826 Ὄντως
682 4761 933 4833 ἔρχομαι,
947 4760 1113 4825 ὅντως
1134 4761 1385 4831 ἔρχομαι,
1405 4760 1571 4825 ὅντως
1589 4762 1742 4833 ἔρχο-

161 4873 290 4929 μαι,
332 4853 409 4924 τῷ
435 4852 644 4924 τρισοῷ
686 4853 780 4906 τοῦ
813 4854 1201 4924 προσρήματος
1236 4853 1335 4925 τὴν
1369 4853 1519 4923 ίεράν
1575 4852 1740 4907 αὑτοῦ

160 4946 356 5003 ττιῡτού
368 4964 526 5017 μενος
574 4945 792 5014 ἄφιξινο
828 4947 964 5017 ὅπερ
1001 4943 1218 5015 ἀληθῶς
1250 4945 1344 4998 καὶ
1384 4946 1740 5018 πεπλήρωκε,

166 5039 264 5094 καὶ
311 5038 507 5110 πληροί
555 5038 792 5108 συνεχῶς
837 5035 1260 5107 ἀφικνούμενος.
1287 5037 1363 5089 Τὸ
1399 5037 1505 5109 γάρ
1531 5039 1741 5108 Ὤμοσα

166 5134 259 5189 καὶ
286 5131 507 5202 ἐστησα,
550 5131 645 5185 καὶ
675 5129 743 5184 τά
766 5128 1232 5200 διεκπορευόμενα
1265 5128 1353 5182 διὰ
1383 5128 1493 5182 τῶν
1523 5129 1742 5200 χειλέων

172 5242 274 5297 μου
309 5224 409 5277 οὐκ
459 5221 729 5294 ἀθετήσω,
793 5222 963 5291 ἁγίων
1011 5220 1140 5276 ἴδιον
1194 5220 1594 5290 ἐπιστάμενος,
1646 5237 1743 5272 πε-

172 5317 302 5391 ριὼν
334 5317 432 5389 μὲν
461 5318 519 5369 ἐν
553 5318 716 5388 σαρκὶ
747 5315 1073 5387 συχνότερον
1110 5312 1306 5385 ἔψαλλε
1329 5331 1345 5345 ο
1368 5311 1663 5385 χωρισθεὶς
1685 5311 1742 5366 δὲ

171 5410 391 5482 σαρκὸς,
424 5409 514 5463 καὶ
552 5398 687 5480 πρὸς
716 5408 943 5481 οὐρανὸν
972 5406 1240 5472 ἀναπτάς,
1273 5406 1435 5462 πάλιν
1481 5403 1651 5458 ποιῶν
1679 5402 1741 5461 οὗ

166 5503 422 5557 διέλιπεν.
447 5495 556 5556 Καὶ
584 5500 838 5573 Ἰωάννης
861 5501 959 5571 μὲν
987 5502 1016 5554 6
1044 5500 1365 5564 διδάσκαλος
1393 5499 1602 5562 τούτοις
1627 5498 1745 5551 ἐθε-

172 5590 415 5667 ραπεύθη
445 5594 556 5655 τοῖς
604 5592 866 5664 ῥήμασιν,
907 5590 1127 5660 ἔνορκον
1166 5589 1297 5660 περὶ
1342 5588 1452 5642 τῶν
1495 5587 1743 5657 αἰτηθέν-

170 5702 276 5741 των
309 5683 636 5752 ἐπαγγελίαν
657 5681 970 5754 δεξάμενος,

246 5775 308 5831 '0
339 5773 585 5847 μαθητὴς
620 5774 679 5828 δέ
707 5773 896 5829 τούτου
947 5773 1271 5842 Σωφρόνιος,
1316 5772 1477 5835 δότας
1524 5772 1740 5845 ἱλαροὺς

1845 3197 2164 3273 magistrum
2211 3206 2387 3267 tuum,
2432 3208 2491 3255 ut
2538 3202 2729 3258 reddat
2767 3205 2943 3278 Cyrus
2976 3218 3204 3268 sanctus
3246 3214 3424 3284 quod-

1844 3286 2060 3360 cun'que
2114 3291 2191 3345 illi
2241 3292 2422 3348 debet.
2490 3292 2593 3359 Qui
2635 3297 2841 3353 cursim
2891 3300 3037 3370 quod
3080 3301 3295 3372 jussum
3338 3312 3425 3360 est

1842 3383 1970 3453 egit.
2030 3381 2165 3440 Cum
2205 3398 2335 3453 ergo
2380 3381 2620 3440 Joannes
2661 3389 2900 3444 venisset
2945 3392 3073 3461 (hoc
3116 3395 3262 3448 enim
3304 3403 3425 3449 erat

1844 3473 2091 3545 magistri
2124 3478 2368 3547 nomen),
2390 3475 2528 3531 dixit
2556 3477 2622 3532 ad
2656 3493 2781 3533 eum
2820 3491 3028 3553 martyr
3052 3481 3378 3541 Theodorus
3406 3505 3419 3541 :

1844 3563 1941 3619 Dic
1977 3566 2108 3636 quid
2141 3566 2236 3622 tibi
2265 3567 2423 3624 debet
2455 3576 2683 3626 sanctus
2711 3570 2933 3643 Cyrus?
2965 3582 3023 3628 ut
3051 3574 3294 3630 debitum
3314 3585 3424 3633 sta—

1844 3659 1939 3711 tim
1990 3660 2257 3714 exsolvat.
2303 3660 2408 3727 Qui
2443 3662 2647 3719 cadens
2683 3664 2736 3719 in
2782 3664 3001 3731 faciem,
3028 3668 3164 3722 nihil
3198 3669 3303 3725 sibi
3328 3668 3426 3726 de-

1844 3748 1968 3802 bere
2013 3756 2307 3820 martyrem
2358 3752 2454 3806 ait.
2506 3752 2605 3807 Ast
2641 3750 2964 3811 Theodorus
3005 3766 3234 3830 martyr,
3266 3758 3425 3817 Dices

1813 3838 2109 3907 _profecto,
2144 3840 2445 3908 respondit.
2486 3839 2553 3894 Et
2588 3841 2788 3898 iterum
2820 3844 2982 3899 Pater
3007 3846 3243 3915 priorem
3284 3848 3426 3904 dixit
3484 3894 3489 3899 .

1843 3931 2278 4000 responsionem.
2313 3932 2559 4003 Cumque
2581 3933 2685 3989 hoc
2710 3950 2853 4005 saepe
2873 3936 3113 4000 fecisset,
3141 3946 3425 3993 sanctqu-

1800 4046 1805 4051 ’
1840 4038 1948 4093 que
1985 4022 2197 4079 videret
2239 4041 2348 4080 non
2388 4025 2759 4093 desinentem,
2806 4029 2900 4084 sed
2942 4031 3120 4085 modis
3169 4033 3425 4089 omnibus

1840 4115 2025 4171 dicere
2054 4126 2364 4188 cogentem,
2398 4118 2528 4174 Mihi
2560 4122 2782 4191 quidem
2826 4121 2961 4176 nihil
2992 4122 3174 4190 debet,
3202 4125 3421 4195 inquit;

1841 4205 1945 4260 hoc
1998 4213 2179 4261 tamen
2229 4224 2428 4278 precor
2467 4217 2524 4265 et
2570 4211 2827 4278 obsecro,
2875 4220 2929 4269 et
2968 4228 3034 4267 ex
3079 4222 3193 4269 toro
3240 4216 3426 4272 animo

1843 4306 2135 4368 martyrem
2176 4300 2414 4368 postulo,
2449 4308 2509 4355 ut
2544 4301 2598 4356 in
2649 4301 2910 4358 humilem
2950 4304 3143 4359 cellam
3180 4318 3422 4362 nostram

1840 4388 2048 4451 veniat,
2080 4395 2135 4443 et
2160 4389 2273 4446 illic
2304 4405 2405 4447 nos
2436 4392 2780 4462 frequentius
2820 4394 3025 4462 visitet,
3051 4405 3103 4452 et
3134 4398 3427 4468 sauisqui~

1840 4479 1963 4533 dem
1996 4478 2305 4545 benedicat,
2339 4496 2637 4553 oppressos
2665 4500 2793 4540 vero
2812 4500 2842 4539 a
2868 4485 3223 4557 languoribus
3248 4501 3423 4544 sanet.

1843 4567 2057 4634 Quibus
2088 4571 2316 4636 auditis,
2349 4583 2578 4629 sanctus
2616 4574 2795 4645 Cyrus
2829 4591 2957 4629 mox
2992 4576 3068 4628 ita
3108 4579 3420 4644 respondit:

1844 4657 1983 4724 Vere
2006 4662 2183 4727 venio,
2210 4677 2338 4718 vere
2367 4664 2550 4729 venio,
2570 4680 2698 4720 vere
2726 4667 2905 4733 venio,
2936 4670 3080 4721 trino
3105 4669 3424 4738 juramcnto

1843 4761 1896 4806 et
1943 4752 2322 4824 hujuscemodi
2360 4755 2526 4812 aifatu
2556 4774 2777 4814 sacrum
2825 4777 2987 4817 suum
3022 4762 3302 4821 allirmaus
3330 4766 3428 4819 ad-

1844 4847 2268 4916 ventutu;quod
2299 4858 2353 4903 et
2388 4852 2654 4907 veraciter
2693 4852 3032 4922 adimplcvit,
3077 4863 3132 4910 et
3166 4857 3427 4928 adimplet

1844 4939 2208 4993 continuatim
2246 4941 2514 5006 accedens
2550 4942 2776 5012 :juravi
2831 4945 2982 4999 enim
3019 4953 3074 5001 et
3122 4949 3315 5014 statui,
3371 4957 3427 5006 et

1844 5022 1967 5100 quae
2012 5032 2317 5100 procedunt
2356 5049 2452 5104 per
2500 5035 2642 5089 labia
2683 5050 2802 5090 mea
2853 5053 2963 5092 non
3015 5039 3210 5094 faciam
3245 5040 3422 5107 irrita,

1845 5127 2127 5196 proprium
2170 5135 2630 5184 sancturutnesse
2662 5145 2772 5183 non
2800 5131 3090 5199 nesciens;
3123 5134 3270 5203 quod
3299 5149 3431 5201 cum

1846 5227 1990 5273 esset
2019 5219 2239 5288 quidem
2288 5228 2574 5289 superstes
2612 5222 2664 5275 in
2695 5238 2862 5278 carne
2899 5223 3102 5295 jugiter
3135 5225 3425 5296 psallebat,

1844 5326 1969 5365 cum
2004 5322 2184 5366 autem
2223 5323 2509 5382 separatus
2532 5328 2561 5367 a
2593 5330 2760 5370 carne
2788 5315 2855 5370 ad
2892 5316 3090 5372 cmlum
3130 5317 3424 5385 avolasset,

1848 5405 2043 5459 iterum
2078 5404 2259 5460 facere
2292 5421 2399 5460 non
2426 5406 2478 5460 dt
2500 5403 2664 5463 tistit.
2699 5407 2766 5461 Et
2803 5408 3047 5465 Joannes
3073 5411 3296 5481 quidem
3335 5411 3418 5469 illo

1846 5500 2105 5569 magister
2159 5498 2247 5555 his
2284 5500 2529 5571 placatus
2563 5513 2648 5557 est
2690 5503 2890 5569 verbis,
2929 5502 3203 5572 jaratoria
3238 5519 3425 5575 repro-

1846 5592 2109 5647 missione
2132 5592 2201 5648 de
2225 5593 2516 5663 postulatis
2543 5602 2786 5666 accepta.

1919 5774 2232 5845 Discipulus
2283 5784 2465 5834 autem
2498 5777 2666 5849 hujus
2716 5776 3060 5852 SOphronius
3095 5780 3296 5838 hilares
3327 5781 3417 5837 da-
