4002 6316
561 400 696 463 367i

1516 402 1579 462 S.
1620 401 2039 463 SOPHRONII
2070 400 2578 462 PATRIARCHE
2625 377 3026 462 HIEROSOL.

3677 394 3819 463 3672

556 524 703 568 tores
737 520 963 568 sanctos
999 512 1251 577 intuitus,
1292 521 1345 568 et
1375 513 1497 569 ideo
1522 530 1724 571 mensa:
1770 529 2154 586 perseverare,

2241 515 2349 579 ποὺς
2372 517 2560 584 ἁγίους
2593 514 2886 584 θεώμενος,
2938 512 3032 566 καὶ
3076 508 3163 564 διὰ
3224 508 3385 564 τοῦτο
3433 512 3501 581 τῇ
3565 514 3815 588 τραπέζῃ

551 604 923 671 conspiciens,
952 612 1074 672 post
1115 605 1427 658 convivium
1457 605 1724 660 accedens
1765 606 1832 659 ad
1883 606 2132 660 Theodo-

551 708 672 745 rum
705 703 1025 765 martyrem,
1059 695 1401 751 intercedere
1428 712 1529 766 pro
1563 712 1629 751 eo
1660 699 1726 751 ad
1760 697 1965 767 Cyrum
1999 710 2129 750 san-

551 796 698 837 ctum
739 785 976 853 dicebat,
1026 787 1196 841 humo
1225 789 1458 857 positus,
1497 804 1558 843 ac
1587 790 1818 859 genibus
1852 778 2132 844 inclinatis

550 885 602 927 ct
636 876 797 931 collo.
845 877 1017 933 Porro
1049 877 1375 936 Theodorus
1419 882 1680 952 magister
1719 882 1955 936 militum
2002 896 2135 950 sup-

552 968 849 1035 plieatione
897 982 1178 1040 suscepta,
1227 988 1397 1042 penes
1431 971 1634 1043 Cyrum
1683 974 1932 1043 protinus
1967 973 2136 1029 inter-

546 1061 736 1125 cessit,
780 1060 1012 1130 Propter
1050 1062 1599 1129 Dumlnum,dicens,
1634 1073 1689 1119 et
1726 1066 1797 1119 ob
1839 1065 1987 1119 hunc
2016 1080 2136 1119 ser-

548 1167 675 1203 vum
712 1159 863 1205 tuum
893 1168 1139 1221 precare.
1178 1155 1244 1207 At
1276 1155 1365 1209 ille
1391 1156 1554 1210 etiam
1586 1156 1652 1209 ad
1675 1172 1797 1210 cum
1828 1156 2130 1226 respondit;

549 1241 827 1310 etjubens
875 1243 1146 1312 jacentem
1188 1259 1438 1315 surgere,
1478 1257 1559 1300 ter
1598 1247 1753 1318 signo
1796 1247 1976 1301 crucis
2025 1247 2135 1300 cir-

551 1336 872 1404 r-utnsepsit,
910 1335 1107 1404 pollice
1139 1335 1310 1407 digito
1337 1338 1575 1392 dextera:
1607 1354 1803 1393 manus
1834 1338 1977 1392 intra
2006 1352 2133 1408 paro

552 1442 677 1479 vum
734 1427 889 1481 valde
928 1429 1165 1496 spatium
1214 1430 1266 1482 in
1308 1445 1437 1484 aere
1489 1430 1769 1498 signacula
1808 1428 2036 1493 faciens,
2082 1437 2137 1484 et

554 1516 873 1571 benedictus
901 1517 1164 1573 Dominus
1194 1535 1290 1588 per
1332 1519 1762 1589 unumquodque
1793 1520 2133 1589 signaculum

553 1607 765 1670 dicens,
799 1623 917 1676 qua:
946 1609 1297 1676 repromiSsio
1334 1620 1491 1663 erant
1526 1611 2021 1680 appropinquantis
2050 1625 2138 1666 sa—

556 1698 767 1763 nitatis,
807 1714 913 1751 non
937 1699 1108 1768 ipsius
1143 1702 1449 1755 curationis
1471 1703 1679 1756 indicia
1708 1721 1724 1769 ;
1751 1704 1973 1772 quando
1990 1704 2133 1757 enim

556 1791 811 1859 martyris
833 1790 1035 1859 digitus
1069 1792 1351 1861 proximus
1385 1793 1606 1863 quidem
1633 1802 1772 1857 erat,
1798 1795 1889 1848 sed
1924 1797 2134 1862 patien-

555 1880 625 1934 tis
660 1882 847 1936 oculos
881 1897 986 1935 non
1035 1884 1310 1953 tangebat,
1346 1894 1476 1937 tunc
1509 1885 1826 1939 benedictus
1871 1883 2131 1942 Dominus

556 1972 675 2026 solo
701 1972 871 2034 dicto,
908 1972 1140 2027 vicinam
1179 1981 1232 2028 et
1262 1976 1687 2044 subsequentem
1739 1976 2026 2031 sanitatem
2059 1977 2129 2033 si-

558 2064 872 2135 guilicahat.

631 2247 786 2302 Unde
833 2263 954 2304 mox
994 2264 1102 2304 non
1148 2258 1270 2319 post
1302 2250 1505 2306 multos
1554 2252 1672 2307 dies
1730 2259 1997 2323 martyres
2031 2253 2134 2309 So-

556 2340 789 2402 plirouio
848 2340 1046 2393 iterum
1101 2342 1395 2396 dormienti
1444 2355 1728 2412 apparent,
1767 2345 2133 2414 praseedentes

556 2431 883 2499 sponsiones
928 2434 1253 2501 praebentes.
1299 2433 1473 2487 Porro
1520 2436 1781 2505 agebatur
1825 2438 2035 2491 sanitas
2071 2436 2134 2490 li-

554 2524 720 2591 quido
753 2524 854 2578 sie.
888 2524 1201 2580 Dormiebat
1240 2527 1287 2580 is
1324 2528 1416 2596 qui
1446 2544 1594 2582 nunc
1626 2528 1733 2582 ista
1769 2528 1955 2593 refert,
1996 2537 2050 2582 et
2080 2528 2133 2582 in

553 2614 855 2667 oratorium
898 2615 1167 2684 quoddam
1206 2631 1395 2670 eorum
1451 2634 1572 2686 quae
1620 2618 1674 2670 in
1708 2619 1870 2672 domo
1917 2620 2134 2689 propria

553 2715 729 2769 erant,
770 2715 943 2759 semet
983 2704 1189 2759 intrare
1226 2706 1466 2760 videbat.
1516 2708 1621 2772 Qui
1657 2723 1779 2761 cum
1818 2724 1911 2778 per
1951 2709 2131 2779 ipsum

553 2799 680 2852 tis-ii
709 2798 1037 2853 vestibulum
1072 2800 1268 2863 exiret,
1302 2798 1527 2854 Thomas
1559 2802 1806 2870 apostolo
1830 2811 1882 2857 et
1907 2808 2131 2876 martyri

554 2890 890 2943 intrinsecus
934 2888 1130 2944 obvius
1179 2888 1323 2956 fuit;
1374 2900 1422 2944 et
1474 2892 1659 2960 agnito
1704 2902 1898 2949 sancto
1926 2902 2034 2948 tam
2066 2910 2131 2949 ex

552 2981 696 3033 stola
727 2996 778 3033 et
809 2979 1005 3044 forma,
1028 2995 1193 3049 quam
1227 2995 1292 3035 ex
1316 2981 1465 3035 omni
1496 2984 1831 3052 proprietate
1853 2985 2132 3052 quaacirca

554 3073 787 3128 formam
844 3070 1118 3134 consistit,
1172 3073 1442 3127 maturius
1485 3089 1609 3128 eum
1664 3076 2132 3145 amplectebatur;

554 3173 609 3217 et
636 3164 703 3217 de
732 3163 1019 3217 curatione
1055 3162 1230 3233 ipsius
1270 3164 1366 3228 ait,
1400 3166 1845 3234 quandoquidem
1883 3166 2131 3223 Damasci

558 3255 789 3307 virtutes
822 3252 911 3307 hic
951 3255 1151 3309 multas
1203 3254 1467 3320 ostendit,
1520 3264 1573 3309 et
1625 3257 1779 3327 signa
1827 3257 2138 3326 frequentia

553 3352 603 3397 et
635 3340 971 3405 admiranda,
1006 3341 1099 3411 qui
1126 3340 1286 3395 etiam
1319 3339 1609 3411 Sophronii
1643 3343 1863 3397 fratrem
1885 3361 1950 3399 ex
1978 3345 2139 3413 longo

553 3434 713 3488 valde
772 3435 1031 3503 languore
1077 3434 1450 3498 dissolutum,
1523 3445 1574 3490 et
1614 3437 1894 3491 mensibus
1937 3452 2028 3491 sex
2084 3438 2137 3491 in

558 3526 815 3609 passione
860 3523 1171 3591 facientem,
1220 3526 1273 3580 in
1306 3525 1500 3580 diebus
1543 3528 1832 3596 perpaucis
1859 3527 2056 3593 erexit,
2088 3536 2141 3582 et

558 3616 861 3670 honoratur
919 3617 1149 3671 nimium
1226 3630 1452 3688 propter
1505 3619 1618 3672 haec
1689 3633 1720 3672 a
1790 3620 2140 3675 Damascenis

558 3709 860 3778 apostolus,
907 3717 1166 3779 tanquam
1210 3710 1277 3763 ab
1306 3711 1388 3764 eis
1419 3712 1511 3780 qui
1545 3711 1666 3780 ejus
1718 3713 1984 3767 sanitates
2028 3727 2143 3766 me-

556 3812 703 3868 tunt,
731 3811 784 3856 et
814 3801 989 3870 ipsius
1020 3802 1355 3856 vindemiant
1388 3803 1615 3872 gratias.
1658 3803 1829 3868 Quem
1860 3804 2137 3858 inventum

488 3888 495 3895 ’
561 3888 928 3958 Sophronias,
970 3904 1091 3943 cum
1121 3890 1279 3943 fidem
1329 3890 1553 3943 haberet
1584 3890 1638 3943 in
1663 3905 1785 3944 eum
1816 3901 1868 3944 et
1897 3905 2139 3945 amorem

560 3980 911 4042 immensum,
949 3995 1047 4049 pro
1079 3979 1290 4034 visibus
1323 3980 1703 4049 supplicabat;
1734 3996 1859 4036 cum
1892 3983 2005 4038 sive
2035 3981 2141 4053 Cy-

559 4087 652 4125 rus
683 4081 891 4143 martyr
922 4072 1086 4140 hujus
1120 4071 1454 4126 desiderium
1481 4088 1819 4143 cognoscens
1847 4076 1898 4129 in
1923 4086 2143 4145 aposto-

566 4166 679 4216 lum
739 4179 861 4219 sese
910 4164 1353 4233 transﬁguraret,
1388 4164 1502 4220 sive
1538 4169 1720 4235 potius
1744 4165 1983 4222 Thomas
2008 4183 2140 4237 apo-

559 4252 738 4306 stolus
788 4253 1103 4313 exsisteret,
1144 4261 1199 4306 et
1233 4269 1355 4308 cum
1382 4253 1524 4327 Cyro
1560 4267 1796 4326 martyre
1844 4258 2143 4314 coexsiste-

558 4351 662 4403 ret,
691 4343 772 4397 vel
812 4343 918 4395 alia
947 4353 1167 4398 caterva
1207 4347 1528 4418 martyriea,
1563 4349 1964 4404 monachorum
1993 4353 2136 4406 enim

2234 609 2686 679 προσκαρτερεῖν,
2722 607 2839 677 μεθ’
2888 605 3127 659 ἑστίασιν
3182 603 3501 674 προσελθὼν
3548 604 3813 678 Θεοδώρῳ

2232 699 2310 770 τῷ
2348 701 2606 771 μάρτυρι,
2660 698 2986 771 πρεσϐεύειν
3039 697 3181 767 ὑπὲρ
3229 697 3395 750 αὐτοῦ
3441 697 3579 769 πρὸς
3634 699 3811 771 Κῦρον

2234 799 2323 852 τὸν
2354 799 2508 865 ᾶγιον
2535 796 2740 864 ἔλεγεν,
2773 796 2949 865 χαμαὶ
2982 794 3233 862 κείμενος
3258 794 3353 845 καὶ
3398 793 3600 855 γόνατα
3627 794 3811 857 κλίνας

2235 892 2327 943 καὶ
2367 888 2655 959 τράχηλον.
2689 887 2746 941 Ὀ
2780 886 2837 940 δὲ
2874 884 3249 954 στρατηλάτης
3277 883 3553 953 Θεόδωρος
3577 882 3676 952 τὴν
3705 883 3815 935 ίκε-

2234 979 2385 1032 τείαν
2414 978 2727 1046 δεξάμενος,
2761 977 2896 1047 πρὸς
2929 975 3113 1045 Κῦρον
3161 975 3321 1038 εὐθὺς
3381 974 3810 1045 ἐπρεσεεύσατο,

2236 1071 2334 1122 Διά
2360 1069 2451 1122 τὸν
2479 1069 2705 1140 Κύριον,
2722 1068 2915 1135 λέγων,
2948 1068 3042 1121 καὶ
3072 1066 3159 1120 διὰ
3180 1065 3365 1120 τοῦτον
3387 1064 3481 1118 τὸν
3509 1065 3696 1119 δοῦλόν
3722 1084 3811 1120 σου

2237 1162 2637 1232 παρακλήθητι.
2668 1162 2727 1215 '0
2743 1160 2819 1221 δὲ.
2840 1162 2968 1223 Ναὶ,
2993 1160 3128 1231 πρὸς
3154 1159 3311 1213 αὐτὸν
3332 1158 3697 1229 ἁπεκρίνατω
3721 1159 3813 1214 καὶ

2236 1253 2498 1316 κελεύσας
2528 1253 2829 1321 ἀναστῆναι
2853 1255 2943 1305 τὸν
2971 1252 3247 1322 κείμενον,
3270 1251 3454 1319 τρίτον
3492 1250 3572 1321 τῷ
3602 1251 3813 1321 σημείῳ

2236 1343 2330 1397 τοῦ
2378 1342 2612 1414 σταυροῦ
2662 1342 3020 1412 περιέφραξε,
3066 1339 3143 1410 τῷ
3190 1339 3395 1410 λιχανῷ
3439 1339 3692 1409 δακτύλῳ
3716 1343 3814 1408 τῆς

2235 1433 2415 1497 δεξιᾶς
2444 1431 2624 1502 χειρὸς
2650 1435 2715 1485 ὲκ
2752 1431 2949 1501 μικροῦ
3009 1429 3144 1482 πολὺ
3199 1429 3567 1499 διαστήματος
3607 1432 3667 1481 ἐν
3692 1429 3812 1498 ἀέρι

2236 1523 2313 1592 τῷ
2341 1522 2543 1592 μεταξὺ
2579 1522 2675 1585 τάς
2707 1520 3005 1590 σφραγῖδας
3060 1518 3396 1588 ποιούμενος,
3438 1519 3534 1572 καὶ
3558 1519 3619 1571 τὸ
3648 1520 3811 1571 Εὐλο-

2238 1614 2401 1683 γητὸς
2427 1613 2652 1683 Κύριος,
2679 1614 2798 1665 καθ’
2826 1612 3065 1681 ἑκάστην
3098 1610 3366 1680 σφραγῖδα
3408 1609 3777 1680 φθεγγόμενος
3796 1626 3809 1638 ·

2238 1705 2381 1774 ἅπερ
2412 1705 2746 1771 ἐπαγγελίας
2780 1699 2845 1773 ἦν
2877 1686 3203 1772 ἐγγιζούσης
3231 1703 3448 1767 ἰάσεως,
3475 1704 3572 1755 καὶ
3592 1704 3694 1755 οὐκ
3721 1704 3816 1756 αὗ-

2236 1795 2337 1864 ea;
2364 1797 2464 1864 τῆς
2484 1795 2779 1865 θεραπείας
2809 1795 3127 1865 μηνύματα·
3151 1795 3217 1847 Ὅ
3238 1811 3297 1845 τε
3335 1794 3444 1864 γὰρ
3477 1793 3572 1846 τοῦ
3603 1796 3811 1863 μάρτυ-

2237 1904 2327 1957 ρος
2367 1886 2626 1950 δάκτυλος
2661 1888 2828 1948 πέλας
2879 1887 2978 1955 μὲν
3026 1881 3115 1955 ἦν,
3137 1886 3245 1939 τῶν
3282 1886 3339 1940 δὲ
3373 1883 3467 1938 τοῦ
3514 1887 3813 1954 πάσχοντος

2228 1977 2392 2046 ὀφθα)
2410 1977 2526 2045 μῶν
2555 1978 2655 2031 οὺκ
2694 1979 2997 2047 ἐφήπτετο·
3039 1977 3100 2030 τό
3128 1994 3209 2040 τε,
3251 1975 3556 2045 Εὐλογητὸς
3586 1976 3811 2045 Κύριος,

2234 2070 2390 2140 μόνον
2424 2070 2733 2139 λεγόμενον,
2768 2068 2983 2137 γείτονα
3013 2069 3107 2121 καὶ
3148 2066 3443 2121 ἀκόλουθον
3491 2067 3592 2136 τὴν
3642 2068 3810 2136 ρῶτιν

2230 2163 2328 2231 eos
2337 2178 2521 2231 μανεν.
2932 2168 2943 2173 ·

2302 2251 2462 2303 Ὅθεν
2485 2250 2644 2312 εὐθὺς
2673 2247 2767 2302 καὶ
2802 2249 2920 2317 μετ’
2949 2248 3010 2301 οὐ
3053 2247 3251 2310 πολλάς
3297 2247 3509 2316 ἡμέρας
3546 2248 3596 2299 οἱ
3661 2248 3803 2318 μαρ-

2229 2360 2392 2413 τυρες
2442 2341 2737 2412 Σωφρονίῳ
2784 2340 2944 2393 πάλιν
2990 2338 3304 2392 καθεύδοντι
3360 2338 3666 2407 φαίνονται,
3720 2338 3815 2401 τὰς

2234 2432 2609 2504 προλαϐούσας
2638 2431 2973 2500 ὲπαγγελῖας
3009 2431 3341 2500 παρέχοντες
3367 2446 3381 2460 ·
3425 2430 3733 2499 ἐπράττετο
3757 2430 3816 2484 δὲ

2235 2526 2378 2580 οὕτω
2403 2523 2589 2593 σαφῶς
2615 2522 2682 2576 τά
2698 2522 2797 2589 τῆς
2820 2522 3056 2592 ὁράσεως
3076 2535 3091 2549 θ
3130 2517 3449 2572 Ἐκάθευδεν
3472 2518 3500 2569 ὁ
3520 2517 3697 2570 ταῦτα
3725 2516 3817 2571 νῦν

2234 2616 2607 2686 διηγούμενος,
2663 2616 2755 2667 καὶ
2816 2615 2899 2677 είς
2953 2611 3241 2682 εὐκτήριόν
3288 2607 3480 2663 τιτῶν
3527 2608 3673 2661 κατά
3720 2607 3817 2678 τὴν

2235 2708 2442 2761 οίκείαν
2472 2705 2636 2776 μονὴν
2664 2704 2855 2758 ἑαυτὸν
2879 2702 3257 2773 εἰσερχόμενον
3301 2698 3548 2752 ἐὸλεπεν.
3586 2693 3663 2751 Οὗ
3696 2696 3815 2751 κατ’

2236 2801 2368 2855 αὐτὸ
2398 2800 2495 2870 τῆς
2520 2798 2689 2867 θύρας
2720 2798 2778 2849 τὸ
2817 2794 3106 2866 πρόθυρον,
3135 2792 3330 2858 ἐξιόντι
3369 2789 3544 2859 Θωμᾷ
3573 2787 3651 2857 τῷ
3679 2788 3812 2840 ἀπο-

2236 2892 2407 2963 στόλῳ
2440 2893 2533 2945 καὶ
2566 2891 2805 2961 μάρτυρι
2837 2890 2943 2941 τῶν
2970 2886 3117 2939 ἔνδον
3153 2885 3464 2953 ὑπήντησεν
3490 2899 3519 2926 ο.
3555 2883 3649 2934 καὶ
3680 2898 3821 2948 γνω-

2240 2984 2391 3054 ρίσας
2419 2982 2510 3034 τὸν
2545 2980 2699 3049 ἅγιον
2726 2980 2787 3032 ἔκ
2812 2996 2871 3031 τε
2936 2978 3035 3047 τῆς
3067 2974 3287 3044 στολῆς,
3335 2974 3397 3025 ἐκ
3426 2990 3486 3026 τε
3534 2971 3637 3039 τῆς
3692 2987 3821 3042 μορ-

2237 3076 2363 3142 φῆς,
2403 3073 2499 3125 καὶ
2527 3070 2727 3133 παντὸς
2783 3066 2876 3121 τοῦ
2908 3067 3037 3137 περὶ
3088 3064 3186 3135 τὴν
3242 3064 3459 3134 μορφὴν
3508 3060 3819 3130 ἰδιώματος,

2238 3164 2429 3218 θᾶττον
2463 3161 2611 3231 αὐτῷ
2629 3159 3055 3231 προσεπλέκετο,
3085 3157 3179 3210 καὶ
3225 3157 3353 3226 περὶ
3377 3156 3476 3224 τῆς
3522 3154 3822 3225 θεραπείας

2242 3255 2461 3308 ἐδέετο⁸
2526 3253 2820 3322 ἐπειδήπερ
2871 3253 2929 3303 ἐν
2989 3248 3264 3317 Δαμασκῷ
3337 3246 3601 3317 δυνάμεις
3665 3241 3821 3308 οὗτος

2243 3346 2440 3409 πολλὰς
2468 3344 2833 3398 ἐπιδείκνυται
2860 3341 2951 3395 καὶ
2976 3341 3181 3411 σημεῖα
3229 3337 3397 3408 συχνά
3426 3337 3736 3407 παράδοξα,
3763 3336 3822 3400 ὃς

2241 3440 2333 3492 καὶ
2374 3438 2678 3507 παρεθέντα
2728 3435 3038 3505 Σωφρονίου
3097 3432 3187 3486 τὸν
3236 3430 3467 3498 ἀδελφὸν
3516 3432 3583 3483 ὲκ
3609 3429 3820 3499 μακροῦ

2246 3530 2386 3583 πάνυ
2418 3529 2745 3598 νοσήματος,
2780 3527 2876 3580 καὶ
2920 3526 3095 3595 μῆνας
3132 3523 3191 3588 ἒξ
3214 3527 3269 3577 ὲν
3325 3522 3402 3593 τῷ
3460 3521 3625 3576 πάθει
3669 3523 3823 3592 ποιή·

2244 3639 2430 3686 σαντα,
2485 3622 2719 3691 ἡμέραις
2770 3619 2981 3686 ὀλίγαις
3031 3617 3327 3685 ἀνέστησεν
3375 3631 3389 3645 ·
3447 3614 3543 3666 καὶ
3586 3615 3820 3682 τιμᾶται

2249 3713 2520 3781 περιττῶς
2550 3712 2637 3763 διὰ
2684 3711 2852 3764 ταῦτα
2879 3708 3261 3778 Δαμασκηνοῖς
3291 3709 3317 3759 ὁ
3349 3704 3695 3769 Ἀπόστολος,
3748 3702 3824 3765 ὡς

2242 3806 2599 3877 δρεπομένοις
2622 3805 2761 3856 αὑτά
2779 3804 2847 3857 τὰ
2872 3802 3101 3872 ἰάματα,
3141 3801 3235 3852 καὶ
3266 3797 3542 3870 τρυγῶσιν
3564 3795 3732 3849 αὐτοῦ
3758 3794 3825 3848 τε

2243 3898 2553 3968 χαρίσματα
2584 3894 2717 3966 (45).
2751 3895 2845 3948 Ὃν
2867 3891 3117 3962 εὑρηκὼς
3133 3894 3159 3945 ό
3176 3891 3503 3961 Σωφρόνιος,
3521 3890 3617 3942 καὶ
3643 3889 3826 3941 πίστιν

2249 3992 2387 4061 ἔχων
2415 3994 2492 4054 είς
2514 3991 2675 4043 αὐτὸν
2699 3990 2792 4043 καὶ
2818 3989 2981 4042 πόθον
3022 3987 3352 4057 ἀμέτρητον,
3408 3986 3542 4056 περὶ
3588 3985 3698 4037 τῶν
3722 3985 3826 4055 ὀμ·-

2248 4086 2433 4157 μάτων
2468 4085 2727 4147 ἱκέτευεν,
2759 4082 2868 4134 εἴτε
2896 4080 3080 4151 Κύρου
3116 4078 3211 4131 τοῦ
3250 4078 3526 4148 μάρτυρος
3562 4077 3655 4128 τὸν
3696 4075 3823 4131 τού-

2244 4196 2337 4232 του
2375 4179 2537 4230 πόθον
2578 4174 2993 4244 γιγνώσκοντος,
3030 4175 3108 4235 εἰς
3148 4171 3237 4223 τὸν
3280 4170 3606 4223 Ἀπόστολον
3634 4169 3826 4223 ἑαυτὸν
3878 4188 3893 4205 -

2247 4264 2704 4335 σχηματίσαντος,
2734 4261 2842 4313 εἴτε
2904 4259 3078 4328 Θωμᾶ
3120 4256 3320 4327 μᾶλλον
3370 4254 3464 4307 τοῦ
3517 4246 3823 4308 ἀποστόλου

2244 4356 2602 4426 τυγχάνοντος
2629 4354 2721 4405 καὶ
2762 4352 3011 4412 συνόντος
3044 4348 3227 4419 Κύρου
3258 4346 3351 4399 τοῦ
3396 4345 3696 4417 μάρτυρος⁹
3735 4345 3826 4399 χαι,

556 4449 683 4485 eum
713 4432 1009 4488 multitudo
1054 4436 1414 4505 sequebatur,
1453 4438 1797 4506 aliorumque
1824 4449 2138 4497 sanctorum

2247 4447 2363 4516 ἅμα
2389 4446 2486 4514 τῆς
2550 4443 2893 4514 μαρτυρικῆς
2943 4438 3309 4510 όμηγύρεως·
3379 4438 3667 4508 μοναστῶν
3719 4437 3824 4505 γὰρ

557 4522 863 4591 splendidis
898 4526 1317 4581 coruscantium
1343 4528 1605 4582 vestibus.
1657 4533 1725 4581 At
1764 4547 1894 4585 vero
1929 4543 2138 4605 martyr

560 4613 725 4665 simul
763 4612 1068 4684 discipulus
1109 4625 1162 4670 et
1211 4619 1520 4685 apOstolus,
1561 4618 1786 4675 dextera
1839 4638 2000 4677 manu
2043 4640 2139 4679 ex-

560 4714 738 4769 tensa,
772 4712 823 4758 et
856 4706 1051 4774 pollice
1087 4706 1283 4761 iterum
1314 4709 1528 4762 sinistri
1562 4709 1732 4779 digito
1766 4713 1909 4766 oeuli
1948 4715 2132 4784 palpe-

556 4796 687 4850 bras
741 4806 994 4867 tangens,
1032 4798 1193 4852 tertio
1234 4798 1383 4851 illmu
1430 4815 1595 4854 cruce
1630 4801 1833 4856 Christi
1881 4804 2137 4874 signavit.

562 4889 786 4943 ιλιι-ωηο
826 4899 1009 4944 autem
1046 4906 1111 4945 eo
1148 4892 1213 4945 ad
1252 4894 1607 4958 scribentem,
1644 4892 1865 4950 Dimitte
1901 4913 2021 4961 me;
2054 4898 2142 4953 ille

561 4986 724 5032 etiam
762 4988 815 5034 et
846 4980 1097 5035 dextrum
1123 4985 1340 5037 oculum
1366 4985 1584 5056 signare
1617 4987 1978 5056 supplicabat.
2002 4987 2141 5041 San-

560 5083 683 5126 etus
720 5086 845 5126 vero
880 5073 954 5125 nil
987 5073 1136 5127 illum
1173 5076 1303 5129 mali
1342 5075 1544 5131 habere
1587 5078 1899 5147 perhibuit;
1938 5090 1993 5133 et
2041 5081 2144 5133 hoc

556 5166 710 5216 dicto
741 5164 1029 5228 abscessit,
1069 5174 1123 5219 et
1171 5182 1201 5221 a
1236 5168 1525 5223 retinentis
1560 5170 1706 5223 ulnis
1751 5170 2035 5234 dimissus,
2084 5173 2144 5225 li-

566 5270 689 5307 nem
724 5253 921 5309 visioui
958 5254 1157 5312 Olfecit.

2248 4538 2396 4609 αὑτῷ
2516 4536 2715 4604 πλῆθος
2739 4534 3036 4602 παρείπετο
3052 4533 3143 4583 καὶ
3160 4530 3332 4583 ἄλλων
3357 4530 3525 4597 ἁγίων
3555 4529 3825 4599 λαμπροῖς

2244 4629 2663 4699 ἀστραπτόντων
2689 4626 3013 4696 ὲσθὴμασιν.
3033 4623 3090 4675 Ὀ
3118 4622 3175 4675 δὲ
3210 4623 3417 4692 μάρτυς
3441 4620 3578 4690 ὁμοῦ
3610 4622 3704 4674 καὶ
3729 4638 3827 4689 μαι

2246 4720 2415 4787 θητὴς
2476 4718 2570 4771 καὶ
2623 4715 2941 4777 ἀπόστολος,
2992 4712 3089 4782 τὴν
3122 4712 3301 4778 δεξιὰν
3346 4711 3596 4773 ἐκτείνας
3647 4713 3824 4781 χεῖρα,

2248 4813 2340 4864 καὶ
2366 4810 2442 4880 τῷ
2464 4809 2670 4879 λιχανῷ
2698 4807 2857 4860 πάλιν
2918 4806 3168 4874 δακτύλῳ
3219 4803 3327 4857 τῶν
3383 4802 3475 4856 τοῦ
3537 4800 3825 4874 ἀριστεροῦ

2250 4903 2533 4973 ὀφθαλμοῦ
2586 4901 2870 4971 βλεφάρων
2920 4900 3246 4967 ἁπτόμενος,
3293 4896 3475 4965 τρίτον
3523 4894 3688 4946 αὐτὸν
3750 4892 3825 4961 τῷ

2252 4995 2465 5064 σταυρῷ
2513 4993 2606 5046 τοῦ
2657 4990 2893 5062 Χριστοῦ
2940 4987 3399 5057 κατεσφράγισεν.
3436 4985 3735 5040 Ἀπόλυσον
3774 4983 3831 5036 δέ

2256 5106 2343 5157 με,
2376 5087 2511 5156 πρὸς
2552 5085 2641 5136 τὸν
2677 5084 2955 5153 γράφοντα
2982 5081 3227 5148 λέγοντα,
3286 5080 3490 5139 ἐκεῖνος
3536 5077 3700 5129 αὑτὸν
3740 5076 3827 5127 καὶ

2251 5179 2425 5245 δεξιον
2455 5176 2735 5247 ὀφθαλμὸν
2768 5172 3090 5246 σφραγίζειν
3116 5172 3345 5224 ἱκέτευε.
3368 5170 3425 5223 '0
3452 5170 3506 5222 δὲ
3528 5170 3703 5235 Ξγιος,
3732 5185 3835 5237 μη-

2256 5271 2343 5324 δὲν
2374 5268 2519 5338 ἔχειν
2550 5267 2721 5318 δεινὸν
2778 5267 2983 5317 ἐκεῖνον
3030 5261 3336 5332 ἐφθέγξατο
3363 5277 3378 5293 ·
3411 5260 3507 5312 καὶ
3543 5259 3702 5312 τοῦτο
3729 5260 3832 5329 φής

2252 5378 2347 5422 σας
2377 5358 2692 5427 ἀπέδραμεν
2717 5371 2729 5383 ·
2761 5357 2855 5407 καὶ
2903 5353 3012 5406 τῶν
3035 5351 3288 5419 ἀγκαλῶν
3339 5349 3559 5416 ἀφεθεὶς
3589 5347 3679 5399 τοῦ
3706 5363 3834 5398 κατ-

2250 5450 2482 5519 έχοντος,
2521 5446 2695 5516 πέρας
2727 5447 2961 5502 ἐποιεῖτο
2994 5443 3151 5499 τοῦτο
3171 5442 3272 5513 τῆς
3297 5441 3500 5511 ὅψεως.

2091 5609 2317 5666 NOTAE.

646 5714 1176 5799 (alii)apiinmlverte
1224 5725 1373 5799 urbis
1404 5724 1651 5799 Damasci
1688 5724 2015 5796 peculiarem
2075 5744 2204 5799 erga
2238 5728 2507 5784 Thomam
2570 5726 2877 5797 apostolum
2950 5719 3392 5787 venerationem,
3440 5731 3662 5790 propter
3716 5716 3832 5784 ejus

582 5790 747 5842 multa
784 5789 981 5843 ibidem
1007 5801 1221 5861 patrata
1255 5796 1539 5849 miracula.
1600 5866 1603 5867 ν
