3930 6316
94 382 99 385 .
160 328 338 396 3673

1197 333 1299 396 SS.
1340 333 1514 394 CYRI
1550 332 1645 393 ET
1669 331 1991 393 JOANNIS
2029 332 2448 417 MIRACULA.
2486 364 2493 369 ι

3340 324 3480 397 367i

284 444 353 496 '0
372 443 428 496 δὲ
463 441 727 514 στραφεὶς
785 444 924 513 μετᾶ
973 443 1035 497 τὸ
1075 446 1467 517 γεγραμμένον
1528 444 1776 497 ἐνύπνιον

1981 446 2050 499 At
2095 446 2185 502 ille
2240 459 2542 501 conversus
2593 440 2899 499 secundum
2927 438 3096 514 [post]
3143 440 3481 510 descriptum

164 536 380 607 χαρὰν
402 532 549 605 εῖχεν
573 534 710 605 ὁμοῦ
747 533 843 590 κᾶὶ
883 534 1062 607 λύπην
1120 538 1393 609 ἀφόρητον
1418 555 1432 570 ο
1479 538 1654 609 χαρὰν
1696 538 1792 607 μὲν

164 629 269 685 ὅτι
302 629 408 698 τῆς
439 626 546 680 τῶν
582 627 754 695 ἁγίων
788 629 1133 698 ἐπισκέψεως
1180 628 1337 700 ἔτυχε
1372 647 1386 661 ·
1431 628 1609 698 λύπην
1630 629 1686 682 δὲ
1710 630 1792 683 ὅτι

165 719 279 774 τὸν
318 720 480 788 ἅγιον
510 718 776 773 ἀπελθεῖν
824 721 1230 790 συνεχώρησεν,
1268 719 1359 773 τὸν
1407 719 1565 775 ἄλλον
1593 715 1792 787 ὀφθαλ-

172 811 299 882 μὸν
332 812 410 881 μὴ
443 812 822 883 σφραγίσαντα
850 828 863 841 ο
892 811 985 864 καὶ
1011 811 1154 864 οὕτω
1197 811 1555 881 λυπούμενος,
1589 810 1794 874 εὐθέως

171 901 366 955 πάλιν
387 901 717 971 ἀφύπνωσεν
738 919 751 932 ·
782 900 880 955 καὶ
921 901 1175 973 Ἰωάννην
1202 902 1410 965 εὐθέως
1461 902 1554 955 τὸν
1602 901 1787 972 Κύρου

167 991 388 1062 βλέπει
441 992 762 1062 συνόμιλον,
825 992 906 1056 εἰς
985 993 1241 1064 Ἰωάννην
1269 996 1361 1046 τδν
1422 994 1628 1065 ῥήτορα
1697 993 1789 1047 τὸν

169 1086 367 1148 ἀξίως
399 1087 465 1156 τῇ
524 1083 633 1137 τῶν
686 1084 946 1155 ἐπάρχων
976 1084 1104 1154 ἀξίᾳ
1151 1083 1480 1155 τιμώμενον,
1520 1085 1648 1154 περὶ
1682 1083 1787 1153 τῆς

168 1176 299 1229 τῶν
332 1174 507 1244 ἁγίων
533 1175 759 1246 ἀρωγῆς
781 1175 1191 1246 πυνθανόμενον
1214 1192 1230 1207 θ
1268 1177 1432 1251 αὐτὸς
1458 1177 1515 1230 δὲ
1544 1176 1642 1243 τὴν
1664 1178 1786 1230 επί-

174 1267 392 1337 σκεψιν
422 1268 665 1338 εἴρηκεν,
699 1268 792 1320 καὶ
818 1267 894 1330 ὡς
921 1266 1142 1336 ἄχθεται
1162 1267 1249 1320 διὰ
1270 1270 1360 1321 τὶν
1388 1268 1561 1334 δεξιὸν
1585 1267 1789 1337 ὀφθαλ-

177 1360 318 1428 μὶν,
361 1359 459 1412 ἆτε
487 1357 563 1428 μὴ
596 1358 875 1430 σφραγῖδα
904 1357 999 1411 τοῦ
1060 1358 1330 1429 σωτηρίου
1378 1359 1607 1428 σημείου
1632 1356 1787 1422 δεξά-

179 1468 379 1521 μενον,
410 1452 548 1522 μήτε
569 1450 784 1505 τελείαν
808 1450 1069 1521 εἰληφότα
1089 1451 1190 1520 τὴν
1213 1451 1357 1504 ἴασιν
1382 1466 1396 1480 ·
1429 1453 1457 1504 ὁ
1487 1451 1542 1504 δὲ
1572 1452 1787 1521 μάρτυς

174 1542 357 1595 αὑτὸν
390 1542 590 1605 ἱκανῶς
621 1539 991 1613 ἐθεράπευσεν
1024 1539 1216 1606 εἰπὼν,
1258 1540 1334 1604 ὡς
1375 1541 1449 1593 Οὐ
1483 1541 1644 1596 πάθοι
1690 1542 1782 1595 σού

175 1650 234 1685 τι
269 1634 445 1686 κακὸν
465 1632 545 1685 ἔτι
579 1633 649 1686 τὰ
675 1633 921 1704 ὄμματα,
959 1632 1084 1686 οὔτε
1131 1631 1537 1703 ὁσφραγισθεὶς
1587 1632 1785 1701 ὀφθαλ-

185 1724 320 1795 μὸς,
380 1723 503 1777 οὕτε
569 1728 597 1778 ὁ
646 1725 835 1794 μείνας
877 1726 1268 1794 ἁσφράγιστος,
1325 1723 1417 1777 τοῦ
1482 1724 1640 1792 ἁγίου
1689 1725 1783 1779 τὸν

1902 538 2198 599 somnium,
2262 535 2521 607 gaudium
2591 533 2798 604 pariter
2827 533 3187 588 ctlristittam
3247 531 3486 586 habebat

1903 626 2327 685 intolerabilem;
2373 625 2633 696 gaudium
2679 623 2899 693 quidem
2948 612 3209 692 quoniam
3259 631 3479 678 sanctm

1899 733 2020 771 rum
2046 717 2414 771 visitationem
2448 714 2679 784 adeptus
2711 722 2818 778 est;
2850 713 3132 767 tristitiam
3159 727 3313 777 vero,
3346 726 3482 782 quo-

1898 810 2045 864 niam
2079 819 2329 863 sanctum
2377 807 2530 862 abire
2578 805 2850 877 permisit,
2900 820 3022 858 eum
3066 804 3296 859 alterum
3346 818 3482 858 ocu-

1898 902 2008 955 lum
2057 917 2167 954 non
2215 901 2510 971 signasset.
2568 897 2635 951 Et
2667 899 2737 951 ita
2788 897 3060 960 tristatus,
3109 911 3234 949 mox
3279 893 3479 950 iterum

1896 993 2141 1064 vigilavit
2174 988 2576 1064 [obdormivit],
2618 997 2672 1045 et
2704 987 2971 1047 Joannem
3005 1003 3131 1042 mox
3157 987 3284 1059 Cyri
3324 1003 3477 1044 com-

1896 1098 2081 1152 parem
2133 1082 2302 1141 videt,
2334 1081 2389 1134 in
2436 1078 2648 1134 Joanne
2700 1079 2919 1134 rhetore
2973 1079 3138 1149 digne
3190 1078 3479 1149 praefecto-

1896 1189 2016 1228 rum
2091 1174 2359 1243 dignitate
2421 1172 2713 1237 honorato,
2771 1171 2840 1226 de
2905 1183 3222 1226 sanetorum
3271 1173 3479 1228 auxilio

1893 1265 2294 1319 consulentem.
2349 1263 2469 1333 Ipse
2509 1271 2689 1316 autem
2733 1263 3169 1318 consolationem
3211 1263 3372 1331 dixit,
3423 1271 3479 1320 et

1894 1354 2038 1424 quod
2098 1356 2361 1409 molestus
2418 1352 2697 1425 [moestus]
2753 1361 2899 1408 esset
2949 1363 3173 1424 propter
3221 1355 3474 1410 dextrum

1893 1447 2135 1511 oculum,
2169 1455 2358 1516 utpote
2388 1448 2480 1516 qui
2510 1446 2856 1516 signaculum
2891 1448 3156 1502 salutaris
3191 1449 3331 1517 signi
3363 1464 3472 1503 non

1894 1537 2250 1605 suscepisset,
2288 1550 2468 1604 neque
2516 1534 2814 1614 perfectam
2866 1534 3158 1589 sanitatem
3193 1537 3475 1605 percepis-

1893 1639 1994 1684 set.
2035 1628 2239 1699 Μαι-ψ’
2276 1643 2406 1682 vero
2437 1626 2773 1683 sufﬁcienter
2815 1628 3054 1697 placavit
3093 1642 3217 1681 eum
3259 1627 3471 1696 dicens,

1890 1720 2018 1788 quia
2055 1736 2161 1773 non
2195 1721 2272 1773 tui
2305 1704 2527 1790 aliquod
2562 1719 2688 1771 tnali
2720 1719 2994 1788 patientur
3033 1720 3265 1776 ulterius
3301 1723 3467 1783 oculi,

178 1815 474 1885 d;0alp.bv
495 1816 554 1868 ὃν
577 1816 824 1880 δέδοικας
853 1817 928 1886 μὴ
959 1819 1133 1869 νοσεῖν
1152 1808 1448 1885 φήσαντος·
1489 1820 1582 1868 καὶ
1608 1814 1776 1871 ταῦτα

1890 1828 2066 1882 neque
2106 1813 2196 1867 ille
2225 1813 2317 1882 qui
2354 1812 2604 1882 signatus
2643 1820 2729 1866 est
2763 1812 2978 1875 oculus,
3026 1827 3203 1882 neque
3239 1812 3331 1867 ille
3377 1813 3470 1882 qui

191 1905 322 1976 μεθ’
373 1906 553 1975 ὅρκων
610 1906 638 1957 ὁ
683 1906 894 1977 μάρτυς
930 1905 1325 1974 φθεγξάμενος,
1378 1906 1514 1976 πρὶς
1564 1906 1786 1976 μείζονα

182 1998 569 2067 πληροφορίαν
596 1997 688 2050 τοῦ
708 1998 1029 2067 πάσχοντος,
1064 1999 1246 2068 τρίτον
1264 1997 1340 2067 τῷ
1366 1998 1693 2068 στόματιτὸν
1712 2000 1785 2071 μὴ

187 2085 600 2154 σφραγισθέντα
615 2085 915 2156 ὀιρθαλμδν,
932 2088 1117 2156 φησὶν,
1133 2086 1394 2157 κάτεφίλη
1404 2088 1614 2140 σεν·καὶ
1627 2088 1785 2140 τοῦτο

116 2213 123 2216 -
183 2179 422 2251 δράσας,
455 2179 547 2229 καὶ
568 2176 779 2229 τελείαν
811 2176 908 2247 τὴν
931 2175 1097 2246 ρῶσιν
1128 2176 1224 2230 καὶ
1252 2176 1349 2246 τὴν
1365 2177 1523 2247 χάριν
1554 2176 1783 2246 χαρισά-

190 2286 364 2339 μενος
402 2268 616 2334 αἰσίως,
646 2267 806 2321 ἔλυσε
824 2268 884 2321 τὸ
907 2268 1158 2322 ἐνύπνιον
1183 2285 1197 2300 ο
1235 2268 1467 2339 ἐπείπερ
1494 2269 1543 2320 οἰ
1570 2268 1660 2321 τὸν
1674 2268 1782 2321 τῶν

184 2358 331 2412 ὅλων
358 2357 492 2411 Θεὸν
529 2357 638 2411 τῶν
661 2358 862 2411 δόσεων
913 2357 1134 2425 ἀγαθῶν
1169 2359 1267 2411 καὶ
1319 2358 1661 2429 δωρημάτων
1693 2375 1782 2410 τε-

185 2449 356 2503 λείων
386 2450 589 2520 δοτῆρα
630 2448 985 2519 μιμούμενοι,
1011 2446 1236 2511 άτελοῦς
1266 2450 1440 2517 χαρᾶς
1470 2448 1564 2500 καὶ
1601 2448 1774 2521 δωρή-

189 2559 365 2612 ματος
401 2542 556 2596 αὐτοὶ
581 2541 855 2612 διανομεῖς
875 2541 977 2594 οὑκ
1014 2538 1275 2609 ἐγίνοντο.

263 2820 450 2885 Οὕτως
480 2820 612 2889 γοῦν
676 2822 704 2875 ὁ
752 2819 1064 2892 Σωφρὸνιος
1086 2820 1185 2890 τὴν
1219 2820 1330 2873 τῶν
1362 2820 1533 2888 ἁγίων
1563 2818 1773 2890 δωρεὰν

188 2911 582 2981 κομισάμενος,
635 2913 729 2964 καὶ
755 2910 866 2963 τῶν
901 2910 1195 2980 ὀφθαλμῶν
1224 2910 1322 2982 τὴν
1376 2910 1543 2982 ἀχλὺν
1574 2911 1772 2963 ἀποθέ-

194 3020 382 3075 μενος,
447 3003 584 3074 πρὸς
635 3002 732 3070 τὴν
783 3003 1000 3055 πάντων
1034 3002 1253 3072 γραφὴν
1304 3002 1415 3055 τῶν
1469 3001 1773 3072 λεχθέντων

188 3096 512 3166 ἐξώρμησεν
563 3094 698 3165 (id),
764 3094 1119 3164 μνημονεύων
1174 3095 1263 3147 ἀεὶ
1295 3095 1392 3164 τῆς
1437 3094 1632 3158 ἰάσεως
1676 3094 1771 3147 καὶ

126 3232 141 3239 -
187 3187 287 3241 τοῦ
322 3188 500 3256 λόγου,
531 3179 591 3240 οὗ
652 3187 759 3257 πρὸ
806 3187 902 3257 τῆς
935 3185 1156 3258 ῥώσεως
1213 3186 1578 3258 ἐπηγγείλατο
1605 3204 1617 3215 ·
1652 3186 1773 3240 ὅθεν

191 3278 354 3341 εὐθὺς
382 3278 523 3348 μετὰ
544 3279 644 3350 τὴν
673 3280 816 3332 ἴασιν
866 3279 1026 3332 τοῦτο
1083 3282 1324 3335 ποιεῖται
1367 3280 1426 3334 τὸ
1463 3280 1769 3349 σύνταγμα,

191 3373 287 3424 καὶ
313 3373 409 3434 τὰς
437 3371 601 3441 εὐχάς
631 3371 981 3435 ἀποδίδωσιν,
1012 3372 1194 3442 πάσης
1213 3373 1368 3435 ἐκτὸς
1402 3372 1769 3441 ὑπερθέσεως,

190 3467 291 3533 τὴν
323 3466 401 3526 εἰς
431 3465 591 3516 αὑτὸν
641 3465 878 3534 σπουδὴν
908 3467 1015 3518 τῶν
1066 3466 1235 3535 ἁγίων
1274 3466 1609 3535 μιμούμενος
1630 3480 1642 3493 ’
1680 3465 1774 3517 καὶ

188 3555 298 3607 τῶν
319 3553 448 3625 παρ’
482 3554 630 3624 αὐτῴ
683 3556 1007 3624 γραφέντων
1063 3556 1252 3609 ἑαυτὸν
1295 3555 1481 3621 ἔταξεν
1521 3556 1770 3626 ἔσχατον,

191 3646 269 3704 ὡς
321 3646 536 3698 πάντων
571 3647 853 3709 ἐλάττονα,
918 3647 1010 3700 καί
1075 3648 1422 3717 μαρτυρικῆς
1477 3648 1773 3716 θεραπείας

190 3734 424 3799 ἀνάξιον,
450 3732 517 3807 ἦς
548 3739 779 3790 αἰτεῖται
805 3737 892 3791 διὰ
920 3737 1035 3807 βίου
1061 3739 1159 3807 τὴν
1191 3739 1427 3807 μέθεξιν,
1453 3739 1540 3792 ἐπ’
1571 3740 1773 3808 ἀμφοῖν

193 3831 398 3903 βαίνειν
431 3831 612 3903 ψυχῆς
640 3850 699 3885 τε
734 3835 829 3886 καὶ
856 3833 1130 3904 σώματος,
1169 3837 1263 3888 καὶ
1315 3834 1498 3903 πάσης
1547 3834 1773 3904 λυτροῦ-

197 3923 320 3976 σθαι
343 3923 780 3996 δυσχερεστέρας
812 3927 1157 3996 συμϐάσεως.

263 4014 443 4066 Ταῦτα
473 4016 623 4085 ὑμῖν,
682 4009 726 4068 ὦ
749 4016 899 4087 Κῦρε
923 4018 1016 4070 καὶ
1062 4018 1283 4087 Ἰωάννη
1343 4021 1627 4100 μακάριοι³
1654 4023 1771 4074 Σω-

193 4107 402 4177 φρόνιος
426 4107 645 4178 γράψας
678 4108 981 4176 ἀνέθηκεν·
1018 4111 1190 4164 ταῦτα
1237 4113 1386 4180 ὑμῖν,
1454 4108 1498 4166 ὦ
1533 4112 1770 4184 Χριστοῦ

190 4197 284 4251 τοῦ
317 4199 564 4270 Σωτῆρος
598 4199 952 4271 θεράποντες,
990 4203 1172 4273 καύτῴ
1191 4206 1434 4276 σωτῆρες
1468 4207 1767 4275 γενόμενοι,

190 4290 514 4360 προσφέρειν
545 4292 868 4363 ἐτόλμησεν,
910 4295 969 4346 τὸ
1001 4295 1224 4366 θαρρεῖν
1272 4298 1402 4367 παρ’
1448 4299 1575 4368 ὑμῖν
1627 4297 1775 4368 εἰλη-

194 4384 323 4453 ιίὼς,
362 4386 455 4436 καὶ
484 4385 580 4454 τῆς
612 4387 931 4456 προσφορᾶς
957 4387 1208 4455 ἀρωγοὺς
1262 4389 1407 4459 ὑμᾶς
1455 4390 1770 4460 ποιησάμε-

192 4491 279 4537 νος
304 4491 316 4503 .

197 4568 421 4638 ςορῆσαι
445 4569 807 4641 τεθάρρηκεν,
839 4572 900 4623 ού
933 4571 1042 4623 τῶν
1073 4573 1153 4634 εἰς
1184 4573 1345 4624 αὐτὸν
1366 4573 1584 4642 δωρεῶν
1621 4576 1766 4644 ὑμᾶς

194 4658 569 4729 ἀμειϐόμενος,
607 4661 724 4714 ἀλλ’
779 4662 1058 4730 εὐφημίας
1084 4662 1259 4716 ταῦτα
1314 4664 1532 4735 γραφὴν
1580 4665 1764 4733 ὁριζό-

199 4769 367 4824 μενος,
427 4754 525 4822 τῆς
593 4752 690 4822 μὲν
746 4753 939 4805 ἑαυτοῦ
993 4755 1415 4824 εὐγνωμοσύνης
1459 4754 1519 4807 τὺ
1562 4755 1763 4825 θερμὸν

196 4841 603 4909 ἀναγγέλλοντα,
642 4844 817 4911 πάντη
865 4842 921 4894 δὲ
968 4843 1066 4910 τῆς
1132 4842 1285 4910 ὑμῶν
1343 4843 1764 4913 μεγαλειότητος

194 4932 581 5001 ἐλαττούμενοι·
614 4932 908 5004 ἀλλ’ὐμεῖς
970 4934 1110 4987 αὐτὰ
1171 4933 1261 4985 καὶ
1304 4933 1548 5002 δέχοισθε
1595 4951 1765 5004 προσ-

195 5026 348 5097 ηνῶς,
408 5028 503 5079 καὶ
558 5026 923 5097 φιλανθρώπῳ
998 5026 1247 5096 βλέποιτε
1303 5009 1595 5096 βλέμματι,
1671 5027 1763 5080 καὶ

194 5116 379 5185 δαψιλῆ
420 5118 581 5187 χάριν
630 5118 813 5179 αὐτοῖς
851 5118 1145 5187 ἐπιχέοιτε,
1205 5118 1291 5171 ἵνα
1350 5119 1423 5188 μὴ
1464 5119 1531 5171 δι’
1580 5118 1763 5172 αὐτῶν

198 5209 342 5277 ὑμεῖς
370 5206 795 5278 καθυϐρίζησθε,
834 5210 881 5260 εἰ
914 5209 1011 5277 τῆς
1042 5207 1191 5272 θείας
1242 5208 1764 5279 ὲπιχρωματώσεως

197 5297 593 5369 ὀρφανίζοιντο·
651 5300 815 5353 αὐτὸν
854 5299 912 5353 δὲ
964 5300 1038 5362 ὡς
1070 5301 1254 5354 δοῦλον
1312 5304 1548 5371 ἀχρεῖον,
1604 5301 1699 5353 καὶ
1737 5300 1765 5352 ὃ

199 5394 360 5446 ποιεῖν
412 5389 611 5459 ῶφειλε
667 5393 1013 5461 πεποιηκότα
1082 5393 1490 5463 προσδέχοισθε,
1547 5393 1637 5445 καὶ
1689 5392 1764 5455 ὡς

194 5483 468 5559 χρεώστην
500 5484 824 5554 εὐγνώμονα
853 5484 1089 5549 δέξοισθε
1116 5502 1129 5516 ο
1160 5487 1254 5539 καὶ
1306 5486 1638 5558 συγγνώμης
1668 5489 1762 5540 αύ-

1891 1904 2153 1959 remansit
2182 1904 2360 1957 minus
2389 1903 2661 1973 signatus,
2707 1910 2902 1958 sancto
2935 1919 3043 1958 non
3078 1903 3468 1960 infirmandum

1888 1996 2105 2049 oculum
2138 2009 2297 2064 quem
2336 1994 2534 2048 metuis
2558 2003 2865 2050 astruente.
2910 1995 2976 2050 Et
3007 1997 3122 2052 haec
3157 2012 3282 2052 cum
3310 1998 3469 2068 jura-

1888 2086 2086 2139 mentis
2134 2093 2343 2156 martyr
2381 2086 2601 2153 affatus,
2640 2088 2707 2141 ad
2743 2089 3008 2157 majorem
3035 2089 3468 2147 satisfactionem

1887 2179 2164 2248 patientis,
2215 2189 2297 2234 ter
2330 2195 2428 2235 ore
2460 2182 2617 2252 quasi
2663 2184 2884 2236 oculum
2932 2184 3026 2251 qui
3065 2183 3316 2255 signatus
3358 2200 3469 2240 non

1888 2268 2062 2324 fuerat
2115 2272 2399 2326 osculatus
2459 2281 2564 2339 est,
2621 2282 2676 2327 et
2733 2274 2837 2328 hoc
2894 2284 3051 2344 gesto
3114 2277 3469 2347 perfectaque

1884 2361 2140 2423 sanitate,
2175 2377 2239 2415 ac
2278 2363 2479 2429 gaudio
2502 2363 2742 2419 secunde
2772 2365 2994 2429 collato,
3029 2367 3305 2421 somnium
3350 2370 3467 2424 sol-

1883 2453 1995 2515 vit;
2056 2455 2312 2523 quoniam
2372 2456 2462 2524 qui
2522 2456 2902 2511 universorum
2968 2456 3159 2523 Deum,
3211 2459 3465 2515 datorum

1882 2546 2209 2615 optimorum
2248 2556 2302 2603 et
2338 2549 2611 2602 donorum
2644 2550 3012 2618 perfectorum
3052 2550 3299 2607 datorem
3336 2555 3466 2608 imi-

1882 2648 2091 2702 tantur,
2136 2640 2240 2710 ipsi
2299 2640 2608 2708 imperfecti
2656 2642 2842 2712 gaudii
2892 2658 2957 2698 ac
2996 2642 3125 2699 doni
3174 2645 3464 2715 largitores

1789 2766 1803 2777 .
1880 2744 1988 2783 non
2024 2729 2265 2785 fuerunt.

1954 2820 2033 2874 lta
2076 2835 2207 2888 ergo
2245 2821 2595 2891 Sophronias
2645 2831 2967 2879 sanctorum
2999 2825 3296 2882 donatione
3339 2842 3462 2899 per-

1877 2923 2056 2982 cepta,
2116 2916 2405 2969 oculorum
2464 2916 2994 2989 abiecta-caligine,
3052 2922 3298 2976 onmium
3337 2936 3459 2992 quae

1876 3002 2020 3057 dicta
2051 3012 2179 3057 sunt
2204 3005 2532 3075 scripturam
2559 3021 2787 3064 exorsus
2818 3015 2943 3073 est,
2976 3025 3289 3068 memorans
3312 3013 3463 3084 jugi-

1875 3105 1959 3150 ter
2002 3097 2273 3164 sanitatis,
2315 3104 2369 3152 et
2411 3098 2554 3167 quod
2597 3109 2723 3155 ante
2768 3100 3058 3155 sanitatem
3108 3104 3459 3173 promiserat.

1879 3183 2033 3240 Unde
2075 3201 2199 3241 mox
2242 3196 2365 3257 post
2396 3189 2688 3243 sanitatem
2732 3191 2836 3245 hoc
2887 3192 3015 3246 facit
3061 3185 3457 3264 commentum,

1876 3287 1928 3333 et
1964 3287 2084 3333 vota
2117 3281 2295 3335 reddit
2330 3282 2539 3349 absque
2567 3282 2716 3335 omni
2745 3284 3031 3349 dilatione,
3068 3288 3120 3339 in
3153 3302 3210 3343 se
3256 3287 3460 3344 factum

1877 3382 2193 3426 sanctorum
2235 3372 2477 3427 studium
2505 3372 2790 3442 imitatus;
2841 3386 2895 3431 et
2939 3379 3186 3433 omnium
3235 3395 3316 3444 se,
3365 3382 3457 3450 qtti

1877 3464 2067 3532 scripti
2138 3464 2389 3529 fuerant,
2474 3465 2833 3520 novissimum
2905 3468 3205 3533 ordinans,
3271 3478 3459 3540 utpote

1875 3555 2117 3607 omnium
2177 3555 2565 3618 minimum,et
2608 3557 2902 3628 martyr-ica
2966 3561 3253 3616 Curatione
3317 3562 3461 3617 indi-

1875 3662 2064 3716 gnum.
2104 3645 2281 3715 Cujus
2332 3649 2573 3717 postulat
2625 3665 2722 3720 per
2767 3651 2935 3703 vitam
2983 3651 3457 3723 participationem

1876 3740 1929 3792 in
1986 3747 2218 3807 utroque
2273 3741 2610 3806 habendam,
2648 3742 2829 3795 anima
2861 3743 3068 3798 scilicet
3113 3755 3167 3799 et
3205 3760 3455 3816 corpore,

1875 3841 1928 3889 et
1959 3836 2026 3889 ab
2052 3835 2199 3889 omni
2223 3833 2514 3889 difliciliori
2554 3835 2775 3889 liberari
2805 3843 3026 3890 eventu.

1948 4016 2074 4070 "mc
2100 4017 2276 4080 vobis,
2320 4030 2352 4068 ο
2376 4015 2517 4086 Cyre
2544 4030 2609 4070 ac
2638 4012 2879 4071 Joannes
2907 4017 3070 4079 beati,
3108 4016 3455 4087 Sophronias

1875 4122 1998 4161 cum
2030 4107 2253 4177 scripsit
2280 4106 2513 4161 exsolvit
2546 4124 2560 4171 ;
2597 4106 2710 4160 haec
2753 4107 2931 4170 vobis,
2960 4123 2994 4162 ο
3020 4109 3227 4163 Christi
3262 4108 3453 4164 famuli

1878 4199 2204 4263 Salvatoris,
2238 4198 2330 4268 qui
2377 4206 2429 4253 et
2460 4197 2507 4251 ei
2530 4198 2664 4253 estis
2691 4198 2993 4255 salvatores
3031 4199 3230 4263 effecti,
3256 4200 3454 4257 offerre

1875 4292 2245 4363 praesumpsit,
2280 4290 2557 4346 confidere
2597 4306 2626 4345 a
2660 4290 2817 4345 vobis
2858 4292 3159 4361 accipiens,
3201 4302 3255 4347 et
3301 4294 3456 4349 obla-

1878 4384 2046 4439 tionis
2087 4399 2186 4437 vos
2212 4383 2570 4451 opitulatores
2600 4382 2857 4439 efficiens.
2891 4382 3018 4438 llaec
3040 4384 3194 4439 vobis
3230 4384 3451 4453 offerre,

365 4474 536 4527 ταῦτα
586 4478 730 4546 ὑμῖν,
772 4471 816 4529 ὦ
858 4480 1136 4531 θεσπέσιοι
1193 4481 1488 4550 μάρτυρες,
1553 4498 1766 4551 καρπο-

1884 4489 1905 4527 a
1934 4474 2135 4544 egregii
2163 4482 2454 4543 martyres,
2486 4487 2655 4527 ausus
2687 4483 2772 4527 est
2801 4490 2816 4540 ;
2842 4489 2949 4528 non
2978 4475 3298 4531 muneribus
3326 4492 3447 4546 vos,

1870 4583 1991 4638 qttae
2028 4568 2080 4620 in
2124 4581 2184 4621 se
2233 4568 2514 4635 patrastis,
2572 4581 3021 4635 recompensans,
3054 4568 3150 4623 sed
3177 4569 3354 4626 laudis
3385 4587 3450 4626 ea

1867 4660 2047 4715 facere
2091 4658 2357 4727 scriptum
2399 4656 2685 4722 definiens,
2726 4673 2847 4727 quae
2877 4659 3073 4729 partim
3110 4662 3329 4730 quidem
3352 4663 3450 4718 de-

1867 4752 2103 4807 votionis
2152 4765 2265 4806 sua:
2311 4748 2652 4819 flagrantiam
2694 4752 2970 4818 nuntiant,
3017 4755 3243 4815 omnino
3270 4764 3450 4810 autent

1868 4842 2299 4913 magnitudinem
2369 4849 2606 4896 vestram
2667 4850 2987 4898 extenuant.
3036 4844 3141 4900 Sed
3177 4861 3273 4902 vos
3302 4862 3364 4901 ea
3395 4856 3451 4904 et

1866 4937 2101 5005 benigne
2123 4935 2366 5004 recipite,
2403 4942 2456 4988 et
2485 4933 2829 4989 misericordi
2854 4937 3017 4991 oculo
3033 4938 3447 5008 contemplami-

1865 5028 1946 5089 ni,
1972 5037 2027 5080 et
2051 5029 2256 5096 largam
2278 5027 2369 5080 'eis
2401 5024 2661 5081 effundite
2684 5027 2937 5096 gratiam,
2965 5044 3032 5084 ne
3053 5044 3148 5083 vos
3168 5045 3265 5099 per
3286 5045 3349 5085 ea
3367 5031 3447 5086 in-

1860 5119 2064 5188 juriam
2084 5120 2388 5189 patiamini,
2409 5119 2453 5174 si
2476 5120 2654 5173 divina
2681 5127 2859 5174 vestra
2883 5120 3219 5175 coloratione
3246 5120 3451 5177 fuerint

1873 5209 2156 5265 destituta.
2186 5209 2367 5280 Ipsum
2403 5217 2584 5265 autem
2642 5218 2898 5279 tanquam
2929 5225 3146 5265 servum
3179 5212 3446 5279 inutilem,

1872 5311 1923 5354 et
1957 5300 2105 5370 quod
2142 5300 2322 5355 facere
2353 5300 2546 5356 debuit
2577 5300 2868 5357 facientem
2892 5304 3175 5373 suscipite,
3208 5314 3262 5360 et
3281 5307 3447 5362 veluti

1872 5394 2168 5447 debitorem
2201 5393 2454 5448 devotum
2504 5394 2794 5460 admittite,
2834 5406 2887 5451 et
2929 5399 3086 5451 venia
3112 5398 3167 5453 in
3202 5398 3287 5454 his
3320 5415 3447 5455 eum

1873 5483 2034 5540 facile
2084 5485 2331 5554 dignum,
2387 5500 2583 5542 sensus
2614 5486 2735 5558 ejus
2784 5487 3139 5558 exiguitatem
3186 5491 3445 5547 scientes-

1746 5665 1977 5722 ΝΟΤίΕ.

260 5753 364 5826 (ει)
403 5752 602 5810 Confer
647 5754 943 5826 Sophronii
990 5758 1378 5823 lmefationcm.

3530 1314 3567 1352 \
