3930 6316
1350 384 1449 444 DE
1481 386 1585 447 SS.
1623 384 1815 445 CYRO
1845 387 1938 446 ET
1968 386 2281 449 JOANNE.

3313 387 3450 451 3678

1204 660 1354 714 ΒΙΟΣ
1380 662 1500 716 ΚΑΙ
1548 664 1874 717 ΠΟΛΙΤΕΙΑ
1904 663 2025 717 ΚΑΙ
2055 664 2462 718 ΜᾹΡΤΥΡΙΟΝ

531 776 651 830 ΚΑΙ
679 777 952 833 Μ-ΕΡῙΚΗ
980 780 1115 835 ΤΩΝ
1150 779 1533 834 ΘΑΥΜΑΤΩΝ
1552 779 1867 833 ΔΙΗΓΗΣΙΣ
1902 780 2041 834 ΤΩΝ
2079 780 2285 834 APION
2336 781 2649 837 ΕΝΔΟΞΩΝ
2700 783 3118 838 ΑΝΑΡΓΥΡΩΝ

1142 924 1521 1013 ΚΥΡΟΥ
1673 924 1881 1019 ΚΑΙ,
1998 921 2527 1014 ΙΩΑΝΝΟΥ.

1044 1182 1223 1243 νΙΤΑ
1259 1184 1356 1244 ΕΤ
1395 1184 1921 1247 CONVERSATIO
1981 1185 2077 1245 ET
2150 1163 2619 1246 MARTYRIUM

199 1296 302 1356 ET
336 1296 744 1357 PARTIALIS
769 1297 1164 1359 NARRATIO
1201 1301 1774 1362 MIRACULORUM
1820 1299 2279 1363 SANCTORUM
2330 1301 2814 1363 ILLUSTRIUM
2879 1303 3459 1396 ANARGYRQRUM

1267 1448 1541 1537 CYRI
1622 1448 1773 1536 ET
1843 1446 2357 1538 JOANNIS

267 1719 340 1766 α’.
396 1712 456 1763 '0
500 1711 789 1782 Θεαρχικδς
834 1715 969 1784 ἡμῖν
1018 1716 1209 1783 Λόγος,
1255 1719 1287 1786 ἠ
1339 1718 1508 1781 ὅντως
1553 1718 1781 1789 ἀλήθεια

1947 1720 2001 1773 1.
2024 1716 2249 1773 Divinos
2272 1716 2426 1772 nobis
2448 1732 2648 1779 sermo,
2670 1718 2759 1785 qui
2791 1733 2919 1773 vere
2942 1720 3143 1775 veritas
3173 1729 3279 1784 est,
3301 1722 3460 1776 Chri-

193 1800 435 1871 Χριστὸς
478 1803 505 1854 6
550 1802 682 1865 Θεὸς
740 1803 916 1873 ἡμῶν,
967 1808 1024 1859 ἐν
1072 1807 1427 1875 Εὖαγγελίοις
1483 1809 1781 1880 διαρρήδην

193 1892 459 1962 κηρύττει
490 1893 684 1957 οὕτως’
715 1896 901 1949 Πάντα
932 1896 1132 1952 δυνατὰ
1162 1899 1241 1970 τῷ
1273 1901 1603 1954 πιστεύοντι.
1632 1900 1780 1953 Παῦ-

193 1983 287 2046 λος
321 1983 377 2035 δὲ
415 1984 567 2052 ἡμῖν,
605 1984 709 2053 τῆς
744 1985 1109 2055 ἀποστολικῆς
1148 1990 1176 2039 6
1228 1988 1405 2058 κήρυξ
1453 1988 1775 2059 ἀκρότητος,

191 2074 365 2126 αὐτοῦ
397 2073 490 2126 τοῦ
522 2075 757 2144 Χριστοῦ
784 2075 982 2146 δηλαδὴ
1017 2076 1305 2140 λαλοῦντος
1352 2080 1410 2130 ἐν
1444 2077 1622 2148 ἑαυτῷ
1686 2077 1777 2129 Oe-

190 2167 438 2229 σπεσίως
466 2165 584 2237 βοᾷ,
603 2166 700 2236 τὴν
731 2167 920 2220 ἐλπίδα
950 2169 1024 2238 μὴ
1056 2169 1461 2239 καταισχύνειν⁹
1488 2171 1625 2241 πρὸς
1649 2169 1776 2222 τού-

188 2274 310 2318 τοις
333 2256 531 2324 ἡμᾶςή
556 2255 746 2327 ἀγάπη
776 2256 868 2308 τοῦ
894 2258 1304 2325 ἀγαπήσαντος,
1336 2258 1431 2309 καὶ
1454 2257 1595 2328 ὑπὲρ
1618 2256 1776 2326 ἡμῶν

190 2345 388 2400 ἑαυτὸν
404 2346 602 2410 δόντος,
630 2346 793 2400 πάλιν
817 2346 1003 2411 αὑτοῦ,
1025 2365 1098 2415 φη
1108 2348 1188 2417 μὶ,
1212 2347 1307 2399 τοῦ
1331 2348 1484 2413 Σωτῆ
1495 2347 1771 2416 ροςήμῶν,

188 2437 280 2490 διὰ
338 2438 437 2503 τῆς
481 2436 591 2488 τῶν
648 2436 942 2506 μαρτύρων
988 2437 1262 2500 πολιτείας
1310 2438 1403 2491 καὶ
1452 2439 1775 2501 ἐπιστασίας

189 2527 589 2598 ὲπεθὰῤῥυνεν,
624 2530 737 2589 τοῖς
771 2528 908 2598 ὑπὲρ
964 2529 1111 2598 ἡμᾶς
1158 2530 1471 2595 ἐπαφεῖναι,
1518 2528 1613 2582 καὶ
1662 2527 1775 2596 βίον

188 2614 306 2673 οἶόν
332 2636 389 2671 τε
425 2621 598 2671 εἰπεῖν
626 2618 733 2671 τῶν
765 2619 934 2687 ἁγίων
966 2619 1149 2688 Κύρου
1186 2619 1279 2673 καὶ
1326 2601 1577 2672 Ἰωάννου
1617 2637 1774 2690 μερι-

190 2711 328 2774 κῶς,
360 2712 425 2763 ἐκ
462 2710 662 2763 πολλοῦ
702 2711 861 2764 τοῦτο
910 2712 1265 2782 ἐφιεμένους·
1308 2712 1503 2765 ταυτὸν
1542 2711 1598 2765 δέ
1628 2713 1774 2765 ἐστιν

190 2805 374 2857 εἰπεῖν
406 2802 702 2871 πολιτείαν,
733 2804 870 2858 ἀλλά
895 2821 958 2872 γε
993 2806 1084 2858 καὶ
1110 2803 1208 2873 τὴν
1238 2803 1377 2873 ὑπὲρ
1406 2804 1642 2871 Χριστοῦ
1678 2801 1771 2855 τοῦ

116 2894 121 2897 ’
189 2894 329 2946 θεοῦ
393 2895 551 2964 ἡμῶν
606 2895 864 2964 λαμπράν
912 2913 971 2948 τε
1027 2894 1208 2950 αὐτῶν
1255 2896 1351 2948 καὶ
1399 2894 1771 2965 ὑπερκόσμιον

189 2985 425 3052 ἄθλησιν
445 2998 458 3011 ·
492 2985 586 3038 καὶ
616 2986 681 3055 δὴ
716 2985 1011 3054 θαυμάτων
1043 2985 1213 3056 ἤγουν
1245 2985 1443 3038 ίάσεων
1480 2983 1676 3051 ὀλίγων
1706 2988 1770 3036 ἐκ

190 3076 429 3136 πολλῶν,
480 3069 554 3129 ὧν
600 3079 759 3148 ἡμεῖς
794 3078 1057 3130 αὐτόπται
1090 3079 1186 3130 καὶ
1229 3078 1496 3148 ὑπηρέται
1545 3076 1771 3143 γεγόνα-

193 3184 299 3238 μεν
328 3169 431 3236 (i);
455 3168 590 3222 ἀλλὰ
618 3170 710 3221 καὶ
735 3169 903 3237 ἐσμὲν
928 3168 1045 3239 θείᾳ
1068 3169 1271 3238 χάριτι,
1296 3167 1502 3221 τούτων
1522 3166 1776 3236 λαχόντες

189 3261 329 3331 πρὸς
347 3261 639 3330 σωτηρίαν,
662 3262 710 3313 oi
730 3260 977 3313 τελωνῶν
1000 3260 1257 3314 τελωνὸτε
1269 3278 1369 3328 ροι,
1398 3276 1502 3330 μνη
1513 3257 1779 3328 μονεύσω·

195 3369 296 3422 μεν
327 3354 464 3421 πρὸς
492 3352 591 3421 τὴν
618 3350 728 3403 τῶν
761 3352 1198 3421 ἐντυγχανόντων
1229 3352 1515 3419 ὠφέλειαν.

265 3441 334 3511 β’.
376 3443 556 3510 Κῦρος
590 3436 682 3495 οὗν
707 3443 733 3494 6
764 3442 1004 3511 ἀοίδιμος
1036 3442 1243 3505 πόλεως
1282 3442 1382 3511 μὲν
1412 3444 1657 3514 ὑπῆρχεν
1680 3445 1776 3513 τῆς

195 3534 462 3604 μεγίστης
508 3534 857 3604 Ἀλεξάνδρου
883 3534 1137 3603 πολίτηςο
1172 3535 1236 3587 ἐκ
1281 3535 1443 3588 τίνων
1485 3535 1541 3589 δὲ
1583 3536 1684 3605 ἔφυ
1715 3538 1776 3590 τὸ

194 3626 337 3708 xuii
369 3627 564 3697 σάρκα,
592 3627 691 3679 οὐκ
723 3625 912 3695 ίσμενο
946 3630 1011 3696 τῇ
1041 3626 1097 3678 δὲ
1130 3630 1475 3698 πνευματικῇ
1522 3631 1775 3700 γεννήσει

193 3717 415 3787 Πατέρα
446 3718 545 3786 μὲν
575 3720 665 3771 τὸν
694 3718 825 3771 Θεὸν
854 3718 1012 3788 ἔχων,
1044 3719 1135 3771 τὸν
1164 3719 1232 3771 δι’
1263 3718 1455 3783 ὓδατος
1489 3722 1652 3773 αὑτὸν
1680 3725 1774 3776 καὶ

192 3812 337 3868 [Iusti
347 3827 513 3878 ματος
535 3811 803 3880 ἀναγεννή
814 3827 982 3864 σαντα
1001 3824 1015 3837 ‘
1055 3811 1270 3882 μητέρα
1294 3811 1348 3864 δὲ
1370 3813 1468 3881 τὴν
1498 3814 1775 3883 ὀροόδοξον

191 3901 291 3954 τοῦ
322 3901 537 3972 Πατρὸς
581 3902 939 3972 Ἐκκλησίαν·
990 3902 1178 3973 ίατρὺς
1227 3903 1327 3967 τὴν
1374 3904 1593 3974 τέχνην,
1628 3897 1687 3957 οὗ
1714 3905 1776 3958 τὸ

192 3995 560 4062 ἐργαστήριον
596 3993 758 4063 μέχρι
805 3993 898 4046 τοῦ
943 3992 1039 4046 νῦν
1086 3996 1251 4047 πᾶσιν
1297 3994 1457 4063 δῆλον
1507 3996 1771 4063 πέφυκεν,

192 4089 275 4148 εἰς
305 4085 429 4138 ναὸν
458 4087 702 4156 ὑπάρχον
731 4087 837 4139 τῶν
869 4087 1065 4156 Ἀγίων
1087 4088 1267 4159 Τριῶν
1299 4089 1529 4154 Παίδων,
1559 4089 1647 4142 διὰ
1676 4089 1774 4158 τῆς

191 4176 375 4232 αὐτῶν
421 4177 529 4231 τῶν
575 4178 867 4249 μαρτύρων
913 4180 1136 4252 χάριτος
1173 4180 1336 4250 βρῦον
1373 4182 1607 4250 ἰάματα·
1656 4180 1774 4245 πῶς

191 4270 251 4322 δὲ
290 4269 491 4339 συνέϐη
531 4273 586 4323 ἐν
615 4271 694 4341 τῷ
732 4272 845 4342 ναῷ
876 4272 936 4325 τὸ
965 4274 1334 4342 ἐργαστήριον
1374 4272 1633 4340 γενέσθαι
1665 4272 1774 4326 τῶν

1883 1822 1999 1867 stus
2032 1809 2173 1864 Deus
2221 1817 2408 1862 uoster
2458 1810 2509 1861 in
2559 1809 2869 1879 Evangeliis
2912 1810 3140 1864 altisone
3177 1813 3456 1880 prmdicat,

1882 1904 2107 1978 dicens:
2142 1900 2331 1955 Omnia
2364 1900 2636 1968 possibilia
2688 1900 2953 1954 credenti.
2992 1901 3192 1957 Beatus
3242 1918 3459 1973 quoque

1883 1996 2087 2049 Paulus
2130 1996 2446 2064 apostolicae
2501 1996 2781 2065 dignitatis
2835 2005 3041 2062 orator,
3080 1996 3301 2052 Christo
3341 2013 3455 2053 ser-

1883 2101 2096 2141 monem
2124 2087 2224 2155 ipsi
2244 2086 2646 2157 suppeditante,
2683 2086 3000 2142 admiranda
3030 2089 3186 2143 nobis
3215 2104 3346 2144 voce
3377 2100 3457 2144 tc-

1881 2184 2079 2240 statur,
2107 2191 2261 2245 spem
2290 2191 2393 2229 non
2428 2176 2783 2230 confundere.
2817 2175 2911 2231 His
2936 2193 3036 2247 ego
3078 2176 3248 2232 fretus
3273 2180 3425 2233 horta
3446 2210 3458 2219 -

1883 2267 2093 2323 toribus
2120 2270 2265 2323 sensi
2312 2284 2399 2323 me
2452 2279 2562 2322 tum
2616 2269 2882 2325 cbaritate
2917 2270 3226 2324 Servatoris
3282 2273 3454 2325 nostri

1880 2361 1972 2429 qui
1991 2360 2177 2413 dilexit
2199 2374 2297 2414 nos
2326 2367 2382 2413 et
2414 2357 2995 2426 tradiditsemctipsum
3023 2373 3120 2426 pro
3143 2360 3318 2424 nobis,
3341 2369 3450 2414 tum

1880 2452 2169 2507 accedente
2199 2459 2514 2504 sanctorum
2547 2463 2673 2519 ope,
2711 2450 2777 2504 ad
2805 2457 3059 2504 conatum
3093 2451 3299 2505 viribus
3338 2466 3455 2504 ma-

1872 2539 2047 2609 jorem
2105 2538 2343 2605 incitari,
2405 2546 2466 2591 ut
2507 2540 2648 2607 quod
2701 2537 2908 2605 pridem
2964 2554 3158 2608 magno
3218 2538 3451 2607 quodam

1878 2631 2057 2684 studio
2091 2628 2395 2696 cupiebam,
2416 2643 2504 2683 res
2529 2644 2556 2681 a
2596 2628 2701 2682 BB.
2727 2627 2869 2697 Cyro
2894 2637 2949 2683 et
2980 2627 3187 2683 Joanne
3222 2630 3452 2684 mirifice

1876 2732 2079 2793 gestas,
2106 2721 2578 2789 clarissimumque
2604 2722 2919 2775 eorumdem
2959 2737 3056 2789 pro
3095 2723 3203 2778 Deo
3234 2721 3454 2778 Christo

1877 2824 2153 2869 certamen
2178 2821 2230 2868 et
2248 2812 2635 2867 miraculorum
2662 2827 2756 2866 seu
2779 2814 3129 2867 curationum
3161 2828 3366 2883 paucas
3385 2815 3454 2870 de

1877 2905 2057 2958 multis
2086 2919 2224 2975 quas
2252 2918 2355 2958 nos
2384 2904 2507 2973 ipsi,
2538 2904 2664 2958 licet
2694 2904 2995 2971 publicanis
3025 2906 3272 2960 omnibus
3300 2906 3457 2975 longe

1876 2997 2174 3064 sequiores.
2202 2996 2377 3050 oculis
2414 2995 2646 3049 vidimus
2691 3006 2744 3049 et
2788 2996 2970 3051 divino
3020 2997 3180 3051 etiam
3231 3013 3455 3054 munere

1887 3102 1983 3157 per
2007 3088 2225 3141 eosdem
2256 3088 2447 3157 partim
2485 3087 2551 3141 ad
2581 3086 2808 3142 salutem
2840 3096 3078 3143 nostram
3104 3089 3314 3157 experti
3359 3105 3453 3144 su-

1887 3195 2025 3244 mus,
2053 3179 2118 3232 ad
2162 3180 2451 3233 utilitatem
2483 3177 2745 3233 lectorum
2778 3179 3081 3235 litterarum
3135 3192 3453 3236 monumen-

1885 3271 1954 3326 tis
1988 3275 2452 3327 commendarem.

1941 3447 1995 3501 2.
2028 3447 2202 3514 Cyrus
2241 3449 2422 3518 itaque
2468 3448 2554 3503 ille
2585 3449 2724 3503 fama
2791 3449 3025 3519 inclytus
3059 3448 3293 3503 civitatis
3336 3463 3455 3503 ma-

1883 3542 2042 3595 xima:
2068 3542 2135 3594 ab
2164 3540 2475 3595 Alexandro
2510 3542 2739 3595 condita:
2793 3541 2929 3596 civis
2983 3539 3085 3593 fuit
3131 3539 3326 3608 quibus
3384 3541 3455 3594 sit

1881 3631 2199 3700 parentibus
2231 3632 2526 3684 secundum
2569 3645 2788 3684 carnem
2819 3641 2995 3694 ortus,
3020 3644 3118 3683 nos
3156 3629 3327 3695 latet;
3358 3644 3451 3697 ge-

1885 3722 2169 3775 neratione
2191 3730 2370 3773 autem
2395 3720 2663 3789 spirituali
2690 3719 2906 3773 Patrem
2936 3720 3124 3775 habuit
3148 3719 3342 3783 Deum,
3360 3720 3452 3789 qui

1884 3813 2031 3866 illum
2063 3827 2199 3880 aqua
2229 3820 2285 3866 et
2313 3810 2517 3879 Spiritu
2548 3811 2906 3879 regeneravit,
2932 3820 3158 3864 matrem
3203 3824 3328 3863 vero
3366 3824 3455 3862 or-

1884 3903 2172 3959 thodoxam
2199 3903 2376 3958 Patris
2406 3903 2730 3958 Ecclesium.
2762 3905 2893 3958 Arte
2932 3918 3028 3957 sua
3071 3903 3314 3956 medicus
3337 3911 3455 3955 erat

1881 4004 1929 4049 et
1961 3995 2027 4047 ad
2046 4003 2227 4048 nostra
2256 4008 2428 4062 usque
2454 4004 2693 4062 tempora
2719 3993 2988 4047 oliiciuam
3021 3991 3136 4061 ejus
3156 3991 3338 4045 videre
3373 3999 3455 4043 Cal

1883 4083 1934 4140 in
1970 4084 2165 4154 templo
2210 4083 2395 4138 Trium
2431 4082 2751 4149 Puerorum,
2798 4084 2889 4137 ubi
2930 4083 3089 4137 hodie
3143 4091 3452 4136 sanctorum

1882 4188 2180 4247 martyrum
2237 4177 2550 4245 spirituales
2631 4177 2854 4230 medela:
2927 4176 3252 4230 redundant.
3305 4173 3451 4239 Qun-

1884 4271 2040 4323 modo
2070 4270 2271 4324 factum
2309 4270 2381 4323 sit
2406 4278 2462 4323 ut
2495 4279 2716 4325 sanctus
2747 4267 2922 4340 Cyrus
2965 4267 3238 4322 oﬂioinam
3296 4283 3450 4322 suam

205 4360 406 4429 Ἀγίων
441 4363 671 4432 Παίδων,
703 4356 921 4431 εὔλογον
954 4359 1108 4433 οἶμαι
1139 4364 1213 4425 ὡς
1251 4366 1305 4415 ἐν
1337 4364 1604 4433 ἐπιδρομῇ
1640 4364 1775 4428 ἐξει-

1884 4364 1932 4416 ῑιι
1955 4363 2206 4428 templnm
2237 4361 2420 4416 Trium
2442 4363 2741 4416 Puerorum
2768 4362 3025 4429 posuerit,
3051 4360 3202 4429 quasi
3222 4360 3452 4413 transitu

199 4457 357 4508 πεῖν·
393 4455 592 4525 πολλὴν
623 4456 751 4525 γὰρ,
786 4451 844 4509 εὖ
878 4451 1014 4520 οἶδα,
1045 4454 1315 4524 παράσχοι
1361 4457 1472 4516 τοῖς
1509 4456 1772 4525 ἐντυγχά-

196 4563 378 4599 νουσιν
406 4547 503 4617 τὴν
528 4547 815 4615 ὠφέλειαν.

267 4636 336 4704 Υ.
392 4638 767 4707 Ἀπολινάριος
799 4639 827 4691 6
864 4637 1037 4705 μέγας
1067 4640 1165 4707 τῆς
1193 4636 1499 4709 ἀλη[οείας]
1551 4639 1647 4705 (9.).
1675 4678 1690 4691 .
1718 4678 1731 4691 .
1761 4679 1773 4692 .

191 4730 371 4782 αὐτῶν
400 4730 670 4799 λιπαρῶν,
703 4732 782 4793 εἰς
819 4731 910 4782 τὶν
939 4731 1063 4783 ναὸν
1114 4730 1344 4797 ὀφείλων
1391 4731 1776 4802 κατατεθῆναι,

1878 4450 2161 4506 dicendum
2191 4466 2478 4519 ;magnam
2515 4453 2683 4513 enim,
2715 4451 2788 4503 uti
2812 4451 2956 4514 scio,
2976 4451 3207 4521 gratiam
3238 4450 3449 4503 obtine-

1873 4542 2000 4594 bant
2030 4557 2192 4610 quam
2223 4552 2515 4611 praesentes
2548 4541 2915 4609 requisierint.

1950 4634 2002 4687 '5.
2029 4632 2421 4702 Apollinarius,
2455 4647 2682 4702 magnus
2707 4631 2796 4685 ille
2829 4630 3073 4684 veritatis
3107 4627 3451 4693 dcfensnr,...

1880 4726 2015 4783 Cum
2047 4736 2228 4782 autem
2265 4729 2455 4781 eadem
2486 4725 2801 4795 rfﬂagitaret
2836 4739 2953 4793 quae
2980 4722 3324 4804 desiderabat
3360 4737 3451 4775 ar-

189 4820 217 4873 ὃ
241 4820 404 4878 αὐτὸς
439 4819 505 4871 δι’
538 4819 830 4889 ἐπιθυμίας
864 4822 1048 4884 αὐτοῖς
1093 4820 1294 4888 πολλῆς
1339 4819 1707 4889 ἀνεστήσατοο
1748 4824 1777 4874 6

1884 4819 2275 4887 chiepiscopus,
2335 4818 2587 4872 videlicet
2646 4825 2705 4870 ut
2758 4815 3018 4883 reliquias
3060 4813 3222 4867 trium
3258 4826 3450 4881 puero-

189 4911 252 4964 δὲ
315 4909 511 4972 σεπτὸς
559 4905 713 4973 οὗτος
768 4912 864 4963 καὶ
917 4911 1259 4979 παγκόσμιος
1311 4909 1473 4977 τῆσδε
1540 4910 1773 4978 εὐαγοῦς

193 5000 546 5071 προστάξεως
581 5001 863 5072 ἀμελήσας
908 5001 1081 5064 οὐδὲν,
1126 5001 1226 5069 τὴν
1288 5000 1584 5056 Βαϐυλῶνα
1634 5020 1768 5056 κατ-

1882 4926 1998 4964 rnm
2035 4910 2085 4963 in
2108 4910 2303 4979 templo
2347 4907 2699 4978 possiderent,
2732 4906 2865 4960 nihil
2894 4904 3237 4976 prtetermisit
3285 4904 3452 4959 abbas

1878 5002 2203 5056 venerabilis
2240 5010 2297 5055 ut
2337 5010 2524 5055 sancta
2576 4999 2915 5067 perfecturus
2972 5007 3119 5052 esset
3174 4995 3449 5050 mandata.

3358 1112 3361 1115 _
3468 1072 3479 1109 ί

193 5093 409 5156 ἐλαϐεν,
451 5093 544 5147 καὶ
586 5096 700 5156 τοῖς
734 5094 909 5160 ἁγίοις
948 5094 1021 5162 (5)
1056 5092 1121 5145 τὰ
1167 5094 1429 5147 θεσπέσια
1474 5095 1776 5165 γράμματα

1885 5092 2209 5163 Babylonem
2237 5093 2401 5162 igitur
2417 5093 2590 5160 petiit,
2622 5102 2676 5144 ct
2704 5090 2907 5145 sanctis
2927 5088 3200 5147 mirabiles
3233 5088 3453 5142 tradens
3526 5146 3545 5161 ι

190 5186 461 5251 δεδωκὼς,
512 5188 639 5242 τάδε
663 5187 799 5259 πρὸς
840 5188 1035 5250 αὐτοὺς
1066 5186 1290 5258 διεξῄει’
1324 5204 1342 5237 ι
1382 5187 1581 5255 Ἅγιοι,
1630 5190 1657 5240 6
1680 5186 1776 5240 τοῦ

1884 5185 2141 5255 epistolas
2168 5187 2278 5238 haec
2305 5184 2465 5237 verba
2520 5184 2751 5253 adjecit:
2787 5200 2806 5234 ι
2842 5181 3049 5244 Sancti,
3086 5177 3226 5234 ha'nc
3255 5179 3321 5232 ad
3357 5194 3454 5233 vos

192 5275 330 5329 Θεοῦ
369 5277 660 5348 ἀρχιερεὺς
692 5278 786 5331 καὶ
826 5276 1009 5341 δοῦλος
1046 5276 1201 5347 ὑμῶν
1246 5275 1450 5346 ταύτην
1501 5277 1627 5346 ὑμῖν
1675 5277 1772 5330 πέ-

1888 5276 1978 5330 Dei
2010 5277 2294 5345 episcopus
2322 5283 2376 5329 et
2407 5289 2599 5329 servus
2619 5283 2796 5330 vester
2825 5272 3222 5342 deprecationis
3249 5268 3453 5339 cpisto-

1733 5366 1968 5421 NOTAE.

269 5457 345 5525 (l)
386 5456 585 5511 Confer
628 5472 787 5524 supra
820 5456 1185 5524 protheoriam
1219 5471 1377 5525 atque
1420 5457 1605 5513 Iaudes
1635 5474 1762 5513 sau-

196 5537 403 5599 ctorum
458 5526 580 5580 MM.
632 5527 777 5599 Idem
808 5531 1021 5599 quippe
1071 5541 1259 5583 auctor
1293 5532 1632 5599 Sophronins
1659 5541 1764 5582 est.

271 5595 343 5666 (9.)
373 5594 529 5649 l)eest
557 5613 717 5649 uuutu
751 5594 968 5666 folium.‘
992 5598 1260 5651 Lacunam
1287 5594 1462 5651 autem
1498 5615 1559 5651 ex
1594 5599 1762 5653 inter-

200 5672 502 5735 pretatione
555 5667 742 5718 Latina
801 5665 923 5719 Z.lii
963 5669 1099 5734 apud
1151 5669 1465 5722 ltollandum
1504 5669 1682 5723 metiri
1710 5670 1774 5721 li-

196 5748 296 5789 cet.
329 5766 387 5776 —-
410 5740 533 5805 Αυι.
566 5735 747 5788 Sancl.
777 5735 999 5789 Jauuar.
1034 5748 1070 5788 t.
1106 5736 1190 5800 Ill,
1223 5756 1272 5805 ιι.
1322 5736 1479 5791 1085.

262 5808 337 5879 (5)
407 5804 669 5873 Loquitur
707 5809 770 5860 de
818 5807 988 5861 tribus
1037 5806 1134 5862 SS.
1179 5804 1361 5879 pueris
1410 5808 1769 5881 Uabylunicis,

1873 5461 2069 5528 quibus
2106 5459 2359 5527 templum
2392 5458 2729 5513 Alexandria:
2757 5461 3091 5514 excitaverat
3120 5454 3453 5528 Apollinaris

1876 5525 2024 5583 urbis
2073 5525 2318 5589 antistes,
2368 5538 2423 5583 et
2466 5544 2692 5596 quorum
2738 5532 2995 5598 reliquias
3041 5525 3329 5597 appetebat
3377 5533 3453 5577 at-

1876 5614 1981 5665 que
2048 5599 2377 5667 impetravit,
2441 5600 2765 5665 demumque
2822 5602 2872 5653 in
2939 5602 3098 5653 trium
3159 5608 3448 5667 puerorum

1883 5663 2249 5722 Alexandrino
2297 5669 2498 5736 templo
2547 5663 2851 5736 collocavit,
2904 5684 3012 5738 quo
3067 5667 3272 5721 inloco
3318 5663 3449 5738 olim

1884 5739 2057 5793 Sancti
2098 5738 2230 5808 Cyri
2276 5735 2637 5807 ergastcrium
2668 5735 2937 5794 medicum
2969 5740 3160 5800 fuerat,
3186 5746 3240 5790 et
3273 5735 3450 5788 adhuc

1881 5809 2371 5863 demonstrabatur.
