4002 6316
482 340 624 403 36Ἷ9

1335 348 1395 408 S.
1427 349 1847 412 SOPHRONII
1879 354 2389 419 PATRIARCHE
2428 363 2833 428 HIEROSOL'.

3564 392 3573 401 '
3608 378 3753 441 3680

477 456 583 509 lam
639 456 821 522 mittit,
869 472 973 528 qua
1003 470 1242 530 recepta,
1279 478 1593 534 responsum
1648 467 1874 523 reddite.
1916 489 1934 521 ι
1970 467 2044 523 Hi:

2174 493 2391 545 πομφεν
2425 480 2523 549 τὴν
2560 482 2814 551 δεητικὴν
2848 483 3155 554 ἐπιστολὴν,
3186 486 3253 557 ην
3292 485 3600 558 δεξάμενοι,
3630 490 3747 544 δότε

478 549 657 613 dictis,
698 563 937 607 surrent
996 556 1205 609 medius
1239 571 1405 625 puer,
1454 559 1696 612 extendit
1751 577 1967 615 manum
2004 572 2057 617 et

478 653 705 711 excepta
739 645 961 713 epistola
1020 647 1214 702 iterum
1276 650 1582 716 reclinavit,
1632 654 1823 708 nuntio
1872 666 2055 709 autem

478 735 681 788 nullum
727 737 869 791 dedit
910 754 1249 807 responsum.
1284 739 1391 796 Per
1442 752 1608 797 totam
1664 745 2055 802 hebdomadem

476 828 813 884 verecundus
845 830 1013 887 abbas
1068 848 1390 902 responsum
1429 850 1533 888 non
1581 838 1784 898 retulit,
1829 837 2057 907 ideoque

478 920 637 973 rebus
672 920 888 978 infectis
919 924 1078 979 rediit
1119 928 1187 980 ad
1238 927 1708 998 archiepiscopum
1762 939 1816 983 et
1875 931 2055 985 omnia

476 1012 739 1068 narravit.

547 1212 603 1267 4.
634 1213 735 1280 Qui
769 1214 821 1267 in
849 1215 1009 1269 rebus
1035 1215 1155 1270 ﬁdei
1194 1232 1297 1272 non
1330 1219 1556 1272 mullum
1583 1220 1887 1290 perspicax,
1919 1234 2054 1275 con-

476 1306 703 1360 scientia
744 1321 871 1361 vero
912 1324 1081 1376 purus
1113 1317 1165 1363 et
1206 1311 1316 1363 Deo
1355 1312 1696 1381 gratissimus
1748 1322 1864 1367 erat
1915 1328 2053 1381 pon-

474 1397 625 1461 tifex,
675 1414 862 1453 rursus
916 1401 1022 1454 Deo
1082 1412 1362 1470 acceptum
1407 1401 1654 1456 abbatem
1680 1404 1912 1457 demittit
1971 1404 2055 1458 his

471 1487 695 1545 aliatis:
735 1509 753 1541 ι
795 1490 1091 1545 Revertere
1145 1494 1321 1545 adhuc
1353 1502 1407 1546 et
1456 1495 1506 1546 in
1540 1495 1755 1548 nomine
1810 1510 1929 1549 meo
1961 1495 2054 1550 de-

476 1596 702 1650 precare
751 1594 1009 1648 sanctos;
1046 1584 1091 1637 si
1142 1584 1372 1653 teipsum
1423 1600 1529 1637 non
1585 1587 1692 1638 sint
1747 1588 2051 1655 suscepturi

472 1688 575 1727 nec
606 1687 794 1741 preces
827 1676 1113 1738 mittentis,
1151 1685 1203 1728 tu
1243 1676 1524 1742 epistolam
1558 1677 1725 1729 hanc.
1756 1687 2048 1732 retractam

478 1763 800 1832 reportabis,
827 1779 986 1832 quant
1014 1764 1364 1830 reliquiarum
1389 1765 1506 1818 loco
1531 1766 1872 1833 recipiemus,
1892 1767 2047 1834 quasi

2162 564 2257 634 τὴν
2273 567 2685 640 ἀνταπόκρισιν·
2714 591 2731 622 ι
2763 572 2967 627 τούτων
2992 573 3165 638 οὕτως
3179 576 3502 648 λεχθέντων,
3527 582 3555 633 6
3585 583 3748 648 μέσος

2163 657 2519 725 ἀνακαθίσας,
2557 661 2654 733 τὴν
2687 664 2843 734 χεῖρά
2876 683 2934 717 τε
2968 666 3280 738 προτείνας,
3317 669 3419 739 τὴν
3455 672 3746 731 ἐπιστολὴν

2160 748 2298 820 πρὸς
2328 751 2517 804 ἑαυτὸν
2557 754 2905 809 ἐπεσπάσατο
2926 774 2939 788 ·
2987 758 3081 811 καὶ
3128 759 3293 812 πάλιν
3318 761 3630 826 ἀνακλιθεὶς
3656 765 3747 815 ἀν-

2159 843 2458 911 απόκριτον
2497 846 2586 898 τὸν
2629 846 2801 917 ἄνδρα
2837 847 3159 902 κατέλιπεν·
3209 851 3285 915 ὡς
3313 852 3368 905 δέ
3419 856 3601 908 πᾶσαν
3649 859 3742 925 τὴν

2160 934 2434 1004 ἑϐδομάδα
2475 934 2744 990 δυσωπῶν
2784 937 2957 1002 ἁϐϐᾶς
2992 939 3093 993 οὐκ
3139 940 3331 1012 ἔτυχεν
3376 944 3743 1014 ἀποκρίσεως,

2159 1022 2295 1092 πρὸς
2323 1024 2412 1076 τὸν
2438 1024 2837 1080 ἀποστείλαντα
2859 1027 3140 1097 ἄπρακτος
3162 1030 3487 1101 ἐπανῆλθεν,
3515 1034 3577 1086 τὸ
3606 1051 3745 1102 συμ-

2159 1112 2261 1165 ϐὰν
2293 1114 2667 1186 διηγούμενος.

2228 1207 2289 1261 δ’.
2342 1207 2399 1261 '0
2429 1208 2485 1261 δὲ
2525 1209 2623 1280 τὴν
2660 1210 2842 1265 πίστιν
2874 1212 3248 1285 ἀπρόσκοπος,
3279 1216 3375 1269 xui.
3406 1217 3614 1285 ἀγαθὸς
3643 1219 3745 1288 τὴν

2160 1297 2462 1366 συνείδησιν
2487 1299 2581 1352 τοῦ
2611 1300 2745 1353 Θεοῦ
2778 1302 3072 1373 ἀρχιερεὺς
3104 1305 3595 1374 προσφιλέστατος,
3638 1309 3745 1359 παι

2158 1386 2241 1438 λιν
2267 1387 2528 1450 ὡσαύτως
2569 1390 2845 1459 ἐκπέμπει
2871 1391 3061 1446 τοῦτον
3103 1395 3196 1447 τὸν
3235 1395 3527 1466 θεάρεστον
3573 1397 3745 1465 ἄνδρα

2156 1478 2343 1546 εἰπὼν,
2365 1500 2381 1532 ι
2398 1482 2606 1546 Ἄπιθι,
2637 1484 2821 1553 φησὶν,
2849 1483 2947 1549 ἔτι,
2965 1487 3058 1539 καὶ
3072 1487 3290 1558 αἵτησαι
3310 1491 3435 1558 παρ’
3462 1491 3597 1559 ἐμοῦ
3616 1493 3745 1555 τοὺς

2154 1571 2369 1638 ἁγίους·
2400 1574 2497 1626 καὶ
2533 1577 2580 1627 εί
2626 1574 2699 1645 μὴ
2750 1576 3004 1642 δέξωνταί
3042 1596 3137 1633 σου
3190 1580 3291 1633 κᾶν
3332 1582 3426 1633 ἐπὶ
3474 1584 3565 1636 τοῦ
3599 1601 3743 1655 παρ-

2154 1659 2306 1724 όντος
2360 1661 2457 1732 τὴν
2512 1663 2714 1733 δέησιν,
2744 1664 2935 1720 ἔπειτά
2968 1685 3031 1736 γε
3092 1670 3191 1740 τὴν
3227 1673 3515 1743 ἐπιστολὴν
3542 1676 3745 1728 ἀναλα-

2157 1751 2267 1805 ϐὼν
2294 1754 2617 1825 ἀποκόμιζε,
2653 1759 2739 1811 ἵνα
2777 1759 2906 1812 ἀντὶ
2936 1761 3210 1831 λειψάνων
3243 1764 3447 1835 ταύτην
3483 1767 3740 1835 είσδέξω-

476 1857 546 1906 ab
593 1853 723 1921 ipsis
759 1862 1035 1922 acceptam
1066 1862 1121 1907 et
1163 1855 1555 1909 sanetilicalam
1604 1854 1816 1911 fuisset.
1847 1876 1865 1908 ι
1902 1825 2044 1911 i’atri

2166 1862 2285 1914 μαι,
2316 1846 2392 1911 ὡς
2420 1847 2550 1919 παρ’
2573 1850 2754 1904 αὐτῶν
2787 1825 3070 1921 δεχθείσαν
3096 1854 3189 1907 καλ⁵
3218 1855 3319 1926 ἠδη
3349 1825 3737 1924 ἁγιασθεῖσανο

476 1946 623 1999 cedit
653 1946 839 2009 ablas,
865 1948 955 2015 qui
990 1947 1088 2014 ipsi
1118 1962 1213 2000 ceu
1246 1947 1464 2002 Christo
1492 1959 1542 2002 et
1580 1949 1757 2003 verbis
1800 1959 1853 2002 et
1894 1948 2051 2004 factis

474 2039 785 2103 obediebat,
840 2037 1280 2108 Babylonemque
1339 2040 1573 2106 repetiit.
1612 2038 1795 2093 Denuo
1836 2053 2052 2097 sanctos

474 2131 809 2196 Supplicibus
836 2133 972 2185 adiit
1009 2132 1259 2199 precibus
1293 2151 1305 2185 ε
1344 2151 1362 2183 ι
1390 2130 1434 2187 Ο
1459 2143 1566 2185 tres
1590 2132 1886 2185 beatissimi
1908 2148 2051 2185 mar-

472 2232 645 2292 tyres,
691 2222 784 2277 Dei
837 2224 1126 2292 episcopus
1166 2227 1360 2278 denuo'
1394 2240 1479 2279 me
1514 2225 1740 2279 remittit
1779 2226 1845 2279 ad
1913 2240 2045 2290 vos;

470 2315 641 2371 nolite
674 2317 953 2384 despicere
986 2316 1296 2385 pontiﬁcem
1340 2317 1431 2384 qui
1462 2317 1613 2370 vobis
1644 2324 1850 2369 tantum
1872 2326 2047 2369 etlam

471 2405 792 2476 praeclarum
825 2406 1081 2477 templum
1113 2407 1368 2470 exstruit,
1421 2416 1476 2461 et
1523 2406 1612 2475 qui
1660 2416 1808 2459 tanto
1843 2406 1909 2460 ad
1955 2421 2049 2459 vos

468 2499 625 2553 ardet
680 2498 971 2553 desiderio.
1023 2517 1041 2549 ι
1081 2498 1213 2553 Cum
1268 2498 1505 2551 secundo
1570 2496 1774 2550 nullum
1825 2511 2050 2564 respon-

472 2605 592 2645 sum
645 2593 836 2645 darent
889 2591 1087 2653 sancti,
1145 2591 1324 2643 divina
1407 2589 1638 2658 quadam
1692 2589 2048 2658 inspiratione

467 2689 779 2736 commotus
832 2680 1002 2735 abbas
1049 2691 1109 2734 ut
1142 2680 1393 2733 mandata
1452 2679 1837 2748 archiepiscopi
1886 2680 2046 2748 perii-

473 2783 643 2837 ceret,
672 2788 890 2827 manum
948 2787 1101 2827 suam
1153 2781 1373 2841 pectore
1410 2770 1596 2841 injecit
1639 2781 1697 2825 ut
1746 2773 2045 2840 depositam

466 2864 744 2935 epistolam
814 2863 1055 2919 oﬂerret.
1138 2864 1286 2917 llanc
1368 2878 1526 2916 manu
1608 2858 1844 2931 suscepit
1912 2864 2043 2915 san-4

467 2966 587 3011 ctus
620 2965 693 3021 et,
749 2956 874 3009 dum
933 2955 1232 3009 retraheret
1285 2954 1452 3007 abbas
1505 2952 1811 3022 epistolam,
1855 2954 2045 3007 subse-

467 3059 591 3102 cuta
623 3058 707 3102 est
764 3040 980 3112 manus,
1013 3062 1174 3115 quam
1220 3046 1459 3114 piissime
1507 3059 1770 3098 venerans
1816 3052 1870 3097 et
1914 3046 2044 3099 deo-

466 3140 743 3205 scultans,
792 3138 1209 3194 ceuthesaurum
1272 3137 1698 3192 inaestimabilem
1741 3138 1795 3190 in
1854 3136 2042 3191 urbem

464 3232 852 3286 Alexandriam
910 3231 1111 3286 retulit.
1170 3231 1336 3301 igitur
1395 3232 1533 3285 Deus
1583 3246 1690 3283 non
1764 3228 2046 3284 confundit

466 3338 617 3393 spem
651 3322 794 3378 illius
819 3323 908 3391 qui
928 3332 1114 3378 sancta
1158 3323 1409 3376 mandata
1434 3321 1842 3391 aditnpleverat.

533 3496 588 3553 5.
616 3497 787 3566 Quam
813 3501 1116 3571 suscipiens
1132 3515 1357 3571 magnus
1377 3500 1463 3555 ille
1479 3500 1721 3568 pontifex
1751 3499 2039 3567 Altissimi,

466 3592 685 3662 gavisus
704 3600 787 3646 est
811 3602 865 3646 et
894 3593 1258 3647 eXsnltatione
1284 3608 1379 3646 sua
1416 3602 1666 3661 nepotem
1722 3592 1935 3646 induxit
1983 3603 2044 3647 ut

463 3686 771 3751 Spirituales
840 3688 1057 3757 nuptias
1112 3688 1291 3742 iniret.
1378 3686 1577 3739 ludicta
1653 3684 1847 3755 populo
1907 3694 2043 3738 tem-

468 3779 538 3847 pli
612 3780 1046 3841 consecratione,
1118 3780 1296 3831 divina
1377 3777 1673 3831 inebriatus
1737 3778 1915 3831 la‘titia
1989 3788 2044 3831 et

465 3877 580 3921 tota
619 3870 861 3937 stipatus
914 3869 1242 3923 clericorum
1296 3878 1460 3932 coetu,
1521 3869 1813 3937 pretiosam
1872 3877 1923 3921 et
1951 3882 2042 3920 ve-

462 3958 760 4012 nerabilem
788 3976 1028 4018 manum.
1078 3958 1255 4012 adhuc
1284 3969 1552 4026 receptam
1591 3958 2037 4028 complectentem

460 4052 769 4117 epistolam,
830 4052 1079 4118 piissime
1139 4048 1743 4119 depoSttiI,Ecclesiam
1797 4050 2041 4105 sanctiﬁ-

462 4144 630 4208 cavit,
695 4143 873 4213 nepoti
930 4156 1122 4195 manus
1195 4141 1468 4209 imposuit,
1528 4142 1762 4196 dicens:
1818 4160 1836 4192 ι
1902 4141 2040 4195 Ecce

459 4251 654 4301 sponsa
690 4243 803 4298 tua,
858 4232 1149 4286 Ecclesium
1198 4232 1491 4288 indicans:
1553 4234 1617 4286 de
1665 4232 1750 4285 illa
1800 4231 2033 4297 curabis,

463 4327 538 4379 uti
596 4328 771 4379 decet.
820 4343 838 4375 ι
904 4323 1022 4388 Quo
1085 4323 1225 4377 faclo
1271 4323 1499 4377 multum
1535 4324 1585 4377 in
1626 4325 1827 4377 virtute
1866 4324 2040 4392 profe-

460 4429 606 4473 ctum
633 4418 822 4472 tribttit
845 4416 1028 4488 juveni
1064 4426 1115 4469 et
1141 4433 1387 4485 magnam
1420 4417 1670 4470 lidueiam
1720 4417 1773 4469 in
1826 4416 2033 4473 Deum:

2152 1935 2302 1999 εἴξας
2336 1936 2393 1989 δὲ
2436 1937 2512 2008 τῷ
2547 1940 2717 2010 πατρὶ
2745 1943 2773 1994 6
2809 1941 2904 1994 τοῦ
2948 1943 3187 2012 Χριστοῦ
3230 1945 3371 1999 κατά
3418 1946 3596 1999 πάντα
3640 1949 3741 2001 καὶ

2153 2027 2348 2096 πράξει
2380 2030 2473 2081 καὶ
2519 2029 2732 2101 θεωρίᾳ
2784 2032 3046 2102 ὑπήκοος,
3093 2034 3192 2103 τὴν
3234 2033 3527 2089 Βαϐυλῶνα
3573 2036 3740 2091 πάλιν

2153 2119 2499 2190 κατείληφεν·
2515 2122 2607 2174 καὶ
2632 2118 2789 2187 αὖθις
2812 2125 2939 2187 τοὺς
2969 2124 3157 2191 ἁγίους
3175 2126 3433 2179 ἱκετεύων
3456 2126 3644 2194 ἔλεγεν
3664 2142 3678 2154 ⁸
3709 2147 3731 2180 ι

2159 2232 2176 2263 ι
2213 2213 2617 2285 Τρισμακάριοι
2660 2216 2959 2287 μάρτυρες,
2993 2218 3021 2269 ὁ
3047 2219 3334 2288 ἀρχιερεὺς
3372 2219 3467 2273 τοῦ
3494 2220 3630 2273 Θεοῦ
3666 2238 3738 2290 με

2152 2305 2288 2375 πρὸς
2315 2307 2457 2377 ὑμᾶς
2486 2308 2650 2361 πάλιν
2684 2307 2850 2362 αἰτῶν
2876 2307 3284 2374 ἐξαπέστειλεν·
3327 2312 3402 2381 μὴ
3435 2308 3532 2365 οὖν
3569 2313 3735 2365 αὑτὸν

2150 2399 2456 2468 ἀτιμάσητε
2484 2400 2727 2453 τοιοῦτον
2765 2400 2897 2467 ὑμῖν
2927 2401 3054 2453 ναὸν
3080 2401 3410 2472 δειμάμενον
3454 2403 3633 2473 μέγαν
3675 2420 3735 2457 τε

2150 2492 2244 2543 καὶ
2275 2491 2693 2563 ὑπέρλαμπρον,
2726 2492 2877 2561 πόθῳ
2907 2491 2986 2563 τῷ
3027 2493 3163 2563 πρὸς
3187 2494 3332 2563 ὑμᾶς
3359 2496 3697 2565 ἐναγόμενον
3718 2512 3733 2527 ·

2148 2583 2225 2645 ὡς
2257 2582 2312 2635 δὲ
2338 2583 2416 2635 ἔτι
2443 2584 2604 2637 αὑτὸν
2635 2585 2999 2654 ἀναπόκριτον
3033 2586 3160 2638 εῐων
3204 2588 3254 2638 οἱ
3286 2587 3452 2653 ἅγιοι,
3480 2587 3581 2657 τὴν
3612 2590 3735 2641 ἐπι-

2150 2674 2340 2745 στολὴν
2376 2676 2455 2738 είς
2499 2676 2673 2745 πέρας
2718 2679 2949 2746 ἀγαγεῖν
2987 2678 3082 2731 τοῦ
3123 2679 3442 2749 ἀρχιερέως,
3478 2679 3542 2733 ἔκ
3586 2697 3732 2743 τινος

2149 2766 2299 2830 θείας
2330 2769 2680 2840 παρωρμήθη
2712 2772 3016 2840 κινήσεως·
3051 2770 3145 2823 καὶ
3176 2770 3252 2839 τῷ
3285 2769 3468 2839 στήθει
3493 2768 3594 2841 τὴν
3622 2773 3734 2839 χείσ

2152 2878 2216 2928 ρα
2241 2860 2415 2929 βαλὼν
2439 2862 2575 2929 (ἐκεῖ
2613 2862 2721 2933 γὰρ
2740 2860 2887 2933 εἶχεν
2909 2864 3007 2934 τὴν
3041 2864 3379 2933 ἐπιστολὴν),
3415 2865 3560 2933 χειρὶ
3592 2879 3731 2916 κατ-

2146 2951 2282 3020 έχων
2310 2952 2339 3002 6
2380 2952 2555 3021 ἅγιος,
2597 2955 2802 3023 ταύτης
2840 2955 3142 3024 λαϐόμενος
3183 2948 3336 3008 εἷλκε
3392 2956 3529 3017 πρὸς
3561 2955 3732 3006 αύτδν

2146 3044 2384 3108 εὐσεϐῶς
2420 3047 2448 3097 6
2489 3047 2790 3114 μακάριοςο
2843 3049 3127 3101 συνείπετο
3165 3047 3220 3100 δὲ
3267 3049 3300 3118 ή
3336 3047 3578 3115 παναγία
3607 3049 3732 3117 χεὶρ

2148 3137 2451 3211 κατέχουσα
2478 3138 2578 3209 τὴν
2609 3138 2921 3209 ἐπιστολὴν,
2950 3140 3018 3210 ἢν
3058 3139 3370 3209 σεϐασμίως
3415 3137 3728 3205 ἁγκαλισα·

2152 3245 2334 3297 μενος,
2362 3230 2460 3283 σὺν
2490 3229 2627 3300 τῷδε
2656 3230 2734 3300 τῷ
2769 3229 2975 3299 ἀθίκτῳ
3005 3231 3099 3284 καὶ
3132 3230 3493 3299 προσκυνητῷ
3528 3229 3733 3298 θησαυ-

2153 3320 2229 3390 ρῷ
2255 3320 2350 3391 τὴν
2374 3320 2527 3374 πόλιν
2548 3320 2873 3385 κατέλαϐεν,
2903 3321 3051 3390 ἔργῳ
3075 3320 3169 3374 τοῦ
3202 3321 3459 3391 πανιέρου
3487 3319 3731 3390 προστά-

2148 3427 2357 3481 γματος
2383 3412 2479 3482 τὴν
2505 3412 2639 3483 πρὸς
2660 3412 2793 3466 Θεὸν
2816 3413 3010 3466 ἐλπίδα
3030 3412 3243 3475 δεικνὺς
3274 3412 3728 3480 ἀκαταίσχυντον.

2219 3511 2281 3559 ε’.
2325 3506 2427 3557 Ἦν
2467 3504 2762 3575 δεξάμενος
2793 3507 2821 3558 6
2870 3503 3044 3575 μέγας
3090 3506 3380 3575 ἀρχιερεὺς
3422 3503 3517 3556 τού
3567 3503 3724 3561 Θεοί.

2148 3594 2355 3665 χαίρων
2394 3596 2529 3664 ὁμοῦ
2564 3597 2657 3648 καὶ
2694 3596 3063 3665 ἀγαλλόμενος
3111 3598 3204 3649 τὸν
3246 3595 3560 3665 ἀδελφιδοῦν
3594 3596 3727 3665 πρὸς

2148 3687 2467 3757 ἐτοιμασίαν
2508 3686 2603 3739 τοῦ
2640 3688 2816 3757 γάμου
2852 3686 3243 3757 παρώτρυνεν·
3282 3687 3526 3757 κηρύξας
3556 3688 3615 3739 δὲ
3650 3688 3731 3756 τῷ

2147 3776 2260 3847 λαῷ
2284 3777 2376 3830 τοῦ
2406 3777 2533 3830 ναοῦ
2562 3780 2631 3831 τὰ
2665 3778 2933 3846 ἐγκαίνια,
2962 3780 3107 3848 χαρᾷ
3132 3778 3250 3849 θεία
3273 3779 3727 3847 ἐναϐρυνόμενος,

2147 3870 2241 3921 καὶ
2269 3871 2334 3939 τῇ
2363 3868 2488 3937 ἑξῆς
2533 3870 2628 3922 σὺν
2656 3869 2761 3939 ὅλῳ
2793 3868 2980 3940 κλήρῳ
3012 3870 3475 3939 παραγενόμενος,
3521 3869 3582 3923 ἐν
3608 3886 3727 3921 ..-.o-

2147 3954 2259 4019 θεὶς
2288 3956 2384 4025 τὴν
2411 3956 2600 4026 τιμίαν
2629 3958 2721 4010 καὶ
2755 3959 2959 4029 σεπτὴν
2997 3959 3215 4028 ἐκείνην
3247 3962 3401 4030 χεῖρα
3437 3959 3530 4011 τοῦ
3564 3961 3725 4026 ἁγίου

2147 4049 2264 4119 ἅμα
2307 4052 2371 4119 τῇ
2400 4051 2741 4123 κατεχομένη
2769 4051 2898 4120 παρ’
2931 4051 3101 4121 αὐτῆς
3140 4050 3410 4123 δεκτ[ικ]ῇ
3442 4053 3727 4123 ἐπιστολῇ,

2144 4141 2219 4202 ῶς
2249 4141 2368 4195 δέον
2394 4137 2482 4211 ἦν,
2531 4143 2770 4205 εὐσεϐῶς
2802 4143 3107 4211 ἐντεθῆναι,
3144 4144 3237 4196 καὶ
3260 4144 3357 4213 τὴν
3399 4142 3729 4214 Ἐκκλησίαν

2149 4232 2405 4299 ἁγιάσας,
2445 4233 2534 4284 τὸν
2574 4233 2892 4301 ἀδελφιδοῦν
2929 4235 3351 4304 ἐχειροτόνησεν,
3391 4233 3561 4287 εἰπὼν
3590 4237 3726 4306 πρὸς

2144 4325 2305 4378 αὐτόν
2325 4342 2339 4355 ο
2374 4344 2392 4377 ι
2410 4326 2544 4379 Ἰδοὺ
2573 4326 2605 4397 ἡ
2634 4328 2766 4396 γυνή
2795 4343 2911 4390 σου,
2930 4326 3027 4396 τὴν
3062 4326 3385 4397 Ἐκκλησίαν
3400 4326 3599 4394 λέγων,
3632 4329 3728 4382 καὶ

2146 4417 2397 4486 φρόντιζε
2414 4417 2607 4486 αὐτῆς,
2634 4418 2709 4480 ὼς
2728 4418 2938 4488 πρέπον
2970 4419 3117 4471 ἐστίν
3137 4435 3179 4468 ’1
3208 4418 3400 4471 τούτου
3427 4419 3728 4487 γενομένου

462 4509 858 4563 ἱιιάῡείιιοιιῑειιι
915 4508 1065 4562 illum
1090 4506 1317 4576 perfecit
1356 4507 1620 4560 castitatis
1660 4513 1956 4561 amatorem
1984 4518 2038 4563 et

2152 4508 2344 4579 πολλὴν
2375 4511 2616 4579 παρέσχε
2658 4508 2735 4581 τῷ
2761 4510 2865 4580 νέῳ
2895 4509 2994 4579 τὴν
3028 4512 3107 4573 είς
3137 4511 3270 4563 Θεὸν
3310 4511 3596 4582 προκοπὴν
3629 4512 3727 4566 καὶ

459 4606 762 4659 divinarum
793 4603 1054 4657 virtutum
1085 4613 1425 4672 operatorem
1460 4603 1876 4657 demonStravit:
1902 4617 2041 4657 sem-

460 4709 558 4765 per
607 4696 752 4749 enim
787 4696 1006 4750 verendi
1047 4669 1284 4763 episc‘opi
1336 4695 1589 4748 mandata
1643 4704 1929 4751 exsecutus
1955 4707 2041 4752 est

455 4801 695 4857 juvenis.

530 4976 586 5034 6.
617 4975 873 5051 Medicus,
903 4985 958 5029 ut
990 4990 1087 5047 per
1126 4976 1568 5045 anticipationem
1599 4973 1759 5044 paulo
1791 4974 2038 5046 superius

384 5091 395 5101 -
450 5069 564 5139 jam
618 5065 1270 5137 innuimus,eratCyrus.
1307 5068 1491 5121 Artem
1525 5082 1627 5120 non
1664 5066 1839 5136 quoad
1883 5080 2038 5119 men-

462 5172 569 5216 tem
608 5162 700 5216 sed
744 5161 919 5231 quoad
971 5160 1199 5214 formam
1239 5160 1565 5225 exercebat;
1601 5174 1703 5212 non
1736 5159 1876 5212 enim
1924 5158 2035 5211 sola

461 5254 824 5309 laborantium
856 5268 1080 5321 corpora
1128 5251 1371 5316 sanabat,
1408 5252 1499 5303 sed
1531 5266 1649 5321 qua:
1698 5250 1872 5320 digna:
1917 5249 2036 5305 fue-

460 5356 581 5398 rant
613 5344 825 5403 anitna‘,
850 5344 945 5396 has
974 5359 1002 5397 c
1027 5343 1215 5396 morbo
1245 5343 1575 5396 inﬁdelitatis
1604 5341 1823 5407 eduxit;
1864 5356 2036 5411 aegros

454 5452 585 5490 Vero
620 5436 855 5489 invisens
890 5452 990 5488 non
1042 5435 1227 5489 Caleni
1264 5445 1354 5487 aut
1416 5434 1759 5502 Hippocratis
1790 5450 1852 5489 ac
1913 5436 2035 5490 aliis

454 5525 695 5595 ejusdem
756 5527 973 5594 generis
1027 5527 1417 5593 scriptionihus
1472 5526 1899 5592 consolabatur;
1939 5529 2033 5581 sed

455 5617 635 5669 verbis
658 5618 1065 5686 pmphctarum,
1088 5618 1456 5686 apostolorum
1488 5626 1544 5670 et
1578 5616 2032 5685 evangelistarum

458 5709 523 5761 ad
555 5708 720 5761 robur
745 5717 796 5759 et
829 5710 991 5761 vitam
1018 5710 1287 5778 perduxit,
1334 5711 1381 5762 in
1431 5725 1645 5777 gregem
1684 5709 1886 5764 Christi
1939 5725 2033 5766 an-

457 5799 763 5851 numeravit
791 5809 843 5852 et
880 5800 1027 5868 regni
1073 5800 1309 5854 twleSlis
1345 5801 1636 5869 participes
1672 5799 1870 5855 effecit.

2141 4601 2358 4655 ἐλπίδα’
2389 4600 2581 4670 ἀμέλει
2610 4601 2899 4671 τοιγαροῦν
2922 4602 3014 4654 καὶ
3039 4602 3262 4669 ἁγνείας
3294 4602 3531 4674 ἐραστὴν
3557 4605 3728 4657 αὐτὸν

2140 4696 2539 4765 ἀπειργάσατο,
2574 4699 2668 4748 καὶ
2692 4694 2851 4747 θείων
2875 4695 3088 4764 ἀρετῶν
3118 4695 3358 4765 ἐργάτην
3397 4695 3687 4760 ἀπέδειξεν
3707 4713 3722 4726 ·

2140 4790 2234 4844 καὶ
2271 4790 2483 4858 θέλημα
2526 4789 2617 4842 τοῦ
2662 4787 3001 4858 φοϐουμένου
3048 4788 3211 4842 αὐτὸν
3252 4788 3555 4860 ἀρχιερέως
3609 4791 3728 4844 εἰσ-

2140 4882 2380 4945 ακούσας
2401 4882 2681 4952 ἐποίησεν.

2211 4982 2283 5040 ς’.
2331 4974 2534 5044 Ἰατρὸς
2560 4971 2673 5038 οὖν,
2690 4976 2766 5038 ὡς
2782 4973 3024 5047 εἴρηται,
3044 4977 3347 5047 τυγχάνων,
3369 4976 3445 5039 ὡς
3473 4976 3721 5045 φθάσαν-

2138 5082 2227 5130 τες
2260 5063 2444 5136 μικρῷ
2466 5065 2703 5135 πρόσθεν
2743 5065 2978 5135 ἔφημεν,
3025 5069 3054 5120 6
3100 5067 3257 5136 ἁγιος
3304 5069 3586 5137 κοσμικῶς
3622 5069 3722 5137 μὲν

2138 5158 2200 5210 τὸ
2231 5158 2436 5227 σχῆμα,
2472 5157 2589 5210 ἀλλ’
2618 5158 2680 5210 οὐ
2702 5156 2800 5228 τὴν
2828 5158 3081 5228 γνώμην,
3115 5160 3213 5221 τὰς
3252 5160 3493 5230 ἰατρείας
3532 5160 3725 5215 ποιού-

2143 5267 2323 5321 μενος.
2359 5250 2423 5303 οὐ
2467 5248 2695 5319 σώματα
2744 5250 2882 5320 μόνα
2929 5251 3038 5303 τῶν
3091 5252 3410 5319 καμνόντων
3441 5253 3718 5322 ἰάτρευεν,

2138 5342 2271 5395 ἁλλά
2296 5344 2389 5394 καὶ
2417 5341 2595 5412 ψυχὰς
2615 5342 2774 5407 ἀξίας
2804 5345 2863 5408 ἐξ
2902 5336 2975 5395 ὧν
3018 5343 3341 5412 νοσημάτων
3377 5342 3719 5411 κατείχοντο,

2138 5435 2230 5487 καὶ
2262 5432 2532 5503 ἐξήγαγεν
2574 5435 2682 5486 τῶν
2734 5433 3034 5503 ἀλλοτρίων
3053 5433 3158 5502 τῆς
3208 5433 3465 5497 πίστεως,
3509 5435 3611 5487 οὐκ
3653 5436 3721 5488 ἐκ

2135 5525 2242 5578 τῶν
2301 5524 2541 5595 Γαληνοῦ
2584 5526 2678 5579 καὶ
2733 5526 3125 5595 Ἱπποκράτους
3175 5527 3272 5578 καὶ
3337 5524 3445 5577 τῶν
3501 5525 3706 5594 ὁμοίων

2136 5617 2320 5677 αὐτοῖς
2347 5616 2683 5688 συγγραφῶν
2710 5616 2840 5678 τοὺς
2873 5614 3198 5687 ἀρρώστους
3228 5617 3287 5668 ἐν
3328 5618 3444 5678 ταῖς
3490 5615 3720 5667 ἐπισκέ-

2133 5708 2259 5776 ψεσι
2293 5706 2808 5778 παραμυθούμενος,
2838 5707 2974 5760 ἀλλὰ
3005 5705 3362 5777 προφητικῶν
3391 5705 3591 5765 αὐτοὺς
3616 5705 3715 5758 καὶ

2134 5799 2507 5853 ἀποστολικῶν
2538 5817 2597 5852 τε
2632 5801 2745 5870 ἃμα
2788 5800 2882 5855 καὶ
2916 5798 3291 5868 εύαγγελικῶν
3332 5796 3715 5868 παραινέσειν-ι
