4002 6316
337 261 474 324 3681

1482 267 1581 327 DE
1620 269 1724 328 SS.
1765 268 1956 327 CYRD
1991 271 2084 328 ΕΤ
2123 267 2437 329 ΙΟᾹΝΝΕ.

3452 268 3594 333 3632

336 385 475 446 πρὸς
504 378 599 446 τὴν
627 376 799 441 ὅντως
850 377 1018 447 ρῶσιν
1065 376 1160 430 καὶ
1202 377 1349 446 ζωὴν
1394 378 1777 445 ἐφελκόμενος,
1820 378 1909 430 καὶ
1949 378 2050 448 τῆς
2080 377 2314 448 Χριστοῦ
2338 377 2433 431 τοῦ
2473 375 2607 430 Θεοῦ
2641 375 2878 448 ποίμνης
2943 375 3314 448 συναρίθμους
3387 378 3577 433 ποιούα

338 488 523 541 μενος,
565 471 660 525 καὶ
687 470 788 540 τῆς
811 470 920 524 τῶν
944 469 1190 540 οὐρανῶν
1236 469 1511 539 βασιλείας
1544 472 1911 541 κληρονόμους
1951 470 2425 539 ἁναδεικνύμενος.

407 567 474 631 ζ’.
505 565 710 619 Τοῦτον
746 564 872 618 ίδὼν
909 567 937 618 ό
975 565 1270 635 μισόκαλος
1312 565 1521 633 δαίμων
1579 565 1808 627 πολλοὺς
1840 566 1913 634 τῷ
1947 570 1987 626 Α

336 654 562 727 Χριστῷ
610 655 980 725 προσάγοντα,
1028 654 1106 725 τῷ
1180 654 1280 723 τῆς
1332 654 1541 718 πόλεως
1586 656 1807 726 ἄρχοντι
1849 657 1914 709 δι’

337 745 644 816 ἀνθρώπων
700 743 956 815 πονηρῶν
980 744 1379 812 κατεμήνυσεν,
1401 742 1475 806 ὡς
1526 742 1805 805 Γαλιλαῖός
1832 760 1917 804 τις

338 838 526 909 ἰατρὸς
581 835 681 907 τὴν
732 836 1076 905 ἐπιστήμην,
1128 834 1348 888 ἅπαντα
1405 834 1604 905 μικροῦ
1650 835 1761 887 δεῖν
1815 836 1913 904 τῆς

338 930 550 992 πόλεως
573 928 665 981 τὸν
710 926 837 980 λαὸν
869 927 1276 997 ἀπεπλάνησεν,
1331 927 1426 981 καὶ
1477 928 1575 993 τῆς
1612 927 1720 979 τῶν
1772 926 1913 979 θεῶν

333 1021 649 1089 ἀπέστησεν
680 1020 1141 1090 προσκυνήσεως·
1182 1019 1278 1072 καὶ
1328 1018 1386 1072 ὃν
1430 1018 1672 1071 Ἰουδαῖοι
1715 1019 1914 1089 ἐσταύ-

336 1129 520 1182 ρωσαν
561 1109 792 1178 Ἰησοῦν,
816 1110 889 1171 ὡς
933 1110 1066 1162 Θεὸν
1106 1109 1523 1179 παρεσκεύασεν
1567 1109 1770 1170 σέεειν,
1821 1112 1914 1161 καὶ

330 1202 433 1274 τὴν
463 1200 722 1272 πατρῴαν
769 1201 929 1270 ἡμῶν
957 1200 1272 1269 ἐξαφανίζει
1323 1200 1621 1270 θρησκείαν
1648 1218 1662 1231 ο
1701 1199 1911 1262 τούτοις

335 1293 654 1354 ύπτιασθεὶς
691 1292 719 1342 ό
750 1290 981 1352 δείλαιος
1004 1291 1107 1352 ,καὶ
1145 1289 1451 1354 ύπερζέσας
1477 1288 1690 1359 ἀνιαρῴ
1723 1289 1906 1358 θυμῷ,

336 1378 668 1447 συσχεθῆναι
701 1377 791 1431 τὸν
824 1379 978 1446 ἀγιον
1004 1379 1066 1431 τὸ
1108 1379 1274 1448 τάχος
1329 1378 1667 1448 προσέταξεν
1695 1394 1707 1407 ·
1755 1378 1914 1430 τοῦτο

337 1469 527 1539 μαθὼν
574 1470 603 1522 6
640 1470 927 1540 μακάριος,
975 1470 1069 1524 καὶ
1119 1470 1255 1539 πρὸς
1305 1469 1562 1539 Ἀραϐίαν
1607 1471 1706 1541 τὴν
1746 1470 1915 1537 Αίγύ-

244 1560 253 1569 ’
334 1575 473 1611 πτου
505 1558 746 1629 πάραλον
770 1558 1011 1630 ἔρχεται,
1036 1561 1130 1614 καί
1150 1559 1373 1628 Τζώτην
1401 1558 1542 1612 οὔτω
1573 1560 1915 1629 καλουμένην

276 1640 291 1653 ’
334 1650 523 1721 ᾤκησε
559 1650 751 1722 κώμην
774 1666 787 1680 ·
815 1653 883 1721 τῇ
913 1651 968 1704 δὲ
999 1652 1210 1721 οἰκήσει
1244 1651 1336 1704 καὶ⁵
1366 1652 1427 1703 τὸ
1473 1655 1658 1721 σχῆμα
1714 1654 1915 1722 μετήλ-

336 1742 528 1806 λαξεν·
564 1742 663 1813 τὴν
697 1744 806 1814 γάρ
832 1742 1075 1814 κεφαλὴν
1114 1743 1497 1813 ξυρισάμενος,
1529 1744 1589 1795 τὸ
1638 1746 1821 1814 σχῆμα
1854 1746 1915 1797 τὸ

337 1834 634 1904 μοναχικὸν
674 1834 1059 1904 ἀμφιέννυται,
1117 1836 1212 1889 καὶ
1265 1835 1363 1905 τὴν
1410 1835 1753 1905 χαμαίζηλον
1816 1837 1911 1888 καὶ

2090 565 2141 618 7.
2182 565 2333 619 Hunc
2365 581 2486 620 eum
2544 565 2741 619 multos
2774 564 2840 618 ad
2894 564 3171 620 Christum
3206 566 3597 621 conducentcm

2022 658 2226 710 videret
2266 657 2668 712 iul'eusissimus
2757 656 2988 716 daemon.
3046 656 3197 710 urbis
3241 658 3458 725 praesidi
3505 674 3602 727 per

2018 747 2296 817 improbos
2351 749 2601 801 homines
2663 747 2939 801 indicavit.
2999 746 3273 813 Galilaeos,
3326 750 3598 812 dicebant.

2020 840 2240 908 quidam
2284 840 2546 899 medicus.
2586 839 2813 893 scientia
2867 853 2962 892 sua
3012 848 3184 892 totum
3220 839 3460 893 civitatis
3501 856 3597 909 po.

2020 932 2199 999 pulum
2231 932 2507 985 erroribus
2553 930 2751 983 irretiit
2786 939 2838 982 et
2898 944 2929 981 a
3013 928 3235 983 deorum
3285 931 3598 984 adoratione

2020 1023 2249 1085 avertit;
2286 1036 2447 1090 quem
2491 1020 2660 1074 Juda’i
2697 1020 3089 1073 cruciﬁxerunt
3123 1018 3330 1085 Jesum,
3375 1022 3515 1076 hunc
3544 1024 3594 1074 in

2022 1109 2192 1162 Deum
2220 1110 2505 1164 colendum
2539 1111 2752 1164 nuntiat
2791 1121 2844 1163 et
2880 1110 3087 1178 patrios
3113 1110 3244 1165 deos
3275 1112 3340 1163 ad
3366 1111 3595 1165 nihilum

2020 1202 2230 1270 redigit.
2295 1201 2387 1255 llis
2429 1204 2697 1255 excitatus
2780 1212 2837 1258 et
2882 1203 3066 1257 hostili
3115 1202 3334 1256 fervens
3392 1204 3595 1268 animo,

2016 1307 2177 1362 quam
2230 1293 2500 1348 citissime
2561 1294 3049 1361 constringeudum
3117 1304 3364 1348 sanetum
3435 1293 3598 1361 jussit

2017 1400 2241 1453 praeses;
2277 1388 2449 1457 Cyrus
2501 1401 2699 1453 autem,
2756 1402 2813 1441 re
2861 1388 3066 1451 audita,
3121 1387 3173 1441 in
3223 1387 3481 1441 Arabiam
3531 1387 3597 1441 ad

2019 1494 2172 1533 mare
2193 1478 2571 1549 Egyptiaeum
2612 1479 2873 1548 confugit,
2903 1490 2958 1534 et
3023 1482 3101 1535 sic
3158 1481 3596 1549 cognominatum

2018 1570 2191 1621 vicum
2240 1570 2440 1623 Tzoteu
2469 1570 2811 1625 iubahitavit.
2838 1571 3184 1625 Hahitatione
3211 1580 3437 1634 mutata,
3484 1586 3601 1623 mu-

2019 1662 2149 1714 tavit
2168 1676 2381 1730 quoque
2401 1662 2641 1714 habitum
2664 1679 2678 1716 :
2696 1672 2853 1730 caput
2872 1662 3101 1716 totondit
3129 1672 3183 1715 et
3210 1664 3596 1717 monachorum

2019 1754 2341 1805 vestimenta
2376 1752 2594 1816 induit;
2625 1767 2652 1804 ιι
2687 1763 2901 1805 terrena
2937 1765 2990 1805 et
3018 1754 3358 1821 Corrttptiltili
3385 1753 3594 1807 vivendi

2026 1846 2238 1898 ratione
2272 1844 2544 1897 assurrexit
2573 1846 2637 1896 ad
2674 1844 2924 1898 sublimia
2962 1861 2976 1898 :
3011 1845 3195 1899 verbis
3222 1853 3275 1897 et
3298 1844 3453 1916 factis
3492 1858 3599 1900 rm-

335 1927 585 1999 φθαρτὴν
620 1926 943 1997 ὑπερκύψας
966 1926 1170 1996 βιοτὴν,
1204 1926 1298 1979 καὶ
1333 1926 1471 1996 πρὸς
1526 1925 1596 1978 τὰ
1654 1927 1909 1997 μετέωρα

2024 1935 2130 1987 Ιιιιιι
2162 1935 2429 2003 sapiebat,
2460 1944 2515 1989 et
2542 1951 2644 1989 non
2665 1935 2898 2003 amplius
2930 1936 3096 1989 variis
3133 1935 3354 1989 medi-lis
3392 1946 3446 1989 ct
3476 1936 3598 1989 her-

334 2018 699 2087 διαθεὸηκὼς,
759 2018 1061 2088 ὑπέρτερος
1134 2016 1385 2070 ἐντεῦθεν
1445 2016 1642 2087 πράξει
1702 2034 1761 2069 τε
1816 2018 1911 2071 καὶ

330 2111 540 2184 θεωρίᾳ
575 2112 821 2180 γέγονεν,
883 2109 1078 2182 μηκέτι
1133 2110 1231 2171 τὰς
1285 2112 1474 2170 νόσους
1535 2110 1599 2161 ἐκ
1649 2110 1910 2163 ποικίλων

330 2207 642 2276 φαρμάκων
674 2205 924 2274 ἰώμενος,
947 2201 1069 2255 οὔτε
1110 2199 1350 2271 βοτανῶν
1384 2199 1667 2271 χρώμενος
1701 2201 1903 2273 βοηθή-

2025 2024 2211 2078 barum
2267 2024 2596 2092 adjumeutis
2649 2038 2938 2091 corporum
3002 2025 3229 2077 sanabat
3291 2024 3595 2092 languores,

2019 2115 2112 2169 sed
2139 2117 2254 2169 sola
2287 2115 2537 2168 oratione
2567 2113 2790 2181 solaque
2811 2115 3026 2181 pietatis
3058 2115 3301 2167 doctrina
3347 2115 3414 2169 ab
3463 2113 3599 2169 infe-

2016 2205 2268 2260 stissimis
2299 2205 2576 2259 doloribus
2600 2204 2813 2257 animus
2837 2211 2891 2256 et
2925 2219 3150 2272 corpora
3179 2204 3449 2257 liberavit.

334 2317 521 2370 μασιν,
555 2297 690 2352 ἀλλὰ
715 2298 845 2367 εὐχῇ
876 2296 1014 2369 μόνῃ
1052 2295 1147 2350 καὶ
1183 2296 1505 2369 διδασκαλίᾳ
1538 2299 1752 2350 εὐσεϐεῖ
1773 2298 1882 2352 τῶν
1919 2300 2156 2371 ἀνιαρῶν
2183 2299 2410 2354 καὶτῶν
2433 2299 2669 2353 ἀνιάτων
2687 2298 2995 2366 ἀλγηδόνων
3037 2297 3133 2361 τὰς
3182 2297 3361 2368 ψυχὰς
3424 2298 3569 2369 ἀπήλ

332 2391 526 2446 λαττεν
560 2390 654 2445 καὶ
685 2388 759 2443 τὰ
798 2388 1047 2459 σώματα.

402 2489 472 2551 η’.
506 2483 638 2535 Τότε
680 2476 1063 2550 Διοκλητιανοῦ
1092 2478 1161 2532 τά
1208 2477 1495 2549 Ῥωμαίων
1553 2478 1809 2549 σκῆπτρα
1832 2479 1913 2531 δι-

332 2566 560 2631 έποντος
592 2567 890 2633 δυσσεϐῶς,
916 2568 1011 2619 καὶ
1042 2565 1220 2636 πάντη
1257 2566 1498 2637 διωγμὸν
1528 2570 1648 2631 ταῖς
1680 2567 1912 2638 Ἐκκλη-

331 2658 477 2721 σίαις
517 2658 851 2727 ἐγείραντος,
912 2654 1103 2726 μαθὼν
1165 2655 1421 2727 Ἰωάννης
1484 2656 1789 2726 (αἰδέσιμος
1851 2658 1909 2711 δὲ

330 2736 489 2812 οὗτος
517 2745 574 2810 ὃς
615 2747 708 2800 καὶ
741 2746 881 2799 κατά
934 2746 1115 2816 σάρκα
1161 2747 1225 2799 ἐκ
1254 2746 1447 2813 γένους
1494 2746 1908 2816 ὑπεροχώτατος

331 2839 650 2909 ἐτύγχανεν,
686 2836 840 2892 οὔπω
874 2838 972 2908 μὲν
1010 2837 1234 2907 πολίτης
1286 2836 1320 2907 ἢ
1348 2838 1449 2905 τῆς
1475 2837 1709 2901 πίστεως
1737 2839 1907 2903 ἐγνω-

335 2928 536 2998 ρίζετο,
562 2931 628 2998 τῇ
657 2926 713 2980 δὲ
743 2928 1107 2997 στρατιωτικῇ
1133 2924 1261 2996 ἀξίᾳ
1284 2924 1638 2995 διαπρέψας),
1665 2927 1910 2996 τὰῚερο-

332 3018 1005 3095 σόλυμαριατελάμθανεν,
1048 3018 1144 3071 καὶ
1167 3015 1266 3087 τὴν
1300 3016 1466 3086 εὐχὴν
1500 3016 1578 3087 τῷ
1621 3016 1741 3088 Θεῷ
1774 3020 1912 3072 ἀπο-

327 3112 455 3176 δοὺς
521 3111 619 3183 τὴν
674 3110 1004 3182 εὐάρεστον,
1056 3111 1138 3172 είς
1194 3109 1468 3176 Αἴγυπτον
1512 3108 1750 3179 ἔρχεται,
1813 3112 1912 3180 τῆς

329 3202 524 3274 φήμης
550 3200 714 3255 αὐτὸν
743 3199 879 3270 πρὸς
927 3197 1107 3268 Κῦρον
1154 3197 1420 3266 ἐλκούσης
1451 3197 1540 3250 τὸν
1582 3196 1759 3266 ἅγιον,
1818 3200 1913 3251 καὶ

2083 2478 2135 2533 8.
2169 2476 2244 2529 Eo
2312 2486 2553 2545 tempore
2602 2473 2824 2527 Romani
2860 2468 3070 2543 imperii
3109 2483 3381 2544 sceptrum
3417 2474 3599 2543 inique

2012 2577 2335 2623 consecutus
2366 2576 2485 2622 erat
2511 2565 2908 2631 Diocletianus,
2938 2576 2990 2619 et
3014 2567 3320 2635 ubicunque
3341 2564 3597 2619 Ecclesiis

2009 2659 2371 2713 suscitaverat
2435 2656 2888 2725 persecutionem.
2927 2653 3051 2707 llaec
3091 2653 3181 2707 ubi
3223 2652 3370 2705 audit
3425 2650 3583 2706 Joan-

2007 2766 2103 2805 nes
2130 2748 2550 2811 illustrissimus,
2579 2761 2774 2816 genere
2801 2745 3014 2809 nobilis,
3045 2743 3167 2798 ﬁdei
3198 2744 3333 2797 civis
3361 2744 3597 2797 nondum

2015 2838 2386 2903 deuuntiatus,
2422 2845 2507 2892 ast
2545 2851 2602 2891 re
2644 2835 2861 2890 militari
2910 2834 3406 2903 prrestantissimus,
3444 2830 3601 2887 Jeru-

2016 2932 2181 2987 salem
2206 2932 2376 3001 petiit,
2414 2939 2471 2983 ut
2502 2927 2855 2998 gratissimas
2890 2927 2997 2979 Deo
3029 2939 3216 2994 preces
3244 2923 3595 2992 persolveret.

2017 3023 2657 3093 VcneratinIEgyptum,
2702 3036 2810 3089 quo
2857 3018 3001 3072 illum
3041 3017 3181 3071 fama
3232 3019 3297 3069 ad
3349 3026 3594 3070 sanctum

1987 3116 2217 3188 varum
2257 3116 2583 3184 perduxerat
2611 3122 2662 3167 et
2694 3111 2835 3165 inter
2858 3124 2994 3178 quos
3021 3108 3330 3163 communis
3365 3106 3463 3159 fuit
3506 3106 3599 3158 ha-

2023 3208 2239 3262 bitatio.
2266 3203 2325 3259 In
2344 3205 2542 3258 virtute
2573 3205 2800 3256 multum
2827 3202 3077 3268 profecit,
3100 3200 3227 3254 dum
3283 3197 3599 3251 sanationcs

328 3293 408 3356 ὡς
466 3290 751 3361 ὁμοπίστῳ
802 3288 882 3358 τῷ
932 3286 1190 3358 μακαρίῳ
1234 3283 1580 3356 συνῴκησεν·
1624 3290 1718 3339 καὶ
1772 3287 1910 3359 πρὸς

2018 3314 2045 3351 a
2076 3298 2218 3369 Cyro
2252 3296 2460 3351 videret
2499 3293 2791 3362 petfeclas.
2829 3292 3000 3362 Magis
3050 3306 3179 3344 vero
3236 3290 3600 3343 invalesceute

329 3382 555 3454 ἀρετὴν,
587 3382 728 3453 δρῶν
756 3380 853 3444 τὰς
888 3380 1056 3442 ἰάσεις
1101 3377 1561 3446 ἐπιτελουμένας,
1612 3377 1911 3441 ἐξετείνετο

330 3475 581 3530 πλείονα·
615 3472 709 3528 τοῦ
740 3470 978 3542 διωγμοῦ
1011 3471 1070 3524 δὲ
1100 3470 1465 3541 σφοδρότερον
1498 3470 1907 3539 ἐπιφλύζοντος,

330 3567 428 3622 καὶ
453 3564 728 3620 Κασιανοῦ
749 3564 847 3634 τῆς
879 3567 937 3616 ἐν
970 3561 1227 3633 Κανώπῳ
1242 3562 1564 3632 Ἑλληνικῆς
1598 3564 1910 3634 ίερατεύον-

331 3675 426 3721 τος
448 3657 836 3726 ματαιότητος,
857 3653 1156 3724 παρθένους
1168 3656 1315 3724 τρεῖς
1328 3653 1420 3706 τὸν
1445 3654 1610 3707 τόπον
1625 3654 1779 3707 οίκού
1790 3671 1907 3719 σας,

327 3747 570 3819 Χριστὸν
621 3746 679 3799 δὲ
727 3731 1233 3821 μνηστευσαμένας,
1285 3744 1335 3797 οἱ
1386 3744 1524 3815 πρὸς
1586 3743 1684 3815 τὴν
1733 3746 1909 3815 ἄγραν

326 3836 537 3908 ταύτην
594 3836 967 3907 ἀφωρισμένοι
1018 3835 1332 3900 συνέλαϐον,
1391 3836 1487 3889 καὶ
1539 3835 1743 3897 ταύτας
1806 3836 1905 3889 σὺν

329 3931 502 4003 μητρὶ
537 3929 788 4000 Συριανῷ
849 3927 1248 3999 προσφέρουσιν
1276 3927 1356 3997 τῷ
1399 3926 1501 3996 τῆς
1555 3929 1767 3992 πόλεως
1808 3929 1910 4000 ἄρ-

335 4036 481 4093 χοντι
501 4034 516 4050 ·
542 4021 664 4073 τότε
692 4020 763 4072 τά
789 4020 917 4087 περὶ
954 4018 1132 4072 αὐτῶν
1166 4017 1421 4089 ἀκηκοὼς
1462 4018 1646 4087 Κῦρος
1676 4020 1704 4072 6
1730 4019 1908 4087 ἅγιος,

335 4112 427 4166 Ital
460 4112 610 4183 φόϐῳ
645 4110 924 4182 συσχεθεὶς
952 4111 1028 4174 ὡς
1081 4111 1447 4181 φιλόχριστος,
1501 4112 1575 4182 μὴ
1609 4114 1708 4175 τάς
1749 4111 1911 4183 βασά-

334 4218 454 4263 ιους
489 4201 564 4266 ὡς
605 4201 779 4271 μικρά
811 4201 879 4254 τὰ
912 4203 1173 4271 μειράκια
1204 4200 1583 4267 δειλιάσαντα,
1625 4202 1717 4255 τὸν
1771 4203 1910 4273 Χρι-

332 4292 457 4347 στὸν
479 4292 847 4362 ὲξομόσωνται
887 4297 981 4344 καὶ¹
1008 4291 1108 4362 τὴν
1135 4292 1318 4345 πίστιν
1350 4294 1705 4363 ἀρνήσωνται
1738 4294 1827 4346 διὰ
1849 4294 1910 4347 τὸ

324 4383 430 4453 τῆς
461 4382 680 4454 ἡλικίας
719 4384 838 4436 λίαν
872 4382 1211 4453 βραχύτατον
1236 4401 1249 4413 ο
1306 4383 1423 4452 (καὶ
1450 4384 1558 4455 γὰρ
1611 4384 1908 4457 Θεοκτίστη

326 4474 492 4527 πέντε
518 4474 614 4528 καὶ
669 4474 803 4529 δέκα
835 4473 910 4538 ὡς
954 4472 1255 4546 πρεσϐῦτις
1292 4474 1471 4528 αὐτῶν
1525 4476 1903 4545 προσετύγχα-

324 4578 458 4617 νεν·
515 4563 635 4633 ἡδὲ
686 4563 895 4634 ταύτης
940 4563 1173 4633 δευτέρα
1219 4564 1449 4635 Θεοδότη
1512 4564 1632 4628 ἔτος
1678 4565 1900 4633 διήνυεν

326 4655 782 4725 τρισκαιδέκατον
802 4670 816 4685 ⁸
853 4654 1080 4720 Εὺδοξία
1101 4654 1158 4708 δέ
1192 4656 1225 4725 ὴ
1256 4656 1463 4709 τούτων
1514 4656 1720 4726 ὑστάτη
1783 4654 1902 4719 ἔτος

326 4740 468 4815 ἦγεν
527 4744 841 4798 ἑνδέκατον·
885 4742 1181 4799 ’Δθανασία
1236 4744 1294 4797 δὲ
1344 4742 1551 4798 τούτων
1611 4745 1643 4814 ἡ
1714 4746 1900 4815 μήτηρ

326 4828 671 4908 φέρωνύμως
726 4836 984 4906 ἐλέγετο·
1066 4835 1166 4907 τῆς
1222 4835 1331 4907 γὰρ
1380 4835 1549 4900 ὅντως
1612 4835 1911 4899 ἀθανασίας

331 4927 673 4999 κληρονόμος
708 4928 929 4997 ἐγένετο
968 4929 1066 4982 σὺν
1116 4931 1228 4992 τοῖς
1281 4927 1454 4997 αὐτῆς
1508 4928 1907 4992 ποθεινοτάτοις

325 5018 687 5089 γεννήμασιν)
712 5036 727 5051 ·
758 5019 826 5072 δι’
848 5019 937 5086 ἀς,
960 5019 1204 5080 εἰπόντες
1233 5019 1308 5082 ὡς
1330 5014 1596 5090 ἕφθὴμεν,
1633 5020 1909 5083 δειλιάσας

328 5107 517 5179 Κῦρος
544 5109 698 5179 ἅγιος
728 5112 823 5165 σὺν
870 5112 1092 5184 Ἰωάννῃ
1136 5111 1235 5182 τὴν
1269 5110 1425 5163 πόλιν
1471 5110 1761 5176 είσδύεται,
1794 5113 1890 5168 καὶ

2019 3390 2419 3460 persecutione,
2456 3387 2751 3442 Cassianus
2778 3386 2869 3453 qui
2894 3383 3097 3449 Canopi
3132 3380 3445 3435 Graecorum
3502 3394 3598 3431 va-

2014 3482 2168 3535 nitati
2203 3480 2572 3542 sacrificabat,
2613 3479 2831 3532 rescivit
2861 3476 3057 3537 locum,
3094 3475 3182 3526 ubi
3213 3484 3321 3525 tres
3339 3472 3598 3536 virgines,

2013 3569 2233 3624 Christo
2259 3570 2619 3637 desponsam,
2655 3567 2942 3633 degebant.
2982 3564 3177 3617 Emisit
3208 3563 3298 3632 qui
3359 3564 3599 3627 virgines

2013 3660 2410 3716 insectarentur
2426 3668 2479 3713 et
2499 3673 2601 3711 una
2625 3673 2748 3712 cun:
2774 3667 2946 3709 matre
2964 3666 3182 3725 agerent
3201 3656 3266 3709 ad
3285 3654 3600 3726 Syrianum,

2012 3752 2295 3820 praesidem
2334 3749 2503 3803 urbis.
2538 3748 2649 3802 llas
2685 3758 2739 3801 ut
2770 3756 2958 3815 captas
2994 3746 3199 3800 audivit
3228 3755 3449 3800 sanctus
3499 3745 3598 3814 Cy-

2016 3859 2134 3907 rus,
2175 3843 2366 3895 timore
2392 3840 2672 3909 perculsus
2702 3848 2790 3894 est
2831 3853 2898 3892 ne
2924 3846 3318 3891 tormentorqu
3371 3837 3599 3892 horrore

2012 3932 2289 3989 Christqu
2319 3930 2595 4000 ejurarent
2617 3941 2670 3984 et
2696 3930 2853 3985 ﬁdem
2880 3938 3141 3998 negarent
3158 3928 3594 3993 adolescentulam

2012 4038 2132 4092 qua:
2165 4023 2319 4075 anuis
2336 4029 2490 4076 erant
2524 4020 3050 4087 tenerrimtennajor
3082 4020 3224 4073 enim
3254 4030 3382 4072 natu
3418 4018 3595 4074 Theo-

2012 4115 2193 4180 CIista,
2243 4113 2426 4167 decem
2476 4120 2530 4166 et
2577 4112 2815 4180 quinque
2855 4110 3086 4165 habebat
3124 4126 3330 4175 annos;
3364 4113 3597 4165 secunda

2014 4214 2216 4268 autem,
2263 4201 2525 4266 Deodata,
2555 4203 2772 4258 tertium
2804 4201 3073 4256 decimqu
3110 4200 3421 4269 perﬁciebat
3446 4215 3461 4265 ;
3491 4200 3595 4253 Eu-

2015 4298 2180 4352 doxia
2207 4310 2360 4359 vero,
2405 4305 2530 4349 natu
2580 4296 2757 4348 minor
2788 4309 2987 4348 annum
3030 4293 3183 4347 duxit
3226 4292 3592 4347 undecimum.

2013 4388 2220 4444 Harum
2263 4397 2462 4452 mater,
2493 4388 2813 4448 Athanasia,
2847 4401 2979 4441 vere
3006 4395 3060 4439 et
3086 4383 3596 4453 proprieimmorta-

2012 4480 2081 4535 lis
2144 4480 2486 4534 vocabatur:
2547 4478 3016 4531 immortalitatem
3082 4489 3271 4543 reapse
3304 4482 3593 4527 consecuta

2013 4578 2096 4625 est
2126 4584 2247 4623 cum
2276 4566 2750 4622 desideratissimis
2780 4564 2993 4618 ﬁliabus
3018 4563 3152 4616 suis.
3176 4561 3410 4628 Propter
3451 4560 3592 4624 illas,

2010 4669 2067 4715 ut
2124 4658 2384 4723 diximus,
2445 4657 2743 4711 timuerunt
2776 4662 3001 4708 sanctus
3020 4651 3193 4723 Cyrus
3223 4662 3277 4704 et
3305 4648 3546 4704 Joannes
3577 4664 3633 4732 ;’

2009 4749 2240 4818 ideoque
2276 4754 2567 4818 penetrant
2617 4746 2670 4799 iu
2720 4745 2935 4808 urbem,
2978 4753 3035 4796 ut
3071 4752 3196 4796 natu
3225 4751 3278 4795 et
3307 4755 3440 4795 sexu
3488 4738 3597 4792 fra-

2012 4840 2148 4911 giles
2179 4841 2245 4893 ad
2284 4854 2510 4908 agonem
2545 4838 2810 4902 excitent,
2846 4835 3135 4889 tormentis
3181 4833 3491 4900 superiores
3520 4830 3599 4882 la-

2009 4932 2172 4994 ciaut,
2206 4930 2409 4987 (Ihristi
2447 4929 2642 4999 Sponsi
2702 4942 2928 4998 regnum
2979 4926 3232 4979 suasione
3268 4932 3593 4992 praeparent,
3679 4960 3685 4965 .

2011 5024 2276 5077 castitatis
2335 5024 2615 5091 imponant
2676 5033 2953 5084 coronam,
2991 5018 3246 5088 gaudium
3300 5025 3356 5068 et
3398 5013 3595 5069 indesi-

2001 5123 2216 5169 nentem
2259 5114 2498 5167 ltetitiam
2533 5122 2810 5181 praestent.

326 5201 431 5265 τὰς
483 5200 768 5273 λεχθείσας
804 5203 967 5273 ἁγίας
1028 5204 1163 5276 πρὸς
1212 5204 1338 5267 τοὺς
1406 5204 1626 5272 ἀγῶνας
1668 5204 1906 5275 ἀλείφων
1971 5207 2113 5277 ὑπὲρ
2173 5206 2334 5275 φύσιν
2362 5205 2657 5275 διήγειρεν,
2729 5206 2823 5258 καὶ
2867 5204 2977 5256 τῶν
3038 5202 3286 5273 βασάνων
3341 5198 3596 5255 κατατολ-

330 5292 463 5363 μᾷν,
494 5294 584 5345 καὶ
626 5292 702 5364 μὴ
730 5290 929 5363 δειλιᾷν
952 5292 1040 5345 διὰ
1065 5293 1163 5363 τὴν
1187 5291 1425 5363 Χριστοῦ
1456 5291 1549 5346 τοῦ
1588 5295 1896 5365 μνηστῆρος
1936 5294 2218 5364 βασιλείαν
2249 5294 2484 5358 ἔπειθεν,
2508 5294 2633 5357 τοὺς
2695 5295 2796 5363 τῆς
2849 5294 3071 5363 ἁγνείας
3155 5294 3347 5357 αὐταῖς
3395 5289 3596 5359 στεφά-

330 5400 462 5448 νους
494 5384 836 5456 ὖπέγραερεν,
895 5385 991 5438 καὶ
1042 5386 1217 5455 χαρᾶς
1246 5384 1401 5452 λῆξιν
1438 5385 1531 5438 καὶ
1578 5387 1915 5459 εὐφροσύνην
1954 5389 2103 5453 τέλος
2134 5388 2210 5459 μὴ
2239 5388 2488 5458 ἔχουσαν.

406 5476 474 5533 θ’.
514 5477 656 5532 Ἀλλ’
682 5479 711 5532 6
740 5478 1018 5549 ἀλιτήριος
1044 5478 1235 5548 ἐχθρὸς
1268 5478 1431 5533 πάλιν
1464 5479 1554 5533 διὰ
1596 5478 1705 5532 τῶν
1752 5480 1911 5534 ἀνιαυ

332 5568 452 5645 ρῶν
500 5569 793 5642 ὑπηρετῶν
844 5570 1010 5624 αὑτοῦ
1077 5571 1343 5641 φανεροὺς
1394 5573 1523 5635 τοὺς
1576 5571 1765 5641 ἁγίους
1801 5591 1913 5645 ,πε-

333 5633 677 5733 ῖποίητο,
734 5660 811 5734 τῷ
854 5633 1100 5733 ἄρχοντι.
1133 5633 1432 5732 διαρρήδην
1483 5633 1905 5733 γνωρισθένέες,

2094 5458 2263 5535 9.Ast
2296 5479 2572 5536 maleficus
2615 5480 2707 5535 ille
2755 5479 3028 5546 inimicus,
3076 5496 3175 5550 per
3226 5458 3593 5537 intolerandus

2017 5586 2312 5627 conservos
2342 5585 2471 5627 suos
2498 5569 2864 5624 manifestavit
2882 5572 3095 5639 praesidi
3116 5584 3333 5627 sanctos
3358 5581 3591 5636 nostros,

2019 5674 2074 5718 et
2107 5663 2266 5736 hujus
2294 5671 2529 5719 ruentem
2562 5661 2850 5719 oﬂ‘uscaut.
2879 5661 3199 5732 Priusquam
3242 5665 3310 5720 ad
3343 5663 3592 5734 praesidis
