4002 6316
313 303 456 366 3685

1462 297 1560 358 DE
1596 297 1699 357 SS.
1732 292 1925 356 CYRO
1950 296 2060 385 ἘΤ
2096 294 2405 356 JOANNE.

3448 290 3589 355 3686

309 419 467 486 πυρὶ,
516 414 576 467 οὺ
619 411 728 473 τοῖς
786 411 1206 483 στρεϐλωτικοῖς
1246 412 1356 466 τῶν
1408 414 1586 485 μελῶν
1619 414 1895 483 ὀργάνοις,

2003 430 2165 484 aqua,
2209 429 2306 467 nec
2354 413 2487 481 igni,
2530 426 2629 467 nec
2652 411 3023 467 membrorum
3078 410 3431 465 distentorum
3467 423 3584 462 ma-

309 503 617 576 ἀποκαμὼθ
648 504 744 557 καὶ
794 503 1009 567 τούτοις
1057 503 1155 574 τὴν
1192 503 1371 573 ψῆφον
1402 506 1681 575 ἐπήγαγεν
1718 505 1898 575 φήσας

271 592 504 672 ,οὕτως’
567 596 751 664 Κῦρον
800 594 890 647 τὸν
933 595 1041 647 τῶν
1092 595 1392 648 Γαλιλαίων
1440 596 1774 666 προστάτην,
1806 595 1899 647 καὶ

323 688 578 761 Ἰωάννην
612 689 704 742 τὸν
728 687 921 741 τούτου
953 687 1254 759 ὁμόφρονα,
1286 692 1400 753 τοῖς
1428 689 1763 758 θεσπίσμασι
1793 686 1901 740 τῶν

310 782 734 853 αὐτοκρατόρων
773 781 848 851 μὴ
876 778 1150 845 εἴξαντας,
1180 781 1276 833 καὶ
1303 783 1417 844 τοῖς
1448 781 1729 851 μεγίστοις
1757 781 1899 844 θεοῖς

307 873 596 946 λατρεύειν
627 874 727 943 οὐχ
760 871 1072 940 ἑλομένους,
1110 873 1379 944 κεφάλικῇ
1413 872 1656 943 τιμωρίᾳ
1686 873 1899 940 ὑπάγο-

315 983 436 1035 μεν·
468 965 561 1018 καὶ
591 963 765 1036 ταύτῃ
797 965 863 1034 τῇ
894 962 1062 1033 ψήφῳ
1101 964 1191 1017 τὸν
1221 964 1320 1033 τῆς
1361 964 1673 1034 ἀφθαρσίας
1703 963 1897 1033 ἀνεδὴ-

314 1073 477 1109 σαντο
510 1056 793 1124 στέφανον’
823 1057 1036 1127 ἡμέραν
1062 1050 1207 1126 εἶχεν
1229 1056 1499 1125 τριακάδα
1530 1057 1755 1126 πρώτην
1790 1054 1898 1125 μὴν

324 1145 704 1215 Ἰαννουάριος,
752 1145 841 1197 ὅτε
869 1147 965 1213 τὴν
993 1146 1175 1197 πίστιν
1207 1147 1566 1215 τηρήσαντες,
1598 1144 1687 1197 τὸν
1702 1144 1899 1214 δρόμον

310 1239 359 1288 οἱ
395 1239 540 1304 ἆγιοι
581 1237 672 1289 τὸν
719 1235 1008 1303 ἀθλητικὸν
1057 1237 1448 1289 ἐκτετέλεκαν·
1490 1235 1750 1306 παρθένοι
1800 1234 1899 1304 μὲν

312 1328 407 1379 καὶ
437 1324 673 1396 Χριστοῦ
698 1326 929 1394 ονύμφαι
971 1329 1121 1397 τρεῖς
1154 1327 1477 1393 Θεοκτίστη,
1515 1324 1771 1394 Θεοδότη,
1805 1325 1926 1381 καὶ.

313 1417 572 1480 Εὐδοξίαν,
623 1416 718 1470 καὶ
769 1417 802 1486 ἠ
852 1416 1056 1480 ταύτας
1106 1416 1462 1486 βλαστήσασα
1515 1415 1613 1467 καὶ
1658 1413 1899 1478 εὐσεϐῶς

314 1507 738 1577 ἀναθρεψαμένη
784 1507 1099 1571 Ἀθανασία,
1137 1506 1317 1577 Κῦρός
1341 1522 1400 1558 τε
1427 1509 1454 1558 ό
1484 1504 1658 1565 άϐεἱᾶς
1687 1506 1714 1556 ὁ
1749 1504 1898 1573 φιλό-

314 1599 434 1661 θεο;
456 1638 470 1662 ,
504 1601 597 1651 καὶ
640 1599 894 1669 Ἰωάννης
927 1597 1266 1668 στρατιώτης
1299 1600 1326 1651 ό
1362 1596 1552 1650 τούτου
1603 1595 1898 1665 ὁμόπιστος

315 1691 409 1744 καὶ
441 1690 701 1761 ὁμότιμος
724 1706 738 1721 ·
787 1689 880 1743 καὶ
924 1689 1023 1753 τὰς
1058 1689 1157 1756 μὲν
1206 1690 1355 1761 τρεῖς
1394 1687 1556 1756 ἁγίας
1592 1686 1896 1755 παρθένους

2004 504 2200 568 chinis,
2259 503 2587 574 defatigatus
2637 512 2721 559 est
2768 501 3033 574 Syriauus
3107 513 3161 557 et
3214 504 3355 556 hanc
3394 503 3446 555 in
3494 515 3584 555 eos

2006 593 2129 646 tulit
2177 594 2503 647 sententiam
2559 612 2571 647 :
2631 613 2649 645 ι
2704 593 2909 664 Cyrus,
2950 592 3294 648 Galilzeorum
3340 591 3476 653 dux,
3535 603 3585 669 et

2003 683 2245 739 Joannes
2289 695 2470 739 ruente
2514 695 2939 747 consentaneus,
2976 684 3169 739 edictis
3212 682 3441 738 Cassaris
3480 699 3584 735 non

2003 777 2273 838 cedentes,
2323 776 2683 845 maximisque
2730 778 2833 831 diis
2864 776 3128 830 inservire
3160 789 3435 844 negantes,
3471 788 3585 842 pm-

2006 883 2130 920 nam
2156 868 2351 936 capitis
2384 869 2663 923 subibunt.
2705 886 2723 918 ι
2755 867 2865 923 llac
2909 866 3256 922 damnatione
3304 868 3589 919 immorta-

2010 956 2179 1011 litatis
2205 973 2460 1010 corouam
2486 959 2588 1013 sibi
2613 959 2982 1023 vindicarunt,
3006 957 3091 1011 die
3118 958 3388 1012 tricesima
3415 962 3586 1024 prima

2005 1046 2270 1112 Januarii,
2308 1064 2416 1119 quo
2470 1059 2829 1105 servaverunt
2879 1049 3062 1115 ﬁdem,
3097 1064 3315 1102 cursum
3365 1057 3418 1101 et
3467 1062 3587 1101 cer-

1996 1147 2187 1191 tamen
2246 1139 2659 1206 compleverunt
2722 1141 2957 1210 virgines
3010 1150 3063 1193 et
3111 1138 3311 1193 Christi
3372 1154 3588 1207 sponsze

2005 1227 2341 1295 Theoctista,
2378 1230 2613 1284 Demlata
2643 1243 2697 1290 et
2730 1232 2998 1298 Eudoxia,
3029 1241 3085 1284 et
3120 1247 3236 1299 qua:
3270 1232 3392 1285 illos
3428 1247 3588 1299 gene-

2006 1319 2145 1373 ravit
2192 1331 2247 1374 et
2294 1323 2345 1374 in
2394 1324 2596 1392 pietate
2624 1324 2882 1377 cuitu-ivit
2914 1334 3088 1376 mater
3109 1363 3124 1389 ,
3156 1322 3332 1390 Cyrus
3362 1323 3472 1375 Deo
3499 1337 3588 1375 ac-

2003 1412 2354 1479 ceptissimus
2402 1415 2588 1477 abbas,
2623 1426 2677 1468 et
2722 1414 2978 1476 Joannes,
3018 1414 3194 1478 miles,
3229 1414 3337 1467 illis
3387 1411 3491 1466 lizle
3535 1422 3589 1464 et

2004 1503 2211 1557 honore
2243 1505 2586 1571 conjunctus.
2626 1506 2877 1573 Virgines
2923 1516 3139 1559 sanctas
3182 1521 3283 1557 ttua
3327 1519 3448 1558 cum
3493 1518 3580 1573 ge-

2004 1590 2199 1643 nitrire
2262 1593 2329 1646 ad
2388 1593 2707 1647 orientalem
2773 1601 2982 1662 partem
3035 1594 3087 1646 in
3144 1592 3343 1662 templo
3396 1588 3580 1646 Sam-ti

2002 1676 2207 1744 Marci,
2255 1698 2363 1737 uno
2419 1685 2618 1740 leretro
2686 1687 3084 1753 deposuerunt;
3143 1685 3343 1755 Cyrum
3405 1695 3582 1738 autem

318 1788 415 1840 σὺν
440 1756 506 1857 τῇ
539 1756 773 1857 τεκούσῃ
803 1783 947 1837 κατά
964 1756 1389 1846 ἀνατολὰς-ναοῦ
1420 1780 1714 1849 τοῦἊγίου
1745 1780 1898 1849 Μάρ-

2006 1771 2436 1828 illustrissimum
2470 1785 2524 1828 et
2555 1776 2980 1828 conunilitouem
3011 1774 3275 1828 Joannem
3314 1775 3364 1827 in
3395 1773 3584 1827 eadem

317 1895 415 1930 κου
445 1877 754 1941 κατέθεντο,
791 1879 847 1930 ἐν
875 1875 1024 1946 αὐτῷ
1055 1877 1375 1945 δειμάμενοι
1404 1875 1560 1945 σορὸν
1596 1874 1895 1945 πρέποντα·

315 1969 501 2040 Κῦρον
528 1969 584 2025 δὲ
612 1969 703 2023 τὸν
734 1970 980 2040 ἀοίδιμον
1005 1968 1099 2022 καὶ
1140 1968 1393 2037 Ἰωάννην
1424 1967 1515 2019 τὸν
1546 1966 1730 2035 Κύρου
1761 1983 1899 2036 συμ-

319 2059 574 2129 μάρτυρα
612 2062 668 2112 ἐν
699 2058 847 2130 αὑτῷ
878 2059 954 2129 τῷ
984 2059 1118 2128 οἴκῳ
1140 2057 1232 2110 τοῦ
1255 2056 1580 2110 Ἀποστόλου
1608 2056 1701 2108 καὶ
1731 2054 1902 2123 Εὐαγ-

314 2152 565 2219 γελιστοῦ
592 2153 820 2223 Μάρκου
849 2150 1140 2204 κατέθεντο
1172 2151 1229 2202 ἐν
1257 2149 1400 2219 θήκῃ
1429 2151 1549 2219 μιᾷ.

392 2243 478 2313 ιβ’.
512 2242 717 2312 Χρόνου
748 2240 804 2293 δὲ
835 2238 1193 2310 προελθόντος
1220 2237 1320 2291 οὐκ
1349 2236 1557 2305 ὀλίγου,
1595 2237 1672 2300 ὼς
1704 2236 1899 2290 καθαί-

317 2352 468 2407 ρεσιν
520 2334 616 2403 μὲν
650 2334 748 2401 τῆς
780 2330 1097 2401 Ἑλληνικῆς
1144 2328 1454 2399 τυραννίδος
1501 2327 1771 2396 γενέσθαι,
1807 2329 1901 2380 καὶ

314 2426 674 2501 Χριστιανοὺς
702 2423 768 2478 τὰ
800 2424 1053 2507 σκῆπτρα
1074 2422 1345 2493 κρατῆσαι
1366 2421 1472 2507 ’τῆς
1499 2418 1787 2490 Ῥωμαίων
1802 2421 1899 2489 ἀρ-

316 2524 439 2591 χῆς,
463 2517 745 2571 Θεοδοσίου
794 2533 851 2569 τε
887 2501 992 2568 τοὶῗ
1031 2514 1268 2586 μεγάλου
1306 2501 1404 2582 τὴν
1457 2511 1731 2583 βασιλείαν
1766 2528 1898 2564 κατ-

315 2613 555 2683 έχοντος,
577 2610 672 2663 καὶ
693 2608 898 2678 ταύτην
928 2606 1161 2669 πίστεως
1190 2604 1375 2675 ἔργοις
1403 2601 1900 2674 κοσμήσαντος,-ὡς

317 2703 491 2773 βίϐλοι
521 2702 967 2769 ἐκκλησιαστικοὶ
1001 2696 1373 2768 μαρτυροῦσιν
1415 2695 1523 2748 τῶν
1557 2695 1900 2766 ἱστοριογρά-

315 2814 454 2864 φων,
487 2793 584 2848 καὶ
612 2793 753 2846 αὺτά
782 2791 838 2844 δὲ
874 2789 971 2861 βοᾷ
1006 2791 1172 2842 πᾶσιν
1209 2787 1276 2841 τά
1314 2787 1618 2857 πράγματα
1642 2801 1654 2815 ·
1697 2788 1826 2855 μιᾶς
1853 2786 1898 2838 δ’

313 2887 407 2942 ιῦν
449 2885 612 2941 αὑτοῦ
665 2886 761 2940 καὶ
787 2886 950 2954 ἡμεῖς
997 2881 1198 2952 ἀρετῆς
1245 2880 1714 2951 μνημονεύσωμεν
1764 2880 1901 2951 πρὸς

312 2981 417 3049 τὴν
461 2978 571 3032 τῶν
613 2977 917 3048 εἰρημένων
949 2974 1245 3040 ἀπόδειξιν·
1280 2973 1524 3043 Πόλεμον
1555 2972 1704 3043 αὐτῷ
1737 2990 1901 3041 φασιν

2004 1863 2237 1930 apostoli
2275 1875 2328 1919 et
2373 1866 2724 1936 evangelista:
2764 1860 2932 1921 Marci
2981 1867 3116 1928 aede,
3152 1879 3259 1920 uno
3294 1861 3469 1918 loculo
3496 1875 3584 1916 se-

2002 1956 2293 2026 pelierunt.
3048 1968 3057 1973 '

2078 2234 2165 2289 12.
2208 2232 2394 2304 Longo
2425 2244 2611 2302 poswa
2653 2244 2897 2303 tempore
2943 2233 3147 2299 evenit,
3184 2242 3241 2287 ut
3270 2231 3581 2287 Grmcorum

2005 2329 2292 2398 imperium
2342 2329 2714 2381 destrueretur
2761 2336 2815 2380 et
2866 2325 3163 2381 Christiani
3213 2324 3581 2380 Romanorum

2004 2433 2173 2489 regno
2226 2419 2384 2488 potiti
2430 2419 2561 2472 sint.
2608 2417 2894 2487 Sceptrum
2947 2418 3119 2472 tenuit
3155 2414 3492 2472 Theodosius
3529 2428 3584 2471 et

2006 2512 2125 2564 lidei
2181 2510 2440 2579 operibus
2494 2509 2840 2572 itouestavit,
2887 2509 2963 2562 uti
3015 2509 3067 2562 in
3121 2511 3437 2565 auctoribus
3491 2527 3582 2566 ec-

2003 2601 2325 2657 clesiasticis
2357 2599 2657 2669 legendum
2704 2609 2786 2654 est
2817 2609 2870 2654 et
2911 2616 2997 2655 res
3033 2600 3275 2670 ipsacmet
3322 2602 3579 2658 clamant.

2003 2695 2080 2749 Ad
2118 2694 2497 2764 probationem
2537 2694 2805 2745 dictorum
2850 2708 3016 2745 unum
3061 2693 3359 2747 referemus
3393 2708 3582 2747 exem-

2004 2790 2175 2860 plum.
2227 2788 2440 2860 Dicitur
2491 2786 2690 2840 bellum
2739 2786 3054 2854 imperatori
3087 2798 3332 2840 exortum
3364 2802 3485 2841 esse
3514 2789 3583 2841 ab

2001 2854 2439 2932 occidentalibus
2474 2876 2722 2944 partibus
2759 2874 2910 2945 regni
2946 2893 2959 2928 :
2992 2889 3058 2928 ex
3092 2890 3358 2930 consensu
3397 2887 3584 2931 mutuo

2004 2969 2288 3040 perplures
2326 2976 2691 3021 surrexerunt
2723 2976 2947 3036 gentes;
2991 2967 3239 3020 nationes
3279 2967 3584 3023 misceban-

314 3073 381 3124 ἐκ
411 3069 522 3123 τῶν
557 3068 786 3121 δυτικῶν
830 3065 1149 3135 κεκινῆσθαι
1185 3064 1368 3137 μερῶν
1392 3104 1406 3129 ,
1445 3064 1716 3118 πλείστων
1758 3065 1897 3117 ὅσων

2006 3071 2093 3113 tur
2132 3058 2462 3123 nationibus,
2498 3054 2778 3112 irruebant
2811 3072 2907 3112 ceu
2936 3057 3002 3112 de
3055 3068 3239 3112 monte
3280 3060 3585 3128 pra‘cipitcs

314 3158 484 3213 ἐθνῶν
515 3157 579 3210 Ex
604 3173 751 3219 τινος
778 3154 1097 3226 συμφωνίας
1125 3152 1571 3218 ἐπαναστάντων,
1601 3155 1695 3206 καὶ
1723 3152 1893 3207 ἐθνῶν

313 3250 492 3304 ἔθνεσι
540 3247 921 3319 μιγνυμένων,
957 3243 1050 3298 καὶ
1097 3246 1155 3298 ἐν
1199 3246 1309 3307 τοῖς
1349 3241 1719 3314 προλαϐοῦσιν
1756 3246 1889 3314 συρ-

316 3347 548 3418 ρεόντων
598 3342 913 3415 χειμάρρων
948 3339 1139 3408 ὥσπερ
1181 3336 1435 3407 ἀλλήλοις
1487 3335 1890 3408 ἐπιρρεόντων,

314 3439 408 3492 καὶ
438 3436 706 3491 θάλατταν
732 3430 1194 3503 ἀπεργαζομένων
1217 3428 1295 3499 τῷ
1328 3426 1522 3499 πλήθει
1546 3428 1640 3480 τοῦ
1675 3427 1890 3490 ὕδατος,

314 3529 346 3601 ἢ
382 3529 537 3600 δίκην
566 3526 785 3599 ἀκρίδος
817 3526 911 3579 καὶ
937 3524 1167 3594 ψάμμου
1208 3520 1444 3591 ἀριθμὸν
1474 3521 1573 3574 οὐκ
1614 3521 1848 3590 ἐχόντων
1876 3537 1888 3549 ι

311 3622 403 3675 τὸν
430 3620 627 3690 εὐσεΕῆ
652 3619 709 3672 δὲ
728 3616 916 3670 τοῦτον
942 3614 1219 3667 Θεοδόσιον
1247 3612 1322 3682 μὴ
1346 3610 1484 3679 πρὸς
1509 3610 1711 3678 ἑτέρων
1732 3608 1903 3664 ἐθνῶν

2004 3162 2300 3218 torrentes,
2344 3161 2399 3206 et
2443 3153 2808 3207 intumescens
2844 3165 3016 3217 mare,
3070 3163 3344 3205 eteorum
3396 3169 3584 3206 nume-

2005 3261 2101 3298 rus
2141 3254 2260 3297 erat
2316 3244 2469 3313 quasi
2517 3236 2711 3296 [luctus
2751 3241 2953 3297 Oceani
3003 3251 3055 3296 et
3100 3242 3344 3312 ejusdem
3391 3259 3578 3298 arena.

2001 3335 2140 3391 Cum
2179 3335 2298 3403 pius
2337 3339 2631 3402 imperator
2662 3333 2798 3386 alias
2845 3334 2995 3388 adire
3032 3350 3136 3387 non
3173 3342 3355 3402 posset
3395 3343 3582 3402 gentes

2003 3440 2061 3480 ιιι
2107 3425 2282 3480 lmdus
2330 3424 2516 3489 iniret,
2550 3424 3012 3492 quemadmodum
3070 3426 3121 3477 iu
3172 3424 3584 3478 vehementibus

2002 3519 2184 3588 agitur
2215 3517 2482 3570 bellorum
2520 3516 2780 3580 motibus,
2816 3532 2967 3570 more
3004 3533 3102 3570 suo
3134 3518 3200 3570 ad
3243 3517 3410 3569 Deum
3454 3533 3585 3570 cou-

1969 3587 2169 3679 .itigil,
2198 3618 2252 3661 et
2283 3606 2432 3661 illum
2466 3606 2517 3660 in
2550 3607 2761 3660 lidclem
2795 3606 3095 3674 adjutorem
3130 3608 3421 3661 invocavit.

313 3714 647 3787 προτρέπειν
677 3710 850 3769 ἐλθεῖν
879 3710 958 3771 είς
993 3705 1294 3776 πρεσϐείαν
1325 3704 1561 3766 σπονδὰς
1593 3703 1896 3774 ὲμπράξαι,
1938 3698 2027 3755 οἷα
2064 3701 2210 3772 φιλεῖ
2258 3703 2323 3753 ἐκ
2368 3698 2478 3751 τῶν
2511 3698 2819 3769 άνισχύρων
2867 3700 2927 3752 ἐν
3002 3699 3251 3770 κινήσεσι
3328 3700 3582 3769 πολέμων

311 3806 583 3877 γίνεσθαι,
619 3805 695 3867 ὡς
725 3800 952 3870 σύνηθες
985 3798 1135 3870 αὐτῷ
1165 3797 1302 3865 πρὸς
1331 3797 1462 3850 Θεὸν
1491 3797 1890 3868 ἐπανέδραμεν,
1932 3796 2028 3850 καὶ
2056 3796 2240 3849 πίστιν
2279 3793 2470 3864 βοηθὸν
2500 3792 2872 3846 ἐπεσπάσατο.

387 3898 479 3967 ιγ’.
505 3895 709 3950 Μαθὼν
736 3894 843 3965 γὰρ
876 3892 1016 3947 κατὰ
1067 3892 1166 3959 τὴν
1194 3890 1394 3959 Σκῆτιν
1423 3887 1650 3959 (ἕρημος
1678 3888 1736 3942 δὲ
1762 3888 1902 3958 αὕτη

314 3990 465 4046 ἐστὶν
496 3988 630 4057 πρὸς
666 3986 940 4054 Αἴγυπτον
970 3978 1142 4044 οὕτως
1171 3978 1598 4052 ὀνομαζομένη),
1620 3980 1791 4050 ἄνδρα
1822 3980 1900 4049 τῷ

312 4083 465 4151 γένει
494 4079 812 4148 Αίγύπτιον,
850 4076 1021 4147 ἀρετῇ
1053 4074 1109 4127 δὲ
1146 4073 1294 4144 πάσῃ
1330 4074 1451 4145 θείᾳ
1476 4074 1769 4144 κομῶντα,
1803 4072 1897 4126 καὶ

312 4173 464 4236 θείας
492 4170 791 4242 ἠξιωμένον
813 4167 912 4236 τῆς
940 4167 1181 4236 χάριτος,
1218 4165 1315 4219 καὶ
1355 4167 1625 4236 μεγίστων
1658 4165 1902 4235 θαυματ-

309 4264 677 4337 ουργημάτων
715 4259 955 4331 ἐργάτην
977 4255 1311 4327 ὑπάρχοντα,
1338 4256 1475 4327 πρὸς
1517 4255 1776 4324 Θεόφιλον
1802 4256 1892 4308 εὐ-
1926 4293 1968 4347 D

314 4358 414 4422 θὺς
443 4355 645 4427 γράφει
676 4353 850 4415 οὖῖως
901 4350 1086 4422 (αὐτὸς
1127 4349 1235 4421 γὰρ
1262 4348 1371 4402 τῶν
1411 4350 1470 4401 ἐν
1509 4347 1889 4417 Ἀλεξανδρεία

310 4446 555 4521 Χριστοῦ
605 4444 871 4515 ποιμνίων
915 4443 995 4512 τῷ
1036 4441 1153 4495 κατ’
1204 4442 1379 4493 ἐκεῖνο
1417 4439 1606 4510 καιροῦ
1642 4438 1896 4509 κηδεμὼν

312 4536 686 4611 ἐγνωρίζετο),
722 4534 863 4588 ὥστε
889 4534 980 4588 τὸν
1005 4532 1369 4605 προλεχθέντα
1396 4531 1695 4601 θαυμάσιον
1727 4527 1896 4598 ἄνδρα

314 4631 454 4703 πρὸς
484 4628 645 4684 αὑτὸν
673 4626 977 4697 ἐκπέμψαι,
1009 4622 1472 4694 παρακαλέσαντα
1505 4621 1716 4692 βοηθεῖν
1746 4619 1893 4689 αὐτῷ

313 4725 436 4783 ταῖς
472 4721 608 4791 πρὸς
634 4717 767 4773 Θεδν
803 4718 1037 4780 ἱκεσίαις
1077 4718 1156 4779 εἰς
1184 4715 1276 4768 τὸν
1321 4713 1574 4785 πόλεμον,
1616 4711 1890 4765 πιστεύων

313 4813 513 4885 ὀρθῶς,
537 4812 629 4864 καὶ
660 4808 877 4871 εὔελπις
892 4806 990 4873 ὢν,
1005 4808 1087 4860 ὅτι
1108 4807 1323 4868 πάντως
1343 4805 1647 4875 γενήσεταισ
1668 4803 1804 4873 πρὸς
1829 4801 1889 4855 ὃν

314 4899 606 4973 ἐκδραμὼν
631 4900 659 4952 ὁ
681 4898 998 4961 ἐπίσκοπος,
1027 4898 1118 4950 καὶ
1138 4896 1238 4966 τὴν
1272 4895 1446 4948 αἰτίαν
1477 4892 1729 4960 ἐξειπὼν,
1761 4894 1891 4946 ἀνα-

316 4994 522 5047 ϐαίνειν
549 4990 684 5061 πρὸς
711 4989 805 5042 τὸν
838 4986 1145 5058 κρατοῦντα
1183 4984 1448 5039 νουθετῶν
1479 4984 1748 5053 ἐλιπάρει”
1780 4984 1807 5036 ὁ
1831 4983 1886 5034 δὲ

317 5083 605 5151 Σενούφιος
637 5079 817 5152 (τοῦτο
846 5078 954 5149 γάρ
980 5077 1151 5147 ὄνομα
1172 5076 1249 5146 τῷ
1282 5074 1539 5145 μακαρίῳ
1561 5073 1714 5143 ἀνδρὶ
1743 5069 1826 5144 [4]
1848 5075 1889 5140 ),

318 5173 625 5244 συγχωρεῖν
657 5169 806 5240 αὐτῷ
838 5170 928 5222 τὸν
971 5167 1233 5239 ἀρχιερέα
1271 5167 1543 5229 ἱκέτευεν,
1570 5163 1892 5235 ἁμαρτωλὸν

317 5267 509 5322 ἑαυτὸν
534 5260 674 5318 εἶναι
696 5263 872 5331 λέγων
905 5263 1000 5315 καὶ
1028 5262 1244 5330 ἀχρεῖον
1272 5257 1457 5311 δοῦλον
1482 5255 1771 5310 ἀποκαλῶν
1797 5254 1891 5307 τοῦ

316 5358 544 5430 Κυρίουο
595 5356 718 5409 ἐπεὶ
749 5355 807 5407 δὲ
849 5353 1250 5423 συγχωρήσεως
1292 5353 1475 5422 τυχεῖν
1522 5349 1618 5422 οὐχ
1665 5343 1777 5412 οἷός
1834 5364 1892 5402 τε

314 5453 560 5530 ⁴γέγονεν,
591 5446 735 5503 κατά
760 5444 1023 5508 ἀνατολὰς
1062 5444 1214 5513 ἔστη,
1248 5442 1342 5496 καὶ
1372 5441 1431 5494 τὸ
1456 5441 1724 5511 μαφόριον
1749 5439 1777 5491 ὃ
1800 5440 1895 5508 φέ-

2072 3889 2160 3943 13.
2216 3887 2437 3941 Audivit
2482 3886 2624 3939 enim
2675 3888 2742 3940 ad
2809 3888 3046 3948 Sceletn,
3082 3886 3146 3939 in
3185 3901 3369 3940 eremo
3411 3886 3580 3959 Ᾱὶςγ-

1999 3980 2204 4050 ptiaco,
2229 3980 2425 4049 degere
2450 3978 2727 4032 hominem
2756 3978 2976 4030 natione
3003 3977 3219 4045 quidem
3242 3977 3577 4049 IEgyptiuni,

1998 4072 2203 4125 virtute
2260 4079 2442 4124 autem
2497 4068 2678 4121 divina
2730 4069 3058 4121 instructum
3118 4076 3169 4120 et
3220 4070 3576 4122 maximorum

1998 4160 2388 4217 miraculorum
2433 4170 2807 4228 operatorem.
2858 4158 3052 4211 Statim
3100 4158 3293 4214 scribit
3331 4156 3578 4214 Theodo-

1998 4254 2112 4309 sius
2161 4255 2228 4307 ad
2277 4251 2666 4322 Theophilum,
2698 4250 2788 4319 qui
2836 4265 2902 4305 eo
2951 4262 3192 4322 tempore
3236 4236 3576 4309 Alexandria:

1997 4358 2216 4414 gregem
2290 4341 2496 4396 Christi
2553 4341 2742 4395 sedulo
2797 4342 3089 4407 pascebat,
3146 4351 3205 4397 ut
3260 4345 3572 4413 prtedictum

1995 4430 2298 4486 mirabilem
2335 4432 2511 4485 virum
2549 4431 2792 4485 mitteret
2834 4434 2900 4485 ad
2942 4433 3349 4502 imperatorem,
3387 4436 3573 4488 horta-

1996 4535 2255 4591 returque
2311 4524 2553 4592 pontifex
2618 4523 2792 4576 virum
2849 4531 3097 4576 sanctum
3160 4533 3220 4576 ut
3276 4540 3374 4594 pro
3433 4526 3573 4580 bello

1992 4616 2266 4685 supplices
2321 4617 2387 4667 ad
2441 4613 2612 4669 Deum
2667 4612 2969 4668 elTnmleret
3026 4629 3254 4683 preces;
3315 4618 3570 4671 credebat

1994 4710 2137 4765 enim
2193 4711 2491 4774 imperator
2542 4706 2869 4760 ﬁducialiter
2926 4715 2985 4759 et
3042 4707 3259 4762 fortiter
3317 4708 3573 4776 sperabat

1996 4802 2178 4857 Omnia
2224 4802 2429 4871 optime
2471 4798 2673 4853 futura.
2705 4798 3031 4854 Excucurrit
3078 4800 3240 4870 igitur
3279 4803 3573 4871 episcopus

1996 4894 2063 4946 ad
2100 4893 2275 4946 virum
2327 4897 2578 4946 sanctum
2622 4891 2808 4958 illique
2847 4894 3028 4945 omnia
3071 4892 3386 4959 declaravit,
3424 4909 3570 4964 quic-

1994 4983 2230 5051 sivitque
2298 4992 2358 5035 ut
2426 4982 2492 5034 ad
2557 4979 2917 5034 Theodosium
2988 4982 3260 5039 adveniret
3326 4995 3565 5039 sanctus.

1993 5071 2302 5141 Senupbius
2348 5081 2550 5139 autem,
2583 5075 2659 5126 sic
2691 5074 2834 5127 enim
2880 5075 3182 5128 vocabatur
3205 5076 3287 5127 vir
3316 5076 3569 5132 beatissi—

1993 5180 2134 5228 mus,
2172 5166 2389 5219 veniam
2426 5165 2529 5219 sibi
2582 5179 2612 5218 a
2669 5164 2925 5234 pontiﬁce
2971 5168 3196 5222 concedi
3226 5169 3376 5236 petiLt
3426 5171 3572 5237 quod

1992 5266 2138 5313 esset
2171 5258 2287 5327 ipse
2331 5267 2586 5326 peccator
2622 5265 2677 5312 et
2718 5255 2933 5311 Domini
2982 5257 3066 5311 sui
3111 5272 3299 5313 serius
3337 5259 3564 5314 inutilis.

1992 5351 2088 5409 Ast
2131 5364 2252 5404 cum
2306 5350 2518 5402 veniam
2580 5364 2686 5402 non
2750 5350 3129 5418 impetrasset,
3188 5351 3254 5406 ad
3301 5352 3578 5431 orientem.

1993 5439 2165 5504 stetit,
2208 5449 2262 5494 et
2297 5440 2521 5509 quodin
2554 5438 2799 5494 humeris
2835 5438 3047 5494 ferebat
3075 5440 3362 5498 humer-ale
3397 5444 3571 5497 mani~

1821 5560 2052 5618 ΝΟΤᾸΕ.

500 5664 574 5718 Ex
626 5664 728 5716 huc
784 5670 990 5725 nostro,
1022 5667 1082 5715 ut
1111 5673 1252 5723 reor,
1306 5656 1566 5727 apusculo
1610 5661 1886 5708 mutuatus
1926 5665 2011 5709 est
2061 5654 2306 5709 eamdem
2358 5655 2725 5709 narrationem
2774 5652 2967 5719 Glycas
3037 5651 3234 5707 Annal.
3300 5662 3443 5724 part.
3476 5651 3569 5709 Ν.

390 5666 474 5792 (4))
500 5666 574 5745 Es
626 5666 728 5716 huc
758 5677 819 5757 tu

391 5778 404 5791 .
480 5750 608 5789 arts.
633 5748 677 5792 ι).
718 5733 815 5784 Ξοι

317 5733 409 5795 ed.
435 5733 608 5792 Paris.
632 5748 677 5800 p.
718 5733 845 5784 2237.
