4002 6316
509 240 644 305 368Ἳ
696 308 711 317 ί

1420 243 1478 301 S.
1523 241 1935 301 SOPHRONII
1978 240 2483 301 PATl’tlAllCl‘Itli
2524 238 2928 299 lIlEBOSOL.

3651 238 3801 301 3(88

509 351 610 405 bus
642 349 754 404 suis
789 351 981 405 baculo
1016 351 1298 419 itttan‘Iil,
1340 353 1403 403 ad
1439 352 1635 406 cadum
1675 351 1895 405 sustulit
1929 360 1981 406 et
2011 352 2089 405 sic

2208 368 2305 403 per)
2336 351 2421 402 ἐπ’
2452 349 2615 421 ὤμων
2646 348 2759 420 εἶχε
2796 350 2987 419 συνντῇ
3026 348 3298 421 βακτηρία
3326 352 3442 413 ταῖς
3482 349 3647 419 χερσὶ
3674 350 3786 401 διο.-

508 443 838 497 exclamavit
881 463 892 497 :
933 464 950 494 ι
990 444 1221 497 Domine
1254 443 1378 498 Jesu
1428 444 1681 509 Christe,
1735 458 1898 514 quam
1960 442 2089 495 mihi

512 534 717 588 famulo
770 546 860 588 tuo
910 536 1179 604 peccatori
1237 536 1429 590 dcdisti
1480 538 1760 601 virtutem,
1810 537 1947 588 hanc
1998 535 2089 586 tri-

512 625 618 679 hue
664 626 856 680 baculo
894 626 1021 681 huic
1057 637 1110 681 et
1151 629 1455 694 maphoriu.
1501 648 1519 680 ι
1560 628 1923 682 Cnucedendo
1975 626 2094 680 illos

511 716 752 783 pontifici
804 717 939 771 dixit
978 734 992 771 :
1029 735 1046 768 ι
1080 718 1213 773 Cum
1263 720 1510 774 remittas
1544 718 1860 787 imperatori
1897 717 2093 780 scribe,

512 818 568 859 ut
628 809 913 877 maphorio
965 810 1267 865 circumdet
1317 821 1480 878 caput
1528 818 1582 862 ct
1631 810 1878 865 haenlnut
1932 824 2094 861 manu

513 908 724 961 teneat;
783 903 1050 968 prarcedct
1105 902 1219 971 ipse
1276 902 1577 953 exercitum
1630 902 1681 953 in
1734 900 1875 954 bello
1933 909 1987 953 et
2044 899 2096 952 in

514 990 650 1043 facie
688 991 958 1058 hostium;
1003 993 1205 1047 ctenim
1237 994 1280 1046 si
1314 992 1566 1046 Christus
1608 992 1749 1045 Dcus
1781 1007 1867 1045 me
1900 992 1952 1043 in
1986 1006 2101 1043 ser-

513 1098 635 1133 vum
686 1098 841 1135 suum
891 1084 1056 1137 habet
1102 1094 1155 1137 ct
1204 1100 1395 1153 preces
1443 1100 1591 1138 meas
1631 1085 1799 1147 audit,
1839 1098 1933 1151 per
1987 1083 2100 1136 lucc

514 1172 818 1237 victm-iam,
854 1185 1075 1242 propter
1106 1176 1262 1227 fidem
1290 1176 1340 1227 in
1374 1177 1540 1228 Deum
1576 1176 1746 1228 dabit.
1786 1193 1804 1225 ι
2044 1153 2062 1171 ’

2200 443 2449 514 κατέχων
2477 486 2491 509 ,
2529 444 2622 497 καὶ
2668 444 2802 513 πρὸς
2850 442 3079 510 οὐρανὸν
3120 443 3407 507 ἀνατείνας
3431 485 3446 504 ,
3482 444 3610 496 τάδε
3658 444 3797 513 πρ“.ς

2202 532 2364 585 αὐτὸν
2387 532 2699 599 ἀνεϐόησεν·
2736 551 2753 582 ι
2776 531 2945 600 Κύριε
2963 529 3140 602 Ἰησοῦ
3159 532 3360 602 Χριστέ
3386 535 3413 585 ό
3442 532 3577 594 Θεῖις
3610 534 3789 600 ἡμῶν,

2204 622 2431 691 οἵανπέρ
2468 640 2556 691 μοι
2599 622 2750 692 ἱσχτλν
2822 622 3061 686 δέδωκας
3107 622 3183 693 τῷ
3230 621 3307 690 σῷ
3359 614 3673 696 ἁμαρτωλῷ
3714 624 3796 672 οἱ-

2203 715 2372 786 κέτη,
2416 715 2663 785 παρασχε
2715 713 2809 765 καὶ
2854 711 3029 784 ταύτῃ
3083 731 3183 781 μου
3236 712 3511 783 βακτηρία
3566 712 3664 762 σὺν
3716 709 3797 778 τῷ

2205 807 2483 877 μαφορίῳ.
2521 826 2539 858 ι
2573 807 2681 858 Καὶ
2709 807 2832 869 δοὺς
2878 807 3018 857 αὐτὰ
3054 804 3132 874 τῷ
3173 807 3442 875 ἀρχιερεῖ,
3482 802 3611 856 τάδε
3658 802 3796 869 πρὸς

2203 899 2363 951 αὐτὸν
2396 897 2565 967 ἔφησε
2586 913 2598 927 ·
2636 917 2653 949 ι
2685 898 2868 950 Ταῦτα
2896 896 3115 966 πέμψας
3147 897 3224 966 τῷ
3264 894 3477 965 βασιλεῖ
3498 894 3701 963 γράφε,
3733 891 3796 942 τδ

2208 992 2304 1060 μὲν
2340 991 2606 1061 μαφόριον
2630 989 3024 1060 περιῦαλέσθαι
3058 992 3123 1058 τῇ
3155 988 3391 1056 κεφαλῇ,
3425 987 3518 1039 καὶ
3542 988 3607 1054 τῇ
3644 984 3792 1053 χειρὶ

2205 1086 2302 1154 τὴν
2338 1083 2641 1155 βακτηρίαν
2678 1083 3012 1152 κατέχοντα,
3053 1082 3158 1150 πρὸ
3202 1080 3404 1140 παντὸς
3454 1078 3656 1142 ἐξιέναι
3700 1076 3797 1127 καὶ

2206 1176 2369 1229 αὐτοῦ
2408 1175 2503 1229 τοῦ
2544 1175 2910 1245 στρατοπέδου
2945 1172 3111 1227 αὑτοῦ
3159 1174 3237 1233 εἰς
3276 1171 3366 1222 τὸν
3412 1170 3650 1237 πόλεμον
3696 1164 3794 1217 καὶ

510 1264 617 1317 τῶν
654 1266 910 1317 ἐναντίων
947 1265 1275 1334 παράταξιν·
1322 1265 1480 1333 εἴπερ
1530 1265 1637 1335 γάρ
1688 1282 1755 1332 με
1802 1267 2036 1335 Χριστὸς
2094 1270 2119 1320 ὁ
2185 1267 2316 1329 Θεὸς
2363 1265 2521 1337 ἡμῶν
2581 1269 2660 1328 είς
2720 1265 2907 1319 δοῦλον
2958 1263 3288 1331 λελόγισται,
3344 1262 3439 1315 καὶ
3488 1263 3590 1329 τῆς
3652 1258 3794 1328 ἐμῆς

511 1357 745 1427 δεήσεως
793 1358 1126 1427 ὲπακήκοεν,
1174 1359 1269 1411 καὶ
1312 1356 1409 1427 τὴν
1456 1357 1612 1427 νίκην
1652 1357 1738 1409 διὰ
1781 1360 1988 1412 τούτων
2034 1362 2098 1429 τῇ
2141 1359 2277 1430 πρὸς
2307 1357 2438 1410 Θεὸν
2462 1357 2644 1411 πίστει
2677 1357 3006 1426 δωρήσεται.

587 1449 673 1501 14.
713 1448 923 1513 Quibus
965 1450 1220 1516 receptis,
1263 1463 1361 1502 ceu
1410 1449 1619 1516 galeam
1662 1452 1858 1504 salutis
1908 1453 2100 1504 Imme-

515 1538 627 1593 rale
694 1553 792 1592 suo
864 1540 1029 1608 capiti
1091 1539 1345 1608 imposuit
1403 1538 1780 1606 Theudosius,
1832 1551 1885 1592 et
1943 1555 2099 1594 manu

2268 1451 2350 1504 ιδ’.
2383 1450 2754 1519 Πεμφθέντων
2780 1446 3070 1519 τοιγαροῦν
3091 1444 3199 1499 τῶν
3227 1443 3527 1512 λεχθέντων
3562 1444 3792 1511 κοσμεῖ-

2193 1562 2283 1597 ται
2323 1543 2421 1612 μὲν
2452 1545 2479 1595 ὁ
2504 1540 2802 1610 θεοστεφὴς
2833 1539 3115 1601 Θεοδόσιος
3134 1530 3576 1603 περικεφαλαίαν
3610 1551 3790 1604 σωτη-

513 1631 706 1685 dextra
757 1632 1010 1685 baculum
1064 1642 1308 1700 gestans,
1346 1632 1553 1699 primus
1593 1647 1622 1685 e
1668 1633 1901 1685 fidelium
1938 1647 2095 1687 exer-

2208 1636 2322 1705 ρίας
2371 1635 2560 1689 ἐλπίδα
2605 1634 2674 1687 to
2713 1632 3005 1703 μαφόριον,
3063 1630 3157 1684 καὶ
3196 1631 3261 1699 τῇ
3309 1628 3463 1697 δεξιᾷ
3497 1629 3642 1697 χειρὶ
3690 1628 3793 1693 τὴν

514 1723 625 1775 eitu
670 1722 723 1774 in
773 1736 1007 1791 pugnam
1062 1722 1349 1790 processit.
1395 1722 1464 1777 Ut
1505 1723 1722 1777 barbari
1764 1724 1911 1777 illum
1945 1726 2097 1777 vitle-

517 1823 662 1875 rnnt,
697 1813 882 1867 statim
924 1813 976 1866 in
1007 1811 1185 1881 fugam
1219 1815 1465 1867 conversi
1500 1824 1641 1880 sunt,
1681 1817 1891 1884 seipsos
1931 1817 2097 1871 inter-

514 1916 788 1971 emerunt,
825 1920 926 1959 nec
969 1906 1132 1959 telum
1182 1921 1282 1960 nec
1324 1906 1518 1960 vulnus
1563 1906 1631 1959 ab
1671 1910 1915 1962 exercitu
1952 1924 2101 1963 recc-

515 2006 749 2065 pernnt;
787 1999 851 2051 ad
887 1998 1047 2052 linem
1087 2014 1257 2067 usque
1308 1999 1533 2054 salutari
1587 1999 1692 2053 ista
1738 2001 1885 2070 galea
1935 2003 2100 2055 deco-

514 2088 623 2141 rari
675 2088 845 2142 voluit
892 2088 1015 2157 pius
1062 2090 1357 2159 imperator
1422 2106 1521 2160 pro
1578 2094 1721 2145 omni
1774 2093 2098 2146 diademate.

515 2178 838 2249 Popularem
929 2180 1092 2248 hujus
1183 2181 1310 2261 facti
1391 2181 1743 2237 festivitatem
1822 2185 2103 2238 celebrant

513 2272 853 2328 Alexandriae
934 2274 1160 2343 singulis
1225 2275 1427 2339 annis,
1491 2277 1594 2330 hoc
1659 2274 1854 2329 festum
1906 2273 2103 2343 Imagi-

514 2380 635 2417 nem
680 2366 983 2419 nomiuant.
1035 2363 1328 2436 Imaginem
1390 2365 1682 2420 Theodosii
1719 2367 1943 2429 habent,
1994 2381 2100 2434 qua

512 2468 678 2526 caput
708 2457 995 2525 mapborio
1030 2457 1305 2511 obtectmn
1346 2458 1599 2525 habetur,
1633 2460 1682 2511 in
1726 2475 1885 2512 mmm
1910 2459 2098 2512 uestra

515 2556 599 2600 est
638 2546 862 2602 baculus
908 2557 963 2601 et
1013 2547 1332 2601 miraculum
1387 2564 1481 2618 per
1526 2550 1698 2618 ipsam
1744 2549 2095 2603 festivitatem

516 2637 834 2705 prmdicant.

2206 1726 2513 1798 βακτηρίαν
2563 1726 2889 1795 δεξάμενος,
2950 1722 3085 1794 πρὸς
3139 1721 3230 1775 τὸν
3281 1719 3517 1789 πόλεμον
3567 1716 3791 1787 ἐξῆλθεν

2206 1822 2424 1893 πρῶτος
2458 1818 2549 1873 τοῦ
2583 1818 2910 1872 πιστοτάτου
2954 1815 3119 1871 αὐτοῦ
3167 1812 3597 1884 στρατεύματος·
3628 1811 3687 1864 ὃν
3715 1809 3790 1872 ὡς

2205 1908 2345 1963 εἶδον
2373 1912 2421 1963 oi
2467 1908 2754 1978 βάρϐαροι,
2795 1907 2933 1978 πρὸς
2960 1904 3136 1975 φυγὴν
3184 1904 3386 1967 εὐθέως
3426 1900 3787 1970 ἐτράπησαν,

2207 2002 2302 2054 καὶ
2342 2001 2570 2062 ἑαυτοὺς
2600 1998 3024 2067 κατηνάλωσαν,
3071 1996 3220 2066 βέλος
3253 1993 3534 2056 παντελῶς
3568 1993 3602 2063 ἦ
3649 1992 3789 2060 πλη-

2209 2093 2312 2161 γὴν
2365 2091 2518 2161 παρὰ
2570 2090 2666 2143 τοῦ
2713 2087 2949 2159 στρατοῦ
3005 2087 3081 2158 μὴ
3131 2088 3435 2157 δεξάμενοι·
3473 2087 3569 2139 καὶ
3629 2086 3787 2155 μέχρι

2200 2184 2390 2245 τέλους
2423 2184 2488 2253 τῇ
2524 2181 2778 2253 σωτηρίῳ
2813 2181 2988 2253 ταύτῃ
3024 2179 3430 2251 περικεφαλαίᾳ
3463 2178 3554 2230 τὸν
3588 2178 3788 2246 εὐσεεῆ

2202 2272 2297 2325 καὶ
2353 2271 2603 2339 φιλόθεον
2651 2272 3029 2343 αὐτοκράτορα
3078 2270 3199 2324 ἀντὶ
3247 2271 3449 2333 παντὸς
3503 2273 3563 2322 ἐν
3608 2269 3790 2330 αὐτοῖς

2203 2364 2563 2434 σεμνύνεσθαι
2587 2364 2941 2433 διαδήματος·
2966 2366 3024 2416 ἐν
3054 2356 3133 2425 οἷς
3157 2363 3251 2414 καὶ
3279 2362 3561 2430 πάνδημον
3596 2360 3787 2430 ἑορτὴν

2200 2458 2257 2508 ἐν
2302 2460 2366 2527 τῇ
2429 2457 2807 2529 Ἀλεξανδρείᾳ
2842 2458 3102 2524 ἄγουσιν,
3155 2455 3278 2509 καθ’
3309 2455 3541 2507 ἕκαστον
3574 2455 3695 2517 ἔτος
3729 2453 3788 2505 τὸ

2204 2550 2446 2603 Εἰκόνιον
2475 2549 2644 2618 αὐτὴν
2674 2550 3053 2620 ὀνομάζοντες·
3090 2547 3273 2601 εἰκόνα
3306 2549 3416 2616 γάρ
3447 2546 3666 2617 ἔχουσιν
3693 2545 3791 2598 αὐ-

2205 2643 2300 2697 τοῦ
2322 2683 2337 2707 ,
2369 2642 2513 2711 λέγω
2541 2642 2626 2713 δὴ,
2661 2640 2753 2695 τοῦ
2783 2640 3173 2694 εὐσεϐεστάτου
3203 2639 3465 2709 βασιλέως
3482 2640 3785 2701 Θεοδοσίου,

514 2729 611 2798 τὴν
652 2730 751 2799 μὲν
799 2729 1043 2801 κεφαλὴν
1085 2731 1162 2800 τῷ
1196 2731 1449 2802 μαφορέῳ
1482 2733 1907 2804 κεκαλυμμένην
1943 2734 2183 2807 ἔχοντος,
2217 2742 2283 2810 τῇ
2332 2738 2390 2793 δὲ
2464 2738 2616 2810 δεξιᾷ
2694 2738 2837 2811 χειρὶ
2904 2736 3002 2808 τὴν
3049 2735 3353 2806 βακτηρίαν
3429 2735 3787 2805 κατέχοντος,

515 2824 602 2874 ἀεὶ
636 2822 695 2875 τὸ
743 2822 930 2889 θαῦμα
965 2823 1342 2893 κηρύττουσαν
1386 2824 1471 2878 διὰ
1517 2827 1615 2896 τῆς
1653 2826 1874 2899 ἐτησίας
1926 2830 2101 2899 αὐτῆς
2142 2832 2527 2902 πανηγύρεως.

590 2911 674 2965 15.
734 2911 922 2965 Divina
976 2915 1151 2983 gratia
1205 2925 1259 2968 ct
1307 2914 1478 2969 ﬁdelis
1525 2918 1707 2985 piique
1756 2918 2100 2987 imperatoris

2280 2930 2341 2978 ε’.
2379 2923 2512 2994 Θείᾳ
2556 2923 2611 2977 δὲ
2658 2924 2840 2993 χάριτι
2887 2923 2981 2975 καὶ
3020 2920 3113 2975 τοῦ
3164 2919 3356 2975 πιστοῦ
3403 2921 3494 2974 καὶ
3528 2918 3791 2980 εὐσεϐοῦς

518 3002 809 3056 Theodosii
854 3004 1240 3072 cooperatioue
1273 3007 1474 3067 omnia,
1512 3018 1568 3060 ut
1604 3008 1673 3061 ita
1718 3010 1915 3075 dicam,
1952 3010 2099 3064 Grat-

2208 3014 2471 3085 βασιλέως
2522 3014 2801 3066 Θεοδοσίου
2865 3013 3156 3084 συνεργεία
3217 3014 3244 3066 ό
3289 3011 3388 3080 τῆς
3457 3010 3793 3077 Ἐκκλησίας

517 3109 706 3147 eorum
754 3094 1047 3148 simulacra
1082 3095 1134 3150 in
1166 3095 1299 3151 urbe
1329 3097 1527 3151 evertit
1575 3099 1663 3153 ille
1689 3100 1932 3155 ecclesiw
1967 3116 2104 3170 prac-

518 3187 604 3240 sul
650 3196 834 3257 pastor
879 3188 1060 3257 gregis
1105 3190 1357 3244 assiduus
1403 3200 1458 3245 et
1505 3191 1689 3246 divino
1742 3193 1859 3247 zelo
1918 3194 2105 3261 plenus

521 3276 889 3349 Theophilus;
947 3281 1225 3335 civitatem
1278 3297 1496 3353 quoque
1555 3293 1720 3339 totam
1785 3286 2105 3340 desideratis

519 3374 807 3429 exornavit
860 3374 1101 3438 milibus,
1167 3384 1220 3428 et
1283 3374 1335 3427 in
1401 3375 1519 3430 loco
1570 3374 1792 3452 Canopo
1834 3378 2105 3445 Apostolis

526 3480 782 3532 magnum
851 3474 905 3518 et
978 3464 1285 3519 mirandum
1352 3466 1608 3535 templum
1680 3468 1873 3522 erexit.
1939 3468 2103 3523 Extra

523 3553 709 3607 urbem
752 3554 916 3608 situm
952 3562 1037 3609 est
1075 3555 1141 3608 ad
1168 3556 1346 3610 stadia
1373 3556 1694 3624 duodecim;
1734 3558 1989 3612 nimirum
2031 3562 2106 3612 itf-

522 3647 679 3715 signe
736 3656 791 3699 et
840 3647 972 3715 ipsis
1020 3645 1336 3701 Grmeorum
1395 3650 1580 3716 pueris
1626 3650 1959 3704 venerabile.
1998 3650 2105 3705 lbi-

524 3739 643 3792 dem
701 3748 921 3806 putatur
973 3749 1149 3794 cauus
1203 3740 1427 3794 deorum
1478 3740 1671 3805 fuisse,
1706 3742 1782 3795 uti
1839 3742 1923 3794 via
1973 3742 2105 3810 lapi-

521 3829 683 3884 dibus
722 3840 891 3883 strata
931 3840 987 3884 et
1028 3832 1219 3884 eodem
1260 3846 1324 3885 ex
1370 3832 1624 3885 omnibus
1669 3831 1819 3886 urbis
1862 3833 2102 3899 partibus

522 3923 766 3983 directa,
819 3922 1046 3989 porticis
1096 3933 1149 3975 et
1194 3921 1401 3975 balneis
1451 3921 1823 3991 frequentibus
1874 3925 2101 3977 demon-

523 4025 750 4069 stratur.
794 4014 1002 4083 Viginti
1040 4025 1277 4083 quatuor
1325 4013 1551 4067 aderant
1587 4014 1801 4079 balnea,
1839 4031 1959 4085 qua:
2005 4018 2101 4072 ho-

523 4107 763 4172 diedum,
786 4107 940 4174 juxta
980 4108 1194 4159 testium
1229 4108 1723 4171 asseverationem,
1757 4124 1944 4164 eversa
1976 4119 2103 4163 sunt

524 4208 580 4250 ut
636 4207 843 4251 tantum
894 4198 1124 4267 vestigia
1174 4198 1418 4265 quaadam
1468 4210 1805 4255 remaneant.
1840 4200 1983 4256 Foro
2022 4201 2102 4256 in-

482 4291 704 4361 'supcr,
748 4306 929 4343 rerum
988 4291 1257 4344 venalium
1320 4291 1558 4347 abundat
1609 4293 1783 4363 cepia.
1831 4296 1913 4347 Ab
1968 4295 2100 4348 urbe

2207 3106 2492 3177 πρόεδρος,
2537 3105 2630 3159 καὶ
2656 3106 2763 3159 τῶν
2793 3107 2849 3158 ἐν
2883 3108 2948 3177 τῇ
2993 3104 3370 3175 Ἀλεξανδρεία
3397 3104 3670 3172 ποιμνίων
3701 3119 3793 3154 νο·

2209 3201 2343 3270 μεὺς
2381 3199 2663 3268 ἀσφαλὴς,
2704 3198 2832 3268 θείῳ
2882 3198 3028 3269 ζήλῳ
3061 3195 3493 3266 πεπληρωμένος
3525 3193 3793 3260 Θεόφιλος

2208 3289 2403 3351 πάντα,
2426 3288 2500 3351 ὠς
2530 3288 2724 3352 εἰπεῖν,
2759 3287 3023 3357 Ἑλλήνων
3054 3285 3306 3339 καθεῖλεν
3339 3283 3406 3336 τά
3441 3282 3793 3352 σεϐάσματα,

2206 3380 2301 3433 καὶ
2338 3378 2648 3449 εὑκτηρίοις
2680 3377 2850 3440 οἴκοις
2882 3380 2981 3448 τὴν
3015 3378 3169 3430 πόλιν
3218 3378 3399 3428 πᾶσαν
3439 3376 3757 3443 ἐκόσμησεν
3778 3389 3794 3404 ·

2206 3471 2297 3523 καὶ
2334 3471 2391 3522 ἐν
2423 3469 2500 3538 τῷ
2548 3468 2829 3538 λεγομένῳ
2876 3466 3127 3534 Κανώπῳ
3159 3467 3287 3520 ναὸν
3316 3470 3431 3528 τοῖς
3464 3465 3794 3529 ἀποστόλοις

2206 3562 2461 3632 ὑπερφυῆ
2507 3579 2564 3614 τε
2621 3563 2713 3614 καὶ
2766 3561 2944 3629 μέγαν
2993 3560 3314 3629 ἀνέστησεν·
3365 3557 3469 3621 ἔξω
3519 3557 3572 3609 δὲ
3631 3550 3797 3619 οὗτος

2207 3654 2440 3724 ὑπάρχει
2463 3654 2559 3722 τῆς
2590 3652 2820 3716 πόλεως,
2852 3649 3076 3714 διεστὼς
3111 3649 3360 3719 σημείοις
3388 3648 3481 3700 δύο
3510 3650 3600 3699 καὶ
3629 3647 3795 3708 δέκα,

2204 3746 2325 3799 λίαν
2357 3745 2649 3814 ἐπίσημος,
2681 3744 2754 3805 ώς
2781 3743 2950 3806 ὅντως
2982 3738 3121 3795 εἶναι
3160 3743 3254 3795 καὶ
3286 3740 3477 3792 παισὶν
3520 3738 3797 3807 Ἑλλήνων

2207 3839 2520 3907 σεϐάσμιος·
2558 3838 2673 3889 ἐκεῖ
2718 3838 2826 3906 γὰρ
2855 3836 3037 3898 αὐτοῖς
3064 3834 3171 3887 τῶν
3207 3833 3346 3886 θεῶν
3376 3834 3406 3900 ἡ
3449 3830 3684 3895 σύνοδος,
3714 3830 3798 3895 ὦς

2205 3947 2391 3998 φασιν,
2432 3927 2744 3997 ἐνομίζετο·
2799 3925 2875 3989 ὡς
2925 3927 3103 3978 πᾶσαν
3133 3924 3267 3994 ὁμοῦ
3314 3923 3413 3991 τὴν
3461 3924 3525 3974 ἐκ
3578 3922 3798 3985 πόλεως

2204 4022 2385 4072 ἐκεῖσε
2460 4018 2733 4089 φέρουσαν
2793 4014 3038 4086 ἀτραπὸν
3096 4012 3518 4083 καταστρῶσθαι
3582 4009 3794 4073 πλαξὶ,

2203 4110 2548 4183 προαστείοις
2602 4126 2661 4161 τε
2720 4108 2813 4162 καὶ
2871 4107 3144 4174 λουετροῖς
3207 4105 3561 4165 πυκνοτάτοις
3618 4101 3797 4172 αὐτὴν

2205 4200 2590 4268 κατεστέφθαι·
2627 4196 2800 4251 εἴκοσι
2831 4197 2887 4249 δὲ
2914 4192 3054 4248 εἶναι
3084 4194 3179 4247 καὶ
3214 4194 3453 4263 τέσσαρα
3484 4193 3553 4244 τὰ
3583 4194 3796 4263 λουτρά

2203 4294 2629 4361 διαγράφονται·
2691 4289 2781 4343 καὶ
2821 4289 2926 4352 ἓως
2973 4289 3156 4357 ὀλίγου
3209 4288 3305 4357 μὲν
3353 4286 3791 4354 κατεστράφθαι,

523 4393 702 4435 autent
758 4379 980 4449 Canopo
1032 4381 1243 4436 duabus
1301 4383 1495 4437 stadiis
1544 4384 1696 4438 vicus
1760 4385 1961 4448 distat,
2015 4388 2098 4439 cui

2208 4385 2389 4439 πολλοὶ
2420 4384 2668 4449 λέγουσιν
2704 4383 2811 4434 τῶν
2846 4380 3246 4449 ἐπισταμένων·
3280 4377 3416 4430 ἀλλά
3452 4378 3548 4430 καὶ
3593 4378 3795 4447 μέχρις

524 4470 787 4526 Mamitbe
834 4487 1053 4536 nomen,
1104 4472 1406 4527 dmitlonum
1461 4474 1588 4528 olim
1642 4474 2011 4538 domicilium,
2051 4486 2105 4531 et

526 4562 885 4632 malignorum
941 4564 1227 4632 Spiriluum
1287 4564 1586 4631 habitatio;
1638 4564 1834 4617 ibidem
1889 4580 2106 4637 quoque

527 4653 786 4722 templum
879 4655 1225 4726 evangelistis
1304 4657 1590 4711 aediﬁcavit
1666 4657 1820 4710 divus
1905 4657 2101 4713 Theo-

526 4747 727 4817 philus.

598 5011 681 5064 l6.
722 5008 894 5064 Morte
947 5011 1208 5064 translato
1251 5009 1569 5081 Theophilo,
1602 5011 1856 5069 Ecclesia}
1906 5018 2103 5083 guber-

525 5101 674 5155 nium
717 5101 958 5169 suscepit
996 5117 1223 5169 magnus
1255 5101 1514 5172 Cyrillus,
1560 5103 1782 5172 pietatis
1817 5116 2027 5159 amator
2050 5114 2103 5161 et

528 5194 649 5248 fidei
694 5193 1097 5264 'corrnptorum
1166 5195 1501 5263 destructor;
1574 5212 1695 5256 cum
1762 5195 2102 5252 Christianos

525 5284 892 5356 simpliciores
965 5287 1210 5352 videret,
1290 5287 1678 5344 sublevationis
1741 5305 1942 5355 causa,
2018 5299 2102 5344 ast

527 5392 721 5446 magno
771 5379 966 5431 anima!
1010 5379 1336 5433 detrimento
1387 5381 1584 5435 idolum
1628 5382 1911 5447 adeuntes,
1949 5382 2102 5436 vehe-

526 5469 860 5524 mentissime
884 5470 950 5523 de
976 5469 1249 5524 Menouthi
1276 5472 1747 5539 phantasmatibus
1773 5471 2099 5541 dissipandis

529 5562 806 5629 cogitavit.
857 5561 1035 5617 Multis
1075 5567 1139 5618 ad
1190 5565 1354 5619 Deum
1408 5564 1594 5619 effusis
1640 5564 1891 5634 precibus
1930 5579 2096 5634 ange-

529 5644 636 5701 lum
693 5651 825 5706 vidit
881 5653 1155 5708 orationes
1208 5671 1333 5710 suas
1391 5656 1774 5724 suscipientem
1824 5664 1876 5711 et
1928 5659 1991 5710 ad
2042 5670 2099 5712 se

2210 4476 2398 4543 αὑτοῦ,
2425 4476 2566 4546 φημὶ
2596 4476 2681 4545 δὴ,
2711 4474 2806 4527 τοῦ
2844 4472 3114 4527 Κανώπου
3149 4473 3247 4540 τὴν
3294 4470 3395 4539 τῆς
3436 4470 3643 4531 πόλεως
3676 4470 3790 4521 (bis

2206 4566 2656 4636 ἀναλογίζεσθαι,
2700 4563 2907 4637 ἀγοράν
2952 4580 3011 4616 τε
3067 4564 3251 4615 πᾶσαν
3298 4559 3675 4631 προτίθεσθαι,
3724 4553 3789 4611 οὗ

2206 4658 2530 4730 ἀφεστῶσαν
2561 4657 2755 4728 κώμην
2785 4657 3034 4727 σημείοις
3065 4654 3157 4707 δύο
3184 4652 3433 4721 Μενουθῆ
3467 4648 3615 4721 εἶχεν
3642 4650 3789 4702 οὕτω

2205 4730 2541 4819 καλούμενον
2569 4748 2807 4811 εἴδωλον,
2838 4750 2895 4801 ἐν
2927 4742 2972 4814 ᾧ
2998 4744 3247 4816 φανερῶς
3269 4745 3488 4814 ἐνήργει
3524 4744 3591 4794 τά
3622 4740 3787 4793 πνεύ-

2207 4861 2370 4915 ματα·
2406 4846 2462 4897 ἐν
2568 4843 2733 4895 πάλιν
2764 4840 2891 4894 ναὸν
2924 4838 3191 4910 ᾠκοδόμει
3220 4840 3332 4900 τοῖς
3368 4834 3787 4903 εὐαγγελιαταῖς

2202 4936 2229 4987 ὁ
2253 4934 2393 4995 θεῖος
2421 4934 2698 5003 Θεόφιλος.

2280 5031 2375 5089 ις’.
2399 5024 2553 5078 Μετὰ
2582 5022 2639 5075 δέ
2665 5019 2923 5088 Θεοφίλου
2954 5019 3054 5088 τὴν
3080 5016 3358 5088 κοίμησιν,
3388 5013 3661 5083 Κυρίλλου
3689 5014 3784 5066 τοῦ

2208 5115 2443 5185 μεγάλου
2482 5114 2579 5183 τῆς
2619 5110 2946 5179 Ἐκκλησίας
2975 5107 3361 5177 διαδεξαμένου
3404 5108 3533 5168 τοὺς
3564 5104 3782 5168 οἴακας,

2202 5205 2300 5273 τῆς
2323 5202 2605 5263 εὐσεόείας
2638 5198 2892 5271 ἐραστοῦ,
2918 5198 3010 5251 καὶ
3042 5196 3368 5267 καθαιρέτου
3396 5194 3507 5247 τῶν
3536 5194 3785 5264 φθορέων

2203 5296 2300 5366 τῆς
2366 5294 2632 5356 πίστεως,
2688 5291 2907 5361 φροντὶς
2958 5285 3025 5359 ἦν
3086 5289 3235 5359 αὐτῷ
3294 5289 3392 5358 οὐχ
3455 5289 3488 5356 ἡ
3546 5285 3786 5357 τυχοῦσα

2204 5382 2619 5453 καταργηθῆναι
2668 5381 2736 5434 τά
2785 5380 3045 5450 φάσματα
3100 5380 3199 5449 τῆς
3248 5377 3592 5441 Μενουθέως,
3648 5377 3781 5446 Χρι-

2205 5473 2452 5536 στιανούς
2506 5473 2565 5526 τέ
2621 5489 2768 5534 τινας
2824 5471 3212 5541 ἁπλουστέρων
3268 5471 3449 5524 ἐκεῖσε
3509 5470 3782 5539 προφάσει

2205 5566 2423 5636 ῥώσεως
2460 5564 2888 5633 αὐτομολοῦντας
2917 5563 3146 5630 ἐκκόψαι
3169 5578 3182 5591 ·
3210 5562 3380 5617 πολλὰ
3424 5563 3557 5632 περὶ
3589 5561 3783 5614 τούτου

2200 5657 2291 5711 τὸν
2319 5657 2451 5710 Θεὸν
2491 5656 2777 5717 ἱκετεύσας
2801 5694 2814 5718 ,
2845 5653 3073 5722 ἄγγελον
3106 5655 3207 5725 ὁρᾷ
3236 5656 3301 5707 ἐκ
3330 5651 3465 5706 Θεοῦ
3499 5653 3785 5723 δεχθεῖσαν
