3930 6316
195 197 340 262 3689

1372 200 1470 260 DE
1506 201 1610 262 SS.
1651 200 1849 262 (ΞΥΗο
1878 202 1974 265 ΕΤ
2009 202 2326 264 JOANNE.

3318 205 3470 270 3690.

189 310 341 380 αὐτῷ
374 310 471 380 τὴν
500 309 685 380 δέησιν
712 304 1200 380 εὐαγγελιζόμενον
1223 308 1317 361 καί⁸
1337 310 1772 381 προστάσσοντα,

1885 314 2298 370 descendentem
2335 317 2401 369 de
2432 313 2584 370 coelis
2621 321 3038 384 monentemque
3084 327 3144 369 ut
3177 318 3354 385 magni
3409 321 3466 373 in

188 404 334 458 ὥστε
374 401 559 473 Κύρου
607 400 844 455 λαϐόντα
880 401 976 455 τοῦ
1023 401 1259 473 μεγάλου
1305 401 1363 454 ἐν
1400 401 1672 472 μάρτυσιν
1715 405 1780 456 ἐκ

185 497 285 552 τοῦ
318 496 447 551 ναοῦ
475 496 706 568 Μάρκου
736 494 830 548 τοῦ
865 495 1047 564 Ἀγίου
1079 498 1137 548 ἐν
1166 497 1232 566 τῇ
1260 494 1534 566 Μενουθῇ,
1564 493 1600 547 ἃ
1623 495 1688 557 δὴ
1723 497 1780 548 ἐν

187 593 256 662 τῇ
292 590 402 642 τῶν
433 587 850 656 Εὐαγγελιστῶν
879 587 1142 658 ἐκκλησίᾳ
1171 587 1535 658 κατατεθῆναι
1568 587 1777 642 τούτων

184 681 251 734 τὸ
298 679 572 748 λείψανοψ
619 677 762 731 οὕτω
805 677 914 748 γάρ
958 680 1052 730 καὶ
1092 676 1192 748 τὴν
1221 677 1418 748 κώμην
1459 677 1776 748 ὠνόμαζον,

185 773 329 826 αἰδοῖ
357 773 450 826 καὶ
479 770 689 842 φίλτρῳ
721 773 820 840 τῆς
858 769 1130 839 δαίμονος,
1167 769 1255 823 διὰ
1298 769 1392 823 τοῦ
1443 769 1561 834 ἐνὸς
1595 773 1780 840 ἀμφο-

186 865 385 935 τέρους
414 865 678 934 ὀνόματος
710 863 836 925 τοὺς
875 862 967 915 δύο
1008 862 1297 934 μάρτυρας
1344 863 1595 932 σημάνας
1626 864 1654 915 ό
1683 862 1780 932 ἄγ-

186 957 370 1026 γελος,
403 955 479 1020 ώς
518 955 722 1028 ἐκστῶν
761 954 1032 1026 Κυρίλλου
1060 952 1154 1006 τοῦ
1186 953 1461 1024 μακαρίου
1495 953 1777 1024 δειχθήσε-

185 1064 297 1101 ται·
333 1045 408 1117 μὴ
434 1045 707 1117 μελλήσας
741 1045 850 1116 γὰρ
877 1045 905 1096 ὀ
931 1044 1024 1096 τοῦ
1055 1043 1191 1097 Θεοῦ
1219 1045 1512 1114 ἀρχιερεὺς
1542 1061 1778 1114 προσφι-

181 1139 447 1200 λέστατος
495 1137 554 1192 τὸ
602 1135 946 1206 προσταχθὲν
1002 1133 1153 1206 αὐτῷ
1200 1133 1564 1205 διεπράξατο·
1601 1133 1776 1190 εἰκάδι

181 1229 345 1299 ὀγδόη
364 1227 581 1282 Ἰουνίου
619 1227 784 1298 μηνὸς
821 1225 920 1296 τὴν
951 1225 1060 1278 τῶν
1097 1223 1455 1296 μαρτυρικῶν
1497 1223 1774 1294 λειψάνων

184 1320 482 1390 μετάθεσιν
519 1318 890 1388 ποιησάμενος
912 1333 926 1346 ο
975 1316 1071 1370 καὶ
1103 1316 1298 1386 λόγους
1331 1319 1561 1386 μικροὺς
1590 1317 1667 1387 (1)
1696 1316 1776 1386 τῷ

182 1409 518 1480 φιλοχρίστῳ
566 1407 682 1478 λαῷ
737 1400 892 1471 οὗτος
929 1405 1488 1479 προσφθεγξάμενος,
1542 1404 1637 1468 οὒς
1678 1405 1776 1456 καὶ

182 1500 587 1572 παραθήσομεν
611 1538 626 1563 ,
659 1497 796 1567 πρὸς
822 1499 924 1568 τὴν
948 1498 1057 1550 τῶν
1090 1496 1530 1567 ἐντυγχανόντων
1573 1495 1776 1547 πίστω-

183 1593 271 1646 σίν
296 1610 355 1645 τε
382 1591 516 1660 ὁμοῦ
550 1592 646 1644 καὶ
670 1591 964 1660 ὠφέλειανο
988 1591 1045 1642 ἐν
1070 1588 1190 1656 Θεῷ
1221 1589 1397 1658 Πατρὶ
1430 1588 1526 1641 σὺν
1552 1585 1669 1656 Υἰῷ
1695 1586 1773 1657 τῷ

1886 403 2228 459 confessione
2259 403 2384 475 Cyri
2423 405 2682 474 reliquias
2712 419 2781 460 ex
2813 405 3012 474 templo
3049 405 3231 460 Sancti
3271 406 3462 476 Marci,
3537 470 3550 487 '

1887 493 1953 548 in.
1992 494 2338 550 Mcnoutbam
2391 497 2644 552 videlicet
2692 498 2745 552 in
2803 498 3090 566 ecclesiam
3150 510 3462 555 sanctorum

1884 585 2356 656 Evangelistarum
2417 597 2721 657 asportaret
2777 589 3165 659 (veneratione
3217 591 3361 646 enim
3412 601 3469 646 et

1884 678 2032 732 cultu
2071 678 2349 733 simulacri
2371 694 2564 734 nomen
2598 678 2887 737 Mcnoutha
2925 681 3076 737 locus
3106 681 3463 754 obtinuerat).

1886 769 2003 825 Una
2062 770 2290 826 duorum
2345 783 2646 844 martyrum
2707 774 2899 828 merita
2950 784 3004 829 et
3053 790 3283 846 corpora
3338 790 3468 829 con-

1877 860 2058 929 junxit
2123 863 2386 932 angelus,
2453 866 2530 920 uti
2594 848 2672 920 ex.
2737 865 2952 921 actione
3017 865 3206 936 Cyr-illi
3285 865 3465 934 conji-

1883 956 2133 1009 ciendum
2192 966 2314 1020 est;
2371 956 2503 1010 nihil
2553 968 2808 1028 acceptus
2866 957 2976 1013 Deo
3012 957 3273 1027 pontifex
3318 958 3463 1014 omi-

1881 1048 1954 1101 sit
2011 1058 2070 1101 ut
2119 1063 2281 1116 quam
2314 1049 2597 1103 ‘citissime
2661 1047 2952 1103 counnissa
3013 1058 3462 1118 exsequerctnr;

1883 1138 2139 1194 vicesima
2170 1149 2359 1194 octava
2383 1139 2528 1195 Junii
2562 1151 2874 1196 sanctarum
2909 1141 3262 1210 reliquiarum
3295 1151 3467 1194 trans-

1880 1227 2134 1282 lationem
2195 1229 2341 1294 fecit,
2395 1229 2768 1285 oratiunculas
2814 1230 2950 1284 duas
3000 1229 3312 1306 Christiano
3371 1242 3466 1298 pn-

1879 1314 2006 1382 pulo
2046 1315 2255 1380 habuit,
2289 1332 2423 1385 quas
2457 1318 2508 1370 in
2546 1317 2703 1373 fidem
2747 1328 2803 1373 et
2851 1317 3140 1371 utilitatem
3172 1317 3464 1386 legentium

1879 1406 2189 1475 adjicitnus,
2236 1409 2289 1462 in
2343 1407 2456 1464 Deo
2504 1409 2686 1476 Patre,
2732 1425 2854 1466 cum
2899 1409 3038 1466 Filio
3069 1409 3360 1482 Unigenito
3402 1426 3467 1465 ac

1878 1497 2038 1550 simul
2089 1507 2282 1554 sancto
2324 1508 2379 1554 et
2419 1500 2732 1554 vivificante
2771 1500 3000 1569 Spiritu,
3033 1501 3232 1570 quibus
3267 1500 3464 1570 gloria,

1879 1587 2140 1656 maiestas
2179 1598 2232 1644 et
2283 1590 2694 1660 magnificentia
2745 1607 2892 1646 nunc
2938 1602 2994 1646 et
3047 1607 3266 1662 semper
3313 1600 3363 1647 et
3410 1591 3466 1645 in

183 1685 471 1754 μονογενεῖ
505 1681 622 1752 ἅμα
654 1681 734 1752 τῷ
760 1680 1012 1752 παναγίῳ
1045 1681 1140 1734 καὶ
1173 1678 1424 1748 ζωοποιῷ
1468 1676 1772 1748 Πνεύματι,

1881 1681 2076 1736 saecula
2108 1683 2457 1736 saeculorum.
2490 1683 2682 1736 Amen.

179 1773 310 1840 δόξα
338 1774 684 1845 μεγαλοσύνη
709 1791 770 1827 τε
797 1774 892 1827 καὶ
923 1771 1396 1844 μεγαλοπρέπεια,
1432 1768 1528 1823 νῦν
1561 1769 1655 1822 καὶ
1685 1769 1774 1824 ἀεὶ

181 1868 278 1920 καὶ
308 1869 386 1932 εἰς
413 1868 538 1931 τοὺς
561 1866 767 1930 αἰῶνας
791 1865 900 1920 τῶν
921 1863 1156 1919 αίώνων.
1193 1864 1387 1934 Ἀμήν.

1699 1946 1936 2005 ΝΟΤιΕ.

1051 1983 1054 1986 ~
1699 1951 1743 2005 Ν
1797 1950 1936 2005 TE.

259 2050 338 2119 (ἰ)
373 2049 590 2106 Videsis
626 2059 666 2106 t.
699 2048 939 2106 LXXVII
968 2050 1061 2106 ubi
1098 2048 1201 2104 has
1227 2061 1426 2119 parvas
1460 2054 1516 2103 et
1543 1950 1792 2102 inedita?
1808 2043 1868 2099 S.
1905 2041 2090 2116 Cyrilli
2133 2041 2505 2098 oratiunculas
2533 2042 2901 2097 exhibuimus.

182 2234 434 2252 ῤ-

1324 2335 1517 2389 ΑΔΛΗ
1561 2330 1889 2387 ΠΟΛΙΤΕῘΑ
1950 2333 2045 2385 ΑΚ
2053 2331 2315 2385 ΕΦΑΛΟΣ

1028 2429 1166 2483 ΤΩΝ
1200 2427 1406 2481 ΑΓῙΩΝ
1437 2425 1822 2482 ΜΑΡΤΥΡΩΝ
1848 2425 2091 2479 ΚΥΡΟΥ
2131 2427 2250 2480 ΚΑΙ
2278 2423 2607 2478 ΙΩΑΝΝΟΥ.

1414 2656 1589 2716 ALIA
1625 2657 1800 2717 VITA
1846 2653 2240 2715 ACEPHALA

933 2749 1396 2812 SANCTORUM
1456 2749 1890 2810 MARTYRUM
1966 2747 2142 2808 CYRI
2212 2745 2308 2805 ET
2370 2745 2712 2808 JOANNIS.

1772 2892 1840 2905 —

368 3031 381 3044 ,
473 2979 711 3049 ἄσκησιν
739 2973 1001 3046 γενναίως
1019 2973 1162 3028 κατὰ
1179 2972 1288 3028 τῶν
1319 2973 1642 3044 πνευμάτων
1671 2974 1769 3044 τῆς
1792 2993 1798 3033 t

2051 2971 2328 3027 Generose
2347 2979 2403 3025 et
2426 2969 2663 3026 viriliter
2704 2984 2763 3025 se
2785 2977 2975 3026 contra
2995 2969 3216 3027 malitia:
3239 2949 3462 3043 spiritus

157 3077 450 3144 πονηρίας
507 3067 1030 3142 παρατασσόμενος’
1079 3067 1107 3119 ό
1160 3063 1216 3118 δὲ
1254 3063 1509 3134 Ἰωάννης
1543 3065 1772 3136 ἐπιγείῳ

185 3170 288 3240 μὲν
322 3166 536 3238 βασιλεῖ
561 3167 619 3219 ἐν
653 3163 733 3216 ἐνὶ
777 3160 884 3213 τῶν
913 3157 1164 3231 ἀριθμῶν
1193 3155 1555 3228 ἐστρατεύετο
1577 3175 1592 3188 ο
1630 3157 1772 3230 πλὴν

179 3259 262 3329 τῷ
292 3255 602 3329 ἐπουρανίῳ
638 3251 849 3325 βασιλεῖ
875 3251 1133 3321 ἀρέσκειν
1169 3249 1368 3318 μᾶλλον
1399 3248 1732 3302 ἐσπούδασεν
1754 3267 1769 3282 ο

182 3349 604 3420 συνελήφθησαν
663 3340 760 3398 οὖν
807 3338 954 3397 οῦτοι
983 3343 1033 3396 οἱ
1085 3341 1230 3410 ἆγιοι
1289 3342 1347 3393 ἐν
1393 3344 1460 3413 τῇ
1503 3340 1771 3414 λεγομένῃ

180 3439 440 3510 Κανώπῳ
460 3454 474 3468 ο
501 3439 618 3491 ἐκεῖ
647 3435 754 3505 γὰρ
782 3429 927 3504 εἶχον
969 3431 1066 3504 τὴν
1096 3433 1338 3502 οἴκησιν·
1360 3430 1771 3502 συνελήφθησαν

180 3530 242 3584 δὲ
271 3531 334 3582 οὐ
367 3528 542 3598 μόνοι,
573 3525 712 3579 ἀλλά
773 3523 913 3594 μετὰ
960 3522 1128 3594 τριῶν
1161 3521 1544 3594 ἀειπαρθένων
1577 3521 1678 3574 σὺν
1701 3524 1768 3596 τῇ

179 3618 391 3672 τούτων
422 3617 587 3688 μητρί
607 3631 621 3646 ⁸
655 3608 729 3668 ὧν
761 3615 794 3682 ἡ
819 3613 918 3684 μὲν
958 3611 1150 3684 πρώτη
1173 3610 1400 3682 Θεοδότη
1434 3610 1768 3680 ὠνομάζετο,

181 3712 348 3766 πέντε
381 3711 475 3763 καὶ
535 3708 759 3762 δέκατον
808 3705 929 3768 ἔτος
967 3700 1104 3775 ἦγεν
1133 3704 1233 3775 τὴν
1279 3705 1533 3772 γέννησιν
1555 3717 1570 3732 ο
1601 3701 1771 3771 ὴδευ-

178 3805 315 3874 τέρα
340 3801 398 3856 δὲ
428 3800 724 3871 Θεοκτίστη
759 3797 1096 3869 ὠνομάζετο,
1127 3797 1246 3866 τρὶς
1291 3795 1347 3847 δὲ
1389 3795 1480 3849 καί⁹
1527 3797 1729 3869 δεκάτη
1750 3817 1767 3834 ο

177 3895 410 3960 Εὑδοξία
437 3893 494 3947 δέ
517 3895 552 3963 ἡ
574 3893 757 3964 τρίτη,
786 3891 882 3946 καὶ
905 3888 1044 3961 αὕτη
1077 3887 1287 3955 ἄγουσα
1305 3887 1422 3951 ἔτος
1445 3888 1728 3942 ἑνδέκατον
1750 3903 1764 3919 ⁶

176 3990 213 4058 ἡ
244 3987 300 4040 δέ
331 3985 538 4038 τούτων
607 3983 790 4052 μήτηρ
827 3980 1127 4034 Ἀθανασία
1155 3979 1617 4051 προσηγορεύετο,
1647 3980 1766 4050 ἥτις

1881 3065 2150 3122 exercuit.
2179 3063 2418 3119 Joannes
2458 3061 2514 3118 in
2563 3062 2796 3118 militum
2852 3080 3080 3120 munere
3129 3075 3347 3122 terreno
3387 3068 3462 3122 in-

1887 3159 2159 3216 servierat
2209 3157 2550 3228 imperatori,
2583 3166 2672 3212 ast
2715 3155 2846 3229 Regi
2865 3159 3127 3215 caelorum
3153 3164 3323 3234 magis
3350 3162 3464 3232 pla-

1879 3265 2006 3305 cere
2076 3249 2367 3319 sategit....
2417 3245 2590 3316 Igitur
2635 3249 2687 3302 in
2736 3249 2883 3305 dicto
2921 3249 3124 3322 Canopi
3197 3251 3314 3307 loco
3369 3255 3466 3308 de-

1879 3341 2136 3410 prehensi
2168 3339 2608 3404 fueruntsancti,
2628 3340 2718 3395 ubi
2747 3356 2933 3396 eorum
2957 3355 3074 3399 erat
3103 3343 3460 3402 habitatio....

1881 3431 1984 3486 Ast
2012 3447 2120 3486 non
2151 3429 2256 3485 soli
2297 3429 2516 3486 fuerunt
2561 3430 2908 3500 deprehensi,
2948 3433 3042 3487 sed
3067 3443 3122 3486 et
3156 3442 3267 3490 tres
3301 3437 3464 3491 simul

1878 3523 2122 3592 virgines
2174 3540 2280 3579 una
2332 3540 2453 3579 cum
2508 3533 2740 3590 matre;
2800 3539 3029 3594 quarum
3078 3527 3252 3594 prima
3283 3527 3464 3582 Theo.

1877 3614 2038 3668 ctista
2090 3611 2412 3677 vocabatur,
2441 3621 2497 3666 et
2541 3611 2810 3666 decimum
2863 3612 3111 3681 quintum
3159 3614 3462 3669 nativitatis

1879 3720 1991 3760 suae
2040 3704 2276 3760 ducebat
2311 3720 2554 3770 annum;
2593 3705 2834 3759 secunda
2877 3704 3272 3759 nominabatur
3313 3705 3454 3760 Deo-

1876 3795 2025 3864 data,
2062 3804 2117 3850 et
2147 3795 2413 3851 decimum
2452 3795 2668 3849 tertium
2718 3796 2930 3864 agebat,
2980 3796 3136 3851 tertia
3181 3811 3310 3851 vero
3350 3796 3462 3850 Eu-

1877 3887 2035 3941 doxia
2083 3888 2150 3942 ad
2197 3885 2545 3942 undecimum
2581 3887 2962 3958 pertingebat;
2992 3897 3167 3944 mater
3189 3889 3459 3961 virginum

1875 3979 2190 4034 Athanasia:
2249 3979 2472 4033 nomine
2546 3979 2918 4049 appellabatur
2977 3990 3033 4034 ct
3091 3980 3230 4036 ﬁlias
3286 3984 3460 4054 magis

176 4080 448 4149 δόγμασιν
475 4075 676 4147 μᾶλλον
708 4072 992 4136 εὐσεϐείας
1021 4070 1055 4142 ἢ
1080 4069 1313 4141 γάλακτι
1346 4068 1766 4140 ἀναθρεψαμένη

1878 4070 2092 4140 pietatis
2147 4070 2397 4126 doctrina
2448 4085 2610 4140 quam
2666 4070 2808 4124 lacte
2852 4073 3134 4138 enutrivit,
3183 4089 3305 4130 eum
3350 4077 3458 4133 illis

176 4170 278 4234 τὰς
327 4168 596 4232 νεάνιδας,
650 4165 870 4218 ἔπεισεν
904 4162 1076 4226 αὐτὰς
1121 4162 1220 4232 τὴν
1272 4159 1493 4229 ἁγνείαν
1525 4159 1764 4229 ἑλέσθαι,

1878 4161 2210 4230 persuaserit
2231 4169 2288 4214 ut
2319 4161 2590 4216 castitatis
2619 4161 2874 4217 virtutem
2905 4163 3195 4235 eligerent,
3229 4165 3455 4222 immor-

179 4262 278 4314 καὶ
345 4257 455 4312 τῶν
512 4256 801 4310 ἀθανάτων
848 4253 1098 4324 νυμφίων
1155 4251 1594 4324 νυμφεύσασθαι,
1643 4252 1765 4305 ὅθεν

1878 4250 2062 4304 talium
2096 4254 2408 4308 dicerentur
2450 4243 2683 4322 sponsae,
2737 4253 3097 4309 inexstinctas
3130 4257 3455 4327 virginitatis

178 4351 482 4414 ἀσϐέστους
511 4348 608 4413 τὰς
631 4346 922 4419 λαμπάδας
951 4347 1050 4416 τῆς
1076 4345 1404 4416 παρθενείας
1433 4345 1763 4416 κατέχουσαι
1797 4348 1798 4351 “

1878 4343 2145 4411 lampades
2244 4347 2510 4402 haberent
2590 4355 2646 4401 et.
2726 4347 3104 4403 advenientem
3191 4365 3455 4419 Sponsum

176 4444 282 4516 τὴν
336 4441 500 4497 αὐτοῦ
563 4440 974 4510 άπεκδέχωντοιι
1038 4436 1292 4492 ἕλευσιν⁹
1348 4436 1482 4490 ἀλλὰ
1527 4437 1617 4490 τὸν
1669 4437 1764 4507 τῆς

1878 4434 2209 4504 exciperent.
2262 4435 2390 4503 Quae
2441 4437 2775 4522 virginitatis
2836 4441 3131 4502 tramitem,
3187 4441 3452 4498 inoffenso

177 4533 512 4604 πάρθενείας
575 4530 744 4584 πλοῦν
795 4527 982 4592 καλῶς
1015 4526 1219 4591 ταύτας
1279 4526 1568 4593 ἀνυούσας,
1602 4528 1630 4579 ό
1666 4527 1767 4598 τῆς

1878 4527 2004 4594 pede
2083 4526 2445 4596 perfecerant,
2507 4528 2871 4586 confessionis
2935 4547 3168 4602 pugnam
3218 4534 3448 4590 aditura:

177 4625 471 4698 ὁμολογίας
501 4625 650 4693 ἀγὼν
681 4619 1096 4692 κατελάμϐανεν
1115 4634 1128 4648 ’
1157 4619 1220 4672 οὐ
1247 4619 1432 4688 μέντοι
1485 4619 1763 4672 κατεπλά-

1878 4624 2028 4670 erant
2077 4633 2090 4669 :
2144 4617 2394 4686 luporum
2454 4619 2812 4688 irruptionem
2882 4637 2990 4676 non
3051 4622 3450 4691 pertimuerunt

177 4735 359 4789 γησαν
398 4717 497 4788 τὴν
536 4715 646 4768 τῶν
672 4713 854 4767 λύκων
909 4712 1097 4781 ἔφοδον
1149 4711 1204 4764 αί
1237 4710 1330 4763 τοῦ
1362 4710 1599 4780 Χριστοῦ
1635 4711 1762 4764 καλ-

1878 4707 2072 4763 Βοιίειὶ
2113 4717 2404 4779 martyres,
2440 4721 2658 4765 sanctos
2687 4711 2833 4766 enim
2871 4712 3068 4784 Cyrum
3101 4724 3153 4768 ct
3181 4713 3445 4772 Joannem

175 4810 516 4880 λιμάρτυρες
543 4825 555 4837 σ
579 4803 726 4877 εἷλον
781 4805 893 4876 γὰρ
939 4802 1222 4876 ἀναψυχὴν
1257 4803 1317 4855 οὐ
1353 4803 1554 4874 μικρὰν
1583 4801 1764 4874 Κῦρον

1878 4802 1925 4856 in
1951 4818 2178 4872 magnos
2199 4803 2560 4860 confessionis
2602 4804 2879 4872 adjutores
2915 4805 3298 4878 respiciebant,
3319 4823 3445 4862 cum

177 4899 274 4953 καὶ
302 4897 557 4968 Ἰωάννην
595 4897 722 4958 τοὺς
773 4893 961 4963 ἁγίους
992 4893 1297 4964 μάρτυρας,
1327 4893 1519 4956 οἵτινες
1545 4892 1635 4946 διὰ
1665 4895 1765 4964 τῆς

1878 4895 1933 4948 ib
1965 4895 2092 4959 illis,
2131 4897 2194 4950 ad
2228 4896 2452 4967 pietatis
2483 4911 2714 4966 agonem
2764 4896 2964 4952 divinae
3013 4897 3276 4953 doctrinae
3325 4901 3447 4955 oleo

178 4989 369 5044 ἐνθέου
392 4985 740 5048 διδασκαλίας
771 4983 954 5037 αὐτῶν
979 4983 1076 5047 τὰς
1105 4983 1264 5052 ἁγίας
1295 4982 1596 5050 παρθένους
1661 4986 1766 5038 ἀπ-

1878 5000 2148 5055 perunctae
2178 4987 2435 5043 fuissent.
2470 4988 2710 5042 Fortiter
2759 4997 2939 5042 autem
2979 5004 3076 5058 pro
3125 4991 3226 5044 fide
3272 5001 3448 5045 certa-

181 5084 407 5155 ή>.ειφον
438 5081 519 5143 εἰς
547 5079 641 5131 τὸν
668 5077 811 5150 ὑπὲρ
839 5077 939 5146 τῆς
969 5075 1250 5138 εὐσεϐείας
1287 5075 1503 5144 άγῶνασ
1532 5075 1627 5128 καὶ
1657 5075 1764 5147 γάρ

1878 5088 1993 5132 runt
2043 5080 2217 5133 sancti
2250 5090 2304 5132 et
2349 5080 2416 5133 ad
2461 5079 2834 5151 depellendam
2883 5079 3240 5135 idololatriam
3275 5081 3445 5136 abun-

181 5175 392 5244 σφόδρα
441 5171 694 5242 ἠγωνίων
743 5169 842 5240 μὲν
895 5171 944 5222 οἰ
971 5168 1137 5236 ἅγιοι,
1175 5169 1269 5221 καὶ
1295 5166 1768 5238 παρεσκευάζοντο

1878 5169 2085 5250 lautius
2112 5171 2389 5240 praecincti
2417 5184 2611 5240 erant;
2641 5173 3016 5227 tantummodo
3047 5181 3266 5242 prapter
3299 5184 3450 5227 tene-

177 5263 589 5336 περισσοτέρως
623 5261 703 5322 εἰς
736 5261 834 5331 τὴν
868 5259 1012 5312 κατὰ
1043 5258 1143 5328 τῆς
1192 5257 1585 5327 εἱδωλομανίας
1615 5259 1766 5311 ἀντι-

181 5356 509 5428 παράταξιν,
543 5354 841 5418 δεδοικότες
867 5352 977 5406 τῶν
1015 5352 1185 5420 ἁγίων
1238 5349 1524 5423 παρθένων
1554 5349 1612 5404 τὸ
1648 5352 1768 5404 νέον

177 5453 279 5522 τῆς
310 5449 548 5519 ἡλικίας,
578 5449 652 5520 μή
686 5463 816 5501 ποτε
869 5444 943 5516 μὴ
971 5444 1269 5513 ἐνέγκωσιν
1289 5459 1302 5472 ·
1330 5442 1516 5512 ἔλεγεν
1539 5441 1594 5496 δὲ
1630 5443 1767 5514 πρὸς

175 5545 349 5607 αὑτὰς
369 5544 420 5596 οἰ
448 5545 615 5612 ἅγιοι*
640 5558 658 5590 ι
679 5535 1106 5608 Μνημονεύσατε
1126 5535 1232 5590 τῶν
1253 5535 1346 5590 τοῦ
1363 5535 1570 5607 Κυρίου
1595 5535 1769 5608 ῥημά-

178 5659 313 5705 των,
335 5638 427 5692 καὶ
465 5637 540 5707 μὴ
559 5633 946 5702 καταπλαγῆτε
969 5631 1038 5684 τὰ
1068 5629 1414 5700 ἐπερχόμενα
1435 5645 1447 5661 ’
1482 5629 1640 5694 αὐτὸς
1659 5629 1764 5702 γὰρ

510 5735 779 5797 ΡΑΤιιοι..
833 5730 950 5791 Gtt.
1017 5727 1387 5791 LXXXVII.

1867 5273 1982 5313 ram
2037 5259 2306 5330 virginum
2373 5271 2589 5316 atatem
2650 5263 2975 5325 timuerunt,
3033 5275 3099 5314 ne
3140 5260 3448 5329 juveneulis

1867 5352 2046 5422 palma
2080 5353 2329 5426 martyrii
2362 5355 2660 5410 excideret.
2694 5353 2822 5408 lllas
2860 5355 2940 5408 sic
2985 5351 3449 5422 compellaverunt

1867 5446 2042 5499 sancti
2074 5463 2087 5499 :
2126 5465 2142 5498 ι
2177 5445 2510 5502 Mementote
2537 5449 2830 5501 verborum
2873 5445 3082 5501 Domini
3111 5456 3164 5501 et
3187 5446 3254 5502 ab
3285 5461 3448 5502 even-

1869 5536 2006 5593 turis
2035 5552 2103 5593 ne
2132 5541 2448 5596 terreatuini
2484 5555 2500 5594 :
2530 5540 2643 5609 ipse
2666 5540 2809 5593 enim
2835 5539 2971 5594 dixit
3003 5557 3016 5592 :
3051 5536 3230 5591 Nolite
3267 5539 3450 5594 timere

1867 5647 1952 5686 eos
1984 5631 2088 5701 qui
2135 5648 2323 5702 corpus
2381 5634 2645 5700 occidunt,
2697 5634 2928 5687 animam
2965 5642 3141 5684 autent
3183 5647 3284 5687 non
3318 5646 3446 5702 ροσε

2987 5727 3101 5790 116
