3930 6316
469 234 574 294 ῗῧθ
584 231 606 295 l

1330 238 1368 298 S
1381 234 1413 296 .’
1432 237 1850 300 SOPHRONII
1885 229 2394 299 PATRIARCHIE
2434 232 2843 295 HIEROSOL-

3608 227 3774 292 3692

464 355 588 396 sum
617 345 848 399 occidere
883 348 922 399 '.
956 345 1020 399 Et
1054 361 1240 401 rursus
1267 366 1279 400 :
1309 347 1412 412 Qui
1439 350 1851 418 'perscverarerit
1883 366 2043 420 usque
2072 380 2082 410 Α

2165 344 2320 409 ;ῐπεν,
2335 344 2430 413 Μὴ
2455 343 2735 414 φοϐεῖσθε
2755 342 2873 398 ἀπὸ
2891 339 3012 395 τῶν
3032 340 3528 396 ἀποκτεινόντων
3542 344 3624 398 τὰ
3642 341 3773 397 σώ-

470 437 523 486 in
579 434 758 502 linem,
806 437 892 489 hic
937 436 1112 490 salvus
1151 439 1333 504 erit‘;
1393 440 1680 494 imitanitni
1732 441 2044 510 magistram

2165 457 2322 503 κατα,
2341 440 2457 506 τὴν
2471 439 2541 492 δὲ
2557 437 2769 506 ψυχὴν
2778 436 2862 506 μὴ
2882 433 3238 504 δυναμένων
3251 433 3640 489 ἀποκτεῖναι·
3665 436 3770 489 καὶ

473 535 736 599 vestram,
768 526 922 596 cujus
946 528 1242 596 puritatem
1275 530 1682 598 concupiscitis,
1717 529 2048 585 amulamini

469 616 890 671 confessionem.
929 636 947 668 ι
986 617 1080 673 llis
1139 619 1521 690 similibusque
1562 623 1742 677 verbis
1769 634 1825 678 et
1867 637 2051 677 exem-

471 703 571 773 plis
595 708 770 761 sancti
803 707 1005 763 Christi
1045 723 1312 784 martyres
1364 713 1538 782 Cyrus
1563 724 1615 769 et
1647 711 1886 768 Joannes
1929 714 2051 770 illas

472 801 787 854 munierunt
831 802 1070 872 virgines
1113 814 1169 858 et
1224 806 1276 858 in
1308 807 1498 876 agonis
1531 806 1764 860 stadium
1817 805 2047 876 ingressi

471 883 708 946 fuerunt.
732 887 868 947 Cum
888 910 914 946 a
937 895 1203 950 militibus
1225 897 1292 949 ad
1315 878 1550 952 tribunal
1579 898 1792 969 Syriani
1819 899 2052 953 Alexan-

468 983 638 1036 drinae
668 984 820 1037 urbis
856 986 1104 1053 praesidis
1136 986 1380 1056 perducti
1411 998 1850 1054 essent,omnem
1884 989 2052 1058 abje-

465 1082 663 1127 (ferunt
713 1075 1160 1142 sollicitudinem,
1204 1077 1360 1146 juxta
1425 1082 1743 1134 mandatum
1804 1079 2050 1148 Domini;

476 1180 582 1218 non
641 1167 783 1219 enim
823 1168 1027 1234 paratis
1068 1172 1517 1238 responsionibus
1575 1172 1639 1225 ad
1675 1172 1872 1242 judieis
1911 1188 2056 1240 qna:-

473 1255 680 1310 stioncs
711 1256 952 1323 stabant,
996 1258 1088 1312 sed
1124 1258 1327 1328 Spiritu
1357 1271 1545 1316 sancto
1591 1262 1844 1317 instructi
1895 1263 2054 1317 dictis

471 1348 614 1401 dicta
661 1348 989 1405 referebant.
1044 1350 1252 1406 Praeses
1282 1355 1428 1406 enim
1481 1365 1703 1410 sanctos
1730 1364 1783 1408 et
1811 1355 2055 1423 virgines

471 1440 632 1494 simul
696 1447 958 1496 convocat
1030 1453 1090 1496 ut
1145 1444 1482 1512 abnegantes
1544 1445 1820 1500 Christum
1893 1446 2058 1500 relin-

393 1554 398 1560 τ
470 1539 641 1599 qumt
703 1541 757 1586 et
831 1534 1166 1587 daemonibus
1213 1536 1555 1600 sacrificent;
1619 1546 1704 1588 ast
1759 1536 2058 1589 docuerunt

472 1615 638 1674 Deum
670 1636 790 1676 esse
819 1623 1036 1676 unicum
1089 1625 1255 1678 totius
1289 1625 1590 1680 creationis
1632 1626 1860 1680 visibilis
1885 1627 2058 1679 facto-

2151 532 2335 586 πάλιν·
2379 531 2443 583 '0
2475 531 2807 599 ὑπομείνας
2822 531 2909 593 είς
2939 524 3135 592 τέλος.
3154 519 3333 591 οὗτος
3354 527 3722 593 σωθήσεται
3747 545 3764 559 ·

2154 621 2470 694 μιμήσασθε
2495 621 2593 692 τὴν
2610 619 2885 690 ὑμετέραν
2907 617 3231 673 διδάσκαλον
3250 619 3351 689 τὴν
3372 621 3433 672 ἐν
3469 620 3761 688 γυναιξὶν,

2149 710 2219 787 ἦς
2251 714 2349 786 τὴν
2377 713 2706 784 παρθενείαν
2746 710 3080 780 ποθήσασαι,
3101 713 3191 765 καὶ
3211 713 3311 783 τὴν
3327 711 3640 782 ὁμολογίαν
3659 713 3763 780 ξη-

2151 805 2362 859 λὼσατε
2389 820 2403 834 ·
2439 824 2459 857 ι
2481 802 2689 867 τούτοις
2706 802 2800 855 καὶ
2824 802 3004 864 ἄλλοις
3020 802 3228 872 όμοίςις
3241 803 3418 871 λόγοις
3443 802 3547 856 καὶ
3573 819 3763 872 παρα-

2153 895 2443 966 δείγμασιν
2469 895 2516 948 οί
2538 893 2684 962 ἅγιοι
2703 893 2797 946 τοῦ
2829 892 3070 962 Χριστοῦ
3097 892 3375 964 μάρτυρες
3417 893 3613 965 Κῦρος
3665 897 3764 947 καὶ

2168 987 2421 1053 Ἰωάννης
2445 985 2542 1048 τὰς
2577 985 2857 1057 μακαρίας
2883 983 3099 1046 ἐκείνας
3151 985 3458 1054 παρθένους
3487 986 3764 1038 ὁπλίσαν-

2153 1095 2264 1140 τες,
2297 1077 2466 1140 οὕτως
2491 1076 2588 1129 σὺν
2618 1078 2809 1138 αὐταῖς
2839 1077 2920 1140 είς
2941 1075 3000 1128 τὸ
3031 1076 3172 1130 κατὰ
3196 1077 3293 1146 τῆς
3317 1076 3764 1146 δεισιδαιμονίας

2155 1171 2455 1223 ἀπεδύοντο
2487 1169 2698 1221 στάδιον
2725 1185 2738 1198 ο
2777 1170 2900 1221 ἐπεὶ
2961 1169 3072 1238 γὰρ
3098 1168 3202 1221 ὑπὸ
3237 1169 3347 1221 τῶν
3385 1169 3600 1231 αὐτοὺς
3631 1169 3760 1222 συλο

2155 1260 2544 1330 λαμϐανόντων
2578 1259 2950 1330 στρατιωτῶν,
2985 1259 3065 1330 τῷ
3094 1259 3188 1311 τοῦ
3219 1259 3488 1330 Συριανοῦ
3524 1261 3626 1311 ἐπὶ
3661 1260 3763 1330 τῆς

2168 1351 2583 1422 Ἀλεξανδρείας
2633 1352 2987 1422 παρέστησαν
3059 1350 3286 1422 βήματι,
3337 1354 3526 1404 πᾶσαν
3560 1352 3763 1420 ἑτέραν

2157 1445 2470 1517 ἀπέρριψαν
2505 1445 2795 1516 μέριμναν,
2823 1445 2966 1498 κατά
2997 1443 3096 1513 τὴν
3113 1444 3209 1496 τοῦ
3242 1445 3452 1513 Κυρίου
3487 1444 3722 1512 ἐντολήν
3743 1459 3759 1471 ·

2159 1537 2222 1588 οὐ
2249 1537 2357 1606 γὰρ
2385 1537 2609 1598 οἰκείοις
2642 1535 3024 1604 συλλογισμοῖς
3085 1535 3224 1604 πρὸς
3291 1536 3396 1596 τὰς
3451 1535 3764 1603 ἀπολογίας

2160 1627 2258 1690 τὰς
2289 1626 2425 1697 πρὸς
2447 1626 2539 1679 τὸν
2569 1626 2829 1696 δικαστὴν
2869 1623 3253 1696 ἡτοιμάζοντο,
3291 1626 3432 1679 ἀλλὰ
3471 1626 3555 1697 τῷ
3619 1627 3764 1695 ἁγίῳ

471 1724 668 1776 torem,
696 1713 829 1767 deos
875 1724 1057 1766 autem
1091 1730 1118 1766 a
1153 1715 1380 1785 paganis
1431 1723 1740 1781 veneratus,
1786 1729 1890 1769 non
1933 1729 2055 1768 esse

2165 1716 2816 1788 Πνεύματισοφιζόμενοι
2855 1719 3025 1788 ⁵πρδς
3075 1719 3175 1781 τὰς
3231 1718 3401 1772 αὐτοῦ
3449 1722 3763 1789 ἐρωτήσεις

470 1803 604 1856 deos
627 1803 721 1857 sed
753 1804 1032 1858 hominum
1083 1805 1409 1874 perditores.
1443 1807 1674 1876 ideoque
1728 1807 2056 1862 deserendas

2165 1807 2511 1877 ὐπήντησανο
2554 1807 2583 1859 ό
2619 1807 2720 1878 μὲν
2753 1807 2863 1877 γὰρ
2902 1807 3088 1861 ἐκάλει
3123 1809 3252 1872 τοὺς
3284 1809 3474 1877 ἁγίους
3512 1812 3616 1862 σὺν
3641 1813 3761 1871 ταῖς

467 1896 773 1950 edixerunt.
815 1897 966 1952 Tunc
1005 1897 1124 1952 iilos
1178 1897 1458 1953 blanditiis
1499 1898 1879 1967 donorumqne
1933 1913 2061 1965 pro-

2165 1898 2420 1967 Ξιοιδίμοις
2458 1899 2772 1969 παρθένοις,
2819 1898 2956 1970 πρὸς
3008 1899 3242 1972 ἄρνησιν
3307 1902 3760 1972 προτρεπόμενος

471 1986 823 2043 missionibus
867 2005 1156 2060 aggressus
1189 2000 1273 2045 est
1302 1990 1588 2060 Syrianns,
1614 2004 1814 2058 eosque
1845 1990 2058 2044 charis-

2165 1991 2249 2045 τὸν
2279 1990 2516 2062 Χριστὸν
2545 1991 2986 2060 καταλιμπάνειν
3032 1998 3128 2046 καὶ
3164 1992 3445 2056 θυσιάζειν
3482 1994 3617 2057 τούς
3647 1993 3761 2046 δαί-

466 2080 640 2135 simos
667 2089 724 2135 et
746 2083 1059 2136 notissimos
1089 2082 1142 2135 in
1186 2097 1353 2151 regno
1397 2082 1751 2136 stabiliendos
1788 2080 2060 2148 pollicitus

2165 2101 2334 2155 μονας
2362 2100 2377 2114 °
2399 2083 2449 2136 οί
2485 2083 2542 2136 δὲ
2570 2083 2657 2136 διὰ
2686 2083 2788 2153 τῆς
2824 2085 3112 2155 όρωμένης
3161 2086 3397 2148 κτίσεως
3429 2086 3525 2138 τὸν
3552 2085 3759 2156 mare;

463 2181 588 2238 est;
631 2173 806 2228 sancti
846 2187 975 2228 vero
1015 2183 1287 2242 martyres
1337 2189 1622 2227 munerum
1669 2171 1834 2241 jnstis
1876 2186 2054 2227 reser-

467 2276 717 2318 vatorum
762 2278 1034 2319 memores
1080 2273 1135 2318 et
1165 2263 1489 2318 Christiana:
1537 2264 1809 2318 libertatis
1853 2260 2053 2330 jndicis

464 2360 862 2428 promissiones
884 2361 1253 2428 despexerunt
1271 2369 1325 2412 et
1355 2356 1764 2410 manifestarunt
1789 2365 2050 2424 quantum

471 2463 684 2507 terrena
719 2467 750 2506 a
783 2453 997 2520 superis
1030 2461 1085 2504 et
1127 2450 1444 2505 caelestibus
1487 2450 1644 2503 donis
1681 2449 1903 2504 distent.

2163 2175 2513 2246 Δημιουργὸν
2543 2175 2930 2242 ἐπιγινώσκειν
2989 2176 3291 2237 ἐδίδασκον.
3327 2177 3425 2252 καὶ
3462 2176 3598 2239 τοὺς
3631 2176 3758 2247 παρ’

2163 2264 2343 2318 αὐτῶν
2387 2265 2718 2334 σεϐομένους
2760 2265 2938 2330 θεοὺς,
2975 2267 3052 2330 ὡς
3094 2268 3156 2320 οὐ
3197 2267 3578 2330 θεοὺςδντας,
3623 2267 3760 2319 ἀλλὰ

2157 2355 2473 2424 λυμαιῶνας
2508 2355 2617 2409 τῶν
2639 2358 2735 2410 ἀνθ
2744 2357 2964 2427 ρώπων,
2984 2359 3423 2428 καταλιμπάνειν
3442 2357 3759 2412 ἀνέπειθον.

2158 2445 2292 2502 Εἶτα
2320 2451 2347 2501 ό
2374 2448 2632 2518 Συριανὸς
2655 2449 2968 2504 κολακεύων
2993 2452 3201 2520 δόματα
3231 2451 3419 2504 δοῦναι
3474 2452 3754 2523 ἐπηγγέλο

469 2544 609 2607 λετο,
649 2544 743 2596 καὶ
805 2543 993 2612 φίλους
1065 2543 1160 2596 καὶ
1207 2542 1520 2614 γνωρίμους
1563 2540 1826 2612 καθιστᾷν
1879 2538 1958 2611 τῷ
1991 2539 2134 2609 ’ἰδίῳ
2158 2539 2368 2610 βασιλεῖ
2385 2541 2825 2597 ἐϐεσαίωσενοοί
2855 2544 2911 2596 δὲ
2943 2545 3086 2612 amo:
3132 2547 3410 2615 μάρτυρες
3448 2546 3564 2597 τῶν
3623 2549 3756 2599 ἀπο·

468 2639 741 2708 κειμένων
770 2641 882 2701 τοῖς
907 2636 1139 2700 δικαίοις
1181 2635 1402 2705 ἀγαθῶν
1459 2635 1850 2706 ἐμνημόνευον,
1917 2633 2140 2702 καὶτῆς
2177 2635 2285 2688 τῶν
2314 2634 2559 2706 οὐρανῶν
2593 2635 2894 2706 βασιλείας,
2953 2637 3046 2690 καὶ
3092 2637 3193 2704 τῆς
3218 2639 3355 2707 πρὸς
3392 2637 3488 2690 τὸν
3521 2637 3764 2707 Χριστὸν

469 2735 825 2807 παρρησίαςο
885 2736 1124 2796 καὶτοῖς
1192 2731 1344 2804 παρὰ
1397 2731 1492 2786 τοῦ
1535 2730 1792 2785 δικαστοῦ
1858 2730 2356 2802 ἐπαγγελλομένοις
2406 2734 2976 2804 ἁντεπαρετάττοντο,
3040 2734 3352 2798 δεικνύντες
3403 2735 3532 2788 ὅσον
3589 2736 3762 2789 ταῦτα

473 2830 702 2884 ἐκείνων
731 2826 1048 2898 ἐνδοξότερά
1070 2841 1130 2878 τε
1156 2823 1257 2878 καὶ
1297 2822 1622 2896 τιμιώτερα.

541 2924 773 2979 Emissis
800 2923 1050 2978 omnibus
1070 2924 1357 2978 verborum
1383 2921 1671 2976 venenosis
1693 2918 1926 2990 sagittis,
1947 2919 2074 2988 pha-

2264 2920 2351 2984 Ὠς
2376 2920 2434 2974 δέ
2466 2921 2643 2975 πᾶσαν
2671 2921 2768 2991 τὴν
2794 2921 2903 2974 τῶν
2935 2921 3157 2976 ἰοϐόλων
3185 2923 3351 2975 αὐτοῦ
3407 2922 3591 2991 λόγων
3623 2922 3767 2990 βελο-

474 3026 728 3084 retraqne
763 3014 1155 3084 scphismatum
1183 2995 1597 3082 viduata,quam
1620 3012 1840 3068 minime
1867 3025 2070 3082 marty-

2177 3009 2352 3080 θήκην
2387 3009 2631 3072 κενώσας
2665 3011 2991 3079 όδικαστὴς,
3027 3011 3281 3080 οὐδαμῶς
3309 3013 3434 3072 τοὺς
3473 3012 3767 3081 μάρτυρας

472 3120 563 3158 res
586 3104 804 3156 vulnera
816 3101 1171 3169 veratjudex;
1201 3118 1322 3156 nam
1349 3103 1449 3156 fide
1465 3112 1620 3157 erant
1645 3103 1862 3169 armati,
1882 3113 2066 3157 scuto-

2173 3099 2410 3172 ἔτρωσεν
2459 3097 2620 3173 (ἦσαν
2673 3101 2779 3172 γὰρ
2827 3101 3268 3172 καθωπλισμένοι
3324 3107 3390 3173 τῇ
3422 3106 3636 3168 πίστει,
3669 3107 3766 3160 καὶ

472 3207 582 3261 que
606 3193 915 3246 christiana:
944 3190 1224 3247 charitatis
1252 3192 1448 3260 induti;
1471 3202 1579 3270 tum
1605 3208 1634 3246 a
1659 3193 1834 3247 verbis
1865 3193 1930 3246 ad
1954 3203 2066 3246 tor-

472 3294 655 3338 menta
702 3284 944 3352 procedit
989 3283 1293 3355 Syrianus,
1339 3295 1649 3340 sanctorum
1697 3294 1751 3340 et
1798 3286 2066 3355 virginum

473 3375 614 3430 latus
637 3385 917 3445 totumque
947 3391 1144 3446 corpus
1170 3377 1306 3430 diris
1355 3378 1650 3445 exagitavit
1689 3378 2022 3432 cruciatibus
2047 3391 2065 3444 ;

471 3469 614 3522 servi
644 3482 824 3521 autem
868 3466 1068 3522 infensi
1115 3468 1376 3538 praesides
1409 3467 1691 3540 defatigati
1744 3480 1892 3536 sunt,
1929 3469 2066 3524 nihil

471 3561 858 3630 proficientes;
910 3559 1084 3614 sancti
1143 3564 1290 3614 enim
1351 3574 1421 3615 ne
1476 3562 1698 3616 verbum
1739 3564 1954 3632 quidem
1999 3561 2066 3615 ad

475 3661 715 3708 torturas
760 3656 1043 3718 dederunt,
1079 3653 1172 3708 sed
1211 3652 1447 3709 invicem
1482 3654 1537 3708 in
1564 3653 1741 3722 poenis
1775 3653 2067 3708 hortaban-

435 3757 582 3812 itur,
633 3747 784 3815 quasi
837 3762 945 3800 non
1001 3745 1285 3817 suppliciis
1351 3755 1438 3802 ast
1488 3747 1541 3801 in
1593 3745 1754 3800 lautis
1807 3744 2068 3812 conviviis

475 3839 728 3893 fuissent.
753 3838 888 3892 Cum
921 3838 1175 3893 invictam
1205 3852 1594 3908 generosorum
1622 3837 1823 3893 Christi
1858 3847 2062 3909 marty-

470 3949 596 3986 rum
655 3932 1012 3987 constantiam
1083 3931 1367 4002 probasset
1425 3928 1724 4000 Syrianus,
1793 3929 2068 4001 perspexit

478 4025 600 4078 illos
660 4025 725 4078 tle
771 4023 923 4079 falsis
992 4023 1304 4077 numinibus
1367 4031 1564 4092 tropaea
1631 4022 1925 4090 relaturos;
1987 4023 2070 4076 in-

475 4113 618 4164 vitus
668 4110 879 4163 illorum
935 4120 1095 4178 caput
1173 4126 1276 4162 una
1351 4125 1474 4164 cum
1537 4110 1834 4180 virginibus
1893 4110 2068 4178 gladio

471 4203 769 4257 set-amttnn
848 4200 1031 4270 jussit.
1105 4199 1411 4256 Perfectum
1477 4213 1561 4258 est
1627 4203 1778 4258 ducis
1829 4204 2067 4257 "manda-

480 4306 629 4360 tum,
713 4293 1029 4364 sanguinem
1092 4294 1236 4348 enim
1306 4310 1465 4349 suum
1534 4292 1827 4361 fundendo,
1901 4294 2070 4352 fortes

471 4390 717 4453 athletae,
766 4388 1024 4445 cmlestia
1053 4390 1246 4460 gaudia
1297 4401 1484 4443 contra
1533 4388 1815 4443 mortalem
1855 4401 2070 4444 mutua-

2168 3195 2258 3247 τόν
2293 3195 2392 3265 τῆς
2423 3199 2570 3265 πρὸς
2590 3196 2822 3266 Χριστὸν
2850 3196 3067 3267 ἀγάπης
3099 3197 3441 3268 ἐνδεδυμένοι
3479 3197 3759 3269 θώρακι),

2168 3285 2320 3348 τέλος
2359 3285 2415 3338 δέ
2449 3287 2518 3340 δι’
2549 3288 2728 3357 ἔργων
2781 3289 2998 3357 ἐχώρει,
3049 3288 3142 3341 καὶ
3179 3287 3369 3350 δεινῶς
3406 3291 3536 3351 τοὺς
3575 3292 3769 3358 ἁγίους

2170 3379 2266 3432 σὺν
2295 3380 2416 3441 ταῖς
2451 3380 2756 3449 μακαρίαις
2803 3379 3043 3442 ἐκείναις
3097 3380 3242 3432 κατά
3270 3373 3329 3431 τε
3368 3379 3481 3432 τῶν
3505 3381 3768 3451 πλευρῶν

2167 3469 2261 3524 καὶ
2300 3470 2424 3523 ὅλου
2445 3469 2542 3524 τοῦ
2579 3470 2831 3541 σώματος
2863 3471 3076 3532 τούτοις
3095 3471 3437 3541 προσέφερεν
3455 3473 3554 3534 τὰς
3586 3489 3766 3542 τιμω-

2172 3559 2293 3628 ρίας
2317 3576 2330 3590 ·
2373 3560 2448 3623 ὠς
2471 3560 2527 3613 δὲ
2556 3560 2875 3630 ἀπέκαμνον
2933 3561 2983 3614 οἱ
3015 3560 3292 3630 ὑπηρέται
3322 3560 3416 3614 τοῦ
3452 3563 3770 3631 δυσμενοῦς

2171 3653 2336 3722 μηδὲν
2364 3651 2548 3704 πλεῖον
2591 3651 2889 3716 ἀνύσαντες
2919 3651 3062 3723 (οὐτε
3108 3653 3542 3724 γάρ,άπόκρισιν
3574 3654 3770 3724 ἠξίουν

2167 3743 2215 3796 οἱ
2250 3743 2394 3811 ἆγιοι
2447 3745 2558 3806 τοῖς
2618 3743 2899 3806 δικασταῖς
2949 3744 3155 3810 δοῦναι,
3196 3744 3316 3799 ἀλλ’
3365 3747 3772 3818 ἐνεκαρτέρουν

2166 3838 2277 3899 τοῖς
2294 3837 2594 3907 αἰκισμοῖς,
2615 3835 2689 3899 ὡς
2733 3836 2833 3889 οὐκ
2865 3837 2922 3890 ἐν
2953 3837 3231 3906 βασάνοις,
3257 3835 3374 3890 ἀλλ’
3401 3838 3460 3890 ἐν
3504 3839 3772 3910 εὐωχίαις

2141 3928 2549 3998 .ὐπάρχοντες),
2574 3923 2693 3981 εἶτα
2720 3927 2842 3981 ίδὼν
2869 3929 2897 3981 ὁ
2927 3928 3188 3998 Συριανὸς
3231 3929 3341 3982 τῶν
3367 3932 3642 3999 γενναίων
3672 3933 3770 3986 τοῦ

2168 4017 2406 4089 Χριστοῦ
2443 4017 2692 4090 ἀθλητῶν
2741 4020 2803 4072 τὸ
2854 4021 3143 4090 ἀήττητον,
3197 4021 3413 4074 δίδωσιν
3462 4025 3561 4075 καὶ
3612 4027 3770 4079 ἄκων

2170 4108 2335 4164 αὐτοῦ
2369 4110 2465 4164 καὶ
2495 4109 2605 4163 τῶν
2632 4110 2772 4164 θεῶν
2823 4111 2990 4164 αὐτοῦ
3045 4112 3451 4180 ἐπενέγκασθαι
3494 4115 3767 4186 τρόπαια,

2170 4202 2439 4267 κελεύσας
2461 4201 2588 4265 τούς
2615 4202 2802 4270 ἁγίους
2831 4201 2928 4255 σὺν
2946 4203 3065 4266 ταῖς
3099 4203 3316 4274 τιμίαις
3349 4205 3656 4276 παρθένος
3680 4209 3769 4263 διὰ

2173 4293 2358 4363 ξίφους
2382 4291 2739 4363 τελειωθῆναι
2759 4309 2772 4322 ·
2801 4293 2894 4345 καὶ
2925 4291 2989 4364 δὴ
3020 4294 3193 4364 πέρας
3219 4294 3281 4346 τὸ
3304 4296 3647 4368 πρόσταγμα
3672 4301 3766 4353 τοῦ

2171 4385 2438 4455 ἡγεμόνος
2499 4381 2828 4453 ἐλάμϐανεν,
2864 4381 2960 4435 καὶ
3009 4385 3074 4454 τῇ
3111 4383 3334 4454 ἐκχύσει
3383 4384 3478 4438 τοῦ
3517 4387 3657 4440 ἰδίου
3690 4392 3772 4442 αῖ-

477 4493 671 4538 verunt
698 4483 885 4546 vitam,
912 4491 968 4536 et
1003 4484 1070 4536 ab
1097 4482 1397 4536 certamine
1422 4481 1663 4534 intuente
1696 4480 1806 4534 Deo
1829 4481 2069 4537 victoriae

2175 4495 2347 4549 ματος
2401 4477 2491 4530 τὸν
2546 4478 2748 4530 οἰκεῖον
2795 4477 3074 4549 Δεσπότην
3130 4477 3365 4550 Χριστὸν
3396 4479 3446 4531 oi
3469 4481 3768 4552 ἀθλοφόροι

475 4591 732 4630 coronam
802 4585 1174 4646 reportarnnt.
1268 4571 1392 4628 ilice
1452 4582 1666 4642 peracta
1726 4583 1852 4626 sunt
1913 4573 2064 4641 juxta

477 4667 767 4739 Egyptios
783 4676 936 4721 sexta
967 4668 1166 4720 mensis
1193 4665 1415 4731 Mechir,
1433 4666 1649 4733 etjuxta
1674 4662 1945 4720 Romanos
1965 4667 2066 4720 tri—

479 4762 680 4814 cesima
714 4759 886 4828 prima
909 4756 1176 4821 Januarii,
1212 4765 1442 4810 testante
1463 4757 1808 4810 sanctissimo
1825 4757 2065 4810 Alexan-

479 4854 608 4908 driae
630 4853 886 4922 episcopo
919 4851 1102 4913 Petro,
1134 4846 1373 4917 perfecto
1395 4848 1668 4903 imitatore
1713 4847 1858 4902 Petri
1923 4849 2066 4903 illius

471 4945 562 4999 cui
589 4945 768 4999 claves
799 4945 948 5015 regni
1007 4942 1246 4997 caelestis
1302 4940 1604 4995 commissa“:
1659 4948 1784 4994 sunt
1821 4949 1877 4994 et
1906 4956 2068 5011 super

479 5054 636 5108 quem
668 5037 909 5093 Ecclesia
939 5036 1157 5090 ftindata
1183 5044 1286 5089 est.
1312 5034 1695 5103 lmpiissimnm
1719 5034 1908 5088 Arium
1935 5052 2066 5090 san-

477 5131 736 5187 ctissima:
755 5129 1038 5184 Trinitatis
1053 5130 1414 5180 detractorem
1437 5123 1823 5179 infesissimnm
1857 5129 2076 5215 evertit,

481 5221 1170 5295 quemadmodum.Petrus
1204 5218 1479 5288 apostolus
1515 5217 1790 5272 Simonem
1833 5218 2073 5289 Magum.

2176 4574 2454 4644 μάρτυρες
2519 4571 2916 4641 μιμησάμενοι,
2963 4572 3062 4634 τὰς
3093 4572 3150 4624 ἐν
3196 4573 3446 4642 οὐρανοῖς
3473 4573 3768 4646 διατριϐὰς

2171 4668 2292 4721 ἀντὶ
2319 4666 2428 4718 τῶν
2458 4665 2718 4733 ἐπιγείων
2771 4663 3093 4733 ἠλλάξαντο,
3149 4667 3244 4717 καὶ
3281 4665 3414 4730 τοὺς
3445 4668 3546 4737 τῆς
3590 4669 3767 4740 amt-

2173 4776 2310 4822 σεως
2367 4759 2665 4826 στεφάνους
2722 4757 2875 4827 παρά
2904 4756 2997 4810 τοῦ
3041 4757 3380 4825 ἀγωνοθέτου
3410 4760 3548 4812 Θεοῦ
3581 4762 3772 4831 ἐκομί-

2175 4866 2368 4926 σαντοξ
2400 4849 2576 4904 ταῦτα
2627 4848 2685 4903 δὲ
2743 4849 3046 4920 ἐπράττετο
3100 4851 3243 4903 κατὰ
3278 4852 3378 4920 μὲν
3427 4852 3768 4919 Αἰγυπτίους

2178 4945 2307 5015 μηνὶ
2337 4943 2523 5012 Μηχὶρ
2548 4940 2706 5010 ἕκτῃ,
2743 4940 2885 4993 κατὰ
2918 4940 2974 4993 δὲ
2991 4937 3297 5010 Ῥωμαίους
3331 4941 3463 5012 μηνὶ
3476 4933 3767 4996 ’Ἰαννουαο

2181 5035 2281 5106 ρίῳ
2339 5033 2638 5104 τριακοστῇ
2705 5030 2916 5102 πρώτῃ,
2965 5032 3103 5101 μετὰ
3162 5031 3222 5084 τὸ
3271 5032 3621 5102 μαρτυρῆσαι
3677 5035 3764 5086 τὸν

2182 5125 2486 5193 ἁγιώτατον
2553 5123 2854 5177 ἐπίσκοπον
2915 5122 3323 5193 ’Δλεξανδρείας
3375 5124 3610 5194 Πέτρον,
3676 5127 3765 5177 τδν

2186 5215 2399 5288 ἀληθῶς
2436 5215 2645 5286 Πέτρου
2672 5214 2883 5268 ἐκείνου
2926 5213 3192 5286 μιμητὴν,
3239 5213 3331 5266 τοῦ
3361 5214 3458 5276 τὰς
3483 5215 3633 5276 κλεῖς
3666 5219 3765 5282 τῆς

483 5319 762 5390 βασιλείας
792 5318 899 5372 τῶν
953 5317 1201 5389 οὐρανῶν
1258 5314 1664 5380 πιστευθέντος,
1721 5316 1808 5385 ἐφ’
1844 5316 1903 5369 ὃν
1941 5319 1972 5387 ὴ
2053 5315 2352 5387 Ἐκκλησία
2403 5311 2766 5381 τεθεμελίωτο
2803 5311 2902 5381 (Ι),
2933 5310 3024 5362 τὸν
3074 5308 3370 5362 καθελόντα
3402 5310 3491 5362 τὸν
3518 5309 3759 5380 δυσμενῆ

485 5411 700 5482 Ἀρειον
724 5411 817 5464 τὸν
838 5409 937 5478 τῆς
971 5409 1132 5474 ἁγίας
1163 5407 1393 5479 Τριάδος
1419 5405 1613 5476 ἐχθρὸν
1638 5407 1731 5459 καὶ
1763 5407 2062 5479 ἀλλότριον,
2089 5407 2343 5486 καθὰ-καὶ
2373 5405 2576 5475 Πέτρος
2597 5403 2625 5454 ὁ
2658 5402 2957 5466 ἀπόστολος
2978 5402 3170 5471 Μάγον
3193 5401 3285 5457 τὸν
3317 5399 3557 5471 Σίμωνα.

554 5507 567 5536 ⁸
603 5506 794 5559 Matth.
831 5503 996 5570 x,28.
1112 5503 1128 5534 ³
1161 5503 1292 5558 ibid.
1329 5517 1382 5568 ιι,
1412 5500 1507 5554 22.

1966 5582 2200 5640 NOTAE.

552 5694 630 5765 (ι)
683 5693 762 5746 Ειι
813 5692 1010 5748 l’ctrus
1059 5687 1313 5746 Ecclesiae
1365 5685 1779 5742 fundamentum
1814 5697 1843 5737 a
1877 5679 2064 5738 Graeco
2102 5679 2400 5752 biographo
2430 5679 2663 5737 dicitur.
