4002 6316
209 259 359 348 εδτο

1420 252 1520 315 DE
1549 251 1658 313 SS.
1694 249 1891 312 CYRO
1933 247 2028 310 ET
2057 245 2374 312 JOANNE.

3346 243 3488 308 369i

307 375 528 447 Ἐπειδὴ
554 374 617 431 δὲ
639 373 844 444 Κῦρος,
874 372 968 426 καὶ
1023 369 1274 439 Ἰωάννης
1311 369 1360 421 oi
1407 367 1680 438 μάρτυρες
1706 366 1802 419 σὺν

1975 363 2271 433 Postquam
2347 364 2531 418 sancti
2600 369 2872 432 martyres
2915 361 3094 430 Cyrus
3137 367 3192 412 et
3245 360 3486 412 Joannes

212 474 334 536 ταῖς
368 469 640 540 άοιδίμοις
675 464 968 534 παρθένοις
987 462 1065 530 τῷ
1092 461 1237 529 ξίφει
1263 457 1677 528 ἐτελειώθησαν,
1707 459 1803 510 καὶ

211 561 282 636 ἦν
317 563 500 618 αὐτῶν
533 559 604 613 τά
630 556 876 625 πανάγια
927 552 1158 624 σώματα
1213 553 1420 621 άταφα,
1467 549 1679 620 θηρίοις
1706 548 1802 600 καὶ

210 657 423 729 ὀρνέοις
453 655 533 716 είς
559 650 726 722 βοράν
757 647 1013 717 κείμενα,
1056 642 1341 714 οἰκονομίᾳ
1391 640 1526 695 Θεοῦ
1561 640 1620 694 τὸ
1651 641 1802 692 εὐσε-

209 749 304 810 6;ς
353 747 517 816 μέρος
569 739 665 796 τοῦ
705 740 816 793 τῶν
887 737 1281 806 Ἀλεξανδρέων
1313 735 1444 788 λαοῦ
1497 733 1648 817 ζήλῳ
1705 730 1802 785 καὶ

207 835 361 906 πόθῳ
384 834 514 903 θείῳ
538 827 925 892 καθοπλισθὲν,
968 827 1206 899 ἁρπάζει
1250 826 1319 879 τὰ
1351 824 1462 878 τῶν
1497 823 1668 892 ἁγίων
1697 820 1801 873 λεί-

206 928 358 998 ψανα
385 927 501 978 σῶα
535 925 638 979 καὶ
656 922 892 992 ἀϐλαῦἦ,
915 921 1008 973 καὶ
1032 919 1206 972 ταῦτα
1233 919 1314 982 εἰς
1344 917 1434 971 τὸν
1454 916 1636 984 τίμιον
1669 913 1800 968 ναδν

205 1018 304 1071 τοῦ
320 1014 500 1083 ’Δγίου
519 1011 844 1067 Ἀποστολου
867 1011 962 1065 καὶ
979 1008 1384 1078 Εὐαγγελιστοῦ
1401 1008 1630 1079 Μάρκου
1662 1006 1801 1076 μετά

208 1108 414 1178 πολλῆς
433 1106 764 1178 δορυφορίας
787 1104 883 1157 καὶ
903 1103 1069 1172 τιμῆς
1087 1101 1437 1170 άποτίθησιν,
1466 1101 1592 1163 τοὺς
1612 1099 1800 1168 ἁγίους

209 1201 396 1270 Κῦρον
454 1198 550 1252 καὶ
618 1197 876 1264 Ἰωάννην
927 1195 986 1247 ἐν
1049 1195 1147 1264 μιᾷ
1183 1192 1364 1264 σορῷ·
1396 1191 1496 1255 τὰς
1539 1191 1596 1245 δὲ
1637 1189 1802 1258 ἁγίας

210 1287 521 1358 παρθένους
547 1285 831 1352 Θεοδότην,
863 1281 1218 1350 Θεοκτίστην,
1249 1281 1344 1334 καὶ
1371 1278 1646 1344 Εύδοξίαν,
1685 1277 1801 1343 ἅμα

207 1385 279 1454 τῇ
336 1381 545 1436 τούτων
609 1377 780 1449 μητρὶ
843 1376 1160 1447 ’Δθανασίᾳ,
1210 1376 1269 1428 ἐν
1311 1374 1409 1445 μιᾷ
1437 1373 1636 1442 ὁμοίως
1666 1371 1803 1424 ίδιαο

209 1468 384 1540 {orion
424 1465 601 1540 σορῷ·
635 1465 754 1536 ᾔδει
781 1465 892 1535 γάρ
964 1463 1182 1534 άληθῶς
1213 1461 1340 1526 τοὺς
1377 1462 1486 1516 τῶν
1515 1460 1801 1528 εὐαγγελι-

211 1559 327 1614 κῶν
401 1555 886 1628 παραγγελμάτων
950 1553 1220 1624 φύλακας,
1280 1553 1377 1606 καὶ
1425 1552 1524 1625 τῆς
1566 1552 1797 1622 Μάρκου

211 1650 503 1720 ἀθλήσεως
556 1648 824 1720 μιμητὰς,
879 1647 1184 1718 συσκήνους
1241 1646 1432 1700 τούτου
1504 1644 1795 1715 γενέσθαι,

1906 455 2068 512 simul
2118 469 2242 508 cum
2277 453 2582 523 virginibus
2612 454 2780 505 vitam
2817 465 2969 504 suam
3001 449 3180 516 gladio
3222 446 3486 506 finierint.

1908 545 2177 616 insepulta
2208 559 2400 599 eorum
2426 552 2808 598 remanserunt
2837 553 3088 607 corpora,
3110 539 3163 590 in
3185 551 3336 590 esum
3363 549 3489 602 pro-

1905 639 2052 710 jecta
2106 637 2241 693 feris
2289 646 2345 691 et
2392 637 2622 702 avibus;
2667 633 2760 688 Dei
2789 643 2974 686 autem
3024 626 3364 698 providentia
3400 626 3486 692 pia

1905 737 1960 783 et
2011 728 2203 782 devota
2270 740 2399 795 pars
2448 721 2944 778 Alexandrinorum
2999 714 3115 769 zelo
3172 722 3226 766 et
3273 710 3487 764 ardenti

1905 829 2112 873 armata
2149 817 2252 872 fuit
2279 815 2648 877 desiderio,ut
2677 818 2993 867 sanctorum
3017 803 3277 874 reliquias
3308 816 3488 856 asser-

1901 919 2085 972 varet;
2116 907 2300 963 salvos
2329 916 2383 959 et
2402 907 2634 960 intactos
2666 915 2866 970 magno
2895 900 3106 953 honore
3139 903 3194 950 et
3230 892 3378 949 cultu
3399 891 3494 944 de-

1905 998 2025 1053 tulit
2084 999 2138 1052 in
2193 983 2449 1064 templum
2503 994 2681 1049 sancti
2739 987 2967 1060 apostoli
3030 994 3084 1041 ct
3145 981 3494 1052 evangelista:

1901 1087 2106 1156 Marci;
2143 1089 2344 1161 Cyrum
2381 1096 2630 1141 sanctum
2665 1093 2720 1138 et
2753 1081 3018 1137 Joannem
3058 1079 3110 1131 in
3140 1091 3304 1130 unum
3332 1074 3498 1142 depo-

1902 1188 2132 1236 suerunt
2214 1178 2489 1243 loculum,
2569 1176 2804 1244 virgines
2886 1180 3066 1226 autem
3128 1165 3494 1222 castissimas.

1903 1271 2318 1336 Theoctistam,
2405 1267 2700 1322 Deodatam
2789 1275 2846 1320 et
2937 1261 3276 1324 Eudoxiam,
3389 1273 3494 1310 una

1901 1381 2026 1422 cum
2083 1371 2259 1418 matre
2287 1361 2586 1415 Athanasio
2636 1357 2970 1428 coniunctim
3015 1356 3070 1408 in
3113 1353 3278 1407 alium
3350 1348 3493 1403 fere-

1905 1469 2070 1512 trum.
2123 1455 2265 1511 Vere
2298 1454 2554 1509 decormu
2579 1452 2681 1507 fuit
2707 1459 3026 1506 sanctorum
3068 1443 3488 1512 Evangeliorutn

1901 1558 2214 1605 servatores
2253 1554 2308 1602 et
2338 1544 2507 1600 Marci
2552 1558 2744 1614 pugnae
2791 1542 3100 1596 imitatores
3158 1537 3259 1592 sub
3293 1535 3486 1590 eodem

1902 1654 2026 1696 cum
2052 1638 2302 1707 apostolo
2333 1637 2572 1706 tegmine
2605 1633 2865 1697 habitari,
2933 1635 3114 1700 itaque
3151 1629 3207 1683 in
3245 1627 3406 1683 terris
3436 1635 3493 1680 et.

214 1715 470 1812 καθάπερ
523 1715 637 1795 ἐπὶ*
664 1715 765 1811 τῆς
804 1740 907 1809 γῆς
937 1715 1132 1808 ἀμέλει
1183 1738 1278 1794 καὶ
1319 1740 1379 1792 ἐν
1411 1739 1659 1808 οὐρανοῖς
1696 1737 1796 1807 τῆς

1920 1733 1967 1786 in
2022 1731 2180 1787 cmlis
2233 1729 2300 1783 ad
2331 1729 2580 1782 dextram
2621 1727 2742 1795 ejus
2773 1732 2922 1779 stare
2971 1720 3362 1792 dignabuntur.
3434 1715 3500 1771 Et

215 1842 284 1894 ἐκ
336 1839 531 1904 δεξιῶν
589 1837 691 1890 σὺν
745 1835 896 1906 αύτῷ
935 1835 1335 1906 άξιωθήσονται
1383 1835 1629 1898 στάσεως
1655 1849 1670 1864 ·
1713 1834 1810 1888 καὶ

212 1929 392 1985 ταῦτα
427 1918 526 1998 μὲν
567 1929 696 2000 περὶ
723 1927 823 1998 τῆς
849 1927 959 1982 τῶν
985 1927 1156 1995 ἁγίων
1181 1926 1486 1997 ἀθλήσεως.

299 2021 623 2090 Ἀναγκαῖον
641 2020 698 2074 δὲ
717 2018 956 2090 ἡγοῦμαι
976 2021 1043 2073 δι’
1078 2018 1260 2087 ὀλίγου
1287 2020 1467 2072 εἰπεῖν
1485 2018 1582 2072 καὶ
1607 2017 1707 2090 τὴν
1729 2019 1817 2072 ai-

212 2113 341 2168 τίαν
367 2112 466 2182 τῆς
496 2111 844 2183 μεταθέσεως
863 2111 973 2164 τῶν
999 2111 1172 2179 ἁγίων
1206 2110 1478 2180 λειψάνων
1504 2109 1688 2181 Κύρου
1718 2109 1815 2164 καὶ

228 2205 477 2260 Ἰωάννου
497 2204 605 2264 άπὸ
624 2205 718 2258 τοῦ
744 2203 1034 2275 εὐκτηρίου
1047 2203 1202 2257 οίκου
1230 2203 1324 2257 τοῦ
1349 2202 1528 2272 Ἀγίου
1559 2201 1817 2256 Ἀποστό-

216 2292 312 2347 λου
365 2296 459 2348 καὶ
509 2293 910 2364 Εύαγγελιστοῦ
957 2294 1188 2364 Μάρκου
1242 2292 1351 2366 [εἰς
1395 2291 1510 2365 τὸν]
1557 2292 1814 2346 ἐπέκεινα

218 2384 482 2439 Κανώϐου
512 2386 768 2449 ναὺν,τὸν
806 2385 1000 2455 πρώην
1029 2386 1116 2439 ἐπ’
1140 2385 1369 2455 ὀνόματι
1388 2385 1496 2438 τῶν
1529 2385 1814 2453 εὐαγγελι-

219 2476 363 2530 στῶν
389 2475 694 2540 κτισθέντα,
713 2474 808 2528 νῦν
834 2475 892 2528 δὲ
920 2474 1027 2531 τῶν
1057 2475 1254 2544 Ἀγίων
1283 2475 1593 2546 Μαρτύρων
1616 2474 1815 2543 ὀνομα-

219 2568 480 2637 ζόμενον,
539 2567 726 2633 καθὼς
785 2568 894 2622 ἀπὸ
927 2569 1382 2641 συγγραμμάτων
1407 2567 1672 2638 Πατέρων
1706 2583 1815 2639 μαο

221 2659 341 2713 θεῖν
373 2659 754 2731 ἠδυνήθημεν·
808 2661 868 2713 ἐν
922 2654 965 2728 ᾧ
1001 2660 1110 2732 γὰρ
1147 2661 1297 2731 τόπῳ
1341 2661 1586 2732 ὑπῆρχεν
1607 2659 1669 2712 τὺ
1705 2659 1815 2714 τῶν

221 2753 397 2820 ἁγίων
427 2753 613 2823 Κύρου
639 2754 733 2806 καὶ
750 2753 1000 2808 Ἰωάννου
1033 2753 1347 2824 εύκτήριον,
1371 2752 1508 2822 πρὸς
1527 2753 1649 2813 ταῖς
1666 2749 1815 2820 ψάμ-

225 2860 352 2912 μοις
391 2842 604 2913 δαίμων
643 2843 955 2914 ἀκάθαρτος
994 2843 1317 2913 ἐπεφαίνετο
1341 2844 1400 2895 ὲν
1428 2843 1559 2895 είδει
1591 2840 1816 2911 θηλείας

223 2935 400 2989 ποιῶν
427 2934 730 3004 φαντασίας
756 2934 982 3000 πολλάς,
1001 2935 1095 2988 καὶ
1120 2935 1382 3006 μαντείας
1423 2932 1595 2987 δοκῶν
1634 2933 1815 3002 λέγειν

224 3029 397 3101 μηδὲν
418 3028 640 3099 ἔχοντας
667 3027 889 3098 ἀληθὲς,
909 3029 1002 3082 καὶ
1025 3028 1296 3095 ἐπιταγάς
1318 3044 1482 3081 τινων
1505 3027 1814 3098 φαρμάκων

1919 1825 2036 1880 haec
2063 1821 2281 1893 quidem
2307 1821 2377 1875 de
2407 1828 2718 1874 sanctorum
2747 1814 3072 1871 certamine.

1983 2003 2219 2060 Necesse
2247 2011 2375 2074 puto
2396 2003 2644 2072 quaedam
2679 1999 2746 2054 de
2779 1997 3139 2055 translatione
3181 2002 3501 2051 sanctarum

1921 2097 2273 2166 reliquiarum
2307 2095 2428 2166 Cyri
2452 2106 2507 2148 et
2531 2092 2761 2148 Joannis
2784 2093 2989 2157 dicere,
3014 2103 3134 2159 qua:
3163 2087 3231 2141 ab
3263 2084 3508 2142 oratorio

1920 2190 2096 2246 sancti
2125 2188 2352 2259 apostoli
2383 2196 2437 2241 et
2465 2184 2813 2252 evangelista
2833 2181 3026 2244 Marci,
3056 2182 3108 2236 in
3131 2179 3339 2236 Canobi
3366 2188 3507 2232 tem-

1921 2284 2068 2354 plum
2113 2289 2406 2353 asportatae
2433 2279 2677 2335 fuerunt.
2757 2275 3040 2345 Templum
3075 2275 3178 2328 hoc
3216 2273 3368 2342 prius
3403 2272 3505 2326 sub

1920 2374 2267 2432 invocatione
2317 2381 2630 2430 sanctorum
2685 2367 3143 2438 evangelistarum
3177 2364 3502 2421 aedificatum

1920 2467 2121 2533 fuerat,
2175 2481 2322 2521 nunc
2383 2473 2566 2519 autem
2600 2471 2913 2518 sanctorum
2949 2467 3250 2530 martyrum
3307 2471 3505 2511 nomen

1922 2560 2114 2626 refert,
2143 2560 2219 2614 uti
2262 2573 2296 2614 ο
2319 2557 2539 2627 scriptis
2568 2565 2882 2612 sanctorum
2899 2555 3125 2607 Patrum
3156 2550 3505 2607 ediscendum

1921 2661 2026 2709 est.
2058 2650 2117 2706 In
2143 2667 2208 2706 eo
2231 2650 2374 2717 loco,
2426 2664 2534 2720 quo
2567 2648 2730 2704 hodie
2759 2656 2886 2702 sunt
2918 2645 3162 2714 reliquiae
3189 2643 3362 2698 sancti
3381 2640 3509 2713 Cyri

1921 2751 1978 2798 et
2015 2739 2188 2794 sancti
2217 2738 2466 2803 Joannis,
2522 2738 2590 2792 ad
2640 2752 2838 2791 arenas
2881 2734 3132 2805 apparuit
3162 2733 3372 2789 dmmon
3405 2732 3509 2786 im.

1923 2847 2093 2904 purus
2132 2832 2233 2887 sub
2254 2827 2747 2901 speeie'mulieris;
2795 2827 2961 2882 multa
2995 2824 3226 2896 perfecit
3277 2824 3510 2892 phanta-

1923 2933 2119 2991 smata,
2153 2925 2374 2998 oracula
2432 2922 2603 2979 edidit
2648 2935 2769 2991 qua:
2805 2919 2944 2975 nihil
2973 2919 3084 2974 veri
3119 2932 3232 2990 prta
3279 2932 3338 2973 se
3364 2917 3506 2972 fere-

1929 3019 2082 3083 bant,
2106 3020 2368 3088 quasdam
2399 3015 2733 3072 medelarum
2755 3013 3204 3086 prmscriptiones
3228 3011 3507 3067 indicabat

221 3124 675 3194 τερατευόμενος,
697 3121 863 3192 μηδὲν
899 3120 1243 3176 παντάπασιν
1266 3118 1664 3187 mamma;
1694 3118 1814 3172 τού-

1921 3126 2040 3181 quae
2067 3111 2271 3165 nullam
2302 3111 2353 3164 in
2386 3125 2447 3166 se
2486 3109 2760 3165 habebant
2786 3106 3206 3173 utilitatem;ad
3241 3103 3506 3174 perditio-

220 3231 350 3279 τους
372 3217 452 3280 είς
469 3215 747 3270 ἀπώλειαν
764 3213 1148 3284 ἐφελκόμενος·
1169 3212 1354 3266 πολλοὶ
1372 3206 1464 3265 οὖν
1485 3210 1729 3268 ἑάλωσαν
1750 3214 1816 3283 τῇ

221 3307 326 3362 τοῦ
345 3309 585 3380 πονηροῦ
630 3292 942 3378 πνεύματος
972 3307 1336 3378 κεκρυμμένῃ
1371 3305 1578 3374 παγίδι,
1622 3305 1820 3365 οἵτινες

229 3398 448 3459 θυσίαις
483 3400 578 3454 καὶ
611 3399 863 3461 κνίσσαις
884 3393 972 3461 αῖς
993 3398 1212 3452 ἐδόκουν
1241 3398 1408 3468 τιμᾷν
1433 3397 1494 3450 τὸ
1517 3396 1816 3468 δαιμόνιον,

223 3493 291 3545 ὲν
317 3491 395 3562 τῷ
418 3491 589 3563 βωμῷ
615 3493 672 3544 ἐν
691 3485 736 3559 ᾧ
762 3488 904 3563 ἦσαν
941 3491 1037 3544 νῦν
1071 3491 1165 3544 ἐπὶ
1195 3489 1274 3561 τῷ
1294 3489 1520 3560 ὀνόματι
1549 3486 1714 3544 αὑτοῦ
1727 3489 1820 3542 άνφ

227 3583 567 3655 ιγείραντες·
588 3583 941 3654 ὲττωνόμαζον
955 3582 1012 3637 δέ
1028 3582 1161 3637 αύτδ
1181 3583 1228 3635 oi
1241 3580 1530 3650 Αἰγύπτιοι
1544 3580 1817 3650 Μενουθῆι

315 3675 439 3729 Ἐπὶ
475 3675 584 3729 τῶν
613 3675 820 3746 χρόνων
845 3675 1030 3728 τοίνυν
1049 3672 1144 3727 τοῠ
1173 3671 1519 3742 φιλοχρίστου
1550 3670 1821 3742 βασιλέως

228 3765 327 3821 τοῦ
357 3765 572 3837 Μικρόῦ
604 3765 910 3827 Θεοδοσίου,
940 3765 1207 3836 Κύριλλος
1230 3767 1258 3817 ό
1274 3765 1331 3817 ἐν
1345 3763 1523 3832 ἁγίοις
1549 3761 1648 3833 τὴν
1663 3762 1822 3831 Μάρ-

221 3870 339 3913 ’κου
372 3857 644 3929 καθέδραν
665 3857 884 3929 άληθῶς
907 3857 1236 3922 διέπων,καὶ
1259 3855 1350 3910 τὸν
1381 3856 1484 3926 τῆς
1515 3853 1821 3926 ὀρθοδοξίας

230 3949 574 4020 θερμότατον
603 3949 765 4019 ζῆλον
788 3949 1192 4018 διαδεξάμενος,
1216 3947 1432 4002 ἁκούων
1461 3947 1533 4001 τά
1557 3947 1820 4017 γινόμενα

230 4039 332 4094 τοῦ
361 4040 600 4114 πονηροῦ
629 4042 882 4112 δαίμονος
906 4042 1272 4112 φαντάσματα
1302 4043 1361 4096 ἐν
1381 4039 1632 4110 Μενουθῇ
1657 4038 1821 4108 (οὕτω

231 4135 346 4202 γάρ
381 4131 472 4184 τέν
499 4132 666 4184 τόπον
688 4130 876 4184 λοιπὸν
901 4133 965 4182 ὲκ
987 4131 1082 4184 τοῦ
1115 4130 1538 4199 ἐπιφαινομένου
1569 4130 1822 4199 δαίμονος

231 4220 636 4293 ἐπωνόμαζον),
664 4221 1004 4291 λυπούμενος
1028 4222 1090 4276 δὲ
1121 4224 1216 4277 καὶ
1241 4222 1525 4293 ἀδημονῶν
1566 4223 1821 4294 περὶτῶν

229 4313 632 4384 ἀπολλυμένων
684 4315 713 4366 ὁ
759 4314 906 4378 ὅσιος
957 4315 1049 4369 διὰ
1098 4315 1198 4379 τῆς
1247 4316 1463 4384 ἀπάτης
1495 4313 1704 4385 ψυχῶν,
1737 4303 1822 4378 εις

1920 3219 2046 3280 nem
2080 3203 2264 3258 omnia
2295 3204 2607 3272 excogitata
2655 3201 2871 3257 fuerant
2894 3211 2949 3256 et
2983 3199 3138 3254 multi
3175 3199 3508 3255 absconditis

1921 3295 2142 3364 maligni
2178 3294 2404 3365 spiritus
2438 3295 2648 3363 laqueis
2671 3293 2818 3364 capti
2848 3300 2996 3358 sunt,
3027 3293 3117 3362 qui
3137 3291 3423 3348 sacrificiis
3451 3299 3508 3346 et

1921 3388 2251 3458 pinguedine
2278 3389 2577 3443 dmmonem
2613 3387 2796 3442 colere
2824 3375 3169 3449 videbantur,
3232 3383 3285 3439 in
3331 3398 3503 3450 aram,

1922 3486 2140 3540 nomine
2174 3485 2291 3554 ejus
2331 3492 2666 3539 exstructam
2701 3482 3070 3550 deposuerunt
3109 3479 3289 3544 dona;
3343 3493 3506 3548 quam

1921 3577 2169 3648 Egyptii
2197 3575 2547 3631 Menontham
2581 3574 2946 3644 appellabant.

1989 3670 2256 3738 Tempore
2274 3667 2573 3724 Christiani
2598 3667 3243 3738 imperatoris’l‘heodosii
3262 3667 3507 3736 Minoris,

1921 3775 2043 3815 cum
2075 3761 2322 3815 veritatis
2347 3759 2665 3816 cathedram
2717 3761 2893 3818 sancti
2925 3759 3096 3816 Marci
3152 3761 3378 3817 haberet
3403 3761 3510 3834 Cy-

1924 3851 2098 3916 rillus,
2133 3851 2436 3906 indefessus
2461 3852 2778 3907 orthodoxae
2806 3852 2927 3907 ﬁdei
2958 3861 3014 3906 et
3043 3853 3305 3908 strenuus‘
3325 3853 3513 3908 defen-

1921 3956 2038 4007 sor,
2090 3952 2145 3998 et
2197 3943 2412 3998 audiret
2459 3960 2581 4014 quae
2638 3945 2706 4000 ab
2757 3945 3023 3999 immundi
3070 3945 3294 4016 spiritus
3345 3947 3513 4016 phan-

1924 4032 2248 4088 tasmatibus
2277 4033 2471 4089 fierent
2501 4034 2552 4088 in
2584 4034 2901 4101 Menoutba,
2953 4051 3060 4106 quo
3101 4037 3324 4094 nomine
3348 4053 3510 4094 voca-

1925 4125 2060 4180 bant
2081 4125 2261 4181 locum
2291 4129 2534 4184 dannone
2564 4130 2906 4198 infestatum,
2949 4130 3122 4185 doluit
3161 4132 3515 4188 vehementer

1923 4229 1979 4272 et
2006 4219 2268 4289 ingemuit
2309 4231 2533 4277 sanctus
2570 4225 2804 4279 antistes
2848 4223 2916 4278 de
2962 4229 3044 4278 tot
3076 4223 3349 4292 tantisque
3397 4226 3514 4278 aui-

1929 4312 2124 4367 mabus
2150 4329 2340 4369 errore
2361 4315 2700 4386 deperditis;
2728 4331 3027 4373 conversus
3053 4327 3137 4370 est
3155 4317 3270 4385 ipse
3291 4317 3356 4370 ad
3391 4330 3517 4370 ora-

233 4405 396 4466 λιτὰς
422 4407 517 4458 καὶ
545 4405 757 4469 ίκεσίας
799 4407 1034 4478 ἐτράπη.
1071 4408 1406 4478 παρακαλῶν
1439 4407 1530 4460 τὸν
1561 4408 1693 4460 Θεὸν
1715 4425 1814 4476 φα-

1929 4403 2105 4460 tiones
2136 4415 2192 4460 et
2219 4407 2650 4477 deprecationes,
2703 4409 2983 4480 Deumque
3012 4408 3288 4464 invocavit
3322 4417 3381 4462 ut
3409 4408 3513 4463 sibi

241 4496 476 4567 θερῶσαι
499 4498 723 4568 τρόπον,
769 4499 839 4552 δι’
872 4495 932 4553 οὗ
977 4500 1037 4552 τὸ
1069 4500 1196 4553 [διον
1237 4500 1464 4570 πλάσμα
1483 4502 1547 4555 ἐκ
1566 4500 1662 4554 τοῦ
1698 4501 1819 4554 όλε-

232 4589 392 4660 θρίου
451 4589 706 4662 δαίμονος
773 4591 1271 4664 ἐλευθερωθήσεται
1334 4595 1429 4648 καὶ
1488 4593 1598 4646 τῶν
1654 4593 1820 4648 αὑτοῦ

234 4681 556 4750 φαντασιῶν
585 4699 600 4714 ·
645 4682 740 4736 ἐπὶ
766 4681 901 4736 πολὺ
955 4683 1014 4736 δὲ
1033 4683 1203 4737 αὐτοῦ
1269 4685 1522 4756 δεομένου
1565 4686 1660 4740 καὶ
1685 4685 1824 4756 μετά

232 4772 491 4842 δακρύων
521 4773 981 4843 προσπίπτοντος,
1033 4777 1378 4844 ἐπιφαίνεται
1412 4776 1563 4844 αύτῷ
1607 4777 1824 4848 νύκτωρ

231 4863 465 4932 ἄγγελος
490 4865 694 4935 Κυρίου
757 4866 933 4934 λέγων
953 4883 965 4897 ·
1012 4868 1249 4939 Ἐπειδὴ,
1283 4871 1469 4938 φησὶν,
1517 4869 1593 4934 ὡς
1620 4869 1823 4939 ποιμὴν

231 4957 348 5010 τῶν
394 4957 628 5026 λογικῶν
682 4960 972 5031 προϐάτων
1023 4962 1234 5016 ἱκεσίαν
1297 4962 1593 5032 προσάγεις
1625 5003 1640 5027 ,
1698 4962 1823 5016 τάδε

231 5063 321 5101 σοι
382 5045 592 5101 κελεύει
667 5049 734 5102 δι’
789 5049 925 5118 ἐμοῦ
988 5052 1016 5103 ό
1075 5050 1227 5120 ὑμῶν
1269 5068 1329 5103 τε
1366 5053 1462 5106 καὶ
1509 5051 1667 5122 ἡμῶν
1722 5057 1826 5121 Δη-

239 5141 502 5210 μιουργὸς
547 5143 643 5194 καὶ
698 5141 830 5206 Θεός
853 5158 869 5176 ·
918 5142 1208 5215 πορευθεὶς
1262 5146 1342 5210 εἰς
1373 5147 1433 5198 τὸ
1464 5145 1695 5215 Μάρκου
1728 5143 1824 5198 τοῦ

230 5232 640 5301 Εὑαγγελιστοῦ
675 5238 1054 5308 κοιμητήριον,
1110 5239 1366 5309 εὑρήσεις
1395 5238 1551 5310 σορὸν
1581 5240 1639 5292 ἐν
1757 5237 1826 5294 τὰ

231 5324 470 5394 λείψανα
489 5325 599 5379 τῶν
623 5327 773 5396 ἐμῶν
805 5327 1097 5399 μαρτύρων
1124 5330 1306 5402 Κύρου
1336 5331 1429 5384 καὶ
1466 5331 1715 5387 Ἰωάννου
1733 5349 1826 5385 τε-

1926 4495 2370 4553 manifestaretur
2428 4501 2619 4555 modus
2678 4515 2788 4570 quo
2841 4505 3165 4557 commissas
3235 4509 3514 4558 creaturas

1925 4603 1954 4642 α
2033 4589 2338 4658 pernicioso
2432 4591 2690 4648 liberaret
2785 4594 2943 4650 hoste
3027 4595 3258 4665 ejusque
3336 4594 3512 4666 phan-

1927 4679 2101 4735 tasiis.
2164 4678 2456 4750 Postquam
2488 4684 2582 4738 diu
2639 4693 2697 4740 et
2749 4700 2872 4740 cum
2907 4685 3168 4758 lacrymis
3203 4695 3509 4758 prostratus

1925 4783 2140 4828 orasset
2177 4774 2487 4844 episcopus,
2522 4786 2682 4835 noctu
2733 4777 2809 4833 illi
2853 4780 3106 4849 apparuit
3150 4779 3377 4849 angelus
3409 4780 3514 4834 Dn-

1927 4863 2059 4918 mini
2090 4864 2276 4920 dicens
2307 4884 2321 4920 :
2347 4866 2483 4922 Cum
2537 4877 2597 4922 ut
2635 4869 2810 4925 bonus
2852 4879 3042 4941 pastor
3073 4886 3170 4940 pro
3201 4871 3511 4926 rationabili

1925 4971 2090 5026 grege
2140 4956 2320 5012 defers
2373 4959 2843 5029 supplicationem,
2911 4967 3027 5020 haec
3080 4964 3176 5019 tibi
3231 4974 3414 5019 vester
3456 4973 3514 5019 et

1927 5060 2116 5103 noster
2143 5049 2399 5105 conditor
2421 5052 2564 5108 Deus
2588 5053 2842 5108 nuntiat:
2873 5052 3022 5110 Vade
3049 5056 3102 5108 in
3132 5056 3509 5111 cmmeterium

1934 5136 2124 5205 Marci,
2183 5139 2382 5194 ibidem
2418 5144 2660 5212 reperies
2715 5142 2952 5199 loculum
2975 5143 3064 5200 ubi
3095 5154 3390 5199 servantur
3420 5159 3510 5199 re-

1936 5230 2117 5301 liquiae
2145 5243 2457 5288 sanctorum
2508 5247 2808 5308 martyrum
2845 5252 3090 5293 meorum
3116 5236 3238 5309 Cyri
3264 5246 3317 5292 et
3343 5234 3510 5292 Joan-

1930 5323 2052 5391 nis;
2104 5325 2202 5380 has
2257 5326 2382 5381 tolle
2411 5336 2465 5381 et
2493 5329 2546 5381 in
2579 5331 2750 5384 aedem
2783 5329 2884 5385 sub
2935 5329 3154 5384 nomine
3193 5336 3506 5383 sanctorum

230 5415 613 5487 θησαύρισται·
635 5417 808 5471 ταῦτα
827 5420 1004 5473 τοίνυν
1025 5423 1367 5492 ἀνελόμενος,
1386 5425 1465 5487 είς
1480 5425 1572 5478 τὸν
1606 5424 1692 5478 ἐπ’
1717 5425 1814 5477 sva

1932 5416 2403 5488 Evangelistarum
2433 5430 2693 5486 erectam,
2720 5421 2784 5475 ad
2801 5421 3080 5477 Canobum
3109 5420 3360 5488 deferas;
3399 5436 3507 5491 quo

233 5523 370 5577 ματι
404 5507 513 5560 τῶν
562 5508 970 5577 εὐαγγελιστῶν
1030 5512 1318 5567 κτισθέντα
1359 5509 1536 5577 οἷκον,
1570 5515 1814 5570 ἐπέκεινα

1935 5511 2080 5567 facto
2120 5523 2408 5568 evattcscet
2452 5528 2569 5584 quae
2616 5514 2668 5568 in
2706 5513 2822 5570 loco
2861 5514 2964 5570 isto
3010 5527 3088 5571 est
3120 5514 3431 5584 phantasia.

229 5597 330 5652 τοῦ
373 5598 635 5653 Κανώϐου
681 5602 1052 5672 μετακόμισον
1080 5619 1094 5634 ·
1143 5605 1335 5658 τούτου
1359 5605 1468 5677 γὰρ
1508 5608 1825 5675 γενομένου,

238 5697 274 5763 ἡ
302 5694 361 5746 ἐν
391 5691 470 5765 τῷ
498 5693 648 5766 τόπῳ
675 5697 938 5767 γινομένη
1004 5699 1274 5766 φαντασία
1320 5701 1824 5773 καταργηθήσεται.
