4002 6316
496 236 648 302 3695

1362 237 1422 296 S.
1461 233 1883 296 SOPHRONII
1921 232 2438 295 PATRIARCH/E
2463 233 2874 298 HIEROSOL.

3651 239 3798 305 3696

583 347 794 399 Gaudio
846 345 1099 414 perfusus
1153 351 1375 397 sanctus
1399 343 1637 419 Cyrillus
1658 343 1864 412 gratias
1907 340 2093 396 retulit
2128 385 2133 402 ι

2271 342 2586 414 Περιχαρὴς
2648 344 2706 398 δὲ
2755 345 3055 416 γενάμενος
3104 346 3134 399 ό
3185 343 3244 400 ἐν
3283 345 3458 416 ἁγίοις
3496 346 3794 420 Κύριλλος,

518 434 630 487 lleo
655 435 745 501 qui
770 449 991 501 semper
1018 434 1086 486 de
1126 433 1242 486 suis
1281 443 1434 486 curat
1464 434 1734 486 creaturis
1780 441 1836 486 et
1867 431 2099 485 salutem

2219 435 2512 506 ηὑχαρίστη
2521 453 2580 488 σε
2599 437 2678 508 τῷ
2699 436 2818 508 Θεῷ
2837 437 2916 508 τῷ
2935 438 3165 492 πάντοτε
3195 439 3515 512 προνοοῦντι
3531 439 3626 493 τοῦ
3660 441 3796 493 ίδίου

513 524 721 586 tribuit,
750 523 992 590 nihilque
1015 522 1362 590 praetermisit
1391 529 1451 575 ut
1471 522 1651 576 divina
1682 523 1960 585 mandata,
2005 536 2104 591 per

509 614 758 682 angelum
822 611 1196 676 manifestata,
1249 622 1663 679 exsequeretur.
1737 611 2103 682 Congregavit

513 700 660 767 pium
684 700 893 754 clerum
915 700 1281 768 populumque
1319 701 1556 767 ﬁdelem,
1580 701 1777 770 quibus
1797 717 1918 771 qua:
1944 702 2044 757 sibi
2073 715 2104 755 a

509 793 622 846 Deo
639 791 873 857 reyelata
894 791 1133 857 fuerant,
1151 792 1538 860 manifestavit;
1558 794 1898 862 supplicante
1915 803 2097 848 autem

513 880 628 936 fere
677 891 791 934 tota
841 881 1086 945 civitate,
1139 883 1406 950 processit
1445 885 1513 938 ad
1561 885 1864 938 oratorium
1919 885 2096 940 sancti

520 971 748 1040 apostoli
771 980 824 1026 et
841 971 1186 1042 evangelistze
1206 973 1472 1042 horasque
1484 976 1842 1043 permultasin
1861 978 2107 1033 oratione

511 1074 618 1112 una
654 1073 777 1112 cum
821 1060 1020 1126 populo
1074 1059 1223 1114 ﬁdeli.
1277 1063 1550 1126 traduxit;
1616 1066 1884 1120 accedens
1915 1075 2100 1120 autem

511 1150 726 1219 aperuit
768 1151 1063 1219 pretiosam
1092 1149 1300 1206 Christi
1333 1151 1661 1206 athletarum
1694 1167 1941 1221 capsam,
1992 1152 2102 1208 sal-

509 1255 714 1309 vasque
748 1240 954 1295 invenit
979 1252 1291 1296 sanctorum
1326 1241 1445 1313 Cyri
1485 1253 1540 1299 et
1565 1242 1792 1300 Joannis
1817 1244 2098 1315 reliquias,

513 1330 863 1402 Spiritusque
886 1333 1060 1388 sancti
1083 1334 1256 1403 gratia
1282 1335 1636 1390 collucentes.
1689 1334 1910 1391 Timore
1939 1337 2104 1392 simul

511 1429 848 1497 etspirituali
877 1443 1067 1485 amore
1099 1428 1223 1484 illos
1254 1431 1512 1499 suscepit,
1555 1431 1869 1502 purissimis
1921 1433 2108 1488 sindo-

511 1519 597 1572 nis
627 1535 748 1574 cum
774 1520 1010 1591 myrrbi's
1037 1531 1092 1575 et
1123 1522 1466 1576 aromatibus
1501 1522 1753 1588 involvit,
1805 1522 1859 1577 in
1883 1538 2108 1577 currum

2206 525 2529 596 πλάσματος
2551 527 2651 598 τὴν
2676 529 2955 600 σωτηρίαν
2979 547 2994 560 ·
3033 531 3127 584 καὶ
3193 532 3362 600 μηδὲν
3400 523 3706 603 ἀμελήσας,
3734 531 3800 585 τὸ

2205 618 2497 672 κελευσθὲν
2529 620 2618 673 διὰ
2649 619 2743 674 τοῦ
2776 623 2923 674 θείου
2955 623 3207 694 χρησμοῦ
3237 624 3438 694 πέρατι
3465 625 3757 695 παρεδίδου
3779 640 3794 655 ·

2209 708 2535 777 συναγαγὼν
2567 708 2677 778 γάρ
2704 707 2796 762 τὸν
2842 709 3066 782 θεοφιλῆ
3119 713 3326 782 κλῆρον
3361 714 3461 766 σὺν
3499 713 3578 782 τῷ
3610 729 3799 765 πιστο-

2206 799 2356 870 τάτῳ
2404 800 2540 868 λαῷ,
2591 801 3002 874 ἐξηγησάμενος
3031 803 3099 856 τὰ
3134 803 3228 856 τοῦ
3272 803 3378 856 ὑπὸ
3405 803 3499 856 τοῦ
3530 802 3667 857 Θεοῦ
3701 822 3799 872 cpt:-

2209 891 2516 961 νερωθὲντα
2547 894 2719 964 αὐτῷ,
2750 895 2889 965 μετὰ
2934 895 3088 966 λιτῆς
3122 896 3218 949 σὺν
3249 896 3349 968 ὅλῃ
3385 896 3573 964 σχεδὸν
3604 900 3670 967 τῇ
3695 899 3796 950 πό-

2207 981 2311 1048 λει,
2326 984 2406 1046 είς
2431 985 2524 1036 τὸν
2545 986 2712 1055 εὐκτή
2724 1003 2837 1055 ριον
2860 981 3008 1040 οῐκον
3032 986 3126 1040 τοῦ
3147 987 3329 1056 Ἀγίου
3362 988 3688 1042 Ἀποστόλου
3704 991 3800 1043 καὶ

2210 1073 2614 1142 Εύαγγελιστοῦ
2635 1077 2865 1145 Μάρκου
2887 1071 3339 1148 παραγενάμενος
3364 1080 3455 1132 ἐπὶ
3478 1081 3674 1143 ἱκανάς
3700 1082 3798 1144 τάς

2208 1167 2358 1241 ὥρας
2390 1165 2508 1224 σὺν
2531 1171 2638 1242 ὅλῳ
2671 1172 2767 1241 ’τῷ
2799 1173 2914 1244 λαῷ
2945 1173 3025 1244 τῷ
3057 1175 3176 1245 Θεῷ
3209 1175 3446 1243 δεηθεὶς,
3484 1175 3800 1247 προσελθὼν

2209 1261 2450 1332 ἀνέῳξεν
2475 1264 2576 1332 τὴν
2613 1263 2802 1334 τιμίαν
2826 1264 3075 1336 λάρνακα
3104 1265 3213 1320 τῶν
3237 1267 3333 1320 τοῦ
3361 1268 3598 1338 Χριστοῦ
3627 1269 3797 1338 ἀθλη-

2209 1354 2340 1418 τῶν,
2367 1340 2462 1408 καλ
2490 1349 2650 1425 εὗρεν
2694 1357 2762 1411 τά
2811 1359 2919 1412 τῶν
2962 1360 3136 1426 ἁγίων
3179 1359 3366 1430 Κύρου
3415 1360 3514 1434 ,καὶ
3550 1361 3801 1414 Ἰωάννου

2211 1443 2438 1514 λείψανα
2469 1445 2605 1510 σῶα,
2648 1449 2714 1517 τῇ
2759 1447 2854 1500 τοῦ
2894 1448 3048 1516 άγίου
3095 1449 3412 1518 Πνεύματος
3446 1450 3630 1521 χάριτι
3658 1449 3804 1521 λάμο

2213 1553 2388 1590 ποντα
2407 1552 2422 1567 ο
2449 1537 2624 1591 ταῦτα
2653 1539 2833 1592 τοίνυν
2889 1542 3026 1610 μετὰ
3055 1541 3220 1610 φόϐου
3271 1543 3388 1613 ἅμα
3413 1558 3474 1594 τε
3513 1544 3606 1594 καὶ
3629 1543 3800 1595 πόθου

514 1612 763 1667 ascendit
823 1622 877 1667 et
910 1613 1012 1679 sic,
1077 1613 1224 1667 clero
1269 1613 1577 1684 populoque
1613 1615 2008 1670 comitantibus
2054 1623 2111 1672 et

2219 1629 2586 1696 πνευματικοῦ
2617 1630 2959 1701 ἀνελόμενος,
3007 1633 3105 1686 καὶ
3157 1633 3215 1685 ἐν
3254 1635 3522 1703 καθαραῖς
3556 1635 3796 1687 σινδόσιν

515 1704 963 1774 deprecantibus,
1003 1720 1035 1759 a
1076 1705 1278 1774 templo
1314 1707 1663 1774 evangelist
1691 1704 1864 1761 Marci
1916 1707 2106 1772 exivit,

2219 1689 2444 1789 είλήσας
2468 1721 2606 1790 μετὰ
2630 1689 2816 1794 μύρων
2845 1689 3306 1795 καλ-ἀρωμάτων,
3361 1689 3694 1788 ἐπιδι-ϐάσας
3723 1727 3806 1790 είς

514 1807 571 1851 et
599 1798 759 1851 rediit
801 1799 868 1852 ad
913 1799 1084 1852 aedem
1110 1797 1588 1867 Evangelistarum
1631 1799 1771 1868 apud
1798 1797 2106 1854 Canobum.

514 1887 760 1959 Expletis
801 1891 1002 1946 ibidem
1054 1890 1256 1945 divinis
1305 1889 1600 1960 mysteriis,
1658 1891 1918 1960 reliquias
1962 1907 2108 1946 mar-

515 1980 946 2052 tyrum'Christi,
985 1995 1121 2034 auro
1145 1987 1203 2035 et.
1235 1979 1465 2048 gemmis
1499 1979 1673 2036 multo
1701 1980 1877 2051 magis
1902 1982 2104 2051 preti-o-

516 2087 634 2137 sas,
669 2074 720 2127 in
753 2082 1123 2143 comparatam
1155 2073 1365 2128 thecam
1390 2073 1660 2143 deposuit.

2216 1806 2424 1878 ὄχημα,
2455 1810 2552 1863 καὶ
2607 1811 2788 1874 οὕτως
2831 1807 3035 1882 σὺν’τῷ
3073 1813 3262 1884 κλήρῳ
3289 1813 3384 1866 καὶ
3423 1815 3499 1884 τῷ
3526 1814 3644 1883 λαῷ
3671 1813 3807 1885 μετὰ

2213 1900 2366 1968 Λιτῆς
2395 1900 2505 1953 άπὸ
2530 1901 2624 1954 τοῦ
2657 1903 2965 1974 Εὐκτηρίου
3009 1903 3104 1956 τοῦ
3137 1904 3541 1972 Εὑαγγελιστοῦ
3575 1905 3804 1974 Μάρκου

2209 1986 2454 2056 ἐξῆλθον,
2485 1992 2747 2046 ἐπέκεινα
2779 1993 2876 2047 τοῦ
2906 1994 3166 2048 Κανώσου
3216 1995 3309 2049 τὸν
3334 1996 3462 2049 ναὸν
3485 1995 3596 2049 τῶν
3630 1997 3810 2064 Εὐαγ-

2213 2079 2475 2148 γελιστῶν
2495 2083 2796 2162 κατέλαῦον
2822 2101 2835 2114 ’
2868 2085 2961 2139 καὶ
2996 2085 3316 2149 ἐπιτελέσας
3358 2089 3476 2140 ἐκεῖ
3505 2086 3607 2157 τὴν
3656 2086 3808 2140 θείαν

519 2166 932 2234 μυσταγωγίαν,
961 2165 1104 2220 οὕτω
1134 2165 1201 2219 τά
1223 2164 1532 2237 τιμιώτερα
1561 2167 1789 2238 χρυσίου
1845 2167 1945 2223 καὶ
1971 2167 2136 2224 λίθων
2175 2173 2485 2232 πολυτελῶν
2532 2178 2644 2232 τῶν
2676 2177 2972 2250 μαρτύρων
3022 2180 3260 2250 Χριστοῦ
3297 2179 3392 2234 τοῦ
3462 2179 3599 2233 Θεοῦ
3657 2179 3810 2251 ἡμῶν

517 2258 747 2328 λείψανα
769 2261 829 2313 ἐν
853 2262 920 2331 τῇ
951 2260 1335 2332 ἡτοιμασμένη
1358 2260 1508 2332 σορῷ
1541 2260 1824 2317 κατέθετο.

588 2354 688 2408 Vix
739 2369 806 2407 eo
865 2353 983 2408 loco
1039 2354 1338 2408 astiterunt
1372 2355 1625 2420 generosi
1668 2353 1873 2409 Christi
1909 2354 2114 2412 milites

518 2445 694 2516 Cyrus
731 2456 782 2500 et
823 2443 1100 2512 Joannes;
1155 2455 1213 2498 ιιι
1252 2446 1452 2500 ibidem
1509 2445 1843 2501 insaevientis
1890 2446 2115 2514 maligni

523 2540 749 2607 spiritus
781 2548 982 2613 tropaea
1016 2548 1264 2593 evertere
1310 2549 1614 2608 coeperunt.
1655 2538 1710 2592 in
1744 2539 2115 2594 translatione

522 2639 838 2685 sanctarum
906 2629 1256 2698 reliquiarum
1307 2643 1338 2678 a
1384 2627 1722 2683 daemonibus
1771 2639 1828 2683 et
1873 2628 1999 2682 aliis
2031 2629 2116 2683 in-

525 2723 873 2776 ﬁrmitatibus
933 2721 1112 2774 allecti
1139 2719 1355 2774 liberati
1390 2729 1518 2774 sunt
1554 2720 1746 2789 multi;
1783 2729 1868 2774 ast
1901 2720 2116 2789 ipsimet

525 2815 754 2870 maleﬁci
791 2815 1051 2869 dietnonis
1083 2813 1323 2867 ministri
1370 2813 1440 2867 ab
1477 2827 1668 2883 errore
1701 2815 1900 2868 mentis
1935 2811 2117 2867 sanati

530 2907 773 2972 fuerunt,
819 2907 891 2960 ita
957 2917 1015 2958 ut
1056 2915 1241 2960 statim
1300 2907 1367 2960 ad
1401 2914 1648 2959 sanctum
1680 2904 1992 2973 episcopum
2022 2902 2122 2973 Cy-

529 2999 710 3054 rillum
741 2999 980 3068 aggressi
1035 3008 1092 3051 et
1140 2999 1358 3055 lavacro
1403 3000 1590 3067 gratia:
1644 2996 1698 3050 in
1731 3007 1922 3050 sancto
1944 2994 2123 3064 bapti-

533 3101 710 3145 smate
733 3092 1060 3145 sanetiticati
1087 3092 1302 3147 fuerint.
1344 3089 1629 3158 Templum
1666 3087 1749 3143 vel
1782 3087 1964 3157 potius
1989 3101 2118 3140 sen-

2697 2285 2704 2294 ι

2291 2355 2460 2412 Οὔπω
2511 2357 2570 2410 δὲ
2605 2357 2795 2429 σχεδὸν
2833 2358 2911 2431 τῷ
2958 2359 3110 2431 τόπῳ
3139 2359 3449 2430 ἐπέστησαν
3478 2360 3529 2412 οἱ
3577 2361 3812 2428 γενναῖοι

2215 2449 2312 2505 τοῦ
2343 2449 2582 2520 Χριστοῦ
2603 2451 2936 2521 στρατιῶται
2955 2451 3140 2522 Κῦρος
3160 2454 3543 2523 καὶἾωάννης,
3563 2452 3660 2506 καὶ
3679 2454 3817 2506 κατὰ

2215 2541 2310 2596 τοῦ
2360 2543 2540 2595 ἐκεῖσε
2571 2541 2983 2613 ἐμφωλεύοντος
3029 2544 3397 2614 πονηροτάτου
3428 2544 3692 2614 δαίμονος
3720 2544 3815 2597 άν-

2217 2632 2454 2704 εγείρειν
2488 2631 2723 2703 ἤρξαντο
2754 2635 2992 2703 τρόπαια
3013 2650 3029 2666 ο
3076 2635 3303 2700 πολλοὺς
3346 2635 3458 2704 γὰρ
3492 2636 3820 2705 δαιμονιῶν-

2215 2741 2315 2788 τας
2358 2727 2454 2779 καὶ
2499 2726 2806 2789 ἀσθενείαις
2831 2726 3022 2791 ἄλλαις
3053 2728 3498 2799 κεκρατημένους
3527 2730 3588 2781 ἐν
3610 2729 3693 2799 τῷ
3722 2727 3819 2798 τὴν

2217 2815 2510 2870 κατάθεσιν
2540 2817 2651 2870 τῶν
2696 2818 2867 2887 ἁγίων
2911 2818 3182 2888 λειψάνων
3213 2817 3460 2886 γίνεσθαι
3511 2819 3817 2888 ἐθεράπευ-

2220 2924 2350 2961 σανο
2385 2908 2480 2962 καὶ
2511 2910 2712 2973 αὐτοὺς
2739 2909 2798 2962 δὲ
2826 2910 2952 2974 τοὺς
2995 2911 3163 2981 ἱερεῖς
3201 2909 3296 2962 τοῦ
3327 2909 3574 2979 ὀλεθρίου
3624 2911 3816 2981 Gaius-

2220 3017 2330 3067 νος,
2363 3001 2464 3063 τῆς
2514 3001 2756 3072 ψυχικῆς
2804 3002 3015 3074 πλάνης
3063 3003 3322 3056 ίάσαντο’
3365 3000 3510 3054 ὥστε
3559 3002 3822 3072 παραυτά

2222 3090 2542 3161 προσελθεῖν
2573 3092 2770 3155 αὐτοὺς
2798 3091 2877 3162 τῷ
2920 3091 3062 3162 ἁγίῳ
3095 3091 3510 3161 άρχιεπισκόπῳ
3538 3093 3817 3163 Κυρίλλῳ,

530 3187 642 3240 tina
694 3186 890 3256 impuri
935 3186 1176 3254 spiritus,
1217 3201 1338 3238 cum
1375 3183 1612 3253 imagine
1639 3189 1698 3234 et
1740 3195 1834 3234 ara
1861 3179 2118 3246 dissipata

2224 3181 2322 3235 καὶ
2358 3181 2438 3252 τῷ
2469 3181 2680 3253 λουτρῷ
2729 3182 2827 3252 τῆς
2873 3181 3094 3252 χάριτος
3118 3179 3210 3233 τοῦ
3242 3180 3401 3248 άγίου
3443 3179 3822 3249 βαπτίσματος

534 3287 684 3333 sunt.
738 3277 869 3344 Quae
898 3277 1106 3346 adjecta
1134 3287 1252 3330 erat
1276 3290 1442 3330 arena
1479 3273 1646 3327 maris
1674 3287 1782 3326 non
1815 3271 1924 3324 alio
1959 3269 2119 3324 modo

531 3389 692 3445 quam
713 3374 881 3429 maris
911 3372 1166 3428 ﬂuctibus
1201 3388 1230 3427 a
1261 3373 1468 3429 sanctis
1497 3369 1831 3441 martyribus
1858 3363 2118 3422 excitatis

529 3479 584 3522 et
635 3467 1098 3531 incumbentibus,
1133 3474 1304 3522 totum
1345 3472 1663 3520 everterunt
1695 3469 1750 3518 et
1781 3461 1848 3517 ad
1889 3458 2118 3514 nihilum

534 3559 885 3628 redegerunt,
945 3557 1018 3611 ita
1075 3565 1132 3611 ut
1178 3555 1465 3611 hodiedum
1519 3553 1670 3608 locus
1709 3550 1942 3607 inveniri
2013 3563 2120 3604 non

534 3649 724 3718 possit.
776 3648 963 3702 Tacita
1010 3646 1246 3701 cilloruit
1288 3661 1384 3714 per
1429 3641 1772 3715 praesentiam
1813 3648 2116 3710 martyrum

531 3745 706 3810 gratia
754 3742 809 3796 in
858 3741 952 3796 illo
980 3739 1320 3811 deceptionis
1346 3738 1484 3803 loco,
1509 3745 1562 3792 et
1593 3751 1658 3791 ex
1683 3734 1934 3789 omnibus
1967 3743 2124 3788 terrae

531 3836 732 3890 ﬁnibus
765 3837 830 3890 ad
858 3835 1116 3906 templum
1133 3833 1259 3904 Cyri
1299 3827 1886 3887 etJuannisfestinant
1911 3825 2121 3893 aegroti,

527 3941 588 3984 et
615 3931 706 3998 qui
755 3927 860 3982 lide
887 3927 1198 3992 convolant,
1243 3926 1560 3993 languorum
1607 3919 1954 3976 sublevamen
1988 3916 2125 3971 reei-

535 4024 690 4093 piunt
712 4038 728 4088 ;
745 4022 943 4076 dicitur
959 4022 1103 4074 enim
1132 4036 1144 4071 :
1168 4035 1199 4068 ι
1213 4015 1483 4085 Quidquid
1511 4014 1564 4067 in
1591 4011 1846 4082 precibus
1858 4008 2124 4080 petieritis

533 4117 844 4179 credentes,
887 4113 1164 4182 recipietis
1184 4111 1239 4177 ⁸;
1301 4109 1416 4164 haec
1464 4107 1533 4160 ad
1575 4103 1848 4175 apostolos
1906 4101 2118 4156 directa

533 4217 660 4264 sunt
701 4217 754 4262 et
777 4223 874 4277 per
920 4205 1040 4260 illos
1071 4205 1139 4257 ad
1171 4216 1361 4257 omnes
1387 4200 1493 4270 .qui
1533 4199 1765 4253 sincerae
1803 4204 1932 4250 sunt
1970 4192 2125 4259 lidei;

533 4300 782 4356 Christus
811 4299 973 4353 .lesus
1004 4297 1056 4350 in
1083 4293 1394 4364 Erangeliis
1433 4291 1640 4352 docuit,
1666 4290 1770 4343 cui
1807 4301 1929 4342 cum
1964 4283 2128 4340 Patre

529 4406 592 4451 ct
612 4394 821 4465 Spiritu
860 4401 1050 4448 sancto
1069 4390 1260 4461 gloria,
1300 4387 1473 4441 honor
1495 4395 1550 4439 et
1576 4391 1841 4452 potestas,
1891 4393 2034 4434 nunc
2077 4384 2132 4431 et

536 4504 753 4555 Semper
775 4487 898 4541 etin
924 4485 1120 4540 saecula
1145 4480 1491 4537 saeculorum.
1549 4477 1744 4530 Amen.

2222 3272 2656 3344 καθαγνισθῆναι
2681 3289 2696 3305 ο
2731 3274 2827 3327 καὶ
2855 3273 2990 3327 αὐτὸ
3016 3271 3074 3325 δὲ
3101 3272 3162 3325 τδ
3190 3271 3333 3343 ἱερὸν
3365 3270 3569 3342 μᾶλλον
3600 3271 3660 3323 δὲ
3694 3287 3823 3340 μια-

2223 3365 2316 3438 ρὸν
2340 3366 2434 3420 τοῦ
2469 3365 2720 3438 ὀλεθρίου
2752 3365 3006 3436 δαίμονος
3037 3364 3134 3419 σὺν
3163 3364 3242 3435 τῷ
3265 3365 3326 3418 ἐν
3357 3362 3510 3434 αύτῷ
3545 3362 3822 3432 ἀγάλματι

2221 3460 2427 3532 καὶτῷ
2467 3460 2637 3532 βωμῷ
2665 3461 2872 3531 ἀφανὲς
2902 3460 3344 3530 κατασταθῆναι⁶
3400 3459 3434 3529 ὴ
3484 3457 3598 3527 γὰρ
3644 3471 3824 3526 παρα·

2227 3553 2463 3622 κειμένη
2487 3552 2736 3624 ψάμμος,
2771 3552 2833 3605 ού
2866 3553 2974 3623 μὴν
3003 3550 3142 3604 ἀλλὰ
3185 3551 3282 3604 καὶ
3309 3551 3344 3620 ἠ
3372 3549 3619 3604 θάλασσα
3651 3549 3719 3617 τῇ
3748 3549 3826 3602 ἐν·

2224 3644 2419 3715 εργείᾳ
2464 3643 2777 3713 τῶνηάγίων
2809 3643 3105 3715 μαρτύρων
3151 3641 3313 3696 τοῦτο
3359 3640 3677 3710 ἐπόρθησαν
3727 3638 3824 3692 καὶ

2223 3735 2430 3802 ἀφανὲς
2459 3735 2748 3803 ἐποίησαν,
2790 3736 2824 3804 ἡ
2861 3735 2960 3805 μὲν
2989 3731 3380 3797 ἐπικλύζουσα,
3416 3732 3450 3802 ἡ
3479 3730 3537 3783 δὲ
3568 3729 3824 3800 καταχώ-

2227 3805 2400 3881 σασα·
2435 3824 2510 3888 ὡς
2541 3823 2738 3893 ἄδηλον
2784 3824 2878 3878 τὸν
2923 3825 3090 3878 τόπον
3134 3822 3490 3877 παντάπασιν
3520 3820 3778 3889 γενέσθαι
3805 3836 3821 3851 ·

2223 3915 2466 3988 τοσαύτη
2494 3917 2552 3970 δὲ
2587 3917 2747 3987 χάρις
2772 3917 2895 3970 ἀντὶ
2920 3915 3022 3986 τῆς
3048 3915 3180 3986 πρὶν
3209 3914 3429 3986 άπάτης
3461 3912 3552 3967 διὰ
3581 3912 3684 3982 τῆς
3714 3913 3828 3964 ἐπι-

2227 4009 2458 4073 στασίας
2506 4009 2616 4062 τῶν
2667 4008 2838 4076 ἁγίων
2897 4007 3190 4079 μαρτύρων
3235 4006 3584 4077 ἐπήνθησεν,
3637 4005 3714 4069 ὡς
3765 4006 3828 4056 ἐκ

2229 4099 2484 4169 περάτων
2531 4099 2632 4168 τῆς
2681 4098 3010 4167 οἰκουμένης
3059 4096 3196 4168 πρὸς
3245 4096 3305 4149 τὸ
3357 4094 3450 4148 τοῦ
3503 4094 3691 4164 Κύρου
3731 4095 3828 4146 καὶ

2244 4191 2493 4245 Ἰωάννου
2527 4191 2817 4261 εὐκτήριον
2838 4191 2964 4254 τοὺς
2990 4189 3239 4252 ἀσθενεῖς
3265 4186 3716 4254 κατεπείγεσθαι,
3735 4187 3828 4237 καὶ

2230 4284 2440 4348 πάντας
2490 4283 2619 4347 τοὺς
2673 4283 2855 4336 πίστει
2907 4281 3351 4352 προστρέχοντας
3404 4276 3828 4344 άντιλαμόάνειν

2231 4376 2340 4430 τῶν
2369 4376 2712 4447 παθημάτων
2755 4374 2855 4444 τὴν
2907 4371 3073 4427 ίασιν.
3131 4371 3272 4423 Ὀσα
3305 4368 3414 4437 γὰρ
3443 4367 3539 4419 ἐὰν
3571 4365 3828 4434 αίτήσητε

2233 4469 2291 4520 ἐν
2321 4469 2444 4530 ταῖς
2476 4468 2831 4538 προσευχαῖς,
2861 4461 3212 4524 πιστεύοντες
3231 4457 3521 4530 λήψεσθαι,
3552 4457 3688 4527 πρὸς
3709 4453 3830 4517 τοὺς

543 4545 814 4655 μαθητὰς,
842 4583 938 4634 καὶ
979 4579 1045 4633 δι’
1073 4577 1254 4632 αὐτῶν
1300 4573 1437 4646 πρὸς
1480 4572 1691 4633 πάντας
1725 4569 1854 4656 τοῦς
1902 4567 1962 4621 ἐν
2009 4563 2302 4656 εἰλικρινίᾳ
2331 4559 2690 4656 πιστεύοντας
2715 4600 2728 4626 ,
2851 4555 3056 4656 Κύριος
3099 4552 3269 4656 quem.
3310 4547 3524 4656 Ἰησοῦς
3599 4545 3826 4656 Χρισξ

534 4644 598 4731 ἐν
623 4644 736 4739 τοῖς
767 4644 938 4747 ἱεροῖς
961 4671 1314 4741 Εύαγγελίοις
1340 4644 1544 4739 ἔφησεν
1565 4683 1580 4700 ο
1611 4663 1730 4736 μεθ’
1757 4655 1818 4716 οῦ
1853 4661 1932 4732 τῷ
1960 4660 2138 4729 [Ιατρὶ
2173 4655 2322 4722 δόξα,
2349 4656 2508 4727 τιμὴ,
2539 4653 2638 4709 καὶ
2689 4651 2890 4723 κράτος
2937 4650 3037 4704 σὺν
3071 4648 3149 4718 τῷ
3176 4644 3318 4715 ἁγίῳ
3383 4644 3690 4711 Πνεύματι,
3741 4651 3828 4689 νυν

538 4772 636 4824 καὶ
665 4768 752 4824 ἀεὶ
783 4769 876 4823 καὶ
907 4768 988 4831 είς
1018 4766 1147 4829 τοὺς
1176 4763 1378 4828 αίῶνας
1411 4761 1525 4817 τῶν
1553 4758 1788 4814 αἰώνων.
1807 4754 2006 4825 Ἀμήν.

623 4951 645 4983 ⁸
677 4948 872 5006 Matth.
914 4946 1161 5014 κακαὶ.
