4002 6316
513 308 654 375 3m
1415 306 1476 366 s.
1513 303 1930 365 sommoa'n
1969 304 2475 367 PATRIARCll/E
2511 306 2919 369 HIEROSOL.
3661 316 3824 381 3723

505 429 568 478 et
593 414 922 478 benemeriti
961 415 1378 488 deperdltorum
1410 425 1698 470 auctorum
1733 428 1903 485 opera
1926 413 2133 486 ingenti
2166 417 2426 485 patientia
2472 427 2529 473 et
2567 417 2756 473 labore
2785 433 2817 473 e
2877 417 3220 491 principibus
3247 420 3421 477 italia:
3449 422 3820 486 bibliothecis

503 517 685 575 eruta,
720 515 973 576 tj'porum
998 503 1267 560 beneﬁcio
1287 511 1494 558 aeterna
1527 503 1638 556 vita
1686 501 2053 568 donaverunt,
2084 505 2228 558 sacri
2264 504 2463 559 melodi
2496 505 2766 560 citharam
2793 507 3046 578 squalido
3073 508 3128 562 in
3165 509 3392 578 pulvere
3414 513 3694 584 sepultam
3758 529 3819 574 es

504 603 715 653 mutam
745 593 928 650 adhuc
961 593 1154 658 latere,
1191 607 1302 648 non
1327 592 1581 662 equidem
1617 599 1736 646 erat
1765 589 2074 647 ferendum.
2102 589 2170 646 Et
2199 607 2388 648 revera
2424 594 2470 649 si
2498 594 2594 664 qui
2621 595 2673 649 in
2701 595 2931 651 edendis
2964 596 3328 668 profanorum
3385 612 3680 660 auctorum
3719 621 3814 663 re-

506 684 714 754 liquiis,
746 683 816 739 ad
851 682 1122 738 bonarum
1155 681 1360 735 artium
1392 688 1448 734 et
1477 680 1784 735 litterarum
1844 679 2267 745 incrementum,
2319 695 2542 752 operam
2608 683 2958 755 impendunt,
3012 688 3300 758 perpetuis
3341 688 3602 746 laudibus
3667 703 3813 748 sunt

505 769 952 836 commendandi,
977 770 1205 841 gloriam
1245 767 1501 840 equidem
1535 782 1644 822 non
1675 782 1897 838 parvam
1930 768 2039 826 sibi
2086 780 2440 839 comparant,
2476 770 2572 841 qui
2620 781 2940 830 sanctorum
2980 772 3205 830 Patrum
3253 776 3538 848 incognita
3575 791 3673 834 aut
3705 783 3810 836 de-

497 859 716 930 perdita
743 873 912 960 opera
953 873 1100 913 nunc
1128 857 1400 960 evulgare‘
1421 855 1666 956 student,
1712 864 1773 911 ut
1807 855 1934 960 inde
1959 857 2339 960 Isanctiss'ima
2399 869 2588 914 nostra
2645 861 2840 931 religio
2875 861 3218 932 splendidius
3255 866 3474 931 emicet,
3511 877 3565 921 et
3599 868 3812 924 immu-

495 950 692 1006 tabilis
721 944 983 1003 Ecclesia
1031 947 1320 1003 catholicae
1368 945 1624 1001 doctrina
1651 952 1844 999 contra
1897 944 2124 1000 fallaces
2152 945 2578 1005 reformatorum
2610 966 2786 1022 nugas
2817 966 3240 1024 quaquaversus
3291 964 3497 1024 pateat.
3526 955 3614 1011 Me
3660 974 3808 1013 vero

503 1039 683 1093 adhuc
725 1037 781 1091 in
811 1036 1020 1099 limine,
1055 1043 1116 1088 ιιι
1143 1035 1217 1089 ita
1248 1034 1453 1098 dicam,
1487 1032 1868 1102 hujuscemodi
1905 1032 2244 1097 studiorum,
2281 1036 2552 1105 pretiosas
2584 1040 2761 1093 sancti
2790 1040 3091 1112 Sophronii
3131 1042 3270 1097 edas
3301 1053 3380 1099 tot
3408 1045 3636 1100 saeculis
3667 1054 3809 1102 ante

503 1125 780 1188 conditas,
805 1123 1040 1194 primum
1080 1122 1340 1189 edidisse,
1381 1121 1600 1192 gaudiis
1621 1121 1903 1176 exsultare
1929 1135 2093 1178 nemo
2117 1123 2450 1192 prohibebit.
3496 1171 3499 1174 .

573 1211 868 1268 Memoriae
895 1214 1043 1268 enim
1071 1211 1139 1265 de
1161 1212 1328 1265 variis
1353 1209 1669 1265 Graecorum
1699 1210 2099 1266 controversiis
2128 1212 2270 1266 inter
2296 1212 2602 1270 Allatianas
2624 1217 2850 1272 chartas
2905 1219 3259 1288 conquirenti
3293 1235 3499 1290 parvus
3546 1221 3724 1277 codex
3770 1239 3804 1277 a

497 1316 594 1356 me
623 1299 717 1354 diu
749 1298 1120 1364 desideratus,
1158 1298 1232 1352 ita
1257 1299 1508 1368 signatus
1543 1295 1606 1352 (ἶ.
1640 1299 1707 1352 Α.
1740 1297 1868 1363 579,
1907 1312 2098 1354 sacros
2125 1307 2180 1354 et
2201 1299 2465 1370 profanos
2509 1305 2932 1360 anacreonticos
2971 1321 3166 1362 novem
3197 1309 3576 1376 complectens
3595 1325 3806 1365 occur-

500 1388 596 1443 rit.
626 1385 820 1442 Statim
861 1386 1234 1458 apographnm
1268 1401 1429 1440 manu
1468 1385 1643 1456 ipsius
1673 1385 1854 1438 Allatii
1879 1383 2197 1440 confectum
2229 1390 2481 1456 cognovi,
2511 1398 2567 1445 et
2615 1391 2767 1446 aliud
2795 1390 3074 1448 Vernatiae
3106 1396 3388 1465 exemplar
3419 1397 3566 1452 haud
3598 1401 3802 1468 procul

498 1475 684 1546 jacere
712 1475 851 1541 vidi;
888 1482 1027 1538 tum,
1061 1489 1130 1529 ne
1163 1475 1218 1527 in
1249 1473 1473 1544 pulvere
1503 1473 1618 1528 haec
1639 1473 1880 1544 pretiosa
1920 1473 2176 1529 collectio
2209 1475 2446 1544 amplius
2476 1477 2848 1546 delitesceret,
2892 1481 2947 1534 in
2979 1496 3133 1537 meas
3163 1482 3399 1538 schedas
3415 1483 3672 1554 redigere
3698 1485 3801 1541 de-

499 1562 684 1630 crevi;
727 1562 874 1634 quod
900 1572 954 1618 et
979 1562 1129 1617 brevi
1159 1561 1394 1624 absolvi,
1427 1574 1743 1630 quanquam
1784 1573 1952 1617 aestus
1981 1559 2422 1619 ferventissimus
2454 1580 2564 1620 non
2605 1567 2888 1622 minimam
2949 1569 3084 1622 mihi
3125 1568 3411 1626 exhiberet
3447 1574 3794 1638 molestiam,

501 1651 702 1722 quippe
729 1649 910 1713 sextili
935 1665 1123 1705 mense
1170 1650 1299 1704 anni
1327 1649 1465 1704 1858
1519 1649 1635 1704 base
1657 1649 1842 1704 omnia
1874 1649 2215 1705 acciderunt.
2244 1650 2472 1706 interim
2501 1661 2560 1707 ut
2587 1653 2806 1710 dulcem
2844 1655 3140 1711 inviserem
3179 1658 3435 1728 patriam,
3464 1659 3578 1714 iter
3611 1660 3669 1715 in
3701 1660 3796 1716 Si:

501 1737 683 1792 eiliam
710 1749 1027 1806 aggressus,
1059 1738 1114 1792 in
1140 1736 1346 1793 scrinio
1378 1751 1558 1791 meum
1602 1736 1846 1794 laborem
1870 1738 2116 1810 reposui,
2155 1753 2221 1793 ea
2254 1747 2436 1795 mente
2467 1749 2527 1794 ut
2568 1756 2732 1812 quam
2765 1743 3004 1814 primum
3047 1760 3302 1801 reversus
3356 1747 3610 1803 melodos
3638 1764 3796 1804 meos

501 1823 846 1888 emendatos,
869 1825 1013 1896 typis
1033 1824 1332 1879 tradendos
1357 1838 1634 1880 curarem.
1662 1825 1732 1879 At
1754 1840 1878 1880 cum
1907 1825 2242 1881 Allatianum
2272 1828 2520 1884 codicem
2547 1830 2686 1886 satis
2716 1830 3041 1887 mendosum
3066 1847 3190 1888 esse
3215 1834 3694 1901 considerassem,
3714 1851 3795 1889 ar-

503 1912 800 1983 chetypum
826 1913 987 1968 anxie
1019 1928 1114 1984 per
1145 1913 1426 1969 Remanas
1459 1913 1824 1971 bibliothecas
1855 1924 2181 1985 prteteutare
2213 1915 2414 1986 incepi.
2453 1915 2774 1972 Vaticanam
2816 1918 3094 1990 extemplo
3149 1920 3279 1987 adii,
3320 1920 3412 1975 ubi
3441 1922 3498 1976 in
3551 1924 3794 1992 quibus-

501 1998 628 2053 dam
659 1998 846 2054 Allatii
878 1997 1214 2056 adversariis
1241 1998 1546 2055 indiculum
1578 1999 1825 2070 ejusdem
1857 2015 2019 2055 manu
2050 2005 2427 2073 conscriptum
2485 2003 2770 2075 conspexi,
2820 2006 2916 2076 qui
2964 2007 3263 2078 Sopltronii
3315 2006 3562 2064 Odarum
3599 2011 3793 2068 titulos

501 2095 714 2142 tantum
747 2087 1092 2154 recensebat,
1116 2104 1147 2142 e
1175 2087 1413 2159 quodam
1447 2087 1638 2144 codice
1669 2088 1988 2158 desumptos
2019 2106 2191 2160 quem
2216 2094 2385 2148 cmin.
2419 2092 2703 2158 Sirletum.
2729 2093 2859 2151 inde
2893 2096 3064 2151 emin.
3095 2095 3424 2153 Columnam
3465 2100 3795 2168 possedisse

503 2179 622 2251 ipse
652 2178 892 2236 Allatius
925 2179 1230 2236 adnotavit.
1267 2180 1523 2235 Attamen
1556 2183 1700 2234 inter
1723 2178 1944 2235 codices
1965 2179 2362 2236 Columnenses
2417 2181 2761 2237 venundatos
2796 2197 2899 2237 nec
2947 2198 3129 2239 meum
3186 2183 3583 2255 Sophroninm,
3610 2203 3794 2258 neque

453 2259 457 2262 ’
501 2269 751 2341 ejusdem
774 2269 1122 2326 bibliothecae
1151 2269 1362 2325 indices
1392 2271 1630 2340 reperire
1670 2272 1841 2340 potui.
1893 2269 2032 2325 Tum
2049 2271 2239 2326 denuo
2267 2270 2319 2323 in
2357 2267 2622 2324 Vaticana
2653 2270 2965 2326 Sirletianis
3003 2271 3291 2327 codicibus
3353 2273 3638 2329 incassum
3675 2291 3792 2344 per-

503 2358 772 2426 lustratis,
799 2357 1120 2415 corumdem
1147 2356 1386 2413 indicem
1428 2358 1641 2429 inspexi
1670 2375 1684 2424 ;
1710 2367 1765 2412 et
1800 2359 2061 2414 utAIlatii
2102 2359 2337 2416 assertio
2359 2356 2602 2428 undique
2628 2364 2929 2422 constaret,
2967 2356 3025 2413 in
3048 2356 3112 2413 C.
3144 2357 3208 2415 γ.
3243 2360 3386 2416 5970
3407 2403 3422 2426 ,
3456 2361 3495 2417 f.
3526 2361 3656 2418 118.
3677 2363 3792 2419 haac

501 2447 745 2520 gaudens
780 2448 984 2518 perlegi
1017 2463 1033 2501 ε
1085 2443 1198 2518 σξβ¹
1244 2445 1450 2518 βιϐλίον
1477 2445 1820 2518 μεμσράῖνον
1879 2446 2108 2501 παλαιδν
2135 2486 2152 2512 ,
2184 2437 2394 2508 οὗτινος
2433 2443 2831 2512 κεφαλαιώδεις
2873 2445 3228 2516 χαρακτῆρες
3276 2450 3487 2517 χρυσοῖ,
3532 2450 3592 2502 ἐν
3628 2443 3675 2518 ᾧ
3698 2468 3792 2502 πε-

503 2535 674 2608 ριέχιι
703 2533 862 2591 τάδε·
895 2532 1002 2588 Τοῦ
1026 2534 1185 2600 ἁγίου
1215 2534 1526 2605 Σωφρονίου
1551 2535 1852 2588 ἐπισκόπου
1889 2534 2083 2606 Ἱεροσο

2207 2550 2278 2586 ων
2325 2531 2761 2602 Ἀνακρεόντεια.
2793 2530 3112 2603 Sequuntur
3133 2531 3372 2590 Odarum
3426 2535 3594 2602 tituli,
3647 2553 3787 2607 quo-

502 2638 627 2678 rum
652 2623 861 2693 aliquot
892 2622 1222 2686 reticentur,
1259 2629 1354 2674 aut
1384 2620 1492 2676 alio
1523 2621 1740 2676 auctori
1784 2622 2178 2692 appiuguntur.

428 2775 440 2786 .
574 2707 874 2780 ﬂuensque
898 2710 974 2764 ita
1001 2724 1090 2764 res
1117 2723 1176 2763 se
1203 2707 1514 2775 habebant;
1567 2708 1666 2764 sed
1699 2707 2054 2765 Sirletianum
2094 2707 2340 2764 codicem
2379 2705 2694 2760 inveniendi
2729 2721 2880 2776 spem
2927 2723 3148 2762 omnem
3206 2725 3314 2764 non
3379 2709 3770 2778 deposueram.

503 2794 906 2853 Subsenseram
935 2796 1082 2852 enim
1113 2795 1564 2852 Barberinianam
1594 2797 1987 2853 bibliothecam
2054 2793 2365 2865 huiusmodi
2407 2793 2653 2848 codicem
2707 2795 2836 2849 olim
2895 2795 3194 2857 habuisse:
3244 2799 3354 2852 duo
3407 2807 3591 2853 tamen
3655 2816 3786 2855 inea:

502 2884 913 2956 investigationi
957 2884 1252 2942 obstabant
1283 2903 1296 2940 :
1335 2883 1723 2941 illustrissimus
1745 2885 2088 2941 bibliothecae
2126 2884 2366 2949 fortuna,
2393 2883 2653 2938 timebam
2680 2883 2825 2937 enim
2855 2898 2922 2939 ne
2954 2899 3110 2940 meus
3141 2883 3486 2957 Sophronias
3518 2887 3648 2942 inde
3679 2889 3780 2942 mi-

503 2981 759 3042 grasset;
797 2980 852 3028 et
879 2973 1029 3028 nulla
1058 2987 1183 3028 cum
1225 2973 1472 3043 ejusdem
1506 2973 1852 3030 bibliothecae
1878 2972 2131 3045 praefecto
2159 2971 2422 3027 amicitia.
2473 2969 2796 3025 Studiorum
2825 2986 2983 3026 amor
3026 2970 3281 3027 fiduciam
3311 2972 3534 3042 adjecit,
3567 2989 3670 3028 nec
3702 2991 3788 3028 nte

506 3074 624 3115 mea
658 3060 847 3133 opinio
876 3060 1110 3131 fefellit;
1143 3070 1350 3117 tantam
1370 3061 1518 3116 enim
1543 3063 1753 3119 domini
1789 3060 2045 3118 Pierilisii
2082 3056 2423 3122 comitatem,
2464 3055 2718 3124 quamvis
2753 3055 2998 3124 ignotus.
3052 3063 3316 3126 expertus
3352 3071 3497 3122 sum,
3529 3065 3588 3111 ut
3622 3058 3786 3111 bene-

505 3147 616 3204 ficii
644 3153 969 3206 memoriam
997 3153 1306 3221 [nunquam
1339 3150 1591 3206 amittere
1617 3151 1846 3220 possim.
1882 3149 2130 3219 Namque
2157 3142 2260 3198 etsi
2290 3156 2429 3196 nova
2473 3141 2819 3196 bibliothecae
2871 3140 3147 3197 ordinatio
3190 3143 3375 3198 omnia
3422 3151 3626 3199 teneret
3663 3160 3787 3214 per-

505 3233 748 3301 turbata,
771 3235 914 3291 facta
953 3235 1023 3292 ab
1049 3235 1432 3292 illustrissimo
1458 3236 1707 3308 principe
1734 3245 2023 3312 potestate,
2053 3246 2266 3290 mecum
2299 3244 2480 3284 meum
2509 3229 2882 3299 Suphroninm
2919 3229 3200 3300 inquirere
3223 3246 3335 3287 non
3373 3232 3545 3288 semel
3594 3233 3783 3289 elabo-

504 3321 682 3392 ravit;
709 3322 881 3379 codex
915 3321 1134 3379 tandem
1169 3323 1426 3380 inventus
1461 3332 1569 3389 est,

577 3427 766 3483 Sancti
797 3426 1091 3499 Sophronii
1120 3428 1239 3483 eda:
1267 3441 1302 3485 e
1340 3444 1405 3484 ve
1431 3428 1682 3484 nustiore
1709 3440 1966 3481 versuum
1989 3423 2511 3482 Anacrednticorum
2544 3443 2742 3500 genere
2779 3427 3125 3494 conﬂantur;
3157 3429 3360 3500 quippe
3387 3446 3583 3487 omnes
3613 3433 3781 3487 dime-

507 3515 600 3582 tri,
625 3517 891 3585 impares,
949 3509 1198 3570 catalecti
1245 3524 1396 3579 sunt,
1443 3523 1497 3571 et
1560 3515 1664 3569 hoc
1703 3513 1868 3569 modo
1902 3509 2264 3569 scanduntur.
2308 3515 2393 3569 Sit
2435 3516 2634 3586 prioris
2680 3515 2800 3571 odae
2847 3517 3059 3587 primus
3091 3533 3282 3573 versus
3323 3521 3642 3589 exemplum
3673 3521 3782 3574 ἀπὸ

506 3603 822 3675 Πνεύματος
852 3603 1028 3670 Θεοίο,
1047 3604 1140 3658 ubi
1166 3613 1507 3672 auapwstttm
1544 3604 1716 3658 habes
1749 3612 1803 3657 et
1833 3600 2071 3656 iambum
2094 3601 2149 3656 in
2172 3605 2348 3672 prima
2375 3600 2596 3672 dipodia
2621 3619 2637 3669 ;
2672 3604 2921 3673 sequitur
2956 3604 3200 3659 secunda
3223 3604 3469 3675 dipodia,
3495 3621 3621 3676 qua!
3645 3608 3781 3662 iam-

507 3693 577 3750 bo
605 3701 662 3749 et
687 3692 897 3764 syllaba
931 3700 1172 3747 constat.
1206 3690 1531 3762 Huiusmodi
1573 3690 1818 3745 carmina
1847 3689 1912 3743 in-
1934 3689 2330 3744 Anacreonteis
2360 3689 2569 3745 odariis
2598 3691 2750 3744 varia
2779 3691 3055 3761 leguntur,
3095 3691 3240 3747 unde
3267 3705 3322 3748 et
3355 3694 3581 3749 nomine
3611 3711 3780 3764 gene-

506 3781 624 3836 rico
652 3779 1040 3834 Anacreontica
1074 3778 1344 3851 appellata
1383 3786 1533 3835 sunt.
1589 3775 1920 3831 Dividuntur
1949 3777 2002 3830 in
2034 3775 2393 3838 Tetrasticha,
2420 3774 2626 3844 quibus
2674 3772 2952 3846 Melnrgus
2980 3783 3189 3841 noster,
3226 3791 3292 3831 ex
3326 3792 3428 3831 usu
3459 3775 3574 3848 jam
3620 3790 3778 3834 antea

507 3875 751 3939 recepto,
788 3883 983 3922 versus
1015 3867 1253 3937 impares
1291 3865 1591 3922 immiscuit
1630 3863 1920 3920 duodecim
1969 3862 2209 3935 syllabas
2237 3862 2582 3916 continentes
2609 3879 2624 3928 ;
2669 3861 2763 3932 qui
2792 3862 2861 3916 ad
2890 3878 3068 3933 genus
3091 3902 3108 3926 ,
3136 3863 3285 3933 quod
3309 3863 3775 3938 Prosodiographi

507 3957 937 4028 Anapwsticum,
974 3954 1484 4028 Hypercatalectum
1512 3963 1901 4025 nuncuparent
1923 3994 1940 4019 ,
1972 3952 2245 4021 pertinere
2282 3948 2582 4016 videntur;
2615 3965 2646 4004 e
2676 3949 2895 4005 duobus
2929 3950 3157 4020 dactyli:
3190 3953 3471 4016 nimirum,
3503 3956 3771 4022 spondam,

507 4054 804 4117 anapaesto.
831 4054 888 4102 et
917 4045 1127 4117 syllaba
1151 4043 1493 4100 redundante
1521 4041 1844 4113 plerumque
1869 4041 2223 4103 coalescunt;
2253 4053 2396 4108 saepe
2429 4039 2499 4093 ab
2528 4048 2805 4107 anapatslo
2838 4048 2893 4094 et
2918 4040 3157 4112 dactylo,
3188 4042 3358 4097 semel
3384 4057 3415 4096 a
3443 4044 3695 4112 spondeo
3723 4055 3774 4100 et

507 4142 782 4204 anapaesto
811 4133 1106 4204 incipiunt,
1141 4139 1198 4185 ut
1237 4130 1440 4202 cuique
1469 4129 1765 4185 observare
1790 4129 1976 4183 licebit
1999 4129 2052 4181 in
2089 4126 2343 4182 versibus
2374 4126 2446 4181 '55
2478 4135 2534 4181 et
2570 4141 2688 4198 seq.
2724 4127 2846 4182 οδω
2881 4127 2969 4192 i7,
3005 4129 3103 4199 qui
3139 4131 3365 4199 insuper
3393 4130 3462 4184 ab
3491 4131 3772 4187 ordinaria

505 4221 799 4279 scansione
835 4219 1120 4276 recedunt.
1155 4217 1220 4273 Ili
1256 4233 1451 4273 versus
1481 4216 1818 4285 anapwstici,
1873 4213 2128 4285 quamvis
2162 4216 2233 4270 ab
2265 4217 2687 4273 Anacreonticis
2726 4218 2953 4274 omnino
2995 4221 3186 4288 alieni,
3224 4221 3500 4290 prolixum
3533 4237 3771 4279 concen-

507 4322 622 4365 tum
672 4316 905 4364 venuste
951 4305 1394 4374 interrumpunt;
1441 4312 1496 4358 et
1541 4317 1686 4356 nunc
1708 4301 2038 4357 sententiam
2062 4302 2302 4372 aliquam
2330 4313 2658 4374 argumento
2685 4321 3012 4375 consonam,
3067 4325 3216 4364 nunc
3244 4325 3375 4365 vero
3407 4312 3768 4383 epiphonema

505 4393 1005 4468 coriiprebetidttnt.
1043 4391 1181 4446 Dum
1207 4406 1335 4446 vero
1375 4405 1569 4446 omnes
1589 4389 1709 4445 otiae
1732 4389 1886 4444 hisce
1912 4388 2165 4444 versibus
2199 4390 2603 4459 admiscentur,
2645 4392 2857 4448 decima
2887 4403 3082 4450 octava
3119 4396 3258 4453 duos
3291 4399 3344 4452 in
3374 4401 3529 4456 calce
3566 4401 3769 4455 solum-

505 4486 692 4553 nmdo,
715 4485 883 4541 veluti
913 4481 1352 4545 conclusionem,
1378 4480 1564 4536 habet.
1594 4479 1824 4549 Insuper
1847 4477 2011 4532 iidem
2033 4491 2224 4532 versus
2247 4479 2488 4549 impares
2509 4479 2626 4534 fere
2649 4495 2746 4551 per
2771 4488 2883 4538 tres
2906 4483 3337 4542 Anacreonticos
3369 4488 3767 4559 subsequentes

503 4576 851 4646 explicantur
885 4590 901 4640 ;
937 4572 1049 4626 dixi
1078 4571 1208 4641 fere,
1243 4584 1480 4639 namque
1511 4585 1621 4623 non
1654 4566 1825 4622 semel
1855 4563 2055 4620 accidit
2087 4573 2147 4619 ut
2174 4566 2496 4636 aliquandiu
2534 4576 2647 4622 tres
2681 4569 2936 4624 versiculi
2978 4571 3034 4625 in
3079 4571 3198 4627 eda:
3226 4575 3525 4646 principio,
3551 4578 3768 4632 minime

507 4678 635 4723 vero
667 4661 722 4716 in
753 4660 1002 4732 ejusdem
1028 4673 1325 4730 progressu
1361 4659 1733 4720 inveniantur,
1753 4662 1811 4710 et
1835 4669 1981 4723 saepe
2003 4653 2108 4708 soli
2139 4654 2456 4722 auapmtici
2483 4655 2780 4710 maxiinam
2809 4656 3042 4712 odarum
3076 4669 3287 4729 partem
3315 4664 3654 4719 comitentur
3675 4667 3764 4734 (ε).

507 4752 712 4805 Versus
741 4749 945 4820 quibus
973 4749 1092 4802 odaa
1117 4754 1396 4807 constant,
1434 4759 1724 4800 numerum
1755 4741 1857 4797 126
1887 4755 2000 4795 non
2040 4740 2336 4808 excedunt,
2358 4742 2432 4796 ita
2475 4751 2533 4796 ut
2565 4742 2791 4796 minima
2821 4743 2964 4799 inter
2991 4745 3124 4800 odas
3157 4763 3265 4800 non
3297 4749 3480 4804 minus
3510 4767 3674 4818 quam
3704 4752 3766 4806 90

502 4838 817 4905 contineat;
841 4835 1088 4891 omnium
1118 4849 1249 4890 vero
1280 4833 1509 4888 odarum
1537 4848 1732 4888 versus
1765 4828 1929 4886 simul
1957 4829 2198 4897 collecti,
2226 4831 2438 4900 absque
2460 4832 2568 4886 ulla
2596 4833 2974 4888 mutilatorum
3004 4837 3346 4902 exclusione,
3379 4853 3651 4893 summam
3688 4841 3765 4897 bis

501 4925 735 4980 millium
768 4938 938 4995 supra
959 4929 1185 4978 centum
1213 4921 1477 4977 tredecim
1503 4920 1824 4976 coniiciunt.

577 5011 683 5070 Sed
708 5011 876 5069 missa
907 5010 1212 5066 carminum
1243 5016 1546 5073 structura,
1569 5023 1746 5062 meam
1775 5008 1844 5065 de
1878 5008 2073 5065 iisdem
2105 5007 2457 5072 sententiam,
2485 5025 2829 5081 quaecunque
2880 5011 2974 5076 sit,
2998 5009 3190 5078 paucis
3217 5025 3494 5081 exponere
3518 5029 3630 5068 non
3657 5029 3766 5068 am-

500 5101 650 5174 bigo.
681 5098 914 5170 Jamque
947 5105 1154 5154 norunt
1185 5111 1382 5153 omnes
1439 5097 1556 5150 haec
1588 5095 1835 5152 carmina
1889 5095 2324 5166 elegantissima,
2351 5097 2599 5167 piissima
2621 5107 2672 5152 et
2702 5097 3060 5152 mellitissima
3094 5113 3125 5152 a
3157 5097 3340 5153 Leone
3373 5101 3577 5156 Allatio
3602 5101 3766 5158 fuisse

501 5188 708 5261 jamdiu
757 5188 1096 5244 existimata.
1138 5182 1348 5240 Revera
1379 5199 1409 5238 a
1453 5184 1592 5238 tanti
1637 5184 1870 5240 litterati
1909 5184 2122 5256 judicio
2148 5185 2394 5254 prudens
2432 5185 2606 5240 lector
2641 5202 2748 5241 non
2784 5187 2945 5242 facile
2975 5186 3233 5252 recedet;
3269 5188 3518 5258 quinimo
3549 5190 3596 5243 si
3657 5206 3763 5246 rem

501 5279 642 5334 bene
669 5275 1012 5347 perpendere
1039 5272 1296 5336 voluerit,
1335 5270 1633 5343 Sophronii
1663 5272 1910 5327 carmina
1941 5272 2311 5342 amplissimas
2345 5274 2510 5327 etiam
2545 5277 2744 5329 mereri
2775 5274 2968 5330 laudes
3002 5274 3288 5331 fatebitur.
3323 5273 3609 5347 Siquidem
3646 5294 3762 5332 cum

502 5376 810 5437 temporum
833 5361 888 5417 vi
921 5376 1009 5417 res
1036 5359 1316 5415 litterariae
1345 5375 1376 5415 e
1407 5359 1640 5416 classica
1670 5359 1939 5430 dignitate
1975 5361 2183 5416 sensim
2205 5361 2557 5427 excidebant,
2590 5376 2714 5417 cum
2747 5363 3148 5418 sententiarum
3180 5364 3438 5435 gravitati
3469 5367 3763 5420 sermonis-

501 5469 609 5525 que
652 5451 875 5524 purltati
924 5463 1098 5506 vacua
1137 5447 1448 5504 verbositas
1488 5447 1845 5512 succedebat,
1889 5447 2164 5503 melodum
2205 5458 2455 5505 nostrum
2503 5461 2584 5504 tot
2625 5453 2901 5522 tantisque
2945 5451 3104 5507 malis
3141 5450 3434 5522 jactatum,
3466 5455 3763 5508 concinnas

499 5557 696 5598 versus
718 5561 721 5563 ·
745 5538 1115 5610 compegisse,
1147 5543 1202 5592 et
1229 5536 1444 5607 poetica
1473 5543 1765 5590 venustate
1793 5547 2120 5600 exornasse,
2154 5535 2258 5590 hoc
2283 5535 2512 5592 omnino
2561 5549 2647 5592 ρει
2674 5537 3035 5593 admiratione
3081 5536 3335 5608 dignum.
3365 5536 3641 5594 Praeterea
3680 5539 3766 5591 Si-

505 5627 771 5699 phronius
797 5643 861 5684 ea
886 5625 1049 5683 utitur
1086 5624 1352 5683 facilitate
1396 5624 1452 5679 in
1489 5623 1656 5680 rebus
1705 5623 1873 5680 etiam
1917 5622 2236 5680 diilicilibtis
2267 5623 2816 5704 exprimemiis,vdntn
2853 5622 2976 5682 lidei
3007 5627 3272 5698 mysteria
3301 5633 3466 5698 atque
3490 5623 3759 5683 catholicae

576 5811 645 5880 io)
671 5809 759 5865 Cf.
795 5809 985 5864 abode
1015 5810 1046 5861 8
1078 5807 1145 5861 ad
1171 5807 1263 5876 21,
1287 5821 1396 5864 una
1420 5814 1633 5863 tantum
1665 5807 1733 5863 £6
1765 5814 2012 5879 excepta.
