3930 6316
323 341 328 344 ·
1061 352 1096 362 τ’
1210 353 1695 417 ANACREONTI

1881 381 1914 392 —
1941 355 2380 417 'PlLEFATlO.
2551 372 2558 388 ε
3209 323 3212 326 ’
3293 358 3433 425 δτειι

145 475 427 548 religionis
450 474 714 547 dogmata
745 468 993 540 exponit,
1033 482 1270 540 quorum
1297 485 1404 524 non
1436 467 1650 539 vulgari
1681 475 1767 525 est
1786 467 2032 524 imbutus
2059 469 2379 540 cognitione
2403 468 2504 542 (cl),
2531 479 2590 527 ut
2625 472 2854 544 insuper
2882 480 3150 542 exoptare
3171 479 3428 540 nescias;

146 577 200 625 et
255 567 468 635 aliquot
534 562 765 619 odorum
824 558 981 613 initia
1041 565 1252 614 tantam
1307 556 1608 628 imaginum
1658 564 2002 612 venustatem
2055 557 2422 627 praeseferunt
2481 569 2542 614 ut
2605 561 2870 618 eximium
2936 561 3175 633 aliquem
3246 578 3429 620 aurea:

151 653 456 712 Graecitatis
491 659 775 707 auctorem
803 646 1070 703 habuisse
1098 646 1424 712 videantur;
1463 645 1703 714 quamvis

1877 659 1910 710 ξ,
1947 651 2006 698 ιιι
2039 645 2074 700 l.
2101 663 2152 698 ιτ.
2185 645 2417 701 Photins
2453 648 2884 714 observaverat,
2922 649 3429 721 ὲννεωτερὶζειτοῖς

150 747 377 818 ῥήμασι,
403 757 528 812 quae
557 755 699 796 nova
725 736 992 793 voeabula
1027 751 1128 791 nos
1158 735 1214 790 in
1241 735 1692 794 adnotationibus
1723 733 2130 790 recensuimus.
2170 733 2303 800 Quae
2326 735 2486 792 dotes
2514 737 2801 808 splendide
2831 737 3147 796 enitescunt
3169 749 3245 804 et,
3281 750 3342 795 ut
3361 741 3434 796 ita

147 834 348 897 dicam,
371 831 712 892 sentiuntur;
739 833 793 879 at
812 824 859 880 si
887 823 1013 895 quis
1044 822 1114 878 de
1133 821 1304 878 verbo
1332 823 1401 878 ad
1425 822 1652 878 verbum
1680 821 1800 876 haec
1819 820 2220 878 Auacreontica
2256 832 2316 879 ut
2339 823 2571 880 rudibus
2610 824 2813 897 linguae
2855 825 3060 882 Graecae
3113 826 3274 882 obvia
3303 827 3434 892 sint,

152 920 345 973 Latina
371 918 558 972 facere
591 921 786 976 tentat,
842 910 1052 967 frustra
1082 911 1148 965 ad
1187 909 1632 980 Sopltronianam
1691 909 2022 981 elegantiam
2071 909 2406 967 reddendam
2463 914 2708 984 aspirat,
2754 913 2869 968 imo
2918 914 3313 970 certuutmibi
3347 925 3444 972 est

151 1007 446 1061 unanimam
475 1001 783 1059 venustatis
819 1007 1033 1071 partem
1064 998 1392 1068 perituram.
1429 999 1778 1067 Sophronias
1819 998 1937 1068 ipse
1970 1011 2147 1052 meam
2179 999 2513 1054 sententiam
2552 1000 2871 1067 confirmat,
2904 1001 3002 1072 qui
3033 1001 3088 1057 in
3116 1008 3245 1056 octo
3281 1005 3435 1072 prio.

149 1096 302 1150 ribus
357 1093 480 1148 odis
525 1091 705 1146 nudas
738 1089 1006 1160 quasdam
1055 1087 1480 1158 Evangeliorum
1528 1087 1796 1144 historias
1834 1102 1948 1144 suae
1977 1087 2196 1143 barbite
2232 1089 2670 1146 accommodavit
2713 1108 2728 1145 :
2771 1097 3154 1148 verumtamen
3208 1099 3319 1146 tam
3352 1101 3449 1147 est-

150 1180 496 1236 admirabilis
529 1178 849 1234 Graecorum
890 1175 1186 1234 verborum
1217 1175 1536 1245 dispositio,
1582 1175 1926 1235 locutionum
1970 1175 2242 1242 suavitas,
2277 1185 2334 1233 et
2364 1178 2612 1247 quaedam
2645 1179 2949 1250 imaginum
2988 1179 3338 1250 ingenuitas,
3371 1189 3435 1235 ιιι

150 1271 342 1326 Graece
374 1270 531 1325 lectas
557 1264 884 1323 satisfacere
905 1277 1014 1319 non
1049 1261 1328 1327 desinant,
1352 1277 1384 1318 e
1405 1272 1600 1319 contra
1632 1261 1830 1320 Latine
1859 1264 1931 1319 ad
1955 1266 2182 1321 verbum
2219 1265 2447 1322 reddita:
2469 1267 2790 1338 frigescant,
2821 1277 2877 1324 et
2907 1268 3184 1340 ingenitas
3209 1283 3449 1324 veneres-

151 1360 426 1414 amittant.
455 1355 612 1423 Quod
655 1368 790 1409 sane
848 1352 934 1407 vir
978 1350 1341 1407 doctissimus
1373 1350 1674 1408 cardinalis
1709 1350 1946 1408 Sirletus
1984 1351 2301 1425 ἀρχετύπου
2346 1354 2478 1409 οΙίιη
2504 1370 2796 1426 possessor
2833 1357 3212 1425 experimento
3235 1356 3436 1426 proba—

151 1453 247 1506 vit.
287 1449 518 1505 Notitias
547 1446 692 1502 enim
739 1445 808 1500 de
851 1442 1162 1515 Sophronio
1210 1443 1264 1497 in
1288 1442 1552 1498 Vaticana
1595 1442 1930 1502 bibliotheca
1965 1459 1998 1501 c
2051 1443 2335 1502 codicibus
2389 1445 2698 1504 Sirletianis
2763 1452 3110 1520 perquirens,
3143 1447 3457 1518 quemdam»

149 1540 314 1594 etiam
362 1535 590 1592 miscelli
639 1533 858 1606 generis
898 1530 1146 1588 codicem
1201 1533 1304 1587 hac
1350 1541 1480 1587 nota
1523 1530 1666 1588 6285
1716 1532 1996 1604 signatum
2036 1531 2276 1603 inspexi,
2307 1533 2365 1588 in
2409 1549 2520 1604 quo
2557 1535 2791 1604 primam
2825 1533 3120 1604 Sophronii
3148 1534 3288 1591 oden
3320 1531 3430 1588 ba-

152 1627 328 1681 tiuam
350 1624 574 1687 factam,
605 1622 884 1678 variantes
926 1620 982 1676 in
1013 1621 1320 1676 interlineis
1350 1620 1485 1676 etin
1516 1620 1860 1690 marginibus
1885 1618 2325 1690 pracseferentem
2358 1621 2584 1694 perlegi.
2613 1619 2812 1676 Statim
2841 1637 3062 1678 manum
3103 1622 3279 1693 ipsius
3315 1621 3436 1678 Sir-

153 1719 244 1773 leti
271 1717 524 1788 cOgnovi,
553 1722 608 1770 et
645 1721 770 1785 post
809 1713 980 1769 ferme
1009 1713 1122 1768 duo
1163 1712 1366 1767 sacula
1404 1712 1540 1768 adeo
1575 1713 1745 1768 illaesa
1785 1712 2082 1781 inspicitur
2101 1713 2350 1782 scriptio,
2387 1721 2446 1766 ut
2479 1727 2648 1769 aurea
2679 1713 2862 1783 pulvis
2907 1721 3218 1771 atramento
3251 1715 3453 1771 adhuc.

152 1805 498 1860 inhaerescat.
531 1801 660 1857 Mihi
695 1801 915 1856 interim
953 1799 1465 1869 interpretationem
1506 1796 1736 1854 odarum
1767 1814 1902 1856 mete
1929 1799 2160 1856 editioni
2208 1798 2449 1870 adjicere
2473 1799 2762 1872 cogitanti,
2796 1798 3094 1856 Sirletiana
3145 1802 3436 1858 translatio

151 1894 292 1948 adeo
341 1890 556 1947 animos
596 1888 840 1960 infregit,
873 1897 932 1942 ut
964 1886 1147 1956 potius
1195 1885 1248 1942 si.
1277 1886 1500 1957 quando
1525 1893 1803 1958 tempusa
1833 1887 1972 1944 meis
1993 1887 2190 1944 ciliciis
2233 1903 2472 1944 vacuum
2524 1889 2754 1956 siverit,
2797 1888 3054 1946 versibus
3087 1904 3185 1947 eas
3236 1890 3434 1947 adum-

154 1982 316 2036 brare
365 1977 725 2044 decreverim,
760 1990 925 2044 quam
962 1973 1378 2044 Sophronianos
1410 1975 1628 2044 lepores
1674 1989 1838 2045 prosa
1861 1976 2114 2032 oratione
2141 1976 2384 2032 insulsos
2411 1975 2649 2037 efficere.

218 2068 430 2123 Praeter
450 2067 708 2136 pietatem
735 2079 844 2134 qua
866 2062 1050 2119 omnia
1073 2061 1373 2133 SOphronii
1401 2062 1610 2132 scripta
1645 2063 1951 2130 nitescunt,
1983 2072 2042 2120 ut
2075 2061 2309 2120 Photius
2337 2063 2656 2120 observavit
2683 2064 2754 2121 de
2785 2065 3020 2137 epistola
3044 2065 3310 2138 synodica
3337 2064 3453 2136 (42),.

153 2157 326 2212 multa
357 2156 498 2213 scitu
551 2155 714 2225 digna
763 2153 851 2210 vel
887 2152 954 2208 ad
988 2166 1164 2207 sacrae
1197 2151 1497 2222 Scriptum
1533 2150 2069 2222 interpretationem,
2096 2151 2176 2208 vel
2210 2152 2278 2208 ad
2313 2166 2530 2208 sacram
2553 2160 2648 2206 aut
2688 2151 2975 2223 profanam
3008 2168 3206 2208 novam
3248 2155 3437 2209 erudi-

154 2246 360 2301 tionem
386 2242 710 2313 spectantia,
749 2242 866 2298 ltaec
896 2239 1294 2296 Anacreontion
1333 2238 1880 2296 eruditisexhibent.
1910 2237 2024 2296 Nos
2058 2255 2191 2296 vero
2231 2254 2406 2311 pauca
2441 2240 2742 2310 scligemus
2761 2241 3036 2312 exempla,
3065 2249 3121 2297 et
3150 2241 3284 2296 illud
3323 2243 3436 2311 pri-

152 2347 308 2388 mum
333 2330 566 2402 dignum
589 2330 976 2386 observatione
999 2342 1203 2384 censeo
1233 2327 1380 2397 quod
1409 2327 1464 2382 in
1493 2329 1598 2383 ode
1633 2327 1668 2382 s
1692 2367 1708 2395 ,
1737 2343 1792 2383 ν.
1813 2327 1887 2383 24
1917 2337 1972 2384 et
2004 2341 2124 2398 seq.
2149 2326 2219 2383 de
2252 2326 2623 2384 Praecursoris
2663 2327 2941 2384 alimentis
2973 2335 3219 2384 enarrat.
3263 2327 3454 2384 Plane-

151 2424 303 2476 enim
339 2419 538 2475 asserit
575 2417 721 2488 quod
776 2415 1058 2472 radicibus
1080 2413 1367 2484 cujusdam
1388 2413 1625 2480 fruticis.
1657 2414 1748 2472 cui
1781 2429 1984 2474 nomen
2007 2415 2354 2486 molesgrsm,
2389 2415 2756 2483 vescebatur;
2796 2423 3063 2487 praetcrea
3108 2431 3240 2472 cum
3270 2416 3452 2487 paulo-

150 2516 316 2563 antea
351 2507 583 2564 dixisset
614 2511 928 2576 promptum
957 2502 1178 2566 ἀπόνως
1211 2516 1430 2573 semper
1465 2500 1663 2558 Joauni

1898 2517 1926 2559 ο
1949 2503 2159 2571 cibum,
2185 2503 2336 2576 quod
2366 2518 2494 2560 mox
2524 2505 2768 2575 explicat
2786 2519 2914 2562 esse
2945 2504 3214 2576 μελεάγρι
3254 2521 3317 2560 τε
3347 2503 3450 2578 pls»

151 2597 269 2661 Cat,
296 2595 508 2651 indevtit
534 2593 680 2663 quod
703 2602 758 2648 et
791 2591 874 2657 τὸ,
900 2589 1144 2662 ἀκρίδες,
1177 2589 1246 2646 ad
1277 2590 1604 2660 vegetaliutn
1624 2591 1864 2662 speciem
1893 2592 2123 2658 referre,
2151 2594 2306 2663 juxta
2337 2604 2488 2650 certe
2519 2591 2822 2666 Sapltronii
2847 2601 3120 2662 mentem,
3156 2609 3296 2666 opus
3336 2597 3450 2651 situ.

149 2684 227 2738 Ne
271 2691 454 2738 tamen
516 2681 694 2737 sancti
752 2679 1050 2748 Sophronii
1096 2679 1288 2748 opinio
1320 2687 1433 2732 tam
1484 2685 1672 2749 aperta
1700 2679 1970 2753 ingenuos
1999 2682 2232 2740 lectores
2259 2682 2528 2748 oti'endat,
2591 2671 2800 2756 paucos
2839 2683 2984 2739 inter
3012 2689 3120 2740 :tot
3151 2692 3432 2744 auctores.

149 2772 243 2842 qui
286 2772 426 2826 idem
458 2775 817 2833 censuerunt,
855 2767 944 2822 hic
968 2766 1232 2822 recitabo.
1264 2764 1600 2822 Praemittam
1629 2776 1757 2824 ante
1801 2769 1990 2824 omnia
2019 2771 2327 2829 doctissimi
2357 2769 2590 2830 Calmeti
2621 2770 2810 2836 verba,
2846 2785 2970 2841 quae
3005 2771 3060 2826 in
3093 2778 3436 2827 commenta-

151 2862 254 2918 riis
287 2861 352 2914 ad
382 2861 530 2914 hunc
549 2857 824 2930 Evangelii
851 2857 1031 2911 locum
1054 2855 1308 2926 leguntur
1335 2853 1400 2925 (Γ)
1440 2873 1455 2909 :
1481 2854 1684 2910 Eorum
1709 2858 1969 2912 sententia
1993 2860 2084 2927 qui
2122 2868 2438 2915 censuerunt
2469 2858 2867 2915 Praecursorem
2896 2858 3150 2914 arborum
3174 2861 3452 2930 get-mini.

150 2957 243 3003 ints
301 2947 437 3002 vesci
462 2945 700 3007 solitum,
729 2960 890 3014 quam
916 2942 1180 3013 plurimos
1213 2950 1377 2997 nacta
1401 2950 1480 2996 est
1507 2952 1819 3001 sectatores.
1854 2947 2040 3018 Neque
2068 2949 2165 3005 hoc
2196 2967 2227 3004 ιι
2256 2949 2362 3020 ﬁdo
2400 2949 2671 3005 abhorret.
2699 2947 2766 3003 Et
2799 2964 2860 3004 rc
2881 2949 2999 3019 ipsa
3025 2947 3235 3019 primos
3262 2949 3437 3004 homi-

151 3051 249 3092 nes
289 3049 396 3088 non
451 3033 653 3097 solum,
709 3033 804 3087 sed
835 3032 966 3085 olim
997 3031 1298 3100 prophetas
1321 3037 1378 3085 et
1407 3031 1587 3087 denuo
1617 3041 1842 3090 sanctos
1891 3037 2260 3094 anachoreta:
2301 3038 2732 3095 summitatibus
2758 3036 3055 3094 virentium
3105 3044 3161 3094 et
3192 3037 3438 3094 oleribus

149 3123 466 3190 victitasse,
506 3136 672 3179 nemo
698 3135 835 3177 sane
862 3117 1080 3175 inllcias
1115 3117 1236 3172 ibit.
1277 3118 1354 3173 En
1390 3117 1571 3178 Ovidii
1596 3121 1660 3176 de
1683 3121 1990 3191 priutorum
2028 3125 2311 3180 hominum
2344 3142 2469 3182 esca
2509 3123 2938 3197 descriptionem
2958 3122 3071 3196 (g):

182 3234 190 3239 ’
1107 3225 1276 3283 Panis
1310 3236 1461 3283 erant
1504 3228 1692 3296 primis
1716 3227 1910 3285 uirides
1957 3231 2273 3287 mortalibus
2311 3231 2516 3295 herbis,

1189 3300 1352 3372 Quas
1369 3300 1526 3355 tellus
1552 3300 1700 3372 nulla
1731 3299 2052 3372 sollicitante
2082 3302 2155 3372 (It)
2178 3301 2364 3356 dabat.

1130 3368 1387 3442 Etimodo
1422 3369 1706 3440 carpebant
1748 3371 1906 3442 vivax
1934 3389 1962 3426 ε
1985 3368 2176 3439 cespite
2197 3387 2437 3442 gramen.

1194 3441 1354 3496 Nunc
1379 3443 1549 3506 epulo:
1567 3455 1594 3494 ε
1615 3449 1798 3495 tenera
1825 3440 2014 3510 fronde
2039 3440 2290 3498 cacumen
2316 3452 2494 3498 erant.

155 3556 228 3609 De
304 3555 466 3610 simili
547 3570 677 3610 vero
763 3555 1152 3626 prophetarum
1231 3550 1736 3616 asceticorumque
1789 3555 1960 3604 esca,
2025 3549 2084 3596 et
2154 3540 2301 3597 sacri
2370 3540 2634 3606 codices,
2697 3550 2752 3598 et
2825 3541 3055 3596 Pratum
3105 3541 3437 3610 spirituale.

151 3651 205 3696 rt
285 3641 679 3696 monachorum
758 3641 886 3696 vitae
959 3637 1370 3705 exemplaribus
1445 3634 1746 3690 abundant.
1797 3628 1892 3684 Et
1953 3629 2186 3701 primum
2242 3629 2313 3686 de
2384 3629 2626 3701 ἀκρίδων
2683 3631 3139 3700 interpretatione
3216 3641 3456 3687 sanctus

152 3730 403 3785 Isidorus
460 3729 734 3784 Pelusiota
779 3728 834 3781 in
892 3730 1053 3796 epist.
1111 3725 1240 3780 5ad
1297 3722 1522 3790 Nilum,
1574 3721 1876 3792 perfectum
1930 3719 2054 3772 vitae
2112 3717 2438 3775 monasticae
2477 3719 2790 3790 exemplum
2841 3734 2870 3772 a
2919 3717 3133 3774 Joanne
3186 3719 3456 3789 Baptism

148 3819 508 3888 desumptum
567 3831 917 3888 proponens,
957 3817 1210 3869 hortatur
1258 3829 1289 3868 e
1347 3811 1471 3882 pilis
1537 3809 1906 3866 asceticorum
1974 3805 2297 3862 indumenta
2369 3806 2710 3864 conﬁcienda
2762 3822 2886 3864 esse
2916 3847 2932 3870 ,
2993 3814 3062 3862 et
3111 3807 3192 3862 ab.
3239 3807 3438 3862 herba-

150 3923 279 3962 rum
334 3907 478 3962 foliis
528 3915 582 3961 et
631 3902 1044 3960 summitatibus
1089 3915 1308 3972 parcam
1368 3898 1685 3953 alimoniam

1900 3895 2024 3951 citis
2067 3893 2463 3949 desumendam
2495 3913 2509 3949 :
2553 3895 2620 3948 Ei
2643 3893 3250 3965 solvuvﬂpo'tpa‘swxat
3273 3893 3452 3964 eaeam

149 4011 309 4063 ματα
335 3995 435 4065 τῆς
453 3992 594 4047 κατὰ
608 3991 742 4045 Θεὸν
770 3990 986 4054 τελείας
1036 3989 1326 4059 ἀσκήσεως
1352 3988 1412 4040 ὲν
1451 3987 1671 4058 Ἰωάννῃ
1692 3983 1770 4054 τῷ
1790 3983 2072 4052 Βαπτιστῇ
2096 3980 2518 4052 ἐπαιδεύθημεν,
2544 3981 2690 4054 θριξὶ
2713 3984 2813 4053 μὲν
2844 3983 2894 4035 si
2914 3975 3024 4035 οἷόν
3050 3999 3111 4035 τε
3141 3981 3280 4053 πρὸς
3311 3981 3442 4036 σκέο

146 4100 259 4154 πην
294 4079 771 4152 ἀρκεσθησόμεθα,
805 4079 1082 4149 ἀκρέμοσι
1127 4078 1184 4130 δὲ
1218 4075 1458 4148 βοτανῶν
1488 4075 1584 4128 καὶ
1613 4071 1831 4143 φύλλων
1863 4069 2002 4142 πρὸς
2027 4069 2217 4139 ὀλίγην
2249 4067 2458 4141 τροφὴν
2484 4071 2586 4125 καὶ
2613 4069 2849 4141 δύναμιν
2875 4070 2974 4123 καὶ
3001 4069 3300 4141 ἀπέριττον
3343 4070 3454 4134 (i)..

148 4171 303 4226 Idem
333 4178 495 4241 urget
523 4168 754 4224 inferius
782 4168 940 4238 epist.
977 4165 1102 4222 152.
1143 4163 1466 4234 Anonymus
1497 4160 1800 4216 Vaticanus
1839 4159 1893 4212 in
1930 4157 2135 4212 Catena
2165 4154 2481 4212 Graecorum
2513 4156 2759 4220 Patrum,
2801 4159 2896 4229 qui
2933 4155 3228 4228 Evangelia
3261 4156 3436 4212 inter-

148 4265 468 4325 pretantur,
493 4270 521 4309 a
550 4254 714 4311 Petro
744 4255 984 4312 Possino
1011 4253 1156 4308 edita
1178 4251 1267 4323 (ἱ).
1291 4250 1493 4308 similia
1528 4249 1694 4304 refert

1879 4246 1970 4315 μέν
1999 4260 2133 4313 φασι
2160 4246 2232 4297 τὰ
2247 4243 2358 4298 τῶν
2388 4244 2708 4318 ἀκροδρύων
2729 4245 3052 4317 ἀκρίσματα
3127 4285 3144 4300 .
3223 4283 3238 4300 .
3302 4283 3335 4301 -.
3415 4283 3431 4300 .

145 4344 302 4400 κατὰ
332 4345 414 4410 τὸ,
442 4343 683 4414 ἤνθησαν
717 4343 751 4414 ή
779 4342 1064 4412 κάππαρις
1102 4341 1198 4396 καὶ
1224 4342 1258 4411 ἡ
1288 4340 1472 4411 ἀκρὶς,
1495 4337 1525 4390 ὅ
1553 4337 1611 4390 ὲν
1642 4335 1697 4405 et]

1904 4331 2331 4403 κκλησιαστικοῦ
2364 4332 2614 4413 εὕρηται,
2639 4333 3088 4407 Theophylactus
3114 4333 3170 4390 in
3205 4331 3456 4396 Hattlt.,~

143 4433 314 4496 Τινὲς
381 4431 598 4499 λέγουσι
663 4430 894 4502 βοτάνας
955 4427 1096 4483 εἴναι
1158 4427 1260 4494 τὰς
1316 4426 1547 4499 ἀκρίδας
1605 4425 1672 4488 ἃς
1723 4423 1820 4477 καὶ
1897 4421 2192 4493 μελιάγρια
2236 4422 2312 4494 (lt)
2375 4421 2608 4478 καλοῦσι
2640 4439 2666 4468 ⁸.
2716 4424 2872 4487 τινὲς,
2923 4420 2984 4478 δὲ
3021 4423 3093 4478 τὰ
3149 4422 3458 4495 ἀκρόδρυα·

144 4520 272 4590 ἦτοι
334 4519 556 4592 ὀπώρας
594 4518 796 4590 ἀγρίας
843 4518 928 4590 (ι).
965 4515 1091 4571 Haec
1122 4515 1258 4572 satis
1288 4515 1418 4585 περὶ
1462 4512 1696 4581 ἀκρίδων

1905 4525 1933 4565 e
1998 4518 2150 4581 patet
2198 4509 2568 4580 Sophroniuto
2608 4512 2909 4594 pro‘melle
2950 4511 3215 4578 silvestri,
3255 4511 3457 4583 μέλιτι·

144 4606 358 4679 ἀγρίῳ,
384 4607 723 4662 intellexisse
746 4606 1001 4661 arborem
1030 4604 1372 4674 meleagram.
1405 4601 1606 4673 Reipsa
1627 4601 1845 4657 radices
1876 4598 2040 4668 hujus
2071 4599 2282 4654 arbusti
2318 4598 2512 4655 altiles
2539 4613 2688 4664 esse,
2721 4599 2892 4655 variis
2923 4600 3264 4657 testimoniis
3299 4617 3439 4658 con-

148 4695 428 4749 firmatur.
476 4695 634 4764 Apud
693 4691 920 4748 Suidam
974 4693 1030 4746 in
1084 4689 1352 4746 vocabulo
1399 4689 1664 4760 μελεάγρι

1892 4688 2072 4745 fertur
2105 4689 2406 4744 ἀδέσποτον
2428 4689 2743 4761 exemplum
2763 4729 2778 4755 ,
2813 4690 2964 4761 quod
2993 4706 3026 4747 e
3052 4691 3166 4746 vita
3197 4692 3444 4764 alicujus

147 4787 508 4838 anachoreta;
528 4790 838 4837 extractum
867 4795 1092 4846 censeo,
1128 4780 1225 4834 καὶ
1253 4779 1431 4850 ρίζάις
1470 4779 1670 4842 αὐτοὺς
1697 4801 1699 4846 ι

1905 4777 2032 4848 ριων
2055 4780 2152 4832 καὶ
2177 4776 2432 4849 καρδίαις
2463 4777 2732 4849 καλάμων
2757 4778 3051 4846 ἐδεξιοῦτο.
3081 4778 3241 4848 Apud
3281 4780 3430 4835 Can-
3453 4811 3457 4818 -

147 4871 306 4940 gium
329 4869 647 4941 μελεαγριον
673 4869 776 4924 hoc
808 4868 1093 4923 arbustum
1124 4866 1453 4937 appellatur.
1500 4864 1540 4918 Ε
1587 4867 1698 4920 vita
1728 4866 1894 4937 igitur
1928 4865 2304 4933 tnamtscripta
2350 4866 2528 4920 sancti
2563 4866 2780 4937 Cyriaci
2808 4867 3158 4922 anachoreta;
3186 4868 3302 4923 haec
3325 4868 3457 4924 duo~

145 4958 408 5027 exempla
463 4956 696 5027 protulit
729 4956 986 5012 laudatus
1028 4954 1271 5024 Cangius
1305 4971 1319 5009 :
1368 4953 1697 5025 Ἀττορούμει

1881 4958 1980 5008 ξνυν
2013 4954 2242 5024 τροφῆς,
2289 4955 2382 5008 καὶ
2413 4955 2514 5008 οὐκ
2543 4954 2761 5026 ἔχοντες
2784 4955 2912 5009 ὅθεν
2943 4955 3048 5016 τὴν
3085 4956 3188 5027 τῆς
3213 4957 3433 5026 φύσεως

145 5047 407 5116 ἀνάγκην
434 5043 929 5116 παραμυθήσονται
960 5061 973 5074 ·
1004 5042 1126 5096 οὐδὲ
1158 5042 1288 5113 γὰρ,
1316 5040 1437 5096 οὐδὲ
1490 5041 1783 5112 μελιάγρια
1819 5040 1962 5095 κατά
1996 5040 2095 5110 τὴν
2129 5039 2336 5112 ἔρημον
2376 5041 2630 5111 πεφύκει,
2680 5050 2736 5097 et
2765 5037 2924 5115 ῥίζας
2946 5084 2952 5088 -
2972 5043 3316 5115 μελιαγριων
3336 5045 3444 5098 καὶ

144 5135 474 5205 ἀκρὲμονας
513 5133 780 5203 καλάμων
815 5131 1096 5203 προσίετο.
1124 5129 1206 5184 Ex
1239 5131 1396 5187 hisce
1429 5130 1696 5186 testimoni

1889 5154 1892 5176 ν
1928 5136 2254 5201 arguuntur,
2282 5131 2498 5186 scilicet
2526 5131 2742 5187 radices
2776 5131 3100 5203 peltayplou
3136 5131 3352 5198 edules,
3383 5140 3441 5187 et

223 5260 315 5385 sd)
367 5260 508 5316 Sunt
540 5260 720 5316 Photii
766 5261 929 5315 verba
959 5261 1028 5314 de
1059 5259 1373 5328 Sophronia
1419 5259 1475 5314 in
1513 5258 1745 5331 Myriob.
1927 5262 1990 5332 (ἱ)
2020 5261 2162 5317 Edit.
2195 5259 2373 5317 Paris.
2406 5261 2567 5328 1585,
2595 5277 2718 5333 pag.
2739 5263 2796 5318 2.

271 5373 284 5384 .
309 5331 408 5385 231
443 5352 454 5385 :
483 5331 607 5385 Τῶν
637 5329 802 5385 ἱερῶν
831 5331 1116 5385 δογμάτων
1140 5329 1201 5383 οὐ
1225 5329 1327 5385 τὴν
1345 5329 1616 5385 ωγοῦσαν
1641 5331 1746 5385 ea-
1929 5333 1996 5385 (il
2022 5333 2235 5385 Romae:
2265 5332 2412 5385 tvnis
2447 5332 2734 5385 Barberin.
2778 5331 2796 5385 l

144 5348 284 5388 (30(1.

309 5331 408 5385 231
443 5352 454 5386 :
483 5331 607 5385 Τῶν
637 5329 802 5402 ἱερῶν
831 5331 1116 5402 δογμάτων
1140 5329 1201 5383 οὐ
1225 5329 1327 5402 τὴν
1345 5329 1616 5402 τυχοῦσαν
1641 5331 1746 5402 μά-

1389 5329 1616 5402 mam
1641 5331 1746 5402 μα·
1929 5329 1996 5401 (ἱ)
2022 5333 2235 5398 Romae;
2265 5332 2412 5402 typis
2447 5329 2734 5388 Barberiit.
2778 5331 2941 5388 i657;

147 5406 320 5474 θησιν
347 5402 748 5474 ἀποδείκνυται.
887 5469 898 5474 _
967 5471 978 5474 _
1166 5471 1177 5474 _
1212 5472 1221 5474 ς

1931 5403 2246 5474 (MOptima
2283 5402 2457 5458 lectio
2483 5411 2570 5459 est
2611 5403 2929 5474 μελάγρας,
2955 5403 3204 5474 ita‘enim
3251 5409 3441 5474 aperte

230 5472 308 5545 (ο)
342 5473 386 5545 _l.
419 5487 470 5528 c.
502 5473 801 5545 E‘basﬁsla;
835 5469 932 5545 μέν
963 5471 1355 5545 ἐστι-’πλήρης

1893 5469 1960 5543 go
1995 5469 2099 5545 legi
2126 5475 2182 5528 in
2205 5481 2422 5530 vetusto
2446 5474 2572 5536 cod,
2608 5469 2841 5545 membr.
2867 5473 2991 5528 Vat.
3023 5472 3187 5539 1231,
3220 5469 3362 5545 p3;
3384 5481 3439 5530 nt

255 5489 308 5540 ε)
351 5489 386 5526 Ι.
419 5489 470 5528 Co
502 5489 801 5537 ιιυσεοειας
875 5489 932 5524 εν
963 5489 1079 5524 εστι
1124 5489 1355 5541 πΑηρης.

255 5543 303 5617 f)_
332 5541 397 5617 (ξε
421 5559 478 5598 ιιι
506 5542 696 5617 Matth.
723 5549 814 5599 ed.
835 5489 967 5598 ven.
1002 5540 1170 5607 1752,
1198 5559 1250 5612 p.
1281 5543 1370 5596 89.

1856 5489 1960 5543 ego
1995 5489 2099 5545 tegi
2127 5489 2182 5528 in
2205 5489 2422 5530 vetusto
2446 5489 2572 5536 cca,
2608 5489 2841 5528 memor.
2873 5489 2980 5528 vat.

1857 5545 2134 5617 editiones
2162 5545 2432 5617 mendose
2463 5545 2669 5617 habent
2710 5543 2980 5617 μέλγρας,

253 5612 310 5682 g)
351 5611 505 5686 lj‘ast.
539 5615 691 5686 law.
828 5683 838 5686 Α
1121 5681 1133 5686 _
1186 5611 1207 5686 ς
1270 5682 1280 5686 _
1452 5682 1465 5686 _
1539 5681 1551 5686 _
1871 5614 1995 5686 μυ)
2046 5613 2132 5686 Cf;
2178 5614 2352 5686 Cajet_.
2403 5624 2458 5670 et
2507 5611 2724 5670 Baron.‘
2761 5611 3080 5686 qui'eadem
3127 5621 3442 5672 senserunt.

253 5681 310 5753 9)
354 5684 510 5752 Quod
564 5683 912 5758 Sopbrnnius
946 5697 1041 5752 per
1088 5681 1148 5736 τὸ
1174 5682 1392 5746 ἀπόνως
1435 5681 1750 5740 declarave-

1883 5681 2011 5758 ιξιᾱλ
2051 5681 2270 5756 arma:
2306 5684 2444 5742 Crit.
2504 5685 2632 5741 hist.
2686 5681 2831 5742 sae}.
2885 5685 2942 5742 in
2991 5699 3116 5758 cap.
3143 5701 3228 5751 Ill,
3279 5701 3336 5743 v.
3379 5697 3435 5752 4,

159 5778 275 5820 rat.
642 5755 654 5758 ⁷
1772 5762 1773 5765 “
1866 5755 2056 5812 Matth.
