3964 6322
492 289 637 356 3813

1379 288 1441 351 8.
1477 284 1902 349 SOPHRONII
1940 276 2454 343 PATRIABCH/E
2482 277 2885 341 HIEROSOL.

3629 281 3776 345 38H

493 412 550 458 et
576 401 891 466 Dominum,
919 414 1081 472 quem
1121 397 1349 454 laudant
1371 397 1687 468 archangeli
1712 398 1735 449 ‘l
1767 397 1923 450 illum
1947 381 2076 464 ’ἱεί-

2208 389 2405 462 ἰύριον,
2455 389 2625 461 ὅνπερ
2657 388 2896 443 αἰνοῦσιν
2927 388 3176 459 ἀγγέλων
3204 390 3559 464 ταξιαρχίαι;
3598 395 3774 447 Αὐτὸν

496 502 587 546 ιιιι·
636 491 865 562 implora
924 505 1026 563 pro
1077 490 1280 561 populo
1346 487 1709 558 delinquenti,
1767 484 1932 557 Virgo
1997 485 2080 539 in-

500 593 690 655 nupta.
1276 598 1291 610 ‘

1020 672 1228 728 Floruit
1261 671 1549 725 desertum.

562 764 960 834 Cruciflgamus
1008 762 1254 818 membra
1302 776 1397 830 per
1432 754 1870 827 temperantiam:
1906 752 2080 809 sobrii

494 854 668 907 simus
694 852 765 906 ad
796 852 1092 913 orationes.
1133 861 1192 905 ut
1227 850 1489 918 scripluzu
1520 854 1625 907 est,
1662 852 1721 898 et
1755 842 1912 913 juxta
1962 857 2081 896 ves-

494 943 627 1014 tigia
678 943 928 997 vivamus
988 939 1247 1011 patientis
1294 937 1389 1006 qui
1435 934 1653 989 dolores
1686 929 1966 986 damnavit
2012 930 2079 984 ad

495 1040 729 1087 mortem
739 1072 753 1085 .

570 1122 919 1192 Exspucntes
977 1132 1222 1172 amarum
1279 1124 1581 1185 peccatum,
1627 1110 1950 1167 festinemus
1981 1122 2081 1163 vo-

496 1213 709 1267 luntate
747 1226 870 1281 quae
920 1212 1057 1263 iram
1083 1216 1305 1277 esperta
1343 1213 1430 1262 est
1472 1204 1827 1273 bene-placere
1858 1201 2081 1258 Christo

497 1303 593 1373 qui
655 1317 750 1373 per
803 1315 1022 1356 crucem
1095 1300 1358 1355 destruxit
1437 1296 1764 1367 principium
1836 1292 2080 1349 omnium

515 1392 810 1447 malorum.

566 1483 667 1539 Cui
717 1497 978 1540 assuesce
1035 1488 1322 1554 peccatum
1377 1478 1547 1533 trahit
1588 1491 1673 1531 me
1723 1475 1778 1530 in
1816 1474 2080 1544 integram

495 1574 713 1630 ruinam
743 1590 757 1626 :
802 1574 899 1630 sed
928 1583 987 1630 tu
1023 1589 1108 1629 me
1138 1573 1208 1626 ab
1235 1588 1296 1626 ea
1327 1584 1593 1641 praeserva
1629 1582 1724 1637 per
1758 1576 1903 1620 tuam
1954 1581 2081 1619 cru-

508 1680 651 1728 cem,
678 1666 917 1721 clemens
948 1664 1485 1721 misericordissime.

2179 477 2272 535 οὖν
2317 481 2620 535 ἐκδυσὼπει
2677 483 2816 553 ὑπὲρ
2865 481 2995 536 λαοῦ
3040 486 3471 556 ἡμαρτηκότος,
3523 488 3769 560 Παρθὲνε

2180 573 2445 645 άπειρόγα
2451 590 2540 644 με.

2604 663 2984 732 Ἐξήνθησεν
3020 665 3059 734 ἠ
3098 666 3339 737 ἕρημος.
3416 676 3419 679 “

2252 757 2667 828 Σταυρὼσωμεν
2708 757 2776 811 τὰ
2813 758 2949 830 μέλη
3002 756 3071 810 δι’
3096 760 3458 829 ἐγκρατείας
3503 761 3769 832 νήφωμεν

2181 849 2261 910 είς
2311 849 2640 920 προσευχὰς,
2670 848 2745 913 ὡς
2771 849 3102 919 γέγραπται,
3132 850 3224 902 καὶ
3268 853 3388 904 κατ’
3418 852 3568 924 ἴχνος
3618 853 3772 905 πολε-

2180 938 2501 1008 τευσὼμεοα
2538 938 2632 993 τοῦ
2676 938 2936 1002 παθόντος
2974 940 3068 993 καὶ
3106 939 3254 1012 πάθη
3295 941 3735 1006 θανατώσαντος.

2253 1103 2586 1174 Ἐμέσαντες
2633 1104 2732 1175 τὴν
2782 1104 3055 1178 ἐμπικρον
3102 1107 3402 1178 ἁμαρτίαν,
3438 1107 3770 1179 σπεύσωμεν

2181 1194 2259 1266 τῷ
2311 1195 2411 1268 τὴν
2471 1196 2633 1267 χολὴν
2695 1196 2963 1267 θελήματι
3020 1199 3343 1269 γευσαμένῳ
3397 1201 3771 1272 εὐαρεστῆσαι

2182 1286 2428 1358 Χριστῷ,
2466 1287 2544 1358 τῷ
2586 1286 2806 1358 σταυρῷ
2843 1287 3124 1342 καθελόντι
3156 1290 3249 1343 τὸν
3287 1291 3622 1361 ἀρχέκακον.

2251 1465 2549 1538 Συνήθειαν
2574 1466 2815 1520 λαϐοῦσα
2837 1468 2869 1537 ή
2891 1467 3137 1537 ἁμαρτία
3156 1466 3304 1521 ἕλκει
3326 1485 3395 1538 με
3421 1471 3504 1532 εἰς
3523 1471 3770 1541 παντελῆ

2182 1558 2459 1613 ἀπώλειαν
2474 1574 2489 1588 ·
2513 1558 2647 1612 ἀλλὰ
2670 1556 2734 1611 σύ
2764 1575 2831 1629 με
2852 1559 3054 1630 ταύτης
3078 1558 3422 1635 ὲκλύτρωσαι
3443 1561 3524 1632 τῷ
3546 1564 3771 1636 σταυρῷ

2185 1664 2303 1716 σου,
2332 1649 2653 1722 οἰκτίρμων,
2675 1642 2949 1705 πολυέλεε.

566 1756 775 1827 Regere
795 1772 988 1812 oumes
1010 1767 1190 1816 actus,
1218 1752 1446 1822 Regina,
1476 1764 1596 1819 quae
1618 1760 1796 1815 regem
1833 1743 2089 1813 genuisti,

2261 1738 2604 1802 Δεσπόζουσα
2622 1739 2877 1793 ἁπάντων
2891 1740 3001 1793 τῶν
3020 1740 3358 1811 ποιημάτων,
3388 1743 3677 1807 Δέσποινα,
3693 1744 3769 1807 ὡς

501 1849 771 1904 servitute
797 1849 967 1904 libera
993 1863 1080 1903 me
1109 1847 1282 1903 dolosi
1309 1845 1587 1913 soliusque
1610 1841 1884 1897 brllantis.

1062 2025 1314 2081 Caminus
1344 2023 1519 2077 modo.

571 2116 837 2174 Caminus
880 2114 1170 2171 libidinum
1217 2112 1513 2167 inflammat
1567 2108 1804 2167 animam
1849 2123 2025 2167 meam
2068 2126 2085 2164 :

502 2223 631 2263 rore
658 2215 839 2263 autem
887 2207 1280 2263 misericordiae
1322 2214 1427 2258 tum
1460 2206 1598 2258 hanc
1624 2203 1889 2274 refrigera
1926 2221 1940 2256 :
1978 2217 2086 2272 quo

508 2302 728 2355 volente
763 2300 1026 2354 salierunt
1056 2299 1207 2368 pacis
1250 2301 1423 2351 fontes
1454 2312 1519 2349 ex
1550 2295 1759 2349 intacto
1796 2295 1965 2350 latere
1991 2303 2086 2347 tuo

378 2398 381 2403 '
497 2388 721 2461 quando
746 2389 1042 2447 cruciﬁxus
1067 2405 1148 2454 es,
1183 2387 1447 2450 benefice,
1483 2400 1609 2439 cum
1664 2398 1858 2455 magna
1913 2383 2085 2437 humi-

500 2482 753 2536 liatione.

572 2572 846 2627 Extollens
878 2586 979 2624 nos
1023 2569 1091 2623 ad
1132 2567 1393 2622 malitiam
1444 2565 1741 2619 inclinatus
1788 2578 1883 2634 per
1932 2570 2081 2615 tuam

501 2664 556 2717 iu
600 2677 765 2717 cruce
818 2661 1171 2723 erectionem,
1206 2657 1462 2711 Christe:
1492 2656 1635 2710 unde
1666 2655 1959 2723 jacientem
1995 2667 2081 2706 me

498 2763 722 2822 peci-ata
752 2752 805 2804 in
836 2752 1092 2819 abyssum
1130 2747 1297 2801 reduc
1333 2755 1387 2801 ct
1415 2746 1647 2812 sustine,
1680 2755 1830 2814 petra
1864 2743 2079 2806 salutis,

498 2858 555 2897 ut
590 2840 888 2910 glorificent
930 2838 1226 2908 potentiam
1259 2845 1431 2890 tuam.

572 2933 672 2985 Per
719 2931 960 2982 lanceam
1015 2934 1189 2989 tuam,
1238 2928 1478 2990 Christe,
1531 2925 1815 2980 libidinum
1876 2940 2073 2981 corru-

501 3025 740 3091 ptionem
780 3033 1019 3089 espurga
1046 3017 1113 3072 de
1141 3016 1306 3072 corde
1340 3033 1483 3082 meo,
1516 3018 1900 3089 integrumque
1928 3035 2081 3073 sauc-

2190 1826 2284 1881 τὸν
2324 1828 2599 1897 Δεσπότην
2638 1830 2859 1895 τέξασα,
2887 1830 2987 1899 τῆς
3023 1830 3267 1895 δουλείας
3300 1850 3368 1902 με
3401 1833 3770 1901 ἑλευθέρωσον

2189 1920 2496 1987 τοῦ,δολίου
2535 1922 2629 1974 καὶ
2671 1924 2831 1991 μόνου
2872 1924 3266 1994 πολεμήτορος.

2746 2013 3008 2083 Κάμινός
3045 2031 3210 2069 ποτε.

2260 2106 2505 2177 Κάμινος
2533 2106 2721 2158 παθῶν
2755 2106 2997 2174 φλογίζει
3027 2107 3121 2178 τὴν
3151 2107 3328 2178 ψυχήν
3360 2122 3495 2177 μου·
3529 2108 3666 2161 ἀλλὰ
3701 2111 3765 2179 τῇ

2188 2195 2365 2266 δρόσῳ
2393 2194 2485 2249 τοῦ
2520 2196 2702 2258 ἐλέους
2727 2213 2819 2249 σου
2852 2197 3053 2265 ταύτην
3075 2198 3465 2267 καταμὰρανον
3485 2215 3502 2231 ο
3524 2199 3556 2250 δ
3583 2202 3768 2269 πηγά-

2193 2303 2292 2348 σας
2336 2286 2607 2351 ἀπαθείας
2657 2289 2916 2359 κρουνοὺς
2970 2288 3208 2357 πλευρᾶς
3252 2287 3312 2353 ἐξ
3357 2288 3645 2359 ἀκηράτου
3674 2305 3767 2341 σου

2193 2377 2423 2448 σταυροῦ
2433 2395 2614 2449 μενος,
2648 2378 2930 2453 εὐεργέτα,
2959 2378 3047 2433 διὰ
3072 2380 3270 2452 πολλὴν
3298 2380 3729 2449 συγκατάϐασιν.

2261 2558 2525 2629 ’Υψωσας
2559 2561 2706 2632 ἡμᾶς
2740 2562 3003 2626 πεσόντας
3023 2564 3104 2626 είς
3130 2562 3350 2630 κακίαν,
3369 2566 3435 2635 τῇ
3462 2566 3521 2618 έν
3546 2564 3767 2635 σταυρῷ

2191 2664 2284 2701 σου
2314 2648 2605 2718 ἀνυψὼσει,
2630 2653 2851 2721 Χριστέ·
2875 2652 2997 2706 ὅθεν
3019 2652 3378 2724 όλισθήσαντα
3395 2656 3674 2726 ἁμαρτίας
3697 2670 3765 2724 με

2189 2739 2268 2802 εἰς
2304 2739 2571 2811 βάραθρα,
2600 2743 2842 2811 ἀνάγαγε
2875 2744 2968 2797 καὶ
3004 2744 3276 2815 στήριξον,
3306 2746 3483 2817 πέτρα
3513 2747 3616 2817 τῆς
3662 2763 3767 2799 σω-

2188 2830 2408 2901 τηρίας,
2449 2833 2597 2895 ὅπως
2634 2831 2841 2898 δοξάζω
2880 2835 2940 2887 τὸ
2976 2836 3176 2905 κράτος
3214 2852 3331 2894 σου.

2258 2924 2443 2996 Λόγχῃ
2466 2941 2581 2989 σου,
2604 2926 2824 2997 Χριστὲ,
2854 2925 3041 2981 παθῶν
3066 2926 3164 2998 τὴν
3191 2928 3456 2999 σηπεδόνα
3480 2929 3765 2985 ἀποκαθά-

2191 3029 2289 3083 ρας
2321 3016 2419 3083 τῆς
2448 3017 2675 3087 καρδίας
2712 3035 2815 3087 μου
2841 3058 2856 3082 ,
2888 3011 3007 3072 ὅλον
3056 3018 3413 3088 καθαγίασον,
3462 3021 3524 3075 δν
3568 3023 3598 3075 ὁ
3643 3024 3765 3091 by;

497 3112 643 3165 tilica
678 3111 823 3180 quod
857 3124 1085 3178 serpens
1129 3110 1435 3161 vulneravit
1469 3109 1727 3164 dentibus
1766 3110 2069 3164 venenatis:

2208 3108 2583 3177 ;τραυμάτισ·εν
2608 3109 2816 3163 ὀδοῦσιν
2848 3110 3073 3175 ίοϐόλοις
3094 3127 3108 3141 ·
3137 3113 3231 3165 καὶ
3258 3112 3400 3166 δίδου
3428 3130 3522 3184 μοι
3551 3115 3764 3168 ἀκωλύ-

496 3212 554 3257 et
588 3200 829 3256 concede
882 3199 1013 3253 mihi
1066 3197 1272 3267 absque
1314 3198 1703 3270 impedimento
1752 3215 1847 3268 per
1878 3200 2088 3255 divinas

2208 3210 2296 3256 τως
2335 3196 2483 3259 θείας
2522 3198 2658 3270 πρὸς
2695 3198 2915 3268 τρίϐους
2953 3198 3303 3271 πορεύεσθαι.

500 3291 621 3345 vias
652 3290 962 3344 ambulare.

569 3381 646 3435 'l‘e
676 3381 967 3452 fulgentem
996 3380 1300 3452 lampadem
1328 3388 1382 3434 ct
1411 3379 1829 3445 carbunculum,
1866 3380 1919 3434 in
1977 3396 2085 3451 qua

501 3472 644 3542 ignis
679 3472 983 3528 divinitatis
1041 3471 1293 3537 residens
1328 3471 1654 3529 illuminavit
1685 3487 1976 3544 percussos
2007 3472 2088 3526 ui-

484 3578 598 3632 ,ειτι
655 3563 1041 3633 corruptione,
1084 3563 1427 3624 intemerata,
1496 3577 1825 3617 veneramur
1880 3578 2084 3619 omnes

502 3652 906 3721 benedicentes,
958 3654 1244 3709 benedicta
1294 3661 1517 3723 pr0pter
1569 3653 1809 3708 fructum
1871 3655 2081 3710 ventris

505 3743 607 3798 tui.

1023 3853 1235 3911 (Eterm'
1281 3856 1539 3926 parentis.

580 3944 717 4000 Cum
764 3944 1060 4016 splendore
1096 3952 1189 4018 qui
1221 3950 1393 4006 solem
1422 3957 1666 4018 supcrat.
1712 3948 1783 4004 ob
1811 3946 2084 4019 jejunium

499 4034 738 4105 fulgens,
770 4038 944 4107 gratia
976 4037 1389 4109 fulgentissima
1437 4040 1779 4111 evangelizat
1825 4042 2085 4097 omnibus

499 4127 691 4181 erucis
739 4129 940 4195 radios,
976 4137 1033 4184 et
1082 4143 1340 4184 auroram
1396 4132 1729 4188 venerabilis
1773 4131 2081 4203 passionis,

495 4225 554 4272 et
583 4220 1007 4276 resurrectionis
1030 4220 1175 4275 diem
1195 4221 1516 4276 salutarem.

577 4307 904 4363 Castitatem
959 4318 1233 4381 optemus,
1306 4299 2078 4386 impudicitiamkfugiamus,

2258 3377 2326 3429 Σὲ
2353 3376 2451 3447 τὴν
2481 3379 2705 3449 φαεινὴν
2734 3377 2991 3448 λαμπάδα
3024 3380 3118 3433 καὶ
3145 3379 3385 3451 λυχνίαν,
3415 3384 3474 3435 έν
3566 3383 3628 3436 τὺ
3655 3383 3768 3453 πῦρ

2187 3465 2250 3518 τὸ
2295 3466 2393 3535 τῆς
2441 3467 2715 3537 θεότητος,
2747 3470 2973 3538 οἰκῆσαν
3006 3469 3240 3539 ἐφώτισε
3296 3473 3423 3535 τούς
3466 3473 3768 3527 νυκτοειδεί

2190 3558 2549 3625 συσχεθέντας
2577 3559 2774 3632 φθορᾷ,
2825 3561 3081 3633 ἀμίαντε,
3127 3562 3477 3634 γεραίρωμεν
3524 3565 3766 3630 ἅπαντες

2188 3646 2558 3715 εὐλογοῦντες,
2599 3649 2940 3722 εὐλογημένη
2978 3650 3070 3704 τὸν
3106 3650 3265 3704 τόκον
3305 3667 3419 3704 σου.

2624 3845 2919 3918 Ἀνάρχου
2962 3846 3337 3918 γεννιὴορος.

2273 3934 2454 3989 Ἠλίου
2487 3937 2863 4009 φαιδρότερον,
2891 3938 3147 4009 νηστείας
3178 3936 3566 4008 ἀναλάμψαςα,
3596 3941 3629 4009 ἠ
3664 3958 3767 3993 πο-

2186 4026 2431 4097 λύφωτος
2464 4031 2646 4101 χάρις,
2674 4030 3083 4100 εὐαγγελίζεται
3113 4033 3249 4085 πᾶσι
3277 4030 3372 4084 τοῦ
3405 4032 3639 4104 σταυροῦ
3663 4034 3765 4098 τὰς

2186 4121 2436 4187 ἀκτῖνας,
2469 4122 2565 4175 καὶ
2595 4124 2694 4187 τὰς
2730 4123 2905 4191 αὐγὰς
2936 4122 3031 4177 τοῦ
3062 4123 3247 4194 τιμίου
3277 4123 3505 4191 πάθους,
3537 4125 3633 4178 καὶ
3661 4125 3763 4194 τῆς

2188 4212 2543 4277 ἀναστάσεως
2580 4215 2679 4284 τὴν
2716 4214 2930 4286 ἡμέραν
2965 4215 3065 4285 τὴν
3106 4217 3399 4287 σωτήριον.

2265 4305 2519 4374 Ἀγνείαν
2547 4306 2876 4378 ποθήσωμεν
2897 4346 2915 4372 ,
2946 4307 3202 4377 πορνείαν
3229 4306 3634 4379 ἀποφύγωμεν,
3661 4310 3763 4387 τίεν

496 4400 899 4469 praecingamus
930 4416 1090 4456 renes
1121 4404 1504 4471 temperantia,
1542 4415 1601 4460 ut
1644 4406 1765 4475 puri
1812 4421 2079 4476 apparea-

2208 4398 2355 4466 σφύν
2419 4398 2744 4471 σοφρωσύνῃ
2806 4398 3283 4469 περιζωσὼμεθα,
3337 4399 3487 4462 ὅπως
3533 4400 3763 4471 καθαροὶ

499 4504 625 4545 mus
655 4499 781 4544 ante
803 4505 1000 4561 purum
1036 4499 1091 4547 et
1111 4494 1453 4555 solummodo
1473 4499 1839 4568 requirentem
1866 4501 1935 4554 ab
1956 4516 2078 4556 om-

498 4583 663 4638 nibus
697 4583 1012 4653 puritatem.
1037 4582 1374 4643 Salvatorem
1400 4591 1709 4645 animarum
1741 4601 2076 4650 nostrarum.

569 4674 810 4737 Christe,
865 4676 1067 4729 timore
1125 4685 1221 4731 tuo
1256 4680 1470 4751 conlige
1509 4697 1706 4737 carnes
1742 4697 1893 4739 meas
1924 4701 1939 4738 :
1983 4684 2079 4754 qui

495 4765 651 4821 cruci
700 4771 980 4835 peceatum
1024 4765 1214 4822 Adami
1274 4769 1570 4836 conlisisti,
1611 4773 1762 4828 solve
1808 4776 2075 4829 malorum

496 4871 741 4912 nieorum
764 4857 1067 4924 vinculum,
1099 4859 1227 4914 mali
1263 4860 1549 4933 confringe
1595 4864 1702 4918 tela
1740 4864 1928 4921 lancea
1960 4876 2072 4933 tua,

497 4945 747 5010 Domine.
771 4954 828 5001 et
852 4947 923 5002 ab
950 4946 1042 5002 illa
1068 4948 1383 5008 calamitate
1415 4952 1586 5008 libera
1611 4970 1718 5010 me.

562 5119 811 5176 Judiecm
849 5123 1230 5193 aquissimum
1260 5134 1316 5181 et
1348 5127 1526 5183 solum
1565 5131 2073 5200 clementissimum,

496 5211 680 5284 Virgo,
721 5228 843 5284 qua
868 5214 1106 5285 genuisti
1134 5217 1411 5274 Christum
1440 5219 1750 5288 Dominum,
1779 5223 1982 5289 Puella,
2018 5224 2077 5277 li-

490 5307 620 5361 bera
680 5320 767 5360 me
807 5320 838 5359 a
891 5305 1245 5364 damnatione
1309 5319 1365 5366 et
1401 5313 1526 5383 igne
1583 5328 1648 5369 ac
1696 5316 1954 5380 vindicta,
2015 5323 2073 5370 tu

488 5398 650 5470 cujus
683 5396 896 5454 fructus
919 5409 1145 5470 peccata
1177 5417 1296 5458 mea
1330 5408 1597 5476 suscepit.
1668 5460 1671 5463 γ

1001 5490 1226 5560 Sapiens
1258 5494 1571 5565 iue/fabilis.

558 5578 664 5647 Qui
710 5590 769 5635 ut
797 5587 947 5636 astra
997 5582 1053 5637 in
1100 5598 1323 5655 θροεωο
1359 5588 1663 5659 discipulos
1700 5589 1754 5644 in
1805 5591 2071 5661 praedica-

492 5672 642 5728 tione
677 5674 990 5742 ostendisti,
1024 5674 1262 5732 Verbum
1320 5678 1433 5746 Dei,
1484 5682 1648 5736 corda
1700 5693 1888 5738 nostra
1946 5684 2074 5738 illu-

2181 4490 2513 4562 ὲποφθῶμεν
2560 4490 2640 4562 τῷ
2689 4491 2916 4565 καθαρῷ
2950 4493 3045 4547 καὶ
3076 4492 3239 4563 μόνον
3288 4493 3355 4546 ὲκ
3399 4492 3615 4546 πάντων
3660 4493 3760 4563 ξηο

2180 4584 2360 4639 τοῦντι
2395 4587 2496 4656 τὴν
2532 4584 2819 4656 κάθαρσιν,
2848 4583 2926 4656 τῷ
2947 4584 3161 4656 Σωτῆρι
3197 4585 3308 4639 τῶν
3343 4585 3531 4655 ψυχῶν
3569 4587 3750 4657 ἡμῶν.

2248 4676 2471 4747 Χριστὲ,
2518 4677 2584 4730 ὲκ
2603 4675 2697 4729 τοῦ
2729 4675 2896 4746 φόϐου
2939 4693 3033 4729 σου
3068 4676 3389 4749 καθήλωσον
3418 4677 3519 4741 τὰς
3550 4677 3759 4748 σάρκας

2180 4786 2285 4840 μου
2306 4785 2321 4802 ι
2374 4770 2405 4823 ό
2456 4767 2676 4839 σταυρῷ
2706 4767 3069 4841 προσηλώσας
3109 4768 3210 4841 τὴν
3250 4770 3529 4843 ἁμαρτίαν
3564 4771 3755 4843 Ἀδὰμ,

2177 4858 2338 4912 λῦσον
2371 4858 2481 4914 τῶν
2510 4859 2699 4914 κακῶν
2729 4877 2833 4931 μου
2867 4860 2967 4930 τὴν
3011 4859 3178 4927 δέσιν,
3211 4859 3307 4914 τοῦ
3345 4860 3595 4932 Πονηροῦ
3635 4861 3759 4914 σῦν-

2176 4950 2367 5022 τριψον
2394 4950 2464 5004 τὰ
2492 4951 2619 5023 βέλη
2649 4954 2717 5023 τῇ
2746 4951 2913 5023 λόγχῃ
2944 4969 3060 5020 σου,
3084 4953 3351 5019 Δέσποτα,
3381 4954 3480 5008 καὶ
3503 4955 3602 5026 τῆς
3631 4956 3754 5009 τοῦ,

2175 5056 2269 5093 του
2307 5040 2511 5112 βλάϐης
2550 5042 2712 5112 ῥῦσαί
2752 5058 2843 5111 με.

2245 5134 2455 5206 Κριτὴν
2480 5134 2820 5189 δικαιότατον
2848 5133 2944 5189 καὶ
2974 5134 3137 5206 μόνον
3169 5134 3574 5202 εὐδιάλλακτον,
3604 5135 3639 5207 ἡ
3667 5152 3755 5188 τε·

2176 5224 2366 5290 κοῦσα,
2401 5224 2666 5296 Παρθένι,
2693 5226 2930 5298 Χριστὸν
2961 5228 3185 5298 Κύριον,
3215 5226 3378 5298 ῥῦσαί
3402 5244 3472 5298 με
3498 5227 3595 5298 τῆς
3638 5227 3756 5297 κρί-
3850 5248 3860 5256 ·

2175 5332 2333 5381 σεως,
2369 5317 2544 5389 Κόρη,
2565 5319 2659 5372 καὶ
2683 5318 2776 5372 τοῦ
2804 5319 2976 5389 πυρὸς
3009 5319 3103 5395 κα).
3126 5319 3224 5391 τῆς
3247 5321 3545 5391 τιμωρίας,
3563 5314 3632 5392 ἦς
3660 5337 3752 5389 μοι

2174 5409 2536 5481 προεξένησεν
2574 5411 2849 5483 ἁμαρτίας
2893 5412 2925 5481 ἡ
2964 5411 3288 5475 ἀπόλαυσις.

2580 5502 2633 5555 '9
2671 5506 2936 5572 σοφίσας
2966 5504 3119 5570 ὑπὲρ
3149 5504 3359 5571 ῥητόν.

2256 5592 2314 5643 '0
2340 5594 2635 5663 φωστῆρας
2663 5594 2720 5647 ὲν
2746 5596 2855 5656 τοῖς
2881 5594 3080 5664 πέρασι
3105 5594 3231 5657 τοὺς
3259 5593 3511 5665 μαθητας
3541 5592 3748 5647 ἀναδεξ-

2177 5685 2269 5750 ξας
2326 5686 2403 5756 τῷ
2454 5686 2787 5758 κηρύγματι,
2812 5684 2948 5754 Mys
2997 5685 3155 5753 Θεοῦ,
3188 5685 3286 5749 τὰς
3327 5684 3553 5755 καρδίας
3592 5684 3747 5755 ἡμῶν
3812 5707 3817 5710 ·
