  <div class='ocr_page' id='page_1' title='image "/cluster/home/n/w/nwhite01/storage/ocr_20150623/87 pars.3/pst.000005712915/538.png"; bbox 0 0 3898 6320; ppageno 0'>
   <div class='ocr_carea' id='block_1_1' title="bbox 211 255 365 321">
    <p class='ocr_par' dir='ltr' id='par_1_1' title="bbox 211 255 365 321">
     <span class='ocr_line' id='line_1_1' title="bbox 211 255 365 321; baseline -0.045 0"><span class='ocrx_word' id='word_1_1' title='bbox 211 255 365 321; x_wconf 70' lang='grc'><strong>3845</strong></span> 
     </span>
    </p>
   </div>
   <div class='ocr_carea' id='block_1_2' title="bbox 1649 247 2058 314">
    <p class='ocr_par' dir='ltr' id='par_1_2' title="bbox 1649 247 2058 314">
     <span class='ocr_line' id='line_1_2' title="bbox 1649 247 2058 314; baseline -0.007 0"><span class='ocrx_word' id='word_1_2' title='bbox 1649 247 2058 314; x_wconf 75' lang='lat' dir='ltr'><strong>TRIODIUM.</strong></span> 
     </span>
    </p>
   </div>
   <div class='ocr_carea' id='block_1_3' title="bbox 3317 240 3456 307">
    <p class='ocr_par' dir='ltr' id='par_1_3' title="bbox 3317 240 3456 307">
     <span class='ocr_line' id='line_1_3' title="bbox 3317 240 3456 307; baseline 0 0"><span class='ocrx_word' id='word_1_3' title='bbox 3317 240 3456 307; x_wconf 61' lang='grc' dir='ltr'><strong>Μ</strong></span> 
     </span>
    </p>
   </div>
   <div class='ocr_carea' id='block_1_4' title="bbox 210 352 1816 438">
    <p class='ocr_par' dir='ltr' id='par_1_4' title="bbox 210 363 1801 438">
     <span class='ocr_line' id='line_1_4' title="bbox 210 363 1801 438; baseline -0.002 -22"><span class='ocrx_word' id='word_1_4' title='bbox 210 365 453 432; x_wconf 66' lang='grc' dir='ltr'>φὼτισον</span> <span class='ocrx_word' id='word_1_5' title='bbox 494 363 636 438; x_wconf 61' lang='grc' dir='ltr'>φωτὶ</span> <span class='ocrx_word' id='word_1_6' title='bbox 670 365 899 435; x_wconf 82' lang='grc' dir='ltr'><strong>ἀρετῶν,</strong></span> <span class='ocrx_word' id='word_1_7' title='bbox 932 364 1029 418; x_wconf 80' lang='grc' dir='ltr'>καὶ</span> <span class='ocrx_word' id='word_1_8' title='bbox 1070 363 1295 437; x_wconf 77' lang='grc' dir='ltr'><strong>νηστείᾳ</strong></span> <span class='ocrx_word' id='word_1_9' title='bbox 1339 363 1598 436; x_wconf 85' lang='grc' dir='ltr'>κάθαρον,</span> <span class='ocrx_word' id='word_1_10' title='bbox 1630 363 1801 422; x_wconf 81' lang='grc' dir='ltr'>διδοὺς</span> 
     </span>
    </p>
   </div>
   <div class='ocr_carea' id='block_1_5' title="bbox 1948 352 3463 438">
    <p class='ocr_par' dir='ltr' id='par_1_5' title="bbox 1948 352 3463 432">
     <span class='ocr_line' id='line_1_5' title="bbox 1948 352 3463 432; baseline -0.004 -20"><span class='ocrx_word' id='word_1_11' title='bbox 1948 360 2048 413; x_wconf 63' lang='lat' dir='ltr'><strong>lina</strong></span> <span class='ocrx_word' id='word_1_12' title='bbox 2095 359 2303 432; x_wconf 73' lang='lat' dir='ltr'><strong>fulgore</strong></span> <span class='ocrx_word' id='word_1_13' title='bbox 2344 360 2626 421; x_wconf 82' lang='lat' dir='ltr'><strong>virtutum,</strong></span> <span class='ocrx_word' id='word_1_14' title='bbox 2668 366 2724 413; x_wconf 90' lang='lat' dir='ltr'><strong>et</strong></span> <span class='ocrx_word' id='word_1_15' title='bbox 2746 353 2960 428; x_wconf 80' lang='lat' dir='ltr'><strong>jejunio</strong></span> <span class='ocrx_word' id='word_1_16' title='bbox 2988 352 3241 427; x_wconf 79' lang='lat' dir='ltr'><strong>puriﬁca,</strong></span> <span class='ocrx_word' id='word_1_17' title='bbox 3263 366 3463 408; x_wconf 77' lang='lat' dir='ltr'><strong>conoe-</strong></span> 
     </span>
    </p>
   </div>
   <div class='ocr_carea' id='block_1_6' title="bbox 214 450 1800 524">
    <p class='ocr_par' dir='ltr' id='par_1_6' title="bbox 214 450 1800 524">
     <span class='ocr_line' id='line_1_6' title="bbox 214 450 1800 524; baseline -0.001 -19"><span class='ocrx_word' id='word_1_18' title='bbox 214 462 506 522; x_wconf 77' lang='grc' dir='ltr'>μετᾱνοιαν</span> <span class='ocrx_word' id='word_1_19' title='bbox 536 455 873 524; x_wconf 67' lang='grc' dir='ltr'>ἐπιστροφῆς</span> <span class='ocrx_word' id='word_1_20' title='bbox 901 455 1017 516; x_wconf 84' lang='grc' dir='ltr'>τοῖς</span> <span class='ocrx_word' id='word_1_21' title='bbox 1042 452 1253 516; x_wconf 89' lang='grc' dir='ltr'>δούλοις</span> <span class='ocrx_word' id='word_1_22' title='bbox 1282 468 1402 516; x_wconf 91' lang='grc' dir='ltr'>σου,</span> <span class='ocrx_word' id='word_1_23' title='bbox 1431 454 1511 516; x_wconf 85' lang='grc' dir='ltr'><strong>είς</strong></span> <span class='ocrx_word' id='word_1_24' title='bbox 1542 451 1606 505; x_wconf 77' lang='grc' dir='ltr'><strong>τὸ</strong></span> <span class='ocrx_word' id='word_1_25' title='bbox 1646 450 1800 514; x_wconf 77' lang='grc' dir='ltr'>δοξά-</span> 
     </span>
    </p>
   </div>
   <div class='ocr_carea' id='block_1_7' title="bbox 210 542 1432 616">
    <p class='ocr_par' dir='ltr' id='par_1_7' title="bbox 210 542 1432 616">
     <span class='ocr_line' id='line_1_7' title="bbox 210 542 1432 616; baseline -0.002 -19"><span class='ocrx_word' id='word_1_26' title='bbox 210 545 331 606; x_wconf 76' lang='grc' dir='ltr'>ζειν</span> <span class='ocrx_word' id='word_1_27' title='bbox 370 563 462 609; x_wconf 85' lang='grc' dir='ltr'><strong>σε,</strong></span> <span class='ocrx_word' id='word_1_28' title='bbox 498 547 528 599; x_wconf 84' lang='grc' dir='ltr'><strong>ό</strong></span> <span class='ocrx_word' id='word_1_29' title='bbox 567 545 728 616; x_wconf 82' lang='grc' dir='ltr'>μόνος</span> <span class='ocrx_word' id='word_1_30' title='bbox 765 544 1049 614; x_wconf 81' lang='grc' dir='ltr'><strong>ὑπάρχων,</strong></span> <span class='ocrx_word' id='word_1_31' title='bbox 1091 542 1432 612; x_wconf 80' lang='grc' dir='ltr'>ὑπεράγαθε.</span> 
     </span>
    </p>
   </div>
   <div class='ocr_carea' id='block_1_8' title="bbox 607 652 1422 724">
    <p class='ocr_par' dir='ltr' id='par_1_8' title="bbox 607 652 1422 724">
     <span class='ocr_line' id='line_1_8' title="bbox 607 652 1422 724; baseline -0.004 -17"><span class='ocrx_word' id='word_1_32' title='bbox 607 653 950 724; x_wconf 72' lang='grc' dir='ltr'>Ἑλήλυθας</span> <span class='ocrx_word' id='word_1_33' title='bbox 986 653 1055 706; x_wconf 84' lang='grc' dir='ltr'>ἐκ</span> <span class='ocrx_word' id='word_1_34' title='bbox 1092 652 1422 721; x_wconf 74' lang='grc' dir='ltr'><strong>Παρθένου.</strong></span> 
     </span>
    </p>
   </div>
   <div class='ocr_carea' id='block_1_9' title="bbox 289 742 1803 816">
    <p class='ocr_par' dir='ltr' id='par_1_9' title="bbox 289 742 1803 816">
     <span class='ocr_line' id='line_1_9' title="bbox 289 742 1803 816; baseline -0.001 -18"><span class='ocrx_word' id='word_1_35' title='bbox 289 745 646 816; x_wconf 77' lang='grc' dir='ltr'>Ἐγκρατείας</span> <span class='ocrx_word' id='word_1_36' title='bbox 676 745 776 809; x_wconf 83' lang='grc' dir='ltr'><strong>τὰς</strong></span> <span class='ocrx_word' id='word_1_37' title='bbox 803 745 977 813; x_wconf 79' lang='grc' dir='ltr'>αὑτὰς</span> <span class='ocrx_word' id='word_1_38' title='bbox 1007 743 1268 814; x_wconf 80' lang='grc' dir='ltr'><strong>δεχομένη</strong></span> <span class='ocrx_word' id='word_1_39' title='bbox 1300 742 1671 816; x_wconf 76' lang='grc' dir='ltr'>ἀστράφθητι,</span> <span class='ocrx_word' id='word_1_40' title='bbox 1699 744 1803 815; x_wconf 79' lang='grc' dir='ltr'><strong>ψυ-</strong></span> 
     </span>
    </p>
   </div>
   <div class='ocr_carea' id='block_1_10' title="bbox 219 832 1802 907">
    <p class='ocr_par' dir='ltr' id='par_1_10' title="bbox 219 832 1802 907">
     <span class='ocr_line' id='line_1_10' title="bbox 219 832 1802 907; baseline -0.001 -17"><span class='ocrx_word' id='word_1_41' title='bbox 219 838 319 907; x_wconf 73' lang='grc' dir='ltr'>χὴ,</span> <span class='ocrx_word' id='word_1_42' title='bbox 348 838 442 890; x_wconf 80' lang='grc' dir='ltr'><strong>καὶ</strong></span> <span class='ocrx_word' id='word_1_43' title='bbox 470 837 720 906; x_wconf 77' lang='grc' dir='ltr'>ἀπόφυγε</span> <span class='ocrx_word' id='word_1_44' title='bbox 769 836 871 906; x_wconf 79' lang='grc' dir='ltr'>τῆς</span> <span class='ocrx_word' id='word_1_45' title='bbox 917 835 1189 906; x_wconf 80' lang='grc' dir='ltr'>ἁμαρτίας</span> <span class='ocrx_word' id='word_1_46' title='bbox 1219 833 1319 904; x_wconf 77' lang='grc' dir='ltr'><strong>τὴν</strong></span> <span class='ocrx_word' id='word_1_47' title='bbox 1364 832 1623 904; x_wconf 77' lang='grc' dir='ltr'>ζόφωσιν,</span> <span class='ocrx_word' id='word_1_48' title='bbox 1654 836 1802 898; x_wconf 74' lang='grc' dir='ltr'>ὅπως</span> 
     </span>
    </p>
   </div>
   <div class='ocr_carea' id='block_1_11' title="bbox 211 925 1800 999">
    <p class='ocr_par' dir='ltr' id='par_1_11' title="bbox 211 925 1800 999">
     <span class='ocr_line' id='line_1_11' title="bbox 211 925 1800 999; baseline 0 -17"><span class='ocrx_word' id='word_1_49' title='bbox 211 928 476 999; x_wconf 74' lang='grc' dir='ltr'><strong>ἀνατείλῃ</strong></span> <span class='ocrx_word' id='word_1_50' title='bbox 516 942 600 980; x_wconf 81' lang='grc' dir='ltr'><strong>σοι</strong></span> <span class='ocrx_word' id='word_1_51' title='bbox 638 928 673 999; x_wconf 78' lang='grc' dir='ltr'><strong>ἡ</strong></span> <span class='ocrx_word' id='word_1_52' title='bbox 707 927 811 996; x_wconf 83' lang='grc' dir='ltr'><strong>τῆς</strong></span> <span class='ocrx_word' id='word_1_53' title='bbox 849 927 1095 996; x_wconf 74' lang='grc' dir='ltr'>ἀφέσεως</span> <span class='ocrx_word' id='word_1_54' title='bbox 1132 925 1298 995; x_wconf 69' lang='grc' dir='ltr'>αἴγλη</span> <span class='ocrx_word' id='word_1_55' title='bbox 1335 926 1464 995; x_wconf 85' lang='grc' dir='ltr'>θείῳ</span> <span class='ocrx_word' id='word_1_56' title='bbox 1502 927 1800 999; x_wconf 82' lang='grc' dir='ltr'>Πνεύματι.</span> 
     </span>
    </p>
   </div>
   <div class='ocr_carea' id='block_1_12' title="bbox 292 1015 1804 1088">
    <p class='ocr_par' dir='ltr' id='par_1_12' title="bbox 292 1015 1804 1088">
     <span class='ocr_line' id='line_1_12' title="bbox 292 1015 1804 1088; baseline 0.001 -18"><span class='ocrx_word' id='word_1_57' title='bbox 292 1019 350 1070; x_wconf 81' lang='grc' dir='ltr'><strong>’Δ</strong></span> <span class='ocrx_word' id='word_1_58' title='bbox 362 1018 604 1087; x_wconf 76' lang='grc' dir='ltr'>γκίστρῳ</span> <span class='ocrx_word' id='word_1_59' title='bbox 633 1033 700 1087; x_wconf 89' lang='grc' dir='ltr'><strong>με</strong></span> <span class='ocrx_word' id='word_1_60' title='bbox 733 1015 927 1087; x_wconf 77' lang='grc' dir='ltr'>ἡδονῆς</span> <span class='ocrx_word' id='word_1_61' title='bbox 970 1015 1227 1080; x_wconf 77' lang='grc' dir='ltr'><strong>δελεάσας</strong></span> <span class='ocrx_word' id='word_1_62' title='bbox 1251 1017 1280 1069; x_wconf 84' lang='grc' dir='ltr'><strong>ὁ</strong></span> <span class='ocrx_word' id='word_1_63' title='bbox 1309 1017 1480 1082; x_wconf 81' lang='grc' dir='ltr'><strong>δόλιος</strong></span> <span class='ocrx_word' id='word_1_64' title='bbox 1518 1018 1804 1088; x_wconf 72' lang='grc' dir='ltr'>αἰχμάλω-</span> 
     </span>
    </p>
   </div>
   <div class='ocr_carea' id='block_1_13' title="bbox 214 1104 1805 1178">
    <p class='ocr_par' dir='ltr' id='par_1_13' title="bbox 214 1104 1805 1178">
     <span class='ocr_line' id='line_1_13' title="bbox 214 1104 1805 1178; baseline 0.001 -20"><span class='ocrx_word' id='word_1_65' title='bbox 214 1123 314 1158; x_wconf 84' lang='grc' dir='ltr'><strong>τον</strong></span> <span class='ocrx_word' id='word_1_66' title='bbox 346 1105 538 1157; x_wconf 77' lang='grc' dir='ltr'>ἐλαϐεν</span> <span class='ocrx_word' id='word_1_67' title='bbox 559 1121 574 1136; x_wconf 78' lang='grc' dir='ltr'><strong><em>ο</em></strong></span> <span class='ocrx_word' id='word_1_68' title='bbox 604 1104 722 1158; x_wconf 87' lang='grc' dir='ltr'>ἀλλ’</span> <span class='ocrx_word' id='word_1_69' title='bbox 755 1105 805 1157; x_wconf 87' lang='grc' dir='ltr'>οἱ</span> <span class='ocrx_word' id='word_1_70' title='bbox 838 1105 931 1158; x_wconf 80' lang='grc' dir='ltr'><strong>τὸν</strong></span> <span class='ocrx_word' id='word_1_71' title='bbox 955 1104 1162 1173; x_wconf 83' lang='grc' dir='ltr'>κόσμον</span> <span class='ocrx_word' id='word_1_72' title='bbox 1189 1105 1477 1159; x_wconf 72' lang='grc' dir='ltr'>ἀπόστολοι</span> <span class='ocrx_word' id='word_1_73' title='bbox 1519 1106 1665 1178; x_wconf 84' lang='grc' dir='ltr'>λόγῳ</span> <span class='ocrx_word' id='word_1_74' title='bbox 1707 1123 1805 1160; x_wconf 88' lang='grc' dir='ltr'>σα-</span> 
     </span>
    </p>
   </div>
   <div class='ocr_carea' id='block_1_14' title="bbox 213 1194 1755 1269">
    <p class='ocr_par' dir='ltr' id='par_1_14' title="bbox 213 1194 1755 1269">
     <span class='ocr_line' id='line_1_14' title="bbox 213 1194 1755 1269; baseline 0.003 -22"><span class='ocrx_word' id='word_1_75' title='bbox 213 1196 606 1269; x_wconf 83' lang='grc' dir='ltr'>γηνεύσαντες,</span> <span class='ocrx_word' id='word_1_76' title='bbox 626 1197 691 1248; x_wconf 78' lang='grc' dir='ltr'>ὲκ</span> <span class='ocrx_word' id='word_1_77' title='bbox 706 1195 804 1266; x_wconf 81' lang='grc' dir='ltr'>τῆς</span> <span class='ocrx_word' id='word_1_78' title='bbox 821 1194 986 1248; x_wconf 79' lang='grc' dir='ltr'>αὑτοῦ</span> <span class='ocrx_word' id='word_1_79' title='bbox 1010 1212 1076 1263; x_wconf 81' lang='grc' dir='ltr'><strong>με</strong></span> <span class='ocrx_word' id='word_1_80' title='bbox 1098 1195 1295 1259; x_wconf 88' lang='grc' dir='ltr'>κακίας</span> <span class='ocrx_word' id='word_1_81' title='bbox 1316 1196 1755 1268; x_wconf 83' lang='grc' dir='ltr'>ὲκλυτρώσασθε.</span> 
     </span>
    </p>
   </div>
   <div class='ocr_carea' id='block_1_15' title="bbox 291 1285 1806 1357">
    <p class='ocr_par' dir='ltr' id='par_1_15' title="bbox 291 1285 1806 1357">
     <span class='ocr_line' id='line_1_15' title="bbox 291 1285 1806 1357; baseline 0.001 -18"><span class='ocrx_word' id='word_1_82' title='bbox 291 1286 600 1356; x_wconf 80' lang='grc' dir='ltr'>Ἐδείχθητε</span> <span class='ocrx_word' id='word_1_83' title='bbox 628 1285 722 1339; x_wconf 82' lang='grc' dir='ltr'>τοῦ</span> <span class='ocrx_word' id='word_1_84' title='bbox 753 1285 934 1339; x_wconf 82' lang='grc' dir='ltr'>Ἡλίου</span> <span class='ocrx_word' id='word_1_85' title='bbox 963 1286 1061 1356; x_wconf 78' lang='grc' dir='ltr'><strong>τῆς</strong></span> <span class='ocrx_word' id='word_1_86' title='bbox 1087 1286 1244 1357; x_wconf 80' lang='grc' dir='ltr'>δόξης</span> <span class='ocrx_word' id='word_1_87' title='bbox 1279 1286 1632 1357; x_wconf 81' lang='grc' dir='ltr'>αύγάσματα,</span> <span class='ocrx_word' id='word_1_88' title='bbox 1670 1288 1806 1341; x_wconf 80' lang='grc' dir='ltr'>ἀπό-</span> 
     </span>
    </p>
   </div>
   <div class='ocr_carea' id='block_1_16' title="bbox 218 1376 1804 1448">
    <p class='ocr_par' dir='ltr' id='par_1_16' title="bbox 218 1376 1804 1448">
     <span class='ocr_line' id='line_1_16' title="bbox 218 1376 1804 1448; baseline 0.001 -19"><span class='ocrx_word' id='word_1_89' title='bbox 218 1377 400 1430; x_wconf 83' lang='grc' dir='ltr'>στολοι</span> <span class='ocrx_word' id='word_1_90' title='bbox 437 1376 637 1441; x_wconf 78' lang='grc' dir='ltr'>ἔνδοξοι</span> <span class='ocrx_word' id='word_1_91' title='bbox 655 1417 672 1442; x_wconf 94' lang='grc'><strong>,</strong></span> <span class='ocrx_word' id='word_1_92' title='bbox 717 1376 928 1446; x_wconf 80' lang='grc' dir='ltr'>πλάνης</span> <span class='ocrx_word' id='word_1_93' title='bbox 955 1377 1126 1448; x_wconf 82' lang='grc' dir='ltr'>ἀχλὺν</span> <span class='ocrx_word' id='word_1_94' title='bbox 1154 1378 1549 1442; x_wconf 83' lang='grc' dir='ltr'><strong>ἀπελαύνοντες</strong></span> <span class='ocrx_word' id='word_1_95' title='bbox 1569 1395 1585 1409; x_wconf 76' lang='grc' dir='ltr'><strong>ο</strong></span> <span class='ocrx_word' id='word_1_96' title='bbox 1620 1378 1716 1432; x_wconf 83' lang='grc' dir='ltr'><strong>νῦν</strong></span> <span class='ocrx_word' id='word_1_97' title='bbox 1746 1379 1804 1431; x_wconf 84' lang='grc' dir='ltr'>δέ</span> 
     </span>
    </p>
   </div>
   <div class='ocr_carea' id='block_1_17' title="bbox 219 1467 1803 1541">
    <p class='ocr_par' dir='ltr' id='par_1_17' title="bbox 219 1467 1803 1541">
     <span class='ocr_line' id='line_1_17' title="bbox 219 1467 1803 1541; baseline 0.001 -21"><span class='ocrx_word' id='word_1_98' title='bbox 219 1485 295 1541; x_wconf 87' lang='grc' dir='ltr'><strong>με</strong></span> <span class='ocrx_word' id='word_1_99' title='bbox 334 1467 606 1537; x_wconf 76' lang='grc' dir='ltr'>φωτίσατε</span> <span class='ocrx_word' id='word_1_100' title='bbox 657 1467 750 1522; x_wconf 80' lang='grc' dir='ltr'>τὸν</span> <span class='ocrx_word' id='word_1_101' title='bbox 799 1467 905 1522; x_wconf 78' lang='grc' dir='ltr'>ὑπὸ</span> <span class='ocrx_word' id='word_1_102' title='bbox 942 1469 1124 1540; x_wconf 81' lang='grc' dir='ltr'><strong>πάσης</strong></span> <span class='ocrx_word' id='word_1_103' title='bbox 1161 1470 1363 1533; x_wconf 80' lang='grc' dir='ltr'><strong>κακίας</strong></span> <span class='ocrx_word' id='word_1_104' title='bbox 1404 1469 1803 1541; x_wconf 80' lang='grc' dir='ltr'>σκοτιζόμενον.</span> 
     </span>
    </p>
   </div>
   <div class='ocr_carea' id='block_1_18' title="bbox 174 1557 1808 1633">
    <p class='ocr_par' dir='ltr' id='par_1_18' title="bbox 174 1557 1808 1633">
     <span class='ocr_line' id='line_1_18' title="bbox 174 1557 1808 1633; baseline 0.001 -20"><span class='ocrx_word' id='word_1_105' title='bbox 174 1608 179 1613; x_wconf 88' lang='grc'><strong>.</strong></span> <span class='ocrx_word' id='word_1_106' title='bbox 294 1557 652 1629; x_wconf 78' lang='grc' dir='ltr'>Κεκράξομαι</span> <span class='ocrx_word' id='word_1_107' title='bbox 684 1559 744 1612; x_wconf 76' lang='grc' dir='ltr'><strong>ιν</strong></span> <span class='ocrx_word' id='word_1_108' title='bbox 772 1559 934 1614; x_wconf 72' lang='grc' dir='ltr'>νυκτὶ</span> <span class='ocrx_word' id='word_1_109' title='bbox 972 1560 1068 1615; x_wconf 72' lang='grc' dir='ltr'>καὶ</span> <span class='ocrx_word' id='word_1_110' title='bbox 1113 1560 1299 1633; x_wconf 70' lang='grc' dir='ltr'>ἡμέρᾳ</span> <span class='ocrx_word' id='word_1_111' title='bbox 1329 1561 1643 1632; x_wconf 75' lang='grc' dir='ltr'>θλιϐόμενος</span> <span class='ocrx_word' id='word_1_112' title='bbox 1668 1561 1808 1632; x_wconf 80' lang='grc' dir='ltr'>πρὸς</span> 
     </span>
    </p>
   </div>
   <div class='ocr_carea' id='block_1_19' title="bbox 220 1647 1809 1723">
    <p class='ocr_par' dir='ltr' id='par_1_19' title="bbox 220 1647 1809 1723">
     <span class='ocr_line' id='line_1_19' title="bbox 220 1647 1809 1723; baseline 0.001 -23"><span class='ocrx_word' id='word_1_113' title='bbox 220 1647 306 1711; x_wconf 74' lang='grc' dir='ltr'>οὲ,</span> <span class='ocrx_word' id='word_1_114' title='bbox 336 1647 431 1700; x_wconf 79' lang='grc' dir='ltr'><strong>καὶ</strong></span> <span class='ocrx_word' id='word_1_115' title='bbox 465 1647 840 1719; x_wconf 79' lang='grc' dir='ltr'>ρυσθήσομαι,</span> <span class='ocrx_word' id='word_1_116' title='bbox 871 1650 966 1704; x_wconf 74' lang='grc' dir='ltr'><strong>καὶ</strong></span> <span class='ocrx_word' id='word_1_117' title='bbox 1017 1649 1220 1721; x_wconf 62' lang='grc' dir='ltr'><strong>¹ἡδονῶν</strong></span> <span class='ocrx_word' id='word_1_118' title='bbox 1265 1651 1651 1723; x_wconf 74' lang='grc' dir='ltr'>ὑπερϐήσομαι</span> <span class='ocrx_word' id='word_1_119' title='bbox 1699 1650 1809 1702; x_wconf 85' lang='grc' dir='ltr'>τεί-</span> 
     </span>
    </p>
   </div>
   <div class='ocr_carea' id='block_1_20' title="bbox 181 1736 1808 1813">
    <p class='ocr_par' dir='ltr' id='par_1_20' title="bbox 181 1736 1808 1813">
     <span class='ocr_line' id='line_1_20' title="bbox 181 1736 1808 1813; baseline -0.001 -19"><span class='ocrx_word' id='word_1_120' title='bbox 181 1736 194 1748; x_wconf 84' lang='grc'><em>’</em></span> <span class='ocrx_word' id='word_1_121' title='bbox 217 1755 385 1808; x_wconf 71' lang='grc' dir='ltr'>κους,</span> <span class='ocrx_word' id='word_1_122' title='bbox 421 1739 519 1794; x_wconf 74' lang='grc' dir='ltr'>καὶ</span> <span class='ocrx_word' id='word_1_123' title='bbox 554 1739 903 1813; x_wconf 76' lang='grc' dir='ltr'>σωθήσομαι,</span> <span class='ocrx_word' id='word_1_124' title='bbox 936 1743 1003 1813; x_wconf 75' lang='grc' dir='ltr'>τῇ</span> <span class='ocrx_word' id='word_1_125' title='bbox 1044 1742 1417 1813; x_wconf 77' lang='grc' dir='ltr'>σῇ,ῐ1άρθενε,</span> <span class='ocrx_word' id='word_1_126' title='bbox 1453 1741 1676 1813; x_wconf 87' lang='grc' dir='ltr'>δυνάμει</span> <span class='ocrx_word' id='word_1_127' title='bbox 1696 1757 1808 1794; x_wconf 83' lang='grc' dir='ltr'>τει-</span> 
     </span>
    </p>
   </div>
   <div class='ocr_carea' id='block_1_21' title="bbox 224 1830 538 1901">
    <p class='ocr_par' dir='ltr' id='par_1_21' title="bbox 224 1830 538 1901">
     <span class='ocr_line' id='line_1_21' title="bbox 224 1830 538 1901; baseline -0.01 -19"><span class='ocrx_word' id='word_1_128' title='bbox 224 1830 538 1901; x_wconf 74' lang='grc' dir='ltr'>χιζόμενος.</span> 
     </span>
    </p>
   </div>
   <div class='ocr_carea' id='block_1_22' title="bbox 583 1937 1464 2011">
    <p class='ocr_par' dir='ltr' id='par_1_22' title="bbox 583 1937 1464 2011">
     <span class='ocr_line' id='line_1_22' title="bbox 583 1937 1464 2011; baseline 0.001 -17"><span class='ocrx_word' id='word_1_129' title='bbox 583 1937 674 2007; x_wconf 77' lang='grc' dir='ltr'><strong>Τῷ</strong></span> <span class='ocrx_word' id='word_1_130' title='bbox 713 1939 960 2011; x_wconf 73' lang='grc' dir='ltr'>δόγματι</span> <span class='ocrx_word' id='word_1_131' title='bbox 996 1941 1077 2008; x_wconf 85' lang='grc' dir='ltr'>τῷ</span> <span class='ocrx_word' id='word_1_132' title='bbox 1114 1939 1464 2011; x_wconf 58' lang='grc' dir='ltr'>τιεραγνικῷ.</span> 
     </span>
    </p>
   </div>
   <div class='ocr_carea' id='block_1_23' title="bbox 297 2026 1810 2103">
    <p class='ocr_par' dir='ltr' id='par_1_23' title="bbox 297 2026 1810 2103">
     <span class='ocr_line' id='line_1_23' title="bbox 297 2026 1810 2103; baseline 0.001 -22"><span class='ocrx_word' id='word_1_133' title='bbox 297 2026 707 2100; x_wconf 75' lang='grc' dir='ltr'>Νηστεύσωμεν</span> <span class='ocrx_word' id='word_1_134' title='bbox 737 2031 919 2101; x_wconf 80' lang='grc' dir='ltr'><strong>πάσης</strong></span> <span class='ocrx_word' id='word_1_135' title='bbox 949 2030 1164 2101; x_wconf 78' lang='grc' dir='ltr'><strong>ἡδονῆς,</strong></span> <span class='ocrx_word' id='word_1_136' title='bbox 1190 2032 1569 2103; x_wconf 82' lang='grc' dir='ltr'>πικραίνοντες</span> <span class='ocrx_word' id='word_1_137' title='bbox 1595 2030 1694 2102; x_wconf 81' lang='grc' dir='ltr'><strong>τὴν</strong></span> <span class='ocrx_word' id='word_1_138' title='bbox 1722 2031 1810 2085; x_wconf 83' lang='grc' dir='ltr'><strong>αῖ-</strong></span> 
     </span>
    </p>
   </div>
   <div class='ocr_carea' id='block_1_24' title="bbox 225 2117 1813 2193">
    <p class='ocr_par' dir='ltr' id='par_1_24' title="bbox 225 2117 1813 2193">
     <span class='ocr_line' id='line_1_24' title="bbox 225 2117 1813 2193; baseline 0.002 -22"><span class='ocrx_word' id='word_1_139' title='bbox 225 2117 421 2190; x_wconf 82' lang='grc' dir='ltr'>σθησιν</span> <span class='ocrx_word' id='word_1_140' title='bbox 447 2121 673 2193; x_wconf 78' lang='grc' dir='ltr'><strong>νηστείᾳ</strong></span> <span class='ocrx_word' id='word_1_141' title='bbox 691 2160 708 2186; x_wconf 95' lang='grc'><strong>,</strong></span> <span class='ocrx_word' id='word_1_142' title='bbox 749 2121 843 2174; x_wconf 76' lang='grc' dir='ltr'>καὶ</span> <span class='ocrx_word' id='word_1_143' title='bbox 872 2121 1220 2188; x_wconf 83' lang='grc' dir='ltr'>κατανύξεως</span> <span class='ocrx_word' id='word_1_144' title='bbox 1255 2123 1407 2192; x_wconf 88' lang='grc' dir='ltr'>πόμα</span> <span class='ocrx_word' id='word_1_145' title='bbox 1433 2120 1650 2192; x_wconf 81' lang='grc' dir='ltr'>θερμῶς</span> <span class='ocrx_word' id='word_1_146' title='bbox 1676 2120 1813 2174; x_wconf 85' lang='grc' dir='ltr'>πιώ-</span> 
     </span>
    </p>
   </div>
   <div class='ocr_carea' id='block_1_25' title="bbox 227 2210 1384 2283">
    <p class='ocr_par' dir='ltr' id='par_1_25' title="bbox 227 2210 1384 2283">
     <span class='ocr_line' id='line_1_25' title="bbox 227 2210 1384 2283; baseline 0.003 -20"><span class='ocrx_word' id='word_1_147' title='bbox 227 2210 373 2282; x_wconf 79' lang='grc' dir='ltr'>μεθα</span> <span class='ocrx_word' id='word_1_148' title='bbox 411 2212 724 2281; x_wconf 61' lang='grc' dir='ltr'>ψάλλοντες·</span> <span class='ocrx_word' id='word_1_149' title='bbox 768 2212 1077 2281; x_wconf 76' lang='grc' dir='ltr'>Εύλογεῖτε,</span> <span class='ocrx_word' id='word_1_150' title='bbox 1115 2212 1185 2265; x_wconf 82' lang='grc' dir='ltr'>τὰ</span> <span class='ocrx_word' id='word_1_151' title='bbox 1225 2212 1384 2283; x_wconf 77' lang='grc' dir='ltr'>ἔργα.</span> 
     </span>
    </p>
   </div>
   <div class='ocr_carea' id='block_1_26' title="bbox 302 2300 1836 2373">
    <p class='ocr_par' dir='ltr' id='par_1_26' title="bbox 302 2300 1836 2373">
     <span class='ocr_line' id='line_1_26' title="bbox 302 2300 1836 2373; baseline -0.003 -17"><span class='ocrx_word' id='word_1_152' title='bbox 302 2303 418 2373; x_wconf 83' lang='grc' dir='ltr'><strong>Τῆς</strong></span> <span class='ocrx_word' id='word_1_153' title='bbox 451 2303 696 2366; x_wconf 78' lang='grc' dir='ltr'>στάσεως</span> <span class='ocrx_word' id='word_1_154' title='bbox 723 2302 820 2373; x_wconf 84' lang='grc' dir='ltr'>τῆς</span> <span class='ocrx_word' id='word_1_155' title='bbox 859 2302 927 2356; x_wconf 79' lang='grc' dir='ltr'>ἐκ</span> <span class='ocrx_word' id='word_1_156' title='bbox 955 2301 1147 2368; x_wconf 79' lang='grc' dir='ltr'>δεξιῶν</span> <span class='ocrx_word' id='word_1_157' title='bbox 1175 2301 1425 2370; x_wconf 79' lang='grc' dir='ltr'>γενέσθαι</span> <span class='ocrx_word' id='word_1_158' title='bbox 1461 2300 1718 2356; x_wconf 83' lang='grc' dir='ltr'>κοινωνόν</span> <span class='ocrx_word' id='word_1_159' title='bbox 1746 2317 1836 2371; x_wconf 90' lang='grc' dir='ltr'>με-</span> 
     </span>
    </p>
   </div>
   <div class='ocr_carea' id='block_1_27' title="bbox 238 2382 1817 2464">
    <p class='ocr_par' dir='ltr' id='par_1_27' title="bbox 238 2382 1817 2464">
     <span class='ocr_line' id='line_1_27' title="bbox 238 2382 1817 2464; baseline -0.001 -18"><span class='ocrx_word' id='word_1_160' title='bbox 238 2393 571 2458; x_wconf 83' lang='grc' dir='ltr'>δυσωπεῖτε,</span> <span class='ocrx_word' id='word_1_161' title='bbox 608 2393 686 2447; x_wconf 79' lang='grc' dir='ltr'><strong>ὅτ’</strong></span> <span class='ocrx_word' id='word_1_162' title='bbox 708 2393 774 2447; x_wconf 83' lang='grc' dir='ltr'><strong>ἀν</strong></span> <span class='ocrx_word' id='word_1_163' title='bbox 801 2392 1066 2461; x_wconf 82' lang='grc' dir='ltr'>καθίσητε</span> <span class='ocrx_word' id='word_1_164' title='bbox 1089 2394 1272 2462; x_wconf 79' lang='grc' dir='ltr'>κρίναι</span> <span class='ocrx_word' id='word_1_165' title='bbox 1303 2382 1528 2464; x_wconf 68' lang='grc' dir='ltr'>βρότοῦς</span> <span class='ocrx_word' id='word_1_166' title='bbox 1558 2394 1655 2446; x_wconf 85' lang='grc' dir='ltr'><strong>σὺν</strong></span> <span class='ocrx_word' id='word_1_167' title='bbox 1682 2393 1817 2462; x_wconf 80' lang='grc' dir='ltr'>Χρι-</span> 
     </span>
    </p>
   </div>
   <div class='ocr_carea' id='block_1_28' title="bbox 227 2484 1813 2556">
    <p class='ocr_par' dir='ltr' id='par_1_28' title="bbox 227 2484 1813 2556">
     <span class='ocr_line' id='line_1_28' title="bbox 227 2484 1813 2556; baseline -0.001 -18"><span class='ocrx_word' id='word_1_168' title='bbox 227 2485 367 2554; x_wconf 77' lang='grc' dir='ltr'>στῷ,</span> <span class='ocrx_word' id='word_1_169' title='bbox 392 2486 700 2550; x_wconf 80' lang='grc' dir='ltr'><strong>ἀπόστολοι,</strong></span> <span class='ocrx_word' id='word_1_170' title='bbox 724 2486 817 2538; x_wconf 79' lang='grc' dir='ltr'><strong>τὸν</strong></span> <span class='ocrx_word' id='word_1_171' title='bbox 852 2484 1077 2548; x_wconf 81' lang='grc' dir='ltr'>πολλαῖς</span> <span class='ocrx_word' id='word_1_172' title='bbox 1115 2484 1411 2556; x_wconf 76' lang='grc' dir='ltr'>ἁμαρτίαις</span> <span class='ocrx_word' id='word_1_173' title='bbox 1446 2484 1679 2555; x_wconf 89' lang='grc' dir='ltr'>κρίσεως</span> <span class='ocrx_word' id='word_1_174' title='bbox 1709 2484 1813 2536; x_wconf 76' lang='grc' dir='ltr'><strong>ὑπ·</strong></span> 
     </span>
    </p>
   </div>
   <div class='ocr_carea' id='block_1_29' title="bbox 224 2575 472 2630">
    <p class='ocr_par' dir='ltr' id='par_1_29' title="bbox 224 2575 472 2630">
     <span class='ocr_line' id='line_1_29' title="bbox 224 2575 472 2630; baseline 0.004 -1"><span class='ocrx_word' id='word_1_175' title='bbox 224 2575 472 2630; x_wconf 74' lang='grc' dir='ltr'>εύθυνον.</span> 
     </span>
    </p>
   </div>
   <div class='ocr_carea' id='block_1_30' title="bbox 303 2663 1814 2737">
    <p class='ocr_par' dir='ltr' id='par_1_30' title="bbox 303 2663 1814 2737">
     <span class='ocr_line' id='line_1_30' title="bbox 303 2663 1814 2737; baseline -0.001 -18"><span class='ocrx_word' id='word_1_176' title='bbox 303 2667 393 2719; x_wconf 87' lang='grc' dir='ltr'>Ἐν</span> <span class='ocrx_word' id='word_1_177' title='bbox 436 2667 645 2737; x_wconf 77' lang='grc' dir='ltr'>ἅρματι</span> <span class='ocrx_word' id='word_1_178' title='bbox 692 2664 856 2719; x_wconf 85' lang='grc' dir='ltr'>θείων</span> <span class='ocrx_word' id='word_1_179' title='bbox 902 2664 1134 2736; x_wconf 84' lang='grc' dir='ltr'>ἀρετῶν,</span> <span class='ocrx_word' id='word_1_180' title='bbox 1157 2664 1382 2737; x_wconf 78' lang='grc' dir='ltr'>νηστείᾳ</span> <span class='ocrx_word' id='word_1_181' title='bbox 1427 2663 1814 2735; x_wconf 79' lang='grc' dir='ltr'>καθαρθέντες,</span> 
     </span>
    </p>
   </div>
   <div class='ocr_carea' id='block_1_31' title="bbox 226 2753 1818 2826">
    <p class='ocr_par' dir='ltr' id='par_1_31' title="bbox 226 2753 1818 2826">
     <span class='ocr_line' id='line_1_31' title="bbox 226 2753 1818 2826; baseline -0.001 -17"><span class='ocrx_word' id='word_1_182' title='bbox 226 2755 537 2825; x_wconf 71' lang='grc' dir='ltr'>ἀπισῶμεν,</span> <span class='ocrx_word' id='word_1_183' title='bbox 564 2755 659 2808; x_wconf 71' lang='grc' dir='ltr'><strong>καὶ</strong></span> <span class='ocrx_word' id='word_1_184' title='bbox 684 2755 822 2826; x_wconf 82' lang='grc' dir='ltr'>πρὸς</span> <span class='ocrx_word' id='word_1_185' title='bbox 855 2755 1097 2825; x_wconf 81' lang='grc' dir='ltr'>αίθέριον</span> <span class='ocrx_word' id='word_1_186' title='bbox 1126 2754 1260 2824; x_wconf 77' lang='grc' dir='ltr'>ὕψος</span> <span class='ocrx_word' id='word_1_187' title='bbox 1285 2755 1377 2810; x_wconf 78' lang='grc' dir='ltr'>τὸν</span> <span class='ocrx_word' id='word_1_188' title='bbox 1405 2753 1531 2809; x_wconf 78' lang='grc' dir='ltr'>νοῦν</span> <span class='ocrx_word' id='word_1_189' title='bbox 1566 2755 1818 2810; x_wconf 76' lang='grc' dir='ltr'>πετάσω-</span> 
     </span>
    </p>
   </div>
   <div class='ocr_carea' id='block_1_32' title="bbox 233 2844 1299 2918">
    <p class='ocr_par' dir='ltr' id='par_1_32' title="bbox 233 2844 1299 2918">
     <span class='ocr_line' id='line_1_32' title="bbox 233 2844 1299 2918; baseline -0.001 -18"><span class='ocrx_word' id='word_1_190' title='bbox 233 2863 359 2918; x_wconf 85' lang='grc' dir='ltr'>μεν,</span> <span class='ocrx_word' id='word_1_191' title='bbox 396 2846 691 2915; x_wconf 81' lang='grc' dir='ltr'>ψάλλοντες</span> <span class='ocrx_word' id='word_1_192' title='bbox 707 2845 790 2913; x_wconf 73' lang='grc' dir='ltr'>τὸ,</span> <span class='ocrx_word' id='word_1_193' title='bbox 816 2844 1125 2915; x_wconf 77' lang='grc' dir='ltr'>Εὐλογείτε,</span> <span class='ocrx_word' id='word_1_194' title='bbox 1142 2844 1299 2916; x_wconf 73' lang='grc' dir='ltr'>ἔργα.</span> 
     </span>
    </p>
   </div>
   <div class='ocr_carea' id='block_1_33' title="bbox 1897 444 3471 521">
    <p class='ocr_par' dir='ltr' id='par_1_33' title="bbox 1897 444 3471 521">
     <span class='ocr_line' id='line_1_33' title="bbox 1897 444 3471 521; baseline -0.004 -15"><span class='ocrx_word' id='word_1_195' title='bbox 1897 453 2037 506; x_wconf 83' lang='lat' dir='ltr'><strong>dens</strong></span> <span class='ocrx_word' id='word_1_196' title='bbox 2079 454 2451 521; x_wconf 72' lang='lat' dir='ltr'><strong>pmnitentiam</strong></span> <span class='ocrx_word' id='word_1_197' title='bbox 2491 461 2543 506; x_wconf 85' lang='lat' dir='ltr'><strong>et</strong></span> <span class='ocrx_word' id='word_1_198' title='bbox 2584 454 2999 505; x_wconf 77' lang='lat' dir='ltr'><strong>conversionem</strong></span> <span class='ocrx_word' id='word_1_199' title='bbox 3038 447 3216 502; x_wconf 80' lang='lat' dir='ltr'><strong>servis</strong></span> <span class='ocrx_word' id='word_1_200' title='bbox 3254 444 3362 500; x_wconf 86' lang='lat' dir='ltr'><strong>tuis</strong></span> <span class='ocrx_word' id='word_1_201' title='bbox 3396 447 3471 499; x_wconf 20' lang='lat' dir='ltr'><strong>ad.</strong></span> 
     </span>
    </p>
   </div>
   <div class='ocr_carea' id='block_1_34' title="bbox 1899 540 3226 614">
    <p class='ocr_par' dir='ltr' id='par_1_34' title="bbox 1899 540 3226 614">
     <span class='ocr_line' id='line_1_34' title="bbox 1899 540 3226 614; baseline -0.001 -18"><span class='ocrx_word' id='word_1_202' title='bbox 1899 549 1953 596; x_wconf 87' lang='lat' dir='ltr'><strong>te</strong></span> <span class='ocrx_word' id='word_1_203' title='bbox 1981 542 2418 614; x_wconf 74' lang='lat' dir='ltr'><strong>gloriﬁcandnm,</strong></span> <span class='ocrx_word' id='word_1_204' title='bbox 2449 545 2601 599; x_wconf 86' lang='lat' dir='ltr'><strong>solus</strong></span> <span class='ocrx_word' id='word_1_205' title='bbox 2634 556 2888 612; x_wconf 77' lang='lat' dir='ltr'><strong>supreme</strong></span> <span class='ocrx_word' id='word_1_206' title='bbox 2918 550 2972 596; x_wconf 87' lang='lat' dir='ltr'><strong>et</strong></span> <span class='ocrx_word' id='word_1_207' title='bbox 3000 540 3226 612; x_wconf 84' lang='lat' dir='ltr'><strong>optime.</strong></span> 
     </span>
    </p>
   </div>
   <div class='ocr_carea' id='block_1_35' title="bbox 2378 654 2991 725">
    <p class='ocr_par' dir='ltr' id='par_1_35' title="bbox 2378 654 2991 725">
     <span class='ocr_line' id='line_1_35' title="bbox 2378 654 2991 725; baseline -0.002 -16"><span class='ocrx_word' id='word_1_208' title='bbox 2378 655 2553 710; x_wconf 78' lang='lat' dir='ltr'><strong>Natus</strong></span> <span class='ocrx_word' id='word_1_209' title='bbox 2579 670 2633 710; x_wconf 81' lang='lat' dir='ltr'><strong>es</strong></span> <span class='ocrx_word' id='word_1_210' title='bbox 2662 669 2727 710; x_wconf 76' lang='lat' dir='ltr'><strong>ex</strong></span> <span class='ocrx_word' id='word_1_211' title='bbox 2758 654 2991 725; x_wconf 79' lang='lat' dir='ltr'><strong>Virgine.</strong></span> 
     </span>
    </p>
   </div>
   <div class='ocr_carea' id='block_1_36' title="bbox 1969 746 3466 819">
    <p class='ocr_par' dir='ltr' id='par_1_36' title="bbox 1969 746 3466 819">
     <span class='ocr_line' id='line_1_36' title="bbox 1969 746 3466 819; baseline -0.001 -17"><span class='ocrx_word' id='word_1_212' title='bbox 1969 748 2330 804; x_wconf 69' lang='lat' dir='ltr'><strong>Abstinentiae</strong></span> <span class='ocrx_word' id='word_1_213' title='bbox 2373 756 2599 819; x_wconf 85' lang='lat' dir='ltr'><strong>accepto</strong></span> <span class='ocrx_word' id='word_1_214' title='bbox 2634 746 2866 817; x_wconf 81' lang='lat' dir='ltr'><strong>fulgore,</strong></span> <span class='ocrx_word' id='word_1_215' title='bbox 2893 747 3224 813; x_wconf 85' lang='lat' dir='ltr'><strong>illuminare,</strong></span> <span class='ocrx_word' id='word_1_216' title='bbox 3264 746 3466 811; x_wconf 81' lang='lat' dir='ltr'><strong>anima,</strong></span> 
     </span>
    </p>
   </div>
   <div class='ocr_carea' id='block_1_37' title="bbox 1903 835 3466 907">
    <p class='ocr_par' dir='ltr' id='par_1_37' title="bbox 1903 835 3466 907">
     <span class='ocr_line' id='line_1_37' title="bbox 1903 835 3466 907; baseline -0.001 -17"><span class='ocrx_word' id='word_1_217' title='bbox 1903 844 1957 891; x_wconf 89' lang='lat' dir='ltr'><strong>et</strong></span> <span class='ocrx_word' id='word_1_218' title='bbox 1988 836 2113 907; x_wconf 81' lang='lat' dir='ltr'><strong>fuge</strong></span> <span class='ocrx_word' id='word_1_219' title='bbox 2157 839 2365 906; x_wconf 88' lang='lat' dir='ltr'><strong>peccati</strong></span> <span class='ocrx_word' id='word_1_220' title='bbox 2413 835 2829 900; x_wconf 72' lang='lat' dir='ltr'><strong>obscuritatem,</strong></span> <span class='ocrx_word' id='word_1_221' title='bbox 2861 842 2921 887; x_wconf 90' lang='lat' dir='ltr'><strong>ut</strong></span> <span class='ocrx_word' id='word_1_222' title='bbox 2958 835 3209 888; x_wconf 85' lang='lat' dir='ltr'><strong>mittatur</strong></span> <span class='ocrx_word' id='word_1_223' title='bbox 3243 835 3339 889; x_wconf 89' lang='lat' dir='ltr'><strong>tibi</strong></span> <span class='ocrx_word' id='word_1_224' title='bbox 3378 835 3466 889; x_wconf 87' lang='lat' dir='ltr'><strong>in-</strong></span> 
     </span>
    </p>
   </div>
   <div class='ocr_carea' id='block_1_38' title="bbox 1912 920 2962 995">
    <p class='ocr_par' dir='ltr' id='par_1_38' title="bbox 1912 920 2962 995">
     <span class='ocr_line' id='line_1_38' title="bbox 1912 920 2962 995; baseline -0.002 -17"><span class='ocrx_word' id='word_1_225' title='bbox 1912 923 2203 995; x_wconf 69' lang='lat' dir='ltr'><strong>dulgentiae</strong></span> <span class='ocrx_word' id='word_1_226' title='bbox 2234 924 2494 994; x_wconf 84' lang='lat' dir='ltr'><strong>splendor</strong></span> <span class='ocrx_word' id='word_1_227' title='bbox 2520 923 2704 978; x_wconf 88' lang='lat' dir='ltr'><strong>divino</strong></span> <span class='ocrx_word' id='word_1_228' title='bbox 2732 920 2962 992; x_wconf 85' lang='lat' dir='ltr'><strong>Spiritu.</strong></span> 
     </span>
    </p>
   </div>
   <div class='ocr_carea' id='block_1_39' title="bbox 1984 1010 3472 1086">
    <p class='ocr_par' dir='ltr' id='par_1_39' title="bbox 1984 1010 3472 1086">
     <span class='ocr_line' id='line_1_39' title="bbox 1984 1010 3472 1086; baseline 0.002 -19"><span class='ocrx_word' id='word_1_229' title='bbox 1984 1012 2157 1069; x_wconf 83' lang='lat' dir='ltr'><strong>Hamo</strong></span> <span class='ocrx_word' id='word_1_230' title='bbox 2206 1028 2294 1083; x_wconf 80' lang='lat' dir='ltr'><strong>me</strong></span> <span class='ocrx_word' id='word_1_231' title='bbox 2338 1011 2581 1068; x_wconf 78' lang='lat' dir='ltr'><strong>libidinis</strong></span> <span class='ocrx_word' id='word_1_232' title='bbox 2617 1011 2831 1079; x_wconf 87' lang='lat' dir='ltr'><strong>decepit</strong></span> <span class='ocrx_word' id='word_1_233' title='bbox 2863 1010 3088 1068; x_wconf 83' lang='lat' dir='ltr'><strong>doiosus</strong></span> <span class='ocrx_word' id='word_1_234' title='bbox 3121 1012 3472 1086; x_wconf 79' lang='lat' dir='ltr'><strong>vinctumque</strong></span> 
     </span>
    </p>
   </div>
   <div class='ocr_carea' id='block_1_40' title="bbox 1905 1100 3473 1171">
    <p class='ocr_par' dir='ltr' id='par_1_40' title="bbox 1905 1100 3473 1171">
     <span class='ocr_line' id='line_1_40' title="bbox 1905 1100 3473 1171; baseline 0.001 -16"><span class='ocrx_word' id='word_1_235' title='bbox 1905 1101 2051 1170; x_wconf 81' lang='lat' dir='ltr'><strong>cepit</strong></span> <span class='ocrx_word' id='word_1_236' title='bbox 2070 1118 2084 1155; x_wconf 93' lang='lat'><strong>:</strong></span> <span class='ocrx_word' id='word_1_237' title='bbox 2106 1116 2201 1157; x_wconf 87' lang='lat' dir='ltr'><strong>vos</strong></span> <span class='ocrx_word' id='word_1_238' title='bbox 2218 1115 2369 1167; x_wconf 86' lang='lat' dir='ltr'><strong>vero,</strong></span> <span class='ocrx_word' id='word_1_239' title='bbox 2387 1101 2653 1171; x_wconf 81' lang='lat' dir='ltr'><strong>Apostoli,</strong></span> <span class='ocrx_word' id='word_1_240' title='bbox 2677 1103 2767 1168; x_wconf 84' lang='lat' dir='ltr'><strong>qui</strong></span> <span class='ocrx_word' id='word_1_241' title='bbox 2784 1100 3088 1156; x_wconf 82' lang='lat' dir='ltr'><strong>medicante</strong></span> <span class='ocrx_word' id='word_1_242' title='bbox 3106 1104 3293 1169; x_wconf 83' lang='lat' dir='ltr'><strong>verbo,</strong></span> <span class='ocrx_word' id='word_1_243' title='bbox 3311 1119 3473 1157; x_wconf 63' lang='lat' dir='ltr'><strong>unum</strong></span> 
     </span>
    </p>
   </div>
   <div class='ocr_carea' id='block_1_41' title="bbox 1905 1192 3416 1258">
    <p class='ocr_par' dir='ltr' id='par_1_41' title="bbox 1905 1192 3416 1258">
     <span class='ocr_line' id='line_1_41' title="bbox 1905 1192 3416 1258; baseline 0.003 -12"><span class='ocrx_word' id='word_1_244' title='bbox 1905 1192 2033 1247; x_wconf 88' lang='lat' dir='ltr'><strong>dum</strong></span> <span class='ocrx_word' id='word_1_245' title='bbox 2056 1193 2266 1249; x_wconf 83' lang='lat' dir='ltr'><strong>retibus</strong></span> <span class='ocrx_word' id='word_1_246' title='bbox 2283 1193 2605 1258; x_wconf 88' lang='lat' dir='ltr'><strong>iuclusistis,</strong></span> <span class='ocrx_word' id='word_1_247' title='bbox 2621 1192 2770 1248; x_wconf 88' lang='lat' dir='ltr'><strong>illius</strong></span> <span class='ocrx_word' id='word_1_248' title='bbox 2788 1193 2991 1247; x_wconf 83' lang='lat' dir='ltr'><strong>malitia</strong></span> <span class='ocrx_word' id='word_1_249' title='bbox 3014 1208 3100 1248; x_wconf 88' lang='lat' dir='ltr'><strong>me</strong></span> <span class='ocrx_word' id='word_1_250' title='bbox 3121 1194 3416 1250; x_wconf 76' lang='lat' dir='ltr'><strong>liberastis.</strong></span> 
     </span>
    </p>
   </div>
   <div class='ocr_carea' id='block_1_42' title="bbox 1976 1282 3471 1354">
    <p class='ocr_par' dir='ltr' id='par_1_42' title="bbox 1976 1282 3471 1354">
     <span class='ocr_line' id='line_1_42' title="bbox 1976 1282 3471 1354; baseline 0.003 -19"><span class='ocrx_word' id='word_1_251' title='bbox 1976 1282 2247 1353; x_wconf 83' lang='lat' dir='ltr'><strong>Apparete</strong></span> <span class='ocrx_word' id='word_1_252' title='bbox 2301 1282 2434 1338; x_wconf 88' lang='lat' dir='ltr'><strong>solis</strong></span> <span class='ocrx_word' id='word_1_253' title='bbox 2484 1283 2668 1354; x_wconf 68' lang='lat' dir='ltr'><strong>gloriae</strong></span> <span class='ocrx_word' id='word_1_254' title='bbox 2714 1282 2895 1346; x_wconf 85' lang='lat' dir='ltr'><strong>faces,</strong></span> <span class='ocrx_word' id='word_1_255' title='bbox 2934 1283 3179 1353; x_wconf 79' lang='lat' dir='ltr'><strong>Apostoli</strong></span> <span class='ocrx_word' id='word_1_256' title='bbox 3237 1285 3471 1349; x_wconf 78' lang='lat' dir='ltr'><strong>nobiles,</strong></span> 
     </span>
    </p>
   </div>
   <div class='ocr_carea' id='block_1_43' title="bbox 1906 1371 3474 1441">
    <p class='ocr_par' dir='ltr' id='par_1_43' title="bbox 1906 1371 3474 1441">
     <span class='ocr_line' id='line_1_43' title="bbox 1906 1371 3474 1441; baseline 0.003 -18"><span class='ocrx_word' id='word_1_257' title='bbox 1906 1372 2255 1426; x_wconf 77' lang='lat' dir='ltr'><strong>tenebrarum</strong></span> <span class='ocrx_word' id='word_1_258' title='bbox 2295 1371 2681 1427; x_wconf 84' lang='lat' dir='ltr'><strong>obscuritatem</strong></span> <span class='ocrx_word' id='word_1_259' title='bbox 2714 1372 3047 1441; x_wconf 78' lang='lat' dir='ltr'><strong>espellentes</strong></span> <span class='ocrx_word' id='word_1_260' title='bbox 3077 1391 3091 1427; x_wconf 92' lang='lat'><strong>:</strong></span> <span class='ocrx_word' id='word_1_261' title='bbox 3118 1388 3263 1428; x_wconf 89' lang='lat' dir='ltr'><strong>nunc</strong></span> <span class='ocrx_word' id='word_1_262' title='bbox 3293 1383 3474 1429; x_wconf 86' lang='lat' dir='ltr'><strong>autem</strong></span> 
     </span>
    </p>
   </div>
   <div class='ocr_carea' id='block_1_44' title="bbox 1910 1464 3359 1532">
    <p class='ocr_par' dir='ltr' id='par_1_44' title="bbox 1910 1464 3359 1532">
     <span class='ocr_line' id='line_1_44' title="bbox 1910 1464 3359 1532; baseline 0.003 -16"><span class='ocrx_word' id='word_1_263' title='bbox 1910 1464 2176 1518; x_wconf 87' lang='lat' dir='ltr'><strong>illustrate</strong></span> <span class='ocrx_word' id='word_1_264' title='bbox 2204 1478 2291 1518; x_wconf 90' lang='lat' dir='ltr'><strong>me</strong></span> <span class='ocrx_word' id='word_1_265' title='bbox 2318 1477 2413 1532; x_wconf 87' lang='lat' dir='ltr'><strong>per</strong></span> <span class='ocrx_word' id='word_1_266' title='bbox 2440 1477 2657 1517; x_wconf 90' lang='lat' dir='ltr'><strong>omnem</strong></span> <span class='ocrx_word' id='word_1_267' title='bbox 2694 1464 2954 1517; x_wconf 89' lang='lat' dir='ltr'><strong>malitiam</strong></span> <span class='ocrx_word' id='word_1_268' title='bbox 2984 1464 3359 1520; x_wconf 79' lang='lat' dir='ltr'><strong>obscuratum.</strong></span> 
     </span>
    </p>
   </div>
   <div class='ocr_carea' id='block_1_45' title="bbox 1979 1552 3474 1623">
    <p class='ocr_par' dir='ltr' id='par_1_45' title="bbox 1979 1552 3474 1623">
     <span class='ocr_line' id='line_1_45' title="bbox 1979 1552 3474 1623; baseline 0.003 -15"><span class='ocrx_word' id='word_1_269' title='bbox 1979 1553 2242 1608; x_wconf 84' lang='lat' dir='ltr'><strong>Clamaho</strong></span> <span class='ocrx_word' id='word_1_270' title='bbox 2295 1568 2391 1623; x_wconf 89' lang='lat' dir='ltr'><strong>per</strong></span> <span class='ocrx_word' id='word_1_271' title='bbox 2436 1563 2651 1607; x_wconf 79' lang='lat' dir='ltr'><strong>nectent</strong></span> <span class='ocrx_word' id='word_1_272' title='bbox 2704 1561 2757 1607; x_wconf 89' lang='lat' dir='ltr'><strong>et</strong></span> <span class='ocrx_word' id='word_1_273' title='bbox 2808 1552 2952 1608; x_wconf 91' lang='lat' dir='ltr'><strong>diem</strong></span> <span class='ocrx_word' id='word_1_274' title='bbox 3002 1553 3237 1611; x_wconf 81' lang='lat' dir='ltr'><strong>obtritos</strong></span> <span class='ocrx_word' id='word_1_275' title='bbox 3286 1556 3355 1611; x_wconf 84' lang='lat' dir='ltr'><strong>ad</strong></span> <span class='ocrx_word' id='word_1_276' title='bbox 3401 1566 3474 1620; x_wconf 91' lang='lat' dir='ltr'><strong>te,</strong></span> 
     </span>
    </p>
   </div>
   <div class='ocr_carea' id='block_1_46' title="bbox 1910 1643 3475 1712">
    <p class='ocr_par' dir='ltr' id='par_1_46' title="bbox 1910 1643 3475 1712">
     <span class='ocr_line' id='line_1_46' title="bbox 1910 1643 3475 1712; baseline 0.001 -13"><span class='ocrx_word' id='word_1_277' title='bbox 1910 1651 1964 1699; x_wconf 89' lang='lat' dir='ltr'><strong>et</strong></span> <span class='ocrx_word' id='word_1_278' title='bbox 2021 1643 2312 1707; x_wconf 88' lang='lat' dir='ltr'><strong>liberabor,</strong></span> <span class='ocrx_word' id='word_1_279' title='bbox 2352 1650 2407 1697; x_wconf 84' lang='lat' dir='ltr'><strong>et</strong></span> <span class='ocrx_word' id='word_1_280' title='bbox 2456 1644 2786 1711; x_wconf 85' lang='lat' dir='ltr'><strong>voluptatum</strong></span> <span class='ocrx_word' id='word_1_281' title='bbox 2838 1645 3186 1712; x_wconf 75' lang='lat' dir='ltr'><strong>pe‘rtransibo</strong></span> <span class='ocrx_word' id='word_1_282' title='bbox 3236 1659 3475 1710; x_wconf 85' lang='lat' dir='ltr'><strong>murum,</strong></span> 
     </span>
    </p>
   </div>
   <div class='ocr_carea' id='block_1_47' title="bbox 1910 1731 3233 1805">
    <p class='ocr_par' dir='ltr' id='par_1_47' title="bbox 1910 1731 3233 1805">
     <span class='ocr_line' id='line_1_47' title="bbox 1910 1731 3233 1805; baseline 0.001 -17"><span class='ocrx_word' id='word_1_283' title='bbox 1910 1742 1967 1789; x_wconf 91' lang='lat' dir='ltr'><strong>et</strong></span> <span class='ocrx_word' id='word_1_284' title='bbox 1999 1733 2273 1798; x_wconf 84' lang='lat' dir='ltr'><strong>salvabor,</strong></span> <span class='ocrx_word' id='word_1_285' title='bbox 2310 1743 2401 1787; x_wconf 87' lang='lat' dir='ltr'><strong>tua</strong></span> <span class='ocrx_word' id='word_1_286' title='bbox 2438 1734 2699 1803; x_wconf 85' lang='lat' dir='ltr'><strong>potentia,</strong></span> <span class='ocrx_word' id='word_1_287' title='bbox 2733 1731 2919 1805; x_wconf 76' lang='lat' dir='ltr'><strong>Virgo,</strong></span> <span class='ocrx_word' id='word_1_288' title='bbox 2954 1733 3233 1791; x_wconf 89' lang='lat' dir='ltr'><strong>defensus.</strong></span> 
     </span>
    </p>
   </div>
   <div class='ocr_carea' id='block_1_48' title="bbox 2443 1937 2941 1997">
    <p class='ocr_par' dir='ltr' id='par_1_48' title="bbox 2443 1937 2941 1997">
     <span class='ocr_line' id='line_1_48' title="bbox 2443 1937 2941 1997; baseline 0.012 -6"><span class='ocrx_word' id='word_1_289' title='bbox 2443 1937 2659 1994; x_wconf 82' lang='lat' dir='ltr'><strong>Decreto</strong></span> <span class='ocrx_word' id='word_1_290' title='bbox 2710 1939 2941 1997; x_wconf 79' lang='lat' dir='ltr'><strong>Domini.</strong></span> 
     </span>
    </p>
   </div>
   <div class='ocr_carea' id='block_1_49' title="bbox 1982 2028 3479 2103">
    <p class='ocr_par' dir='ltr' id='par_1_49' title="bbox 1982 2028 3479 2103">
     <span class='ocr_line' id='line_1_49' title="bbox 1982 2028 3479 2103; baseline 0.003 -21"><span class='ocrx_word' id='word_1_291' title='bbox 1982 2028 2395 2085; x_wconf 82' lang='lat' dir='ltr'><strong>Abstinebimus</strong></span> <span class='ocrx_word' id='word_1_292' title='bbox 2448 2029 2515 2083; x_wconf 85' lang='lat' dir='ltr'><strong>ab</strong></span> <span class='ocrx_word' id='word_1_293' title='bbox 2569 2031 2716 2084; x_wconf 86' lang='lat' dir='ltr'><strong>omni</strong></span> <span class='ocrx_word' id='word_1_294' title='bbox 2769 2033 3083 2103; x_wconf 84' lang='lat' dir='ltr'><strong>voluptate,</strong></span> <span class='ocrx_word' id='word_1_295' title='bbox 3141 2044 3479 2088; x_wconf 83' lang='lat' dir='ltr'><strong>macerantes</strong></span> 
     </span>
    </p>
   </div>
   <div class='ocr_carea' id='block_1_50' title="bbox 1916 2121 3482 2192">
    <p class='ocr_par' dir='ltr' id='par_1_50' title="bbox 1916 2121 3482 2192">
     <span class='ocr_line' id='line_1_50' title="bbox 1916 2121 3482 2192; baseline 0.003 -19"><span class='ocrx_word' id='word_1_296' title='bbox 1916 2131 2149 2174; x_wconf 82' lang='lat' dir='ltr'><strong>mentem</strong></span> <span class='ocrx_word' id='word_1_297' title='bbox 2177 2121 2412 2190; x_wconf 81' lang='lat' dir='ltr'><strong>jejunio.</strong></span> <span class='ocrx_word' id='word_1_298' title='bbox 2441 2128 2497 2174; x_wconf 90' lang='lat' dir='ltr'><strong>et</strong></span> <span class='ocrx_word' id='word_1_299' title='bbox 2527 2122 2961 2191; x_wconf 79' lang='lat' dir='ltr'><strong>tontpunctionis</strong></span> <span class='ocrx_word' id='word_1_300' title='bbox 2987 2133 3174 2192; x_wconf 89' lang='lat' dir='ltr'><strong>potum</strong></span> <span class='ocrx_word' id='word_1_301' title='bbox 3211 2125 3482 2180; x_wconf 81' lang='lat' dir='ltr'><strong>ferventer</strong></span> 
     </span>
    </p>
   </div>
   <div class='ocr_carea' id='block_1_51' title="bbox 1915 2211 3194 2283">
    <p class='ocr_par' dir='ltr' id='par_1_51' title="bbox 1915 2211 3194 2283">
     <span class='ocr_line' id='line_1_51' title="bbox 1915 2211 3194 2283; baseline 0.002 -17"><span class='ocrx_word' id='word_1_302' title='bbox 1915 2214 2167 2267; x_wconf 83' lang='lat' dir='ltr'><strong>bibamus</strong></span> <span class='ocrx_word' id='word_1_303' title='bbox 2203 2211 2590 2266; x_wconf 83' lang='lat' dir='ltr'><strong>citharizantes</strong></span> <span class='ocrx_word' id='word_1_304' title='bbox 2610 2229 2624 2265; x_wconf 90' lang='lat'>:</span> <span class='ocrx_word' id='word_1_305' title='bbox 2648 2211 2978 2277; x_wconf 84' lang='lat' dir='ltr'><strong>Benedicitc,</strong></span> <span class='ocrx_word' id='word_1_306' title='bbox 3010 2230 3194 2283; x_wconf 87' lang='lat' dir='ltr'><strong>opera.</strong></span> 
     </span>
    </p>
   </div>
   <div class='ocr_carea' id='block_1_52' title="bbox 1989 2301 3482 2371">
    <p class='ocr_par' dir='ltr' id='par_1_52' title="bbox 1989 2301 3482 2371">
     <span class='ocr_line' id='line_1_52' title="bbox 1989 2301 3482 2371; baseline 0.005 -18"><span class='ocrx_word' id='word_1_307' title='bbox 1989 2301 2191 2354; x_wconf 82' lang='lat' dir='ltr'><strong>Eorum</strong></span> <span class='ocrx_word' id='word_1_308' title='bbox 2227 2301 2320 2371; x_wconf 80' lang='lat' dir='ltr'><strong>qui</strong></span> <span class='ocrx_word' id='word_1_309' title='bbox 2367 2310 2515 2357; x_wconf 84' lang='lat' dir='ltr'><strong>stant</strong></span> <span class='ocrx_word' id='word_1_310' title='bbox 2559 2316 2589 2354; x_wconf 92' lang='lat' dir='ltr'><strong>a</strong></span> <span class='ocrx_word' id='word_1_311' title='bbox 2628 2301 2834 2357; x_wconf 78' lang='lat' dir='ltr'><strong>dextris</strong></span> <span class='ocrx_word' id='word_1_312' title='bbox 2881 2302 2999 2357; x_wconf 90' lang='lat' dir='ltr'><strong>ﬁeri</strong></span> <span class='ocrx_word' id='word_1_313' title='bbox 3047 2313 3356 2360; x_wconf 87' lang='lat' dir='ltr'><strong>consortem</strong></span> <span class='ocrx_word' id='word_1_314' title='bbox 3388 2305 3482 2360; x_wconf 88' lang='lat' dir='ltr'><strong>de-</strong></span> 
     </span>
    </p>
   </div>
   <div class='ocr_carea' id='block_1_53' title="bbox 1916 2390 3486 2464">
    <p class='ocr_par' dir='ltr' id='par_1_53' title="bbox 1916 2390 3486 2464">
     <span class='ocr_line' id='line_1_53' title="bbox 1916 2390 3486 2464; baseline 0.003 -19"><span class='ocrx_word' id='word_1_315' title='bbox 1916 2392 2235 2459; x_wconf 86' lang='lat' dir='ltr'><strong>precamini,</strong></span> <span class='ocrx_word' id='word_1_316' title='bbox 2269 2392 2521 2461; x_wconf 88' lang='lat' dir='ltr'><strong>apostoli,</strong></span> <span class='ocrx_word' id='word_1_317' title='bbox 2559 2404 2615 2447; x_wconf 92' lang='lat' dir='ltr'><strong>ut</strong></span> <span class='ocrx_word' id='word_1_318' title='bbox 2644 2390 2916 2449; x_wconf 81' lang='lat' dir='ltr'><strong>obtineant</strong></span> <span class='ocrx_word' id='word_1_319' title='bbox 2936 2434 2952 2459; x_wconf 92' lang='lat'><strong>,</strong></span> <span class='ocrx_word' id='word_1_320' title='bbox 2983 2396 3199 2464; x_wconf 86' lang='lat' dir='ltr'><strong>quando</strong></span> <span class='ocrx_word' id='word_1_321' title='bbox 3231 2397 3486 2450; x_wconf 86' lang='lat' dir='ltr'><strong>sederitis</strong></span> 
     </span>
    </p>
   </div>
   <div class='ocr_carea' id='block_1_54' title="bbox 1917 2483 3488 2558">
    <p class='ocr_par' dir='ltr' id='par_1_54' title="bbox 1917 2483 3488 2558">
     <span class='ocr_line' id='line_1_54' title="bbox 1917 2483 3488 2558; baseline 0.005 -22"><span class='ocrx_word' id='word_1_322' title='bbox 1917 2500 2040 2537; x_wconf 89' lang='lat' dir='ltr'><strong>cum</strong></span> <span class='ocrx_word' id='word_1_323' title='bbox 2080 2484 2300 2540; x_wconf 86' lang='lat' dir='ltr'><strong>Christo</strong></span> <span class='ocrx_word' id='word_1_324' title='bbox 2325 2483 2572 2554; x_wconf 85' lang='lat' dir='ltr'><strong>judicare</strong></span> <span class='ocrx_word' id='word_1_325' title='bbox 2605 2485 2872 2552; x_wconf 82' lang='lat' dir='ltr'><strong>homines,</strong></span> <span class='ocrx_word' id='word_1_326' title='bbox 2907 2487 2999 2556; x_wconf 88' lang='lat' dir='ltr'><strong>qui</strong></span> <span class='ocrx_word' id='word_1_327' title='bbox 3033 2488 3100 2542; x_wconf 89' lang='lat' dir='ltr'><strong>de</strong></span> <span class='ocrx_word' id='word_1_328' title='bbox 3129 2490 3317 2544; x_wconf 89' lang='lat' dir='ltr'><strong>multis</strong></span> <span class='ocrx_word' id='word_1_329' title='bbox 3355 2503 3488 2558; x_wconf 88' lang='lat' dir='ltr'><strong>pec-</strong></span> 
     </span>
    </p>
   </div>
   <div class='ocr_carea' id='block_1_55' title="bbox 1916 2575 2490 2628">
    <p class='ocr_par' dir='ltr' id='par_1_55' title="bbox 1916 2575 2490 2628">
     <span class='ocr_line' id='line_1_55' title="bbox 1916 2575 2490 2628; baseline 0 -1"><span class='ocrx_word' id='word_1_330' title='bbox 1916 2575 2056 2628; x_wconf 86' lang='lat' dir='ltr'><strong>eatis</strong></span> <span class='ocrx_word' id='word_1_331' title='bbox 2086 2589 2214 2628; x_wconf 85' lang='lat' dir='ltr'><strong>reus</strong></span> <span class='ocrx_word' id='word_1_332' title='bbox 2240 2589 2490 2628; x_wconf 85' lang='lat' dir='ltr'><strong>accusor.</strong></span> 
     </span>
    </p>
   </div>
   <div class='ocr_carea' id='block_1_56' title="bbox 1986 2662 3607 2745">
    <p class='ocr_par' dir='ltr' id='par_1_56' title="bbox 1986 2662 3607 2745">
     <span class='ocr_line' id='line_1_56' title="bbox 1986 2662 3607 2745; baseline 0.003 -29"><span class='ocrx_word' id='word_1_333' title='bbox 1986 2662 2045 2717; x_wconf 86' lang='grc' dir='ltr'>ιιι</span> <span class='ocrx_word' id='word_1_334' title='bbox 2091 2679 2313 2717; x_wconf 79' lang='lat' dir='ltr'><strong>currum</strong></span> <span class='ocrx_word' id='word_1_335' title='bbox 2361 2664 2669 2745; x_wconf 79' lang='lat' dir='ltr'><strong>divinarum</strong></span> <span class='ocrx_word' id='word_1_336' title='bbox 2723 2664 3009 2732; x_wconf 87' lang='lat' dir='ltr'><strong>virtutum,</strong></span> <span class='ocrx_word' id='word_1_337' title='bbox 3043 2666 3251 2735; x_wconf 85' lang='lat' dir='ltr'><strong>jejunio</strong></span> <span class='ocrx_word' id='word_1_338' title='bbox 3301 2668 3486 2735; x_wconf 85' lang='lat' dir='ltr'><strong>puriﬁ-</strong></span> <span class='ocrx_word' id='word_1_339' title='bbox 3596 2728 3607 2738; x_wconf 53' lang='grc'><strong>,</strong></span> 
     </span>
    </p>
   </div>
   <div class='ocr_carea' id='block_1_57' title="bbox 1917 2755 3489 2825">
    <p class='ocr_par' dir='ltr' id='par_1_57' title="bbox 1917 2755 3489 2825">
     <span class='ocr_line' id='line_1_57' title="bbox 1917 2755 3489 2825; baseline 0.003 -16"><span class='ocrx_word' id='word_1_340' title='bbox 1917 2755 2025 2809; x_wconf 88' lang='lat' dir='ltr'><strong>cati</strong></span> <span class='ocrx_word' id='word_1_341' title='bbox 2075 2755 2539 2822; x_wconf 87' lang='lat' dir='ltr'><strong>conscendamus,</strong></span> <span class='ocrx_word' id='word_1_342' title='bbox 2583 2755 2651 2810; x_wconf 88' lang='lat' dir='ltr'><strong>ad</strong></span> <span class='ocrx_word' id='word_1_343' title='bbox 2701 2756 2977 2811; x_wconf 73' lang='lat' dir='ltr'><strong>ctelcstem</strong></span> <span class='ocrx_word' id='word_1_344' title='bbox 3032 2763 3289 2825; x_wconf 79' lang='lat' dir='ltr'><strong>verticem</strong></span> <span class='ocrx_word' id='word_1_345' title='bbox 3335 2775 3489 2814; x_wconf 79' lang='lat' dir='ltr'><strong>men—</strong></span> 
     </span>
    </p>
   </div>
   <div class='ocr_carea' id='block_1_58' title="bbox 1917 2846 3487 2911">
    <p class='ocr_par' dir='ltr' id='par_1_58' title="bbox 1917 2846 3487 2911">
     <span class='ocr_line' id='line_1_58' title="bbox 1917 2846 3487 2911; baseline 0.002 -10"><span class='ocrx_word' id='word_1_346' title='bbox 1917 2855 2026 2901; x_wconf 88' lang='lat' dir='ltr'><strong>tem</strong></span> <span class='ocrx_word' id='word_1_347' title='bbox 2077 2846 2463 2911; x_wconf 77' lang='lat' dir='ltr'><strong>extendamus,</strong></span> <span class='ocrx_word' id='word_1_348' title='bbox 2500 2849 2888 2903; x_wconf 85' lang='lat' dir='ltr'><strong>citharizautes</strong></span> <span class='ocrx_word' id='word_1_349' title='bbox 2927 2849 3072 2903; x_wconf 90' lang='lat' dir='ltr'><strong>banc</strong></span> <span class='ocrx_word' id='word_1_350' title='bbox 3096 2850 3437 2906; x_wconf 84' lang='lat' dir='ltr'><strong>altitudinem</strong></span> <span class='ocrx_word' id='word_1_351' title='bbox 3471 2865 3487 2904; x_wconf 89' lang='lat'><strong>:</strong></span> 
     </span>
    </p>
   </div>
   <div class='ocr_carea' id='block_1_59' title="bbox 1918 2936 2470 3008">
    <p class='ocr_par' dir='ltr' id='par_1_59' title="bbox 1918 2936 2470 3008">
     <span class='ocr_line' id='line_1_59' title="bbox 1918 2936 2470 3008; baseline 0 -15"><span class='ocrx_word' id='word_1_352' title='bbox 1918 2936 2247 3005; x_wconf 79' lang='lat' dir='ltr'><strong>Benedicite,</strong></span> <span class='ocrx_word' id='word_1_353' title='bbox 2283 2954 2470 3008; x_wconf 87' lang='lat' dir='ltr'><strong>opera.</strong></span> 
     </span>
    </p>
   </div>
   <div class='ocr_carea' id='block_1_60' title="bbox 305 3024 1816 3099">
    <p class='ocr_par' dir='ltr' id='par_1_60' title="bbox 305 3024 1815 3099">
     <span class='ocr_line' id='line_1_60' title="bbox 305 3024 1815 3099; baseline 0.001 -19"><span class='ocrx_word' id='word_1_354' title='bbox 305 3029 592 3099; x_wconf 81' lang='grc' dir='ltr'>Διέμεινας</span> <span class='ocrx_word' id='word_1_355' title='bbox 618 3028 910 3098; x_wconf 81' lang='grc' dir='ltr'>ἀφλεκτος,</span> <span class='ocrx_word' id='word_1_356' title='bbox 936 3024 1135 3099; x_wconf 79' lang='grc' dir='ltr'>τδπῦρ</span> <span class='ocrx_word' id='word_1_357' title='bbox 1151 3025 1387 3081; x_wconf 82' lang='grc' dir='ltr'>τεκοῦσα</span> <span class='ocrx_word' id='word_1_358' title='bbox 1409 3027 1511 3099; x_wconf 76' lang='grc' dir='ltr'>τῆς</span> <span class='ocrx_word' id='word_1_359' title='bbox 1537 3025 1815 3096; x_wconf 82' lang='grc' dir='ltr'>θεότητος,</span> 
     </span>
    </p>
   </div>
   <div class='ocr_carea' id='block_1_61' title="bbox 1948 3024 3491 3099">
    <p class='ocr_par' dir='ltr' id='par_1_61' title="bbox 1993 3028 3491 3099">
     <span class='ocr_line' id='line_1_61' title="bbox 1993 3028 3491 3099; baseline 0.003 -17"><span class='ocrx_word' id='word_1_360' title='bbox 1993 3028 2349 3084; x_wconf 70' lang='lat' dir='ltr'><strong>Pet-mansisti</strong></span> <span class='ocrx_word' id='word_1_361' title='bbox 2393 3029 2758 3096; x_wconf 85' lang='lat' dir='ltr'><strong>incomhusta,</strong></span> <span class='ocrx_word' id='word_1_362' title='bbox 2807 3045 2927 3098; x_wconf 75' lang='lat' dir='ltr'><strong>qua:</strong></span> <span class='ocrx_word' id='word_1_363' title='bbox 2966 3028 3146 3099; x_wconf 75' lang='lat' dir='ltr'><strong>ignem</strong></span> <span class='ocrx_word' id='word_1_364' title='bbox 3189 3029 3491 3086; x_wconf 78' lang='lat' dir='ltr'><strong>divinitatis</strong></span> 
     </span>
    </p>
   </div>
   <div class='ocr_carea' id='block_1_62' title="bbox 233 3116 1819 3191">
    <p class='ocr_par' dir='ltr' id='par_1_62' title="bbox 233 3116 1819 3191">
     <span class='ocr_line' id='line_1_62' title="bbox 233 3116 1819 3191; baseline -0.001 -19"><span class='ocrx_word' id='word_1_365' title='bbox 233 3119 481 3191; x_wconf 80' lang='grc' dir='ltr'>Παρθὲνε</span> <span class='ocrx_word' id='word_1_366' title='bbox 500 3135 513 3148; x_wconf 88' lang='grc'><strong>·</strong></span> <span class='ocrx_word' id='word_1_367' title='bbox 544 3120 685 3174; x_wconf 85' lang='grc' dir='ltr'><strong>ἀλλά</strong></span> <span class='ocrx_word' id='word_1_368' title='bbox 722 3118 1063 3188; x_wconf 73' lang='grc' dir='ltr'>κατάφλεξον</span> <span class='ocrx_word' id='word_1_369' title='bbox 1104 3119 1252 3189; x_wconf 82' lang='grc' dir='ltr'>πάθη</span> <span class='ocrx_word' id='word_1_370' title='bbox 1280 3118 1491 3190; x_wconf 79' lang='grc' dir='ltr'>ψυχῶν,</span> <span class='ocrx_word' id='word_1_371' title='bbox 1514 3119 1621 3173; x_wconf 86' lang='grc' dir='ltr'><strong>τῶν</strong></span> <span class='ocrx_word' id='word_1_372' title='bbox 1653 3116 1819 3190; x_wconf 82' lang='grc' dir='ltr'>βοών-</span> 
     </span>
    </p>
   </div>
   <div class='ocr_carea' id='block_1_63' title="bbox 224 3209 1499 3281">
    <p class='ocr_par' dir='ltr' id='par_1_63' title="bbox 224 3209 1499 3281">
     <span class='ocr_line' id='line_1_63' title="bbox 224 3209 1499 3281; baseline 0.001 -17"><span class='ocrx_word' id='word_1_373' title='bbox 224 3228 344 3264; x_wconf 68' lang='grc' dir='ltr'><strong>των</strong></span> <span class='ocrx_word' id='word_1_374' title='bbox 382 3212 634 3265; x_wconf 84' lang='grc' dir='ltr'>πάντοτε⁴</span> <span class='ocrx_word' id='word_1_375' title='bbox 675 3211 990 3280; x_wconf 80' lang='grc' dir='ltr'>Εὐλογεῖτε,</span> <span class='ocrx_word' id='word_1_376' title='bbox 1025 3209 1097 3263; x_wconf 83' lang='grc' dir='ltr'>τὰ</span> <span class='ocrx_word' id='word_1_377' title='bbox 1130 3209 1290 3281; x_wconf 74' lang='grc' dir='ltr'>ἔργα.</span> <span class='ocrx_word' id='word_1_378' title='bbox 1494 3216 1499 3219; x_wconf 58' lang='lat'><em>‘</em></span> 
     </span>
    </p>
   </div>
   <div class='ocr_carea' id='block_1_64' title="bbox 280 3300 1770 3372">
    <p class='ocr_par' dir='ltr' id='par_1_64' title="bbox 280 3300 1770 3372">
     <span class='ocr_line' id='line_1_64' title="bbox 280 3300 1770 3372; baseline -0.003 -14"><span class='ocrx_word' id='word_1_379' title='bbox 280 3303 358 3358; x_wconf 84' lang='grc' dir='ltr'><strong>Ἦ</strong></span> <span class='ocrx_word' id='word_1_380' title='bbox 388 3305 495 3357; x_wconf 79' lang='grc' dir='ltr'><strong>τὸν</strong></span> <span class='ocrx_word' id='word_1_381' title='bbox 530 3301 845 3372; x_wconf 78' lang='grc' dir='ltr'>ἀκώρητον</span> <span class='ocrx_word' id='word_1_382' title='bbox 881 3302 1031 3357; x_wconf 80' lang='grc' dir='ltr'>Θεὸν</span> <span class='ocrx_word' id='word_1_383' title='bbox 1066 3301 1137 3355; x_wconf 84' lang='grc' dir='ltr'><strong>ὲν</strong></span> <span class='ocrx_word' id='word_1_384' title='bbox 1171 3300 1385 3372; x_wconf 76' lang='grc' dir='ltr'>γαστρί</span> <span class='ocrx_word' id='word_1_385' title='bbox 1421 3300 1770 3370; x_wconf 73' lang='grc' dir='ltr'>χωρήσαονα.</span> 
     </span>
    </p>
   </div>
   <div class='ocr_carea' id='block_1_65' title="bbox 306 3391 1821 3467">
    <p class='ocr_par' dir='ltr' id='par_1_65' title="bbox 306 3391 1821 3467">
     <span class='ocr_line' id='line_1_65' title="bbox 306 3391 1821 3467; baseline -0.003 -18"><span class='ocrx_word' id='word_1_386' title='bbox 306 3395 753 3467; x_wconf 74' lang='grc' dir='ltr'>’Δπερῤιμμένος</span> <span class='ocrx_word' id='word_1_387' title='bbox 774 3393 982 3464; x_wconf 81' lang='grc' dir='ltr'>ἡδονῶν</span> <span class='ocrx_word' id='word_1_388' title='bbox 1002 3394 1201 3464; x_wconf 74' lang='grc' dir='ltr'>ἀχανὲς</span> <span class='ocrx_word' id='word_1_389' title='bbox 1225 3395 1307 3456; x_wconf 78' lang='grc' dir='ltr'><strong>είς</strong></span> <span class='ocrx_word' id='word_1_390' title='bbox 1331 3393 1589 3461; x_wconf 77' lang='grc' dir='ltr'>πέλαγος,</span> <span class='ocrx_word' id='word_1_391' title='bbox 1606 3391 1703 3463; x_wconf 80' lang='grc' dir='ltr'><strong>τὴν</strong></span> <span class='ocrx_word' id='word_1_392' title='bbox 1722 3394 1821 3463; x_wconf 85' lang='grc' dir='ltr'><strong>τῆς</strong></span> 
     </span>
    </p>
   </div>
   <div class='ocr_carea' id='block_1_66' title="bbox 237 3483 1820 3556">
    <p class='ocr_par' dir='ltr' id='par_1_66' title="bbox 237 3483 1820 3556">
     <span class='ocr_line' id='line_1_66' title="bbox 237 3483 1820 3556; baseline -0.002 -18"><span class='ocrx_word' id='word_1_393' title='bbox 237 3487 337 3556; x_wconf 82' lang='grc' dir='ltr'>σῆς</span> <span class='ocrx_word' id='word_1_394' title='bbox 352 3485 757 3555; x_wconf 79' lang='grc' dir='ltr'>εὐσπλαγχνίας</span> <span class='ocrx_word' id='word_1_395' title='bbox 788 3484 1024 3539; x_wconf 71' lang='grc' dir='ltr'>ἄϐυσσον</span> <span class='ocrx_word' id='word_1_396' title='bbox 1045 3483 1454 3556; x_wconf 78' lang='grc' dir='ltr'>προσκαῖ·.οὖμαι</span> <span class='ocrx_word' id='word_1_397' title='bbox 1471 3500 1486 3516; x_wconf 76' lang='grc' dir='ltr'><strong><em>ο</em></strong></span> <span class='ocrx_word' id='word_1_398' title='bbox 1511 3483 1691 3536; x_wconf 85' lang='grc' dir='ltr'>Σῶσόν</span> <span class='ocrx_word' id='word_1_399' title='bbox 1731 3500 1820 3554; x_wconf 89' lang='grc' dir='ltr'><strong>με,</strong></span> 
     </span>
    </p>
   </div>
   <div class='ocr_carea' id='block_1_67' title="bbox 116 3576 592 3648">
    <p class='ocr_par' dir='ltr' id='par_1_67' title="bbox 116 3576 592 3648">
     <span class='ocr_line' id='line_1_67' title="bbox 116 3576 592 3648; baseline -0.002 -16"><span class='ocrx_word' id='word_1_400' title='bbox 116 3602 129 3614; x_wconf 77' lang='grc' dir='ltr'><strong>ο</strong></span> <span class='ocrx_word' id='word_1_401' title='bbox 235 3576 592 3648; x_wconf 70' lang='grc' dir='ltr'>Κυθερνῆτα.</span> 
     </span>
    </p>
   </div>
   <div class='ocr_carea' id='block_1_68' title="bbox 309 3666 1824 3739">
    <p class='ocr_par' dir='ltr' id='par_1_68' title="bbox 309 3666 1824 3739">
     <span class='ocr_line' id='line_1_68' title="bbox 309 3666 1824 3739; baseline -0.001 -17"><span class='ocrx_word' id='word_1_402' title='bbox 309 3669 422 3739; x_wconf 81' lang='grc' dir='ltr'>Τῆς</span> <span class='ocrx_word' id='word_1_403' title='bbox 442 3667 846 3738; x_wconf 76' lang='grc' dir='ltr'>εὐσπλαγχνίας</span> <span class='ocrx_word' id='word_1_404' title='bbox 859 3668 894 3738; x_wconf 78' lang='grc' dir='ltr'><strong>ὴ</strong></span> <span class='ocrx_word' id='word_1_405' title='bbox 910 3666 1085 3737; x_wconf 81' lang='grc' dir='ltr'>πηγὴ,</span> <span class='ocrx_word' id='word_1_406' title='bbox 1104 3668 1194 3731; x_wconf 87' lang='grc' dir='ltr'><strong>δός</strong></span> <span class='ocrx_word' id='word_1_407' title='bbox 1218 3684 1310 3738; x_wconf 86' lang='grc' dir='ltr'><strong>μοι</strong></span> <span class='ocrx_word' id='word_1_408' title='bbox 1335 3667 1678 3733; x_wconf 79' lang='grc' dir='ltr'>κατανύξεως</span> <span class='ocrx_word' id='word_1_409' title='bbox 1700 3685 1824 3722; x_wconf 88' lang='grc' dir='ltr'>στα-</span> 
     </span>
    </p>
   </div>
   <div class='ocr_carea' id='block_1_69' title="bbox 224 3756 1823 3830">
    <p class='ocr_par' dir='ltr' id='par_1_69' title="bbox 224 3756 1823 3830">
     <span class='ocr_line' id='line_1_69' title="bbox 224 3756 1823 3830; baseline -0.003 -16"><span class='ocrx_word' id='word_1_410' title='bbox 224 3760 475 3830; x_wconf 58' lang='grc' dir='ltr'>λαγμὸν,</span> <span class='ocrx_word' id='word_1_411' title='bbox 502 3759 652 3821; x_wconf 78' lang='grc' dir='ltr'>ὅπως</span> <span class='ocrx_word' id='word_1_412' title='bbox 699 3756 1138 3827; x_wconf 83' lang='grc' dir='ltr'>ἀποκλαύσωμαι</span> <span class='ocrx_word' id='word_1_413' title='bbox 1192 3758 1301 3811; x_wconf 88' lang='grc' dir='ltr'><strong>τῶν</strong></span> <span class='ocrx_word' id='word_1_414' title='bbox 1347 3756 1533 3811; x_wconf 86' lang='grc' dir='ltr'>κακῶν</span> <span class='ocrx_word' id='word_1_415' title='bbox 1578 3776 1683 3828; x_wconf 91' lang='grc' dir='ltr'><strong>μου</strong></span> <span class='ocrx_word' id='word_1_416' title='bbox 1728 3762 1823 3821; x_wconf 81' lang='grc' dir='ltr'><strong>τὰς</strong></span> 
     </span>
    </p>
   </div>
   <div class='ocr_carea' id='block_1_70' title="bbox 238 3849 1737 3922">
    <p class='ocr_par' dir='ltr' id='par_1_70' title="bbox 238 3849 1737 3922">
     <span class='ocr_line' id='line_1_70' title="bbox 238 3849 1737 3922; baseline -0.003 -16"><span class='ocrx_word' id='word_1_417' title='bbox 238 3851 503 3922; x_wconf 76' lang='grc' dir='ltr'>ἀπείρους</span> <span class='ocrx_word' id='word_1_418' title='bbox 538 3849 835 3912; x_wconf 78' lang='grc' dir='ltr'>θαλάσσας.</span> <span class='ocrx_word' id='word_1_419' title='bbox 1732 3862 1737 3867; x_wconf 91' lang='grc'><strong>·</strong></span> 
     </span>
    </p>
   </div>
   <div class='ocr_carea' id='block_1_71' title="bbox 313 3938 1826 4011">
    <p class='ocr_par' dir='ltr' id='par_1_71' title="bbox 313 3938 1826 4011">
     <span class='ocr_line' id='line_1_71' title="bbox 313 3938 1826 4011; baseline -0.004 -16"><span class='ocrx_word' id='word_1_420' title='bbox 313 3943 436 3996; x_wconf 82' lang='grc' dir='ltr'>Τῶν</span> <span class='ocrx_word' id='word_1_421' title='bbox 452 3939 711 4011; x_wconf 80' lang='grc' dir='ltr'>μαθητῶν</span> <span class='ocrx_word' id='word_1_422' title='bbox 737 3954 855 4004; x_wconf 87' lang='grc' dir='ltr'>σου,</span> <span class='ocrx_word' id='word_1_423' title='bbox 878 3938 1080 4011; x_wconf 76' lang='grc' dir='ltr'>Ἰησοῦ,</span> <span class='ocrx_word' id='word_1_424' title='bbox 1095 3940 1216 4002; x_wconf 82' lang='grc' dir='ltr'>ταῖς</span> <span class='ocrx_word' id='word_1_425' title='bbox 1240 3941 1467 4003; x_wconf 80' lang='grc' dir='ltr'>σεπταῒς</span> <span class='ocrx_word' id='word_1_426' title='bbox 1492 3939 1708 4010; x_wconf 84' lang='grc' dir='ltr'>δεήσεσι</span> <span class='ocrx_word' id='word_1_427' title='bbox 1727 3938 1826 4009; x_wconf 82' lang='grc' dir='ltr'>τὴν</span> 
     </span>
    </p>
   </div>
   <div class='ocr_carea' id='block_1_72' title="bbox 244 4029 1827 4104">
    <p class='ocr_par' dir='ltr' id='par_1_72' title="bbox 244 4029 1827 4104">
     <span class='ocr_line' id='line_1_72' title="bbox 244 4029 1827 4104; baseline -0.003 -15"><span class='ocrx_word' id='word_1_428' title='bbox 244 4033 452 4104; x_wconf 76' lang='grc' dir='ltr'>σεπτὴν</span> <span class='ocrx_word' id='word_1_429' title='bbox 481 4031 627 4086; x_wconf 81' lang='grc' dir='ltr'>δίδου</span> <span class='ocrx_word' id='word_1_430' title='bbox 660 4048 753 4101; x_wconf 88' lang='grc' dir='ltr'><strong>μοι</strong></span> <span class='ocrx_word' id='word_1_431' title='bbox 776 4032 1091 4098; x_wconf 85' lang='grc' dir='ltr'>ἀνάστασιν,</span> <span class='ocrx_word' id='word_1_432' title='bbox 1109 4031 1485 4102; x_wconf 80' lang='grc' dir='ltr'>προσυκνῆσαι</span> <span class='ocrx_word' id='word_1_433' title='bbox 1508 4030 1687 4084; x_wconf 83' lang='grc' dir='ltr'>καὶτά</span> <span class='ocrx_word' id='word_1_434' title='bbox 1708 4029 1827 4084; x_wconf 86' lang='grc' dir='ltr'>θεῖα</span> 
     </span>
    </p>
   </div>
   <div class='ocr_carea' id='block_1_73' title="bbox 250 4126 558 4196">
    <p class='ocr_par' dir='ltr' id='par_1_73' title="bbox 250 4126 558 4196">
     <span class='ocr_line' id='line_1_73' title="bbox 250 4126 558 4196; baseline -0.013 -13"><span class='ocrx_word' id='word_1_435' title='bbox 250 4144 346 4183; x_wconf 89' lang='grc' dir='ltr'><strong>σου</strong></span> <span class='ocrx_word' id='word_1_436' title='bbox 386 4126 558 4196; x_wconf 85' lang='grc' dir='ltr'>πάθη.</span> 
     </span>
    </p>
   </div>
   <div class='ocr_carea' id='block_1_74' title="bbox 328 4207 1829 4289">
    <p class='ocr_par' dir='ltr' id='par_1_74' title="bbox 328 4207 1829 4289">
     <span class='ocr_line' id='line_1_74' title="bbox 328 4207 1829 4289; baseline -0.007 -19"><span class='ocrx_word' id='word_1_437' title='bbox 328 4217 397 4271; x_wconf 83' lang='grc' dir='ltr'><strong>Ἦ</strong></span> <span class='ocrx_word' id='word_1_438' title='bbox 427 4213 786 4289; x_wconf 72' lang='grc' dir='ltr'>ούρανιῖκιασα</span> <span class='ocrx_word' id='word_1_439' title='bbox 808 4211 968 4285; x_wconf 77' lang='grc' dir='ltr'>ἡμῶν</span> <span class='ocrx_word' id='word_1_440' title='bbox 994 4210 1056 4267; x_wconf 84' lang='grc' dir='ltr'><strong>τδ</strong></span> <span class='ocrx_word' id='word_1_441' title='bbox 1076 4211 1279 4282; x_wconf 78' lang='grc' dir='ltr'>γεῶδες</span> <span class='ocrx_word' id='word_1_442' title='bbox 1305 4210 1556 4281; x_wconf 82' lang='grc' dir='ltr'>φύραμα,</span> <span class='ocrx_word' id='word_1_443' title='bbox 1573 4212 1638 4281; x_wconf 77' lang='grc' dir='ltr'>τῇ</span> <span class='ocrx_word' id='word_1_444' title='bbox 1661 4208 1720 4261; x_wconf 81' lang='grc' dir='ltr'><strong>ὲν</strong></span> <span class='ocrx_word' id='word_1_445' title='bbox 1745 4207 1829 4260; x_wconf 74' lang='grc' dir='ltr'><strong>σοι</strong></span> 
     </span>
    </p>
   </div>
   <div class='ocr_carea' id='block_1_75' title="bbox 243 4300 1826 4380">
    <p class='ocr_par' dir='ltr' id='par_1_75' title="bbox 243 4300 1826 4380">
     <span class='ocr_line' id='line_1_75' title="bbox 243 4300 1826 4380; baseline -0.006 -17"><span class='ocrx_word' id='word_1_446' title='bbox 243 4309 341 4363; x_wconf 80' lang='grc' dir='ltr'>τοῦ</span> <span class='ocrx_word' id='word_1_447' title='bbox 369 4307 528 4374; x_wconf 79' lang='grc' dir='ltr'>Θεοῦ,</span> <span class='ocrx_word' id='word_1_448' title='bbox 545 4308 872 4380; x_wconf 77' lang='grc' dir='ltr'>πανάμωμε,</span> <span class='ocrx_word' id='word_1_449' title='bbox 903 4306 1196 4374; x_wconf 76' lang='grc' dir='ltr'>ἐνοικήσει,</span> <span class='ocrx_word' id='word_1_450' title='bbox 1224 4303 1388 4375; x_wconf 78' lang='grc' dir='ltr'>ῥῦσαι</span> <span class='ocrx_word' id='word_1_451' title='bbox 1415 4301 1621 4367; x_wconf 77' lang='grc' dir='ltr'>πάντας</span> <span class='ocrx_word' id='word_1_452' title='bbox 1646 4300 1826 4355; x_wconf 86' lang='grc' dir='ltr'>κινδύ-</span> 
     </span>
    </p>
   </div>
   <div class='ocr_carea' id='block_1_76' title="bbox 248 4418 375 4454">
    <p class='ocr_par' dir='ltr' id='par_1_76' title="bbox 248 4418 375 4454">
     <span class='ocr_line' id='line_1_76' title="bbox 248 4418 375 4454; baseline -0.016 1"><span class='ocrx_word' id='word_1_453' title='bbox 248 4418 355 4454; x_wconf 80' lang='grc' dir='ltr'><strong>νων</strong></span> <span class='ocrx_word' id='word_1_454' title='bbox 362 4439 375 4453; x_wconf 84' lang='grc'><em>.</em></span> 
     </span>
    </p>
   </div>
   <div class='ocr_carea' id='block_1_77' title="bbox 578 4505 1515 4581">
    <p class='ocr_par' dir='ltr' id='par_1_77' title="bbox 578 4505 1515 4581">
     <span class='ocr_line' id='line_1_77' title="bbox 578 4505 1515 4581; baseline -0.004 -16"><span class='ocrx_word' id='word_1_455' title='bbox 578 4510 647 4565; x_wconf 84' lang='grc'><strong>’0</strong></span> <span class='ocrx_word' id='word_1_456' title='bbox 688 4507 1001 4581; x_wconf 67' lang='grc' dir='ltr'>φωτισμός</span> <span class='ocrx_word' id='word_1_457' title='bbox 1035 4505 1153 4561; x_wconf 78' lang='grc' dir='ltr'>τῶν</span> <span class='ocrx_word' id='word_1_458' title='bbox 1186 4505 1257 4560; x_wconf 81' lang='grc' dir='ltr'>ἐν</span> <span class='ocrx_word' id='word_1_459' title='bbox 1292 4506 1515 4561; x_wconf 82' lang='grc' dir='ltr'>σκότει.</span> 
     </span>
    </p>
   </div>
   <div class='ocr_carea' id='block_1_78' title="bbox 324 4617 1834 4696">
    <p class='ocr_par' dir='ltr' id='par_1_78' title="bbox 324 4617 1834 4696">
     <span class='ocr_line' id='line_1_78' title="bbox 324 4617 1834 4696; baseline -0.005 -17"><span class='ocrx_word' id='word_1_460' title='bbox 324 4625 435 4696; x_wconf 81' lang='grc' dir='ltr'>Τὴν</span> <span class='ocrx_word' id='word_1_461' title='bbox 470 4626 527 4679; x_wconf 75' lang='grc' dir='ltr'><strong>ἐν</strong></span> <span class='ocrx_word' id='word_1_462' title='bbox 558 4624 684 4695; x_wconf 73' lang='grc' dir='ltr'>ἐμοὶ</span> <span class='ocrx_word' id='word_1_463' title='bbox 713 4620 964 4693; x_wconf 82' lang='grc' dir='ltr'>καθορῶν</span> <span class='ocrx_word' id='word_1_464' title='bbox 991 4618 1267 4692; x_wconf 75' lang='grc' dir='ltr'>ρᾳθυμίαν</span> <span class='ocrx_word' id='word_1_465' title='bbox 1296 4621 1324 4674; x_wconf 83' lang='grc' dir='ltr'>ὁ</span> <span class='ocrx_word' id='word_1_466' title='bbox 1351 4619 1645 4693; x_wconf 81' lang='grc' dir='ltr'>δολιόφρων</span> <span class='ocrx_word' id='word_1_467' title='bbox 1668 4617 1834 4687; x_wconf 75' lang='grc' dir='ltr'>σπεύ-</span> 
     </span>
    </p>
   </div>
   <div class='ocr_carea' id='block_1_79' title="bbox 251 4707 1832 4789">
    <p class='ocr_par' dir='ltr' id='par_1_79' title="bbox 251 4707 1832 4789">
     <span class='ocr_line' id='line_1_79' title="bbox 251 4707 1832 4789; baseline -0.006 -15"><span class='ocrx_word' id='word_1_468' title='bbox 251 4720 333 4775; x_wconf 84' lang='grc' dir='ltr'><strong>δει</strong></span> <span class='ocrx_word' id='word_1_469' title='bbox 355 4720 451 4773; x_wconf 76' lang='grc' dir='ltr'><strong>καὶ</strong></span> <span class='ocrx_word' id='word_1_470' title='bbox 472 4717 819 4789; x_wconf 81' lang='grc' dir='ltr'>συμπράττει</span> <span class='ocrx_word' id='word_1_471' title='bbox 845 4717 915 4786; x_wconf 73' lang='grc' dir='ltr'>τῇ</span> <span class='ocrx_word' id='word_1_472' title='bbox 942 4714 1191 4786; x_wconf 76' lang='grc' dir='ltr'>ἁμαρτία</span> <span class='ocrx_word' id='word_1_473' title='bbox 1207 4728 1223 4745; x_wconf 87' lang='grc'><strong>·</strong></span> <span class='ocrx_word' id='word_1_474' title='bbox 1252 4713 1433 4785; x_wconf 82' lang='grc' dir='ltr'>χαίρει</span> <span class='ocrx_word' id='word_1_475' title='bbox 1455 4714 1565 4785; x_wconf 77' lang='grc' dir='ltr'><strong>γὰρ</strong></span> <span class='ocrx_word' id='word_1_476' title='bbox 1592 4707 1743 4777; x_wconf 71' lang='grc' dir='ltr'>οὗτος</span> <span class='ocrx_word' id='word_1_477' title='bbox 1766 4714 1832 4783; x_wconf 78' lang='grc' dir='ltr'>τῇ</span> 
     </span>
    </p>
   </div>
   <div class='ocr_carea' id='block_1_80' title="bbox 252 4803 1836 4881">
    <p class='ocr_par' dir='ltr' id='par_1_80' title="bbox 252 4803 1836 4881">
     <span class='ocr_line' id='line_1_80' title="bbox 252 4803 1836 4881; baseline -0.005 -17"><span class='ocrx_word' id='word_1_478' title='bbox 252 4810 360 4881; x_wconf 72' lang='grc' dir='ltr'><strong>ἐμῇ</strong></span> <span class='ocrx_word' id='word_1_479' title='bbox 381 4807 641 4879; x_wconf 76' lang='grc' dir='ltr'>τιμωρίᾳο</span> <span class='ocrx_word' id='word_1_480' title='bbox 672 4805 810 4861; x_wconf 83' lang='grc' dir='ltr'><strong>ἀλλά</strong></span> <span class='ocrx_word' id='word_1_481' title='bbox 829 4804 893 4859; x_wconf 83' lang='grc' dir='ltr'>σύ</span> <span class='ocrx_word' id='word_1_482' title='bbox 921 4821 1012 4876; x_wconf 86' lang='grc' dir='ltr'><strong>μοι</strong></span> <span class='ocrx_word' id='word_1_483' title='bbox 1031 4803 1177 4860; x_wconf 84' lang='grc' dir='ltr'>δίδου</span> <span class='ocrx_word' id='word_1_484' title='bbox 1194 4803 1503 4876; x_wconf 86' lang='grc' dir='ltr'>διόρθωσιν,</span> <span class='ocrx_word' id='word_1_485' title='bbox 1525 4804 1733 4876; x_wconf 78' lang='grc' dir='ltr'>Σῶτερ,</span> <span class='ocrx_word' id='word_1_486' title='bbox 1752 4805 1836 4867; x_wconf 84' lang='grc' dir='ltr'><strong>είς</strong></span> 
     </span>
    </p>
   </div>
   <div class='ocr_carea' id='block_1_81' title="bbox 255 4897 1045 4970">
    <p class='ocr_par' dir='ltr' id='par_1_81' title="bbox 255 4897 1045 4970">
     <span class='ocr_line' id='line_1_81' title="bbox 255 4897 1045 4970; baseline -0.003 -18"><span class='ocrx_word' id='word_1_487' title='bbox 255 4901 466 4953; x_wconf 78' lang='grc' dir='ltr'>ἐκείνου</span> <span class='ocrx_word' id='word_1_488' title='bbox 484 4898 791 4970; x_wconf 76' lang='grc' dir='ltr'>ἀναίρεσιν,</span> <span class='ocrx_word' id='word_1_489' title='bbox 828 4897 1045 4968; x_wconf 66' lang='grc' dir='ltr'>δέομαι.</span> 
     </span>
    </p>
   </div>
   <div class='ocr_carea' id='block_1_82' title="bbox 335 4977 1835 5063">
    <p class='ocr_par' dir='ltr' id='par_1_82' title="bbox 335 4977 1835 5063">
     <span class='ocr_line' id='line_1_82' title="bbox 335 4977 1835 5063; baseline -0.004 -19"><span class='ocrx_word' id='word_1_490' title='bbox 335 4990 396 5044; x_wconf 89' lang='grc' dir='ltr'>Ὅ</span> <span class='ocrx_word' id='word_1_491' title='bbox 449 4991 549 5054; x_wconf 83' lang='grc' dir='ltr'>τὰς</span> <span class='ocrx_word' id='word_1_492' title='bbox 601 4990 775 5063; x_wconf 81' lang='grc' dir='ltr'>ἀρχὰς</span> <span class='ocrx_word' id='word_1_493' title='bbox 834 4986 1217 5061; x_wconf 79' lang='grc' dir='ltr'>θριαμὸεύσας</span> <span class='ocrx_word' id='word_1_494' title='bbox 1266 4987 1364 5042; x_wconf 77' lang='grc' dir='ltr'>τοῦ</span> <span class='ocrx_word' id='word_1_495' title='bbox 1417 4987 1642 5051; x_wconf 83' lang='grc' dir='ltr'>σκότους</span> <span class='ocrx_word' id='word_1_496' title='bbox 1674 4977 1733 5039; x_wconf 71' lang='grc' dir='ltr'><strong>ιν</strong></span> <span class='ocrx_word' id='word_1_497' title='bbox 1757 4986 1835 5057; x_wconf 83' lang='grc' dir='ltr'>τῷ</span> 
     </span>
    </p>
   </div>
   <div class='ocr_carea' id='block_1_83' title="bbox 258 5077 1837 5151">
    <p class='ocr_par' dir='ltr' id='par_1_83' title="bbox 258 5077 1837 5151">
     <span class='ocr_line' id='line_1_83' title="bbox 258 5077 1837 5151; baseline -0.003 -17"><span class='ocrx_word' id='word_1_498' title='bbox 258 5080 476 5151; x_wconf 82' lang='grc' dir='ltr'>σταυρῷ</span> <span class='ocrx_word' id='word_1_499' title='bbox 502 5097 619 5146; x_wconf 86' lang='grc' dir='ltr'>σου,</span> <span class='ocrx_word' id='word_1_500' title='bbox 650 5082 859 5134; x_wconf 87' lang='grc' dir='ltr'>τούτων</span> <span class='ocrx_word' id='word_1_501' title='bbox 889 5078 1074 5149; x_wconf 70' lang='grc' dir='ltr'>ἐξελοῦ</span> <span class='ocrx_word' id='word_1_502' title='bbox 1113 5096 1182 5151; x_wconf 76' lang='grc' dir='ltr'><strong>με</strong></span> <span class='ocrx_word' id='word_1_503' title='bbox 1218 5078 1320 5148; x_wconf 81' lang='grc' dir='ltr'>τῆς</span> <span class='ocrx_word' id='word_1_504' title='bbox 1358 5078 1716 5148; x_wconf 83' lang='grc' dir='ltr'>κακουργίας,</span> <span class='ocrx_word' id='word_1_505' title='bbox 1744 5077 1837 5130; x_wconf 85' lang='grc' dir='ltr'><strong>τὸν</strong></span> 
     </span>
    </p>
   </div>
   <div class='ocr_carea' id='block_1_84' title="bbox 257 5169 1837 5244">
    <p class='ocr_par' dir='ltr' id='par_1_84' title="bbox 257 5169 1837 5244">
     <span class='ocr_line' id='line_1_84' title="bbox 257 5169 1837 5244; baseline -0.001 -20"><span class='ocrx_word' id='word_1_506' title='bbox 257 5172 568 5244; x_wconf 68' lang='grc' dir='ltr'>ἐμπεσόντα</span> <span class='ocrx_word' id='word_1_507' title='bbox 594 5173 676 5236; x_wconf 83' lang='grc' dir='ltr'><strong>είς</strong></span> <span class='ocrx_word' id='word_1_508' title='bbox 705 5171 868 5243; x_wconf 77' lang='grc' dir='ltr'>βυθὸν</span> <span class='ocrx_word' id='word_1_509' title='bbox 899 5172 1215 5244; x_wconf 75' lang='grc' dir='ltr'>ἁμαρτίας,</span> <span class='ocrx_word' id='word_1_510' title='bbox 1247 5171 1342 5226; x_wconf 73' lang='grc' dir='ltr'><strong>καὶ</strong></span> <span class='ocrx_word' id='word_1_511' title='bbox 1375 5173 1456 5235; x_wconf 80' lang='grc' dir='ltr'>εἰς</span> <span class='ocrx_word' id='word_1_512' title='bbox 1499 5171 1689 5242; x_wconf 83' lang='grc' dir='ltr'>βόθρον</span> <span class='ocrx_word' id='word_1_513' title='bbox 1715 5169 1837 5223; x_wconf 85' lang='grc' dir='ltr'>ἀτό-</span> 
     </span>
    </p>
   </div>
   <div class='ocr_carea' id='block_1_85' title="bbox 258 5260 1835 5335">
    <p class='ocr_par' dir='ltr' id='par_1_85' title="bbox 258 5260 1835 5335">
     <span class='ocr_line' id='line_1_85' title="bbox 258 5260 1835 5335; baseline -0.003 -15"><span class='ocrx_word' id='word_1_514' title='bbox 258 5279 377 5320; x_wconf 81' lang='grc' dir='ltr'><strong>πων</strong></span> <span class='ocrx_word' id='word_1_515' title='bbox 416 5263 690 5335; x_wconf 83' lang='grc' dir='ltr'>πράξεων,</span> <span class='ocrx_word' id='word_1_516' title='bbox 732 5262 824 5317; x_wconf 81' lang='grc' dir='ltr'>σοῦ</span> <span class='ocrx_word' id='word_1_517' title='bbox 861 5263 919 5316; x_wconf 71' lang='grc' dir='ltr'>δὲ</span> <span class='ocrx_word' id='word_1_518' title='bbox 954 5262 1032 5332; x_wconf 80' lang='grc' dir='ltr'>τῷ</span> <span class='ocrx_word' id='word_1_519' title='bbox 1068 5261 1209 5315; x_wconf 73' lang='grc' dir='ltr'>ἐλέει</span> <span class='ocrx_word' id='word_1_520' title='bbox 1249 5261 1489 5332; x_wconf 80' lang='grc' dir='ltr'>σωθῆναι</span> <span class='ocrx_word' id='word_1_521' title='bbox 1526 5260 1835 5328; x_wconf 69' lang='grc' dir='ltr'>ἐλπίζοντα.</span> 
     </span>
    </p>
   </div>
   <div class='ocr_carea' id='block_1_86' title="bbox 343 5352 1876 5426">
    <p class='ocr_par' dir='ltr' id='par_1_86' title="bbox 343 5352 1876 5426">
     <span class='ocr_line' id='line_1_86' title="bbox 343 5352 1876 5426; baseline -0.006 -14"><span class='ocrx_word' id='word_1_522' title='bbox 343 5356 403 5411; x_wconf 86' lang='lat'><strong>&#39;0</strong></span> <span class='ocrx_word' id='word_1_523' title='bbox 436 5353 735 5426; x_wconf 77' lang='grc' dir='ltr'>νεκρωθεις</span> <span class='ocrx_word' id='word_1_524' title='bbox 771 5356 828 5408; x_wconf 77' lang='grc' dir='ltr'><strong>ὲν</strong></span> <span class='ocrx_word' id='word_1_525' title='bbox 874 5352 1094 5425; x_wconf 84' lang='grc' dir='ltr'>σταυρῷ</span> <span class='ocrx_word' id='word_1_526' title='bbox 1120 5352 1467 5424; x_wconf 80' lang='grc' dir='ltr'>ήπλωμένος,</span> <span class='ocrx_word' id='word_1_527' title='bbox 1501 5352 1601 5422; x_wconf 85' lang='grc' dir='ltr'>τὴν</span> <span class='ocrx_word' id='word_1_528' title='bbox 1632 5368 1839 5421; x_wconf 86' lang='grc' dir='ltr'>νεκρω-</span> <span class='ocrx_word' id='word_1_529' title='bbox 1862 5354 1876 5368; x_wconf 87' lang='grc'><strong><em>⁸</em></strong></span> 
     </span>
    </p>
   </div>
   <div class='ocr_carea' id='block_1_87' title="bbox 260 5440 1837 5515">
    <p class='ocr_par' dir='ltr' id='par_1_87' title="bbox 260 5440 1837 5515">
     <span class='ocr_line' id='line_1_87' title="bbox 260 5440 1837 5515; baseline -0.006 -13"><span class='ocrx_word' id='word_1_530' title='bbox 260 5447 448 5503; x_wconf 74' lang='grc' dir='ltr'>θεῖσαν</span> <span class='ocrx_word' id='word_1_531' title='bbox 484 5445 706 5510; x_wconf 79' lang='grc' dir='ltr'>ζώωσον</span> <span class='ocrx_word' id='word_1_532' title='bbox 729 5443 911 5515; x_wconf 75' lang='grc' dir='ltr'>ψυχήν</span> <span class='ocrx_word' id='word_1_533' title='bbox 940 5460 1043 5512; x_wconf 89' lang='grc' dir='ltr'><strong>μου</strong></span> <span class='ocrx_word' id='word_1_534' title='bbox 1086 5445 1154 5513; x_wconf 78' lang='grc' dir='ltr'>τῇ</span> <span class='ocrx_word' id='word_1_535' title='bbox 1189 5443 1458 5513; x_wconf 80' lang='grc' dir='ltr'>ἁμαρτίᾳ,</span> <span class='ocrx_word' id='word_1_536' title='bbox 1489 5441 1584 5494; x_wconf 69' lang='grc' dir='ltr'><strong>καλ⁸</strong></span> <span class='ocrx_word' id='word_1_537' title='bbox 1616 5440 1714 5510; x_wconf 78' lang='grc' dir='ltr'><strong>τὴν</strong></span> <span class='ocrx_word' id='word_1_538' title='bbox 1746 5457 1837 5493; x_wconf 83' lang='grc' dir='ltr'>σε-</span> 
     </span>
    </p>
   </div>
   <div class='ocr_carea' id='block_1_88' title="bbox 264 5531 1838 5609">
    <p class='ocr_par' dir='ltr' id='par_1_88' title="bbox 264 5531 1838 5609">
     <span class='ocr_line' id='line_1_88' title="bbox 264 5531 1838 5609; baseline -0.003 -20"><span class='ocrx_word' id='word_1_539' title='bbox 264 5540 405 5609; x_wconf 78' lang='grc' dir='ltr'>πτήν</span> <span class='ocrx_word' id='word_1_540' title='bbox 423 5554 517 5591; x_wconf 82' lang='grc' dir='ltr'><strong>σου</strong></span> <span class='ocrx_word' id='word_1_541' title='bbox 537 5534 889 5601; x_wconf 71' lang='grc' dir='ltr'>ἐξανάστασιν</span> <span class='ocrx_word' id='word_1_542' title='bbox 910 5534 1108 5604; x_wconf 83' lang='grc' dir='ltr'>φθάσαι</span> <span class='ocrx_word' id='word_1_543' title='bbox 1125 5536 1182 5588; x_wconf 77' lang='grc' dir='ltr'>ὲν</span> <span class='ocrx_word' id='word_1_544' title='bbox 1198 5535 1410 5606; x_wconf 76' lang='grc' dir='ltr'>εἰρήνη,</span> <span class='ocrx_word' id='word_1_545' title='bbox 1430 5532 1651 5601; x_wconf 83' lang='grc' dir='ltr'>Χριστὲ,</span> <span class='ocrx_word' id='word_1_546' title='bbox 1676 5531 1838 5598; x_wconf 77' lang='grc' dir='ltr'>ἀξίω-</span> 
     </span>
    </p>
   </div>
   <div class='ocr_carea' id='block_1_89' title="bbox 261 5624 1604 5703">
    <p class='ocr_par' dir='ltr' id='par_1_89' title="bbox 261 5624 1604 5703">
     <span class='ocr_line' id='line_1_89' title="bbox 261 5624 1604 5703; baseline -0.008 -13"><span class='ocrx_word' id='word_1_547' title='bbox 261 5651 352 5690; x_wconf 90' lang='grc' dir='ltr'><strong>σον</strong></span> <span class='ocrx_word' id='word_1_548' title='bbox 396 5630 701 5703; x_wconf 77' lang='grc' dir='ltr'>πράττοντα</span> <span class='ocrx_word' id='word_1_549' title='bbox 738 5627 804 5682; x_wconf 67' lang='grc' dir='ltr'>τὰ</span> <span class='ocrx_word' id='word_1_550' title='bbox 845 5627 911 5681; x_wconf 71' lang='grc' dir='ltr'><strong>σά</strong></span> <span class='ocrx_word' id='word_1_551' title='bbox 949 5625 1201 5699; x_wconf 79' lang='grc' dir='ltr'>ἐμμελῶς</span> <span class='ocrx_word' id='word_1_552' title='bbox 1239 5624 1604 5698; x_wconf 72' lang='grc' dir='ltr'>δικαιώματα.</span> 
     </span>
    </p>
   </div>
   <div class='ocr_carea' id='block_1_90' title="bbox 1926 3119 3491 3201">
    <p class='ocr_par' dir='ltr' id='par_1_90' title="bbox 1926 3119 3491 3201">
     <span class='ocr_line' id='line_1_90' title="bbox 1926 3119 3491 3201; baseline 0.001 -26"><span class='ocrx_word' id='word_1_553' title='bbox 1926 3121 2184 3189; x_wconf 77' lang='lat' dir='ltr'><strong>genuisti,</strong></span> <span class='ocrx_word' id='word_1_554' title='bbox 2221 3119 2379 3191; x_wconf 76' lang='lat' dir='ltr'><strong>Virgo</strong></span> <span class='ocrx_word' id='word_1_555' title='bbox 2413 3138 2426 3174; x_wconf 92' lang='lat'><strong>:</strong></span> <span class='ocrx_word' id='word_1_556' title='bbox 2457 3121 2553 3175; x_wconf 88' lang='lat' dir='ltr'><strong>sed</strong></span> <span class='ocrx_word' id='word_1_557' title='bbox 2581 3121 2845 3201; x_wconf 78' lang='lat' dir='ltr'><strong>combure</strong></span> <span class='ocrx_word' id='word_1_558' title='bbox 2876 3120 3130 3177; x_wconf 79' lang='lat' dir='ltr'><strong>libidines</strong></span> <span class='ocrx_word' id='word_1_559' title='bbox 3158 3123 3491 3186; x_wconf 86' lang='lat' dir='ltr'><strong>animarum,</strong></span> 
     </span>
    </p>
   </div>
   <div class='ocr_carea' id='block_1_91' title="bbox 1926 3210 3139 3280">
    <p class='ocr_par' dir='ltr' id='par_1_91' title="bbox 1926 3210 3139 3280">
     <span class='ocr_line' id='line_1_91' title="bbox 1926 3210 3139 3280; baseline 0.002 -17"><span class='ocrx_word' id='word_1_560' title='bbox 1926 3210 2279 3264; x_wconf 85' lang='lat' dir='ltr'><strong>clamantium</strong></span> <span class='ocrx_word' id='word_1_561' title='bbox 2306 3226 2520 3280; x_wconf 81' lang='lat' dir='ltr'><strong>semper</strong></span> <span class='ocrx_word' id='word_1_562' title='bbox 2551 3227 2565 3264; x_wconf 90' lang='lat'>:</span> <span class='ocrx_word' id='word_1_563' title='bbox 2596 3210 2924 3276; x_wconf 80' lang='lat' dir='ltr'><strong>Benedicite,</strong></span> <span class='ocrx_word' id='word_1_564' title='bbox 2953 3226 3139 3280; x_wconf 82' lang='lat' dir='ltr'><strong>Opera.</strong></span> 
     </span>
    </p>
   </div>
   <div class='ocr_carea' id='block_1_92' title="bbox 1992 3297 3377 3363">
    <p class='ocr_par' dir='ltr' id='par_1_92' title="bbox 1992 3297 3377 3363">
     <span class='ocr_line' id='line_1_92' title="bbox 1992 3297 3377 3363; baseline 0.002 -11"><span class='ocrx_word' id='word_1_565' title='bbox 1992 3297 2122 3363; x_wconf 75' lang='grc' dir='ltr'><strong>ρυω</strong></span> <span class='ocrx_word' id='word_1_566' title='bbox 2154 3300 2467 3353; x_wconf 75' lang='lat' dir='ltr'><strong>immensum</strong></span> <span class='ocrx_word' id='word_1_567' title='bbox 2499 3298 2663 3352; x_wconf 81' lang='lat' dir='ltr'><strong>Deum</strong></span> <span class='ocrx_word' id='word_1_568' title='bbox 2693 3300 2748 3353; x_wconf 82' lang='lat' dir='ltr'><strong>in</strong></span> <span class='ocrx_word' id='word_1_569' title='bbox 2785 3309 2929 3352; x_wconf 77' lang='lat' dir='ltr'><strong>utero</strong></span> <span class='ocrx_word' id='word_1_570' title='bbox 2962 3297 3377 3355; x_wconf 74' lang='lat' dir='ltr'><strong>circumdedisti.</strong></span> 
     </span>
    </p>
   </div>
   <div class='ocr_carea' id='block_1_93' title="bbox 2001 3384 3492 3463">
    <p class='ocr_par' dir='ltr' id='par_1_93' title="bbox 2001 3384 3492 3463">
     <span class='ocr_line' id='line_1_93' title="bbox 2001 3384 3492 3463; baseline 0.004 -22"><span class='ocrx_word' id='word_1_571' title='bbox 2001 3388 2256 3460; x_wconf 74' lang='lat' dir='ltr'><strong>Dejectus</strong></span> <span class='ocrx_word' id='word_1_572' title='bbox 2293 3388 2631 3461; x_wconf 77' lang='lat' dir='ltr'><strong>voluptatum</strong></span> <span class='ocrx_word' id='word_1_573' title='bbox 2673 3390 2726 3444; x_wconf 90' lang='lat' dir='ltr'><strong>in</strong></span> <span class='ocrx_word' id='word_1_574' title='bbox 2773 3405 2923 3444; x_wconf 86' lang='lat' dir='ltr'><strong>mare</strong></span> <span class='ocrx_word' id='word_1_575' title='bbox 2965 3401 3201 3454; x_wconf 88' lang='lat' dir='ltr'><strong>vastum,</strong></span> <span class='ocrx_word' id='word_1_576' title='bbox 3236 3384 3492 3463; x_wconf 81' lang='lat' dir='ltr'><strong>abyssum</strong></span> 
     </span>
    </p>
   </div>
   <div class='ocr_carea' id='block_1_94' title="bbox 1930 3477 3456 3545">
    <p class='ocr_par' dir='ltr' id='par_1_94' title="bbox 1930 3477 3456 3545">
     <span class='ocr_line' id='line_1_94' title="bbox 1930 3477 3456 3545; baseline -0.001 -9"><span class='ocrx_word' id='word_1_577' title='bbox 1930 3491 2036 3536; x_wconf 77' lang='lat' dir='ltr'><strong>tua:</strong></span> <span class='ocrx_word' id='word_1_578' title='bbox 2066 3480 2458 3535; x_wconf 70' lang='lat' dir='ltr'><strong>misericordia:</strong></span> <span class='ocrx_word' id='word_1_579' title='bbox 2485 3479 2693 3533; x_wconf 80' lang='lat' dir='ltr'><strong>advoco</strong></span> <span class='ocrx_word' id='word_1_580' title='bbox 2719 3497 2733 3534; x_wconf 87' lang='lat'><strong>:</strong></span> <span class='ocrx_word' id='word_1_581' title='bbox 2761 3477 2920 3533; x_wconf 87' lang='lat' dir='ltr'><strong>Salva</strong></span> <span class='ocrx_word' id='word_1_582' title='bbox 2953 3494 3059 3545; x_wconf 87' lang='lat' dir='ltr'><strong>me,</strong></span> <span class='ocrx_word' id='word_1_583' title='bbox 3089 3477 3456 3539; x_wconf 81' lang='lat' dir='ltr'><strong>Gubernator.</strong></span> 
     </span>
    </p>
   </div>
   <div class='ocr_carea' id='block_1_95' title="bbox 2002 3665 3498 3741">
    <p class='ocr_par' dir='ltr' id='par_1_95' title="bbox 2002 3665 3498 3741">
     <span class='ocr_line' id='line_1_95' title="bbox 2002 3665 3498 3741; baseline -0.001 -16"><span class='ocrx_word' id='word_1_584' title='bbox 2002 3667 2389 3725; x_wconf 75' lang='lat' dir='ltr'><strong>Misericordia:</strong></span> <span class='ocrx_word' id='word_1_585' title='bbox 2438 3666 2585 3731; x_wconf 77' lang='lat' dir='ltr'><strong>fons,</strong></span> <span class='ocrx_word' id='word_1_586' title='bbox 2610 3667 2679 3722; x_wconf 83' lang='lat' dir='ltr'><strong>da</strong></span> <span class='ocrx_word' id='word_1_587' title='bbox 2726 3665 2860 3722; x_wconf 87' lang='lat' dir='ltr'><strong>tnihi</strong></span> <span class='ocrx_word' id='word_1_588' title='bbox 2901 3668 3340 3740; x_wconf 85' lang='lat' dir='ltr'><strong>compunctionis</strong></span> <span class='ocrx_word' id='word_1_589' title='bbox 3376 3678 3498 3741; x_wconf 74' lang='lat' dir='ltr'><strong>gut—</strong></span> 
     </span>
    </p>
   </div>
   <div class='ocr_carea' id='block_1_96' title="bbox 1933 3761 3429 3831">
    <p class='ocr_par' dir='ltr' id='par_1_96' title="bbox 1933 3761 3429 3831">
     <span class='ocr_line' id='line_1_96' title="bbox 1933 3761 3429 3831; baseline 0 -13"><span class='ocrx_word' id='word_1_590' title='bbox 1933 3773 2065 3831; x_wconf 84' lang='lat' dir='ltr'><strong>tam,</strong></span> <span class='ocrx_word' id='word_1_591' title='bbox 2095 3772 2156 3818; x_wconf 91' lang='lat' dir='ltr'><strong>ut</strong></span> <span class='ocrx_word' id='word_1_592' title='bbox 2178 3762 2390 3831; x_wconf 79' lang='lat' dir='ltr'><strong>lugeam</strong></span> <span class='ocrx_word' id='word_1_593' title='bbox 2422 3761 2689 3815; x_wconf 88' lang='lat' dir='ltr'><strong>malorum</strong></span> <span class='ocrx_word' id='word_1_594' title='bbox 2718 3776 2963 3816; x_wconf 85' lang='lat' dir='ltr'><strong>meorum</strong></span> <span class='ocrx_word' id='word_1_595' title='bbox 2994 3761 3204 3816; x_wconf 84' lang='lat' dir='ltr'><strong>inﬁnita</strong></span> <span class='ocrx_word' id='word_1_596' title='bbox 3234 3763 3429 3817; x_wconf 85' lang='lat' dir='ltr'><strong>maria.</strong></span> 
     </span>
    </p>
   </div>
   <div class='ocr_carea' id='block_1_97' title="bbox 2007 3920 3499 3994">
    <p class='ocr_par' dir='ltr' id='par_1_97' title="bbox 2007 3920 3499 3994">
     <span class='ocr_line' id='line_1_97' title="bbox 2007 3920 3499 3994; baseline -0.003 -15"><span class='ocrx_word' id='word_1_597' title='bbox 2007 3924 2406 3994; x_wconf 86' lang='lat' dir='ltr'><strong>Discipulorum</strong></span> <span class='ocrx_word' id='word_1_598' title='bbox 2440 3930 2684 3988; x_wconf 86' lang='lat' dir='ltr'><strong>tuorum,</strong></span> <span class='ocrx_word' id='word_1_599' title='bbox 2712 3920 2864 3985; x_wconf 68' lang='lat' dir='ltr'><strong>Iesu,</strong></span> <span class='ocrx_word' id='word_1_600' title='bbox 2892 3922 2994 3993; x_wconf 88' lang='lat' dir='ltr'><strong>piis</strong></span> <span class='ocrx_word' id='word_1_601' title='bbox 3028 3922 3283 3993; x_wconf 85' lang='lat' dir='ltr'><strong>precibus</strong></span> <span class='ocrx_word' id='word_1_602' title='bbox 3327 3937 3499 3994; x_wconf 78' lang='lat' dir='ltr'><strong>augu-</strong></span> 
     </span>
    </p>
   </div>
   <div class='ocr_carea' id='block_1_98' title="bbox 1934 4012 3502 4087">
    <p class='ocr_par' dir='ltr' id='par_1_98' title="bbox 1934 4012 3502 4087">
     <span class='ocr_line' id='line_1_98' title="bbox 1934 4012 3502 4087; baseline -0.001 -15"><span class='ocrx_word' id='word_1_603' title='bbox 1934 4026 2071 4072; x_wconf 81' lang='lat' dir='ltr'><strong>stam</strong></span> <span class='ocrx_word' id='word_1_604' title='bbox 2105 4015 2347 4071; x_wconf 85' lang='lat' dir='ltr'><strong>concede</strong></span> <span class='ocrx_word' id='word_1_605' title='bbox 2384 4012 2517 4069; x_wconf 85' lang='lat' dir='ltr'><strong>mihi</strong></span> <span class='ocrx_word' id='word_1_606' title='bbox 2553 4015 3030 4079; x_wconf 84' lang='lat' dir='ltr'><strong>resurrectionem,</strong></span> <span class='ocrx_word' id='word_1_607' title='bbox 3061 4022 3225 4084; x_wconf 82' lang='lat' dir='ltr'><strong>atque</strong></span> <span class='ocrx_word' id='word_1_608' title='bbox 3255 4018 3502 4087; x_wconf 81' lang='lat' dir='ltr'><strong>venerari</strong></span> 
     </span>
    </p>
   </div>
   <div class='ocr_carea' id='block_1_99' title="bbox 1934 4099 2643 4177">
    <p class='ocr_par' dir='ltr' id='par_1_99' title="bbox 1934 4099 2643 4177">
     <span class='ocr_line' id='line_1_99' title="bbox 1934 4099 2643 4177; baseline -0.004 -11"><span class='ocrx_word' id='word_1_609' title='bbox 1934 4111 2148 4166; x_wconf 85' lang='lat' dir='ltr'><strong>divinas</strong></span> <span class='ocrx_word' id='word_1_610' title='bbox 2182 4115 2307 4164; x_wconf 85' lang='lat' dir='ltr'><strong>tuas</strong></span> <span class='ocrx_word' id='word_1_611' title='bbox 2339 4099 2643 4177; x_wconf 83' lang='lat' dir='ltr'><strong>passiones.</strong></span> 
     </span>
    </p>
   </div>
   <div class='ocr_carea' id='block_1_100' title="bbox 2012 4197 3501 4267">
    <p class='ocr_par' dir='ltr' id='par_1_100' title="bbox 2012 4197 3501 4267">
     <span class='ocr_line' id='line_1_100' title="bbox 2012 4197 3501 4267; baseline -0.002 -12"><span class='ocrx_word' id='word_1_612' title='bbox 2012 4199 2145 4267; x_wconf 70' lang='lat' dir='ltr'><strong>Quae</strong></span> <span class='ocrx_word' id='word_1_613' title='bbox 2201 4201 2255 4254; x_wconf 86' lang='lat' dir='ltr'><strong>in</strong></span> <span class='ocrx_word' id='word_1_614' title='bbox 2301 4201 2501 4254; x_wconf 68' lang='lat' dir='ltr'><strong>caelum</strong></span> <span class='ocrx_word' id='word_1_615' title='bbox 2554 4197 2907 4255; x_wconf 84' lang='lat' dir='ltr'><strong>introduxisti</strong></span> <span class='ocrx_word' id='word_1_616' title='bbox 2951 4208 3199 4255; x_wconf 89' lang='lat' dir='ltr'><strong>nostrum</strong></span> <span class='ocrx_word' id='word_1_617' title='bbox 3237 4208 3397 4253; x_wconf 63' lang='lat' dir='ltr'><strong>terrm</strong></span> <span class='ocrx_word' id='word_1_618' title='bbox 3433 4198 3501 4252; x_wconf 87' lang='lat' dir='ltr'><strong>li-</strong></span> 
     </span>
    </p>
   </div>
   <div class='ocr_carea' id='block_1_101' title="bbox 1935 4280 3505 4364">
    <p class='ocr_par' dir='ltr' id='par_1_101' title="bbox 1935 4280 3505 4364">
     <span class='ocr_line' id='line_1_101' title="bbox 1935 4280 3505 4364; baseline -0.001 -18"><span class='ocrx_word' id='word_1_619' title='bbox 1935 4309 2116 4357; x_wconf 89' lang='lat' dir='ltr'><strong>mmn,</strong></span> <span class='ocrx_word' id='word_1_620' title='bbox 2165 4307 2263 4362; x_wconf 90' lang='lat' dir='ltr'><strong>per</strong></span> <span class='ocrx_word' id='word_1_621' title='bbox 2290 4290 2775 4346; x_wconf 86' lang='lat' dir='ltr'><strong>commorationem</strong></span> <span class='ocrx_word' id='word_1_622' title='bbox 2822 4280 2915 4346; x_wconf 73' lang='lat' dir='ltr'><strong>Dei</strong></span> <span class='ocrx_word' id='word_1_623' title='bbox 2950 4292 3004 4346; x_wconf 87' lang='lat' dir='ltr'><strong>in</strong></span> <span class='ocrx_word' id='word_1_624' title='bbox 3045 4303 3116 4358; x_wconf 89' lang='lat' dir='ltr'><strong>te,</strong></span> <span class='ocrx_word' id='word_1_625' title='bbox 3158 4293 3375 4364; x_wconf 86' lang='lat' dir='ltr'><strong>penitus</strong></span> <span class='ocrx_word' id='word_1_626' title='bbox 3421 4290 3505 4345; x_wconf 79' lang='lat' dir='ltr'><strong>in-</strong></span> 
     </span>
    </p>
   </div>
   <div class='ocr_carea' id='block_1_102' title="bbox 1828 4368 3053 4453">
    <p class='ocr_par' dir='ltr' id='par_1_102' title="bbox 1828 4368 3053 4453">
     <span class='ocr_line' id='line_1_102' title="bbox 1828 4368 3053 4453; baseline 0.002 -17"><span class='ocrx_word' id='word_1_627' title='bbox 1828 4368 1908 4427; x_wconf 55' lang='lat' dir='ltr'><strong>‘D</strong></span> <span class='ocrx_word' id='word_1_628' title='bbox 1938 4384 2159 4445; x_wconf 85' lang='lat' dir='ltr'><strong>violata,</strong></span> <span class='ocrx_word' id='word_1_629' title='bbox 2190 4396 2458 4453; x_wconf 65' lang='lat' dir='ltr'><strong>praserva</strong></span> <span class='ocrx_word' id='word_1_630' title='bbox 2490 4395 2681 4437; x_wconf 87' lang='lat' dir='ltr'><strong>omnes</strong></span> <span class='ocrx_word' id='word_1_631' title='bbox 2709 4398 2739 4437; x_wconf 86' lang='lat' dir='ltr'><strong>a</strong></span> <span class='ocrx_word' id='word_1_632' title='bbox 2773 4384 3053 4452; x_wconf 88' lang='lat' dir='ltr'><strong>periculis.</strong></span> 
     </span>
    </p>
   </div>
   <div class='ocr_carea' id='block_1_103' title="bbox 2099 4476 3445 4567">
    <p class='ocr_par' dir='ltr' id='par_1_103' title="bbox 2099 4476 3445 4567">
     <span class='ocr_line' id='line_1_103' title="bbox 2099 4476 3445 4567; baseline 0 -14"><span class='ocrx_word' id='word_1_633' title='bbox 2099 4494 2426 4554; x_wconf 74' lang='lat' dir='ltr'><strong>llluminatio</strong></span> <span class='ocrx_word' id='word_1_634' title='bbox 2456 4495 2666 4550; x_wconf 80' lang='lat' dir='ltr'><strong>illorum</strong></span> <span class='ocrx_word' id='word_1_635' title='bbox 2693 4494 2784 4567; x_wconf 82' lang='lat' dir='ltr'><strong>qui</strong></span> <span class='ocrx_word' id='word_1_636' title='bbox 2811 4493 2863 4548; x_wconf 84' lang='lat' dir='ltr'><strong>in</strong></span> <span class='ocrx_word' id='word_1_637' title='bbox 2894 4493 3116 4549; x_wconf 74' lang='lat' dir='ltr'><strong>tenebris</strong></span> <span class='ocrx_word' id='word_1_638' title='bbox 3139 4494 3337 4553; x_wconf 72' lang='lat' dir='ltr'><strong>sedent.</strong></span> <span class='ocrx_word' id='word_1_639' title='bbox 3440 4476 3445 4481; x_wconf 30' lang='grc' dir='ltr'><strong>ί</strong></span> 
     </span>
    </p>
   </div>
   <div class='ocr_carea' id='block_1_104' title="bbox 2003 4606 3508 4684">
    <p class='ocr_par' dir='ltr' id='par_1_104' title="bbox 2003 4606 3508 4684">
     <span class='ocr_line' id='line_1_104' title="bbox 2003 4606 3508 4684; baseline -0.005 -16"><span class='ocrx_word' id='word_1_640' title='bbox 2003 4612 2300 4684; x_wconf 78' lang='lat' dir='ltr'><strong>Segnitiem</strong></span> <span class='ocrx_word' id='word_1_641' title='bbox 2346 4625 2470 4681; x_wconf 65' lang='lat' dir='ltr'><strong>quae</strong></span> <span class='ocrx_word' id='word_1_642' title='bbox 2518 4616 2604 4665; x_wconf 87' lang='lat' dir='ltr'><strong>est</strong></span> <span class='ocrx_word' id='word_1_643' title='bbox 2640 4608 2695 4663; x_wconf 92' lang='lat' dir='ltr'><strong>in</strong></span> <span class='ocrx_word' id='word_1_644' title='bbox 2747 4622 2837 4663; x_wconf 88' lang='lat' dir='ltr'><strong>me</strong></span> <span class='ocrx_word' id='word_1_645' title='bbox 2884 4607 3240 4663; x_wconf 82' lang='lat' dir='ltr'><strong>considerans</strong></span> <span class='ocrx_word' id='word_1_646' title='bbox 3281 4606 3508 4672; x_wconf 60' lang='lat' dir='ltr'><strong>dolonis</strong></span> 
     </span>
    </p>
   </div>
   <div class='ocr_carea' id='block_1_105' title="bbox 1936 4695 3510 4771">
    <p class='ocr_par' dir='ltr' id='par_1_105' title="bbox 1936 4695 3510 4771">
     <span class='ocr_line' id='line_1_105' title="bbox 1936 4695 3510 4771; baseline -0.008 -11"><span class='ocrx_word' id='word_1_647' title='bbox 1936 4705 2156 4761; x_wconf 82' lang='lat' dir='ltr'><strong>festinat</strong></span> <span class='ocrx_word' id='word_1_648' title='bbox 2188 4710 2353 4771; x_wconf 85' lang='lat' dir='ltr'><strong>atque</strong></span> <span class='ocrx_word' id='word_1_649' title='bbox 2371 4698 2595 4769; x_wconf 82' lang='lat' dir='ltr'><strong>adjuvat</strong></span> <span class='ocrx_word' id='word_1_650' title='bbox 2622 4704 2846 4767; x_wconf 82' lang='lat' dir='ltr'><strong>peccato</strong></span> <span class='ocrx_word' id='word_1_651' title='bbox 2873 4713 2888 4750; x_wconf 86' lang='lat'><strong>:</strong></span> <span class='ocrx_word' id='word_1_652' title='bbox 2922 4695 3011 4761; x_wconf 87' lang='lat' dir='ltr'><strong>hic</strong></span> <span class='ocrx_word' id='word_1_653' title='bbox 3044 4695 3188 4751; x_wconf 86' lang='lat' dir='ltr'><strong>enim</strong></span> <span class='ocrx_word' id='word_1_654' title='bbox 3229 4695 3510 4765; x_wconf 75' lang='lat' dir='ltr'><strong>applaudit</strong></span> 
     </span>
    </p>
   </div>
   <div class='ocr_carea' id='block_1_106' title="bbox 1933 4784 3508 4868">
    <p class='ocr_par' dir='ltr' id='par_1_106' title="bbox 1933 4784 3508 4868">
     <span class='ocr_line' id='line_1_106' title="bbox 1933 4784 3508 4868; baseline -0.009 -14"><span class='ocrx_word' id='word_1_655' title='bbox 1933 4812 2107 4868; x_wconf 72' lang='lat' dir='ltr'><strong>pmoar</strong></span> <span class='ocrx_word' id='word_1_656' title='bbox 2138 4810 2273 4850; x_wconf 73' lang='lat' dir='ltr'><strong>meae</strong></span> <span class='ocrx_word' id='word_1_657' title='bbox 2307 4802 2402 4848; x_wconf 89' lang='lat' dir='ltr'><strong>:tu</strong></span> <span class='ocrx_word' id='word_1_658' title='bbox 2435 4800 2618 4846; x_wconf 85' lang='lat' dir='ltr'><strong>autem</strong></span> <span class='ocrx_word' id='word_1_659' title='bbox 2645 4790 2714 4846; x_wconf 87' lang='lat' dir='ltr'><strong>da</strong></span> <span class='ocrx_word' id='word_1_660' title='bbox 2756 4787 2888 4843; x_wconf 89' lang='lat' dir='ltr'><strong>mihi</strong></span> <span class='ocrx_word' id='word_1_661' title='bbox 2915 4787 3347 4853; x_wconf 82' lang='lat' dir='ltr'><strong>conversionem,</strong></span> <span class='ocrx_word' id='word_1_662' title='bbox 3384 4784 3508 4854; x_wconf 77' lang='lat' dir='ltr'><strong>sal-</strong></span> 
     </span>
    </p>
   </div>
   <div class='ocr_carea' id='block_1_107' title="bbox 1934 4881 2873 4956">
    <p class='ocr_par' dir='ltr' id='par_1_107' title="bbox 1934 4881 2873 4956">
     <span class='ocr_line' id='line_1_107' title="bbox 1934 4881 2873 4956; baseline -0.012 -14"><span class='ocrx_word' id='word_1_663' title='bbox 1934 4896 2113 4952; x_wconf 88' lang='lat' dir='ltr'><strong>vator,</strong></span> <span class='ocrx_word' id='word_1_664' title='bbox 2142 4898 2242 4956; x_wconf 79' lang='lat' dir='ltr'><strong>pro</strong></span> <span class='ocrx_word' id='word_1_665' title='bbox 2272 4883 2419 4938; x_wconf 86' lang='lat' dir='ltr'><strong>illius</strong></span> <span class='ocrx_word' id='word_1_666' title='bbox 2453 4881 2635 4946; x_wconf 81' lang='lat' dir='ltr'><strong>ruina,</strong></span> <span class='ocrx_word' id='word_1_667' title='bbox 2660 4893 2873 4948; x_wconf 87' lang='lat' dir='ltr'><strong>precor.</strong></span> 
     </span>
    </p>
   </div>
   <div class='ocr_carea' id='block_1_108' title="bbox 2004 4963 3505 5046">
    <p class='ocr_par' dir='ltr' id='par_1_108' title="bbox 2004 4963 3505 5046">
     <span class='ocr_line' id='line_1_108' title="bbox 2004 4963 3505 5046; baseline -0.011 -13"><span class='ocrx_word' id='word_1_668' title='bbox 2004 4978 2111 5046; x_wconf 83' lang='lat' dir='ltr'><strong>Qui</strong></span> <span class='ocrx_word' id='word_1_669' title='bbox 2141 4979 2209 5034; x_wconf 83' lang='lat' dir='ltr'><strong>de</strong></span> <span class='ocrx_word' id='word_1_670' title='bbox 2242 4973 2608 5046; x_wconf 80' lang='lat' dir='ltr'><strong>potestatibus</strong></span> <span class='ocrx_word' id='word_1_671' title='bbox 2659 4971 3007 5025; x_wconf 88' lang='lat' dir='ltr'><strong>tenebrarum</strong></span> <span class='ocrx_word' id='word_1_672' title='bbox 3058 4963 3407 5036; x_wconf 86' lang='lat' dir='ltr'><strong>triumphasti</strong></span> <span class='ocrx_word' id='word_1_673' title='bbox 3442 4963 3505 5037; x_wconf 38' lang='lat' dir='ltr'><strong>&#39;in</strong></span> 
     </span>
    </p>
   </div>
   <div class='ocr_carea' id='block_1_109' title="bbox 1935 5051 3508 5131">
    <p class='ocr_par' dir='ltr' id='par_1_109' title="bbox 1935 5051 3508 5131">
     <span class='ocr_line' id='line_1_109' title="bbox 1935 5051 3508 5131; baseline -0.014 -4"><span class='ocrx_word' id='word_1_674' title='bbox 1935 5085 2101 5127; x_wconf 85' lang='lat' dir='ltr'><strong>cruce</strong></span> <span class='ocrx_word' id='word_1_675' title='bbox 2152 5065 2486 5130; x_wconf 60' lang='lat' dir='ltr'><strong>tua,harum</strong></span> <span class='ocrx_word' id='word_1_676' title='bbox 2520 5061 2671 5131; x_wconf 89' lang='lat' dir='ltr'><strong>eripe</strong></span> <span class='ocrx_word' id='word_1_677' title='bbox 2717 5074 2805 5114; x_wconf 85' lang='lat' dir='ltr'><strong>me</strong></span> <span class='ocrx_word' id='word_1_678' title='bbox 2841 5057 3048 5113; x_wconf 82' lang='lat' dir='ltr'><strong>malitia</strong></span> <span class='ocrx_word' id='word_1_679' title='bbox 3090 5056 3184 5126; x_wconf 88' lang='lat' dir='ltr'><strong>qui</strong></span> <span class='ocrx_word' id='word_1_680' title='bbox 3232 5052 3405 5113; x_wconf 80' lang='lat' dir='ltr'><strong>cecidi</strong></span> <span class='ocrx_word' id='word_1_681' title='bbox 3454 5051 3508 5106; x_wconf 91' lang='lat' dir='ltr'><strong>in</strong></span> 
     </span>
    </p>
   </div>
   <div class='ocr_carea' id='block_1_110' title="bbox 1938 5151 3508 5233">
    <p class='ocr_par' dir='ltr' id='par_1_110' title="bbox 1938 5151 3508 5233">
     <span class='ocr_line' id='line_1_110' title="bbox 1938 5151 3508 5233; baseline -0.013 -14"><span class='ocrx_word' id='word_1_682' title='bbox 1938 5160 2267 5233; x_wconf 86' lang='lat' dir='ltr'><strong>profundum</strong></span> <span class='ocrx_word' id='word_1_683' title='bbox 2301 5156 2531 5229; x_wconf 85' lang='lat' dir='ltr'><strong>peccati,</strong></span> <span class='ocrx_word' id='word_1_684' title='bbox 2560 5162 2615 5210; x_wconf 89' lang='lat' dir='ltr'><strong>et</strong></span> <span class='ocrx_word' id='word_1_685' title='bbox 2645 5152 2699 5206; x_wconf 89' lang='lat' dir='ltr'><strong>in</strong></span> <span class='ocrx_word' id='word_1_686' title='bbox 2730 5151 2938 5207; x_wconf 87' lang='lat' dir='ltr'><strong>foveam</strong></span> <span class='ocrx_word' id='word_1_687' title='bbox 2973 5163 3262 5218; x_wconf 85' lang='lat' dir='ltr'><strong>pravorum</strong></span> <span class='ocrx_word' id='word_1_688' title='bbox 3288 5154 3508 5202; x_wconf 87' lang='lat' dir='ltr'><strong>actuum</strong></span> 
     </span>
    </p>
   </div>
   <div class='ocr_carea' id='block_1_111' title="bbox 1938 5235 3449 5321">
    <p class='ocr_par' dir='ltr' id='par_1_111' title="bbox 1938 5235 3449 5321">
     <span class='ocr_line' id='line_1_111' title="bbox 1938 5235 3449 5321; baseline -0.015 -12"><span class='ocrx_word' id='word_1_689' title='bbox 1938 5255 2032 5313; x_wconf 73' lang='lat' dir='ltr'><strong>sed</strong></span> <span class='ocrx_word' id='word_1_690' title='bbox 2065 5257 2377 5321; x_wconf 80' lang='lat' dir='ltr'><strong>sperantem</strong></span> <span class='ocrx_word' id='word_1_691' title='bbox 2414 5261 2509 5317; x_wconf 88' lang='lat' dir='ltr'><strong>per</strong></span> <span class='ocrx_word' id='word_1_692' title='bbox 2537 5240 2972 5314; x_wconf 86' lang='lat' dir='ltr'><strong>compassionem</strong></span> <span class='ocrx_word' id='word_1_693' title='bbox 3009 5248 3157 5292; x_wconf 91' lang='lat' dir='ltr'><strong>tuam</strong></span> <span class='ocrx_word' id='word_1_694' title='bbox 3185 5235 3405 5291; x_wconf 76' lang='lat' dir='ltr'><strong>salvari.</strong></span> <span class='ocrx_word' id='word_1_695' title='bbox 3444 5284 3449 5307; x_wconf 48' lang='grc' dir='ltr'><em>τ</em></span> 
     </span>
    </p>
   </div>
   <div class='ocr_carea' id='block_1_112' title="bbox 2008 5328 3514 5410">
    <p class='ocr_par' dir='ltr' id='par_1_112' title="bbox 2008 5328 3514 5410">
     <span class='ocr_line' id='line_1_112' title="bbox 2008 5328 3514 5410; baseline -0.011 -14"><span class='ocrx_word' id='word_1_696' title='bbox 2008 5344 2113 5410; x_wconf 84' lang='lat' dir='ltr'><strong>Qui</strong></span> <span class='ocrx_word' id='word_1_697' title='bbox 2147 5357 2254 5394; x_wconf 77' lang='lat' dir='ltr'><strong>moi</strong></span> <span class='ocrx_word' id='word_1_698' title='bbox 2271 5349 2398 5394; x_wconf 89' lang='lat' dir='ltr'><strong>tuus</strong></span> <span class='ocrx_word' id='word_1_699' title='bbox 2423 5328 2491 5393; x_wconf 87' lang='lat' dir='ltr'><strong>es</strong></span> <span class='ocrx_word' id='word_1_700' title='bbox 2511 5334 2659 5391; x_wconf 81' lang='lat' dir='ltr'><strong>cruci</strong></span> <span class='ocrx_word' id='word_1_701' title='bbox 2696 5331 2912 5399; x_wconf 81' lang='lat' dir='ltr'><strong>afﬁxus,</strong></span> <span class='ocrx_word' id='word_1_702' title='bbox 2939 5337 3164 5400; x_wconf 83' lang='lat' dir='ltr'><strong>peccato</strong></span> <span class='ocrx_word' id='word_1_703' title='bbox 3190 5328 3514 5383; x_wconf 85' lang='lat' dir='ltr'><strong>morientem</strong></span> 
     </span>
    </p>
   </div>
   <div class='ocr_carea' id='block_1_113' title="bbox 1940 5423 3521 5493">
    <p class='ocr_par' dir='ltr' id='par_1_113' title="bbox 1940 5423 3521 5493">
     <span class='ocr_line' id='line_1_113' title="bbox 1940 5423 3521 5493; baseline -0.015 -2"><span class='ocrx_word' id='word_1_704' title='bbox 1940 5435 2153 5491; x_wconf 84' lang='lat' dir='ltr'><strong>viviﬁca</strong></span> <span class='ocrx_word' id='word_1_705' title='bbox 2181 5434 2416 5489; x_wconf 84' lang='lat' dir='ltr'><strong>animam</strong></span> <span class='ocrx_word' id='word_1_706' title='bbox 2444 5443 2642 5493; x_wconf 87' lang='lat' dir='ltr'><strong>meam,</strong></span> <span class='ocrx_word' id='word_1_707' title='bbox 2673 5435 2725 5482; x_wconf 89' lang='lat' dir='ltr'><strong>et</strong></span> <span class='ocrx_word' id='word_1_708' title='bbox 2748 5423 3110 5480; x_wconf 89' lang='lat' dir='ltr'><strong>venerabilem</strong></span> <span class='ocrx_word' id='word_1_709' title='bbox 3140 5431 3288 5476; x_wconf 84' lang='lat' dir='ltr'><strong>tuam</strong></span> <span class='ocrx_word' id='word_1_710' title='bbox 3328 5431 3521 5493; x_wconf 78' lang='lat' dir='ltr'><strong>resur-</strong></span> 
     </span>
    </p>
   </div>
   <div class='ocr_carea' id='block_1_114' title="bbox 1938 5506 3513 5594">
    <p class='ocr_par' dir='ltr' id='par_1_114' title="bbox 1938 5506 3513 5594">
     <span class='ocr_line' id='line_1_114' title="bbox 1938 5506 3513 5594; baseline -0.015 -8"><span class='ocrx_word' id='word_1_711' title='bbox 1938 5528 2238 5586; x_wconf 86' lang='lat' dir='ltr'><strong>rectionem</strong></span> <span class='ocrx_word' id='word_1_712' title='bbox 2264 5528 2585 5594; x_wconf 76' lang='lat' dir='ltr'><strong>exspectare</strong></span> <span class='ocrx_word' id='word_1_713' title='bbox 2611 5520 2665 5575; x_wconf 91' lang='lat' dir='ltr'><strong>in</strong></span> <span class='ocrx_word' id='word_1_714' title='bbox 2696 5533 2849 5588; x_wconf 83' lang='lat' dir='ltr'><strong>pace,</strong></span> <span class='ocrx_word' id='word_1_715' title='bbox 2890 5515 3128 5584; x_wconf 86' lang='lat' dir='ltr'><strong>Christe,</strong></span> <span class='ocrx_word' id='word_1_716' title='bbox 3174 5512 3399 5585; x_wconf 69' lang='lat' dir='ltr'><strong>dignare</strong></span> <span class='ocrx_word' id='word_1_717' title='bbox 3428 5506 3513 5564; x_wconf 78' lang='lat' dir='ltr'><strong>ia-</strong></span> 
     </span>
    </p>
   </div>
   <div class='ocr_carea' id='block_1_115' title="bbox 1939 5608 2929 5689">
    <p class='ocr_par' dir='ltr' id='par_1_115' title="bbox 1939 5608 2929 5689">
     <span class='ocr_line' id='line_1_115' title="bbox 1939 5608 2929 5689; baseline -0.018 -9"><span class='ocrx_word' id='word_1_718' title='bbox 1939 5622 2172 5689; x_wconf 79' lang='lat' dir='ltr'><strong>cientem</strong></span> <span class='ocrx_word' id='word_1_719' title='bbox 2200 5622 2327 5670; x_wconf 78' lang='lat' dir='ltr'><strong>tuas</strong></span> <span class='ocrx_word' id='word_1_720' title='bbox 2352 5610 2649 5682; x_wconf 87' lang='lat' dir='ltr'><strong>composite</strong></span> <span class='ocrx_word' id='word_1_721' title='bbox 2671 5608 2929 5681; x_wconf 87' lang='lat' dir='ltr'><strong>justitias.</strong></span> 
     </span>
    </p>
   </div>
  </div>
