3898 6320
180 299 323 364 8858

1610 280 1996 350 TRIODIUM
2010 325 2024 347 ο

3305 262 3447 340 385i

183 407 274 463 τὸν
315 407 503 473 παῖδα,
544 407 618 471 ὡς
668 407 1013 478 γέγραπταιο
1068 405 1163 459 καὶ
1186 405 1347 476 ἡμεῖς
1397 403 1769 472 νηστεύοντες,

1915 414 2031 454 nun
2061 412 2317 467 puerum,
2355 406 2412 450 ut
2440 397 2708 465 scriptum
2737 399 2821 446 est
2857 408 2869 444 :
2906 403 3008 443 nos
3059 400 3276 456 queque
3307 386 3456 454 jejue

183 500 426 571 σαρκικὰ
445 501 770 570 φρονήματα
786 497 1190 570 ἀπονεκρῶσαι,
1219 496 1425 560 πιστοὶ,
1466 511 1770 565 κατεπειχ-

190 591 396 663 θῶμεν,
424 591 512 645 ἵνα
537 585 683 659 ζωῆς
710 592 810 659 τῆς
843 592 960 644 ἐκεῖ
984 590 1354 660 ὲπιτύχωμεν.

256 686 448 754 Οίμοιί
480 683 649 754 ψυχὴ,
674 682 906 754 φοϐερὸν
930 683 992 735 τὸ
1021 682 1324 752 κριτήριον,
1353 681 1445 733 καὶ
1466 686 1562 733 τοῦ
1580 679 1768 750 κριτοῦ

183 777 219 847 ἡ
251 776 526 847 φρικώδης
547 775 826 842 ἀπόφασις
845 790 859 805 ο
886 771 1143 836 σπεῦσον,
1167 769 1520 841 μετανόησον,
1542 768 1764 840 Χριστῷ

183 863 504 938 διαλλάγηθι
546 866 623 935 τῷ
656 865 747 919 διὰ
786 864 847 917 σὲ
888 866 944 917 ὲν
977 861 1196 931 σταυρῷ
1245 858 1642 931 ἀναρτηθέντι,
1680 858 1774 911 καὶ

189 957 482 1029 ῥυσαμένῳ
506 956 733 1017 πιστοὺς
761 953 1163 1022 κατακρίσεως.

257 1049 370 1120 Τῆς
401 1049 692 1119 μετανοίας
721 1066 811 1118 μοι
840 1045 1017 1109 πύλας
1035 1044 1318 1112 διάνοιξον,
1332 1043 1432 1107 τὰς
1457 1043 1568 1097 τῶν
1591 1043 1776 1097 παθῶν

189 1157 294 1210 μου
325 1140 564 1201 εἰσόδους
594 1139 939 1202 ἀπόκλεισον,
971 1140 1000 1190 ό
1033 1139 1201 1208 λῃστῇ
1227 1137 1329 1207 τὴν
1355 1133 1562 1190 εἴσοδον
1592 1134 1777 1198 δείξας

186 1230 514 1284 εὐεπίϐατον
539 1219 631 1282 τοῦ
656 1229 1012 1300 παραδείσου,
1031 1227 1259 1299 Χριστὲ,
1278 1231 1345 1298 τῇ
1362 1231 1428 1298 σῇ
1450 1228 1748 1297 σταυρώσε’
1765 1267 1777 1277 .

187 1324 278 1377 ἴνα
308 1321 516 1386 δοξάζω
539 1321 637 1391 τὴν
676 1321 778 1393 σὴν
799 1319 1135 1389 ἀγαθότητα.

262 1415 387 1467 Ὅτι
437 1415 515 1475 είς
567 1413 708 1483 βάθη
743 1411 940 1474 κακίας
967 1412 1340 1482 ἀπέῥριμμαι.
1371 1411 1468 1464 καὶ
1501 1409 1781 1480 λογισμοῖς

189 1504 452 1566 ἐναντίοις
488 1503 840 1574 χειμάζομαι,
889 1502 1107 1572 δαίμοσι
1151 1501 1472 1571 πειθόμενος
1501 1541 1516 1565 ,
1567 1500 1780 1569 ἡδοναῖς

188 1595 568 1663 δουλούμενος·
587 1592 983 1664 βοήθησόν“μοι,
1009 1593 1149 1666 ἁγνὴ
1175 1593 1624 1664 Παρθενομῆτορ,
1646 1591 1781 1662 πρὸς

193 1687 467 1757 σωτηρίας
496 1686 615 1740 ὁδὸν
641 1685 917 1755 ὀδηγοῦσά
946 1703 1035 1753 με.

189 1798 291 1867 Μὴ
319 1800 390 1852 ἐν
414 1798 702 1866 ποταμοῖς
743 1799 1030 1866 ὀργισθῇς
1049 1838 1063 1860 ,
1096 1798 1291 1865 Κύριε,
1318 1799 1356 1866 ἣ
1390 1798 1461 1851 ἐν
1491 1796 1776 1866 ποταμοῖς

335 1871 368 1922 ό
399 1869 586 1936 θυμός
614 1884 760 1930 σου,
795 1868 833 1936 ἢ
867 1869 936 1920 ὲν
965 1867 1248 1936 θαλάσσῃ
1282 1871 1346 1922 τὸ
1379 1868 1631 1938 ὅρμημα.

265 1959 451 2028 Μέθην
482 1959 684 2029 ἡδονῶν
710 1958 1072 2030 ψυχοφθόρων
1099 1958 1394 2023 σϐέσαντες
1412 2002 1428 2025 ,
1461 1959 1521 2013 τὸ
1547 1963 1647 2030 τῆς
1680 1977 1778 2014 κα-

191 2049 469 2113 τανύξεως
496 2049 644 2117 πόμα
676 2048 764 2102 διὰ
793 2048 1048 2120 νηστείας
1077 2048 1504 2120 ὲμφορηθῶμεν.

266 2225 599 2296 Νήστευσον,
650 2224 818 2296 ψυχὴ,
856 2227 1124 2297 ἀκρασίας
1178 2225 1456 2296 βρώσεως,
1499 2223 1778 2294 τρύφησον

195 2317 380 2371 καλῶν
414 2317 691 2389 θεωρίαις,
719 2316 807 2370 ἵνα
831 2317 928 2384 τῆς
962 2316 1074 2370 ἀνω
1103 2314 1383 2385 τραπέζης
1409 2315 1600 2386 τύχῃς.

273 2487 578 2563 Ἀνθρακες
625 2492 796 2562 πυρὸς
840 2491 933 2546 τοῦ
986 2492 1152 2544 ἀΰλου
1206 2491 1494 2552 πέλοντες,
1552 2488 1781 2558 φλέξατε

194 2586 390 2639 παθῶν
424 2603 524 2656 μου
554 2581 652 2654 τὴν
684 2583 839 2654 ὓλην,
870 2582 1003 2637 θεῖοι
1038 2578 1326 2636 ἀπόστολοι
1357 2581 1450 2634 τοῦ
1501 2577 1779 2652 Σωτῆρος.

181 2756 186 2761 ’
273 2757 458 2826 Σάρκα
487 2755 564 2824 τῷ
595 2756 817 2825 Χριστῷ
865 2757 930 2808 ὲκ
974 2758 1072 2826 τῆς
1106 2755 1204 2824 σῆς
1230 2755 1549 2818 δανείσασα,
1575 2754 1782 2825 νέκρω-

200 2865 297 2901 σον
326 2849 525 2919 σαρκός
555 2865 655 2919 μου
684 2849 755 2900 τά
782 2848 926 2917 πάθη
953 2887 968 2910 ,
1000 2847 1321 2918 ζωοκυῆτορ
1354 2845 1494 2916 ἁγνὴ
1519 2847 1784 2916 Παρθένε.

351 3024 466 3080 Τὸν
501 3027 569 3080 ἐν
605 3025 782 3096 φλογί
819 3025 944 3091 τοῖς
973 3025 1146 3080 παισὶ
1185 3023 1303 3078 τῶν
1336 3024 1644 3092 Ἐϐραίων.

1874 498 2096 553 nantes,
2137 487 2390 542 carnales
2435 484 2812 556 cogitationes
2881 479 3212 533 mortiticare
3265 476 3454 530 lidclus

1874 581 2223 644 festinemus,
2246 586 2303 632 ut
2334 578 2501 632 vitam
2530 590 2651 646 qua:
2679 574 2750 628 ibi
2777 579 2860 626 est
2904 569 3278 623 obtineamus.

1948 671 2062 725 Ileu
2113 671 2276 725 mihi!
2313 668 2518 730 anima,
2591 661 2998 718 formidandum
3046 657 3342 728 judicium,
3404 665 3458 708 et

1871 764 2077 833 judicis
2139 762 2379 815 terrilica
2447 757 2724 832 sententia
2765 773 2778 808 :
2827 752 3049 812 festina,
3112 758 3454 808 convertere,

1875 857 2098 913 Christo
2133 852 2493 908 reconciliare
2513 851 2606 920 qui
2631 855 2855 918 propter
2898 852 2951 898 te
2983 844 3038 895 iu
3072 855 3293 894 crucem
3329 854 3456 892 sus-

1878 963 2083 1020 pensus
2109 947 2228 1008 fuit,
2262 953 2317 999 et
2357 943 2612 998 liberavit
2643 939 2829 993 lideles
2868 953 2897 989 a
2931 933 3314 989 damnatione.

1949 1036 2294 1095 Paenitentiae
2327 1037 2462 1090 mihi
2501 1035 2700 1103 januas
2747 1028 2921 1098 aperi,
2972 1024 3264 1079 libidinum
3301 1036 3454 1073 mea-

1879 1145 2000 1184 rum
2036 1124 2324 1183 introitum
2344 1127 2561 1187 claude,
2597 1123 2689 1193 qui
2723 1118 2921 1174 latroni
2947 1115 3232 1170 introitum
3266 1123 3456 1166 osten-

1879 1221 2009 1276 disti
2053 1219 2270 1275 facilem
2334 1215 2602 1286 paradisi,
2640 1211 2880 1271 Christe,
2930 1221 3028 1277 per
3079 1212 3230 1257 tuam
3276 1203 3461 1256 cruci-

1882 1313 2163 1378 ﬁxionem,
2195 1318 2255 1365 ut
2283 1308 2585 1379 gloriﬁcem
2629 1314 2776 1358 tuam
2813 1301 3136 1355 bonitatem.

1951 1401 2089 1455 Cum
2124 1402 2178 1454 in
2215 1400 2448 1470 abyssos
2479 1394 2700 1450 malitiae
2727 1391 3066 1462 praecipitor,
3095 1395 3150 1444 et
3191 1387 3462 1459 oppositis

1882 1490 2312 1561 cogitationibus
2338 1489 2523 1557 jactor
2556 1484 2899 1539 daatuouibus
2944 1481 3230 1544 obediens,
3299 1480 3460 1534 volu-

1883 1583 2124 1652 ptatibus
2155 1581 2402 1635 serviens
2435 1596 2449 1630 :
2491 1577 2754 1630 auxiliare
2785 1573 2943 1635 mihi,
2965 1579 3117 1627 casta
3147 1569 3315 1641 Virgo
3348 1585 3462 1622 ma-

1884 1682 1986 1738 ter,
2023 1673 2131 1727 duc
2159 1686 2243 1725 me
2274 1671 2339 1724 ad
2375 1670 2573 1725 salutis
2634 1668 2798 1721 viam.

1885 1785 2011 1840 Non
2033 1788 2086 1838 in
2114 1784 2424 1854 ﬂuminibus
2455 1782 2753 1854 irascaris,
2784 1780 3026 1854 Domine,
3054 1779 3168 1854 sive
3200 1778 3252 1854 in
3277 1777 3462 1846 ﬂumi-

2060 1849 2215 1909 nibus
2247 1871 2339 1908 cor
2368 1865 2537 1916 tuum,
2564 1853 2674 1904 sive
2713 1851 2766 1902 in
2797 1851 2935 1902 mari
2973 1849 3286 1918 indignatio.

1957 1947 2286 2001 Ebrietatem
2329 1942 2616 1998 libidinum
2649 1956 2774 2010 quae
2803 1940 2962 1993 ruina
2991 1946 3122 1994 sunt
3154 1941 3462 1992 animarqu

1885 2034 2794 2107 exstinguentes,compunctionis
2852 2039 2982 2102 potu
3047 2046 3141 2100 per
3193 2029 3464 2099 jejunium

1889 2131 2231 2198 implcamur.

1956 2219 2208 2282 Abstine,
2273 2219 2481 2282 anima,
2546 2215 2980 2285 intemperantia:
3032 2214 3179 2277 cibo,
3236 2213 3382 2267 nutri
3413 2223 3467 2268 te

1875 2314 2159 2376 bonorum
2192 2307 2784 2378 contemplationibus,
2827 2315 2886 2360 ut
2922 2319 3168 2359 mensam
3205 2319 3463 2374 superam

1889 2405 2166 2460 obtineas.
2973 2383 2994 2400 ’

1959 2495 2236 2550 Carbones
2263 2491 2331 2546 ab
2362 2491 2485 2563 igne
2515 2487 2931 2559 supernaturali
2959 2487 3288 2551 candentes,
3315 2499 3466 2541 com-

1892 2586 2071 2640 burite
2091 2583 2378 2638 libidinum
2439 2596 2684 2634 mearum
2729 2581 2944 2644 silvam,
2987 2577 3155 2633 divini
3211 2577 3462 2646 apostoli

1893 2674 2212 2729 Salvatoris.

1963 2764 2095 2830 Quae
2123 2778 2344 2818 carnem
2371 2761 2593 2817 Christo
2625 2775 2690 2814 ex
2727 2769 2817 2813 tua
2854 2759 3238 2821 commodasti,
3271 2758 3470 2811 morti-

1896 2859 1996 2912 ﬁea
2039 2857 2222 2910 carnis
2275 2869 2406 2909 mea:
2459 2853 2760 2916 libidines,
2824 2866 2948 2921 quae
2986 2850 3249 2922 genuisti,
3305 2857 3462 2904 casta

1901 2947 2080 3017 Virgo.

2142 3033 2279 3088 Eum
2311 3034 2364 3087 in
2401 3032 2621 3102 ﬂamma
2647 3033 2824 3102 pueris
2856 3028 3222 3085 Hebraeorum.

276 3087 622 3181 Θανατωθεὶς
640 3087 757 3179 ταῖς
791 3087 1015 3178 πολλαῖς
1046 3115 1364 3187 ἁμαρτίαις,
1387 3087 1589 3184 νεκρὰν
1620 3129 1787 3183 προσ-

1963 3128 2190 3183 Occisus
2219 3127 2402 3180 multis
2426 3126 2684 3196 peccatis.
2721 3131 2992 3177 mortuam
3019 3123 3188 3176 affero
3219 3121 3460 3176 animam

204 3212 357 3282 φέρω
383 3211 479 3281 τὴν
507 3209 684 3280 ψυχὴν
710 3209 769 3261 ἐν
800 3207 876 3278 τῷ
909 3207 1010 3277 βίῳ
1034 3225 1046 3236 ’
1080 3207 1160 3258 διό
1193 3223 1258 3274 με
1289 3205 1594 3274 οἰκτείρατε
1647 3201 1792 3271 ζωη-

204 3303 393 3373 φόροις
427 3304 750 3374 πρεσϐείαις
791 3303 909 3364 ταῖς
939 3299 1115 3368 ὑμῶν,
1161 3297 1388 3351 θεόπται
1422 3294 1664 3366 μαθηταὶ
1701 3293 1792 3346 τοῦ

207 3395 446 3462 Κυρίου.

281 3485 632 3557 Περισχεθεὶς
685 3485 958 3556 ἁμαρτίας
1010 3482 1251 3552 ὁμίχλῃ,
1291 3479 1391 3552 ᾅδῃ
1443 3481 1796 3550 προσήγγισα

208 3575 573 3644 ἀπογνώσεως
599 3576 794 3637 ὅντως·
830 3574 911 3627 διό
940 3591 1007 3643 με
1032 3573 1328 3640 φωτίσατε.
1358 3572 1452 3623 τοῦ
1489 3569 1670 3622 Ἠλίου
1691 3569 1790 3637 τῆς

208 3666 369 3738 δόξης
410 3665 632 3735 μύσται,
668 3665 762 3718 καὶ
792 3665 1009 3725 ἀκτῖνες
1036 3663 1371 3732 ὑπάρχοντες
1401 3661 1648 3713 θεόπται.

296 3847 428 3898 Ἀπὸ
454 3843 640 3899 παθῶν
661 3843 1018 3914 ὲγκρατεύου,
1041 3843 1134 3895 καὶ
1158 3841 1330 3914 σώζῃ,
1353 3838 1498 3912 ψυχὴ
1520 3843 1796 3898 ταλαίπω-

215 3956 276 4008 ρε
296 3955 310 3968 ·
343 3937 519 4008 ἀποχὴ
550 3939 657 4008 γὰρ
690 3936 994 4005 βρωμάτων
1019 3933 1261 4003 νηστεία,
1288 3935 1655 4004 ἀπρόσδεκτος
1687 3938 1798 3999 τοῖς

209 4029 393 4100 ὀρθῶς
437 4029 746 4099 ἑκζητοῦσι,
791 4029 838 4080 εί
873 4026 948 4096 μὴ
981 4028 1075 4080 καὶ
1125 4024 1464 4096 σφαλμάτων
1511 4025 1797 4097 διόρθωσις

212 4121 457 4191 ὑπάρχῃ.

285 4212 454 4264 Βὰτον
504 4212 637 4280 πυρὶ
683 4209 976 4278 καιομένην
1019 4208 1225 4276 Μωσῆς
1271 4223 1331 4260 σε
1367 4205 1497 4276 πρὶν
1545 4206 1794 4277 ἐθεώρει,

212 4302 484 4374 θεομῆτορ
509 4298 751 4374 Παρθένε
772 4320 785 4330 ·
837 4301 916 4354 διό
967 4315 1068 4369 μου
1107 4300 1446 4354 κατάσϐεσον
1472 4300 1580 4352 τῶν
1607 4299 1796 4351 παθῶν

1897 3219 1949 3272 in
1983 3219 2091 3271 vita
2129 3234 2144 3268 :
2180 3217 2303 3270 ideo
2327 3216 2664 3271 miseremini
2702 3215 2830 3278 mei.
2862 3214 2933 3266 ob
2959 3214 3232 3268 salutares
3279 3225 3468 3280 preces

1897 3317 2150 3370 nostras,
2205 3305 2297 3360 Dei
2361 3305 2579 3360 visione
2653 3303 2959 3372 gaudentes
3029 3300 3287 3371 discipuli
3357 3297 3470 3354 Do-

1897 3400 2056 3453 mini.

1965 3485 2347 3545 Circumdatus
2396 3488 2604 3557 peccati
2661 3485 2881 3547 nebula,
2939 3481 3338 3552 desperationis
3381 3482 3468 3536 in-

1898 3583 2056 3638 ferno
2100 3595 2229 3634 vere
2268 3577 2703 3648 appropinquavi
2763 3595 2778 3630 :
2838 3576 2960 3630 ideo
3007 3591 3093 3631 me
3144 3575 3468 3634 illuminate,

1898 3673 2094 3728 initiati
2128 3671 2268 3725 Solis
2303 3671 2510 3740 gloriae,
2539 3678 2593 3724 et
2621 3669 2715 3739 qui
2742 3668 3098 3738 reperiuntur
3130 3667 3268 3720 radii
3298 3665 3468 3720 Deum

1897 3763 2250 3832 aspicientes.

1968 3853 2011 3906 Α
2040 3851 2357 3908 libidinibus
2389 3849 2622 3914 abstine,
2651 3857 2704 3904 et
2735 3848 2882 3904 salva
2907 3857 2978 3912 te,
3009 3849 3208 3902 misera
3234 3847 3414 3900 anima
3453 3864 3468 3901 :

1897 3946 2128 4016 privatio
2168 3945 2314 3999 enim
2348 3944 2736 3998 alimentorum
2764 3941 3038 4012 jejunium
3074 3954 3182 3992 non
3215 3940 3472 3992 convenit

1897 4045 2044 4090 recte
2098 4035 2473 4103 quaerentibus
2503 4076 2518 4101 ,
2592 4033 2700 4089 nisi
2755 4035 3010 4102 lapsuum
3060 4029 3332 4084 correctio
3375 4044 3474 4083 su-

1900 4135 2072 4194 pcret.

1967 4215 2207 4290 Rubum
2253 4216 2379 4286 igne
2411 4215 2756 4270 combustam
2811 4213 3027 4284 Moyses
3065 4223 3116 4268 te
3148 4213 3277 4266 olim
3320 4210 3472 4266 vide-

1899 4307 2009 4370 bat,
2062 4306 2157 4361 Dei
2193 4305 2444 4360 Genitrix
2477 4305 2680 4377 Virgo:
2733 4305 2858 4361 ideo
2897 4303 3189 4360 libidinum
3225 4318 3472 4357 mearum

208 4394 311 4454 τὰς
339 4394 623 4464 καμίνους,
652 4394 744 4446 καὶ
761 4393 930 4463 πυρὸς
957 4391 1181 4460 γεέννης
1207 4389 1538 4462 ὲξάρπασον,
1567 4392 1661 4444 καὶ
1684 4390 1787 4443 σώ-

1915 4398 2149 4456 'ornaces
2185 4401 2495 4470 exstingue,
2527 4401 2679 4454 etab
2717 4400 2844 4470 igne
2885 4399 3151 4470 gehennae
3191 4398 3362 4452 evetle
3391 4405 3475 4449 at-

214 4501 325 4537 σον.

487 4578 591 4629 Ἐν
629 4577 845 4640 Σιναίῳ
883 4572 962 4640 τῷ
1000 4573 1120 4644 ὄρει
1161 4573 1391 4630 κατεῖδέ
1429 4588 1522 4627 σε.

288 4666 530 4734 Ποταμοῖ
558 4668 864 4736 γεγονότες,
895 4665 1204 4729 ἀπόστολοι,
1224 4666 1323 4734 τῆς
1357 4665 1538 4735 πηγῆς
1558 4663 1658 4733 τῆς
1685 4681 1801 4733 νοη-

211 4758 336 4826 τῆς,
373 4758 467 4810 καὶ
512 4758 573 4809 τὸ
617 4757 761 4828 ὕδωρ
790 4759 850 4810 τὸ
885 4758 990 4821 ζῶν
1037 4758 1448 4827 εὐπορήσαντες
1499 4759 1558 4809 ὲν
1605 4757 1801 4826 καρδίᾳ

211 4849 457 4920 καθαρᾷ,
509 4850 609 4919 τῆς
661 4851 802 4920 ἐμῆς
857 4849 1131 4919 ἁμαρτίας
1183 4849 1250 4901 τά
1299 4848 1490 4919 ῥεῖθρα
1529 4848 1798 4918 ξηράνατε

211 4946 334 5003 ταῖς
363 4944 694 5011 προσευχαῖς
721 4942 899 5013 ὑμῶν,
931 4942 1023 4994 καὶ
1055 4941 1190 5011 πρὸς
1224 4943 1501 5014 σωτηρίας
1573 4941 1690 4992 ὁδὸν
1722 4939 1802 4991 ὀδ-

213 5035 324 5104 ηγή
334 5051 483 5091 σατε.

297 5128 599 5197 Ἀμαρτίας
623 5127 875 5198 χειμάζει
908 5125 1201 5179 κλυδώνιον
1227 5123 1323 5193 τὴν
1352 5122 1540 5176 ἀθλίαν
1570 5139 1669 5192 μου
1699 5121 1800 5192 ψυ-

213 5220 317 5289 χήν
343 5235 355 5248 ·
385 5220 564 5284 δεξιὰν
619 5220 692 5281 ὡς
741 5220 817 5290 τῷ
845 5219 1034 5287 Πέτρῳ
1071 5236 1156 5286 μοι
1191 5219 1454 5279 ἔκτεινον,
1494 5215 1801 5284 κυϐερνῆται

214 5309 425 5379 ἀγαθέ·
466 5311 540 5380 μὴ
581 5309 738 5380 βυθός
789 5328 854 5380 με
906 5308 1122 5380 καλύψῃ
1172 5311 1200 5361 ὁ
1245 5309 1348 5376 τῆς
1401 5307 1797 5374 ἀπογνώσεωςο

217 5401 417 5471 βρῶμα
452 5402 528 5471 μὴ
555 5401 802 5469 γένωμαι
836 5401 1036 5467 κήτους
1063 5398 1433 5468 ψυχοιρθόρου,
1465 5397 1666 5469 Χριστὲ
1704 5413 1801 5448 πο-

215 5491 422 5544 λυέλεε.

302 5583 642 5637 Ἀποστόλων
674 5583 832 5652 χορὸς
861 5579 1095 5633 ἱκετεύει
1124 5596 1204 5643 σε,
1224 5578 1398 5649 Ἰησοῦ
1427 5577 1800 5647 παμϐασιλεῦ·

214 5677 464 5746 δυσωπεῖ
497 5693 555 5728 σε
587 5674 838 5741 ἀγγέλων
859 5673 923 5726 τά
947 5672 1197 5738 τάγματα
1221 5689 1233 5701 ο
1257 5671 1343 5724 διὰ
1376 5670 1576 5740 πλῆθος
1604 5673 1806 5737 οἰκτιρτ

1901 4507 2007 4561 que
2033 4491 2203 4545 salva.

2323 4579 2389 4636 In
2420 4581 2553 4636 Sina
2592 4593 2766 4635 monte
2806 4581 2934 4634 vidit
2975 4591 3044 4635 te.

1972 4673 2221 4727 Flumina
2251 4674 2402 4738 facti,
2457 4674 2714 4743 apostoli,
2753 4673 2923 4726 fontis
2961 4671 3383 4733 intellectualis,
3419 4679 3473 4722 et

1901 4780 2099 4833 aquam
2133 4765 2402 4819 viventem
2454 4763 2665 4818 fundite
2701 4764 2756 4816 in
2795 4765 2961 4817 corde
2991 4777 3148 4832 puro,
3197 4761 3303 4815 mei
3352 4777 3475 4830 pee-

1901 4855 2007 4907 cati
2044 4855 2244 4910 ﬂuctus
2283 4855 2487 4910 siccate
2519 4869 2613 4924 per
2648 4869 2837 4925 preces
2865 4862 3104 4918 vestras,
3131 4864 3185 4908 et
3211 4853 3278 4906 ad
3328 4855 3477 4907 saluo

1903 4947 1972 5000 tis
2019 4945 2158 4998 viam
2193 4946 2398 5000 ducite.

1971 5126 2184 5181 Peccati
2292 5126 2430 5181 nudas
2502 5128 2779 5198 exagitant
2882 5125 3139 5182 miseram
3237 5135 3472 5182 mentem

1905 5234 2124 5272 meam:
2159 5220 2461 5284 dexteram,
2512 5223 2652 5274 sicut
2685 5219 2864 5280 Petro,
2915 5219 3134 5288 porrige
3177 5219 3334 5284 mihi,
3381 5235 3476 5288 gu-

1905 5309 2162 5364 bernator
2183 5312 2320 5364 bone
2351 5328 2364 5363 :
2404 5326 2510 5363 non
2532 5313 2767 5381 abyssus
2792 5311 3200 5378 desperationis
3232 5325 3315 5362 me
3347 5321 3493 5377 οιιριιρ⁴

1906 5398 2054 5450 riat:
2103 5399 2260 5452 cibus
2311 5412 2418 5451 non
2455 5399 2575 5470 [iam
2622 5406 2727 5450 ectt
2769 5397 2862 5465 qui
2921 5397 3136 5451 anin'tas
3182 5397 3476 5466 disperdit,

1905 5489 2124 5542 Christe
2149 5487 2690 5542 misericordissime.

1979 5578 2366 5646 Apostolorum
2419 5579 2624 5631 chorus
2663 5577 2894 5648 supplex
2950 5578 3168 5633 invocat
3225 5588 3294 5640 te,
3349 5575 3478 5630 Jestt

1907 5669 2151 5722 omnium
2203 5683 2344 5722 rex:
2400 5669 2720 5738 suppliciter
2783 5677 3016 5723 exorant
3063 5676 3116 5724 te
3158 5669 3481 5741 angelorum
