3964 6322
461 270 602 341 εδει

1323 279 1386 338 S.
1417 271 1836 338 SOPHRONII
1875 272 2382 336 PATRIARCH/‘E
2402 270 2808 337 HIEROSOL.

3592 276 3742 339 3358

456 391 791 439 exercitus:
858 395 959 454 per
1024 382 1435 440 multitudinem
1515 384 2031 440 misericordiarum

2181 383 2256 436 ῶν
2283 366 2363 453 τῷ
2390 382 2505 455 λαῷ
2534 400 2629 437 σου
2652 384 2936 455 παράσχου
2962 387 3152 438 κακῶν
3178 378 3589 457 ἀπολύτρωσιν,
3610 385 3736 456 βίον

463 485 683 530 tuarum
716 473 917 545 popqu
952 479 1051 529 tuo
1095 475 1385 545 suppedita
1434 475 1812 530 liberationem
1859 489 1889 529 a
1923 488 2044 528 ma-

458 568 549 631 lis,
618 565 747 621 vitae
804 564 1254 623 emendationem
1285 606 1302 634 ,
1354 575 1410 622 et
1460 567 1618 639 regni
1676 566 1756 623 tui
1815 579 2045 622 censor.

459 666 618 709 ttuna.
750 670 751 673 “

533 743 843 815 Virginitas
876 753 931 800 et
973 755 1167 817 partus
1236 753 1606 802 occurrerunt
1644 753 2040 819 supernatura—

459 839 582 893 liter
625 838 680 891 in
717 845 792 902 te,
840 853 968 892 area
1001 839 1330 894 venerabilis
1362 838 1438 893 rei
1468 854 1661 906 sacrae,
1694 848 1871 894 mater
1912 837 2041 893 Vir-

457 945 634 1000 quue
684 938 885 985 casta:
951 931 1074 985 ideo
1130 939 1357 1002 propter
1417 930 1578 985 lldcm
1620 931 1800 984 clamo
1842 929 1909 984 ad
1964 939 2037 995 te,

458 1031 631 1076 totum
665 1037 751 1076 me
785 1024 1086 1089 sanctiﬁca,
1121 1032 1294 1078 totum
1342 1025 1512 1079 libera
1559 1025 1629 1079 ab
1658 1026 1807 1079 omni
1854 1023 2038 1080 οἰδεοο

459 1111 668 1163 lutione
712 1109 1005 1163 libidinum
1048 1112 1423 1181 torquentium
1462 1128 1569 1168 me.

938 1197 1099 1269 lmpii
1139 1217 1245 1255 non
1274 1201 1541 1255 videbunt.

529 1288 779 1354 Domine,
827 1290 921 1358 qui
950 1293 1259 1346 voluntarie
1290 1294 1535 1347 elevatus
1577 1306 1640 1347 es
1673 1292 1727 1347 in
1761 1307 1951 1359 cruce,
1981 1298 2039 1348 et

459 1379 753 1450 prostrain
809 1379 1097 1434 inimicum
1140 1381 1449 1437 voluntarie
1488 1399 1502 1435 :
1544 1396 1693 1437 nunc
1728 1384 2037 1453 praecipita-

2145 469 2462 543 διόρθωσιν,
2494 472 2591 526 καὶ
2614 471 2714 543 τῆς
2740 472 3023 543 βασιλείας
3050 473 3152 544 τῆς
3180 474 3278 545 σῆς
3305 473 3407 546 τὴν
3430 476 3733 529 οἱκείωσιν.

2211 758 2490 833 Παρθενία
2516 758 2609 813 καὶ
2633 758 2790 821 τόκος
2812 756 3145 828 συνέδραμεν
3158 757 3299 830 ὑπὲρ
3322 757 3488 828 φύσιν
3506 758 3601 812 ἐπὶ
3621 758 3733 825 σοι,

2142 852 2341 908 meum:
2369 851 2463 905 τοῦ
2488 848 2685 903 σεπτοῦ
2713 842 3074 918 ἀγιάσματος,
3096 849 3533 922 Μητροπάρθενε
3552 851 3724 924 ἁγνή·

2139 946 2220 999 διδ
2237 945 2417 999 πίστει
2449 943 2555 1013 βοῶ
2578 960 2682 1009 σοι,
2715 941 2836 995 ὅλον
2866 957 2933 1012 με
2957 941 3185 1010 ἁγίασον
3204 957 3218 971 ·
3240 944 3362 995 ὅλον
3387 942 3737 1014 ἐκλύτρωσαι

2141 1035 2321 1105 πάσης
2355 1030 2644 1102 ἀσελγείας
2673 1029 2865 1083 παθῶν
2894 1029 3006 1082 τῶν
3035 1029 3332 1083 θλιϐόντων
3365 1046 3456 1103 με.

2578 1205 2835 1273 Ἀσεϐεῖς
2871 1207 2983 1261 οὐκ
3022 1208 3302 1276 ὄψονται.

2227 1299 2827 1364 Ἐκουσίως,Δέσποτα,
2844 1297 3067 1370 ύψώθης
3088 1300 3146 1352 ὲν
3160 1296 3401 1370 σταυρῷ,
3418 1298 3515 1352 καὶ
3532 1297 3667 1351 κατέ
3675 1300 3739 1371 ῥυ

2141 1389 2310 1461 ραξας
2329 1389 2420 1443 τδν
2467 1389 2659 1460 ὲχθρδν
2693 1388 2955 1453 ἑκουσίως
2976 1405 2991 1421 ο
3027 1390 3152 1442 ὅθεν
3178 1389 3632 1460 κατερῥαγμένον
3662 1404 3735 1457 με

459 1480 573 1523 tum
616 1485 704 1524 me
746 1470 802 1524 in
847 1472 1189 1542 voluptatum
1224 1473 1479 1544 abyssos,
1527 1473 1907 1529 misericordia
1943 1483 2038 1530 tua

2178 1481 2343 1536 δονῶν
2364 1483 2445 1546 είς
2471 1479 2747 1553 βάραθρα,
2772 1482 3148 1553 εὐσπλαγχνίᾳ
3180 1497 3274 1534 σου
3304 1479 3623 1552 διόρθωσον.

462 1574 700 1629 corrige.

531 1649 839 1706 Obscuram
921 1650 1241 1707 libidinibus
1303 1654 1489 1723 pravis
1530 1655 1772 1708 animam
1827 1653 2035 1709 illumi-

2209 1656 2573 1712 Σκοτισθέντα
2598 1656 2826 1712 πάθεσιν
2859 1656 3085 1719 ἀτόποις
3115 1655 3215 1725 τὴν
3236 1654 3438 1726 ψυχὴν,
3463 1653 3737 1724 φωταγὼ-

459 1756 531 1796 na
551 1782 568 1807 ,
598 1740 750 1806 Jcsn,
781 1744 874 1811 qui
907 1744 1219 1798 obscurasti
1256 1745 1449 1810 solem,
1482 1747 1538 1801 in
1563 1761 1731 1802 cruce
1756 1757 2039 1815 extensus,

2178 1765 2332 1820 ησον,
2367 1748 2564 1818 Ἰησοῦ,
2591 1751 2619 1802 ὁ
2655 1748 2918 1811 σκοτίσας
2951 1747 3129 1817 ἥλιον,
3161 1746 3381 1817 σταυρῷ
3423 1746 3739 1816 στεινόμενος

459 1840 514 1886 et
541 1832 883 1896 illuminasti,
924 1832 1041 1897 Sol,
1080 1843 1239 1888 terra
1270 1835 1685 1903 plenitudinem.

532 1925 862 1981 Sobrietatis
916 1942 1183 1983 oceanum
1246 1930 1508 1999 navigare
1574 1931 1761 2000 quiete
1816 1929 2044 2003 dignare

462 2035 569 2086 nte,
601 2020 842 2084 Christe,
873 2036 1231 2091 compescens
1253 2022 1452 2079 ﬂuctus
1481 2025 1849 2097 intelligentiae
1865 2040 2038 2084 mete:

460 2118 515 2165 et
552 2112 609 2165 in
647 2112 1079 2167 resurrectionis
1107 2122 1324 2183 portum
1372 2114 1650 2170 introduc.

531 2286 753 2343 Castam
805 2287 1087 2342 innocenti
1126 2298 1310 2345 mente
1360 2306 1730 2347 veneramur:
1795 2292 2045 2363 pulchri-

464 2378 705 2433 tudinem
740 2394 862 2449 quae
895 2368 965 2433 ei
990 2376 1160 2434 Jacob
1190 2383 1539 2451 processisti,
1577 2398 1676 2452 per
1705 2392 1861 2438 artus
1901 2384 2043 2439 divi-

465 2472 615 2526 nitus
646 2471 944 2540 inspiratos
974 2471 1242 2536 decorati,
1290 2475 1378 2544 pie
1401 2475 1746 2532 cantabimus
1780 2482 2042 2546 tanquam

464 2559 798 2617 Genilricem
830 2559 922 2614 Dei
957 2563 1159 2616 nostri.

805 2650 1002 2705 Pueros
1042 2651 1345 2706 innocentes
1378 2656 1434 2709 in
1466 2657 1698 2710 coruino.

539 2742 713 2798 Cruxi
757 2742 953 2797 allixus
1003 2756 1100 2813 per
1133 2744 1591 2814 misericordiam,
1638 2749 1835 2805 latroni
1882 2766 2045 2821 para-

467 2832 650 2887 disum
719 2834 984 2903 aperuisti
1033 2851 1047 2887 :
1097 2851 1243 2890 nunc
1298 2851 1384 2891 me
1436 2838 1727 2907 spoliatmn
1782 2839 2047 2895 daamonis

469 2926 695 2992 astutia,
722 2935 777 2980 et
806 2926 860 2979 in
897 2928 1080 2981 anima
1106 2929 1453 2984 vulneratum
1488 2931 1713 2984 vulnere
1753 2931 2044 2998 immenso,

471 3032 607 3073 sana
635 3034 739 3084 me,
777 3022 1034 3088 aperiens
1087 3002 1221 3074 mihi
1283 3021 1485 3091 januas
1538 3026 1880 3093 ptenitentia:
1936 3041 2048 3097 pra:

475 3118 572 3163 tuo
599 3123 725 3178 erga
768 3108 1021 3165 homines
1052 3126 1263 3166 amore.

539 3197 763 3268 Jejunio
800 3207 1165 3257 extenuemus
1218 3216 1466 3270 carnem,
1509 3204 1749 3258 animam
1788 3206 2045 3276 precibus

474 3288 828 3357 sagittentus,
862 3305 1133 3359 pauperes
1183 3292 1515 3357 nutriamus,
1569 3295 1888 3350 thesaurum
1936 3312 2046 3351 non

469 3379 816 3434 deiicientem
836 3381 890 3434 in
912 3382 1069 3437 cmlis
1104 3392 1374 3448 ementes,
1405 3392 1461 3438 et
1489 3384 1900 3440 exclamantes:
1937 3385 2045 3441 Do-

472 3472 681 3524 tninum
716 3469 959 3539 laudate,
994 3488 1183 3543 opera,
1214 3486 1268 3528 et
1304 3476 1731 3545 superexaltate.

541 3560 805 3616 Passione
832 3570 925 3617 tua
971 3565 1191 3618 turbata
1243 3574 1331 3622 est
1383 3578 1659 3632 creatura,
1690 3567 1844 3623 cruci
1883 3578 1934 3624 te
1961 3569 2048 3624 vi-

471 3648 609 3705 dens
655 3649 902 3715 aﬂixum,
953 3653 1210 3708 Salvator
1261 3657 1507 3726 optime:
1549 3658 1678 3713 hinc
1728 3661 2051 3729 suppliciter

471 3757 570 3798 oro
603 3750 656 3796 te
688 3744 983 3814 impetibus
1015 3749 1291 3817 serpentis
1339 3764 1558 3819 semper
1581 3750 1875 3819 jactatum,
1912 3767 2050 3807 con—

472 3833 614 3889 forta
665 3845 903 3892 mentem
942 3853 1144 3905 meam,
1204 3841 1544 3908 misericors,
1598 3843 1655 3896 in
1703 3845 2048 3901 voluntatqu

473 3934 691 3980 tuarum
725 3928 970 3984 increata
1007 3939 1188 3999 petra.

540 4014 717 4071 .Ianua
752 4016 844 4073 Dei
883 4020 1095 4086 clausa,
1125 4037 1291 4092 quam
1330 4024 1484 4080 solus
1511 4024 1730 4095 trajecit
1763 4027 2066 4095 Dominus;

473 4108 651 4179 dirige
691 4125 777 4166 me
811 4112 869 4165 in
907 4112 1139 4168 semitas
1177 4113 1420 4182 divinas,
1461 4123 1516 4172 et
1545 4118 1694 4188 aperi
1742 4120 1936 4176 salutis
1959 4121 2054 4190 ja-

475 4215 616 4256 nuas
651 4201 807 4264 mihi,
861 4204 1037 4273 gratia
1073 4202 1168 4259 Dei
1210 4207 1370 4274 plena
1404 4225 1418 4260 :
1468 4209 1671 4262 etenim
1714 4209 1781 4263 ad
1817 4217 1871 4264 te
1914 4224 2053 4266 con-

479 4293 651 4365 fugio,
692 4291 886 4364 Virgo,
925 4294 1104 4350 solum
1141 4296 1408 4351 auxilium
1446 4299 1662 4367 generis
1697 4299 1943 4355 humani.

476 4492 638 4565 Lapis
694 4510 801 4547 non
856 4510 1020 4549 manu
1068 4495 1307 4568 sculptus
1362 4495 1557 4568 montis
1610 4514 1713 4551 non
1768 4499 2048 4568 compositi

969 4580 1037 4620 ea:
1057 4566 1325 4636 lapidibus
1351 4566 1557 4637 politis.

549 4657 768 4713 Petram
822 4659 1095 4728 sculptam
1131 4659 1334 4714 montis
1380 4668 1435 4715 te
1481 4659 1732 4730 praevidit
1784 4660 2053 4717 orientem

480 4765 547 4805 ex
581 4748 818 4818 Virgine,
841 4749 1111 4813 Salvator,
1136 4749 1474 4820 frangentem
1500 4758 1680 4819 petras
1715 4751 1769 4804 in
1801 4758 1894 4804 tua
1927 4765 2057 4804 cru-

480 4840 798 4895 ciﬂsione:
857 4838 980 4894 ideo
1027 4848 1316 4911 gravatum
1376 4840 1556 4909 lapide
1613 4820 1829 4894 duritiae
1883 4839 2053 4894 libera

480 4948 587 4996 me,
623 4932 960 4988 misericors.

552 5023 786 5078 Abstine
837 5038 869 5077 a
914 5021 1146 5088 malitia,
1202 5020 1387 5075 anima
1437 5035 1579 5085 mea,
1634 5019 1821 5075 divino
1871 5035 2060 5078 amore

478 5116 630 5171 luxui
650 5116 758 5168 iata
791 5132 805 5166 :
844 5114 1043 5183 ianuas
1069 5112 1293 5182 adaperi
1323 5112 1581 5167 omnibus
1610 5111 1878 5168 bonorum
1898 5112 2056 5183 cogi-

478 5208 821 5269 tationibus,
898 5205 1164 5261 claudens
1224 5206 1511 5275 pravitatis
1570 5204 1900 5270 introitum,
1963 5218 2060 5274 per

478 5301 899 5371 temperantiam
928 5309 982 5354 et
1013 5299 1344 5354 orationem.

547 5396 990 5451 Condenmatum
1039 5396 1192 5450 salva
1249 5408 1357 5457 me,
1414 5386 1519 5463 'qui
1560 5392 1835 5449 damnasti
1895 5406 2062 5448 cruce

480 5500 597 5552 tua,
655 5488 883 5543 Domine
939 5488 1213 5552 Salvator,
1280 5487 1560 5541 inimicam
1599 5500 1817 5542 meam:
1874 5494 1929 5540 et
1991 5500 2061 5540 ne

480 5582 744 5653 gehennae
773 5582 1035 5636 ostendas
1084 5579 1393 5650 subjectum
1430 5578 1668 5646 aliquem
1716 5576 2060 5632 vulneratum

485 5672 828 5738 libidinibus,
883 5684 937 5728 et
984 5672 1220 5743 peccatis
1265 5671 1630 5727 debilitatum.

2143 1842 2238 1896 καὶ
2270 1842 2538 1911 φωτίσας,
2570 1842 2756 1907 Ἥλιε,
2793 1841 3121 1911 οἰκουμένης
3153 1840 3222 1894 τὰ
3249 1840 3623 1911 πληρώματα.

2213 1931 2288 1984 Τὸ
2309 1931 2566 2002 νηστείας
2588 1931 2824 2000 πέλαγος
2852 1930 3154 1985 ἐκπλεῦσαι
3178 1930 3431 2002 γαληνῶς
3462 1929 3737 1997 καταξίωο

2143 2022 2235 2075 σόν
2272 2037 2362 2091 με,
2400 2021 2637 2091 Χριστὲ,
2684 2018 3040 2084 κατευνάζων
3085 2019 3308 2092 κύματα
3338 2020 3439 2091 τῆς
3489 2019 3735 2082 διανοίας

2146 2130 2248 2185 μου
2270 2129 2286 2145 ο
2320 2112 2417 2166 καὶ
2446 2112 2543 2183 τῆς
2576 2112 2927 2178 ἀναστάσεως
2972 2103 3064 2178 ἒίς
3111 2113 3309 2185 λιμένα
3343 2128 3413 2183 με
3463 2111 3738 2183 καθόρμι-

2145 2220 2261 2259 σον.

2216 2296 2328 2368 Τὴν
2351 2297 2523 2370 ἁγνὴν
2547 2298 2831 2367 ἀγνεύοντι
2852 2299 3175 2369 τιμήσωμεν
3197 2297 3279 2353 νοΐ
3303 2313 3319 2330 ·
3354 2296 3620 2368 καλλονὴν
3633 2297 3737 2367 τὴν

2143 2389 2238 2442 τοῦ
2284 2386 2477 2442 Ἰακὼϐ
2514 2391 2637 2452 ταῖς
2674 2389 2884 2453 ἐνθέοις
2924 2390 3159 2461 πράξεσι
3196 2391 3609 2461 καλλυνόμενοι,
3644 2391 3738 2447 εῦ-

2147 2476 2318 2541 σεϐὦς
2354 2477 2710 2548 ύμνήσωμεν,
2740 2479 2816 2543 ὡς
2841 2480 3071 2553 Μητέρα
3103 2480 3199 2535 τοῦ
3222 2481 3359 2535 Θεοῦ
3387 2482 3569 2552 ἡμῶν.

2456 2649 2683 2717 Παῖδας
2717 2651 2956 2722 εὐαγεῖς
2978 2653 3050 2707 ἐν
3072 2653 3147 2724 τῇ
3168 2655 3421 2723 καμίνῳ.

2216 2737 2445 2810 Σταυρῷ
2487 2744 2829 2812 προσπαγεὶς
2855 2743 2923 2795 δι’
2957 2744 3382 2814 εὐσπλαγχνίαν,
3428 2743 3602 2816 λῃστῇ
3641 2744 3738 2797 τὸν

2147 2831 2479 2902 παράδεισον
2538 2832 2818 2904 ἀνέῳξαςο
2870 2832 2965 2887 νῦν
2998 2834 3055 2888 δὲ
3089 2835 3457 2907 λῃστευθέντα
3499 2855 3593 2905 με,
3620 2836 3737 2888 δαί-

2151 2941 2309 2993 μονος
2335 2924 2603 2993 δεινότητι
2626 2928 2721 2978 καὶ
2749 2931 2819 2997 τῇ
2851 2930 2999 2999 ψυχῇ
3031 2929 3310 2999 ὀλόσωμον
3333 2930 3552 3001 πληγὴν
3580 2930 3737 2996 δεξά-

2153 3030 2335 3085 μενον,
2370 3015 2651 3085 ίάτρευσον
2680 3018 2904 3083 ἀνοίξας
2958 3035 3048 3089 μοι
3097 3019 3272 3085 πύλας
3301 3021 3400 3084 τὰς
3430 3023 3533 3092 τῆς
3564 3037 3737 3092 μετα·

2150 3102 2299 3167 νοίας
2328 3105 2395 3175 τῇ
2434 3107 2501 3177 σῇ
2530 3106 2934 3179 φιλανθρωπίᾳ.

2218 3193 2457 3267 Νηστείᾳ
2482 3195 2836 3265 λεπτύνωμςν
2858 3197 2958 3268 τὴν
2981 3198 3181 3267 σάρκα,
3204 3198 3384 3270 ψυχὴν
3407 3202 3740 3271 προσευχαῖς

2149 3282 2595 3354 καταπιάνωμεν,
2614 3284 2856 3355 πένητας
2887 3287 3269 3359 ὲκθρέψωμεν,
3289 3290 3520 3344 πλοῦτον
3552 3292 3628 3360 μὴ
3646 3308 3740 3342 κε-

2149 3373 2410 3444 νούμενον
2437 3380 2495 3428 ὲν
2523 3376 2775 3447 οὐρανοῖς
2814 3377 3136 3448 ὠνούμενοι,
3185 3381 3279 3433 καὶ
3307 3381 3739 3448 ἀνακράζοντες·

2150 3464 2258 3519 Τὸν
2283 3466 2488 3537 Κύριον
2521 3468 2766 3538 ὑμνεῖτε,
2806 3471 2875 3524 τὰ
2912 3470 3072 3541 ἔργα,
3105 3472 3200 3525 καὶ
3228 3472 3596 3543 ὑπερυψοῦῖε.

2222 3557 2313 3639 ςΐῷ
2345 3558 2508 3613 πάθει
2540 3577 2635 3613 σου
2673 3560 2853 3626 κτίσις
2879 3564 3168 3634 ὲκλονήθη,
3201 3563 3418 3634 σταυρῷ
3446 3580 3506 3615 σε
3540 3562 3743 3616 θεασα-

2154 3652 2292 3723 μένη
2323 3651 2734 3725 καθηλωμένον,
2768 3654 2954 3725 Σῶτερ
2981 3654 3317 3725 ὑπεράγαθε’
3348 3657 3472 3708 ὅθεν
3500 3656 3735 3709 ἱκετεύω

2154 3764 2237 3813 σε,
2264 3751 2386 3810 ταῖς
2404 3745 2735 3818 προσϐολαῖς
2758 3746 3118 3815 κλονούμενον
3146 3747 3233 3800 ἀεὶ
3261 3747 3355 3801 τοῦ
3390 3747 3587 3815 δφεως,
3621 3764 3740 3800 στε-

2156 3839 2360 3907 ρέωσον
2378 3837 2470 3888 τὸν
2491 3834 2614 3888 νοῦν
2644 3852 2769 3906 μου,
2802 3836 3125 3907 οἰκτίρμων,
3157 3837 3251 3891 σοῦ
3283 3836 3393 3890 τῶν
3417 3836 3743 3907 θελημάτων

2154 3929 2211 3979 ιν
2238 3928 2473 3999 ἀρραγεϊ
2502 3929 2567 3998 τῇ
2604 3928 2805 3998 πέτρᾳ.
3195 3912 3199 3916 λ

2239 4018 2305 4072 Ἥ
2338 4019 2484 4088 πύλη
2515 4018 2651 4072 Θεοῦ
2688 4020 2722 4090 ἡ
2750 4008 3136 4089 κεκλεισμένη,
3162 4021 3229 4091 ἢν
3266 4020 3424 4090 μόνος
3454 4019 3745 4074 διώδευσεν

2154 4113 2183 4164 ὁ
2214 4111 2440 4183 Κύριος,
2468 4111 2647 4165 ἴθυνον
2676 4110 2811 4182 πρὸς
2831 4112 3052 4180 τρίϐους
3090 4129 3157 4181 με
3192 4112 3364 4177 θείας,
3405 4113 3501 4165 καὶ
3537 4112 3745 4165 διάνοι-

2157 4206 2244 4271 ξον
2274 4206 2374 4274 τῆς
2405 4205 2680 4275 σωτηρίας
2720 4204 2894 4269 πύλας
2932 4222 3045 4274 μοι,
3089 4205 3490 4275 θεοχαρίτωτεο
3516 4204 3655 4275 πρὸς
3684 4207 3745 4261 ci

2157 4296 2267 4367 γάρ
2299 4296 2655 4363 καταφεύγω,
2689 4294 2957 4365 Παρθένε,
3006 4295 3141 4365 μόνη
3181 4297 3492 4366 προστασία
3521 4294 3615 4349 τοῦ
3654 4297 3751 4366 γέ--

2085 4402 2129 4457 υ
2156 4407 2279 4451 νους
2301 4389 2412 4444 τῶν
2440 4388 2537 4443 ἀνθ
2546 4387 2766 4461 ρώπων.

2285 4499 2463 4563 Λίθος
2487 4499 2913 4568 άχεφότμητος
2944 4500 3122 4568 ὅρους
3149 4501 3220 4566 ἐξ
3257 4503 3620 4570 άλαξεύτου.

2236 4658 2398 4713 Λίθον
2448 4675 2508 4712 σε
2550 4658 2831 4729 τμηθέντα
2880 4660 3130 4731 προεῖδεν
3179 4660 3341 4732 ὅρους
3368 4664 3659 4733 προφήτης
3685 4667 3749 4717 ὲκ

2167 4748 2482 4817 Παρθένου,
2513 4747 2722 4819 Σῶτερ,
2754 4749 3128 4822 διαρρήξαντα
3161 4752 3366 4824 πέτρας
3395 4756 3461 4824 τῇ
3497 4756 3563 4824 σῇ
3594 4771 3743 4807 σταυ-

2172 4844 2335 4914 ρώσει
2357 4860 2369 4874 ·
2396 4842 2475 4894 διὸ
2498 4841 2831 4912 βαρούμενον
2855 4844 3215 4913 ἀναισθησίας
3237 4845 3372 4917 λίθῳ
3401 4863 3490 4917 με,
3516 4848 3591 4910 ὡς
3613 4864 3734 4901 παν-

2168 4937 2486 5006 οικτίρξιων,
2520 4926 2907 5006 ἐλευθέρωσον.

2240 5027 2556 5097 Νήστευσον
2587 5028 2803 5093 κακίας,
2837 5028 2984 5099 ψυχή
3032 5046 3159 5100 μου,
3190 5028 3313 5101 θείᾳ
3337 5031 3532 5103 ἀγάπῃ
3560 5030 3751 5098 ἐντρυν

2171 5117 2364 5188 φῶσαο
2397 5118 2568 5190 θύρας
2629 5120 2973 5174 ἀναπέτασον
3024 5122 3228 5183 πάσαις
3290 5123 3474 5175 καλῶν
3535 5122 3753 5185 εἱδὲαις,

2173 5211 2655 5280 ἑναποφράττουσα
2676 5211 2774 5281 τῆς
2803 5214 3069 5284 πονηρίας
3095 5214 3321 5279 εἴσοδον,
3340 5214 3407 5268 δι’
3429 5216 3752 5285 έγκρατεία,⁵

2174 5302 2269 5355 καὶ
2302 5302 2560 5372 δεήσεως.

2267 5391 2399 5462 Ἐμὲ
2432 5392 2521 5445 τὸν
2559 5393 2890 5461 κατάκριτον
2947 5394 3142 5458 σῶσον,
3200 5397 3229 5449 ό
3293 5397 3635 5467 κατακρίνας
3682 5414 3755 5465 τῳ

2175 5482 2393 5554 σταυρῷ
2423 5499 2542 5550 σου,
2571 5484 2819 5538 Δέσποτα
2874 5486 3081 5557 Σῶτερ,
3118 5489 3222 5558 μοῦ
3255 5496 3356 5557 τὴν
3398 5489 3635 5561 ἔχθραν·
3668 5488 3755 5543 καὶ

2176 5574 2251 5645 μὴ
2277 5572 2473 5645 γεέννῃ
2499 5572 2678 5644 δείξῃς
2703 5574 3007 5629 ὑπεύθυνον
3026 5577 3118 5629 τὸν
3150 5577 3514 5648 πληγωθέντα
3540 5580 3754 5643 πάθεσι,

2175 5666 2269 5719 καὶ
2303 5664 2600 5736 ἁμαρτίαις
2629 5665 3062 5738 ἀμαυρούμενον.
