3964 6322
253 381 395 450 3861

653 499 756 552 ’ον
804 499 1161 569 φρίττουσιν
1187 500 1450 571 ἄγγελοι.

326 585 527 659 Θρηνῶ
580 588 677 642 καὶ
720 589 1008 662 ὀδύρομαι,
1062 592 1163 665 τὴν
1206 595 1358 667 ὥραν
1398 593 1597 648 ἐννοῶν
1632 594 1754 648 καθ’
1778 596 1844 666 ἦν

252 681 680 751 παραστήσομαι
700 681 778 752 τῷ
807 682 985 754 θρόνῳ
1006 684 1083 755 τῷ
1116 687 1352 757 φρικτῷ,
1377 684 1608 750 εὐθύνας
1632 685 1844 756 ὑφέξων

248 774 366 826 τῶν
392 772 603 825 πυλλῶν
649 789 752 844 μου
813 774 1023 841 κακῶν,
1054 767 1249 848 ὧνπερ
1287 778 1347 831 ἐν
1383 777 1578 848 ἀγνοίᾳ
1622 777 1846 831 ἐτέλεσα

251 868 352 922 καὶ
392 868 613 935 γνώσει.
952 938 965 943 μ

251 968 260 981 ⁸
332 957 594 1027 Μωῦσῆτ,
623 958 1001 1030 καθαρτήριοι)
1053 962 1307 1029 νηστείαν
1367 961 1660 1033 εὑρηκὼς,
1710 962 1844 1015 Θεὸν

251 1048 556 1117 κατενόησε
607 1051 700 1102 τδν
728 1050 891 1119 μόνον
924 1050 1199 1121 καθαρόν⁸
1261 1052 1408 1123 ψυχή
1450 1071 1575 1123 μου,
1619 1054 1845 1124 νηστείᾳ.

254 1139 645 1210 καθαρίσθητι,
663 1140 750 1193 ἵνα
776 1141 1085 1215 πλησιάσῃς
1104 1143 1328 1213 Χριστῷ
1348 1143 1427 1214 τῷ
1454 1144 1841 1215 φιλανθρώπῳ.

335 1230 607 1299 Νηστείαν
633 1232 963 1302 ποθήσωμεν
991 1232 1206 1302 μητέρα
1227 1233 1439 1303 ἀρετῶν
1457 1251 1472 1267 ο
1496 1234 1707 1305 τρυφὴν
1735 1235 1847 1304 βδεο

255 1318 551 1388 meamea
574 1322 899 1392 γεννήτριαν
929 1322 1117 1378 παθῶν
1139 1339 1151 1353 ·
1194 1325 1288 1378 καὶ
1317 1324 1628 1395 κράξωμεν,
1666 1312 1845 1396 Πάτερ

255 1413 288 1463 ὁ
316 1413 373 1462 ὲν
397 1412 508 1473 τοῖς
542 1411 827 1490 οὐρανοῖς,
869 1411 1045 1465 σῶσον
1083 1415 1256 1484 ἡμᾶς,
1295 1415 1467 1467 σῶσον
1497 1415 1685 1485 εὐχαῖς
1738 1416 1846 1468 τῶν

261 1503 378 1556 σῶν
403 1503 597 1570 ἁγίων.

337 1591 545 1665 κριτὴν
577 1593 636 1647 ὃν
670 1593 988 1665 ἐγέννησας,
1009 1594 1255 1664 Παρθένε
1279 1596 1532 1666 Μαριάμ,
1565 1596 1804 1649 δυσώπει
1824 1639 1840 1664 ,

260 1686 325 1736 ἒν
344 1685 463 1755 ὥρᾳ
488 1702 553 1754 με
574 1684 676 1754 τῆς
696 1684 953 1755 κρίσεως,
983 1685 1140 1755 ἁγνὴ,
1162 1687 1431 1758 οἰκτεῖραι
1454 1689 1545 1740 καὶ
1570 1687 1737 1742 σῶσαι
1758 1688 1850 1740 τὸν

261 1776 626 1841 κατάκριτον,
658 1775 792 1846 μόνη
818 1776 1128 1846 προστασία
1153 1776 1247 1828 τοῦ
1277 1777 1469 1844 γένους
1510 1777 1614 1830 τῶν
1642 1777 1849 1847 ἀνθρὼο

264 1885 409 1921 πων.

650 1955 767 2025 Τὴν
795 1958 1148 2027 φωτοφόρον
1186 1958 1469 2028 νεφέλην.

343 2048 436 2112 Εἰς
466 2048 743 2119 ἁμαρτίας
772 2050 1007 2121 πελάγη.
1053 2051 1133 2112 εἰς
1181 2050 1542 2118 ἀπογνώσεως
1573 2050 1734 2120 βάθη.
1770 2052 1851 2113 εἰς

265 2143 568 2211 τρικυμίας
592 2141 892 2213 λογισμῶν,
914 2143 1009 2197 καὶ
1032 2141 1219 2195 παθῶν
1256 2142 1575 2207 καταιγίδας
1619 2158 1852 2212 περιπε-

267 2225 382 2280 σὼν
405 2226 641 2289 ἀναϐοῶ,
664 2228 848 2292 ἐλέους
872 2232 904 2300 ἡ
937 2229 1196 2294 ἄϐυσσος,
1225 2228 1410 2300 βοήθει
1442 2248 1553 2301 μοι,
1578 2231 1672 2285 καὶ
1689 2233 1757 2302 τῇ
1784 2232 1850 2303 σῇ
1894 2248 1902 2255 ·

266 2316 650 2388 εύσπλαγχνίᾳ
676 2317 939 2390 ὄμϐρισόν
969 2337 1059 2391 μοι
1079 2320 1302 2391 ἱλασμὸν
1335 2321 1638 2394 ἁμαρτιῶν.

344 2502 443 2555 Διὰ
472 2504 727 2571 νηστείας
755 2502 817 2556 τδ
840 2503 1025 2574 σῶμα,
1060 2503 1128 2558 δι’
1154 2506 1485 2578 ἐγκρατείας
1518 2508 1576 2562 τὸ
1611 2507 1851 2579 πνεῦμα,

267 2591 360 2645 διὰ
380 2590 628 2662 δακρύων
671 2590 768 2662 τὴν
794 2591 996 2662 ψυχὴν,
1040 2594 1463 2664 ὲκκαθάρωμεν,
1516 2595 1720 2660 πιστοὶ,
1756 2595 1851 2648 καὶ

272 2682 508 2755 καθαροὶ
533 2683 611 2753 τῷ
634 2684 860 2755 καθαρῷ
892 2685 1161 2756 λαμπρῶς
1194 2687 1615 2759 ύπαντήσωμεν,
1650 2688 1854 2759 ὀψόμε-

269 2793 355 2829 νοι
385 2776 453 2829 τὰ
488 2777 731 2846 σωτήρια
755 2775 925 2848 πάθη,
956 2776 992 2831 ἃ
1020 2777 1231 2847 ὑπέστη
1263 2779 1332 2832 δι’
1366 2780 1559 2850 ἡμᾶςό
1588 2781 1825 2851 ἀπαθής.

355 2867 445 2930 Ὦς
472 2868 500 2921 ὁ
527 2866 768 2936 τελώνης
800 2868 1067 2934 στενάζω,
1117 2869 1309 2941 ὥσπερ
1335 2873 1367 2943 ἡ
1399 2871 1574 2942 πόρνη
1605 2871 1851 2943 δακρύω,

269 2958 347 3012 ὡς
382 2959 411 3012 ό
440 2956 642 3029 λῃστὴς
674 2957 914 3023 άναὸοῶ,
940 2960 1129 3030 Μνὴσθ
1142 2962 1225 3032 ητί
1250 2980 1373 3031 μου,
1415 2963 1715 3034 οἰκτίρμων
1734 2982 1748 2996 ο
1780 2963 1857 3027 ὡς

268 3048 301 3101 ὁ
323 3045 544 3115 τυφλὸς,
572 3045 668 3099 Υἱὲ
694 3046 877 3109 Δασὶδ,
899 3048 1196 3117 κραυγάζω
1261 3065 1363 3112 σοι,
1392 3047 1601 3113 ἄνοιξον
1634 3049 1731 3118 τῆς
1757 3050 1856 3116 ψυ-

271 3137 379 3212 χῆς
414 3153 514 3208 μου
540 3135 853 3209 ὀφθαλμοὺς
881 3137 1237 3208 πηρωθέντας
1255 3140 1323 3211 τῇ
1351 3140 1521 3211 κακίᾳ
1553 3139 1644 3193 τοῦ
1681 3139 1855 3193 δολίου

274 3225 620 3299 πτερνιστοῦ.

346 3321 423 3375 Τὸ
459 3320 803 3390 άλατόμητον
853 3319 1000 3392 ὅρος,
1035 3319 1135 3391 τὴν
1182 3320 1487 3375 ἁδιόδευτον
1524 3322 1720 3392 πύλην,
1756 3321 1856 3391 τὴν

271 3413 553 3485 ἅνωτέραν
584 3414 828 3485 οὐρανῶν
855 3413 952 3466 καὶ
985 3413 1084 3482 τῆς
1113 3412 1345 3476 κτίσεως
1373 3414 1577 3484 πάσης,
1606 3414 1706 3484 τὴν
1729 3414 1860 3468 καλ-

272 3501 437 3573 λονὴν
464 3501 559 3556 τοῦ
600 3500 814 3568 Ἰακὼ6,
846 3501 945 3574 τὴν
966 3502 1204 3571 στάμνον
1247 3502 1347 3574 τὴν
1388 3502 1726 3575 πάγχρυσον,
1764 3505 1860 3559 καὶ

274 3592 524 3665 γέφυραν
574 3593 666 3647 καὶ
692 3593 922 3664 Μητέρα
970 3592 1066 3646 τοῦ
1100 3593 1377 3658 Κτίστου,
1438 3593 1537 3666 τὴν
1584 3594 1860 3666 Παρθένον

278 3681 697 3756 μακαρίσωμεν,
723 3682 862 3737 λαοί.

448 3770 525 3826 Τὸ
551 3771 854 3842 στερέωμα
880 3771 997 3826 τῶν
1016 3773 1118 3827 ἐπὶ
1157 3774 1256 3829 σοι
1300 3776 1692 3831 πεποιθότων.

348 3862 820 3934 Συσταυρούμενοι
842 3863 920 3937 τῷ
939 3864 1008 3918 δι’
1041 3866 1191 3937 ἡμᾶς
1225 3865 1615 3938 σταυρωθέντι,
1655 3868 1864 3940 νεκρὼ-

275 3973 466 4026 σωμεν
503 3954 721 4011 ἅπαντα
750 3957 955 4029 σαρκὸς
982 3955 1051 4011 τά
1085 3957 1224 4030 μέλη
1251 3958 1618 4035 ὲνκνηστείαις
1647 3959 1742 4014 καὶ
1769 3960 1862 4019 εὐ·

277 4049 404 4117 λαῖς
422 4047 522 4101 καὶ
551 4047 824 4119 δεήσεσιν.

363 4138 423 4192 '0
451 4138 550 4208 τὴν
586 4137 831 4193 ἄκανθαν
857 4139 957 4209 τῆς
988 4139 1262 4211 ἁμαρτίας
1284 4139 1522 4205 Ξκτίλας,
1555 4142 1862 4214 σταυρώσει

281 4246 399 4294 που,
441 4228 635 4298 Κύριε,
671 4228 798 4293 τοὺς
823 4228 1157 4297 ἀκανθώδεις
1181 4230 1475 4302 λογισμοὺς
1500 4231 1598 4300 τῆς
1626 4232 1864 4299 διανοίας

180 4356 189 4364 -
276 4336 386 4392 μου
426 4317 657 4377 έκτιλον.

352 4408 794 4474 Καθοπλίσαντες
834 4409 934 4475 τὰς
983 4408 1224 4475 διανοίας
1250 4411 1494 4482 νηστείᾳ,
1534 4412 1864 4485 τρεψώμεθα

1685 391 2095 457 TRIODIUM.

1726 509 1734 513 ’
1866 508 1921 565 Α

2770 460 2776 466 ,
2996 459 3176 466 ,,
3380 389 3523 454 assa

2356 501 2523 569 Quem
2563 501 2871 557 horrescunt
2912 501 3103 574 angeli.

2020 589 2314 646 Lamentor
2362 600 2419 646 et
2470 590 2658 662 ploro,
2736 594 2877 646 hanc
2945 589 3260 662 recogitans
3328 591 3521 645 horam

1946 697 2053 752 qua
2088 684 2394 738 constituar
2420 691 2547 738 ante
2586 684 2847 737 thronum
2890 682 3215 748 terribilem,
3256 683 3322 737 ad
3362 683 3517 754 judi-

1948 773 2089 824 cimu
2153 771 2499 827 subeundum
2551 764 2854 828 multis‘de
2901 773 3036 828 meis
3097 764 3337 844 peccatis
3394 789 3518 845 qua:

1948 861 2208 932 ignorans
2234 871 2329 916 aut
2359 863 2542 918 sciens
2578 862 2704 919 feci.

2017 953 2247 1024 Moyses,
2299 955 2522 1011 iuventa
2563 956 2618 1010 in
2643 955 2858 1027 jejunio
2896 956 3297 1025 puriﬁcatione,
3356 956 3523 1013 lleum

1947 1044 2122 1098 solum
2154 1060 2350 1113 purum
2380 1046 2768 1101 animadvertit
2796 1065 2810 1102 :
2845 1048 3158 1117 purilleare,
3178 1049 3358 1103 anima
3383 1066 3523 1114 utea,

1946 1140 2001 1189 In
2025 1134 2341 1202 jejunio,ut
2376 1136 2614 1206 benigno
2646 1136 2869 1192 Christo
2909 1140 3341 1211 appropinques.

2016 1223 2296 1294 Jejunium
2333 1243 2604 1292 amemus,
2647 1244 2711 1284 ex
2751 1244 2862 1299 quo
2906 1240 3209 1287 nascuntur
3242 1232 3520 1297 virtutes;

1947 1315 2172 1372 delicias
2203 1334 2573 1382 exsecrentur,
2599 1320 2801 1390 quibus
2830 1331 3165 1392 generantur
3194 1323 3483 1391 cupidines
3510 1340 3525 1386 ;

1948 1409 2249 1466 chuuemus
2275 1428 2288 1464 :
2318 1410 2500 1475 Pater,
2524 1413 2617 1481 qui
2642 1428 2702 1467 es
2729 1413 2791 1470 in
2824 1413 3004 1477 caelis,
3029 1414 3181 1469 salva
3213 1429 3340 1477 nos,
3373 1416 3525 1471 salva

1950 1516 2047 1569 per
2075 1517 2262 1569 preces
2292 1514 2609 1559 sanctorum
2632 1512 2875 1577 tuorum.

2022 1589 2271 1645 .Iudiccm
2306 1610 2466 1661 quem
2495 1595 2754 1663 genuisti,
2796 1593 2960 1666 Virgo
3011 1596 3200 1661 Maria,
3232 1596 3463 1649 obsecra
3493 1611 3508 1655 ;

1952 1682 2006 1735 in
2037 1683 2170 1736 hora
2198 1680 2411 1748 iudicii,
2448 1684 2772 1753 purissima,
2808 1685 3070 1741 miserere
3099 1686 3227 1752 mei,
3259 1685 3525 1752 salvaque

1952 1772 2298 1836 damnatum,
2336 1772 2451 1826 sola
2481 1773 2651 1828 tutela
2682 1774 2907 1827 humani
2934 1774 3176 1853 generis.

2470 1947 2522 2001 Ν
2528 1948 2678 2004 ubem
2709 1950 2813 2003 luci
2815 1949 3007 2020 feram.

2026 2038 2081 2092 In
2117 2048 2468 2109 peccatorqu
2502 2042 2748 2113 pelagus,
2791 2043 2842 2097 in
2874 2042 3279 2114 desperationis
3307 2045 3536 2115 profun-

1953 2129 2106 2190 dum.
2132 2139 2187 2185 et
2223 2132 2625 2202 cogitationum
2645 2132 2843 2188 ﬂuctus
2869 2144 2922 2188 et
2965 2135 3282 2204 passionum
3329 2145 3535 2206 tempe-

1957 2228 2134 2274 states
2163 2220 2347 2291 Iapsus
2371 2222 2658 2277 exclamo:
2688 2223 3080 2278 misericordiae
3098 2225 3532 2297 abyssns.auxi-

1955 2307 2087 2362 liare
2113 2309 2263 2374 mihi,
2286 2318 2339 2364 et
2361 2318 2451 2364 tua
2474 2312 2827 2375 miseratione
2856 2313 3019 2384 irriga
3047 2331 3151 2381 me,
3172 2315 3528 2387 propitiatio-

1954 2411 2078 2451 netn
2114 2399 2357 2466 peccatis
2393 2399 2686 2455 adhibens.

2022 2486 2241 2558 Jejnnio
2273 2504 2497 2560 corpus,
2552 2492 2888 2547 abstinentia
2940 2494 3221 2565 spiritum,
3265 2486 3525 2568 lacrymis

1955 2581 2195 2635 animam
2223 2582 2609 2648 emundemus,
2629 2583 2839 2649 ﬁdeles,
2872 2586 3133 2641 etmundi
3160 2587 3530 2642 mundissimo

1955 2672 2240 2742 splendide
2270 2687 2647 2741 occurramus,
2703 2684 2762 2729 ut
2795 2677 3069 2732 salutares
3092 2678 3381 2731 videamus
3410 2693 3538 2746 pas-

1956 2763 2159 2830 siones,
2195 2779 2333 2835 quas
2363 2780 2462 2835 pro
2496 2766 2655 2821 nobis
2683 2768 2909 2822 sustulit
2931 2768 3311 2837 impassibilis.

2028 2852 2182 2909 Sicut
2231 2855 2559 2924 publicanus
2594 2856 2919 2928 iugemisco.
2964 2858 3110 2914 sicut
3151 2859 3411 2915 meretrix
3453 2857 3535 2913 la-

1958 2955 2197 3012 crymor,
2229 2944 2373 2999 sicut
2406 2944 2548 2999 latro
2575 2945 2828 3001 exclamo
2857 2964 2871 3003 :
2899 2946 3171 3002 Memento
3207 2948 3334 3012 mei,
3373 2948 3538 3003 mise-

1959 3034 2137 3089 ricors
2164 3050 2180 3088 :
2205 3036 2349 3090 sicut
2382 3052 2562 3092 caecus
2602 3037 2670 3091 ad
2713 3046 2766 3092 te
2800 3038 3072 3094 vociferor
3113 3056 3128 3093 :
3179 3037 3279 3093 Fili
3333 3039 3537 3104 David,

1958 3125 2105 3193 aperi
2141 3127 2331 3183 oculos
2360 3128 2557 3183 animae
2593 3143 2744 3195 mea},
2769 3139 3071 3188 excaecatos
3102 3132 3308 3186 malitia
3358 3131 3533 3185 dolosi

1960 3215 2280 3271 adversarii.
2864 3218 2877 3228 '

2030 3305 2266 3361 Montem
2314 3323 2421 3362 non
2463 3308 2720 3375 incisum,
2771 3308 2999 3378 januam
3039 3309 3538 3380 impenetrabilem,

1961 3400 2461 3468 Super-eminentem
2488 3400 2661 3456 caelos
2687 3409 2742 3456 et
2767 3415 2985 3455 omnem
3018 3412 3352 3467 creaturam,
3372 3400 3542 3461 Jacob

1961 3496 2449 3567 pulchritudinem,
2472 3511 2665 3551 urnam
2696 3513 2941 3561 auream,
2994 3498 3198 3554 fontem
3231 3508 3286 3553 et
3312 3497 3540 3554 Matrem

1961 3588 2244 3645 Creatoris
2273 3588 2557 3661 Virginem
2583 3590 2803 3647 beatam
2833 3590 3104 3656 dicamus,
3142 3593 3349 3663 populi.

2268 3769 2693 3825 Firmamentum
2718 3772 3049 3840 speraiztium
3078 3772 3132 3826 iu
3165 3779 3234 3826 te.

2035 3861 2250 3919 Conﬁxi
2290 3863 2442 3918 cruci
2490 3878 2614 3920 eum
2658 3861 2754 3937 illo
2793 3862 2887 3933 qui
2910 3878 3012 3933 pro
3056 3862 3217 3917 nobis
3244 3862 3546 3919 cruciﬁxus

1964 3962 2070 4019 est,
2117 3953 2304 4009 omnia
2345 3955 2532 4009 carnis
2569 3951 2969 4009 mortiﬁeemus
3003 3953 3270 4018 membra,
3316 3953 3370 4008 in
3399 3952 3546 4024 jeju-

1964 4044 2073 4101 niis
2102 4053 2157 4101 et
2186 4044 2442 4116 precibus
2463 4051 2519 4100 et
2550 4044 3069 4115 supplicationibus.

2037 4135 2141 4202 Qui
2198 4136 2407 4209 peccati
2467 4135 2684 4207 spinam
2747 4136 2981 4193 evellisti
3027 4136 3385 4192 cruciﬁxione
3426 4145 3545 4202 tua,

1970 4228 2200 4283 Domine
2222 4266 2239 4293 ,
2279 4227 2540 4299 spinosas
2571 4231 2773 4285 mentis
2802 4228 3323 4303 mearcogitationes
3351 4230 3544 4285 evelle.

2045 4394 2280 4460 Mentem
2334 4404 2651 4462 muniamus
2678 4405 2913 4479 jejunio,
2946 4407 3313 4480 inimicasque
3347 4407 3553 4467 daemo-

274 4497 490 4566 Ξκφυλα
548 4498 818 4570 δαιμόνων
866 4499 1054 4573 στίφη,
1089 4503 1157 4573 τῇ
1212 4501 1441 4575 δυνάμει
1482 4503 1576 4558 τοῦ
1630 4505 1856 4579 σταυροῦ

1983 4512 2103 4553 num
2133 4496 2392 4569 ingemas
2414 4499 2631 4565 turbas,
2666 4501 2855 4556 erucis
2886 4501 3085 4556 lirmati
3116 4501 3337 4558 virtute.

268 4588 661 4660 τειχιζόμενοι.

349 4679 779 4751 Σωματούμενος
808 4685 873 4738 ἑκ
908 4682 1002 4738 σοῦ
1044 4685 1314 4757 προῆλθεν
1358 4689 1387 4741 ὁ
1417 4688 1613 4759 Λόγος,
1644 4690 1743 4762 τὴν
1771 4692 1866 4747 εκ-

271 4786 508 4835 πτωσιν,
544 4769 803 4841 άχραντε,
843 4772 953 4827 τῶν
975 4773 1337 4846 προπατόρων
1362 4773 1451 4829 διὰ
1473 4775 1760 4850 σπλάγχνα
1790 4781 1866 4833 oi-

268 4856 528 4930 κτιρμῶν
551 4860 645 4914 άνο
653 4859 780 4930 ρθού
788 4877 971 4931 μενος.

662 4949 951 5020 Ἀστέκτῳ
981 4953 1124 5024 πυρί
1156 4953 1498 5022 ἑνωθέντες.

348 5040 577 5113 Σταυρῷ
603 5042 702 5108 τάς
725 5044 902 5116 ἀρχὰς
931 5045 1329 5118 θριαμϐεύσας,
1356 5048 1451 5102 καὶ
1482 5048 1579 5112 τὰς
1614 5047 1863 5115 ἐξουσίας

268 5133 377 5196 τὰς
414 5133 507 5187 τοῦ
536 5135 784 5202 σκότους,
820 5137 1121 5209 φωτοδότα,
1154 5139 1232 5193 ὅτ’
1280 5138 1347 5195 ἂν
1376 5139 1537 5213 ἔλθῃς
1566 5142 1682 5211 μετ’
1713 5140 1864 5206 ὲξου-
1890 5194 1901 5197 -

270 5225 401 5290 σίας
421 5229 605 5299 κρῖναι
630 5229 833 5301 κόσμον
862 5231 1102 5295 ἅπαντα,
1124 5230 1290 5303 μὴτά
1314 5233 1447 5304 ἐμὰ,
1465 5234 1631 5303 Λόγε,
1663 5233 1865 5306 θριαμ-

268 5316 480 5389 6εύσῃς
500 5317 729 5391 κρύφια,
755 5321 844 5376 ῐνα
866 5322 965 5394 τὴν
992 5323 1195 5397 πολλήν
1230 5341 1323 5379 σου
1344 5324 1555 5392 δοξάζω
1582 5325 1860 5393 εὐσπλαγ-

266 5407 456 5481 γνῖαν.

351 5501 551 5571 Κριτὸς
588 5504 616 5556 ὀ
640 5505 853 5577 κριτὴς,
884 5507 989 5583 πρδ
1033 5507 1296 5581 βημάτων
1323 5507 1486 5581 ἔστης
1518 5509 1862 5582 κατακρίνων

267 5591 374 5663 τὴν
407 5590 607 5665 ἔχθραν
638 5595 718 5667 τῷ
750 5596 969 5669 σταυρῷ
994 5616 1108 5663 σου,
1143 5598 1465 5669 μακρόθυμε
1495 5600 1856 5673 δικαιοκρίτασ

266 5680 354 5735 διὸ
384 5686 764 5756 κατακρίσεως
791 5690 1011 5745 αἰωνίου
1047 5690 1208 5761 ῥῦσαι
1260 5691 1388 5754 τοὺς
1430 5692 1580 5763 φόδῳ
1613 5694 1860 5766 κραυγάο

266 5772 500 5840 ζοντας·
526 5778 585 5833 σὲ
614 5779 1023 5857 ύπερυψοῦμεν,
1057 5782 1278 5855 Χριστὲ,
1315 5783 1393 5847 εἰς
1419 5785 1588 5850 τέλος.

2034 4680 2389 4739 lncarnatum
2411 4696 2478 4738 ex
2512 4689 2566 4739 te
2591 4681 2798 4752 prodiit
2840 4680 3084 4739 Verbum
3114 4725 3129 4751 ,
3182 4685 3552 4754 immaculata,

1942 4771 2180 4843 lapsum
2224 4775 2716 4846 protoplastorum,
2758 4789 2856 4846 per
2912 4774 3125 4832 viscera
3157 4776 3555 4834 misericordia:

1966 4881 2211 4938 erigens.

2281 4957 2350 5014 In
2373 4959 2546 5031 ignem
2572 4958 2960 5015 intolerabilem
2980 4960 3235 5031 protrusi.

2038 5048 2144 5117 Qui
2173 5065 2342 5108 cruce
2360 5050 2429 5108 de
2451 5052 2857 5123 principatibus
2883 5051 3263 5131 triumphasti,
3312 5060 3368 5109 et
3402 5061 3556 5126 pote-

1968 5154 2143 5200 states
2172 5143 2526 5201 tenebrarum
2554 5145 2902 5210 illuminasti,
2922 5145 3147 5216 quando
3179 5149 3399 5203 veneris
3422 5162 3555 5201 cum

1965 5243 2240 5307 potestate
2266 5234 2520 5305 judicare
2543 5237 2810 5293 mundum
2847 5237 3187 5303 universum,
3221 5238 3332 5293 noli
3358 5239 3555 5294 trimu-

1966 5325 2157 5396 phare,
2192 5325 2452 5391 Verbum,
2487 5325 2557 5381 de
2581 5329 2719 5384 meis
2751 5329 3007 5390 occultis,
3052 5337 3113 5382 nt
3144 5330 3369 5383 multam
3402 5336 3553 5384 tuam
3596 5356 3605 5396 ς

1967 5419 2405 5474 misericordiam
2440 5419 2765 5489 gloriﬁcem.

2041 5514 2260 5571 Electus
2298 5515 2490 5589 jntlcs.
2546 5532 2645 5586 pro
2695 5517 2956 5572 tribunali
3003 5516 3226 5580 stetisti,
3283 5516 3552 5571 daumans

1964 5622 2130 5664 cruce
2178 5618 2268 5661 tua
2320 5606 2635 5673 inimicam,
2686 5607 3019 5679 longanimis
3060 5616 3114 5662 tt
3153 5608 3304 5677 juste
3340 5606 3548 5678 judnx;

1968 5708 2258 5771 propterea
2298 5696 2364 5752 ab
2406 5708 2610 5751 arterna
2647 5697 3004 5753 damnatione
3040 5700 3211 5753 libera
3233 5698 3331 5769 qui
3381 5698 3553 5753 territi

1965 5793 2242 5849 clamant:
2273 5789 2806 5867 snpercxaltabimus
2838 5800 2911 5863 tc,
2938 5791 3177 5860 Christe,
3215 5791 3270 5847 in
3296 5789 3483 5848 linem.
