3964 6322
507 299 651 364 3383

1424 310 1486 374 S.
1522 310 1936 375 SOPHRONII
1958 304 2464 382 PATBIARCHE
2504 326 2902 389 HIEROSOL.

572 409 781 485 Jejunil
833 413 961 484 igne
1006 413 1288 482 indurati,
1343 419 1417 488 pii
1470 421 1621 490 pueri
1671 434 1912 483 erectam
1962 428 2092 481 olim
2121 416 2165 491 Α

3660 334 3801 397 3884

2268 433 2540 505 Νηστείας
2573 439 2704 509 πυρὶ
2752 441 3124 509 στομωθέντες
3154 448 3343 514 παῖδες
3372 449 3658 515 εὐσεϐεῖς,
3692 455 3791 522 τὴς,

508 503 780 558 ﬂammam
814 504 1002 561 divino
1037 521 1161 563 rore
1187 511 1587 578 exstinxerunt;
1626 531 1748 571 vere
1794 528 1847 571 et
1889 534 1989 575 nos
2012 521 2059 587 je

2195 503 2514 596 ἐπηρμένην
2547 503 2708 582 πάλαι
2740 503 2913 600 φλόγα
2940 532 3062 605 θείᾳ
3103 503 3286 607 δρόσῳ
3320 503 3589 595 ἔσϐεσαν·

505 594 525 663 j
551 595 751 650 mando
801 595 1081 654 fornacem
1112 601 1356 656 omnium
1382 605 1747 674 cupiditatum
1776 610 2093 682 exstingua-

511 703 654 753 mus,
680 696 739 742 ut
776 689 1042 761 gehennae
1070 691 1392 766 effugiamus
1418 697 1712 754 flammam.

578 865 652 920 Ex
683 875 736 922 te
764 868 856 923 Dei
888 869 1157 939 sapientia
1184 871 1287 927 sibi
1307 873 1529 927 domum
1557 874 1835 932 aediﬁcans
1862 892 2084 934 carnem

502 959 757 1027 sttitipsit,
808 961 1071 1015 ineffabili
1115 963 1513 1032 coddescensn,
1566 969 1749 1037 puella
1797 970 2028 1041 innupta
2067 989 2081 1025 :

497 1052 614 1105 sola
667 1051 811 1103 enim
863 1050 920 1105 tu
957 1055 1374 1122 generationum
1419 1059 1664 1111 omnium
1708 1060 1879 1114 electa
1913 1077 1973 1116 es
2000 1063 2083 1117 in-

496 1149 763 1208 corrupta
799 1141 1100 1212 incorrupti
1134 1155 1193 1197 ut
1225 1145 1423 1201 domus
1454 1145 1640 1202 Verbi.

467 1257 470 1260 ~
572 1226 636 1281 In
671 1230 798 1301 legis
834 1232 1019 1285 umbra
1046 1244 1094 1286 et
1127 1235 1307 1290 littera
1340 1248 1521 1306 typum
1550 1241 1839 1295 videamus.

566 1316 883 1382 Serpentem
926 1320 1138 1391 Moyses
1186 1325 1236 1375 in
1282 1323 1429 1393 ligno
1456 1329 1718 1384 extollens
1749 1339 1801 1382 te
1828 1331 2077 1401 praefigu-

2194 614 2290 666 καὶ
2320 616 2481 685 ἡμεῖς
2511 618 2861 688 νηστεύοντες
2897 622 2997 687 τάς
3027 627 3291 695 καμίνους
3335 632 3561 686 πάντων
3597 634 3793 686 παθῶν

2193 704 2638 777 κατασϐέσωμεν,
2689 709 2839 775 ὅπως
2877 712 2975 782 τῆς
3022 717 3249 787 γεέννης
3304 720 3651 791 ὲκφύγωμεν
3692 723 3791 794 τὴν

2191 795 2389 863 φλόγα.

2270 887 2364 939 Ἐκ
2389 888 2481 940 σοῦ
2508 889 2599 942 τοῦ
2630 890 2765 944 Θεοῦ
2788 894 2821 965 ἡ
2850 895 3031 965 σοφία,
3051 892 3197 952 οἷκον
3226 902 3392 972 ἑαυτῇ
3414 903 3784 974 δομησαμένη

2186 976 2497 1050 ὲσαρκώθη,
2554 982 2854 1055 ἀπορρήτῳ
2908 990 3336 1055 συγκαταϐἀσει,
3378 993 3518 1063 κόρη
3550 997 3779 1065 ἀπειρό-

2183 1083 2329 1137 γαμε
2351 1084 2365 1096 ·
2386 1070 2449 1121 σὺ
2474 1071 2583 1140 γάρ
2611 1072 2746 1142 μόνη
2776 1076 2991 1129 πάντων
3010 1080 3213 1146 γενεῶν
3228 1083 3529 1151 ὲκλέλεξαι,
3558 1085 3775 1157 ἄερθαρ-

2189 1174 2281 1219 τος
2308 1158 2585 1230 ἀφθάρτου
2616 1164 2696 1225 είς
2725 1166 3011 1220 κατοικίαν
3039 1171 3235 1237 Λόγου.

2225 1247 2327 1301 Ἔν
2348 1250 2535 1318 νόμου
2566 1251 2709 1322 σκιᾷ
2737 1256 2835 1308 καὶ
2879 1259 3168 1328 γράμματι
3192 1264 3386 1316 τύπον
3412 1267 3776 1336 κατίδωμεν.

2250 1338 2352 1391 Τὸν
2380 1340 2501 1408 ὅφιν
2533 1342 2772 1412 Μωῡσῆς
2804 1348 2861 1398 ἐν
2891 1347 3034 1418 ξύλῳ
3066 1350 3307 1419 ἀνυψῶν,
3338 1355 3398 1405 σὲ
3429 1358 3773 1423 πρωτύπευ,

491 1405 654 1469 ravit,
695 1404 949 1470 ChriSte,
996 1410 1086 1479 qui
1140 1427 1304 1467 cruce
1350 1412 1585 1470 libenter
1624 1418 1872 1475 sublatus
1918 1436 1978 1474 es
2023 1436 2059 1476 el

2423 1404 2433 1408 -
2731 1404 2768 1412 -ν
2901 1404 2917 1412 -
3005 1404 3017 1418 .
3181 1404 3192 1419 ι
3292 1404 3307 1417 ι
3350 1404 3392 1405 η
3436 1404 3773 1423 --.ί--ννν---ν

2188 1429 2398 1501 apum,
2441 1434 2657 1502 σταυρῷ
2689 1434 3007 1500 ἐθελουσίως
3029 1440 3334 1509 ὑψωθέντα,
3385 1446 3481 1497 καὶ
3529 1447 3624 1498 τοῦ
3662 1450 3773 1502 [ιο⁶

496 1496 723 1565 maligni
768 1499 1028 1553 malitiam
1079 1517 1347 1557 venenum
1388 1504 1726 1574 iaculantem
1762 1510 2071 1581 dissipasti,

489 1596 653 1655 atque
692 1588 758 1643 ad
803 1599 853 1643 te
884 1592 1145 1647 mortales
1168 1595 1464 1657 attraxisti.
1496 1600 1752 1669 benigne.

560 1677 688 1746 igne
720 1694 804 1733 me
832 1680 1057 1748 puriﬂca
1096 1682 1173 1735 tui
1208 1685 1442 1753 timoris,
1476 1691 1782 1748 accendens
1812 1693 2068 1749 inanima

490 1785 608 1822 mea
642 1769 885 1823 divinum
925 1773 1001 1824 tui
1050 1788 1315 1840 amorem,
1349 1785 1551 1847 tuaque
1598 1795 1765 1835 cruce
1807 1799 1895 1838 me
1941 1802 2063 1840 mu-
2100 1767 2141 1823 Β

488 1857 641 1912 niens
684 1874 848 1927 quem
903 1860 1029 1914 dolo
1076 1862 1296 1921 seduxit
1353 1876 1507 1943 vetus
1551 1869 1831 1938 inimicus,
1887 1889 2060 1928 meam

486 1949 875 2018 voluptatibus,
910 1952 1144 2016 Christe.
1176 1966 1409 2012 mentem
1439 1958 1780 2015 nﬂ'uscando.

554 2039 818 2112 Turpium
859 2043 1291 2115 cogitationum,
1337 2051 1723 2121 actionemque
1772 2068 2061 2123 pravarum

479 2131 815 2203 jejunemus,
862 2133 1098 2204 fratres;
1153 2137 1508 2206 purificemus
1562 2155 1689 2207 cor,
1752 2142 2064 2213 divinisque

483 2221 783 2278 virtutibus
818 2241 1106 2280 sumamus
1143 2229 1299 2294 alas,
1349 2245 1515 2299 atque
1565 2231 1795 2288 humilis
1844 2234 2064 2291 malitia:

483 2316 717 2381 impetus
743 2318 999 2384 vitemus,
1037 2332 1095 2372 ut
1120 2319 1325 2375 Pascha
1366 2336 1622 2393 magnum
1653 2325 1955 2397 splendidis
1987 2328 2064 2382 in-

481 2405 595 2460 duti
619 2409 1071 2478 contemplemur.

554 2497 629 2552 Ex
664 2508 719 2555 te
765 2510 1032 2567 nostram,
1064 2502 1253 2574 Virgo,
1296 2515 1672 2574 paupertatem
1724 2507 1868 2562 ferre
1892 2508 2065 2563 voluit

481 2593 573 2661 qui
609 2603 802 2647 natura
845 2594 999 2648 dives
1041 2604 1191 2660 erat;
1245 2598 1483 2652 visibilis
1520 2609 1704 2655 autem
1759 2600 1938 2658 factus
1977 2610 2063 2657 est

479 2682 642 2738 nobis
694 2684 1040 2739 invisibiliter
1090 2700 1117 2737 a
1170 2686 1436 2742 cmlorum
1478 2689 1664 2746 choris
1716 2695 2060 2761 celebratus,

478 2775 701 2843 quando
752 2776 1090 2831 contractam
1150 2777 1442 2849 imaginem
1505 2797 1603 2838 sua
1680 2784 1925 2841 bonitate
1972 2802 2060 2843 re-

478 2867 771 2920 stauravit.

636 2951 882 3009 Christus
914 2956 1171 3025 fortitudo
1204 2976 1340 3025 mea,
1374 2961 1509 3018 Deus
1535 2973 1584 3017 et
1618 2962 1900 3024 Dominus.

2175 1521 2339 1591 νηροῦ
2365 1524 2463 1590 τὴν
2500 1526 2704 1578 ἰοϐόλον
2731 1530 2927 1584 κακίαν
2955 1533 3433 1604 ἀπορραπίσαντα,
3476 1541 3614 1609 πρὸς
3636 1542 3775 1595 ἰαυ-

2174 1611 2264 1665 τδν
2293 1613 2349 1666 δὲ
2374 1616 2499 1679 τοὺς
2534 1614 2762 1686 βροτοὺς
2786 1619 3179 1689 ἀνελκύσαντα,
3205 1626 3580 1699 φιλάνθρωπε.

2244 1707 2386 1776 Πυρί
2411 1725 2478 1776 με
2507 1707 2601 1761 τοῦ
2642 1709 2732 1762 σοῦ
2761 1711 3064 1781 καθάρισον
3104 1715 3269 1782 φόϐου
3294 1757 3311 1783 ,
3349 1718 3608 1775 ἀνάπτων
3660 1741 3766 1792 μου

2168 1800 2233 1868 τῇ
2266 1797 2411 1869 ψυχῇ
2443 1801 2541 1865 τὴν
2567 1800 2717 1854 θείαν
2736 1819 2829 1855 σου
2857 1804 3102 1876 ἀγάπην,
3127 1810 3223 1861 καὶ
3251 1811 3472 1882 σταυρῷ
3501 1814 3763 1883 τειχῖζων

2167 1903 2234 1953 με
2260 1887 2337 1955 τῷ
2369 1887 2468 1956 σῷ,
2498 1889 2557 1942 ὃν
2576 1889 2882 1962 ἐξηπάτησε
2910 1893 3050 1965 δόλῳ
3077 1898 3105 1949 ὁ
3144 1898 3369 1962 παλαιὸς
3405 1903 3758 1974 πτερνιστὴς,

2163 1979 2282 2040 ταῖς
2313 1977 2529 2048 ἡδοναῖς
2569 1981 2905 2051 ἀμαυρώσεις
2929 1984 3028 2056 τὴν
3058 1987 3220 2057 ἐμὴν,
3239 1990 3465 2061 Χριστὲ,
3486 1992 3758 2052 διάνοιαν.

2233 2069 2483 2140 Αἱσχρῶν
2507 2070 2783 2142 λογισμῶν
2825 2075 2921 2127 καὶ
2950 2078 3203 2147 πράξεων
3253 2080 3474 2147 φαύλων
3522 2086 3759 2153 νηστεύ-

2166 2175 2370 2229 σωμεν,
2425 2161 2644 2230 ἀδελφοί
2671 2180 2685 2192 ’
2723 2163 3038 2236 ἁγνίσωμεν
3085 2170 3337 2240 καρδίαν,
3376 2175 3756 2245 περωθῶμεν

2163 2251 2336 2314 θείαις
2367 2253 2610 2324 ἀρεταῖς,
2638 2256 2731 2309 καὶ
2752 2258 3093 2329 χαμαιζήλου
3119 2262 3321 2324 κακίας
3349 2265 3531 2334 ὁρμάς
3563 2268 3755 2321 Exulto

2162 2358 2364 2409 νωμεν,
2402 2342 2488 2395 ἵνα
2513 2344 2574 2398 τὸ
2607 2344 2801 2415 Πάσχα
2832 2347 2892 2398 τὸ
2920 2348 3064 2417 μέγα
3108 2349 3491 2424 λαμπροφόροι
3536 2353 3753 2410 θεασώ-

2165 2431 2328 2501 μεθα.

2245 2524 2342 2579 Ἕκ
2396 2524 2491 2581 σοῦ
2552 2526 2648 2601 τὴν
2703 2529 2861 2601 ἡμῶν
2917 2532 3215 2603 πτωχείαν,
3259 2534 3525 2603 Παρθένε,
3574 2535 3754 2589 θέλων

2163 2614 2423 2684 ὲφόρεσεν
2473 2622 2501 2673 ό
2540 2620 2794 2686 πλούσιος
2826 2627 2892 2694 τῇ
2926 2623 3087 2694 φύσει
3109 2641 3124 2657 ·
3186 2626 3381 2695 ὁρατὸς
3414 2627 3472 2682 δὲ
3519 2630 3754 2697 γέγονεν

2161 2705 2293 2775 ἡμῖν
2326 2709 2354 2760 ό
2397 2707 2643 2779 ἀοράτως
2695 2713 2809 2775 τοῖς
2853 2711 2966 2765 ἄνω
3004 2716 3184 2784 χοροῖς
3231 2715 3600 2785 ὑμνούμενος,

2164 2795 2542 2866 συντριϐεῖσαν
2562 2800 2750 2853 είκόνα
2778 2801 3137 2857 ἀναπλάττων
3174 2804 3494 2874 ἀγαθότητι.

2303 2972 2557 3042 Χριστός
2587 2994 2708 3045 μου
2745 2977 3020 3048 δύναμις,
3051 2979 3195 3047 Θεὸς
3232 2981 3331 3036 καὶ
3370 2983 3605 3050 Κύριος.

542 3042 843 3113 Jejnuium,
881 3050 1171 3120 lacrymas,
1193 3067 1402 3121 preces,
1427 3059 1889 3126 compassionem,
1911 3077 2059 3118 com-

2233 3064 2537 3134 Νηστείαν,
2574 3042 2783 3139 δάκρυα
2805 3108 2820 3135 ,
3042 3110 3058 3137 ,
3095 3042 3471 3141 συμπάθειαν,
3504 3042 3748 3131 sti-zad-

476 3145 731 3204 punctam
765 3136 1027 3206 indolem,
1065 3143 1401 3198 sententiam
1445 3156 1690 3211 rectam,
1747 3151 1871 3207 vita:
1909 3156 2054 3224 puri-

477 3234 639 3281 tatem
672 3229 1049 3294 ostendamus,
1086 3229 1294 3296 iideles,
1328 3242 1384 3288 nt
1407 3236 1581 3302 gloria
1612 3237 1879 3315 fruamur.
1922 3306 1933 3315 ι

547 3315 701 3372 Sicut
731 3318 1023 3373 luminaria
1069 3320 1340 3391 fulgentes
1374 3325 1427 3378 iu
1467 3314 1813 3384 firmamento
1849 3314 2056 3389 sancta

471 3406 731 3466 Ecclesia:
762 3412 1049 3483 splendide
1076 3415 1435 3484 appar-histis,
1487 3421 1764 3488 apostoli;
1814 3438 2058 3496 quapro-

471 3514 591 3572 pter
612 3502 913 3558 illnminate
944 3505 1110 3560 corda
1142 3517 1327 3567 nostra
1358 3510 1542 3564 divino
1572 3510 1799 3578 Spiritu.

544 3593 698 3647 Sic-ut
744 3594 914 3649 divini
969 3597 1241 3653 carbones
1282 3599 1493 3654 incensi
1532 3603 1655 3671 igne
1681 3604 2049 3670 immateriali,

471 3684 854 3754 cupidinosam
889 3686 1137 3741 cordium
1166 3697 1483 3743 nostrorum
1517 3694 1801 3748 materiam
1821 3696 2052 3751 combu-

470 3777 594 3836 rite,
627 3780 905 3849 sapientes
938 3766 1029 3834 Dei
1060 3782 1233 3835 nostri
1267 3784 1523 3849 apostoli,

538 3871 943 3926 Candelabrum
971 3872 1423 3942 inexstinguibile
1455 3914 1470 3939 ,
1504 3876 1778 3932 thalamus
1797 3878 2052 3948 splende-

469 3975 652 4025 scens,
685 3962 973 4031 Seraphim
1005 3966 1278 4034 superior,
1308 3965 1604 4023 Cherubim
1642 3985 1863 4037 currus,
1891 3988 2051 4041 pror-

468 4069 564 4110 sus
605 4054 1129 4123 irreprehensibilis,
1178 4071 1208 4110 a
1268 4059 1527 4128 gravibus
1576 4075 1662 4117 me
1698 4065 1945 4132 peccatis
1992 4076 2048 4121 et

466 4144 730 4218 periculis
756 4146 949 4202 libera.

906 4233 989 4289 Ea:
1017 4238 1238 4306 ﬂamma
1268 4241 1339 4293 ad
1365 4235 1600 4297 satiatos.

535 4325 758 4400 Moysen
811 4327 1081 4399 jejunium
1117 4329 1207 4384 Dei
1236 4333 1724 4403 contemplatorem
1751 4334 1955 4404 effecit,
1992 4345 2047 4392 et

2160 3171 2350 3209 νυκτον
2391 3154 2541 3227 ἦθος,
2577 3159 2801 3231 γνώμην
2826 3161 2991 3233 ὀρθὴν
3016 3202 3032 3227 ,
3082 3162 3198 3232 βίου
3245 3162 3593 3235 καθαρότητα
3623 3168 3751 3220 επι-

2158 3245 2700 3316 δειξώμεθα,πιστοὶ,
2731 3251 2880 3315 ὅπως
2909 3252 3068 3323 δόξης
3098 3253 3520 3325 ἀπολαύσωμεν.

2225 3337 2514 3407 Φωστῆρες
2564 3340 2844 3406 φαίνοντες
2890 3340 2967 3412 τῷ
3013 3343 3354 3416 στερεώματι
3391 3349 3492 3414 τῆς
3534 3346 3746 3417 σεπτῆς

2166 3426 2493 3498 Ἔκκλησίας
2514 3431 2830 3500 περιφανῶς
2858 3431 3098 3503 ὥφθητε,
3125 3435 3441 3491 ἀπόστολοι·
3469 3437 3551 3491 διδ
3576 3438 3747 3508 φωτί·

2156 3536 2286 3572 σατε
2313 3520 2469 3591 ἡμῶν
2498 3521 2596 3584 τὰς
2627 3522 2855 3593 καρδίας
2890 3524 3019 3594 θείῳ
3051 3525 3347 3596 Πνεύματι.

2235 3608 2326 3674 Ὠς
2360 3611 2492 3665 θεῖοι
2522 3612 2793 3681 ἄνθρακες
2826 3616 3333 3686 προσαναπτόμενοι
3374 3616 3449 3687 τῷ
3492 3617 3627 3687 πυρὶ
3660 3617 3745 3693 τῷ

2150 3699 2301 3771 eam
2326 3702 2423 3765 τάς
2455 3703 2721 3772 ἐμπαθεῖς
2755 3702 2888 3768 ὕλας
2919 3705 3293 3774 καταφλέξατε
3339 3707 3446 3761 τῶν
3498 3708 3744 3779 καρδιῶν

2152 3791 2335 3862 ἡμῶν,
2362 3794 2514 3861 σοφοὶ
2540 3794 2631 3847 τοῦ
2663 3793 2798 3848 Θεοῦ
2831 3798 2863 3866 ἡ
2875 3796 2992 3865 μῶν
3022 3797 3338 3851 ἀπόστολοι.

2220 3883 2425 3953 Λυχνία
2455 3884 2709 3953 ἄσϐεστε,
2735 3887 2962 3957 νυμφῶν
2990 3887 3247 3957 ὁλόφωτε,
3287 3888 3537 3959 Σεραφὶμ
3563 3890 3741 3959 ὑπερ-

2148 3974 2304 4043 τέρα,
2336 3976 2668 4046 Χερουϐικὸν
2702 3977 2906 4049 ὄχημα,
2953 3979 3293 4048 πανάμωμε.
3326 3979 3611 4050 ἁμαρτιῶν
3664 3996 3740 4050 με

2150 4063 2405 4133 χαλεπῶν
2431 4066 2526 4118 καὶ
2556 4065 2828 4120 κινδύνων
2862 4065 3247 4136 ἐλευθέρωσΟν.

2552 4245 2654 4299 Ἐκ
2691 4245 2918 4315 φλογὸς
2953 4243 3078 4308 τοῖς
3117 4244 3332 4309 ὁσίοις.

2220 4335 2463 4404 Μωῦσῆν
2495 4336 2529 4408 ή
2563 4336 2784 4405 νηστεία
2817 4336 3048 4404 θεόπτην
3074 4334 3262 4400 ἔδειξε,
3289 4334 3384 4387 κατ.
3410 4335 3597 4389 Ἠλίαν
3626 4354 3734 4389 πυ-

469 4408 637 4472 Flliani
672 4421 828 4491 igneo
853 4436 1022 4476 curru
1055 4422 1315 4489 sustulit;
1356 4422 1558 4481 festina
1598 4428 1885 4481 noxiarum
1907 4444 2043 4483 con—

2190 4424 2282 4494 ίνῳ
2326 4423 2517 4478 ἔλαϐεν
2565 4425 2773 4496 ἅρματι
2797 4441 2810 4456 ·
2846 4423 3078 4477 σπεῦσον
3122 4422 3399 4493 λογισμῶν
3449 4423 3733 4495 βλαϐερῶν

464 4513 647 4567 tinens
675 4528 797 4568 esse
839 4514 1252 4583 cogitationum,
1280 4516 1499 4579 animm,
1533 4525 1593 4571 ut
1636 4518 1706 4572 ab
1751 4520 1944 4573 humili
1980 4521 2043 4574 li-

461 4601 673 4659 bereris
707 4604 1049 4660 seductione.

502 4668 831 4752 \Prolabens
876 4697 943 4750 ad
979 4696 1252 4753 deteriora
1288 4697 1611 4769 progredior
1660 4711 1713 4756 et
1763 4701 2043 4756 cicatrici-

462 4787 564 4840 bus
609 4802 746 4840 nova
793 4802 1010 4858 semper
1040 4788 1244 4857 adjicio
1276 4790 1507 4844 vulnera
1543 4807 1557 4845 :
1587 4805 1747 4855 sana,
1793 4792 2037 4861 Christe,

460 4878 732 4948 lapideam
774 4893 949 4933 meam
994 4880 1299 4935 caecitatem
1335 4897 1431 4953 per
1475 4881 1838 4953 benignorum
1874 4884 2045 4940 inter-

460 4969 768 5026 cessionem
807 4972 1201 5041 apostolorum.

533 5056 717 5118 Mundi
758 5060 963 5115 luml’na
995 5063 1181 5118 divine
1212 5060 1641 5135 fulgentissima,
1668 5068 2036 5138 cupiditatum

459 5158 774 5205 nostrarum
822 5151 1052 5210 nebulas
1103 5154 1388 5225 dissipate,
1408 5166 1461 5212 et
1504 5158 1854 5227 proscenium
1883 5159 2042 5214 inha-

459 5243 701 5303 bitantes
774 5248 1029 5316 gloriosa:
1087 5252 1513 5307 resurrectionis
1565 5252 1877 5318 ostendite,
1945 5252 2040 5324 qui

461 5340 677 5409 hymnis
714 5338 892 5393 Solem
926 5340 1114 5409 gloriae
1143 5341 1445 5395 celebrant.

528 5429 928 5487 Generationes
949 5433 1354 5501 generationum
1377 5443 1447 5499 te,
1474 5450 1637 5504 quam
1664 5435 1876 5490 beatam
1900 5435 2042 5493 Deus

458 5525 792 5594 praaiicavit,
817 5526 1027 5580 beatam
1050 5524 1373 5595 jamdudum
1406 5529 1722 5596 prtcdicant,
1754 5535 1813 5583 ut
1845 5529 2042 5599 pnedi-

457 5617 585 5670 xisti
620 5635 634 5671 :
671 5616 788 5671 sola
845 5616 987 5671 enim
1022 5617 1349 5672 mortalibus
1380 5618 1599 5673 beatum
1629 5620 1865 5690 genuisti
1905 5619 2039 5680 Vcr-

455 5709 585 5766 bum
616 5709 966 5765 ineliab'tlitcr
1005 5728 1067 5767 ex
1103 5721 1154 5766 te
1189 5711 1559 5768 incarnatum.

2146 4513 2653 4584 ὲγκρατεύσασθαι,
2702 4515 2851 4577 ὅπως
2893 4513 3256 4585 χαμαιζήλου,
3300 4513 3470 4586 ψυχὴ,
3520 4514 3732 4586 ρυσθῇς

2145 4605 2384 4677 ἀπάτης.

2216 4697 2566 4753 Ὀλισθαίνων
2577 4694 3463 4766 τοῖςχείρουσιπροσεπεκτείνομαι
3479 4734 3496 4760 ,
3528 4697 3626 4748 καὶ
3650 4695 3733 4767 τῷ

2147 4789 2376 4863 μώλωπι
2397 4791 2622 4862 τραῦμα
2652 4791 2739 4843 ἀεὶ
2772 4787 3107 4858 προστίθημι
3127 4802 3142 4818 ·
3177 4785 3596 4857 ίασαι,Χριστὲ,
3627 4786 3731 4852 τὴν

2142 4883 2342 4953 λιθώδη
2374 4900 2475 4957 μου
2496 4881 2754 4954 πώρωσιν
2793 4883 2913 4942 ταῖς
2930 4879 3038 4934 τῶν
3056 4877 3395 4946 ἀποστόλων,
3421 4879 3729 4955 οίκτίρμον,

2149 4973 2477 5044 μεσιτείαις.

2215 5064 2277 5120 Oi
2309 5064 2401 5119 τοῦ
2430 5062 2634 5134 κόσμου
2666 5062 2953 5133 φωστῆρες
2978 5060 3026 5115 ai
3060 5059 3471 5129 θεαυγὲστατοι,
3494 5059 3603 5112 τῶν
3626 5077 3734 5113 πα-

2146 5158 2254 5212 θῶν
2286 5157 2441 5229 ἡμῶν
2471 5158 2606 5226 νέςρη
2639 5154 3029 5210 διασκεδάσατε
3051 5193 3064 5217 ,
3098 5154 3192 5207 καὶ
3221 5153 3607 5223 προσκηνητᾶς
3632 5151 3731 5220 τῆς

2144 5250 2403 5321 λαμπρᾶς
2434 5248 2781 5312 ἀναστάσεως
2820 5246 3051 5314 δείξατε,
3082 5243 3386 5315 ὖμνοῦντας
3415 5245 3509 5298 τὸν
3538 5243 3731 5297 Ἥλιον

2143 5343 2243 5414 τῆς
2280 5341 2461 5410 δόξης-

2216 5432 2405 5487 Γενεαὶ
2433 5432 2634 5504 γενεῶν
2656 5450 2737 5499 σε,
2757 5431 3178 5502 θεομακάριστε,
3198 5427 3595 5499 μακαρίζουσι,
3625 5426 3730 5478 πά-

2143 5526 2234 5580 λαι
2258 5525 2332 5589 ὡς
2363 5525 2805 5597 προεφήτευσας·
2844 5523 2978 5594 μόνη
3011 5521 3364 5593 γὰρ’βροτοῖς
3411 5519 3503 5571 τὸν
3553 5515 3733 5586 μακά-

2149 5634 2263 5690 ριον
2310 5617 2536 5681 τέτοκας
2586 5616 2759 5687 Λόγον
2816 5616 3139 5690 ἀπορρήτως
3201 5614 3267 5666 ὲκ
3315 5611 3408 5666 σοῦ
3463 5625 3732 5682 σωματω-

2148 5709 2329 5767 θέντα.
