3964 6322
207 364 357 428 3565
432 408 437 413 ρ

472 477 625 533 Θεὸν
660 476 996 545 ἀνθρώποις
1034 475 1185 531 Mair
1220 476 1548 532 ἀδύνατον.

272 570 344 628 '0
374 574 473 627 Θεὲ
501 573 595 626 κα).
622 570 795 641 Κύριε
826 569 1121 635 πολυέ-λεε,
1150 570 1218 624 τὰ
1245 570 1343 641 τῆς
1390 570 1534 640 ἐμῆς
1563 568 1792 640 καρδίας

200 666 558 735 ἀποιάθαρον
584 662 895 733 τραύματα,
928 661 1216 732 μετανοίας
1254 660 1653 734 προσπλάττων
1701 677 1793 732 μοι

192 756 473 823 φήρμακα
498 766 515 783 ·
562 750 810 821 ἦμαρτόν
863 765 967 809 σοι.
997 750 1299 819 οἷκτειρον,
1329 750 1502 802 σῶσόν
1549 766 1641 818 με,
1672 750 1795 812 ταῖς

203 846 315 899 τῶν
345 842 661 901 ἀποστόλων
695 858 789 895 σου
818 841 1031 911 εὐχαῖς,
1061 839 1134 905 ὡς
1165 840 1477 905 πολυέλεος.

287 1019 517 1091 Ὀρμαῖς
548 1018 769 1079 ἀτόποις
798 998 1204 1087 ἐξηκολούθησα
1246 1015 1667 1086 φρενοϐλαϐὦς,
1699 1017 1794 1069 καὶ

199 1112 325 1173 ὅλος
353 1101 590 1180 ἐμαυτοῦ
620 1107 724 1171 ἔξω
746 1107 968 1173 γέγονα,
992 1104 1192 1175 ἡδονῶν
1221 1104 1282 1158 τὸ
1310 1105 1483 1176 τραχὺ
1516 1104 1795 1173 σιτιζόμε-

200 1220 297 1265 νος
314 1219 330 1234 ο
355 1205 449 1255 καὶ
479 1202 576 1271 τῆς
600 1196 974 1270 σωτηριὼδους
1000 1196 1511 1267 καθυστερουμένας
1537 1196 1794 1267 βρώσεως

202 1301 233 1350 ό
267 1298 514 1359 ἄσωτος·
549 1292 755 1363 Χριστὶ
779 1292 1071 1361 οῖκτειρον,
1105 1288 1278 1342 σῶσόν
1313 1306 1402 1359 με.

278 1389 439 1459 Ψυχὴ
469 1388 667 1450 κακίας
699 1385 774 1456 μὴ
803 1383 1203 1454 καθαρεύουσα,
1235 1384 1330 1436 καὶ
1363 1381 1566 1451 ἡδονῶν
1591 1379 1792 1449 σαυτὴν

205 1479 555 1550 φθοροποιῶν
592 1477 667 1549 μὴ
716 1474 1060 1547 μακρύνασα,
1093 1474 1145 1527 τί
1175 1473 1419 1544 ἀκαίρως
1451 1472 1661 1542 ἀγάλλῃ
1697 1489 1788 1541 νη-

204 1570 506 1634 στεύουσας
545 1566 762 1636 Ταυτὴν
793 1566 903 1636 γὰρ
943 1564 1040 1635 τὴν
1085 1564 1341 1635 νηστείαν
1373 1563 1477 1616 οὐκ
1515 1560 1796 1630 ἐξελέξατο

202 1665 433 1734 Κύριος,
457 1663 485 1715 6
512 1660 672 1731 μόνος
704 1657 802 1729 τὴν
832 1656 989 1727 ἡμῶν
1015 1656 1185 1711 θέλων
1217 1653 1529 1726 διόρθωσιν.

1653 359 2069 422 ΤΗΙΘΒΙΗΜ.

1819 483 1870 538 Α

3353 355 3493 420 3566

2136 471 2302 527 Deum
2331 471 2635 526 hominibus
2675 470 2852 525 videre
2883 462 3234 539 impossibile.

1975 563 2020 619 0
2045 562 2211 630 Deus,
2249 572 2303 618 et
2336 562 2567 618 Domine
2599 563 2829 616 multum
2856 561 3196 624 misericors,
3229 561 3332 614 mei
3362 576 3489 614 cor-

1902 655 1989 710 dis
2016 655 2180 710 ablue
2216 654 2464 717 vulnera,
2506 654 2847 724 pteuitentia:
2877 653 3340 707 medicamentum
3391 667 3489 723 ap-

1902 744 2152 814 plicans:
2182 745 2402 814 peccavi
2427 744 2551 807 tibi,
2585 745 2867 808 miserere,
2913 744 3061 796 salva
3097 759 3205 815 ine,
3245 758 3340 813 per
3371 753 3494 797 tuo-

1903 851 2022 889 rum
2066 836 2441 904 apostolorum
2483 849 2694 904 preces,
2729 843 2989 903 tanquam
3039 835 3271 887 multum
3318 835 3490 889 mise—

1904 927 2110 981 ricors.

1973 1019 2201 1073 Insanos
2231 1029 2457 1074 secutus
2492 1034 2615 1074 smn
2650 1017 2911 1086 impetus.
2946 1014 3226 1083 desipiens
3253 1022 3266 1068 ι
3294 1024 3347 1068 et
3366 1030 3490 1068 om-

1901 1109 2032 1163 nino
2056 1109 2235 1179 impos
2268 1110 2371 1163 lutei
2399 1109 2577 1164 factus
2599 1124 2744 1171 ειιιιι,
2785 1123 2983 1177 aspero
3018 1110 3359 1176 voluptatum
3405 1124 3490 1162 me

1903 1201 2150 1255 nutriens
2202 1211 2257 1256 et
2317 1202 2550 1256 salutari
2604 1200 2838 1255 inferior
2887 1202 3050 1264 cibo,
3108 1201 3428 1255 luxuriosus
3471 1219 3486 1255 :

1900 1289 2121 1347 Christe
2153 1292 2465 1357 miseratur,
2494 1295 2646 1345 salva
2684 1306 2790 1347 me.

1968 1385 2165 1436 Anima
2216 1400 2341 1452 ιιιιιιι
2374 1397 2521 1437 tuam
2550 1398 2660 1437 non
2696 1397 2898 1452 purgas
2923 1382 3191 1435 malitiam
3216 1390 3274 1435 et
3314 1396 3345 1435 a
3388 1396 3489 1434 vo-

1904 1475 2210 1545 luptatibus
2238 1491 2344 1529 non
2392 1476 2552 1542 longe
2590 1484 2645 1530 te
2698 1475 2993 1528 submoves
3022 1473 3320 1533 iethiferis,
3361 1487 3487 1526 cum

1907 1567 2292 1636 intempestive
2318 1568 2560 1621 exsultat
2577 1565 2906 1634 jeiuuando?
2928 1566 3040 1618 lloc
3064 1564 3208 1619 enim
3239 1579 3347 1618 non
3374 1564 3489 1618 ele-

1903 1657 1984 1712 xit
2044 1657 2309 1711 Dominus
2370 1658 2673 1727 jejunium,
2715 1659 2812 1727 qui
2870 1658 3024 1713 solus
3079 1661 3327 1711 nostram
3372 1657 3489 1712 vult

1901 1747 2372 1803 emendationem.

271 1839 416 1893 Φωτὶ
445 1836 523 1906 τῷ
552 1836 681 1905 θείῳ
708 1850 776 1905 με
801 1831 1230 1902 φωταγώγησον,
1248 1828 1393 1901 ἡτοῢ
1421 1829 1622 1899 φωτὸς,
1648 1829 1792 1899 Παρ-

1972 1838 2171 1892 Diriuo
2199 1839 2408 1894 lumine
2440 1839 2656 1894 illnstra
2684 1855 2792 1906 me,
2828 1839 2997 1911 Virgo
3036 1840 3129 1896 Dei
3170 1841 3374 1903 Mater,
3402 1843 3488 1896 lu-

199 1930 324 1985 θενε
354 1930 607 1992 Θεοτόκε,
637 1925 930 1997 λοχεύτρια
957 1941 972 1956 ο
999 1923 1093 1976 καὶ
1124 1921 1304 1991 ψυχῆς
1340 1939 1442 1993 μου
1489 1920 1581 1973 τὸν
1627 1920 1789 1988 ζόφον

197 2023 495 2083 ἀπέλασον,
531 2021 682 2082 ὅπως
710 2035 767 2071 σε
797 2013 1108 2086 μακαρίζω,
1131 2016 1197 2084 ἣν
1224 2011 1590 2083 μακαρίζουσι
1616 2011 1790 2064 πᾶσαι

193 2114 309 2167 τῶν
337 2110 642 2181 ἀνθρώπων
666 2106 872 2175 γενεαὶ,
906 2104 981 2168 ὡς
1014 2103 1453 2173 προεφήτευσας.

419 2203 481 2254 '0
519 2200 1011 2266 ἀναϐαλλόμενος
1048 2191 1175 2263 φῶς
1212 2193 1293 2258 ὡς
1331 2189 1585 2261 ἱμάτιον.

273 2294 456 2348 ’Ῑασαί
489 2309 578 2360 με,
607 2289 803 2361 Κύριε,
840 2287 934 2340 καὶ
966 2286 1285 2355 ἰαθήσομαι,
1321 2284 1398 2354 τῷ
1439 2280 1669 2354 μώλωπί
1696 2297 1791 2335 σου

194 2387 325 2445 τοὺς
359 2384 456 2450 τῆς
484 2380 661 2451 ψυχῆς
693 2396 795 2450 μου
826 2375 1139 2445 ἐκκαθάρας
1168 2373 1484 2445 μώλωπας,
1522 2371 1733 2443 Σῶτερ,
1765 2371 1793 2424 6

196 2480 267 2530 τὰ
296 2474 446 2543 πάθη
482 2472 646 2542 σαρκὶ
676 2469 1134 2538 καταδεξάμενος.

270 2564 825 2634 Ἀκανθοφορήσασαν
878 2563 974 2614 καὶ
1022 2558 1399 2630 χερσωθεϊσάν
1466 2575 1567 2627 μου
1615 2555 1795 2625 ψυχὴν

198 2657 489 2720 παντοίαις
519 2655 711 2709 παθῶν
759 2654 980 2716 είδέαις,
1018 2652 1223 2723 Χριστέ
1251 2668 1374 2720 μου,
1410 2650 1733 2719 καθάρισον,
1768 2649 1797 2700 6

199 2749 455 2819 στεφθεὶς
489 2747 754 2810 ἀκάνθαις
792 2745 859 2799 δι’
892 2746 1068 2816 ἄκραν
1099 2744 1433 2812 ἅγαθότητα.

286 2840 479 2896 Ῥὗσαι
511 2844 609 2911 τῆς
646 2840 847 2902 κακίας
882 2854 949 2909 με
978 2837 1072 2891 τοῦ
1103 2837 1497 2907 πολεμήτορος,
1532 2834 1794 2905 ἐπίστρε-

196 2935 303 3005 ψόν
349 2950 416 3004 με
464 2932 555 2985 τὸν
604 2929 967 3000 πλανηθέντα,
998 2927 1094 2982 καὶ
1130 2928 1586 2997 ὲκδαπανὴσαντα
1616 2926 1800 2981 πάντα

203 3042 314 3096 μου
338 3025 430 3078 τὸν
461 3023 575 3093 βίον
602 3021 848 3086 ἀσώτως,
883 3020 1164 3074 πολυέλεε.
1218 3080 1220 3088 λ

278 3213 421 3267 Νέον
467 3214 792 3282 ἀπεκύησας
844 3213 919 3274 ὡς
952 3213 1170 3285 βρέφος.
1223 3212 1481 3282 ἄχραντε,
1533 3213 1625 3266 τὸν
1653 3211 1799 3265 me-

201 3304 471 3376 στουργόν
505 3321 637 3375 μου,
674 3305 733 3359 ὃν
761 3304 1068 3358 ἐκδυσώπει
1089 3320 1103 3335 '
1158 3303 1611 3375 πεπαλαιωμένον
1642 3321 1712 3373 με
1743 3303 1803 3357 ὲν

203 3396 376 3469 πολλῇ
404 3395 574 3468 κακίᾳ
606 3396 974 3460 ἀνακαινίσαι,
1005 3396 1295 3449 Δέσποινα.

210 3480 213 3483 “
687 3487 789 3541 Σοὶ
829 3485 909 3552 τῷ
947 3489 1147 3540 Παντο
1156 3485 1331 3557 υργῷ.

277 3578 580 3642 Ἥπλωσας
594 3577 811 3649 σταυρῷ
825 3579 943 3641 τὰς,
962 3577 1186 3648 Χριστὲ,
1210 3576 1490 3645 παλάμας,
1505 3576 1687 3645 χειρὸς
1703 3574 1799 3629 τοῦ

203 3670 554 3744 προπάτορος
581 3670 641 3723 τὸ
673 3669 912 3740 ἀκρατὲς
945 3668 1211 3739 ἀναιρῶν,
1242 3668 1385 3740 ξύλῳ
1406 3668 1462 3722 δὲ
1484 3667 1641 3734 ξύλου
1666 3669 1802 3722 ἰάσω

198 3762 304 3832 τὴν
335 3761 585 3830 κατάραν
604 3774 620 3789 ⁶
648 3759 772 3813 ὅθεν
806 3777 866 3812 σε
895 3757 1174 3829 ὑμνοῦμεν
1207 3761 1287 3822 είς
1318 3759 1517 3814 πάντα.

273 3938 368 3992 Σοὶ
401 3934 479 4007 τῷ
531 3936 730 4006 θελητῇ
783 3935 885 4005 τῆς
918 3935 1209 4003 σωτηρίας,
1237 3933 1755 4005 Λόγε,προσπίπτω
1781 3955 1796 3969 ·

200 4030 335 4099 Beli)
345 4044 493 4096 ματα
510 4027 578 4081 τὰ
600 4027 948 4095 πονηρότατα
967 4024 1175 4079 παῦσον
1200 4026 1258 4078 ὲν
1279 4026 1435 4096 τάχει
1452 4028 1519 4079 ὲκ
1539 4027 1638 4097 τῆς
1660 4028 1800 4098 ἐμῆς

199 4119 433 4194 καρδίας
452 4161 466 4183 ,
496 4121 526 4172 ό
559 4119 793 4189 σταυρὸν
819 4117 912 4171 καὶ
944 4115 1090 4188 πάθη
1121 4117 1688 4189 θελήσειτιπομείνας.

272 4211 528 4266 Ἀσωτον
557 4209 703 4280 ζωὴν
726 4206 1163 4280 διεστραμμένον
1189 4208 1304 4275 βίον
1335 4207 1581 4276 ποθήσας
1619 4208 1801 4280 ἠμαύ-

204 4310 392 4376 ρωμαι
419 4300 532 4369 ἐγὼ
558 4303 586 4353 ό
606 4300 813 4361 ἄσωτος
828 4314 844 4331 ο
863 4295 1076 4368 λάμψον
1097 4299 1295 4351 ἀκτῖνα
1319 4298 1660 4371 ἐπιστροφῆς
1679 4317 1796 4371 μοι,

199 4395 368 4463 Δότε,
400 4395 430 4447 6
455 4392 605 4465 ἡλίου
635 4393 839 4463 φέγγος
859 4391 939 4463 τῷ
973 4391 1205 4462 πάσχειν
1225 4390 1586 4462 ἁμαυρώσας.

272 4574 496 4630 Παῦσον
522 4574 623 4645 τῆς
650 4574 791 4644 ἐμῆς
816 4570 1164 4626 πολυωδύνου
1211 4571 1394 4626 πᾶσαν
1435 4560 1799 4644 καρδίαίτὴν

202 4668 477 4729 κάκωσιν,
508 4666 719 4734 Μαρία,
752 4665 946 4733 Μῆτερ
970 4662 1129 4729 Θεοῦ,
1160 4662 1401 4734 θραῦσον
1426 4663 1696 4733 δαιμόνων
1723 4665 1799 4718 τὰ

204 4758 340 4832 βέλη
375 4756 468 4810 καὶ⁵
509 4756 579 4809 τὰ
608 4754 761 4822 τόξα,
789 4756 900 4810 τῶν
926 4755 1377 4828 ὲκπολεμούντων
1415 4754 1514 4829 τὴν
1542 4755 1802 4827 ταπεινὴν

199 4851 389 4920 ψυχήν
422 4866 544 4918 μου·

250 4939 485 4999 Ἡσαῒα,
520 4939 766 5006 χόρευε·
792 4939 829 5006 ἡ
868 4936 1171 5007 Παρθένος
1192 4938 1380 5008 ἔσχεν
1415 4939 1487 4993 ἐν
1523 4940 1760 5012 γαστρί.

276 5030 395 5102 Τὴν
419 5029 616 5102 λιθώδη
647 5028 908 5100 πώρωσιν
943 5032 1044 5102 τῆς
1086 5031 1264 5101 ψυχῆς
1299 5049 1424 5102 μου,
1457 5031 1799 5104 εὖσπλαγχνε

203 5120 436 5191 Χριστὲ,
469 5120 767 5183 ἁπάλυνον,
796 5120 892 5173 καὶ
937 5120 1122 5191 πηγὴν
1145 5120 1233 5182 δός
1266 5138 1378 5191 μοι,
1410 5122 1605 5190 ames,
1640 5123 1794 5189 θείας

202 5210 592 5276 κατανύξεως*
638 5212 669 5263 6
718 5213 783 5265 ἐκ
826 5209 1070 5283 πλευρᾶς
1120 5209 1324 5280 βλύσας
1371 5228 1460 5280 μοι
1499 5212 1666 5282 ζωὴν,
1699 5215 1799 5284 τῆς

202 5302 486 5375 ἁμαρτίας
514 5313 616 5372 μου
636 5304 765 5366 τοὺς
793 5303 1129 5374 χειμάρρους
1157 5303 1615 5358 ἀναστέλλουσαν.

272 5394 546 5465 Ἐμαυτδν
568 5394 849 5468 ἀπέρῤιψα
879 5396 960 5458 είς
988 5395 1056 5448 τὰ
1083 5392 1220 5465 βάθη
1250 5394 1360 5447 τῶν
1382 5394 1670 5467 αμαρτιῶν
1689 5437 1703 5462 ,
1733 5397 1802 5452 τὰ

202 5486 319 5557 ὕψη
353 5484 677 5540 καταλιπὼν
703 5485 771 5539 τὰ
800 5484 909 5538 τῶν
937 5483 1147 5555 ἀρετῶν
1166 5502 1180 5516 ·
1208 5483 1326 5537 ἀλλ’
1350 5485 1600 5545 ἕλκυσον,
1627 5487 1801 5544 σῶσόν

202 5595 302 5647 με,
329 5578 358 5630 6
388 5576 627 5629 ἀνελθὼν
660 5577 753 5630 ἐπὶ
782 5573 879 5629 τοῦ
911 5574 1177 5645 σταυροῦ,
1228 5575 1323 5629 καὶ
1373 5576 1435 5629 τὸ
1462 5575 1801 5647 ἀνθρώπινον

197 5667 512 5732 ἀνελκύσας
544 5667 682 5738 πρὸς
713 5667 799 5733 σὲ,
828 5667 1023 5737 Κύριε.

271 5754 594 5829 “unasub;
618 5756 715 5818 ὣν.
738 5756 935 5823 Κύριε.
958 5753 1051 5809 καὶ
1078 5754 1300 5827 ἡδύτης,
1328 5753 1404 5818 ὡς
1434 5756 1796 5830 Δημιουργδς.

1824 3157 1870 3220 C

1893 1931 2057 1985 minis
2081 1928 2353 1993 Genitrix,
2383 1938 2438 1984 et
2460 1930 2535 1983 ab
2564 1930 2750 1984 anima
2784 1945 2902 1985 mea
2927 1932 3140 2000 expelle
3172 1933 3487 2002 caliginem.

1894 2029 1953 2077 ut
2011 2030 2063 2076 te
2124 2022 2341 2076 beatam
2384 2021 2695 2092 pradicein,
2736 2038 2902 2092 quam
2958 2024 3490 2094 beatampmdicaut

1892 2128 2081 2168 onmes
2114 2114 2394 2166 Ιιοιιιίιιιιιιι
2425 2112 2835 2183 generationes,
2872 2115 3015 2168 sicut
3047 2117 3379 2184 praediaisti.

2191 2203 2418 2257 Lumine
2446 2205 2674 2258 amictus
2695 2204 2831 2257 sicut
2856 2206 3186 2259 vestimento.

1970 2295 2118 2351 Sana
2152 2310 2262 2359 me,
2300 2294 2550 2358 Domine,
2587 2304 2644 2347 et
2686 2295 2948 2359 sanabor,
2995 2296 3090 2364 (μή
3123 2297 3351 2349 vulnere
3391 2303 3486 2350 tuo

1892 2386 2122 2442 vulnera
2156 2384 2352 2437 anima:
2377 2398 2511 2437 meae
2540 2381 2875 2446 emundasti,
2911 2380 3189 2449 Salvator,
3225 2383 3280 2435 in
3318 2397 3487 2437 carne

1896 2478 2121 2532 dolores
2161 2483 2384 2530 nostros
2415 2485 2699 2543 expertus.

1969 2570 2169 2638 Spinas
2206 2568 2571 2636 proferentium
2590 2574 2647 2618 et
2679 2565 2984 2620 desolatam
3026 2566 3265 2618 animam
3306 2565 3488 2619 omni--

1898 2660 2077 2715 modis
2088 2657 2449 2728 cupiditatqu
2468 2655 2765 2724 speciebus
2777 2654 3039 2714 emunda,
3062 2652 3281 2709 Christe
3304 2669 3485 2721 meus,

1900 2752 1994 2823 qui
2023 2751 2203 2821 spinis
2233 2757 2534 2804 coronatus
2560 2763 2622 2801 es
2654 2747 2726 2801 ob
2752 2754 3057 2801 extremam
3079 2747 3406 2810 bonitatem,

1970 2841 2167 2897 Libera
2205 2857 2292 2895 me
2325 2842 2392 2895 de
2412 2840 2629 2893 malitia
2658 2839 2871 2893 inimici
2912 2839 3054 2893 bella
3085 2841 3331 2909 agentis;
3362 2854 3490 2894 con-

1899 2944 2050 2989 verte
2077 2948 2184 2994 me,
2218 2935 2308 3000 qui
2339 2933 2394 2986 in
2424 2946 2671 2985 errorem
2711 2930 2988 2985 abductus
3022 2946 3144 2984 sum
3181 2939 3232 2984 et
3269 2945 3485 2984 omnem

1902 3026 2268 3082 substantiam
2316 3040 2492 3078 meam
2543 3022 2832 3093 dissipavi,
2880 3023 3111 3079 vivendo
3168 3023 3490 3087 luxuriose,

1905 3115 2138 3169 multum
2174 3114 2518 3171 misericors.

1977 3205 2270 3262 Parvulum
2302 3216 2365 3260 ut
2394 3206 2683 3273 infantem,
2719 3207 3091 3279 immaculata.
3133 3204 3486 3261 Conditorem

1902 3315 2081 3353 meum
2106 3299 2368 3368 genuisti,
2395 3314 2559 3367 quem
2591 3300 2823 3355 obsecra
2862 3307 2920 3352 ut
2956 3315 3041 3353 me
3067 3300 3122 3351 iu
3166 3298 3338 3351 multa
3380 3296 3490 3351 dis-

1902 3392 2178 3443 turbatuut
2213 3388 2502 3459 iniquitate
2528 3390 2887 3458 redintegret,
2931 3388 3188 3442 Domina.

2341 3478 2461 3532 Tibi
2493 3480 2727 3533 onmium
2758 3479 3027 3535 Creatori.

1971 3569 2190 3625 Palmas
2217 3571 2270 3623 in
2301 3586 2469 3625 cruce
2490 3572 2808 3635 extendisti,
2833 3571 3072 3635 Christe,
3107 3585 3302 3625 manus
3324 3568 3485 3640 primi

1900 3664 2145 3730 parentis
2189 3661 2382 3715 dolens
2435 3660 2941 3728 intemperantiam,
2980 3669 3035 3714 et
3067 3660 3119 3714 in
3156 3661 3305 3729 ligno
3355 3659 3486 3727 ligni

1900 3752 2110 3808 sanasti
2135 3752 2577 3807 maledictionem
2607 3765 2622 3815 ;
2661 3750 2804 3806 unde
2835 3760 2889 3808 te
2930 3752 2985 3807 in
3018 3753 3206 3807 omnia
3241 3749 3486 3805 celebra-

1899 3858 2024 3898 mus
2052 3841 2293 3914 hymnis.

1970 3931 2091 3987 Tibi
2117 3933 2305 3987 libenti
2322 3934 2650 3991 salvationis
2675 3933 2910 3996 auctori,
2938 3933 3201 3999 Verbum,
3222 3949 3486 4003 procum-

1899 4023 1972 4078 bo
2004 4042 2017 4079 :
2060 4024 2340 4095 improbas
2361 4026 2471 4080 cito
2496 4028 2550 4081 in
2583 4028 2750 4083 corde
2784 4042 2906 4082 meo
2930 4042 3128 4081 coerce
3168 4026 3483 4085 volitiones.

1898 4118 1991 4189 qui
2024 4133 2245 4173 crucem
2277 4128 2332 4173 et
2365 4120 2656 4190 passiones
2691 4120 3003 4175 voluntarie
3041 4120 3377 4174 sustinuisti.

1981 4205 2354 4262 Lusuriosum
2382 4211 2612 4275 victum,
2640 4224 2956 4280 perversam
2984 4210 3146 4262 vitam
3173 4206 3485 4271 ambiendo,

1908 4299 2211 4354 oﬂuscatus
2256 4315 2378 4354 sum
2442 4315 2543 4370 ego
2584 4301 2902 4355 luxuriosus
2958 4318 2972 4353 :
3022 4299 3307 4353 illucescat
3352 4297 3486 4352 mihi

1906 4388 2286 4445 conversionis
2317 4390 2531 4453 radius,
2562 4389 2824 4455 Verbum,
2850 4388 2943 4459 qui
2974 4389 3112 4445 solis
3137 4387 3486 4459 splendorem

1824 4498 1881 4559 υ
1907 4479 2163 4549 patiendo
2189 4480 2493 4535 oll'uscasti.

1974 4568 2179 4626 Coerce
2222 4571 2464 4626 dolorosi
2521 4572 2707 4628 cordis
2758 4574 2867 4628 mei
2913 4588 3131 4629 omnem
3193 4571 3486 4632 malitiam,

1904 4660 2095 4724 Maria,
2124 4661 2296 4718 Mater
2348 4663 2464 4726 Dei,
2517 4663 2710 4735 frange
2757 4665 3068 4724 daemonum
3100 4665 3206 4721 tela
3237 4673 3292 4720 et
3323 4676 3489 4719 arcus

1902 4753 2291 4811 debellantium
2312 4770 2614 4828 pauperem
2644 4758 2884 4812 animam
2918 4773 3118 4814 meam.

2176 4932 2351 5001 Isaia,
2383 4934 2662 5005 tripudia;
2706 4937 2866 5008 Virgo
2884 4939 3111 5006 gravida
3137 4949 3235 4996 est.

1974 5021 2264 5095 Lapideam
2318 5026 2516 5081 anima:
2556 5044 2690 5084 mem
2719 5030 3022 5084 caecitatem
3073 5032 3279 5095 emolli,
3321 5030 3486 5087 Chri-

1901 5123 1987 5172 ste
2031 5116 2372 5183 misericors,
2420 5127 2475 5172 et
2496 5118 2561 5173 da
2609 5119 2794 5191 mihi,§
2824 5120 2989 5186 bone,
3046 5121 3253 5177 fontem
3286 5122 3486 5179 divina:

1902 5209 2370 5279 compunctionis,
2419 5210 2517 5282 qui
2545 5226 2611 5264 ex
2669 5212 2839 5267 latere
2868 5213 3035 5268 vitam
3070 5215 3201 5269 mihi
3235 5215 3482 5270 inludisti

1908 5310 2258 5371 peccatorum
2287 5317 2534 5356 meorum
2568 5312 2840 5359 torrentes
2878 5304 3240 5362 auferentem.

1971 5391 2169 5449 Memet
2196 5394 2319 5449 dedi
2355 5395 2689 5466 praecipitem
2719 5396 2772 5450 in
2807 5406 3161 5467 peccatorum
3198 5403 3480 5472 abyssum,

1902 5484 2120 5539 excelsa
2148 5484 2414 5539 virtutum
2439 5485 2847 5555 derelinquens;
2879 5487 2973 5541 sed
3009 5489 3165 5543 trahe
3193 5505 3299 5550 me.
3332 5490 3482 5544 salva

1906 5590 2019 5639 me,
2047 5576 2139 5644 qui
2175 5590 2398 5631 crucem
2442 5578 2739 5633 ascendisti
2786 5587 2840 5634 et
2866 5594 3044 5650 genus
3077 5581 3370 5635 humanum
3412 5583 3480 5636 ad

1904 5670 1957 5719 te
1987 5665 2288 5732 attraxisti,
2324 5664 2577 5723 Domine.

1974 5755 2226 5821 Domine,
2271 5757 2364 5828 qui
2406 5758 2639 5816 dulcedo
2683 5775 2742 5816 es
2774 5768 2829 5818 ct
2865 5761 3229 5831 iucunditatis
3265 5774 3481 5835 auctor,
