3964 6322
522 325 624 388 38(
637 328 667 388 7
1360 329 1418 388 S.
1456 327 1806 388 SOPHRON
1817 329 1873 388 II
1904 326 2099 387 PATR

2279 325 2412 384 iH/E
2447 320 2852 384 HIEROSOL.
3678 323 3824 387 3863

526 437 616 496 lui,
667 433 908 497 Christe,
957 419 1230 501 guéstasti;
1275 444 1490 488 acetum
1540 437 1686 490 enim
1747 431 1965 500 bibens,
2017 436 2095 488 Ia-

2279 432 2363 500 λιῆς
2393 431 2624 496 ὲγεύσω,
2659 431 2897 501 Χριστὲ·
2960 430 3081 497 ὅξος
3127 431 3238 504 γὰρ
3277 432 3443 499 πιὼν,
3480 433 3823 502 ὑπάρξειε-αν

525 543 679 594 psum
712 527 804 594 qui
838 526 1030 580 Adami
1081 527 1320 596 posteris
1351 529 1654 582 exsistebat
1699 531 1902 596 erigis;
1960 528 2099 583 unde

2279 541 2480 576 πτωσιν
2509 526 2619 585 τοῖς
2649 523 2708 589 ἐξ
2744 521 2916 591 Ἀδὰμ
2961 525 3026 576 σὺ
3055 524 3415 596 ἐπανορθοῖςο
3446 526 3581 580 ὅθεν
3614 527 3822 597 ὑμνευῦ-

523 619 740 685 liymnis
772 629 823 672 te
853 619 1216 682 celebramus,
1252 619 1363 674 tuis
1419 621 1616 674 salvati
1655 621 2028 690 passiouibus.

2280 632 2308 667 ν
2341 632 2400 668 σε
2431 617 2480 667 οἱ
2509 614 2772 678 σωθέντες
2800 617 2914 678 σοῖς
2947 615 3256 686 παθήμασι.

595 707 956 762 Sanctissima
1023 709 1306 780 Domina,~
1347 725 1474 780 spes
1546 727 1667 764 mea
1723 722 1777 764 rt
1831 710 2099 781 refugium

2279 709 2527 775 Παναγία
2561 709 2847 771 Δέσποινα,
2872 709 2905 776 ἡ
2939 709 3094 772 ὲλπίς
3125 726 3224 776 μου
3257 711 3351 762 καὶ
3382 711 3715 780 καταφυγὴ,
3751 711 3822 764 τά

524 813 728 863 meum,
773 799 971 853 animae
1023 816 1154 855 meae
1200 816 1331 855 sana
1375 804 1638 867 vulnera,
1693 803 1975 872 pacilicam
2016 802 2098 856 ef-

2279 799 2618 868 πύματαοτῆς
2649 798 2789 868 ὲμῆς
2817 799 2966 852 τασαι
2997 799 3204 870 ψυχῆςο
3235 802 3325 854 τὸν
3356 801 3486 855 νοῦν
3513 820 3626 872 μου
3660 803 3818 873 eici;-

524 889 624 942 lire
657 903 831 942 meam
881 901 1137 955 mentem,
1191 905 1248 948 ιιι
1298 907 1352 949 et
1387 912 1487 966 ego
1535 895 1781 964 gaudens
1834 903 1925 946 tua
1961 893 2099 948 cele-

2279 908 2413 956 mov,
2450 892 2537 944 ἵνα
2586 890 2741 959 κάγὼ
2788 893 2996 964 χαίρων
3037 893 3260 964 ἀνυμνῶ
3284 893 3352 947 τὰ
3385 895 3668 964 μεγαλείά
3695 911 3817 958 σου,

524 978 672 1031 brum
717 981 1026 1050 magnilii-a,
1063 982 1152 1037 Dei
1186 984 1436 1038 Genitrix
1473 999 1690 1053 semper
1717 981 1901 1053 Virgo.

2279 983 2432 1035 οτὸκε
2465 982 2814 1053 άειπάρθενε.

903 1075 1032 1128 Veni
1074 1076 1127 1128 in
1163 1075 1486 1144 profundum
1520 1076 1711 1131 maris.

2404 1069 2630 1152 Ἦλθον
2665 1076 2752 1139 είς
2790 1075 2861 1129 τὰ
2891 1074 3054 1142 βάθη
3093 1076 3205 1143 τῆς
3242 1077 3600 1146 θαλάσσης.

593 1167 777 1223 Guttis
803 1168 972 1222 vestri
1021 1167 1307 1234 sanguinis
1339 1167 1552 1235 piorum
1593 1166 1872 1234 irrigastis
1907 1164 2097 1229 corda,

2279 1165 2535 1234 Αἱμάτων
2559 1167 2859 1236 ὴρδεύσατε
2891 1168 3115 1236 σταγόσι
3145 1167 3252 1220 τῶν
3273 1169 3518 1220 εὐσεϐῶν
3548 1168 3820 1240 καρδίας·

522 1259 813 1327 impiorum
873 1274 1007 1313 vero
1063 1260 1361 1313 instructas
1429 1259 1578 1312 acies
1623 1258 1677 1311 in
1734 1259 1814 1312 eis
1862 1258 2099 1328 gloriose

2279 1257 2611 1310 ςσεϐούντων
2642 1258 2700 1311 δὲ
2724 1258 2822 1321 τάς
2849 1258 3205 1328 παρατάξεις,
3245 1260 3569 1329 περιφανῶς
3615 1263 3677 1312 ἐν
3712 1262 3816 1312 αὑ-

521 1352 856 1416 sull‘ocastis,
897 1352 1136 1405 victores
1167 1349 1536 1405 admiratione
1560 1349 1737 1420 digni.

2279 1350 2313 1410 ἴς
2345 1347 2623 1415 ἐπνίξατε,
2655 1349 2943 1418 ἀθλοφόροι
2972 1349 3317 1416 ἀξιάγαστοι.

593 1443 841 1512 Propriis
889 1444 1147 1498 membris
1198 1444 1441 1497 universi
1493 1443 1781 1496 Dominum
1827 1442 2099 1512 glorilica-

2279 1433 2606 1500 Δοξάσαντες
2640 1435 2856 1504 μέλεσιν
2880 1437 3102 1498 οἰκείοις
3130 1437 3221 1489 τὸν
3242 1437 3335 1490 τοῦ
3364 1439 3573 1500 παντὸς
3596 1441 3820 1492 Δεσπὸ-

521 1538 650 1603 slis;
686 1552 832 1589 nunc
869 1551 998 1589 vero
1053 1528 1431 1589 indesinenter
1486 1535 1893 1604 gloriﬁcamiui,
1928 1534 2099 1589 athle-

2279 1542 2323 1588 ν,
2344 1524 2438 1577 νῦν
2464 1523 2753 1588 δοξάζεσθε
2782 1526 3163 1592 ἀδιαλείπτως,
3192 1529 3319 1594 δόξα
3357 1530 3596 1593 πιστῶν,
3635 1530 3815 1599 ἀθλη-

524 1641 593 1686 tae
650 1631 743 1700 qui
794 1630 1032 1684 ﬁdelium
1087 1630 1222 1683 estis
1269 1629 1442 1698 gloria
1496 1629 1788 1697 magnique
1831 1635 2099 1696 protecto-

2279 1617 2314 1680 ί,
2343 1615 2701 1686 ὑπάρχοντες,
2722 1617 2814 1668 καὶ
2842 1617 3067 1686 μεγάλοι
3095 1619 3282 1689 ἀντιλή
3294 1636 3510 1688 πτορες.

526 1737 633 1774 I'PS.

596 1811 650 1862 In
708 1809 828 1860 lacu
885 1807 1100 1876 positus
1148 1823 1210 1862 es
1285 1807 1769 1876 profundissimo:
1842 1809 2099 1864 omnibus

525 1900 692 1966 igitur
740 1898 791 1950 in
833 1897 935 1950 [ide
985 1898 1243 1962 mortuis,
1281 1912 1313 1949 ο
1366 1898 1456 1951 Dei
1519 1896 1779 1960 Verbum,
1831 1913 1926 1967 per
1972 1914 2099 1952 san-

2279 1899 2410 1964 ὖσιν,
2454 1895 2497 1952 ῶ
2547 1901 2682 1953 Θεοῦ
2727 1903 2891 1970 Δὸγε,
2919 1906 3054 1956 πᾶσι
3103 1904 3424 1975 παράσχου,
3485 1906 3598 1959 τῶν
3646 1908 3812 1977 ἱερῶν

525 1999 739 2042 norum
800 1989 1130 2042 athletarum
1195 2003 1410 2057 preces,
1472 1987 1836 2042 offensionum
1889 1989 2099 2043 veniam

2283 1991 2459 2061 λητῶν
2483 1991 2729 2061 δεήσεσι,
2757 1995 2865 2047 τῶν
2896 1997 3254 2065 πταισμάτων
3285 1996 3381 2067 τὴν
3422 1999 3810 2070 συγχώρησιν.

525 2078 784 2132 Concede.
3048 2137 3052 2141 .

600 2170 927 2242 Utﬂargutis
973 2176 1026 2222 te
1072 2169 1421 2224 celebremus
1473 2170 1721 2234 vocibus,
1772 2169 1959 2238 Virgo,
2005 2168 2099 2222 has

2285 2164 2402 2216 Ἵνα
2436 2181 2493 2216 σε
2527 2168 2730 2234 φωναῖς
2756 2166 3100 2238 διαπρυσίοις
3139 2168 3575 2241 άνευφημῶμεν,
3611 2171 3768 2242 Κόρη
3790 2185 3807 2200 ⁸

529 2272 746 2316 nustrzls
793 2262 1043 2330 accipere
1090 2275 1253 2316 voces
1301 2269 1356 2314 et
1404 2261 1853 2332 pr0pitiationem
1888 2276 1985 2330 pro
2012 2259 2099 2312 de-

2279 2271 2310 2317 ;
2339 2257 2520 2324 φωνάς
2536 2260 2567 2325 ὴ
2577 2257 2695 2326 μῶν
2719 2258 2926 2319 ταύτας
2948 2259 3223 2329 δεχθῆναι,
3255 2261 3349 2313 καὶ
3375 2262 3612 2330 ἱλασμὸν
3633 2262 3806 2333 ὀφλη-

532 2356 658 2406 biiis
707 2356 984 2422 postulare
1039 2364 1339 2420 memento,
1403 2363 1559 2410 tuum
1619 2355 1830 2410 scilicet
1896 2352 2099 2424 suppli-

2279 2348 2402 2400 ἱτων
2432 2349 2673 2419 αίτησαι,
2712 2350 2786 2413 ὠς
2820 2351 2951 2404 Υίόν
2982 2369 3073 2404 σου
3106 2353 3445 2407 ἱκετεύουσα.

528 2444 704 2496 cando
739 2442 956 2500 Filium.

993 2535 1120 2589 Tres
1169 2539 1315 2602 pueri
1359 2537 1650 2608 Babylone.

2596 2549 2734 2604 Νέοι
2771 2552 2930 2618 τρεῖς
2964 2552 3034 2605 ἐν
3070 2553 3407 2608 Βαϐυλῶνι.

602 2627 726 2689 Cui,
766 2628 1139 2696 complectens
1171 2628 1583 2682 irrationalium
1615 2626 1866 2693 affectus,
1903 2630 2099 2694 anima,

2286 2641 2405 2695 Τίνι
2435 2643 2737 2713 στέργουσα
2763 2644 2831 2697 τὰ
2859 2643 2996 2714 βάθη
3025 2646 3134 2700 τῶν
3159 2647 3366 2714 ἀλόγων
3398 2647 3626 2717 άληθῶς
3663 2648 3813 2721 ψυχὴ

533 2718 840 2772 assimilata
876 2718 984 2772 es?
1029 2717 1304 2784 Quidnam
1358 2718 1621 2774 invenisti
1661 2733 1771 2790 quo
1817 2734 2099 2788 superare-

2279 2734 2594 2804 ωμοίωσαι;
2640 2735 2774 2788 Τίνα
2816 2737 3224 2808 ὑπερϐάλλοντα
3266 2738 3454 2808 ἔσχεςς
3499 2741 3589 2793 Ἐν
3622 2717 3811 2812 apati;

535 2811 651 2864 ris?
686 2811 741 2864 in
773 2812 1017 2880 peccatis
1066 2813 1244 2867 clama
1267 2813 1335 2868 ad
1379 2813 1661 2868 Christum
1695 2832 1708 2867 :
1743 2813 1903 2868 Salva
1938 2828 2043 2878 me,
2078 2829 2099 2867 ε

2279 2845 2357 2890 αις
2389 2827 2583 2898 βόησον
2611 2827 2689 2898 τῷ
2715 2829 2956 2900 Χριστῷ,
2993 2828 3174 2884 Σῶσόν
3207 2848 3296 2901 με,
3328 2831 3527 2900 ἀγαθέ.

535 2911 697 2965 bone.

2137 1779 2176 1832 Β

2279 1809 2370 1860 Ἐν
2396 1809 2585 1880 λάκκῳ
2617 1813 2805 1883 ὲτέθης
2833 1815 3160 1884 κατωτάτω·
3191 1817 3304 1878 τοῖς
3333 1811 3428 1869 οὖν
3459 1818 3681 1880 πιστῶς
3715 1819 3814 1871 θα-

606 3005 1062 3074 Acquiescentem
1099 3004 1153 3056 in
1176 3003 1390 3058 sanctis
1421 3002 1618 3057 obnixe
1643 3003 1954 3064 obsecrato,
1976 3017 2099 3057 san-

2293 3009 2494 3075 Ἀγιοι,
2540 3009 2631 3062 τὸν
2681 3010 2738 3062 ὲν
2788 3009 2964 3078 ἁγίοις
2985 3009 3284 3078 αἰτήσασθε
3330 3009 3570 3073 ἐκτενῶς
3602 3011 3815 3064 Anax-a-

537 3098 613 3151 cti
647 3103 704 3150 ut
746 3097 798 3149 in
829 3097 1038 3151 sanctis
1084 3096 1171 3151 his
1216 3095 1411 3151 diebus
1459 3095 1706 3149 omnium
1749 3096 1961 3165 piorum
1996 3095 2099 3148 ani-

2279 3101 2528 3169 ιυὸμενον
2585 3100 2809 3165 ταύταις
2858 3104 2974 3164 ταῖς
3026 3103 3210 3170 ἁγίαις
3257 3100 3494 3174 ή⁶μέραις
3540 3103 3816 3173 καθαγιά-

540 3205 658 3243 mus
688 3189 1014 3244 sanetilicet.

2279 3209 2313 3244 ιι
2348 3193 2565 3245 πάντων
2593 3191 2700 3246 τῶν
2729 3194 2968 3247 εὐσεϐῶν
2991 3194 3060 3248 τὰ
3090 3197 3436 3265 φρονήματα.

611 3281 915 3347 Altissime,
985 3279 1037 3333 in
1081 3281 1458 3336 misericordia
1515 3279 1669 3336 dives
1720 3287 1776 3336 et
1824 3279 2094 3349 benignus

2295 3281 2547 3351 Ὕψιστε,
2568 3283 2596 3335 ὀ
2627 3285 2684 3336 ὲν
2717 3283 2856 3336 ὲλέει
2885 3284 3140 3346 πλούσιος
3162 3286 3257 3338 καὶ
3287 3286 3515 3354 ἀγαθὸς,
3544 3290 3665 3350 τοῖς
3696 3287 3819 3343 δού-

543 3368 718 3422 servis
770 3368 879 3422 tuis
930 3367 1044 3436 jam
1098 3369 1573 3426 obdormiemibus
1622 3371 1835 3426 veniam
1911 3370 2097 3440 praebe

2279 3393 2332 3437 ηις
2355 3393 2446 3428 σου
2473 3376 2668 3444 ἄφεσιν
2695 3379 2805 3439 τοῖς
2836 3377 3254 3448 προκοιμηθεῖσι
3285 3379 3596 3449 παράσχου,
3634 3384 3820 3452 χοροῖς

543 3461 728 3515 choris
791 3461 1114 3532 angelorum
1179 3463 1304 3518 illos
1358 3478 1792 3527 connumerans,
1858 3469 2099 3530 tanquau

2279 3466 2396 3534 {tow
2432 3467 2655 3531 τούτους
2689 3467 3037 3540 συναριθμῶν
3067 3469 3142 3532 ὡς
3171 3469 3576 3542 φιλάνθρωπος.

544 3555 833 3622 benignus.

615 3643 821 3698 Praeter
849 3645 943 3714 jus
977 3653 1325 3712 consuetum,
1357 3656 1564 3702 natura:
1598 3658 1880 3703 auctorem
1921 3649 2099 3721 genui-

2302 3638 2541 3702 Τέτοκας
2591 3640 2841 3711 νομίμων
2871 3642 3014 3712 δίχα,
3046 3642 3263 3711 φύσεως
3288 3646 3380 3699 τὸν
3410 3646 3821 3718 πλαστουργὺν,

548 3737 617 3792 sti
673 3739 947 3793 hominem
1017 3738 1245 3805 factum,
1293 3739 1682 3805 immaculata;
1747 3744 1896 3798 illum
1953 3743 2099 3813 igitul

2279 3730 2521 3799 ενόμενον
2551 3731 2857 3800 ἄνθρωπον,
2887 3736 3156 3805 άχραντε·
3202 3736 3363 3788 αὐτὸν
3403 3732 3499 3790 οὖν
3549 3737 3823 3802 δυσώπει,

547 3828 779 3883 obsecra
815 3836 874 3882 ut
913 3828 1234 3899 iniquitates
1270 3841 1490 3885 nostras
1540 3831 1774 3902 benigne
1804 3833 2054 3903 aspiciat.

2279 3823 2329 3886 Ιις
2361 3823 2592 3893 ἀνομίας
2629 3825 2978 3895 παραϐλέψαι
3007 3827 3185 3896 ήμῶν,
3213 3827 3288 3890 ὡς
3323 3827 3746 3900 φιλάνθρωπον.

1043 3919 1355 3989 Redemptor
1378 3923 1627 3979 universi.

2671 3917 2950 3987 Λυτρωτὰ
2987 3919 3094 3972 τοῦ
3133 3921 3377 3987 παντός.

621 4006 930 4078 lntrepidos
978 4013 1260 4080 capientes
1295 4029 1516 4079 sensus,
1554 4015 1608 4068 in
1653 4015 1924 4071 laboriosa
1961 4033 2090 4073 aren

2305 4009 2590 4081 Ἀπτοήτῳ
2647 4008 2950 4080 χωροῦντες
3003 4013 3310 4082 φρονήματι
3376 4011 3514 4081 πρὸς
3584 4013 3826 4069 ἐπίπονα

553 4114 825 4173 martyres
870 4105 1085 4159 labores
1127 4106 1311 4161 carnis
1344 4108 1691 4173 sustulustis,
1725 4120 1778 4164 et
1812 4111 1879 4164 ad
1925 4120 2099 4166 sorter

2279 4104 2564 4172 κάμματα,
2601 4101 2898 4171 μάρτυρες,
2931 4102 3126 4165 πόνους
3154 4103 3356 4174 σαρκὸς
3401 4105 3708 4176 ὑπέστητε,
3737 4109 3826 4160 καὶ

552 4195 758 4248 laboris
787 4205 1064 4265 expertem
1090 4197 1367 4264 translati,
1421 4215 1638 4252 omnem
1669 4201 1855 4256 cordis
1880 4203 2099 4258 laboren

2279 4193 2376 4262 pb;
2403 4193 2602 4247 ἄπονον
2626 4193 2781 4263 λῆξιν
2809 4193 3268 4263 μετοικισθέντες,
3300 4195 3476 4248 πάντα
3502 4197 3672 4251 πόνον
3697 4216 3826 4270 καρ-

554 4287 844 4342 alleviatis.

2279 4286 2356 4345 ίας
2389 4281 2696 4353 κουφίζετε.

623 4380 725 4444 Qui
752 4380 1140 4449 'corruptibilia
1166 4381 1482 4438 cmlestibus
1503 4384 1781 4450 mutastis,
1811 4387 2098 4441 carnalibu

2313 4379 2376 4429 Οἱ
2421 4377 2489 4429 τὰ
2537 4375 2649 4429 ἀνω
2695 4376 2956 4446 φθαρτοῖς
3001 4374 3367 4444 άλλαξάμενοι
3417 4381 3714 4446 σαρκικοῖς
3766 4397 3825 4447 με

556 4485 641 4523 me
682 4470 957 4540 perditum
1009 4471 1402 4541 cupiditatibus
1459 4489 1552 4544 per
1579 4475 1852 4545 jejunium
1909 4480 2099 4532 salvatl

2279 4467 2593 4538 θειρόμενον
2630 4467 2847 4529 πάθεσι,
2889 4466 2978 4519 διά
3010 4466 3262 4535 νηστείας
3289 4465 3497 4519 σώσατε
3527 4468 3619 4520 καὶ
3653 4470 3827 4538 εὐχῶν

557 4573 610 4616 ct
642 4580 861 4629 precum
896 4576 1218 4634 concentus,
1251 4568 1420 4622 divini
1447 4578 1718 4642 martyres
1750 4573 1990 4627 omnium
2024 4573 2099 4628 Do

2279 4557 2536 4627 αμελείας
2556 4595 2570 4620 ,
2611 4557 2888 4627 μάρτυρες
2916 4554 3086 4618 θεῖοι,
3117 4555 3206 4608 τὸν
3241 4555 3347 4609 τῶν
3380 4556 3517 4608 ὅλων
3549 4556 3688 4610 Θεὸν
3725 4559 3828 4612 ix:-

559 4656 766 4708 minum
792 4657 1176 4726 supplicando.

2279 4652 2513 4717 εύοντες.

629 4741 1135 4813 Supplicationihus
1194 4755 1500 4818 martyrum
1569 4757 1814 4813 tuorum,
1891 4749 2099 4804 Christe

2323 4745 2603 4810 'Ixeaiatc,
2630 4742 2858 4811 Χριστὲ,
2877 4741 2987 4795 τῶν
3009 4743 3302 4812 μαρτύρων
3335 4759 3451 4805 σου,
3479 4742 3546 4795 τὰ
3575 4741 3707 4813 ὲλέη
3742 4761 3830 4798 σου

560 4836 974 4893 misericordias
1009 4845 1135 4894 tuas
1180 4839 1440 4895 omnibus
1481 4841 1733 4904 demitte,
1782 4847 1836 4896 et
1860 4844 1926 4895 ad
1959 4850 2012 4896 te
2051 4857 2099 4898 re

2279 4838 2375 4892 τᾶσι
2403 4834 2783 4905 κατάπεμψον,
2809 4833 2900 4886 καὶ
2925 4834 3040 4896 τοῖς
3067 4833 3204 4903 πρὸς
3231 4833 3290 4890 σὲ
3311 4833 3410 4902 τὴν
3432 4832 3829 4902 εὖσπλαγχνον,

561 4929 736 4984 versis
788 4937 912 4998 post
943 4945 1098 4985 suam
1150 4945 1214 4985 ex
1249 4930 1351 4985 hac
1382 4931 1494 4985 vita
1539 4931 1946 5001 migrationem,
1983 4932 2099 4987 beni

2279 4927 2576 4982 ,εταστάσει
2605 4926 2697 4979 τοῦ
2725 4925 2864 4996 βίου,
2887 4923 3043 4978 λύσιν
3075 4925 3356 4995 παράσχου
3386 4923 3726 4994 ὀφλημάτων
3749 4928 3831 4978 καὶ

560 5035 722 5089 gnam
772 5021 952 5090 praebe
1019 5022 1330 5079 debitorum
1385 5024 1597 5078 veniam
1646 5032 1702 5079 et
1735 5024 1978 5080 divinam
2049 5040 2099 5080 re

2280 5019 2397 5074 είαν
2426 5020 2756 5076 ἀνάπαυσιν.

603 5129 769 5167 mem.
2912 5168 2915 5170 _

603 5129 769 5167 uiem.

561 5129 594 5182 (ι
637 5203 718 5258 Tu
769 5219 889 5275 quae
937 5204 1107 5261 Deum
1162 5206 1576 5276 impeccabilem
1633 5207 1895 5277 genuisti,
1955 5214 2099 5264 nosti

2331 5203 2419 5266 Ὠς
2441 5199 2673 5255 τεκοῦσα
2703 5200 2834 5254 Θεὸν
2863 5168 3252 5270 ἀναμάρτητον
3272 5237 3287 5261 ,
3318 5195 3416 5260 τὰς
3464 5193 3622 5266 ἡμῶν
3659 5194 3834 5264 ἀμαρ-

571 5298 759 5354 ileleas
791 5308 1016 5369 peccata
1068 5311 1160 5355 tua
1205 5311 1450 5356 materna
1496 5301 1850 5365 mediatione,
1890 5300 2099 5372 Deipar:

2279 5297 2371 5358 lac
2398 5293 2681 5362 ὲξάλειψον
2713 5294 2834 5354 ταῖς
2865 5293 3160 5362 μητρυιαῖς
3191 5288 3516 5360 πρεσϐείαις
3550 5303 3648 5342 σου.
3670 5327 3688 5352 ,
3725 5283 3836 5338 Θεο-

569 5391 832 5462 salvaque
853 5393 1155 5449 clamantes
1188 5409 1202 5446 :
1231 5393 1567 5458 Benedicite,
1599 5409 1786 5464 opera,
1819 5391 2069 5448 Domino.

2285 5387 2400 5447 ὀκε,
2434 5385 2527 5438 καὶ
2559 5384 2698 5448 σῶζε
2729 5383 3099 5445 ἀναϐοῶντας
3138 5381 3444 5450 Εὐλογεῖτε,
3475 5378 3545 5432 τὰ
3572 5378 3736 5450 ἔργα,
3760 5377 3835 5431 τὸν

2255 5475 2480 5528 Κύριον.

861 5570 971 5625 Eva
998 5587 1090 5640 per
1134 5571 1502 5626 inobediemiw
1542 5571 1864 5642 contagium.

2279 5493 2336 5528 tu
2383 5493 2480 5528 ιον.

2347 5493 2376 5544 ρ
2429 5569 2556 5621 Εὕα
2587 5565 2705 5635 μὲν
2743 5563 2822 5628 τῷ
2859 5566 2968 5631 τῆς
3005 5562 3316 5631 παρακοῆς
3353 5561 3679 5630 νοσήματι.

648 5662 752 5728 Qui
789 5663 842 5716 in
897 5673 1050 5732 petra
1090 5666 1323 5734 spiritali
1362 5666 1604 5719 animum
1647 5665 2029 5726 stabilivistis,
2069 5680 2098 5716 v

2329 5658 2690 5728 Στηρίξαντες
2720 5657 2894 5727 πέτρᾳ
2929 5659 3092 5724 νοητῇ
3125 5653 3183 5706 τὸ
3213 5654 3494 5723 φρόνημα,
3536 5649 3831 5718 ἀθλοφόροι.

583 5763 782 5816 etorcs,
809 5750 1060 5806 indi-ﬂexi
1094 5755 1159 5807 ad
1191 5770 1382 5810 omnes
1410 5755 1616 5810 inimici
1648 5755 1879 5811 astutias
1941 5771 2099 5812 remal

2279 5752 2680 5822 ἱιπαράτρεπτοι
2701 5749 2897 5812 πάσαις
2920 5747 3142 5816 Ἐχθροῦ
3169 5748 3286 5808 ταῖς
3307 5742 3672 5814 πανουργίαις
3699 5741 3832 5813 ἐμει-
