3898 6320
121 352 281 420 3369

1575 359 1986 422 TRIODIUM.

3233 362 3377 425 3870

122 478 296 519 vm-
333 464 416 519 διό
446 477 514 533 με
546 444 878 534 τρεπόμενον
903 463 1041 533 πρὸς
1069 464 1217 535 πάθη
1241 465 1559 537 ψυχοφθόρα
1577 483 1707 539 στη-

1839 468 1961 525 istis
1986 486 2002 535 ;
2032 476 2368 539 qnapr0pter
2390 480 2477 522 me
2517 465 2582 520 ad
2609 465 2897 536 cupidines
2919 467 3117 521 anima:
3146 468 3374 525 letltales

128 556 323 627 ρίξατε
353 556 473 619 ταῖς
500 554 636 625 πρὸς
654 555 717 607 τὸ
740 554 897 607 Θεῖον
924 556 1354 627 παρακλήσεσιν.

221 733 287 786 Ἢ
316 732 436 787 θεία
465 733 558 786 καὶ
583 730 753 795 ὅντως
780 732 1074 801 φωταυγὴς
1121 733 1394 806 ὁμήγυρις
1425 735 1535 788 τῶν
1567 752 1709 806 μαρ-

124 828 339 895 τύρων,
367 824 682 877 καθικέτευε
713 823 806 877 τὸν
831 823 1175 893 ύπεράγαθον
1198 826 1504 897 Δεσπότην,
1534 825 1713 896 καιρῷ

128 918 236 985 τῆς
265 914 590 986 ἐγκρατείας
638 913 985 985 συγχώρησιν
1012 918 1372 984 πταισμάτων
1415 919 1546 988 ἡμῖν
1578 919 1711 972 πᾶσι

126 1008 509 1077 δωρήσασθαι,
540 1006 633 1059 καὶ
662 1006 888 1058 αίωνίαν
916 1007 1260 1074 ἀγαλλίασιν.

207 1097 562 1166 Φιλάνορωπε
590 1096 717 1164 μόνε
748 1096 940 1164 ἀγαθὲ,
974 1098 1100 1159 τοὺς
1145 1097 1362 1159 δούλους
1391 1114 1482 1151 σου
1509 1100 1595 1152 ἐπ’
1622 1099 1713 1153 ὲλ-

132 1187 253 1238 πέδι
277 1186 627 1246 ἀναστάσεως
673 1186 1129 1256 κεκοιμημένους.
1164 1189 1385 1241 αἰωνίου
1416 1191 1591 1257 φωτὸς
1620 1189 1715 1242 καὶ

128 1276 445 1343 ἁνεσπέρου
490 1273 719 1340 ἀξίωσον
768 1276 1035 1345 μετέχειν,
1072 1277 1167 1328 καὶ
1211 1279 1422 1346 τρυφῆς
1472 1278 1715 1332 ἀπολαύ-

130 1385 302 1429 σεως,
331 1369 415 1420 ἵνα
445 1383 503 1419 σε
536 1367 687 1436 πόθῳ
714 1369 1125 1437 μεγαλύνωμεν.

209 1457 390 1519 Φωτὸς
420 1457 730 1526 οἰκητήριον
758 1459 789 1526 ή
826 1457 890 1525 σὴ
916 1458 1210 1524 γεγένηται
1249 1459 1487 1524 παναγία
1521 1460 1717 1529 Μήτηρ

131 1548 435 1600 Δέσποινα·
466 1546 589 1599 ὅθεν
630 1547 837 1610 πιστῶς
876 1548 1089 1601 ἀναϐθῶ
1127 1566 1230 1614 σοι,
1283 1552 1383 1613 τὰς
1422 1551 1591 1620 κόρας
1617 1553 1716 1618 τῆς

127 1636 319 1705 ψυχῆς
351 1653 453 1704 μου
482 1634 847 1702 καταύγασον,
880 1637 973 1688 καὶ
996 1636 1180 1703 τρίϐον
1206 1638 1306 1707 τὴν
1337 1638 1551 1691 εὐθεῖαν
1583 1638 1715 1691 ὁπό-

126 1727 314 1792 δειξον
346 1726 424 1797 τῷ
453 1744 511 1779 σε
545 1727 783 1796 γνησίως
810 1726 1191 1795 μακαρίζοντι.

421 1815 868 1887 Ἀριιμτηλὰτην
905 1817 1112 1883 Φαραὼ
1148 1818 1448 1884 ὲϐύθισας.

223 1907 289 1960 Ἦ
318 1903 627 1976 φωτοφόρος
653 1904 743 1959 τοῦ
775 1906 1009 1976 σταυροῦ
1041 1907 1406 1978 πρυσκύνησις
1431 1911 1593 1961 πᾶσιν
1615 1911 1714 1962 ἑπ-

134 1999 361 2068 έφανεν,
414 1996 645 2066 ήλιακὴν
690 1995 885 2064 αἴγλην
937 1996 1211 2065 σωτηρίας
1261 1998 1575 2067 πέμπουσα,
1619 2000 1713 2052 καλ⁵

136 2089 351 2149 ’πάντας
398 2085 812 2152 καταυγάζουσα
863 2087 987 2147 τοὺς
1031 2084 1235 2155 παθῶν,
1260 2086 1580 2157 ἀμαυρώσει
1623 2079 1730 2142 κε-’

136 2194 318 2247 κρατη
329 2177 519 2245 μένους
540 2192 552 2206 ·
594 2175 985 2245 συνδράμωμεν
1002 2216 1016 2240 ,
1044 2176 1232 2229 τοῦτον
1257 2177 1509 2248 καθαρῶς
1533 2180 1714 2233 ἀσπα-

132 2268 384 2339 σώμεθα.

214 2361 293 2429 Τῇ
319 2359 417 2429 τῆς
446 2358 700 2427 νηστείας
727 2356 1091 2427 καθαρθέντες
1121 2359 1322 2428 χάριτι,
1342 2359 1714 2434 καθαρωτάτῳ

134 2448 244 2512 νοῒ,
274 2448 352 2518 τῷ
382 2448 608 2520 καθαρῷ
645 2449 789 2519 μόνῳ
831 2449 986 2501 δεῦτε
1032 2435 1594 2520 ὲκϐοήσωμενφωνὴν
1622 2454 1714 2504 εύ-

137 2541 515 2611 χαριστήριον·
551 2540 622 2594 Σὺ
641 2540 702 2595 τὸ
724 2535 866 2609 αἷμά
897 2557 1012 2604 σου,
1044 2540 1208 2608 Λόγε,
1229 2540 1387 2611 ήμῶν
1412 2544 1490 2604 είς
1521 2541 1714 2612 λύτρον

136 2630 382 2701 ἐξέχεας,
413 2632 505 2684 καὶ
534 2631 611 2699 τῷ
644 2630 722 2699 σῷ
752 2630 972 2701 σταυρῷ
1002 2631 1247 2698 άγιάζεις
1273 2633 1440 2701 ἡμᾶς.

215 2722 603 2791 Συμποδισθεὶς
650 2723 770 2784 ταις
812 2706 1138 2791 προσϐολαῖς
1166 2720 1257 2773 τοῦ
1290 2719 1484 2789 ὄφεως,
1518 2722 1713 2790 πτῶμα

140 2792 377 2878 ἐξαίσιον
419 2814 504 2867 διὰ
554 2815 752 2877 παντὸς
798 2816 1019 2883 κεῖμαι·
1054 2814 1235 2884 Σῶτερ
1258 2816 1288 2869 ό
1312 2817 1413 2886 τὴν
1442 2817 1713 2870 ἔκπτωσιν

136 2904 252 2957 τῶν
281 2904 720 2974 πρωτοπλάστων
750 2904 910 2958 πάθει
953 2920 1048 2957 σου
1079 2905 1174 2959 καὶ
1210 2906 1426 2976 σταυρῷ
1469 2906 1711 2977 ἀνορθώ-

143 3010 267 3057 σας,
298 2993 604 3064 ἀνόρθωσον
631 2996 724 3048 καὶ
753 2995 1021 3066 όδήγησόν
1065 3012 1158 3049 σου
1206 2997 1343 3068 πρὸς
1394 2998 1711 3069 θελημάτων

142 3086 317 3155 ἔκπλή
329 3103 516 3155 ρωσιν.

220 3177 605 3250 Παρισταμένη
639 3178 716 3250 τῷ
749 3179 966 3253 σταυρῷ
992 3197 1107 3244 σου,
1136 3182 1329 3254 Κύριε,
1360 3185 1392 3253 ή
1419 3186 1713 3256 ἀπειρόγα-

144 3283 270 3338 μος,
302 3268 394 3320 καὶ
422 3269 520 3333 τὰς
550 3271 607 3323 ἑν
640 3272 722 3323 σοὶ
747 3271 976 3342 τρώσεις
1010 3272 1315 3342 καθορῶσα,
1347 3260 1609 3338 Δέσποτα,
1635 3293 1715 3328 τι·

140 3360 495 3429 τρωσκομένη
532 3359 717 3429 ἔλεγεν
744 3379 757 3392 ·
791 3361 989 3431 Οἴμοιῖ
1021 3365 1231 3426 τέκνον,
1267 3364 1463 3428 ὠδῖνας
1502 3368 1713 3435 ἀποφυ-

142 3447 317 3521 γοῦσα
341 3449 420 3521 τῷ
452 3451 594 3520 τόκῳ
625 3466 739 3513 σου,
775 3451 871 3505 νῦν
893 3452 1167 3523 ὀδυνηρῶς
1198 3456 1630 3528 κατατρύχομαι.

551 3628 1004 3694 Ἑπταπλασίως
1042 3629 1318 3699 κάμινον.
1343 3617 1354 3625 ’
1618 3669 1627 3676 ο

214 3719 318 3772 Τὸν
343 3716 547 3771 ίοϐόλον
575 3718 774 3771 πάθεσι
802 3719 897 3770 καὶ
916 3716 1095 3788 ψυχὴν
1118 3720 1213 3771 καὶ
1231 3719 1468 3771 διάνοιαν
1490 3736 1717 3787 τετραυ-

145 3808 488 3880 ματισμένην
521 3808 887 3879 κεκτημένον,
918 3806 1124 3877 Κύριε,
1155 3808 1397 3878 ἐλέησον,
1429 3809 1714 3876 οῐκτειρον,

142 3899 225 3971 τῷ
248 3900 463 3971 σταυρῷ
492 3900 846 3971 θεράπευσον,
873 3901 967 3953 καὶ
992 3901 1113 3963 ταῖς
1142 3899 1207 3952 ὲκ
1234 3898 1470 3969 πλευρᾶς
1504 3915 1596 3952 σου
1622 3916 1716 3952 κει

145 3989 426 4054 νωθείσαις
451 3990 648 4061 ῥανίσιο
671 3990 965 4062 προθύμως
986 3989 1073 4044 ἵνα
1086 3989 1291 4059 ψάλλωο
1341 3989 1545 4061 Ἱερεῖς,
1568 3989 1718 4043 εὐλο-

145 4082 291 4149 γεῖτε
333 4081 555 4150 Κύριον.
1265 4074 1277 4085 “

218 4169 339 4223 Ἐπὶ
386 4170 481 4225 τοῦ
524 4170 682 4241 ὅρους
734 4169 899 4223 πάλαι
946 4186 1005 4223 σε
1055 4171 1296 4241 Μωῦσῆς
1336 4148 1716 4243 προετύπωσε,

147 4262 331 4331 χεῖρας
380 4260 600 4331 avet};th
642 4262 738 4313 καὶ
782 4260 1026 4331 Ἀμαλήκ
1070 4262 1470 4332 τροπούμενος,
1516 4261 1719 4331 σταυρὲ

146 4351 539 4421 πανσεϐάσμιε,
573 4351 632 4405 ὃν
676 4342 1107 4423 προσκυνοῦντες
1156 4354 1414 4425 σήμερον,
1445 4353 1718 4423 τρέπομεν

1811 573 2138 615 conversmn
2176 557 2417 614 stabilite
2464 558 2666 612 vestris
2698 555 2765 610 ad
2810 556 2989 611 divina
3019 558 3376 613 exhortatio-

1811 649 2000 704 nibus.

1881 735 2075 790 Divine
2113 741 2166 789 et
2214 749 2339 789 vere
2389 735 2604 805 fulgens
2659 741 2953 807 martyrum
2997 744 3194 802 cmtus,
3243 752 3377 807 snp-

1814 826 1955 896 plica
2006 826 2461 896 benignissimum
2509 824 2795 878 Dominum
2827 834 2886 878 ut
2933 833 3177 894 tempore
3207 828 3379 881 absti-

1813 917 2011 970 nentiae
2061 917 2274 969 veniam
2330 914 2697 970 oﬂ‘ensionum
2757 914 2915 970 nobis
2963 915 3220 971 omnibus
3252 931 3376 971 cum

1812 1016 2013 1060 aeterna
2045 1004 2411 1058 exsultatione
2435 1005 2718 1070 largiatur.

1883 1093 1928 1147 Ο
1957 1103 2033 1157 ιιι,
2070 1093 2505 1147 solusltumanus
2526 1100 2579 1144 et
2601 1091 2797 1154 bonus,
2821 1105 3010 1145 servos
3040 1101 3160 1146 tuos
3196 1092 3250 1146 in
3284 1106 3380 1161 spe

1816 1183 2238 1236 resurrectionis
2309 1182 2645 1236 dormientes
2709 1186 2895 1237 aeterni
2962 1184 3184 1238 luminis
3234 1186 3376 1251 quod

1816 1275 1989 1326 nescit
2026 1287 2286 1326 occasum
2331 1273 2560 1341 dignare
2594 1274 2891 1342 participes
2935 1289 3078 1337 esse,
3108 1275 3380 1344 simulque

1816 1362 2137 1416 deliciarum
2186 1362 2489 1427 fruitionis,
2523 1371 2582 1416 ut
2616 1371 2670 1414 te.
2712 1358 2998 1418 desideriis
3029 1367 3382 1420 extollamns.

1886 1453 2136 1508 Luminis
2192 1453 2524 1509 domicilium
2568 1463 2655 1506 tua
2712 1453 2852 1508 facta
2904 1464 2985 1509 est
3031 1459 3378 1511 sanctissima

1818 1543 1989 1599 Mater
2021 1544 2247 1599 Domina
2275 1560 2288 1607 ;
2324 1544 2465 1598 unde
2488 1544 2811 1599 liducialiter
2839 1545 2903 1599 ad
2930 1553 2980 1599 te
3005 1546 3183 1600 clamo
3216 1563 3231 1600 :
3271 1561 3371 1616 pu-

1819 1636 1977 1704 pillas
2007 1635 2206 1688 animae
2260 1649 2393 1688 mea:
2431 1635 2702 1697 illumiua,
2749 1644 3065 1703 rectamque
3119 1638 3371 1691 semitam
3427 1633 3433 1639 ’

1819 1724 1896 1776 illi
1932 1724 2163 1777 ostende
2200 1725 2292 1793 qui
2331 1733 2381 1779 te
2411 1726 2622 1778 sincere
2648 1725 2861 1779 beatam
2896 1726 3176 1793 praedicat.

1747 1804 1787 1858 Β
1819 1812 2083 1870 Curruum
2121 1817 2438 1884 agitatorem
2488 1815 2821 1869 Pharaonem
2852 1817 3092 1887 dejecisti
3128 1818 3181 1870 in
3213 1834 3376 1872 mare.

1888 1904 2138 1960 Lucifera
2196 1908 2379 1969 crucis
2424 1907 2672 1961 adoratio
2717 1907 2972 1961 omnibus
3016 1910 3267 1978 apparuit
3303 1925 3382 1962 ra.

1817 1991 2280 2055 diantemsalntis
2338 1994 2598 2065 fulgorem
2661 1995 3023 2062 praemittens,
3079 2010 3381 2065 omnesque

1816 2086 2176 2153 cupiditatum
2233 2084 2468 2155 caligine
2507 2100 2800 2154 oppressos
2844 2086 3200 2141 illuminans:
3243 2101 3378 2141 con-

1816 2190 2104 2230 eurramus
2127 2184 2180 2229 et
2218 2176 2358 2230 banc
2378 2191 2595 2232 crucem
2632 2194 2767 2247 pure
2794 2179 3128 2233 osculcmur.

1886 2347 2087 2418 Jejunii
2117 2348 2387 2418 purificati
2419 2350 2590 2419 gratia
2620 2351 2911 2418 purissima
2936 2361 3134 2417 mente,
3162 2351 3249 2406 hic
3279 2352 3379 2407 soli

1819 2452 1957 2506 pum
2008 2437 2340 2490 extollantus
2374 2441 2670 2504 gratiarum
2705 2439 2938 2492 actionis
2978 2456 3160 2494 vocem
3190 2459 3202 2493 :
3235 2452 3290 2493 tu
3325 2441 3378 2494 in

1818 2527 2244 2595 redemptionem
2273 2536 2512 2580 nostram
2562 2528 2881 2596 sanguinem
2911 2539 3061 2583 tuum
3107 2530 3371 2594 effudisti.

1822 2615 2078 2677 Verbum,
2106 2626 2154 2671 et
2185 2631 2347 2672 cruce
2376 2628 2464 2670 tua
2494 2619 2808 2672 sanctiﬁras
2834 2633 2954 2671 nos.

1888 2708 2172 2776 Serpentis
2208 2706 2620 2776 oppugnatione
2681 2708 3092 2777 supplantatus,
3127 2710 3383 2765 indecore

1818 2799 1973 2867 lapsu
2029 2808 2176 2852 totus
2229 2798 2427 2867 jaceo:
2462 2794 2739 2861 Salvator,
2789 2801 2881 2868 qui
2924 2802 3383 2871 protoplasturum

1818 2891 2033 2959 lapsum
2061 2891 2319 2961 passione
2345 2899 2433 2945 tua
2469 2899 2523 2944 et
2554 2905 2718 2946 cruce
2741 2892 2989 2957 erexisti,
3016 2894 3165 2963 erige
3203 2909 3288 2950 me
3325 2899 3381 2949 et

1815 2984 1923 3037 duc
1943 2981 2010 3035 ad
2046 2982 2385 3037 voluntatum
2419 2989 2635 3037 tuarum
2660 2982 3126 3053 adimpletionem.

1892 3178 2056 3232 Stans
2098 3177 2253 3247 juxta
2309 3191 2529 3231 crucem
2583 3184 2755 3241 tuam,
2809 3176 3058 3240 Domine.
3092 3178 3261 3249 Virgo
3305 3184 3385 3236 in-

1823 3278 2012 3335 nupta,
2046 3268 2102 3321 in
2136 3277 2188 3323 te
2220 3269 2445 3322 vulnera
2493 3268 2746 3332 videndo,
2783 3267 3059 3337 Magister,
3091 3271 3385 3329 vulnerata

1822 3359 1939 3428 ipsa
1963 3359 2217 3412 dicebat:
2251 3358 2428 3412 Eheu!
2476 3358 2547 3410 Illi
2583 3358 2677 3422 mi,
2720 3359 3143 3427 parturientium
3169 3361 3387 3419 dolores

1822 3451 1875 3503 in
1909 3458 2068 3517 partu
2125 3458 2217 3502 tuo
2258 3446 2576 3518 effugerant.
2629 3463 2775 3502 nunc
2813 3464 2944 3503 vero
2988 3448 3247 3506 dolurose
3288 3469 3388 3523 op-

1825 3541 2050 3610 primnr.

2314 3625 2565 3694 Septuplo
2604 3626 2893 3694 fornacem.

1889 3715 2143 3770 Animam
2174 3730 2385 3771 veneno
2416 3716 2673 3769 infectam
2712 3726 2766 3769 et
2811 3728 3047 3773 mentem
3078 3722 3389 3792 cupiditati-

1823 3804 1926 3860 bus
1956 3807 2291 3860 vulneratam
2318 3805 2649 3876 possidentis
2669 3809 2948 3875 miserere,
2978 3812 3227 3877 Domine,
3241 3829 3388 3869 com-

1822 3897 2109 3963 miserare,
2165 3912 2329 3952 cruce
2374 3909 2465 3952 tua
2501 3914 2630 3953 sana
2666 3915 2771 3961 me,
2802 3910 2857 3956 et.
2905 3903 3074 3972 guttis
3109 3917 3175 3957 ex
3219 3904 3389 3959 latere

1824 3997 1916 4041 tuo
1944 3989 2229 4043 exhaustis
2258 3998 2314 4041 ut
2345 3988 2600 4044 ardenter
2623 3992 2849 4060 psallam
2885 4010 2901 4046 :
2933 3992 3268 4060 sacerdotes,
3297 3995 3393 4049 be-

1825 4081 2064 4136 nedicite
2093 4081 2402 4136 Dominum.
3182 4152 3190 4159 .

1894 4170 1951 4225 ln
2003 4178 2189 4227 monte
2230 4172 2359 4226 olim
2401 4172 2774 4243 praefiguravit
2806 4180 2860 4227 te
2912 4171 3124 4243 Moyses
3171 4173 3391 4230 elevans

1825 4279 2044 4329 manus,
2085 4275 2139 4319 et
2169 4264 2220 4318 in
2254 4264 2434 4335 fugam
2457 4274 2675 4319 vertens
2714 4264 2954 4332 Amalec,
3009 4281 3141 4321 crux
3168 4266 3392 4321 omnino

1825 4341 2172 4419 venerabilis,
2218 4369 2382 4424 quam
2442 4353 2607 4410 hodie
2635 4355 2952 4409 venerando
3005 4355 3256 4424 fugamus
3285 4356 3393 4409 ini-

147 4441 412 4511 δαιμόνων
429 4444 496 4495 τὰ
522 4442 792 4511 ἀλλόφυλα
818 4441 983 4511 στίφη
1001 4480 1017 4507 ,
1047 4444 1141 4497 καὶ
1169 4442 1318 4513 φόϐῳ
1350 4442 1712 4513 μελῳδοῦμεν·

1844 4444 1964 4496 nica
2023 4450 2331 4499 «la-monum
2363 4446 2581 4515 agmina
2606 4458 2655 4499 et
2687 4447 2740 4498 in
2777 4446 2971 4499 timore
3008 4447 3388 4501 tuodulamur:

160 4533 358 4603 Ἰερεῖς,
393 4535 682 4601 εὐλογεῖτε.

234 4623 367 4675 Ὑπὸ
399 4624 589 4677 παθῶν
624 4626 1000 4694 κλονούμενον,
1031 4625 1124 4678 ὑπ’
1153 4623 1362 4695 ἐχθρῶν
1404 4624 1720 4696 σκελιζόμε-

148 4728 257 4777 νον,
285 4712 390 4765 ὑπὸ
431 4712 717 4782 συνηθείας
747 4718 988 4786 πονηρᾶς
1023 4715 1333 4787 ἑλκόμενον,
1355 4716 1717 4786 οίκτείρησον,

148 4801 599 4872 εὖσπλαγχνε,τῷ
625 4802 703 4874 σῷ
720 4805 935 4875 σταυρῷ
961 4805 1262 4873 θωράκισον
1278 4821 1294 4837 ’
1316 4805 1464 4870 ὅπως
1494 4805 1718 4877 μελῳδῷ

147 4896 206 4946 ὲν
233 4893 512 4963 ὰκλονήτῳ
543 4892 755 4963 καρδίᾳ·
779 4895 844 4946 Oi
873 4893 1077 4959 παῖδες,
1107 4895 1402 4964 εὐλογεῖτε.

216 4984 480 5055 Ὀδυνηρὰ
514 4985 860 5049 στενάζουσα,
901 4985 1181 5056 μητρικῶς
1225 4985 1589 5055 ἀλαλάζουσα,
1624 4991 1720 5044 καὶ

146 5076 244 5146 τὴν
267 5080 329 5129 ὲκ
355 5078 460 5129 τῶν
492 5076 814 5146 σπλάγχνων
842 5077 1071 5147 συνοχὴν
1102 5077 1176 5147 μὴ
1200 5079 1472 5149 φέρουσα,
1498 5080 1717 5152 σταυρῷ

148 5167 444 5237 ὲνητένιζες
478 5167 560 5240 τῷ
587 5169 651 5221 ἐκ
679 5168 780 5238 τῆς
810 5170 911 5237 σῆς
939 5168 1186 5239 τεχθέντι
1213 5170 1471 5241 γαστρὸς,
1491 5171 1713 5237 Τέκνον,

1827 4535 2161 4599 sacerdotes,
2193 4534 2519 4590 benedicite.

1893 4625 2297 4694 Cupiditatibus
2326 4625 2722 4695 perturbatum,
2756 4624 2996 4681 inimicis
3024 4626 3390 4692 debilitatum,

1822 4720 1964 4774 mala
2012 4720 2407 4774 consuetudine
2450 4728 2684 4773 tractum
2719 4719 3001 4784 miserare,
3054 4718 3368 4774 misericors

1822 4820 1876 4865 et
1900 4819 1990 4865 tua
2034 4825 2199 4865 cruce
2231 4810 2533 4869 communi,
2582 4819 2639 4864 ut
2681 4810 2737 4863 in
2778 4809 2945 4865 corde
2986 4808 3388 4879 imperturbata

1820 4902 2109 4969 moduler;
2152 4901 2329 4972 pueri,
2364 4899 2693 4955 benedicite.

1893 4991 2155 5047 Dolorose
2187 4992 2574 5063 ingemiscens,
2618 4996 2870 5045 materno
2912 4990 3130 5059 ejulans
3164 4989 3386 5056 aﬂ'ectu,

1825 5089 1879 5134 et
1918 5082 2189 5138 viscerum
2243 5094 2556 5149 pressuram
2614 5077 2757 5133 ferre
2803 5078 3103 5147 impotens,
3138 5079 3191 5132 in
3226 5094 3390 5134 cruce

1818 5171 2281 5240 contemplabaris
2313 5167 2552 5223 fructum
2576 5168 2785 5223 ventris
2816 5168 2916 5231 tui,
2943 5168 3192 5221 clamans
3218 5182 3231 5218 :
3262 5165 3385 5229 Fili,

148 5259 411 5324 ἐκϐοῶσα,
427 5260 480 5312 τί
496 5267 559 5317 τδ
577 5263 758 5331 ὅραμα
787 5258 945 5313 τοῦτο
968 5276 983 5326 ;
1016 5260 1131 5323 πῶς
1160 5262 1390 5332 πάσχεις
1410 5262 1438 5314 ό
1466 5264 1531 5333 τῇ
1557 5263 1712 5331 φύσει

1839 5264 2078 5332 ptidnam
2106 5262 2194 5317 ltic
2232 5262 2435 5316 video?
2473 5258 2752 5331 quomodo
2799 5261 3021 5329 pateris,
3056 5259 3379 5317 natttra'ivm-

148 5351 361 5420 ἀπαθής
384 5369 399 5417 ;
424 5351 648 5412 Πάντως
671 5351 839 5403 θέλων
870 5352 930 5404 τὸ
957 5350 1111 5419 γένος
1142 5350 1251 5404 τῶν
1280 5350 1583 5422 ἀνθρώπων
1606 5369 1713 5406 πα-

149 5438 269 5497 θῶν
286 5440 648 5513 ἐλευθερῶσαι
661 5479 672 5492 .

603 5531 848 5599 Ἐςρριξε
886 5531 1052 5587 πᾶσα
1083 5533 1256 5602 ἀκοή.

221 5622 500 5693 Ἐγγόνους
533 5622 697 5675 πάλαι
730 5622 921 5676 Ἰακὼϐ
943 5624 1175 5689 εὐλογῶν
1202 5625 1559 5695 προδιετύπου
1582 5643 1713 5695 τρα-

156 5718 338 5773 νόεστα
372 5712 605 5781 σταυρόν
638 5714 728 5767 τὸν
753 5712 929 5783 τίμιον
953 5730 967 5747 ’
996 5715 1062 5768 δι’
1085 5710 1163 5780 οὗ,
1198 5716 1483 5786 οἱκτίρμον
1508 5757 1523 5783 ,
1561 5719 1709 5791 ἡμᾶς

1808 5352 2139 5425 passibilis?
2193 5352 2331 5418 Quia
2380 5351 2593 5406 scilicet
2655 5350 2737 5403 vis
2779 5349 3083 5404 humanum
3140 5363 3314 5416 genus
3355 5362 3388 5403 a

1819 5443 2214 5514 cupiditatibus
2242 5444 2498 5499 liberare.

2267 5534 2493 5590 Horruit
2522 5535 2693 5588 omnis
2721 5532 2960 5587 auditus.

1886 5626 2100 5697 Prolem
2137 5626 2264 5681 olim
2304 5625 2635 5681 benedicens
2677 5622 2871 5689 Jacob,
2919 5622 3209 5680 manifeste
3252 5638 3385 5692 pra:-

1814 5719 2078 5789 ligurabat
2128 5719 2419 5790 pretiosam
2484 5732 2727 5785 crucem,
2778 5732 2873 5790 per
2920 5731 3107 5786 quam,
3163 5712 3383 5772 miseri-
