3964 6322
155 291 307 358 3873

1607 301 1707 362 TR
1717 300 2017 362 IODIUM.

3288 308 3433 375 3874

160 409 402 478 σάμενος
453 409 786 492 κραταίωμα
838 388 936 464 ’καὶ
991 413 1353 484 καταφυγὴν.
1406 415 1499 467 καὶ
1547 415 1753 484 ἀσφαλῆ

1874 415 2106 485 largitus
2128 431 2188 470 es
2212 426 2268 470 ut
2294 416 2696 474 ﬁrmamentum
2735 430 2788 473 et
2827 421 3097 492 refugium
3148 434 3201 479 et
3242 434 3435 478 -tutum

157 497 443 570 κρηπῖδα·
497 497 563 550 δι’
593 490 654 551 οὗ
702 499 829 562 τοὺς
877 500 1105 570 ἐχθροὺς
1154 503 1310 572 ἡμῶν
1337 502 1430 555 νῦν
1463 502 1752 572 κερατιοῦ-

160 606 286 658 μεν.

235 681 359 732 Ὅτι
409 684 618 750 σειραῖς
664 683 1039 754 συσφίγγομαι
1080 685 1187 737 τῶν
1222 683 1474 754 ἀμέτρων
1511 701 1613 754 μου
1655 703 1750 738 κα-

155 773 294 836 κῶν,
327 776 419 827 καὶ
469 775 566 840 τὰς
613 776 830 846 τρίϐους
866 795 959 832 σου
1012 777 1110 841 τὰς
1161 779 1482 847 σωτηρίους,
1525 778 1749 846 Χριστὲ,

154 865 304 918 ἑκὼν
339 868 634 934 ἐπιγνῶναι
660 870 719 921 ού
756 869 1049 940 βούλομαι·
1100 869 1179 941 τῷ
1213 870 1289 940 σῷ
1330 888 1396 939 με
1423 870 1753 939 ὲπίστρεψον

158 957 407 1026 σταυρῷ,
438 959 536 1028 τὴν
565 959 946 1031 πώρωσίνμου
970 961 1133 1026 λύων,
1165 961 1229 1015 δι’
1253 963 1458 1030 ἄφατον
1480 961 1627 1024 ἕλεος
1654 961 1752 1031 τῆς

163 1047 266 1116 σῆς
294 1049 722 1119 εὐσπλαγχνίας.

233 1141 346 1210 Τὴν
380 1142 675 1212 Φαρισαίου
702 1142 934 1212 ἔπαρσιν
963 1143 1346 1214 μιμησάμενος
1375 1142 1583 1207 κακῶς,
1615 1160 1750 1198 κατ-

159 1230 399 1300 ηνέχθην
421 1231 620 1301 πτῶμα
637 1235 875 1303 χαλεπὸν
897 1234 991 1287 καὶ
1008 1235 1201 1299 δεινὸν,
1219 1235 1313 1286 καὶ
1335 1235 1522 1302 κεῖμαι
1543 1232 1635 1301 ὲηο
1643 1233 1752 1303 ρῶν

159 1323 570 1392 καταπάτημα·
624 1325 740 1377 ἀλλ’
773 1324 1067 1395 οἴκτειρον,
1105 1324 1278 1378 σῶσόν
1326 1341 1415 1392 με,
1453 1324 1688 1394 Χριστὲ,
1723 1326 1751 1376 ό

159 1413 360 1466 ἑαυτὸν
375 1413 444 1467 δι’
463 1411 644 1468 οἶκτον
667 1415 1035 1482 ταπεινώσας,
1070 1413 1261 1485 ῦψιστε
1293 1414 1520 1468 Βασιλεῦ
1541 1413 1640 1483 τῆς
1669 1413 1752 1466 δό-

162 1503 285 1575 ξηςο

130 1615 140 1625 ⁸
236 1599 304 1651 Ai
329 1598 511 1665 γενεαί
539 1615 597 1652 σε
633 1599 842 1653 ἅπασαι
875 1601 1292 1670 μακαρίζουσιν,
1325 1599 1498 1668 όιγνή⁸
1543 1596 1752 1668 Ἰησοῦς

162 1689 276 1758 γάρ
327 1688 482 1756 μόνος
526 1689 552 1741 ό
598 1688 812 1758 τεχθεὶς
856 1692 920 1743 ὲκ
967 1689 1067 1758 τῆς
1109 1690 1208 1757 σῆς
1238 1687 1452 1757 νηδύος,
1488 1687 1649 1747 αὑτὸς
1675 1686 1751 1750 ὡς

163 1776 460 1828 ἐπίστασαι
493 1776 740 1846 ἐποίησε,
767 1777 941 1846 Κόρη,
977 1778 1114 1848 μετά
1160 1775 1276 1840 σοῦ,
1302 1775 1541 1844 Παρθένε
1577 1790 1749 1845 μεγα-
1781 1767 1823 1822 Β

164 1864 314 1918 λεῖαο
347 1864 405 1918 ὅν
439 1864 678 1918 δυσώπει
707 1866 975 1932 σώζεσθαι
1028 1866 1202 1935 πόλιν..
1229 1867 1320 1919 καὶ
1345 1865 1474 1918 λαόν
1504 1882 1620 1920 σου.

417 2041 634 2110 Κύριος
669 2037 755 2095 ὢν
793 2039 1037 2095 πάντων
1073 2040 1170 2095 καὶ
1207 2041 1487 2107 Κτίστης.

237 2131 443 2203 Κύριος
475 2133 551 2186 ὢν
582 2134 797 2187 πάντων
831 2135 924 2186 καὶ
981 2134 1221 2204 Κτίστης
1253 2133 1402 2195 Θεὸς,
1448 2131 1612 2202 μέσον
1646 2130 1750 2201 γῆς

165 2225 264 2277 ἐπὶ
298 2225 532 2296 σταυροῦ
573 2225 828 2298 ύψώθηςο
862 2226 999 2297 πρὸς
1043 2227 1229 2278 ἑαυτὸν
1265 2224 1483 2292 ἀνυψῶν
1512 2223 1623 2276 τῶν
1652 2224 1747 2276 ἀν-

165 2316 404 2388 θρώπων
437 2317 704 2371 πεσοῦσαν
733 2317 918 2370 οὐσίαν
949 2318 1182 2386 κακίστη
1211 2316 1306 2369 τοῦ
1345 2314 1575 2385 Ἐχθροῦ
1607 2332 1748 2384 συμ-

168 2408 393 2479 6ουλίᾳ·
420 2409 540 2461 ὅθεν
574 2426 634 2461 σε
663 2409 870 2473 πιστῶς
894 2409 1206 2478 δοξάζομεν,
1235 2406 1311 2478 τῷ
1340 2407 1415 2476 σῷ
1439 2406 1602 2459 πάθει
1631 2423 1749 2460 στε-

169 2499 296 2569 ρεού
305 2516 476 2570 μενοι.

241 2591 595 2660 Καθάραντες
620 2593 898 2663 αἰσθήσεις
928 2591 1181 2663 νηστείας
1211 2595 1368 2660 φωτὶ,
1390 2591 1484 2645 τοῦ
1516 2590 1748 2662 σταυροῦ

168 2684 290 2744 ταῖς
321 2685 537 2752 νοηταῖς
565 2684 744 2735 ἀκτῖσι
772 2683 1208 2748 πλουσιωτάτως,
1237 2685 1440 2746 πιστοὶ,
1465 2682 1751 2752 αὑγασθῶ-

173 2790 275 2842 μιν
293 2789 308 2802 ·
335 2777 426 2826 καὶ
445 2774 634 2826 τοῦτον
656 2775 914 2843 ἐμφανῶς
940 2777 1296 2844 προκείμενον
1321 2775 1560 2846 σήμερον
1583 2775 1750 2846 ὁρῶν-

169 2882 284 2930 τες,
313 2866 546 2935 χείλεσιν
597 2867 780 2933 ἁγνοῖς
825 2867 916 2920 καὶ
965 2866 1191 2936 στόματι
1225 2868 1318 2919 καὶ
1350 2868 1548 2938 καρδίᾳ
1579 2884 1752 2938 προσ-

170 2958 517 3028 κυνήσωμεν.

244 3049 420 3102 Τόπον
451 3044 510 3102 οὗ
539 3048 775 3117 ἔστησαν
800 3049 850 3101 οἱ
878 3049 1039 3113 πόδες
1073 3050 1329 3120 Χριστοῦ,
1365 3053 1752 3123 προσκυνήσω-

170 3157 277 3210 μεν
308 3141 541 3210 σταυρὸν
565 3141 655 3192 τὸν
692 3141 854 3206 θεῖον,
886 3142 1061 3213 πέτρᾳ
1091 3143 1328 3211 Χριστοῦ
1361 3143 1590 3196 ἐντολῶν
1617 3161 1749 3215 στη-

179 3232 428 3300 ριχθῆναι
446 3233 571 3294 τοὺς
597 3232 763 3293 πόδας
790 3233 1066 3297 αἰτοῦντες
1093 3235 1270 3305 ψυχῆς
1301 3235 1478 3306 ἡμῶν,
1510 3237 1601 3288 καὶ
1630 3253 1754 3290 κατ-

169 3323 496 3393 ευθυνθῆναι
523 3323 728 3394 ταύτης
757 3324 1069 3396 διαδήματα
1116 3326 1231 3380 ὁδὸν
1261 3328 1341 3390 είς
1369 3331 1591 3398 εἰρήνην
1633 3327 1753 3400 θείᾳ

169 3417 376 3486 χάριτι.
443 3450 450 3458 -

243 3510 431 3580 Κόρης
481 3509 540 3574 ἐξ
583 3510 843 3581 ἀνάνδρου
876 3511 1163 3582 προῆλθες,
1193 3510 1416 3582 Χριστὲ,
1449 3509 1752 3580 προσλαϐό-

174 3620 337 3672 μενος
385 3606 450 3656 ὲκ
491 3603 693 3674 ταύτης
753 3605 932 3675 σάρκα
981 3604 1162 3656 ἔννουν
1211 3604 1307 3657 καὶ
1350 3603 1612 3673 ἔμψυχον,
1657 3605 1752 3656 καὶ

175 3693 394 3762 σταυρῷ
422 3711 512 3746 σου
530 3695 752 3765 Ἐχθρὸν
780 3693 1066 3763 ἀφανίσας,
1089 3694 1385 3764 φθαρεῖσαν
1412 3695 1517 3747 τῶν
1547 3693 1753 3764 βροτῶν

171 3787 272 3855 τὴν
313 3786 501 3836 οὐσίαν
530 3787 691 3838 πάλιν
725 3786 799 3849 ὡς
831 3784 963 3848 Θεὸς
995 3785 1298 3848 ἐκαίνισας·
1344 3785 1424 3837 διὸ
1465 3784 1620 3850 δόξαν
1668 3801 1751 3837 σοι

171 3876 581 3947 προσφέρομεν.
668 3909 670 3911 ›

442 3970 654 4037 Νόμων
690 3967 977 4038 πατρῴων
1013 3972 1067 4025 ot
1098 3969 1477 4039 μακαριστοί.

241 4057 434 4127 Μέσης
460 4059 672 4129 ἡμέρας
707 4059 1111 4130 σταυρουμένου
1144 4077 1258 4125 σου,
1293 4061 1458 4131 μέσον
1505 4059 1601 4129 τῆς
1648 4061 1753 4130 γῆς

173 4148 428 4220 βουλήσει
477 4151 684 4220 κόσμου
734 4152 803 4205 τὰ
855 4153 1086 4223 πέρατα,
1123 4154 1287 4223 μέσου
1331 4155 1610 4224 φάρυγγος
1656 4153 1752 4206 τοῦ

174 4240 466 4309 δράκοντος
501 4241 836 4312 ὲξήρπασας,
875 4242 1184 4314 οἰκτίρμονο
1213 4243 1294 4296 διὸ
1327 4245 1386 4296 ἐν
1420 4243 1558 4314 μέσῃ
1593 4241 1754 4295 θείων

173 4331 430 4407 ὲὸὁομάδι
474 4334 738 4404 νηστειῶν
783 4336 1217 4404 προσκυνοῦντες
1251 4333 1634 4410 κραυγάζομεν
1665 4333 1755 4386 τὸν

1857 506 2270 561 fundamentum
2299 527 2314 573 ;
2356 525 2450 580 per
2485 527 2651 580 quam
2687 515 2874 568 hostes
2902 525 3124 572 nostros
3159 533 3306 572 nunc
3336 533 3433 588 ορ.

1854 600 2243 669 pugnabhnus.

1926 687 2062 751 Quia
2103 688 2313 742 catenis
2369 692 2706 748 constrictus
2772 709 2894 748 sum
2951 697 3432 751 inmunerabilium

1854 785 2207 848 peccatorum
2265 795 2537 848 meorum,
2591 795 2642 838 et
2701 788 2928 841 semitas
2978 796 3100 842 tuas
3141 789 3434 850 salutares,

1853 867 2092 932 Christe,
2130 870 2270 923 ultro
2296 885 2593 942 :LgnOsccre
2652 875 2801 940 nolo,
2833 888 2920 928 tua
2960 893 3043 930 me
3087 893 3250 931 cruce
3302 895 3438 940 eone

1852 970 2025 1025 verte,
2059 959 2477 1017 obdurationem
2514 981 2688 1019 meam
2718 967 2939 1023 solvens
2968 984 3066 1038 per
3102 970 3430 1024 inclIabitem

1854 1060 1960 1104 tuze
1990 1051 2347 1122 benignitatis
2389 1055 2859 1113 misericordiam.

1925 1139 2189 1196 Pbariszni
2217 1146 2533 1212 superbiam
2567 1163 2822 1216 perverse
2853 1149 3117 1213 imitatus,
3151 1149 3435 1206 demersus

1854 1248 1974 1288 sum
2021 1235 2173 1302 gravi
2249 1239 2596 1306 terribilique
2649 1255 2804 1303 casu,
2855 1241 3128 1310 jaccoque
3185 1242 3434 1295 hostibus

1853 1328 2282 1394 conculcandus,
2303 1331 2396 1385 sed
2417 1333 2674 1388 miserere
2696 1336 2798 1389 mei
2821 1345 2875 1390 et
2894 1337 3039 1388 salva
3064 1352 3170 1398 me,
3197 1336 3430 1395 Christe.

1851 1421 1940 1483 qui
1961 1421 2190 1488 teipsmn
2217 1439 2310 1488 per
2333 1426 2772 1494 compassionem
2805 1429 3128 1491 humiliasti,
3159 1429 3432 1482 altissime

1861 1507 1974 1562 Rex
2003 1512 2214 1580 gloriae.

1923 1599 2124 1655 Omnes
2152 1604 2533 1670 generationes
2570 1615 2621 1659 te
2655 1606 2870 1661 beatam
2904 1609 3217 1676 praedicant.
3248 1609 3432 1677 puris-

1854 1691 2031 1756 sima;
2067 1690 2229 1747 Jesus
2282 1695 2427 1747 enim
2474 1695 2625 1750 Solus
2659 1711 2724 1749 ex
2789 1705 2977 1750 ventre
3039 1705 3132 1750 tuo
3196 1699 3432 1764 ριηιΙὶιις

1851 1784 1989 1850 ipse,
2017 1785 2164 1837 sicut
2215 1787 2380 1846 nosti,
2413 1800 2606 1853 titagna
2658 1787 2753 1839 tibi
2798 1786 2944 1850 fecit,
2996 1789 3176 1856 put-lla
3231 1786 3434 1855 Virgo;

1851 1876 2031 1943 ipsum
2102 1889 2268 1928 exora
2329 1883 2388 1928 ut
2465 1877 2638 1930 solvet
2707 1877 2984 1931 civitatem
3054 1893 3118 1931 ac
3173 1878 3430 1948 populatur

1850 1981 2034 2021 suum.

2093 2054 2198 2123 Qui
2229 2055 2485 2110 Dominus
2507 2074 2559 2110 es
2593 2057 2826 2110 omnium
2859 2070 2906 2111 et
2940 2056 3184 2111 Creator.

1920 2145 2024 2214 Qui
2062 2147 2320 2202 Dominus
2374 2165 2436 2204 es
2486 2151 2730 2202 orttnium
2773 2159 2826 2204 et
2865 2149 3092 2204 Creator
3143 2149 3313 2211 Deus,
3375 2147 3429 2200 iu

1851 2240 2031 2294 medio
2063 2249 2223 2292 terrae
2257 2255 2422 2294 cruce
2453 2242 2697 2296 elevatus
2742 2257 2844 2308 es;
2906 2241 2972 2294 ad
3036 2249 3088 2294 te
3149 2241 3432 2294 attrahens

1851 2331 2134 2386 hominum
2167 2349 2340 2402 genus
2387 2334 2628 2402 pessimo
2673 2334 2880 2387 inimici
2915 2335 3124 2401 lapsum
3156 2333 3432 2400 cmisiiio;

1851 2427 1998 2482 unde
2025 2437 2074 2481 te
2109 2426 2342 2481 ﬁdeliter
2389 2427 2783 2498 gloriﬁcamus,
2821 2434 2914 2480 tua
2966 2427 3220 2494 passione
3242 2441 3432 2480 corro-

1851 2518 2048 2572 borati.

1923 2607 2282 2664 Purilicautes
2334 2623 2530 2664 sensus
2556 2607 2750 2678 jejunii
2788 2610 3016 2672 lumine,
3042 2608 3430 2678 spiritualibus

1853 2703 2037 2756 crucis
2089 2703 2283 2766 radiis,
2351 2701 2562 2764 ﬁdeles,
2617 2702 3000 2772 cOpiosissime
3055 2703 3434 2766 illustremur;

1855 2793 2140 2863 ipsamque
2173 2803 2360 2864 aperte
2394 2796 2733 2864 propositam
2773 2794 2935 2848 hodie
2991 2795 3238 2848 videntes
3277 2792 3434 2863 puris

1855 2885 2016 2940 labiis
2054 2895 2107 2939 et
2138 2900 2232 2940 ore
2259 2894 2314 2940 et
2337 2886 2502 2940 corde
2531 2886 2850 2940 adoremus.

1777 3089 1821 3151 (ζ
1925 3080 2138 3136 Lucum
2163 3081 2252 3137 ubi
2279 3089 2547 3136 steterunt
2574 3082 2739 3152 pedes
2773 3080 2998 3147 Christi,
3029 3080 3268 3135 divinam
3299 3079 3434 3134 ado-

1860 3187 2044 3226 remus
2070 3188 2315 3235 Crucem,
2343 3185 2566 3228 orantes
2601 3183 2660 3227 ut
2692 3183 2845 3242 petra
2881 3173 3085 3228 Christi
3141 3171 3433 3226 mandato-

1862 3278 1979 3315 rum
2017 3261 2301 3316 ﬁrmentur
2339 3263 2503 3332 pedes
2543 3265 2739 3317 anima:
2776 3273 2980 3318 nostra:
3008 3273 3064 3323 et
3119 3263 3434 3333 dirigantur

1859 3352 1978 3419 ejus
2007 3367 2230 3420 gressus
2263 3353 2314 3405 in
2347 3353 2432 3405 via
2458 3353 2612 3422 pacis
2641 3353 2826 3407 divina
2854 3355 3050 3423 gratia.
3139 3394 3142 3396 η

1930 3523 2006 3576 Ex
2033 3521 2256 3593 Virgine
2279 3521 2487 3591 absque
2527 3521 2646 3576 viro
2700 3519 2974 3590 prodiisti,
3024 3517 3261 3581 Christe,
3311 3531 3434 3571 car-

1860 3629 1986 3670 nem
2015 3629 2079 3668 ex
2111 3629 2173 3666 ea
2205 3612 2524 3680 suscipiens
2581 3620 2766 3664 mente
2794 3612 3086 3678 animaque
3127 3609 3432 3676 praeditam,

1858 3714 1914 3760 et
1940 3721 2106 3760 cruce
2145 3715 2234 3758 tua
2271 3705 2553 3757 inimicum
2583 3718 2614 3758 e
2643 3708 2942 3772 conspectu
2980 3701 3201 3760 tollens,
3247 3701 3432 3768 pcrdi-

1859 3806 1967 3851 tam
1995 3797 2302 3851 mortalium
2336 3796 2702 3849 substantiam
2741 3803 2801 3848 ut.
2857 3794 3002 3848 Deus
3055 3792 3376 3848 restaurasti
3413 3807 3432 3847 ε

1861 3904 2029 3962 quare
2063 3887 2158 3942 tibi
2184 3887 2414 3958 gloriam
2438 3882 2747 3942 offerimus.

2271 3977 2471 4049 Legum
2505 3987 2852 4046 paternarum
2881 3975 3039 4030 beati.

1935 4071 2106 4126 Media
2137 4078 2193 4124 tu
2225 4070 2527 4124 cruciﬁxus
2565 4069 2675 4130 die,
2710 4069 2765 4121 in
2796 4067 2975 4124 medio
3005 4073 3186 4125 terra,
3234 4062 3428 4116 mttndi

1861 4165 2127 4221 terminos
2164 4163 2448 4233 proposito
2481 4161 2769 4217 extraxisti
2808 4159 3077 4212 miserans
3115 4157 3184 4210 de
3237 4155 3433 4211 mediis

1862 4255 2118 4309 draconis
2152 4253 2406 4307 faucibus
2438 4269 2454 4307 :
2490 4266 2660 4322 quare
2701 4251 2756 4304 in
2793 4248 2968 4302 media
3005 4244 3314 4300 divinorum
3343 4241 3433 4309 je~

1861 4345 2142 4415 iuniorum
2174 4343 2515 4400 hebdomade
2559 4341 2932 4396 exclamamus
2965 4335 3258 4390 adorantes
3311 4346 3436 4397 prc-

169 4427 356 4493 τίμιον
387 4425 616 4496 σταυρόν
647 4442 739 4478 σου
760 4443 773 4456 ·
810 4427 914 4480 Τὸν
945 4427 1149 4496 Κύριον
1182 4425 1356 4496 ὑμῶν,
1382 4427 1450 4478 τὰ
1473 4425 1628 4494 ἔργα,
1673 4425 1753 4476 εὐ-

1874 4440 2061 4491 iiosam
2108 4450 2328 4490 crucem
2386 4444 2534 4488 tuam
2577 4449 2592 4488 :
2635 4430 2920 4484 Dominum
2949 4434 3222 4490 nostrum,
3249 4437 3435 4490 opera,

171 4515 384 4582 λογεῖτε
395 4553 410 4567 .
933 4554 942 4557 ι

248 4607 440 4675 Χαρᾶς
489 4610 714 4677 σημεῖον
759 4609 943 4675 ὅπλον,
977 4608 1251 4681 ἄρρηκτον
1295 4610 1392 4679 τῆς
1434 4608 1757 4678 Ἐκκλησίας

172 4700 379 4768 τεῖχος,
439 4700 732 4770 μαρτύρων
780 4700 1066 4770 καύχημα,
1116 4701 1432 4753 ἀποστόλων
1482 4699 1758 4766 ὲγκαλλώ-

173 4805 392 4854 πισμα,
425 4789 721 4858 ἀρχιερέων
755 4790 941 4853 σθένος
975 4789 1356 4861 ὲνδυναμὼσας
1396 4790 1495 4860 τὴν
1538 4790 1759 4856 ἐξασθε-

169 4879 374 4934 νοῦσάν
414 4897 513 4950 μου
562 4880 739 4951 ψυχὴν
773 4886 1100 4952 προσκυνεῖν
1149 4899 1206 4934 σε
1253 4882 1511 4947 ἀξίωσον,
1562 4882 1759 4944 ἐνθέως

174 4973 520 5043 μελῳδοῦντα
544 4974 636 5026 τὸν
662 4975 884 5045 Κύριον.

245 5065 442 5134 Θρηνῶ
473 5067 566 5118 καὶ
597 5065 765 5119 κλαίω
797 5070 890 5120 καὶ
921 5067 1204 5139 ὀδύρομαι,
1229 5070 1304 5122 ὅτ’
1321 5068 1386 5121 ἂν
1407 5069 1484 5130 εἰς
1512 5066 1633 5120 νοῦν
1657 5085 1757 5136 μου

171 5154 328 5207 λάὗω
357 5153 418 5206 τὸ
447 5154 794 5226 δικαστήριον
823 5157 882 5209 τὸ
911 5158 1225 5223 ἀδέκαστον,
1268 5158 1513 5228 μακρόου
1523 5175 1588 5226 με
1610 5199 1625 5223 ,
1658 5176 1762 5211 κα-

171 5248 440 5318 τάκριτος
475 5249 736 5321 ὑπάρχων
760 5266 774 5280 ·
823 5251 903 5303 διό
954 5269 1055 5321 μου
1086 5255 1288 5318 φεῖσαι,
1321 5252 1528 5305 καὶτὸν
1553 5253 1760 5304 ἐπικεί-

178 5356 344 5409 μενον
372 5340 550 5393 κλοιὸν
595 5346 695 5413 τῆς
723 5344 899 5414 ψυχῆς
929 5361 1030 5413 μου
1062 5345 1384 5415 ὲλάερρυνον,
1423 5346 1508 5398 ἵνα
1555 5345 1760 5416 χαίρων

173 5433 482 5501 κραυγάζω
507 5449 518 5462 ·
551 5433 653 5486 Τὸν
698 5435 904 5506 Κύριον
935 5435 1108 5506 ὑμῶν,
1153 5437 1220 5489 τὰ
1262 5437 1418 5507 ἔργα,
1462 5437 1756 5504 εὐλογεῖτε.

252 5617 486 5672 Ἐτύπου
515 5618 674 5687 βάτος
706 5619 769 5672 τὸ
796 5621 1096 5689 μυστήριον
1123 5617 1217 5670 τοῦ
1246 5617 1386 5688 ὑπὲρ
1413 5616 1536 5668 νοῦν
1559 5631 1652 5668 σου
1675 5615 1760 5668 τό·

179 5725 322 5776 κου,
357 5711 510 5782 Κόρη
561 5713 905 5781 πανάμωμεο
953 5709 1028 5771 ὥς
1075 5707 1258 5778 ἐκείνη
1311 5711 1418 5776 γὰρ
1463 5705 1758 5774 διέμεινας,

1857 4529 2186 4586 benedicite.

1938 4619 2134 4674 Gaudii
2155 4617 2437 4677 vexillum,
2460 4613 2728 4667 infractus
2759 4608 3019 4664 Ecclesiae
3049 4621 3259 4668 murus,
3293 4618 3437 4656 mar-

1859 4721 2040 4784 tyrum
2077 4709 2354 4780 gloriatio,
2389 4704 2761 4775 apostolorum
2789 4698 3434 4768 decoratio,pontiticum

1861 4803 2149 4864 fortitudo,
2182 4799 2480 4855 corrobora
2513 4797 2748 4849 animam
2779 4810 2954 4846 meam
2983 4793 3347 4853 deﬁcientem,
3384 4795 3437 4839 et

1861 4894 2084 4962 dignare
2103 4904 2188 4942 me
2209 4888 2440 4941 adorare
2466 4896 2516 4940 te
2547 4885 2732 4938 divino
2747 4882 2929 4936 aﬂlatu
2952 4876 3232 4950 psalleudo
3256 4877 3436 4929 Domi-

1861 4996 2014 5035 ηιιηι.

1934 5069 2231 5123 Laurentor
2257 5073 2310 5120 et
2344 5065 2498 5135 ploro
2551 5078 2618 5118 ac
2676 5063 2855 5131 lugeo,
2914 5075 3037 5113 cum
3075 5057 3140 5110 ad
3202 5064 3436 5108 mentem

1861 5175 2036 5215 meam
2062 5159 2210 5213 venit
2254 5156 2526 5224 judicium
2564 5154 2964 5219 incorruptum,
3000 5165 3032 5200 o
3069 5146 3436 5216 longanimis;

1861 5252 1987 5321 quia
2034 5249 2327 5302 damnatus
2363 5262 2523 5311 sum;
2556 5227 2887 5314 quapropter
2947 5242 3169 5309 ignosce
3200 5237 3328 5290 tnihi
3386 5246 3439 5289 et

1863 5342 2142 5396 vinculum
2185 5337 2382 5391 animae
2435 5353 2566 5390 mea'
2598 5336 2916 5404 impositum
2946 5335 3128 5384 alleva
3195 5337 3252 5381 ut
3301 5343 3437 5395 gau-

1863 5433 1996 5487 dens
2024 5433 2254 5484 clamem
2303 5449 2316 5483 :
2356 5428 2641 5482 Dominum
2690 5435 2962 5489 nostrum,
2987 5437 3176 5492 opera,
3212 5418 3438 5475 benedi-

1863 5525 1992 5577 cite.

1933 5613 2228 5686 Figurabut
2266 5613 2435 5665 rubus
2474 5608 2794 5681 mysterium
2839 5607 2912 5662 lui
2973 5615 3211 5660 mentem
3275 5617 3436 5659 exce-

1869 5693 2044 5763 cleutis
2077 5715 2289 5776 partes,
2336 5705 2496 5774 Virgo
2538 5701 3082 5772 irreprelwusibilis;
3141 5715 3264 5754 nam
3297 5697 3442 5751 sicut
