3898 6320
149 222 297 288 3877

1603 235 2014 299 TRIODIUM.

3291 251 3432 316 3878

155 333 496 405 στηλιτεύων
529 337 628 407 τὴν
676 336 1035 408 ἀναισθησίαν
1090 346 1224 413 μουι
1262 344 1397 398 ἀλλὰ
1442 348 1626 414 φεῖσαι
1675 346 1730 400 ὣε

1855 349 2422 420 nil‘estabis.Christe,
2447 353 2674 409 infamia
2707 370 2882 410 meam
2917 357 3172 416 duritiem
3197 375 3419 428 notans,

153 427 469 497 συμπαθὴς,
505 429 687 496 φεῖσαί
721 448 824 499 μου
856 433 1001 487 τότε.

227 610 457 664 Κόλπων
486 611 586 663 οὐκ
619 613 821 677 ἐκστὰς
845 615 954 667 τῶν
983 617 1272 688 πατρῴων,
1306 622 1363 673 ἐν
1397 621 1620 686 κόλποις
1649 623 1742 678 άν-

148 703 374 772 εκλίθης
410 704 710 774 Παρθένου,
745 706 832 759 ἐπ’
858 708 1155 779 ἀνακλήσει
1181 711 1276 765 τοῦ
1302 713 1493 781 γένους
1521 709 1582 767 οὗ
1611 716 1738 785 ἐφό-

151 813 318 866 ρεσας
363 797 454 849 διὰ
503 797 820 870 σπλάγχνα,
854 801 1080 871 Χριστὲ,
1113 803 1174 856 τὸ
1202 805 1456 875 ὁμοίωμα
1480 822 1492 836 ·
1521 806 1642 860 ὅθεν
1680 825 1739 861 σε

149 887 322 959 ὑμνοῦ
332 906 454 958 μεν.

651 984 928 1050 Φωτίζου,
963 987 1239 1056 φωτίζον.

219 1071 542 1142 Φαιδρύνου,
563 1075 825 1143 φωτίζου,
849 1078 881 1146 ἡ
911 1078 1211 1149 Ἐκκλησία
1235 1078 1329 1132 τοῦ
1354 1081 1614 1152 Χριστοῦ,
1641 1083 1736 1137 τοῦ

147 1163 385 1233 σταυροῦ
421 1167 542 1228 ταῖς
588 1166 824 1233 ἀκτῖσιν,
860 1167 920 1222 δν
965 1169 1158 1240 φέρεις
1208 1173 1571 1242 προκείμενον
1597 1175 1739 1228 πάν-

147 1271 259 1308 των
299 1257 380 1318 είς
417 1257 792 1328 προσκύνησιν
814 1275 828 1289 ·
877 1261 941 1314 σὺ
973 1260 1029 1331 δέ
1066 1261 1275 1332 πληθὺς
1307 1265 1457 1318 πᾶσα
1483 1265 1596 1318 τῶν
1622 1266 1735 1320 δαι-

151 1345 352 1414 μόνων,
385 1347 610 1411 σκότους
636 1348 938 1418 πλησθεῖσα
966 1353 1258 1422 ἀπόδραθι.

219 1437 437 1506 Κράτος
465 1440 794 1510 ἐγκρατείας
837 1443 865 1494 ὁ
902 1442 1045 1508 θεῖος
1081 1445 1294 1514 πέφυκε
1327 1450 1582 1519 σταυρὸς,
1612 1465 1734 1504 συν-

88 1523 100 1529 ’
145 1529 310 1597 εργδς
344 1530 1113 1603 ἀγρυπνούντων,νηστευτῶν
1135 1538 1428 1608 ἐνίσχυσις,
1462 1541 1735 1610 πολεμου-

146 1618 327 1688 μένων
361 1621 936 1693 ὑπέρμαχος·τοῦτον,
965 1629 1168 1694 πιστοὶ,
1187 1629 1337 1701 πόθῳ
1368 1631 1732 1697 συνελθόντες,

144 1712 466 1782 περιχαρῶς
498 1718 988 1789 προσκυνήσωμεν.
1592 1769 1594 1772 μ

217 1801 471 1871 Θεμέλιοι
497 1804 632 1858 θεῖοι
654 1807 754 1877 τῆς
788 1807 1118 1880 Ἐκκλησίας
1144 1811 1238 1866 τοῦ
1268 1813 1507 1884 Χριστοῦ
1529 1854 1543 1878 ,
1574 1815 1734 1884 ἐδρα-

145 1897 272 1967 σμῷ
298 1898 600 1964 εὐσεϐείας,
627 1903 834 1967 πάντας
855 1905 1252 1974 συντηρήσατε,
1275 1907 1368 1958 καὶ
1395 1906 1488 1959 ἐπὶ
1525 1907 1734 1978 πέτραν

145 1987 436 2056 στηρίξατε
475 1989 576 2058 τὴν
609 1992 825 2063 ἀρραγῆ
858 1993 952 2046 τοῦ
985 1993 1348 2064 ἑκλεξαμένου
1380 1994 1524 2064 ὑμᾶς
1545 2035 1560 2060 ,
1594 1995 1732 2048 ἁπό-

143 2083 323 2135 στολοι
349 2083 572 2148 ἔνδοξοι.

162 2199 166 2202 ·
218 2176 410 2246 Χαρὰν
445 2177 786 2231 συλλαϐοῦσα
814 2178 907 2232 τοῦ
949 2180 1294 2250 ἀρχαγγέλου
1323 2183 1392 2252 τῇ
1427 2184 1603 2251 φωνῇ,
1634 2183 1734 2252 τῆς

144 2267 288 2338 ἐμῆς
318 2268 413 2322 νῦν
445 2269 674 2339 καρδίας
700 2269 799 2340 τὴν
829 2270 1008 2340 λύπην
1043 2272 1306 2339 ἀφάνισον
1336 2272 1434 2342 τὴν
1463 2271 1736 2342 ψυχοφθό-

144 2372 263 2426 ρον,
279 2355 548 2424 καὶδίδου,
568 2359 729 2425 ἁγνὴ,
743 2359 1035 2428 χαροποιὸν
1055 2359 1268 2424 πένθος,
1285 2358 1434 2422 ὅπως
1450 2359 1598 2431 εὕρω
1619 2361 1736 2413 ἐκεῖ

141 2447 244 2518 τὴν
274 2447 423 2501 θείαν
451 2449 823 2520 παράκλησιν.
1168 2451 1170 2453 ’

444 2541 659 2607 Παῖδες
694 2541 932 2611 εὐαγεῖς
968 2543 1038 2596 ἐν
1074 2542 1151 2612 τῇ
1186 2545 1434 2612 καμίνῳ.

221 2626 400 2692 Πάθος
423 2645 518 2682 σου
544 2627 642 2682 τοῦ
668 2629 916 2694 ἀπαθοῦς
938 2630 1122 2702 ὁρῶσα
1147 2633 1179 2702 ἡ
1205 2633 1384 2695 κτίσις
1405 2634 1732 2703 συνέπασχε,

148 2717 472 2788 μακρόθυμε
491 2735 504 2749 ·
541 2719 695 2789 ἥλιος
736 2719 1025 2774 ἐσϐέννυτο
1047 2744 1075 2784 ,·
1097 2722 1294 2793 πέτραι
1323 2723 1731 2794 διερρήγνυντο,

146 2809 302 2860 πᾶσα
352 2809 425 2878 γῆ
475 2809 684 2863 ἐσείετο
734 2810 883 2882 φόϐῳ
923 2813 1336 2884 κραυγάζουσα·
1379 2815 1482 2866 Τὸν
1530 2815 1734 2886 Κύριον

146 2899 392 2968 ὑμνεῖτε,
425 2899 493 2954 τὰ
529 2899 686 2970 ἔργα.

221 3078 440 3149 Θηρίοις
471 3077 662 3143 δεινοῖς
693 3081 807 3142 τοῖς
835 3079 932 3133 τοῦ
961 3080 1234 3151 καλάμου,
1263 3081 1494 3135 Θεοτόκε
1524 3099 1627 3150 μου
1653 3084 1732 3136 oi-

146 3169 420 3239 κτίρμων,
451 3169 801 3239 ἐπιτίμησον,
824 3169 972 3224 ἔνδον
1002 3188 1070 3240 με
1094 3170 1458 3236 συνθλίϐουσι,
1483 3173 1687 3241 Σῶτερ,
1706 3173 1734 3224 ό

145 3259 248 3328 τὴν
301 3260 494 3329 ἄτιμον
540 3260 859 3329 ύπενεγκὼν
901 3261 1236 3330 τυπτόμενος
1275 3261 1433 3332 ὓϐριν
1477 3262 1730 3331 καλάμῳ,

147 3352 372 3422 Χριστὲ,
405 3354 637 3424 τιμῆσαι
689 3353 1053 3424 προελόμενος
1097 3354 1307 3416 πάντας
1361 3354 1487 3416 τοὺς
1529 3356 1732 3424 ἀτιμα-

149 3445 379 3509 σθέντας
409 3449 474 3515 τῇ
517 3446 685 3499 πάλαι
719 3445 1051 3515 παραϐάσει.

220 3538 312 3600 Ei;
341 3537 467 3590 νοῦν
483 3536 545 3589 τὸ
577 3537 804 3606 φρικτόν
829 3553 923 3591 σου
955 3539 1032 3590 ὅτ’
1055 3536 1122 3590 ἂν
1146 3537 1318 3603 λάϐω,
1343 3537 1509 3610 κριτὰ
1529 3538 1733 3590 δικαιό·

145 3645 299 3690 τατε,
335 3629 638 3696 κριτήριον,
667 3629 856 3697 τρέμω
899 3629 995 3680 καὶ
1031 3627 1341 3696 ἐξίσταμαι,
1394 3630 1601 3699 φρίττω
1636 3626 1730 3682 καὶ

145 3718 411 3788 ὀδύρομαι
434 3759 448 3783 ,
482 3718 762 3772 κατανοῶν
796 3720 862 3772 τὰ
892 3718 1029 3788 ἔργα
1066 3736 1164 3789 μου
1195 3720 1352 3790 δίκης
1381 3719 1577 3786 ἐπάξια
1601 3737 1615 3750 ·
1652 3719 1731 3772 διό

144 3831 244 3866 σου
270 3815 369 3884 τὴν
398 3812 599 3885 πολλὴν
627 3815 1052 3886 εὐσπλαγχνίαν,
1087 3815 1294 3886 Σῶτερ,
1333 3815 1408 3886 μὴ
1438 3817 1638 3887 νικήσῃ
1670 3815 1730 3868 τὸ

145 3903 352 3974 πλῆθος
381 3904 492 3956 τῶν
518 3903 706 3958 κακῶν
745 3922 868 3975 μου.

219 3995 466 4049 Τεκοῦσά
496 4011 555 4048 σε
580 3994 809 4049 ἄνευθεν
831 3993 1057 4060 ὠδίνων,
1077 3994 1269 4058 ὀδύνας
1296 3998 1362 4066 τῇ
1395 3997 1460 4067 σῇ
1484 3998 1730 4066 σταυρώ-

145 4103 232 4141 σει
249 4085 682 4157 καθυφίσταμαι,
702 4086 999 4155 φλέγοντας
1015 4086 1083 4139 τὰ
1101 4087 1385 4156 σπλάγχνα
1423 4105 1523 4156 μου
1539 4103 1553 4119 ο
1576 4087 1729 4157 ἥλοις

142 4177 258 4246 γὰρ
284 4177 632 4246 προσήλωσαι
676 4176 774 4248 τὴν
821 4176 920 4248 σὴν
965 4177 1225 4248 πλευράν,
1262 4177 1606 4249 μακρόθυμε,
1641 4178 1728 4244 ἐξ·

141 4269 526 4339 ορυττόμενος,
575 4270 610 4339 ἡ
663 4269 938 4336 πάναγνος
980 4269 1112 4321 ἐϐόα
1165 4269 1476 4341 Παρθένοςο
1527 4270 1594 4340 ἢν
1650 4270 1726 4335 ὡς

141 4358 426 4423 Θεοτόκον,
458 4359 764 4429 συμφώνως
793 4357 1159 4429 ἀνυμνοῦμεν.

290 4534 475 4600 Ἅπαξ
509 4536 770 4605 γηγενὴς
813 4534 1107 4603 σκιρτάτω
1145 4535 1226 4599 τῷ
1263 4535 1583 4604 Πνεύματι.

214 4628 369 4698 Ξύλῳ
392 4628 488 4680 τοῦ
516 4629 748 4700 σταυροῦ
777 4629 877 4698 τὴν
911 4628 1086 4698 φλόγα
1115 4627 1394 4698 ἐμάρανας
1421 4629 1518 4697 τῆς
1546 4629 1726 4700 ἁμαρ-

139 4720 288 4784 τίας,
321 4720 558 4790 Χριστέ’
592 4723 781 4791 χεῖρας
824 4720 1174 4792 πεπαρμένος
1207 4719 1264 4772 δὲ
1297 4720 1476 4789 χειρὸς
1509 4721 1727 4792 ἐρρύσω

139 4809 240 4865 τοῦ
266 4810 396 4863 πολε
403 4809 638 4879 μήτορος
658 4810 748 4862 τὸν
763 4811 1018 4880 ἀκρατῶς
1041 4809 1359 4863 ἐκτείναντα
1377 4811 1566 4880 χεῖρας
1587 4812 1725 4881 πρὸς

143 4902 352 4973 βρῶσιν
379 4899 620 4972 καρποῦ’
658 4892 828 4972 οὗπερ
862 4901 1023 4970 μόνου
1051 4899 1274 4969 φεύγειν
1300 4900 1398 4971 τὴν
1424 4901 1725 4972 μετάληψιν

137 4996 430 5068 ἀπεφήνω,
457 4992 660 5065 Χριστέ
686 4992 961 5048 πολυέλεε.

215 5173 394 5238 naso;
421 5191 538 5238 σου,
564 5173 789 5246 Χριστὲ,
819 5172 880 5226 τὸ
904 5175 1070 5227 πᾶσιν
1091 5171 1360 5227 ἀπάθειαν
1385 5171 1596 5244 βροτοῖς
1618 5191 1723 5244 πη-

140 5267 320 5338 γάσαν
348 5267 590 5338 φαιδρῶς
620 5267 812 5338 βλέψαι
843 5266 1178 5331 καταξίωσον
1216 5268 1275 5320 ἐν
1313 5265 1551 5337 ἀπαθείᾳ
1593 5268 1721 5332 τοὺς

141 5360 588 5433 προσκυνοῦντας
635 5359 842 5422 πιστῶς
881 5360 973 5412 τὸν
1015 5360 1107 5414 σὺν
1139 5360 1371 5430 σταυρὸν
1401 5362 1492 5415 τὺν
1516 5357 1716 5430 τίμιον,

139 5455 244 5516 τὰς
283 5453 556 5524 ἁμαρτίας
583 5451 738 5522 ήμῶν
773 5452 1162 5521 παραϐλέπων,
1194 5454 1290 5506 καὶ
1336 5455 1435 5524 τῆς
1481 5454 1717 5508 ἀναστά-

141 5562 282 5608 σεως
308 5546 528 5616 ἀληθεῖς
556 5561 648 5597 σου
677 5544 823 5608 υἱοὺς
850 5544 1236 5614 ἐργαζόμενος.

1843 442 1936 493 sed
1985 443 2207 513 ignosce
2274 457 2534 516 tanquam
2587 451 2951 518 compatiens.
3007 453 3228 521 ignosce
3293 457 3425 508 mihi

1847 540 1994 584 tunc.

1913 619 2149 678 Paterno
2187 640 2294 680 non
2327 627 2516 683 exiens
2560 629 2708 690 sinu,
2749 628 2991 699 Virginis
3023 632 3074 686 in
3106 634 3228 687 sinu
3263 650 3426 690 recu-

1841 709 2030 774 buisti,
2063 721 2121 766 ut
2158 729 2446 771 revocares
2478 731 2650 786 genus
2681 719 2844 786 cujus
2882 719 3300 776 similitudinem
3357 725 3428 778 ob

1841 801 2301 871 misericordiam,
2333 805 2574 871 Christe,
2611 811 2922 878 sumpsisti,
2963 812 3108 866 unde
3140 823 3193 868 te
3261 817 3421 886 hym-

1841 892 1928 947 nis
1961 895 2324 952 celebramus.

2292 987 2630 1056 Illuminnre,
2672 992 3001 1048 illuminare.

1909 1069 2238 1141 Respleude,
2282 1075 2618 1143 illuminare,
2676 1079 2922 1134 Ecclesia
2971 1078 3199 1144 Christi,
3240 1085 3426 1138 crucis

1841 1163 2011 1217 radiis
2042 1180 2204 1233 quam
2233 1168 2542 1236 expositam
2595 1168 2706 1232 fers
2767 1171 3011 1224 omnium
3066 1172 3420 1242 adorationi;

1841 1261 1894 1306 tu
1926 1270 2080 1319 vero,
2117 1258 2298 1312 omnis
2347 1260 2642 1316 multitudo
2696 1261 3008 1317 daamonum
3068 1265 3308 1320 tenebris
3339 1280 3424 1321 re-

1838 1344 2001 1413 pleta,
2039 1347 2292 1420 confuge.

1907 1437 2278 1494 Coutiuentiaa
2313 1442 2500 1504 robur,
2558 1444 2900 1513 vigilantium
2955 1445 3216 1516 adiutrix,
3279 1447 3424 1516 jeju-

1834 1523 2085 1577 nantium
2114 1526 2467 1591 confortatio,
2499 1529 2890 1584 debellantium
2921 1535 3315 1602 propugnatrix
3340 1545 3424 1589 est

1834 1615 2019 1669 divina
2055 1631 2187 1670 crux
2229 1639 2240 1671 :
2283 1633 2426 1685 eam,
2453 1620 2664 1686 ﬁdeles,
2695 1623 2983 1677 desideriis
3033 1625 3423 1683 convenietin-3

1763 1701 1804 1754 Β
1835 1723 1956 1764 cum
1982 1711 2345 1768 exsultatione
2372 1714 2680 1768 adoremus.

1913 1797 2107 1853 Divina
2171 1799 2432 1855 Ecclesiae
2491 1803 2693 1858 Christi
2759 1804 3140 1870 fundamenta,
3201 1810 3422 1878 pietatis

1834 1888 2208 1941 stabilimento
2238 1904 2340 1945 nos
2365 1906 2558 1946 omnes
2589 1903 2935 1960 conservate,
2963 1903 3018 1949 el.
3061 1913 3228 1966 super
3256 1899 3424 1952 inl‘ra-

1832 1986 1974 2032 ctam
2007 1981 2348 2035 consolidate
2389 1991 2597 2052 petram
2631 1985 2780 2038 illius
2815 1985 2906 2054 qui
2957 1977 3056 2042 vos
3094 1990 3274 2060 elegit,
3309 1992 3424 2061 glo-

1829 2069 1968 2123 riosi
1997 2070 2252 2138 apostoli.

1903 2154 1986 2208 Tu
2027 2171 2150 2224 qua:
2182 2157 2463 2226 gaudium,
2506 2158 2820 2230 archangeli
2883 2177 3034 2228 voce,
3087 2166 3421 2235 concepisti,

1833 2245 1991 2302 aufer
2021 2263 2169 2301 nunc
2198 2263 2488 2303 mazrorem
2512 2251 2696 2305 cordis
2726 2253 2832 2306 mei
2873 2254 3067 2307 anima:
3093 2270 3226 2310 mea:
3261 2257 3404 2311 letha

1839 2335 1969 2400 lem,
2004 2345 2060 2390 et
2092 2336 2184 2398 da,
2221 2337 2537 2404 purissima,
2575 2338 2778 2392 luctum
2814 2339 3202 2407 lartiﬁcantem,
3233 2353 3294 2398 ut
3349 2343 3422 2398 ibi

1834 2425 2107 2481 inveniam
2142 2427 2381 2479 divinam
2418 2429 2878 2484 consolationem.

2259 2515 2444 2570 Sancti
2502 2520 2651 2586 pueri
2689 2520 2741 2573 in
2768 2522 3003 2589 fornace.

1906 2606 2100 2674 Tuam,
2153 2609 2244 2678 qui
2302 2611 2661 2678 impassibilis
2722 2629 2804 2679 es,
2857 2616 3168 2683 passionem
3230 2617 3421 2671 videns

1834 2700 2013 2756 omnis
2039 2709 2291 2755 creatura
2322 2717 2614 2770 compassa
2646 2713 2750 2770 est,
2805 2703 3137 2775 longanimis
3165 2723 3182 2773 ;
3214 2708 3422 2762 exstin-

1834 2803 1958 2845 cxus
1987 2799 2070 2844 est
2098 2791 2200 2852 sol,
2233 2799 2398 2858 petrae
2427 2791 2616 2846 scissa:
2649 2801 2797 2857 sunt,
2848 2796 3028 2849 omnis
3091 2805 3237 2848 terra
3297 2807 3415 2850 tre-
3454 2849 3455 2852 η

1837 2895 1988 2934 more
2017 2882 2350 2934 conturbata
2384 2891 2468 2936 est
2509 2883 2754 2938 clamans
2790 2901 2805 2938 :
2840 2883 3129 2938 Dominum
3186 2885 3414 2942 benedi-

1837 2972 1965 3036 cite,
1999 2986 2184 3041 opera.

1904 3064 2064 3117 Diras
2104 3065 2323 3134 increpa
2376 3063 2522 3120 feras
2567 3067 2876 3133 arundinis,
2911 3067 3004 3123 Dei
3045 3069 3149 3124 mei
3198 3069 3420 3126 miseri—

1835 3170 1961 3210 cors
1989 3156 2194 3222 Mater;
2237 3158 2385 3214 intus
2417 3172 2503 3212 me
2545 3168 2850 3222 coarctaut,
2895 3160 3147 3215 Salvntor
3175 3162 3417 3230 Christe,

1834 3249 1926 3317 qui
1996 3247 2415 3318 ignominiosam
2485 3250 2625 3305 ictus
2675 3252 2964 3306 arundinei
3032 3254 3418 3307 contumeliam

1835 3340 2132 3401 sustulisti,
2164 3340 2292 3407 quia
2335 3341 2700 3395 constitueras
2743 3355 2934 3396 omnes
2982 3342 3274 3399 hoiiesmre
3321 3344 3419 3399 de-

1827 3431 2155 3496 ,houestatos
2189 3429 2414 3498 antiqua
2457 3431 2919 3498 transgressione.

1904 3520 2137 3586 Quando
2183 3521 2236 3572 iu
2290 3526 2468 3574 mente
2519 3519 2854 3574 horrendum
2908 3529 3087 3585 tuum,
3113 3521 3420 3590 iustissime

1831 3612 2020 3682 judex,
2056 3611 2302 3679 concipis
2332 3610 2625 3679 judicium,
2655 3619 2832 3666 tremo
2870 3619 2925 3667 et
2958 3612 3251 3682 obstupeo,
3287 3615 3416 3667 hor-

1833 3719 1991 3757 resco
2049 3712 2104 3755 et
2159 3703 2450 3766 lamentor,
2499 3717 2664 3770 opera
2721 3718 2840 3756 mea
2893 3705 3200 3772 recogitans
3251 3706 3414 3774 digna

1833 3795 2070 3847 vindicta
2089 3810 2104 3857 ;
2123 3807 2293 3863 quare
2320 3792 2543 3846 multam
2570 3801 2717 3846 tuam
2746 3794 3207 3859 misericordiam,
3226 3794 3416 3850 Salva-

1834 3895 1939 3948 tor,
1983 3901 2049 3939 ne
2089 3885 2269 3938 vincat
2308 3885 2600 3938 multitudo
2633 3884 2964 3940 delictorum
2999 3901 3270 3942 meorum.

1903 3980 2014 4049 Ego
2041 3995 2163 4047 quae
2203 3985 2256 4032 te
2290 3979 2500 4047 absque
2535 3979 2822 4034 doloribus
2857 3982 3041 4050 genui,
3075 3979 3292 4035 dolores
3325 3991 3415 4036 tua

1831 4071 2192 4125 cruciﬁxione
2234 4071 2484 4125 sustineo
2530 4071 2742 4125 viscera
2789 4085 2906 4124 mea
2949 4079 3202 4137 urentes;
3244 4071 3414 4126 clavis

1829 4163 1974 4217 enim
2022 4162 2192 4216 latere
2245 4169 2338 4215 tuo
2383 4164 2684 4216 transﬁxus
2736 4168 2792 4216 et
2848 4160 3164 4230 pet-fossus,
3222 4163 3412 4232 longa-

1831 4257 2018 4321 minis,
2053 4255 2394 4310 exclamabat
2448 4255 2761 4311 castissima
2813 4253 3002 4325 Virgo,
3043 4270 3207 4324 quam
3261 4255 3423 4310 voci-.

1754 4348 1937 4409 Dbus
1991 4347 2250 4402 consonis
2314 4355 2574 4418 tanquam
2634 4345 2728 4401 Dei
2785 4345 3012 4401 Matrem
3071 4346 3414 4402 celebramus

1831 4437 2071 4508 hymnis.

2116 4528 2300 4582 Omnis
2337 4529 2602 4599 terrigena
2642 4530 2872 4584 exsultet
2904 4531 3118 4600 spiritu.
3453 4599 3462 4623 ‘

1903 4615 2078 4688 Ligno
2110 4619 2294 4673 crucis
2340 4620 2548 4689 peccati
2593 4620 2868 4674 ﬂammam
2917 4621 3177 4691 languere
3208 4623 3407 4688 fecisti,

1826 4710 2082 4776 Christe;
2135 4711 2391 4765 manibus
2429 4726 2561 4767 vero
2593 4713 2956 4777 transfossus,
2993 4715 3060 4770 de
3101 4731 3264 4770 manu
3301 4718 3408 4772 itii-

1828 4803 1954 4859 mici
1999 4819 2124 4858 eum
2179 4802 2424 4858 liberasti
2456 4804 2549 4873 qui
2586 4805 2992 4860 incontinenter
3027 4822 3248 4861 manum
3308 4824 3406 4863 ex-

1829 4898 2080 4950 tenderat
2117 4895 2180 4949 ad
2223 4894 2463 4950 fructum
2501 4897 2979 4964 manducandum;
3031 4899 3191 4969 cujus
3236 4901 3408 4957 solius

1826 4986 2304 5058 participationem
2354 4987 2532 5043 vitare
2578 4989 2731 5044 visus
2779 5004 2862 5054 es,
2898 4988 3120 5045 Christe
3177 4990 3405 5044 multum

1825 5079 2162 5135 misericors.

1893 5173 2216 5229 Passionem
2257 5180 2431 5240 tuam,
2463 5173 2701 5238 Christe,
2736 5190 2799 5228 ex
2848 5191 2952 5244 qua
2985 5174 3244 5229 omnibus
3283 5189 3404 5229 sca-

1821 5263 1956 5319 turit
2001 5264 2414 5332 itnpassibilitas
2462 5265 2805 5327 mortalibus,
2858 5265 3086 5334 dignare
3136 5280 3233 5320 nos
3285 5265 3402 5317 aia-

1821 5359 2008 5412 criter~
2045 5367 2098 5412 et
2159 5359 2435 5428 passionis
2485 5369 2736 5429 expertes
2787 5360 2993 5423 videre,
3035 5360 3127 5428 qui
3175 5358 3405 5412 ﬁdeliter

1821 5457 1970 5502 tuam
2006 5448 2298 5518 pretiosam
2337 5449 2631 5505 a'doramus
2667 5465 2885 5505 crucem
2921 5469 2933 5503 :
2963 5460 3180 5518 peccata
3214 5457 3402 5502 uosmt

1820 5539 2031 5594 scilicet
2067 5541 2178 5593 noli
2215 5541 2567 5595 considerare
2606 5551 2659 5596 et
2702 5556 2860 5596 vcros
2901 5551 3006 5595 tua-
3045 5539 3402 5596 resurrectio-

1821 5631 1906 5685 nis
1941 5629 2084 5686 ﬁlios
2119 5647 2233 5687 nos.
2249 5631 2417 5686 efﬁce.
