3964 6322
518 270 662 335 3879

1369 268 1431 327 S.
1471 261 1887 327 SOPHRONII
1928 258 2437 321 PATRIARCHE
2468 257 2872 320 HIEROSOL.

3652 246 3796 308 38°0

594 381 806 451 Lapsos
847 393 945 433 nos
984 379 1038 432 in
1073 377 1393 432 barathrum
1433 376 1764 431 exaltatione
1811 385 1902 429 tua
1944 373 2093 427 exal-

2269 371 2532 440 ’Υψωσας
2559 370 2707 439 ἡμᾶς
2733 369 2996 429 πεσόντας
3025 366 3104 428 si;
3131 364 3387 435 βάραθρα
3415 364 3482 430 τῇ
3512 360 3793 429 ἀνυγι-ὡσει

520 475 675 541 tasti,
722 473 924 529 bellum
984 469 1217 531 solvisti,
1265 480 1317 524 et
1356 467 1503 522 Patri
1557 477 1650 522 tuo
1703 482 1802 522 nos
1848 467 2092 520 reconci-

524 567 692 627 liasti,
725 563 1048 631 sanguinem
1100 572 1193 615 tuo
1243 576 1342 631 pro
1392 561 1548 614 nobis
1581 558 1888 621 cﬂ‘undens,
1929 558 2094 612 bene-

521 658 728 721 factor;
770 655 918 708 unde
962 663 1016 708 te
1058 654 1426 722 gloriﬁcamus
1476 661 1535 705 ιιι
1582 649 1749 705 Deum
1785 649 2092 703 animarum

521 756 835 801 nostrarum
872 742 1314 811 Redemptorcnt.

590 837 721 903 Quae
745 838 858 890 sola
889 835 979 890 Dei
1010 833 1347 904 Sapientiam
1392 831 1789 903 hypostaticam
1835 831 2093 901 genuisti,

523 928 607 980 l‘ac
642 943 727 981 me
769 927 1091 995 sapientem,
1128 939 1333 993 quaeso,
1370 931 1435 976 ut
1480 923 1661 975 callidi
1711 923 1915 977 malitia
1962 924 2095 979 arti-

523 1019 640 1071 ﬁcis
694 1016 925 1070 insidias
978 1024 1030 1069 et
1059 1017 1294 1084 impetus
1337 1023 1392 1069 ct
1440 1016 1593 1068 dolos
1628 1014 1905 1082 eﬂugiam,
1935 1014 2097 1087 Virgo

524 1108 616 1164 Dei
646 1106 818 1161 Mater
854 1108 1103 1174 innupta,
1141 1106 1379 1157 validum
1416 1104 1655 1157 fidelium
1693 1104 1988 1174 refugium.

1079 1194 1146 1249 In
1187 1194 1374 1264 pelago
1409 1197 1551 1249 vim.

596 1285 825 1340 Limites
863 1284 1057 1339 carnis
1089 1285 1430 1355 supergressi
1468 1285 1621 1348 estis,
1658 1283 1896 1347 athletae,
1932 1283 2102 1336 multa

522 1378 784 1446 patientia
848 1377 1245 1444 suppliciorum
1314 1374 1539 1428 ferendo
1603 1374 1862 1440 dolores;
1932 1387 2103 1443 quare

521 1482 739 1522 onmem
773 1465 1018 1520 dolorem
1053 1473 1106 1519 et
1135 1466 1463 1519 anxietatem
1496 1478 1683 1518 eorum
1716 1463 1968 1516 alleviate
2007 1461 2099 1530 qui

523 1574 620 1612 vos
648 1558 867 1628 hymnis
898 1556 1202 1609 celebrant.

591 1647 1039 1704 Multitudinibus
1086 1647 1404 1715 angelorum
1458 1644 1713 1698 admotus
1757 1653 1840 1699 est
1879 1653 2104 1700 sancto-

2197 479 2292 515 σου
2314 478 2326 490 ·
2374 462 2570 523 ἔλυσας
2617 460 2711 513 τὸν
2761 458 3021 527 πόλεμον,
3059 459 3153 510 καὶ⁵
3184 455 3264 525 τῷ
3298 455 3476 523 Πατρί
3507 469 3610 505 σου
3647 453 3795 521 ἡμᾶς

2196 552 2559 624 κατήλλαξας·
2578 552 2719 621 ὑπὲρ
2739 550 2897 619 ἡμῶν
2924 549 2986 601 τὸ
3008 543 3148 617 αἷμά
3171 563 3264 599 σου
3288 543 3793 611 καταϐαλλόμενος,

2198 643 2479 713 εὐεργέτει·
2509 640 2720 697 ὄθεν,σε
2748 638 3065 708 δοξάζομεν,
3098 637 3175 700 ὡς
3197 634 3328 689 Θεὸν
3355 633 3664 705 Λυτρωτὴν
3689 636 3793 687 τῶν

2199 733 2386 804 ψυχῶν
2417 737 2449 804 ἡ
2457 733 2591 805 μῶν.

2271 830 2424 896 Μόνη
2451 827 2546 880 τοῦ
2576 825 2711 879 Θεοῦ
2746 823 2946 892 Σοφίαν
2979 823 3233 891 κυήσασα
3263 819 3365 888 τὴν
3388 818 3791 879 ὲνυπόστατον,

2203 919 2419 989 σὸφισόν
2444 934 2529 987 με,
2545 917 2757 985 δέομαι,
2774 914 2870 967 τοῦ
2884 915 2983 982 τῆς
3007 912 3204 973 κακίας
3220 911 3508 977 διαφυγεῖν
3530 909 3793 977 σοφιστοῦ

2202 1010 2460 1073 ἐπιϐολὰς
2509 1012 2605 1062 καὶ
2646 1008 2836 1078 ἐνεδρα
2868 1008 2964 1058 v.21
2998 1001 3501 1072 πανουργιὺματα,
3555 998 3794 1052 Θεοτὸκι

2202 1106 2352 1176 Κόρη
2371 1103 2733 1173 ἀπειρόγαμε,
2769 1098 3027 1170 κραταιὸν
3055 1096 3164 1149 τῶν
3197 1093 3401 1146 πιστῶν
3421 1093 3792 1162 καταφύτων.

2633 1194 2732 1245 Ἐν
2764 1190 3010 1257 πελάγει
3047 1186 3156 1239 τοῦ
3187 1186 3359 1249 βίον.
3408 1252 3411 1255 _

2281 1285 2617 1357 ’Υπερέὁητε
2634 1284 2791 1354 ὅρους
2816 1280 3041 1352 σαρκὸς,
3074 1278 3327 1347 ἀθληταὶ,
3344 1276 3519 1346 πολλῇ
3543 1276 3797 1346 ὑπομονῇ

2205 1380 2593 1447 ὑπενεγκὸντες
2613 1375 2884 1446 τιμωρίας
2912 1372 3105 1431 πόνους
3122 1384 3137 1399 ⁶
3167 1371 3248 1423 διὸ
3270 1371 3485 1423 ἅπαντα
3507 1369 3682 1423 πόνον
3703 1369 3801 1423 καὶ

2207 1471 2388 1540 θλίψιν
2417 1469 2704 1539 κουφίζετε
2733 1465 2844 1519 τῶν
2869 1464 3010 1534 ὑμᾶς
3041 1461 3584 1533 ἀνυμνολογοῦντων.

2275 1649 2546 1719 Μυριάσιν
2576 1647 2825 1716 ἀγγέλων
2850 1643 3078 1716 στρατὸς
3109 1639 3292 1714 ήνὼθη
3324 1638 3499 1706 ἁγίων
3519 1635 3798 1705 ἀθλητῶν.

523 1758 645 1794 rum
721 1741 1050 1792 athletarum
1122 1738 1434 1799 exercitus,
1487 1744 1541 1790 et
1594 1736 1858 1805 optinmm
1914 1745 2103 1791 exorat

2225 1742 2301 1794 ιαὶ
2330 1713 2563 1791 ἱκετεύει
2712 1713 3029 1803 πανάγαθον
3071 1733 3224 1793 Θεὸν.
3268 1728 3639 1798 ἐγκλημάτων
3689 1743 3798 1795 μυ-

524 1829 694 1884 Deum
731 1839 789 1881 ut
816 1842 844 1880 a
865 1825 1213 1881 multitudine.
1238 1835 1580 1895 peccatorum
1617 1827 1972 1894 redimamur,
2002 1829 2102 1883 hac

522 1922 734 1974 dierum
777 1917 1222 1987 quadragesima.

594 2009 722 2064 Neci
776 2012 938 2064 datus
987 2016 1041 2061 et
1099 2008 1152 2061 in
1211 2007 1451 2069 tumulo,
1504 2007 1746 2073 Christe,
1797 2006 2099 2075 dormiens,

524 2100 804 2156 suscitasﬁ
864 2109 1115 2152 mortuos
1168 2107 1222 2152 et
1277 2100 1510 2152 mortuis
1557 2099 1610 2151 in
1664 2098 1790 2166 ﬁde,
1839 2098 2103 2155 bonitatis

525 2202 632 2248 tua:
663 2193 893 2256 divitiis,
925 2193 1170 2260 requiem
1208 2191 1429 2256 tribuis,
1461 2190 1743 2257 Salvator,
1766 2208 1890 2246 cum
1921 2196 2104 2250 omni-

527 2285 629 2339 bus
663 2286 872 2338 sanctis
908 2284 1043 2339 tuis.

595 2373 740 2430 Dens
800 2373 891 2429 Dei
949 2371 1213 2441 Verbum,
1253 2374 1511 2429 deiﬁcare
1565 2376 1838 2433 hominem
1893 2378 2103 2445 volens,

526 2482 592 2521 ex
627 2476 680 2520 te
720 2468 1063 2527 incarnatur,
1107 2466 1441 2529 castissima,
1472 2477 1527 2519 et
1561 2466 1813 2523 mortalis
1854 2470 2102 2536 videtur;

526 2570 688 2622 quem
723 2556 1099 2609 indesinenter
1128 2555 1357 2608 obsecra
1393 2565 1451 2608 ut
1497 2556 1840 2614 inveniamus
1887 2564 2106 2617 miseri-

531 2647 776 2702 cordiam
808 2647 863 2700 in
900 2658 1147 2717 tempore
1174 2644 1529 2702 defensionis.

1107 2734 1342 2805 lmagim‘
1379 2752 1575 2791 aurem.

595 2825 643 2885 0
665 2842 759 2882 vos
788 2827 1023 2890 athletae,
1044 2829 1136 2896 qui
1164 2829 1579 2898 corruptibilem
1608 2844 1827 2885 carnem
1857 2834 2106 2890 exuendo

526 2917 1098 2987 iucorruptibilitatem
1159 2917 1348 2971 divino
1421 2932 1648 2971 munere
1700 2919 1979 2983 induistis.
2029 2923 2104 2977 illi

526 3009 622 3079 qui
689 3015 913 3076 proltter
972 3022 1073 3061 nos
1126 3021 1347 3060 carnem
1400 3021 1467 3060 ex
1506 3007 1824 3078 incorrupta
1879 3010 2105 3065 muliere

527 3103 770 3172 suscepit
803 3115 952 3155 nunc
984 3102 1196 3155 alacres
1226 3101 1526 3165 assistitis;
1562 3115 1736 3170 quare
1780 3115 1866 3155 me
1902 3103 2102 3156 vestitu

528 3201 722 3247 saneto
759 3191 970 3245 induite
1005 3191 1097 3260 qui
1135 3190 1381 3260 improbe
1416 3191 1652 3245 nudatus
1681 3206 1823 3245 sum.

600 3283 887 3338 Victorum
944 3299 1099 3354 gens,
1133 3285 1229 3352 qui
1281 3298 1380 3337 vos
1434 3285 1780 3338 continenter
1830 3284 2102 3354 gessistis,

530 3382 592 3429 ut
638 3374 991 3429 continentia:
1029 3373 1266 3427 stadium
1321 3374 1440 3428 sine
1484 3373 1770 3427 obstacqu
1810 3389 2102 3444 percurra-

527 3482 651 3519 mus
699 3480 802 3520 nos
844 3465 1228 3528 corroborate,
1265 3464 1536 3534 siquidem
1569 3465 1848 3520 Christum
1889 3466 1943 3520 in
1990 3475 2104 3522 sta-

527 3555 620 3610 dio
683 3555 917 3609 viriliter
989 3555 1331 3625 praedicastis
1390 3561 1446 3610 et
1511 3556 1768 3611 tribunali
1845 3558 2104 3614 assistitis

526 3658 763 3697 coronas
794 3651 1075 3713 gestantes
1127 3643 1181 3698 in
1240 3644 1446 3699 lumine
1477 3659 1601 3698 cum
1636 3645 1844 3714 angelis
1875 3646 2100 3701 Christi.

602 3737 702 3789 Per
727 3735 1158 3806 supplicationes
1182 3741 1403 3789 tuorum
1431 3743 1746 3790 sanctorum
1776 3744 2101 3807 martyrum,

529 3829 696 3891 Deus,
731 3831 918 3884 ﬁdeles
952 3844 1143 3884 servos
1175 3837 1302 3882 tuos
1333 3829 1666 3884 dormientes
1689 3830 1927 3898 paradisi
1956 3830 2105 3884 cives

526 3927 582 3976 et
631 3922 896 3990 spiritalis
924 3919 1153 3975 luminis
1192 3921 1452 3986 ostende;
1480 3919 1709 3991 dignare
1738 3920 1862 3977 illos
1896 3921 2104 3977 indesi-

531 4022 728 4065 neuter
761 4011 859 4065 tibi
892 4013 1173 4067 clamare:
1204 4010 1533 4066 Benedictus
1568 4011 1730 4067 Deus.

599 4100 678 4157 τε
742 4102 914 4157 solam
974 4101 1169 4155 bonam
1229 4100 1620 4165 obsecramus,
1676 4100 1841 4173 Virgo
1878 4119 1894 4156 :
1930 4103 2105 4159 malos

528 4209 629 4247 nos
658 4193 831 4246 factos
862 4192 1012 4247 eilice
1044 4193 1240 4255 bonos,
1268 4199 1322 4246 et
1357 4193 1519 4246 enixe
1557 4193 1839 4248 Christum
1874 4195 2102 4249 obsecra

509 4293 725 4337 ‘natura
777 4297 875 4335 sua
926 4284 1153 4345 bonmn,
1202 4289 1264 4334 ut
1309 4282 1661 4337 continentia:
1704 4292 1919 4353 tempus
1960 4285 2102 4341 bona

526 4373 805 4445 operando
834 4373 1183 4443 impleamus,
1216 4374 1369 4428 illum
1396 4374 1739 4433 celebrantes
1766 4378 2006 4449 hymnis.

1047 4547 1109 4604 In
1139 4549 1478 4617 ﬂammarum
1510 4551 1644 4623 igne.

582 4637 852 4691 Celebres
915 4645 972 4691 et
1031 4641 1372 4695 venerabiles
1431 4640 1635 4696 Christi
1698 4641 1792 4698 Dei
1849 4643 2099 4709 athletae,

524 4739 717 4779 omnes
748 4725 950 4778 debitis
986 4724 1282 4792 implicitos
1312 4728 1404 4796 qui
1440 4743 1534 4782 vos
1563 4729 1863 4797 praedicant
1892 4732 2102 4799 magnis

527 4818 852 4871 criminibus
894 4824 949 4870 et
994 4816 1190 4871 inferni
1234 4820 1520 4874 tormentis
1564 4821 1811 4889 liberate,
1852 4823 2104 4877 maximis

525 4908 728 4963 vestris
768 4907 834 4961 ad
875 4909 1054 4976 ipsum
1085 4910 1604 4978 supplicationibus.
1848 4913 1851 4916 ’

600 4998 801 5053 Sancte
830 5001 1039 5055 electus
1069 5008 1124 5053 et
1154 5017 1282 5055 vere
1314 5002 1528 5056 validus
1565 5003 1771 5058 Christi
1813 5003 1907 5060 Dei
1942 5020 2099 5060 exer-

527 5088 687 5152 citus,
724 5099 1025 5160 martyrum
1063 5089 1242 5154 turba,
1287 5099 1528 5145 utentem
1572 5103 1815 5148 nostram
1848 5103 1903 5148 et
1931 5094 2100 5149 corda

525 5177 866 5233 sanctiﬁcate
903 5181 957 5232 in
1000 5179 1084 5233 his
1128 5183 1335 5234 sanctis
1368 5181 1570 5251 jejunii
1614 5184 1831 5253 diebus,
1875 5203 1971 5258 per
2010 5205 2100 5243 ve-

524 5280 670 5327 stras
703 5278 925 5323 sanctas
958 5270 1411 5338 supplicationes.

594 5357 825 5414 Fluenta
855 5361 1197 5416 remissionis
1240 5362 1530 5418 ellundunt
1572 5365 1896 5423 mirabiliter
1930 5369 2099 5425 vestri

524 5451 813 5519 sanguinis
850 5460 1016 5519 guttae
1054 5461 1109 5507 et
1147 5454 1502 5523 reliquiarum
1526 5458 1800 5525 sepulcra,
1832 5458 2047 5516 athleta;
2082 5480 2098 5517 :

525 5558 695 5610 quare
746 5544 1010 5614 migrates
1052 5544 1260 5600 ﬂuento
1310 5547 1706 5603 misericordia
1744 5549 1968 5623 irrigate
2001 5567 2102 5623 per

525 5633 973 5691 intercessionem
1011 5646 1275 5704 vestram,
1308 5637 1515 5695 Christi
1549 5640 1884 5699 cellar-edes.

2207 1833 2338 1904 ρίων
2363 1833 2511 1901 ἡμᾶς
2540 1827 3018 1898 ὲκλυτρώσασθαι,
3049 1823 3276 1895 ἡμερῶν
3302 1817 3792 1890 τεσσαρακοντάδι.

2273 2006 2589 2078 Νεκρωθεὶς
2618 2005 2713 2059 καὶ
2743 2006 2802 2059 ιν
2822 2005 2998 2073 τάφῳ,
3017 2001 3240 2073 Χριστὲ,
3260 1997 3541 2064 ὑπνώσας,
3558 1997 3794 2066 ἀνέστη-

2205 2117 2303 2164 σας
2331 2098 2557 2168 νεκρούς
2573 2114 2588 2129 ·
2612 2098 2706 2151 καὶ
2734 2098 2847 2159 τοῖς
2872 2097 2931 2148 ὲν
2952 2094 3133 2147 πίστει
3161 2091 3419 2144 τεθνεῶσι
3442 2092 3636 2160 νέμεις
3652 2092 3793 2155 ἀγαο

2203 2194 2425 2264 θότητος
2459 2190 2697 2259 πλοῦτῳ,
2724 2190 2932 2262 Σῶτερ,
2964 2186 3062 2257 τὴν
3094 2183 3401 2238 ἀνάπαυσιν
3420 2223 3441 2249 ,
3469 2182 3612 2253 μετά
3656 2183 3790 2234 παν·

2182 2298 2309 2339 ’των
2337 2284 2444 2338 τῶν
2478 2284 2586 2336 σῶν
2615 2282 2808 2350 ἁγίων.

2282 2378 2344 2432 '0
2370 2375 2506 2428 Θεοῦ
2534 2374 2667 2438 Θεὸς
2700 2374 2871 2441 Λόγος
2906 2371 3085 2442 ζητῶν
3125 2368 3327 2424 θεῶσαι
3357 2366 3450 2420 τδν
3478 2365 3787 2434 ἄνθρωπον,

2205 2469 2369 2539 ἁγνὴ,
2403 2469 2468 2520 ὲκ
2490 2466 2583 2520 σοῦ
2620 2464 2917 2536 σαρκοῦται
2938 2463 3035 2517 καλ⁸
3065 2461 3255 2532 βροτὸς
3277 2460 3492 2527 δρᾶται·
3522 2457 3584 2510 δν
3610 2455 3789 2510 ἀτοαό-

2205 2576 2344 2621 στως
2412 2556 2651 2609 δυσώπει
2712 2557 2893 2627 εὑρεῖν
2955 2554 3102 2624 ἡμᾶς
3152 2552 3303 2615 ἔλεος
3344 2551 3404 2603 ὲν
3466 2546 3648 2618 καιρῷ
3689 2546 3788 2616 τῆς

2202 2648 2519 2717 ἀπολογίας.

2661 2741 2739 2810 Τῇ
2778 2741 2967 2796 εικόνι
3004 2736 3080 2808 τῇ
3117 2736 3342 2807 χρυσῇ.

2275 2835 2674 2899 Στολισθέντες,
2707 2832 2965 2903 ἀθληταὶ,
2994 2831 3093 2901 τὴν
3134 2827 3444 2900 ἀφθαρσίαν
3490 2825 3692 2887 ἐνθέως
3723 2827 3788 2894 τῇ

2203 2928 2499 2981 ἀπεκδύσει
2517 2928 2617 2998 τῆς
2645 2925 3007 2995 φθειρομένης
3026 2920 3250 2989 σαρκὸς,
3269 2918 3347 2987 τῷ
3362 2918 3590 2986 δι’ἠμίς
3609 2916 3791 2986 σάρκα

2207 3021 2264 3086 ἐξ
2308 3020 2547 3089 ἀφθόρου
2610 3016 2970 3087 προσλαϐόντι
2997 3012 3287 3079 γυναικὸς,
3322 3009 3416 3062 νῦν
3447 3008 3790 3080 παρίστασθε

2205 3111 2430 3180 φαιδρὸν
2447 3124 2461 3138 ·
2493 3109 2572 3161 διό
2606 3126 2673 3179 με
2699 3106 2954 3161 ἐνδύσατε
2979 3102 3276 3174 περιϐολὴν
3302 3100 3474 3171 ἱερὰν,
3503 3116 3790 3170 γεγυμνω-

2209 3202 2366 3274 μένον
2398 3201 2607 3264 κακῶς.

2276 3293 2590 3363 Ἐγκρατῶς
2640 3290 2997 3353 πολιτευθεὶς,
3029 3289 3137 3343 τῶν
3182 3284 3497 3354 eo).on
3535 3285 3565 3337 ὁ
3595 3282 3788 3352 δῆμος.

2203 3382 2303 3452 τῆς
2334 3382 2663 3451 ἐγκρατείας
2694 3381 2841 3451 ἡμᾶς
2870 3380 2932 3432 τὸ
2961 3378 3176 3432 στάδιον
3221 3373 3524 3441 ἐνδυναμοῦ
3574 3374 3791 3441 τρέχειν

2204 3472 2518 3537 ἀκωλύτως,
2553 3471 2630 3535 ὡς
2668 3471 2915 3541 κηρύξας
2965 3471 3058 3523 τὸν
3109 3466 3347 3538 Χριστὸν
3376 3467 3433 3517 ιν
3465 3464 3670 3533 σταδίῳ
3694 3466 3790 3516 ἀν-

2203 3563 2424 3634 δρικῶς,
2461 3563 2554 3616 καί⁸
2584 3564 2875 3633 παρεστὼς
2911 3562 3112 3633 βήματι
3147 3555 3515 3627 στεφηφορῶν
3539 3556 3599 3607 ἐν
3646 3556 3787 3623 φωτὶ

2206 3654 2345 3726 μετά
2368 3654 2614 3722 ἀγγέλων
2641 3653 2899 3724 Χριστοῦ.

2287 3743 2537 3808 ἰκεσίαις
2564 3748 2593 3798 ὁ
2620 3744 2750 3805 θεὸς
2792 3744 2900 3797 τῶν
2947 3744 3055 3797 σῶν
3099 3744 3271 3812 ἁγίων
3304 3742 3632 3814 μαρτύρων,
3664 3741 3791 3802 τοὺς

2203 3835 2565 3905 κοιμηθέντας
2616 3836 2842 3897 πιστοὺς
2887 3836 3102 3899 οἰκέτας
3149 3851 3277 3898 σου,
3304 3833 3398 3886 τοῦ
3453 3832 3791 3901 παραδείσου

2203 3927 2425 3989 πολίτας
2473 3926 2663 3991 δεῖξον,
2690 3926 2786 3977 καὶ
2835 3926 3011 3994 φωτὸς
3058 3925 3155 3978 τοῦ
3203 3924 3396 3993 νοητοῦ
3448 3921 3789 3989 καταξίωσον

2202 4016 2397 4079 αὐτοὺς
2424 4016 2714 4078 ἀπαύστως
2742 4016 2836 4069 τοῦ
2868 4016 2996 4087 βοᾷν
3023 4032 3125 4080 σοι,
3158 4011 3255 4080 Εὖ,
3291 4016 3321 4066 ὁ
3347 4014 3500 4078 Θεός.

2272 4103 2341 4156 Σὲ
2386 4105 2485 4173 τὴν
2540 4104 2735 4177 μόνην
2759 4104 2974 4175 ἀγαθὴν
3002 4102 3448 4173 ὲκδυσωποῦμεν,
3493 4101 3781 4172 Παρθένιο

2203 4194 2621 4262 κεκακωμένους
2650 4196 2796 4264 ἡμᾶς
2824 4194 3114 4261 ἀγάθυνον,
3142 4196 3239 4246 καὶ
3265 4192 3502 4256 ἐκτενῶς
3526 4194 3619 4245 τὸν
3646 4193 3785 4259 Χρι-

2206 4285 2329 4338 στὸν
2375 4284 2636 4349 δυσὼπει,
2668 4284 2828 4353 φύσει
2875 4284 3007 4338 ὄντα
3050 4284 3276 4353 ἀγαθὸν,
3321 4284 3651 4355 ἐγκρατείας
3692 4287 3785 4336 τὸν

2133 4382 2177 4437 1)
2203 4375 2412 4447 καιρὸν,
2442 4376 2511 4430 τά
2555 4375 2736 4444 ἀγαθά
2783 4374 3157 4446 πράττοντας.
3191 4377 3591 4449 ἀποπληρῶσαι
3615 4379 3781 4448 ἡμᾶς.

2207 4466 2638 4538 ὑμνολογοῦντας
2665 4466 2848 4522 αὐτόν.

2704 4558 2809 4611 Ἔν
2844 4557 2990 4625 πυρὶ
3027 4561 3277 4628 φλογός.

2270 4645 2671 4718 Μεγαλώνυμοι
2703 4649 2943 4720 Χριστοῦ
2970 4650 3066 4703 τοῦ
3091 4650 3230 4703 Θεοῦ
3263 4651 3357 4705 καὶ
3396 4652 3584 4703 σεπτοὶ
3618 4648 3785 4719 ἀθλη-

2200 4739 2313 4803 ταὶ,
2348 4738 2593 4803 ἅπαντας
2621 4743 2746 4805 τοὺς
2792 4740 2935 4795 κατά
2976 4743 3135 4812 χρέος
3168 4743 3570 4811 μεγαλύνοντας
3616 4744 3779 4813 ὑμᾶς.

2206 4828 2457 4899 μεγάλων
2482 4833 2842 4903 ἐγκλημάτων
2867 4834 2963 4887 καὶ
2996 4836 3107 4888 τῶν
3141 4837 3259 4888 ἐκεῖ
3301 4837 3551 4906 βασάνων
3579 4834 3783 4905 λυτρώ-

2205 4919 2392 4983 σασθε,
2427 4922 2581 4991 ὑμῶν
2615 4924 2750 4992 πρὸς
2775 4925 2936 4978 αὐτὸν
2968 4926 3250 4994 μεγίσταις
3281 4926 3515 4990 ἱκεσίαις

2286 5011 2625 5079 ’Δγιόλεκτον
2653 5014 2891 5085 Χριστοῦ
2917 5015 3011 5068 τοῦ
3066 5015 3207 5069 Θεοῦ
3245 5017 3340 5069 καὶ
3377 5019 3608 5089 στερρὸν
3655 5022 3788 5090 ὀλη-

2203 5102 2311 5166 θῶς
2360 5105 2693 5175 στράτευμα,
2746 5107 3040 5177 μαρτύρων
3086 5107 3268 5176 δῆμοι,
3310 5110 3576 5175 ἁγιάσατε
3629 5113 3783 5181 ἡμῶν

2202 5193 2295 5247 τδν
2324 5193 2448 5246 νοῦν
2483 5195 2577 5247 καὶ
2625 5196 2725 5258 τὰς
2773 5197 3019 5267 καρδίας,
3048 5199 3106 5250 ὲν
3154 5198 3379 5261 ταύταις
3425 5204 3549 5263 ταῖς
3603 5202 3783 5271 ἁγίαις

2203 5286 2438 5356 ἡμέραις
2464 5288 2561 5357 τῆς
2583 5288 2857 5356 νηστείας,
2886 5289 3040 5358 ὑμῶν
3073 5290 3260 5358 ἁγίαις
3290 5293 3544 5357 ἱκεσίαις.

2283 5377 2501 5448 Ῥετθρο,
2529 5378 2812 5447 βλὺξουσιν
2847 5380 3095 5448 ἀφέσεως
3118 5384 3182 5434 τὰ
3207 5383 3388 5452 ὑμῶν,
3419 5384 3676 5462 ἀθληταὶ,
3704 5386 3785 5441 ατ-

2206 5483 2355 5537 ματα
2398 5468 2493 5520 καὶ
2536 5467 2644 5519 τῶν
2677 5467 2945 5537 λειψάνων
2975 5470 3027 5523 οί
3061 5473 3209 5541 σοροὶ
3240 5471 3671 5541 θαυμαστικῶς·
3707 5475 3782 5529 διὸ

2200 5558 2328 5619 τοὺς
2378 5559 2748 5626 μεταστάντας
2777 5559 2855 5628 τῷ
2886 5560 3089 5633 ῥείθρῳ
3134 5561 3229 5616 τοῦ
3272 5563 3459 5629 ἐλέους
3501 5566 3779 5637 δροσίαατε

2205 5646 2520 5718 πρισσείαις
2554 5648 2708 5719 ὑμῶν
2730 5690 2746 5717 ,
2777 5652 3014 5723 Χριστοῦ
3042 5653 3498 5728 συγκληρονόμοι.
