3898 6320
454 245 599 312 2895
1407 238 1471 313 S.
1505 251 1925 314 SOPHRONII
1959 251 2460 317 PATRIABCIIAS
2491 238 2894 323 “112110301;
3278 252 3281 257 '
3626 268 3761 329 sses

455 360 503 413 si
531 356 654 412 nilis
679 368 780 427 per
802 353 1265 426 desperationem,
1306 361 1485 423 tuum,
1552 353 1705 423 Iesu,
1726 373 1860 432 rogo
1880 373 2002 433 aspe

2138 357 2323 428 ξεσθαι
2362 363 2572 433 μέλλων
2599 366 2666 453 δι’
2684 364 3053 436 ἀπογνώσεως
3082 368 3183 439 τῆς
3213 368 3343 440 σῆς,
3397 371 3619 441 Ἰησοῦ,
3642 376 3757 427 2:.-

452 458 603 502 ctum
631 460 741 517 quo
769 444 1121 502 vivificantur
1149 445 1481 503 invocantes
1500 454 1574 503 te.

2144 453 2391 524 σκέψεως
2416 455 2604 528 δέομαι
2630 444 2730 529 τῆς
2760 460 3132 533 ζωοποιούσης
3152 462 3277 526 τοὺς
3307 464 3371 516 σὲ
3398 468 3751 534 προσκαλείσ-

2146 544 2359 614 μένους.

2213 634 2463 706 Παναγία
2494 636 2764 707 Παρθένε,
2795 638 2857 693 σύ
2895 658 2962 712 με
2984 642 3253 696 διάσωσον
3283 644 3383 715 τῆς
3408 646 3559 715 ἐμῆς
3583 648 3743 700 ἀσθε-

453 712 637 766 mitate
668 725 824 776 mea;
859 712 1122 767 auxilium
1153 726 1334 767 meum
1366 714 1466 777 sis,
1494 711 1744 769 Geuitrix
1772 715 1920 770 illius
1939 731 2002 788 qu

2147 726 2296 794 νείας
2318 747 2330 759 ·
2362 730 2517 799 γενοῦ
2550 731 2794 802 βοήθεια,
2818 735 2850 804 ἠ
2882 711 2974 787 τὸν
3000 734 3230 807 θελητὴν
3258 711 3356 791 τοῦ
3388 711 3583 803 ἐλέους
3607 743 3741 812 ni;-

450 805 591 859 vult'
629 803 1067 860 misericordiam
1111 810 1168 860 et
1224 820 1387 875 quem
1439 806 1916 877 superexaltantus
1979 809 2002 863 i:

2138 838 2304 887 σασα,
2333 820 2394 877 ὃν
2437 803 2928 897 ὕπερυψοῦμενείς
2958 803 3167 891 πάντας
3186 803 3324 893 τοὺς
3355 831 3599 896 αἰῶνας.

449 897 633 953 omnia
672 898 894 953 sarcula.

695 987 866 1043 Deum
899 987 1195 1043 hominibus
1223 988 1396 1044 videre
1425 988 1776 1059 impossibile.

522 620 885 678 Sanctissima
911 620 1101 690 Virgo,
1139 627 1197 677 tu
1245 637 1332 678 me
1389 623 1600 678 salvum
1647 623 1734 680 fac
1772 624 1842 680 ab
1883 625 2038 680 intir-

2416 999 2567 1055 Θεὸν
2586 1001 2918 1072 ἀνθρώποις
2943 1005 3093 1061 ἰδεῖν
3117 1006 3445 1068 ἀδύνατον.

518 1077 660 1136 Olim
696 1081 971 1136 hominem
1002 1080 1399 1152 protoplastum
1431 1089 1629 1154 gustus
1662 1097 1888 1139 amarus
1923 1083 1999 1139 mi

2205 1089 2279 1144 Τὸ
2308 1089 2438 1162 πρὶν
2458 1090 2549 1147 τὸν
2575 1092 2867 1165 ἄνθρωπον
2905 1096 2997 1150 τὸν
3026 1098 3488 1170 πρωτόπλαστον,
3549 1105 3739 1172 γεῦσις

448 1188 571 1229 sere
599 1172 861 1243 paradiso
905 1173 1134 1243 expulit,
1166 1180 1222 1229 et
1266 1174 1461 1229 mortis
1499 1173 1717 1245 laqueis
1746 1173 1987 1244 subjecit

2138 1179 2308 1252 πικρά
2333 1179 2526 1245 δεινῶς
2568 1180 2663 1235 τοῦ
2718 1184 3049 1254 παραδείσου
3080 1186 3280 1253 ἐξέωσε
3334 1191 3437 1244 καὶ
3497 1191 3737 1249 θανάτου

445 1263 655 1334 jejuna,
684 1279 716 1319 ο
744 1264 928 1319 anima
964 1278 1108 1327 mea.
1142 1263 1267 1335 fuge
1301 1264 1689 1336 imitationem,
1732 1264 1857 1337 fuge
1893 1263 1999 1320 deli

2138 1273 2242 1334 τοῖς
2293 1271 2509 1343 βρόχοις
2563 1273 2858 1339 ὑπέζευξε·
2900 1276 3238 1345 νήστευσον,
3293 1274 3339 1335 ὧ
3389 1282 3546 1353 ψυχή
3611 1303 3733 1355 μου,

449 1357 659 1412 ciarum
691 1355 1024 1426 voluptatem
1055 1354 1346 1412 fecundam
1376 1354 1680 1415 doloribus.

2138 1362 2301 1432 φεῦγε
2318 1363 2417 1434 τῆν
2445 1364 2700 1438 μίμησιν,
2731 1366 2899 1437 φεῦγε
2927 1368 3030 1438 τῆς
3049 1371 3264 1443 τρυφῆς
3285 1372 3385 1444 τὴν
3415 1375 3733 1449 ﬁdos-hui}:

2130 1452 2490 1509 πολυὼδυνον.

517 1532 574 1587 1η
618 1541 802 1588 mente
850 1532 1169 1601 concipiens
1216 1540 1369 1588 tuum
1413 1533 1656 1589 tribunal
1689 1543 1743 1591 et
1781 1534 2002 1590 flamma

2199 1545 2295 1609 Είς
2326 1545 2452 1600 νοῦν
2487 1545 2783 1618 λαμϐάνων
2816 1566 2910 1603 σου
2935 1551 2997 1606 τὸ
3023 1554 3310 1625 κριτήριον
3332 1558 3430 1610 καὶ
3469 1560 3578 1630 τῆς
3605 1562 3731 1631 φλο-

443 1625 841 1692 intolerabiles,
867 1624 1040 1680 Judex
1069 1626 1396 1695 justissime,
1424 1629 1693 1698 meipsum
1723 1630 2002 1685 condemnt

2138 1634 2224 1704 γδς
2251 1636 2313 1689 τὸ
2366 1636 2649 1706 ἄπεκτον,
2685 1640 2865 1712 Κριτά
2891 1624 3222 1712 δικαιότατε,
3276 1624 3539 1718 ἐμαυτὸν-
3559 1624 3730 1708 κατα-

440 1726 568 1771 ante
611 1715 921 1782 judicium;
958 1730 1128 1785 paveo
1177 1716 1324 1769 enim
1376 1725 1428 1771 et
1462 1718 1851 1784 contremisco,
1897 1733 2002 1774 cun

2138 1730 2305 1802 κρίνω
2326 1731 2433 1801 πρὸ
2466 1703 2701 1802 κρίσεως
2722 1703 2975 1787 ’.δέδοικα
3011 1734 3121 1807 γὰρ
3169 1703 3267 1792 καὶ
3285 1703 3481 1812 τρέμω

439 1808 707 1862 immense
745 1815 937 1861 contra
973 1815 1022 1860 te
1072 1806 1417 1876 deliquerim,
1467 1808 1614 1863 sicut
1668 1809 1854 1866 nullus
1882 1810 2024 1889 alius

438 1913 603 1969 super
632 1905 831 1952 terram
856 1914 871 1962 ;
901 1906 1236 1968 quapropter
1281 1900 1546 1954 miserere
1576 1899 1705 1955 mei.

506 1990 883 2061 Cupiditatum
918 1989 1203 2046 abluamus
1248 1990 1539 2061 caliginem
1579 1992 1874 2051 luminosis
1900 2010 2024 2067 pre-

438 2082 615 2146 cibus,
666 2091 720 2136 et
776 2082 1042 2135 virtutum
1099 2096 1287 2137 ramos
1340 2093 1622 2154 portantes
1669 2085 1885 2141 obviam
1944 2087 2002 2141 in

2138 2102 2270 2171 ίαῖς,
2303 2103 2397 2156 καὶ
2429 2082 2893 2174 ἀρετῶν
2923 2082 3183 2182 φέροντες

436 2174 663 2230 Christo
704 2173 1049 2241 festinemus,
1096 2174 1191 2244 qui
1218 2176 1426 2244 pullum
1488 2192 1636 2233 nunc
1686 2192 2022 2235 conscensu-

437 2281 533 2320 rus
562 2272 913 2335 exspectatur
950 2276 1002 2320 et
1034 2267 1143 2337 pati
1182 2275 1406 2337 paratus
1436 2275 1519 2322 est
1572 2268 1641 2323 ad
1697 2270 2016 2328 salvandum

435 2374 559 2413 1103.

504 2454 585 2510 Ex
619 2463 694 2523 te,
731 2456 914 2528 Virgo.
953 2454 1044 2510 Dei
1087 2456 1259 2525 gratia
1305 2456 1486 2526 plena,
1532 2455 1619 2512 his
1646 2455 1739 2527 qui
1772 2457 1828 2511 in
1862 2465 2019 2513 nocte

433 2548 703 2603 malorum
754 2548 1086 2605 tenebantur
1138 2556 1364 2601 exortus
1430 2555 1515 2603 est
1588 2549 1728 2605 lucis
1770 2559 1823 2604 et
1866 2551 2017 2620 pacis

438 2639 683 2697 Christus
734 2641 1032 2709 choragus,
1093 2638 1320 2693 incuriae
1370 2641 1866 2709 transgressionem
1901 2643 2016 2697 sol-

432 2744 568 2786 vens
596 2738 650 2786 et
686 2731 1116 2801 redemptionem
1146 2730 1307 2785 nobis
1338 2731 1626 2787 manifeste
1661 2731 1923 2803 largiens.

712 2905 953 2962 Sterilem
985 2908 1225 2976 effectam
1257 2924 1423 2962 meam
1462 2920 1708 2966 mentem.

500 2996 714 3055 Virtute
758 3002 942 3057 crucis
992 3013 1099 3059 tuae
1148 3006 1349 3061 robora
1397 3016 1637 3062 mentem
1667 3023 1845 3065 meam
1892 3026 2013 3082 qua:

424 3090 631 3146 viribus
662 3093 843 3149 deficit
868 3096 1142 3164 perversis
1163 3098 1690 3168 oppugnationibus,
1723 3108 1780 3157 et
1809 3102 1877 3159 ad
1912 3121 2011 3159 vo-

426 3184 688 3238 luntatem
717 3193 864 3239 tuam
896 3185 1091 3257 dirige,
1123 3186 1370 3246 Domine.

508 3277 740 3333 Desidiae
786 3294 982 3334 somno
1041 3295 1207 3348 super
1283 3282 1624 3355 voluptatum
1680 3286 1823 3345 lecto
1881 3290 2012 3346 dor-

422 3369 679 3425 mientem
715 3385 800 3426 me
846 3371 1071 3434 suscita.
1121 3371 1363 3441 Christe,
1404 3382 1460 3431 et
1503 3384 1610 3433 tua:
1656 3379 2006 3438 adoratorem

423 3462 696 3532 passionis
723 3464 972 3519 ostende.
1005 3469 1024 3485 ‘

491 3554 638 3610 Clari
674 3557 727 3611 in
757 3557 1047 3612 animabus
1076 3555 1255 3613 effecti
1290 3573 1388 3629 per
1427 3559 1718 3631 jejunium,
1749 3565 1871 3636 puri
1907 3567 2008 3624 ob—

423 3645 562 3700 viam
587 3648 666 3703 ire
693 3648 918 3705 Christo
935 3663 1314 3721 properemus,
1329 3652 1418 3722 qui
1435 3650 1739 3712 Jerusalem
1766 3657 1822 3715 in
1840 3672 2006 3717 carne

419 3739 658 3796 advenit.

489 3831 691 3889 Malitia
746 3836 951 3893 inimici
993 3839 1176 3895 anima
1208 3842 1427 3899 occisus
1460 3843 1515 3899 in
1559 3846 1771 3911 tumulo
1818 3849 2004 3904 multae

420 3926 765 3998 negligentiae
790 3928 950 4001 jaceo
972 3948 989 4000 ;
1014 3931 1110 3989 sed
1139 3934 1413 4002 accelera,
1450 3935 1692 4009 Christe,
1728 3941 1796 3996 ad
1825 3942 2003 3999 susci-

420 4018 643 4073 tandum
673 4036 778 4076 me.

487 4108 709 4169 Minime
772 4119 1057 4179 combusta
1125 4128 1252 4199 igne
1292 4129 1619 4196 divinitatis,
1679 4129 1974 4199 purissima

418 4201 681 4259 eombure
710 4211 1020 4269 materiales
1046 4221 1363 4287 cupidinum
1398 4221 1651 4291 impetus,
1682 4229 1743 4276 ut
1771 4230 1826 4277 te
1853 4238 1999 4279 sem-

417 4308 535 4363 per,
571 4294 760 4364 Virgo,
797 4300 1119 4370 glorificent.

920 4398 1025 4466 Qui
1055 4404 1111 4459 in
1135 4405 1264 4461 rubo
1293 4406 1488 4480 Moysi.

484 4481 569 4555 Ab
635 4485 828 4547 humili
893 4497 1076 4550 anima
1133 4514 1251 4555 mea
1280 4502 1511 4571 lapidem
1540 4518 1748 4576 magna:
1774 4506 1997 4563 desidia:

417 4589 605 4633 amore
638 4580 1026 4649 gravissimum
1054 4603 1209 4655 erue,
1244 4591 1479 4661 Christe,
1518 4600 1574 4649 et
1604 4597 1782 4653 excita
1815 4610 1903 4653 me
1929 4596 1997 4653 de

418 4670 628 4723 tumulo
658 4673 1119 4747 insensibilitatis,
1159 4684 1380 4752 quivita
1411 4701 1472 4742 es
1500 4687 1773 4743 omnium.

486 4758 568 4813 Ad
595 4758 862 4830 Iudaeam,
892 4765 1130 4836 Christe,
1163 4770 1358 4827 iterum
1391 4775 1545 4831 venis
1577 4786 1910 4846 quaarentem
1942 4787 1995 4835 te

414 4848 621 4921 lignum
648 4852 777 4907 vita:
807 4870 902 4925 per
931 4856 1138 4928 lignum
1168 4860 1378 4931 tollere,
1404 4864 1727 4924 desiderans
1765 4867 1993 4924 immor-

416 4941 552 4997 tales
582 4941 811 5000 reddere
843 4948 1060 5005 occisos
1090 4952 1221 5023 ligni
1255 4956 1699 5015 manducatione.

485 5031 664 5087 Amici
730 5045 959 5091 mortem
1016 5040 1126 5096 tuis
1175 5051 1359 5099 notam
1418 5043 1636 5112 fecisti;
1690 5062 1850 5119 quem
1896 5065 1993 5119 per

415 5122 627 5179 viscera
676 5127 1090 5197 misericordia,
1136 5136 1401 5204 praescius
1448 5145 1502 5192 et
1542 5139 1702 5207 Deus,
1752 5144 1991 5197 suscita-

416 5224 573 5269 turus
616 5232 741 5273 eras
806 5222 999 5277 amicis
1029 5226 1245 5282 tumulo
1274 5228 1697 5298 quatriduanum
1745 5232 1801 5287 in
1839 5240 1989 5289 tuam

414 5307 899 5377 glorificationem.
1166 5366 1167 5369 η

485 5398 542 5454 1η
586 5408 658 5466 te,
706 5401 866 5474 Virgo
919 5421 1081 5477 pura,
1130 5423 1256 5464 vere
1286 5421 1565 5481 spectatus
1594 5424 1679 5472 est
1723 5419 1989 5476 transitus

413 5485 507 5543 Dei
537 5490 634 5559 qui
664 5498 811 5548 tuam
841 5498 1143 5553 custodivit
1185 5502 1505 5571 puritatem,
1547 5508 1835 5567 manifeste
1865 5520 1989 5582 post

415 5587 630 5645 partum
660 5583 840 5654 sigillo
868 5586 1139 5661 signatam
1174 5591 1228 5649 in
1263 5596 1447 5651 omnia
1477 5603 1697 5658 saecula.

2131 1824 2364 1888 πταίσας
2422 1843 2505 1879 σοι
2548 1826 2626 1889 ὡς
2662 1825 2820 1890 ἀλλος
2871 1825 3048 1891 οὐδεὶς
3106 1829 3201 1883 ἐπὶ
3233 1830 3338 1900 τῆς
3364 1833 3477 1904 γῆς
3497 1854 3514 1869 ο
3544 1838 3631 1891 διό
3662 1859 3725 1910 με

2127 1917 2275 1972 οἴκτε
2285 1936 2299 1970 ι
2305 1935 2416 1989 ρον.

2197 2010 2398 2066 Παθῶν
2422 2013 2780 2087 ὲκπλύνωμεν
2824 2018 3181 2093 ἀμαυρότητα
3229 2027 3602 2092 φωτιστικαῐς
3640 2027 3723 2080 εύ-

3236 2113 3559 2185 ὐπαντῆσαι
3594 2118 3720 2186 Χρι-

2128 2191 2237 2263 στῷ
2266 2194 2709 2268 ὲπισπεύσωμεν,
2775 2201 2942 2273 πώλῳ
2975 2204 3421 2277 προσδοκωμένῳ
3471 2208 3572 2263 νῦν
3602 2211 3715 2263 ἔπι-

2125 2280 2388 2353 ϐήσεσθαι
2444 2287 2851 2364 ὲτοιμαζομένῳ
2882 2311 2943 2348 τε
3002 2294 3235 2361 παθεῖν,
3290 2296 3384 2351 διὰ
3428 2299 3495 2352 τὸ
3548 2300 3717 2353 σῶσαι

2121 2379 2288 2449 ἡμᾶς·

2209 2471 2304 2525 Ἐκ
2335 2472 2452 2539 σοῦ,
2478 2474 2723 2545 Παρθένε
2755 2477 3139 2548 θεοχαρίτωτε,
3191 2485 3307 2547 τοῖς
3344 2486 3402 2538 ὲν
3425 2488 3590 2541 νυκτὶ
3614 2490 3715 2541 δει-

2121 2564 2228 2617 νῶν
2260 2568 2696 2639 κεκρατημένοις
2744 2570 3019 2625 ἀνέτειλεν
3069 2575 3099 2626 ό
3128 2575 3308 2642 φωτὸς
3339 2578 3439 2632 καὶ
3493 2582 3716 2650 εἰρήνης

2119 2655 2357 2726 Χριστὸς
2409 2659 2645 2729 χορηγὸς
2678 2661 2778 2731 τὴν
2810 2658 2873 2725 ἐξ
2898 2661 3235 2733 ἀπροσεξίας
3283 2664 3435 2718 λύων
3471 2669 3715 2738 παράῆ

2122 2766 2236 2815 σιν,
2296 2750 2392 2804 καὶ
2425 2751 2522 2821 τὴν
2574 2752 2955 2824 ἀπολύτρωσιν
2996 2755 3131 2824 ἡμῖν
3191 2756 3385 2827 σαφῶς
3426 2757 3711 2830 δωρούμε-

2118 2859 2226 2906 νος.

2465 2936 2861 3003 Στειρωθέντα
2883 2954 3002 3006 μου
3037 2939 3144 2992 τὸν
3171 2939 3345 2995 νοῦν.

2190 3024 2268 3094 Τῇ
2295 3024 2520 3096 δυνάμει
2548 3025 2643 3079 τοῦ
2669 3027 2906 3095 σταυροῦ
2957 3028 3282 3098 δυναμώσας
3309 3049 3415 3101 μου
3439 3033 3542 3085 τὸν
3570 3032 3709 3098 νοῦν,

2117 3111 2505 3176 ἐξασθενοῦντα
2537 3115 2862 3182 προσϐολαῖς
2906 3120 3173 3189 πονηραῖς
3198 3119 3338 3191 πρὸς
3386 3121 3450 3173 τὸ
3501 3122 3710 3195 θέλημα

2112 3203 2173 3257 τὸ
2197 3204 2288 3258 σὺν
2324 3204 2521 3273 ἴθυνον,
2545 3207 2742 3279 Κύριε.

2195 3296 2495 3369 Ῥᾳθυμίας
2511 3302 2810 3372 νυσταγμῷ
2830 3302 2922 3356 ἐπὶ
2939 3303 3126 3372 κλίνης
3151 3305 3358 3376 ἡδονῶν
3376 3306 3708 3363 καθεύδοντά

2113 3405 2183 3459 με
2214 3389 2594 3461 διανάστησον,
2627 3394 2854 3463 Χριστὲ,
2892 3396 2985 3449 καὶ
3014 3395 3123 3452 τῶν
3180 3397 3290 3452 σῶν
3315 3402 3705 3472 προσκυνητὴν

2110 3480 2299 3535 παθῶν
2327 3481 2626 3547 ἀνάδειξον.

2178 3572 2637 3644 Λαμπρυνθέντες
2693 3575 2791 3639 τὰς
2818 3577 2996 3647 ψυχὰς
3045 3580 3114 3648 τῇ
3154 3578 3417 3651 νηστείᾳ,
3468 3582 3699 3652 καθαροὶ

2108 3664 2563 3736 προσυπαντῆσαι
2596 3667 2941 3739 ὲπειχθῶμεν
2967 3669 3190 3741 Χριστῷ
3211 3671 3350 3741 πρὸς
3380 3672 3482 3742 τὴν
3507 3675 3699 3745 Ἰερου-

2106 3756 2291 3826 σαλὴμ
2320 3757 2677 3828 ἐπιδημοῦντι
2708 3760 2895 3831 σαρκί.

2176 3846 2252 3919 Τῇ
2286 3848 2456 3921 κακίᾳ
2479 3848 2677 3921 ἐχθροῦ
2700 3852 2799 3922 τὴν
2851 3850 3029 3922 ψυχὴν
3066 3850 3406 3918 θανατωθεὶς
3433 3856 3493 3909 ὲν
3542 3859 3696 3928 τάςῳ

2103 3941 2288 4011 κεῖμαι
2329 3941 2591 4012 ἀμελείας
2625 3943 2827 4015 πολλῆς
2850 3961 2863 3974 ·
2900 3944 3037 4001 ἀλλά
3065 3945 3316 4017 τάχυνον,
3339 3949 3571 4019 Χριστὲ,
3605 3954 3695 4019 ὲξ-

2101 4033 2407 4103 αναστῆσαί
2441 4051 2528 4104 με.

2171 4125 2262 4195 Μὴ
2293 4124 2580 4196 φλεχθείσα
2611 4126 2689 4199 τῷ
2719 4127 2853 4200 πυρὶ
2881 4128 2980 4200 τῆς
3008 4128 3283 4201 θεότητος,
3317 4132 3481 4206 ἁγνὴ,
3517 4140 3688 4193 κατά-

2100 4212 2293 4285 φλεξόν
2351 4233 2451 4287 μου
2500 4217 2601 4281 τὰς
2658 4219 2881 4284 ὑλώδεις
2927 4224 3109 4294 ὁρμὰς
3150 4224 3263 4280 τῶν
3302 4227 3517 4298 παθῶν,
3544 4230 3688 4294 ὅπως

2097 4307 2205 4374 ἀεὶ,
2239 4308 2416 4379 Κόρη,
2449 4309 2657 4375 δοξάζω
2691 4328 2776 4369 σε.

2526 4401 2638 4456 Τὸν
2666 4404 2737 4457 ἐν
2766 4405 2841 4474 τῇ
2853 4407 3025 4475 ,βάτῳ
3046 4410 3300 4480 Μωῡσῆ.

2170 4490 2281 4561 Τῆς
2306 4491 2567 4562 ταπεινῆς
2595 4510 2695 4563 μου
2721 4494 2902 4567 ψυχῆς
2918 4498 3009 4551 τὸν
3041 4498 3343 4573 βαρύτατον
3394 4502 3565 4570 λίθον,
3586 4504 3684 4573 τῆς

2097 4581 2273 4651 δεινῆς
2301 4582 2576 4654 ῥᾳθυμίας
2605 4584 2957 4657 ἀποκύλισον,
2983 4591 3206 4661 Χριστὲ,
3231 4594 3328 4646 καὶ
3357 4593 3573 4666 ἔγειρὸν
3619 4614 3683 4666 με

2096 4674 2266 4741 τάφου
2293 4673 2388 4727 τοῦ
2418 4676 2515 4746 τῆς
2536 4676 2916 4748 ἀναισθησίας,
2944 4683 2978 4753 ἡ
3006 4682 3121 4754 ζωὴ
3146 4684 3254 4737 τῶν
3277 4686 3558 4741 ἀπάντων.

2168 4765 2312 4836 Πρὸς
2352 4767 2637 4835 Ἰουδαίαν,
2662 4769 2887 4843 Χριστὲ,
2920 4772 3081 4826 πάλιν
3108 4773 3244 4845 ἔρχῃ
3270 4774 3545 4845 ζητοῦσαν
3586 4778 3681 4848 τῆς

2096 4855 2239 4926 ζωῆς
2267 4872 2327 4908 σε
2348 4856 2409 4909 τὸ
2435 4856 2592 4921 ξύλον
2610 4859 2699 4913 διά
2729 4858 2886 4923 ξύλου
2941 4863 3169 4931 ἀνελεῖν,
3204 4867 3382 4919 ποθῶν
3426 4868 3682 4922 ἀθανατίε

2097 4962 2186 5000 σαι
2214 4948 2339 5011 τοὺς
2366 4948 2845 5022 τεθανατωμένους
2873 4955 2939 5026 τῇ
2967 4954 3059 5007 διὰ
3089 4955 3247 5020 ξύλου
3288 4957 3510 5029 βρώσει.

2164 5039 2407 5094 Θάνατον
2441 5041 2597 5110 φίλου
2634 5045 2748 5108 τοῖς
2768 5049 2884 5110 σοῖς
2918 5047 3302 5118 προεδήλωσας
3332 5051 3535 5119 φίλοις·
3592 5054 3678 5108 διὰ

2098 5128 2385 5201 σπλάγχνα
2418 5131 2605 5196 ἐλέους
2630 5136 2659 5187 ό
2684 5135 3044 5207 προγνώστης
3072 5140 3165 5190 καὶ
3195 5139 3329 5202 Θεὸς
3369 5139 3429 5192 δν
3456 5140 3676 5209 ἔμελλες

2090 5221 2328 5291 ἐγείρειν
2353 5223 2419 5276 ὲκ
2446 5223 2618 5291 τάφου
2668 5228 2986 5298 τεταρταῖον
3009 5229 3089 5291 είς
3139 5227 3237 5301 σὴν
3273 5228 3601 5299 δοξολογίαν.

2175 5417 2262 5469 Ἐν
2290 5419 2394 5484 σοὶ,
2449 5421 2700 5494 Παρθένε
2746 5424 2909 5495 ἁγνὴ,
2961 5426 3331 5498 τεθεώρηνται
3368 5430 3536 5494 ὅντως
3581 5436 3670 5484 τοῦ

2092 5508 2228 5562 Θεοῦ
2285 5512 2342 5564 αἱ
2370 5517 2585 5585 πορεῖαι
2637 5516 2731 5569 τοῦ
2782 5517 3120 5586 φυλάξαντος
3152 5521 3251 5590 τὴν
3300 5520 3400 5591 σὴν
3455 5523 3672 5591 ἁγνείαν

2094 5601 2232 5670 μετά
2260 5604 2417 5660 τόκον
2448 5607 2892 5679 ὲσφραγισμὲνην
2940 5608 3128 5679 σαφῶς
3158 5613 3241 5674 είς
3282 5612 3493 5677 πάντας
3548 5614 3668 5669 τοῦ·

2095 5693 2319 5760 αίῶνας.

3856 3876 3861 3989 Α

3856 4010 3861 4119 Ι

3855 4172 3861 4415 1
