3964 6322
570 287 714 354 3903

1401 301 1460 363 S.
1501 305 1921 372 SOPHRONII
1961 311 2467 377 PATRIARCHIE
2497 315 2906 383 HIEROSOL.

3715 326 3834 389 ml

564 398 758 454 ritales
807 399 1119 474 lampades;
1169 421 1408 478 sponsus
1444 415 1587 470 enim
1639 418 1822 475 subito
1877 435 2121 492 superve'

2240 425 2478 497 ψυχικάς
2517 428 2842 498 λαμπάδαςο
2876 430 2905 484 ό
2923 430 3157 502 νυμφίος
3184 431 3297 505 γάρ
3323 433 3604 504 ἐξαίφνης
3631 434 3829 504 ἐφεστα-

562 492 680 559 nit;
741 509 810 548 ne
860 493 1116 565 imparati
1173 505 1514 571 reperiamur
1587 509 1794 567 frustra
1853 515 2138 585 pulsantes

556 580 807 650 jamtam,
839 598 948 640 non
979 587 1130 658 digni
1161 589 1334 648 habiti
1367 600 1776 668 compassione.

631 669 956 730 Praecedunt
995 678 1253 751 discipuli
1283 685 1384 748 tui,
1435 686 1503 741 ad
1536 692 1844 757 passionem
1877 695 2134 751 volunta-

558 760 696 816 riam
727 771 779 818 te
806 765 1156 826 festinantem
1201 775 1471 843 videntes,
1510 779 1747 838 Verbum
1793 783 1928 853 Dei;
1961 787 2137 844 Judas

556 853 797 919 perﬁdus
832 869 989 926 parat
1038 862 1243 934 iniquis
1288 869 1518 937 prodere
1540 882 1591 926 te
1631 888 1665 927 ‘a
1704 875 1864 946 cujus
1889 879 2130 934 amentia

553 953 608 998 et
636 946 999 1007 obduratione
1030 969 1218 1012 omnes
1250 975 1465 1018 amove.

627 1033 824 1092 Filium
856 1049 912 1095 et
943 1039 1179 1100 Verbum
1212 1047 1388 1106 Patris
1435 1068 1597 1122 quem
1631 1071 1864 1128 corpore
1899 1058 2120 1116 donasti

554 1139 622 1181 ex
659 1136 754 1182 tuo
782 1145 923 1200 puro
953 1138 1242 1206 sanguine,
1299 1141 1461 1213 Virgo
1508 1143 1760 1212 Domina,
1793 1149 1861 1204 ad
1909 1152 2127 1222 passio-

551 1228 678 1271 nem
726 1216 1078 1278 festinantem
1127 1242 1288 1297 quam
1333 1231 1564 1289 sutl'erre
1609 1236 1853 1293 decrevit
1903 1216 2122 1296 miscri-

549 1304 798 1362 corditer
845 1309 1088 1381 intuens,
1115 1318 1442 1390 vulneraris,
1477 1324 1623 1381 illius
1653 1327 2124 1399 longanimitatem

550 1397 895 1468 gloriﬁcans.

951 1497 1130 1556 Venite
1146 1545 1161 1570 ,
1191 1505 1373 1574 populi
1393 1549 1408 1573 ,
1441 1519 1732 1568 cantemus.

631 1580 958 1644 Perversum
989 1593 1151 1649 modo
1173 1609 1564 1670 congregatum
1595 1612 1682 1659 est
1703 1605 2025 1673 concilium,
2065 1616 2122 1663 et

545 1687 804 1742 perversa
836 1683 1129 1740 meditatur
1159 1688 1225 1742 ad
1262 1691 1623 1748 occidendum
1671 1705 1750 1760 te,
1785 1697 1950 1752 vitam
2003 1713 2122 1753 om-

543 1766 696 1820 nium
729 1767 924 1826 Judam
955 1789 1390 1850 cooperatorem,
1422 1783 1668 1848 Christe,
1704 1789 2007 1859 accipiens.

629 1857 856 1930 Leprosi
916 1865 1045 1922 olim
1095 1885 1249 1926 coena
1315 1875 1754 1946 propitiatorium
1825 1857 1968 1938 facta
2033 1894 2119 1942 est

539 1949 798 2004 omnibus
834 1953 1073 2024 largiens
1102 1961 1571 2032 propitiationem,
1613 1984 1778 2039 quam
1827 1971 2114 2031 inveniens

539 2041 798 2096 meretrix
851 2057 1235 2108 sescentorum
1315 2055 1640 2114 delictorum
1709 2061 2112 2120 absolutionem

534 2133 919 2200 consequitur.

601 2220 706 2286 Qui
741 2225 886 2295 leges
924 2234 1048 2284 tuas
1087 2245 1196 2287 non
1225 2237 1462 2291 servavit
1510 2239 1700 2307 miser,
1740 2242 1968 2298 avaritia
2015 2259 2108 2315 pe-

530 2311 641 2375 riit,
680 2322 736 2367 et
782 2319 1013 2386 prodere
1063 2331 1117 2378 te
1170 2325 1460 2386 homicidis
1523 2332 1734 2402 cogitat
1779 2332 1978 2402 ludas,
2015 2311 2107 2392 la-

527 2413 729 2467 queum
790 2405 1030 2462 vicissim
1056 2415 1314 2470 sortiens.
1705 2455 1737 2466 κ

599 2489 886 2556 Quomodo
929 2511 1150 2568 propter
1183 2520 1284 2560 nos
1315 2507 1382 2561 ad
1418 2509 1742 2578 patiendum
1775 2514 1955 2581 venis,
1999 2530 2103 2586 op-

525 2579 699 2637 time?
749 2583 1036 2650 Quomodo
1068 2593 1136 2646 ad
1182 2598 1426 2653 tribunal
1461 2601 1618 2658 Pilati
1660 2605 1810 2659 velut
1847 2579 2103 2676 judican.

520 2671 627 2728 dus
679 2677 929 2735 accidere
969 2685 1244 2741 sustines?
1308 2688 1576 2749 immensa
1634 2694 1824 2751 divitia
1849 2671 2098 2755 'miseri-

519 2764 722 2818 cordia
757 2773 884 2823 tuae.

591 2853 667 2910 De
705 2865 756 2912 te
801 2861 955 2927 olim,
993 2863 1160 2938 Virgo
1187 2869 1494 2941 impolluta,
1525 2887 1746 2935 cantata
1799 2886 2095 2956 propheta-

517 2958 640 3000 rum
669 2949 833 3005 verba
877 2953 1099 3024 impleta
1135 2970 1299 3028 sunt;
1339 2968 1540 3022 etenim
1571 2949 1817 3039 genuisti
1853 2949 2093 3036 verbum

515 3034 572 3089 in
606 3053 771 3095 carne
797 3045 1106 3103 voluntarie
1152 3053 1438 3119 passiones
1469 3061 1772 3119 sustinens.

799 3129 865 3186 In
895 3136 1163 3204 profunda
1196 3142 1461 3210 quondam
1489 3154 1804 3216 prostrauit.

508 3493 710 3550 cedens
739 3497 1006 3557 devinctis
1039 3518 1068 3556 a
1092 3507 1313 3574 saeculo,
1347 3518 1607 3584 tanquam
1643 3517 1940 3578 humanus.

578 3583 636 3638 In
666 3593 900 3646 mortuis
925 3593 1082 3651 visus
1128 3612 1254 3652 cum
1284 3603 1488 3671 anima,
1525 3610 1806 3666 occisione
1834 3613 2090 3671 volunta-

505 3676 592 3731 ria
623 3680 676 3733 in
710 3696 876 3738 carne
924 3698 1165 3757 recepta,
1201 3691 1444 3764 Christe,
1478 3699 1690 3758 animas
1741 3705 1983 3765 Iiberastl
2029 3720 2087 3768 et

504 3777 846 3844 congregasti
867 3785 933 3832 'et
959 3779 1080 3843 luce
1101 3782 1411 3854 illustrasti,
1439 3792 1593 3847 solus
1615 3793 1780 3850 vitam
1809 3801 2082 3868 praebens.

501 3858 716 3918 Pascha
749 3871 1058 3926 venerabile
1085 3883 1139 3929 et
1167 3879 1568 3947 expiatorium.

575 3955 890 4017 lmmolatus
920 3977 1094 4035 agnus
1126 3977 1348 4038 propter
1393 3987 1516 4041 nos,
1568 3973 1780 4034 Pascha
1832 3982 2078 4044 salutare

497 4061 568 4102 ex
612 4053 842 4108 mortuis
894 4070 1186 4129 resurgens
1237 4061 1419 4133 hodie,
1474 4065 1748 4126 infernum
1797 4077 2075 4145 captivum

2241 536 2332 574 ται
2353 537 2368 552 ⁸
2411 522 2486 593 μὴ
2521 523 2798 595 ἀνέτοιμοι
2837 523 3154 596 sspitem
3176 567 3191 590 ,
3249 527 3494 597 ἀνόνητα
3556 528 3829 599 κρούοντες

2239 609 2339 679 τήν
2363 610 2552 683 θύραν,
2592 613 2688 668 καὶ
2728 614 2806 686 μή
2836 615 3180 687 συμπαθείας
3208 619 3552 690 ἀξιούμενοι.

2311 703 2752 777 Προπορεύονταί
2779 724 2874 761 σου
2893 709 3155 780 μαθηται,
3188 713 3364 778 πάθος
3389 717 3532 786 πρὸς
3565 716 3824 782 ἑκούσιον,

2237 797 2381 868 Λόγε
2407 798 2567 865 Θεοῦ,
2596 800 3378 872 σὲκαθορῶντεςσπεύδοντα·
3417 807 3640 871 Ἰούδας
3678 810 3711 861 ὁ
3753 810 3827 863 δέ·

2236 889 2350 954 λιος
2383 892 2768 964 εὐτρεπίζεται
2791 897 2905 959 τοῖς
2922 896 3148 967 ἀνόμοις
3191 895 3484 968 προδοῦναί
3511 917 3580 952 σε
3597 918 3612 931 ο
3647 894 3716 953 οὗ
3739 903 3826 971 τῆς

2235 981 2497 1046 ἀπονοίας
2529 985 2736 1048 πάντας
2766 986 2863 1040 καὶ
2888 986 3201 1056 πωρώσεως
3233 988 3578 1059 ὲξάρπασον.

2306 1073 2410 1127 Τὸν
2435 1074 2565 1129 Υίδν
2591 1076 2687 1130 καὶ
2716 1077 2889 1147 Λόγον
2916 1077 3010 1132 τοῦ
3045 1079 3288 1151 Πατρδς,
3315 1081 3490 1152 ὅνπερ
3527 1083 3825 1155 ὲσωμάτως

2235 1183 2335 1231 σας
2358 1165 2467 1221 σῶν
2499 1168 2557 1236 ἐξ
2589 1168 2773 1238 ἁγνῶν
2797 1171 3068 1242 αἱμάτων,
3094 1173 3248 1244 Κόρη
3273 1173 3572 1243 Δέσποινα,
3603 1179 3746 1249 πρὸς
3770 1179 3822 1231 τὸ

2231 1257 2404 1322 πάθος
2453 1259 2751 1314 σπεύδοντα
2795 1260 2827 1315 δ
2875 1261 3166 1334 εὖδόκησεν
3189 1265 3507 1334 ,ὑπομεῖναι
3535 1305 3551 1330 ,
3606 1267 3690 1330 ὡς
3737 1268 3821 1322 εὖ-

2231 1347 2510 1420 σπλαγχος
2563 1350 2838 1421 βλέπουσα
2881 1351 3179 1427 τιτρώσκῃ,
3227 1355 3420 1411 τούτου
3459 1358 3821 1430 μαιρόθυμον

2227 1439 2544 1508 δοξάζουσα.

2669 1536 2867 1603 Δεῦτε,
2905 1537 3062 1603 λαοὶ,
3103 1537 3362 1609 ᾇσωμεν.

2297 1621 2369 1678 Τδ
2399 1625 2633 1697 πονηρὸν
2663 1627 2787 1697 ἀρτι
2819 1631 3058 1701 συνήχθη
3107 1633 3386 1704 συνέδριον
3405 1675 3419 1697 ,
3448 1636 3548 1688 καὶ
3605 1639 3814 1707 πανηρά

2226 1715 2536 1786 βουλεύεται
2557 1718 2654 1773 τοῦ
2678 1719 2988 1776 θανατῶσαι
3011 1740 3070 1776 σε
3095 1727 3196 1796 τὴν
3222 1724 3367 1797 ζωὴν
3391 1728 3504 1781 τῶν
3528 1731 3806 1795 ἁπάντων,

2150 1783 2194 1839 Β
2227 1783 2436 1862 τ’ῐούδαν
2465 1801 2824 1883 συνεργάτην,
2858 1815 2904 1868 Χ
2914 1816 3087 1886 ριστὲ,
3117 1783 3440 1889 λαϐόμενον.

2299 1901 2364 1953 Ἦ
2399 1899 2494 1954 τοῦ
2541 1903 2744 1975 λεπροῦ
2789 1905 2955 1960 πάλαι
3005 1909 3179 1980 σκηνὴ
3210 1911 3534 1983 ἱλαστήριον
3561 1916 3660 1966 cev
3699 1915 3805 1966 [λα-

2217 1991 2354 2062 σμὺν
2393 1995 2689 2065 χωρήσασα
2735 1997 2950 2051 πάντων
2997 2001 3323 2072 γεγένηται·
3371 2006 3434 2057 ὃν
3484 2005 3731 2076 εὑροῦσα
3770 2007 3802 2076 ή

2213 2082 2388 2154 πόρνη
2419 2084 2628 2156 μυρίων
2653 2086 2985 2160 ὀφλημάτων
3010 2089 3162 2144 λύσιν
3190 2093 3502 2164 κομίζεται.

2279 2257 2499 2331 Νόμους
2524 2264 2654 2328 τοὺς
2679 2266 2808 2331 σοὺς
2835 2266 2908 2340 μὴ
2941 2273 3284 2343 συντηρήσας
3309 2276 3339 2328 ὁ
3363 2275 3611 2339 δείλαιος
3629 2320 3644 2343 9
3677 2279 3796 2347 φιλ·

2207 2354 2532 2423 αργυρήσας
2575 2353 2762 2423 ὤλετο,
2794 2359 2892 2413 καὶ
2920 2363 3261 2432 παραδοῦναί
3292 2382 3354 2418 σε
3380 2373 3681 2437 moveo-rat;
3715 2371 3796 2421 ἑν-

2207 2439 2463 2512 Θυμεῖται
2500 2443 2703 2511 Ἰούδας
2724 2447 2825 2519 τὴν
2851 2450 3092 2523 ἀγχόνην
3120 2454 3657 2528 ἀντικληρούμενος.

2275 2533 2400 2597 Πῶς
2443 2535 2678 2607 δι’ήμᾶς
2719 2537 2854 2611 ἔρχῃ
2886 2542 3100 2607 παθεῖν,
3132 2545 3493 2614 ὐπεράγαθες
3530 2549 3664 2612 Πῶς
3691 2567 3792 2602 πα-

2205 2625 2468 2696 ραστῆναι
2497 2626 2704 2699 βήματι
2735 2630 2812 2693 ὡς
2841 2632 3238 2706 κριθησόμενος
3280 2636 3376 2690 τοῦ
3409 2639 3656 2694 Πιλάτου
3701 2644 3790 2694 ἀν-

2199 2715 2334 2787 im;
2377 2718 2715 2792 ’Λμέτρητος
2740 2723 2770 2776 ό
2797 2723 3027 2789 πλοῦτος
3049 2728 3150 2798 τῆς
3173 2729 3588 2802 εὐσπλαγχνίας
3619 2751 3736 2788 σου.

2264 2895 2330 2948 Δί
2359 2895 2492 2966 περὶ
2520 2897 2614 2950 σοῦ
2651 2898 2837 2966 πάλαι,
2870 2899 3134 2972 Παρθένε,
3161 2904 3420 2976 ᾁδόμεναι
3453 2909 3565 2962 τῶν
3592 2910 3788 2981 θεηγόο

2195 3002 2307 3055 ρων
2332 2987 2566 3059 ἀχραντε
2603 2990 2792 3061 ῥήσεις
2818 2993 3208 3065 πεπλήρωνται
3227 3014 3242 3028 ο
3295 2998 3392 3060 καὶ
3435 2998 3552 3070 γὰρ
3601 3000 3787 3065 ἔτεκες

2117 3111 2160 3169 C
2192 3076 2366 3148 Λόγον
2397 3081 2563 3153 σαρκὶ
2592 3081 2884 3147 θελουσίως
2918 3085 3065 3156 πάθη
3099 3086 3411 3158 δεξάμενον.

2521 3173 2625 3227 Ἔν
2654 3173 2829 3239 ,ϐυθῷ
2865 3176 3250 3246 κατέστρωσέ
3287 3195 3456 3236 ποτε.

2260 3257 2351 3312 Ἐν
2398 3261 2700 3331 κυμϐάλοις
2728 3262 2824 3316 νῦν
2850 3265 3156 3329 Δαυῖτικοϊς
3187 3265 3357 3336 ὕμνον
3385 3271 3662 3326 ἐπινίκιον
3707 3274 3781 3344 τῷ

2063 3371 2088 3387 ν
2185 3350 2454 3424 Λυτρωτῇ
2487 3353 2936 3424 εὐχαριστοῦντες
2964 3357 3185 3429 ᾄσωμεν
3207 3376 3222 3392 ο
3256 3354 3371 3415 εἷλε
3412 3364 3526 3434 γὰρ
3555 3365 3654 3418 τὸν
3685 3366 3779 3421 θά-

2187 3456 2369 3508 νατον,
2405 3443 2784 3515 ἀπολύτρωσιν
2815 3447 2910 3500 καὶ
2951 3449 3098 3521 ζωήν
3127 3453 3500 3523 χαρισάμενος
3525 3459 3646 3520 τοῖς
3676 3474 3774 3510 πε-

2186 3532 2514 3602 πεδημένοις
2538 3536 2648 3589 ἀπὸ
2675 3536 2768 3590 τοῦ
2799 3539 3017 3607 αἰῶνος,
3045 3541 3120 3606 ὡς
3155 3543 3562 3616 φιλάνθρωπος.

2255 3623 2346 3680 Ἔν
2375 3629 2589 3697 νεκροῖς
2613 3629 2803 3699 ὀφθεὶς
2836 3633 2974 3702 μετά
3001 3633 3202 3706 ψυχῆς,
3225 3638 3496 3708 νέκρωσιν
3525 3641 3772 3694 ἑκούσιον

2183 3715 2213 3768 ὁ
2239 3717 2304 3787 τῇ
2338 3718 2524 3788 σαρκὶ,
2572 3721 2800 3790 Χριστὲ,
2845 3724 3302 3796 καταδεξάμενος,
3331 3728 3514 3799 ψυχὰς
3545 3733 3774 3801 ἠλευθέ-

2183 3823 2387 3877 ρωσας,
2430 3809 2527 3862 xat
2575 3813 2921 3884 συνήγειρας,
2949 3816 3045 3869 καὶ
3089 3819 3227 3888 φωτὶ
3279 3823 3768 3894 κατελάμπρυνας.

2183 3896 2314 3967 μόνε
2340 3896 2598 3966 ζωοδότα,
2625 3902 2814 3974 Πάσχα
2847 3904 2910 3958 τὸ
2937 3908 3138 3960 σεπτὸν
3169 3910 3264 3962 καὶ
3298 3911 3697 3983 καθαρτήριον.

2261 3991 2319 4044 '0
2345 3991 2528 4057 τυθελς
2575 3994 2746 4065 ἀμνὸς
2775 3996 2916 4068 ὑπὲρ
2944 3999 3102 4069 ἡμῶν
3126 4041 3141 4066 ,
3176 4002 3368 4073 Πάσχα
3397 4005 3459 4057 τὸ
3493 4009 3763 4078 σωτήρων

2179 4074 2244 4136 ὲκ
2271 4083 2380 4139 τῶν
2411 4085 2617 4156 νεκρῶν
2639 4087 2947 4153 ἀναϐιώσας
2971 4092 3232 4165 σήμερον,
3255 4095 3390 4166 ᾅδην
3408 4074 3765 4167 ᾐχμαλώτευ-

494 4139 680 4208 duxit,
717 4145 974 4205 auferens
1004 4166 1144 4221 quos
1175 4155 1393 4214 vinctos
1439 4161 1802 4219 absorbuerat
1831 4139 2078 4226 claman-

495 4242 578 4260 σευ.
607 4250 621 4260 .
666 4233 850 4260 ιι----
892 4248 980 4260 Α---
1030 4257 1055 4260 __
1076 4253 1118 4260 Α.
1199 4247 1233 4260 .ο
1390 4249 1404 4260 ι
1508 4251 1525 4260 -
1554 4252 1589 4260 η

2227 4191 2293 4240 ιν,
2323 4139 2797 4248 ἀφελόμενοςνούς
2808 4139 3384 4254 ᾐδεσμώῖιῑςιῠκςίτῖπίε
3415 4139 3760 4260 ἵρῐζονταςο

495 4242 621 4287 tes:
663 4233 853 4305 Magna
892 4248 984 4294 tua
1028 4247 1293 4312 potentia,
1323 4249 1476 4304 solus
1507 4251 1818 4311 Liberator.

567 4321 674 4389 Qui
703 4327 968 4396 virginem
1011 4333 1290 4390 ostendite
1321 4353 1536 4409 puram,
1570 4343 1734 4399 etiam
1777 4357 1902 4417 post
1943 4365 2072 4422 par-

491 4421 633 4480 tum,
663 4431 728 4470 ex
761 4421 993 4476 mortuis
1038 4437 1330 4496 resurgens

492 4521 616 4562 nem
668 4509 984 4582 Iatilicavit,
1019 4516 1245 4589 innupta
1278 4526 1628 4582 sanctissima
1689 4531 1782 4587 Dei
1835 4548 2062 4604 sponsa,

485 4596 584 4665 qui
616 4609 676 4653 ut
706 4599 849 4659 Deus
879 4605 1213 4675 gloriﬁcatus
1254 4623 1373 4682 est;
1406 4618 1643 4686 gloriose
1676 4622 1824 4678 enim
1854 4596 2066 4695 glorifi-

485 4699 647 4748 catus
679 4701 784 4750 est.

663 4783 907 4855 Eﬂioruit
943 4805 1148 4847 aremus
1198 4797 1334 4850 sicut
1379 4799 1591 4871 lilium,
1634 4801 1877 4864 Domine.

556 4873 813 4932 Ednecns
843 4881 1057 4938 vinctos
1110 4885 1164 4940 in
1219 4889 1446 4957 virtute,
1505 4891 1752 4966 Domine,
1813 4907 1910 4956 tuo
1952 4905 2057 4960 sub

2173 4267 2422 4340 Μεγάλη,
2451 4269 2582 4340 μόνε
2608 4273 2892 4347 Λυτριιηὰ,
2924 4277 2957 4347 ή
2992 4275 3282 4332 δυναστεία
3311 4297 3433 4334 σου.

2256 4355 2314 4410 '0
2342 4359 2612 4430 παρθένον
2633 4344 2814 4430 δείξας
2837 4381 2896 4417 σε
2923 4344 3096 4437 ἀγνὴν
3121 4369 3214 4421 κα)⁵
3242 4369 3385 4438 μετά
3410 4371 3512 4442 τὴν
3536 4372 3751 4444 κύησιν,

1378 4441 1500 4500 post
1544 4434 1790 4492 triduum
1822 4443 2062 4498 creatio-
2092 4437 2121 4498 Ι

2227 4464 2236 4501 ι
2262 4448 2371 4502 τῶν
2395 4452 2606 4521 νεκρῶν
2636 4452 2934 4520 ἐξαναστάς
2956 4434 3255 4531 τριήμερος
3275 4462 3376 4532 τὴν
3399 4434 3580 4516 κτίσιν
3603 4434 3756 4534 caput;

2169 4540 2381 4610 δρυνεν,
2414 4543 2757 4616 ἁπειρόγαμε
2783 4549 3020 4618 παναγία
3052 4552 3355 4623 Θεόνυμφε,
3373 4555 3401 4607 ὀ
3425 4554 3745 4628 δεδοξασμέ-

2167 4648 2257 4696 νος
2289 4632 2495 4703 Κύριος
2515 4651 2530 4664 ο
2564 4636 2791 4705 ἐνδόξως
2813 4638 2920 4712 γὰρ
2952 4641 3284 4710 δεδόξασται.

2259 4817 2636 4889 Ἒξήνθησεν
2671 4822 2710 4891 ἡ
2750 4821 2968 4892 ἔρημος
2999 4824 3143 4879 ὡσεὶ
3179 4827 3412 4895 κρίνον,
3452 4829 3658 4897 Κύριε.

2229 4907 2455 4976 Ἐξάξας
2489 4913 2547 4966 ἐν
2578 4913 2806 4986 ἀνδρείᾳ
2849 4916 3278 4990 πεπεδημένους,
3313 4919 3513 4990 Κύριε,
3542 4924 3610 4992 τῇ
3640 4920 3742 4973 ὑπὸ

483 4971 688 5022 terram
743 4970 960 5040 itinere,
1009 4976 1332 5046 jactatorem
1383 4987 1744 5047 excubantem
1801 4997 2054 5055 occidisti

2232 5018 2261 5054 ν
2516 5022 2609 5058 σου
2638 4970 2876 5071 ἀλαζόνα
2913 4970 3444 5082 παραπικραίνοντα,
3462 4970 3741 5068 ἐθανάτω-

475 5068 807 5128 serpentem,
841 5074 1015 5121 morte
1051 5075 1166 5125 tua.

565 5149 690 5206 Haec
716 5165 800 5209 est
833 5158 948 5213 dies
987 5175 1150 5230 quam
1191 5163 1321 5220 fecit
1375 5167 1640 5228 Dominus
1690 5177 2046 5252 misericors;

474 5243 672 5313 spiritu
699 5257 754 5303 et
777 5251 944 5307 corde
971 5253 1026 5308 in
1046 5269 1110 5310 ea
1139 5259 1496 5330 exsultantes,
1519 5265 1765 5322 laetemur
1790 5279 1842 5326 et
1865 5243 2044 5345 tripu:

468 5333 706 5394 diemus.

556 5427 933 5491 Persecutoris
965 5451 995 5491 a
1024 5442 1314 5510 tyrannide
1349 5444 1559 5502 liberati
1591 5453 1858 5522 sanguine
1891 5472 2040 5526 puras

477 5527 531 5573 ct
561 5518 926 5580 immaculata:
954 5527 1364 5597 victimas,nunc
1388 5533 1585 5593 festum
1615 5518 2035 5617 constituamus,

467 5613 522 5668 in
563 5610 875 5672 laudatione
899 5619 1286 5680 vociferantes.

501 5743 505 5747 .
533 5701 697 5760 Salve
727 5706 954 5773 tibi,dat
979 5726 1010 5766 e
1043 5716 1256 5772 tumqu
1278 5719 1572 5788 splendens
1601 5723 1861 5787 Dominus
1889 5747 1901 5784 :
1935 5732 2033 5788 tibi

2151 5108 2253 5155 σας
2281 5093 2402 5163 δφιν
2429 5095 2507 5167 τῷ
2532 5096 2747 5168 θανάτῳ
2779 5117 2895 5156 σου.

2231 5186 2442 5258 Ἡμέρα
2489 5189 2555 5259 ἢν
2607 5191 2860 5263 ἐποίησεν
2904 5195 2934 5246 ό
2981 5196 3281 5268 οἰκτίρμων
3326 5190 3565 5269 Κύριος,
3593 5200 3731 5269 αὕτη

2151 5277 2416 5349 ὑπάρχει·
2437 5280 2708 5351 πνεύματι
2743 5285 2837 5336 καὶ
2868 5287 3066 5358 καρδίᾳ
3094 5287 3522 5359 ἀγαλλιώμενοι,
3547 5293 3605 5343 ὲν
3639 5292 3730 5344 αὖ·

2145 5370 2210 5437 τῇ
2241 5368 2629 5440 εὐφρανθῶμεν
2661 5372 2753 5425 καὶ
2781 5375 3131 5447 χορεύσωμεν
3153 5415 3169 5431 .

2205 5458 2452 5513 ’Διὼκτου
2479 5463 2791 5533 τυραννίδος
2823 5464 3219 5538 λελυτρωμένοι
3266 5469 3462 5537 αἵματι
3490 5469 3586 5522 τοῦ
3626 5487 3725 5524 κα·

2140 5549 2310 5622 θαροῦ
2341 5551 2573 5623 ἀμώμου
2599 5564 2658 5607 τε
2693 5557 2891 5628 ἱερείου
2911 5600 2926 5622 ,
2966 5557 3059 5612 νῦν
3095 5559 3500 5632 συστησώμεθα
3529 5562 3721 5632 ἑορτὴν

2139 5643 2198 5696 ὲν
2229 5643 2431 5696 αἰνέσει
2464 5645 2838 5712 ἀλαλάζοντες.

2207 5734 2280 5787 Τὸ
2308 5736 2499 5808 Χαῖρε,
2533 5738 2616 5792 σοὶ
2641 5741 2936 5812 προσνέμει
2957 5745 3022 5797 ἐκ
3048 5743 3222 5813 τάφου
3242 5747 3459 5817 laudis;
3489 5749 3707 5818 Κύριος·
