3964 6322
528 394 665 462 3919

1344 397 1403 456 s.
1442 394 1857 455 sermnem
1889 369 2392 457 emit-menta
2428 402 2853 463 IllEROSOL

3676 403 3775 465 3‘32
3786 406 3805 463 }

530 515 871 576 reassumpta
945 503 1176 567 laetitia,
1244 505 1363 575 ejus
1426 505 1740 575 congaudes
1793 503 2161 573 diseipulisd

2277 505 2331 568 ὗς
2358 547 2372 570 ,
2401 508 2576 576 χαρὰν
2622 507 2964 562 ἀναλαῦοὓσα
3029 510 3138 572 τοῖς
3170 508 3450 580 μαθηταῖς
3494 509 3809 580 ςυνέχᾶερες

533 602 718 655 dicens
746 617 759 652 :
787 599 1037 653 Surrexit
1071 597 1360 653 Dominus.

714 693 878 746 Tuam
910 689 1245 745 adumbrasti
1275 688 1509 742 divinam
1537 690 1964 744 exinanitionem.

602 784 709 840 Per
732 784 938 854 lignum
962 782 1148 836 crucis
1175 782 1335 852 quasi
1368 781 1660 836 interfecto
1686 791 1959 853 serpente,
1983 797 2109 837 cum
2168 771 2177 781 ’

536 876 767 930 mortuis
800 881 1080 935 reputatus
1114 888 1195 937 es,
1229 889 1351 928 cum
1379 873 1618 928 sisinter
1650 882 1895 929 mortuos
1930 873 2091 940 liber,

534 973 588 1018 et
623 963 824 1017 liberos
855 960 1084 1016 effecisti
1113 961 1372 1031 degentes
1404 962 1492 1016 hic
1522 977 1711 1019 omnes
1739 962 2040 1018 devinctos.

606 1057 895 1112 Manifeste
923 1054 1168 1123 regnavit
1194 1053 1481 1118 Dominus,
1509 1056 1721 1110 laetetur
1742 1057 1921 1111 omnis
1946 1068 2108 1122 terra,

534 1148 645 1215 jam
689 1163 867 1218 neque
909 1160 1060 1201 mors
1090 1161 1269 1215 neque
1301 1146 1498 1201 inferni
1531 1145 1905 1212 dominantur,
1938 1147 2112 1218 siqui-

539 1239 660 1291 dem
696 1246 1054 1295 evomuerunt
1087 1252 1226 1305 quos
1258 1238 1512 1292 tenebant
1546 1238 1815 1306 captivos.

611 1326 720 1382 Pia:
749 1342 875 1398 erga
906 1327 1073 1381 Deum
1106 1327 1383 1391 mulieres,
1407 1325 1535 1395 quid
1562 1324 1808 1393 quaeritis
1834 1322 2111 1378 Christum

544 1429 603 1474 ut
663 1430 939 1477 mortuum
995 1421 1049 1475 in
1110 1420 1400 1490 sepulcro?
1454 1417 1703 1474 Surrexit
1756 1417 1968 1486 sepulto
2027 1416 2115 1469 hic

543 1529 706 1584 quam
749 1514 981 1569 habebat
1021 1529 1170 1570 mors
1212 1513 1403 1578 fetore,
1442 1512 1719 1580 bonasque
1758 1511 1971 1579 paravit
2030 1522 2116 1561 se-

548 1607 710 1662 mitas
736 1606 1086 1661 credentibus
1120 1606 1173 1658 in
1206 1620 1287 1661 se.

615 1696 1054 1763 Oimmaeulata,
1086 1712 1214 1766 roga
1264 1695 1539 1748 Christum
1583 1706 1857 1760 egressum
1910 1706 1939 1744 e
1993 1690 2115 1744 sinu

549 1797 667 1852 tuo,
710 1796 762 1843 et
799 1790 1000 1843 intacta
1037 1796 1247 1841 servata
1299 1785 1604 1855 virginitate
1639 1786 1689 1836 in
1729 1782 1899 1853 gloria
1936 1796 2119 1837 resur—

550 1884 789 1947 gentem,
829 1886 884 1930 nt
919 1878 1099 1932 omnia
1134 1875 1401 1946 paciﬁcet.

772 2060 877 2125 Qui
904 2058 1120 2113 indutus
1149 2059 1346 2113 lumine
1366 2056 1519 2127 quasi
1548 2055 1870 2110 vestimento.

626 2152 726 2217 Qui
774 2160 826 2206 te
877 2151 1084 2204 invidia
1116 2152 1266 2203 cruci
1300 2150 1609 2211 alliserunt,
1654 2145 1905 2200 foderunt
1939 2143 2059 2208 tibi,
2096 2157 2131 2198 0

553 2244 711 2298 valde
753 2244 965 2313 patiens
997 2241 1276 2305 Salvator,
1322 2254 1517 2294 manus
1557 2248 1609 2293 et
1650 2235 1814 2308 pedes
1844 2237 2131 2290 carniﬁces

524 2334 527 2337 ’
557 2333 933 2403 dedermuque
966 2333 1153 2388 bibere
1185 2332 1255 2387 fel
1290 2343 1345 2387 et
1375 2340 1611 2386 acetum.

628 2426 917 2492 Quomodo
949 2425 1043 2495 qui
1074 2425 1183 2480 vita
1206 2412 1287 2481 est
1309 2425 1516 2495 positus
1549 2431 1632 2478 est
1662 2423 1714 2477 in
1748 2419 2132 2477 monumento?

564 2516 841 2584 quomodo
875 2515 1081 2585 absque
1109 2515 1279 2569 halitu
1311 2514 1357 2568 is
1391 2530 1487 2583 per
1514 2527 1672 2583 quem
1705 2512 1915 2581 spirant
1945 2523 2134 2564 omnes

567 2609 834 2670 homines,
864 2606 952 2676 qui
989 2604 1226 2662 insufﬂat
1256 2606 1419 2660 vitam
1451 2603 1681 2660 mortuis
1710 2611 1764 2659 et
1803 2601 2132 2670 redemptio-

567 2697 725 2752 nem?

635 2787 786 2842 Felix
842 2784 1051 2839 Pascha
1108 2800 1217 2855 quo
1271 2784 1442 2853 erepti
1494 2782 1559 2837 de
1615 2785 1731 2837 orci
1789 2777 2031 2834 latibulis
2084 2785 2140 2833 et

566 2879 796 2948 exempti
852 2892 881 2929 a
934 2877 1049 2929 dira
1107 2876 1368 2931 servitute
1417 2876 1470 2928 in
1522 2888 1705 2928 veram
1757 2870 2136 2943 promissionis

568 2984 767 3027 terram
806 2970 1054 3025 translati
1094 2969 1321 3022 smnus!

643 3064 824 3127 Salve,
862 3064 1062 3115 intacta
1099 3058 1287 3130 Virgo,
1329 3058 1397 3112 ab
1435 3057 1690 3112 omnibus
1732 3052 2017 3109 benedicta
2050 3057 2137 3105 ut-

574 3164 703 3225 pote
740 3156 978 3208 Iiberans
1012 3167 1112 3207 nos
1155 3166 1186 3205 a
1225 3150 1625 3213 maledictione,
1655 3163 1751 3219 per
1783 3161 1944 3217 quam
1978 3160 2138 3200 mun-

2218 596 2482 666 λέγουσα⁹
2502 600 2724 671 Ἀνέστη
2760 600 2788 652 ὁ
2817 599 3039 671 Κύριος.

2464 692 2581 759 Τὴν
2604 692 2772 747 θείαν
2798 693 3104 759 ἐννοήσας
3126 707 3245 746 σου
3272 692 3567 747 κένωσιν.

2289 782 2393 835 Τὸν
2430 782 2554 852 ὃιριν
2595 782 2690 835 ἐπὶ
2723 781 2885 849 ξύλου
2934 781 3242 852 ἐνέκρωσας
3271 785 3404 847 ,καὶ
3432 780 3728 851 λογισθεὶς
3761 788 3808 838 ὲν

2217 874 2328 935 τοῖς
2358 875 2596 941 νεκροῖς,
2635 874 2661 925 ὁ
2690 874 2747 925 ἐν
2778 872 2990 943 νεκροῖς
3027 870 3101 924 ὢν
3129 872 3439 944 ἐλεύθερος,
3489 872 3811 944 ἐλευθερίαν

2221 966 2489 1035 παρέσχες
2511 964 2821 1035 δεσμώταις
2854 965 2964 1026 τοῖς
3000 964 3178 1016 ἐκεῖσε
3207 964 3581 1034 ὑπάρχουσιν.

2301 1059 2359 1113 Ὀ
2394 1057 2592 1128 Κύριος
2625 1058 2809 1126 σαφῶς
2855 1055 3219 1121 ἐϐασίλευσεν,
3262 1055 3633 1123 ἀγαλλιάσοω
3670 1058 3811 1107 nis:

2220 1148 2315 1219 γῆ,
2343 1150 2402 1201 ού
2426 1149 2670 1218 κυριεύει
2692 1151 2720 1202 ὁ
2746 1148 2997 1209 θάνατος,
3027 1147 3087 1199 ού
3120 1146 3394 1217 βασιλεύει
3427 1149 3458 1200 ὁ
3489 1147 3640 1217 ᾅδης
3674 1164 3687 1175 ·
3723 1146 3814 1211 οὓς

2221 1235 2333 1309 εἶχε
2364 1240 2472 1310 γὰρ
2505 1240 2762 1310 δεσμίους
2799 1238 3087 1309 ἐξήμεσεν.

2292 1332 2548 1393 Γυναῖκες
2572 1330 2707 1401 μετά
2738 1329 2925 1402 μύρων
2946 1329 3231 1399 θεόφρονες
3255 1330 3306 1382 τί
3329 1331 3387 1384 ὲν
3418 1330 3503 1401 τῷ
3521 1330 3714 1400 ταφῳ,
3741 1331 3814 1393 ὡς

2224 1422 2432 1493 Θνητδν,
2455 1423 2688 1492 Χριστὸν
2711 1421 2923 1493 ζητεῖτε
2948 1441 2961 1488 ;
2997 1420 3314 1491 ἐγήγερται,
3338 1421 3399 1473 τὸ
3428 1422 3532 1475 τοῦ
3568 1422 3811 1474 θανάτου

2226 1514 2460 1577 δυσῶδες
2490 1514 2747 1583 ἐνθάψας,
2778 1514 2874 1565 καὶ
2902 1512 3425 1583 πιστοὺςθεύωδίασε.

2296 1699 2529 1770 Χριστὸν
2555 1700 2643 1752 τὸν
2677 1698 3007 1769 προελθόντα
3044 1703 3106 1754 ἐκ
3136 1700 3347 1770 μήτρας
3374 1716 3496 1762 σου,
3532 1700 3635 1751 καὶ
3674 1717 3812 1769 παρ·

2228 1789 2408 1853 Θενίας
2454 1790 2719 1862 μηδαμῶς
2759 1792 3056 1862 σφραγῖδας
3102 1790 3358 1854 λύσαντα,
3398 1790 3672 1859 ἄχραντε,
3718 1792 3811 1843 καὶ

2155 1869 2197 1923 Β
2230 1880 2539 1933 ἀναστάντα
2608 1882 2664 1933 ἐν
2708 1880 2831 1953 δόξῃ
2890 1882 3123 1935 δυσώπει
3172 1880 3487 1953 εἰρηνεῦσαι
3540 1881 3615 1933 τὰ
3670 1879 3809 1949 σύμ-

2232 1990 2430 2027 παντα.

2455 2064 2518 2116 '0
2546 2063 3037 2131 ἀναϐαλλόμενος
3070 2063 3194 2133 φῶς
3220 2064 3301 2131 ὡς
3333 2065 3597 2134 Ιμάτιον.

2305 2154 2544 2224 Ὠρυξαν
2570 2154 2666 2216 τὰς
2692 2154 2878 2224 χεῖράς
2913 2170 3004 2206 σου
3027 2195 3043 2218 ,
3072 2153 3276 2224 Σῶτερ,
3310 2157 3405 2207 καὶ
3439 2156 3614 2218 πόδας
3648 2172 3742 2209 σου
3762 2155 3810 2206 οἱ

2233 2244 2531 2309 ὓεοκτόνοι,
2567 2245 2658 2297 ἐπὶ
2689 2242 2921 2312 σταυροῦ
2958 2260 3017 2296 σε
3046 2245 3222 2314 φθόνῳ
3250 2247 3691 2317 ἀναρτήσαντες,
3722 2247 3810 2299 καὶ

2232 2335 2392 2406 χολὴν
2418 2337 2510 2388 καὶ
2529 2335 2649 2400 ὅξος
2676 2335 3015 2400 ποτίσαντες,
3055 2335 3393 2408 μακρόθυμε.

2317 2424 2380 2477 Ἦ
2426 2424 2539 2496 ζωὴ
2585 2426 2641 2479 ἐν
2699 2426 2942 2495 μνήματι
2996 2425 3112 2488 πῶς
3162 2425 3550 2491 κατατίθεταις
3592 2426 3814 2495 mutva

2235 2516 2369 2568 πᾶσι
2402 2514 2611 2587 βροτοῖς
2638 2517 2891 2586 παρέχων
2920 2515 3122 2580 ἄπνους
3145 2517 3263 2580 πῶς
3294 2517 3672 2585 γνωρίζεταις
3707 2521 3813 2578 τοῖς

2236 2606 2446 2675 νεκροῖς
2473 2604 2721 2675 ἐμπνέων
2756 2604 2901 2676 ζωὴν
2940 2605 3462 2676 κα“ιάπολύτρωσιν;

2313 2788 2504 2856 Πάσχα
2532 2788 2592 2838 τὸ
2647 2788 2913 2857 μακάριον
2946 2787 3011 2839 δι’
3032 2778 3091 2838 οὗ
3138 2786 3441 2857 ἀνήλθομεν
3469 2788 3538 2840 ἐκ
3561 2789 3670 2859 γῆς
3696 2805 3815 2843 κεν-ν

2240 2882 2473 2953 θμόνων,
2524 2881 2715 2950 Πάσχα
2767 2880 3009 2941 δουλείας
3060 2878 3126 2931 δι’
3160 2873 3220 2932 οὗ
3264 2879 3681 2951 ἐλυτρώοημεν,
3725 2881 3815 2934 καὶ

2239 2971 2569 3041 ἐπαγγελίας
2595 2970 2728 3043 πρὸς
2760 2973 2862 3042 γῆν
2891 2969 3334 3041 διεόιὸἁσθημεν.

2310 3062 2556 3130 Χαίροις,
2588 3062 2925 3132 ἀπειρόγαμε
2970 3062 3063 3115 καὶ
3104 3061 3533 3131 παντευλόγητε,
3577 3062 3814 3132 κατάρας

2240 3153 2412 3217 λύσις,
2446 3151 2512 3205 δι’
2537 3147 2605 3222 ἦς
2637 3154 2665 3205 ὁ
2695 3152 2896 3221 κόσμος
2923 3152 3118 3222 ἀνέστη
3142 3152 3232 3206 τοῦ
3257 3152 3573 3223 πτώματος,
3604 3156 3701 3207 καὶ
3729 3155 3813 3207 τοῦ

574 3217 718 3329 dusa
739 3248 889 3317 lapsu
915 3244 1170 3306 surrexit,
1192 3252 1245 3299 et
1269 3243 1525 3299 laudibus
1546 3217 1758 3298 extollit
1780 3236 2142 3295 resurrectio-

2278 3244 2505 3299 ωοδότου
2535 3245 2747 3311 δοξάζει
2767 3252 2865 3320 τὴν
2890 3250 3212 3303 ἀνάστασιν.

576 3356 700 3397 nem
731 3341 912 3396 omnia
948 3339 1295 3394 viviﬁcantis.

894 3432 1117 3485 Furiosa
1151 3432 1347 3485 elatam
1381 3427 1626 3497 ﬂuctibus
1659 3425 1845 3478 maris.

647 3521 979 3587 Cruciiixus,
1005 3536 1167 3592 quem
1195 3520 1469 3573 clauserat
1493 3515 1859 3570 inobedientia
1886 3506 2144 3580 aperuisti

580 3614 734 3678 mihi,
773 3611 900 3669 Jesu
930 3612 1170 3679 Christe,
1202 3610 1538 3681 paradisum,
1586 3615 1641 3661 et
1689 3616 1917 3671 surgens
1967 3609 2144 3653 tecum

582 3719 804 3774 surgere
828 3703 1002 3758 fecisti
1034 3710 1264 3757 cunctos
1295 3700 1501 3755 fideles.

650 3784 955 3849 Posﬁerunl
1003 3803 1057 3849 te
1097 3794 1150 3848 in
1185 3794 1304 3847 lacu
1341 3787 1586 3845 inferiori
1629 3791 1902 3839 mortuum
1943 3779 2150 3849 absque

582 3900 750 3952 voce,
802 3888 927 3942 vitae
977 3885 1242 3950 datorem,
1296 3881 1390 3953 qui
1452 3878 1682 3933 mortuis
1744 3870 2027 3928 insufllasti
2063 3883 2152 3922 re-

585 3979 1005 4042 surrectionem,
1037 3977 1238 4048 quique
1298 3975 1351 4029 in
1404 3972 1622 4027 inferno
1678 3969 1934 4039 degentes
1979 3964 2152 4017 viviti-

584 4058 743 4126 casti.
1386 4076 1391 4079 ’

658 4162 1005 4233 Ejulantibus
1048 4163 1176 4217 olim
1219 4159 1473 4217 clamavit
1510 4157 1736 4227 angelus
1784 4153 2103 4209 mulieribus
2138 4169 2152 4206 :

586 4253 838 4309 C-hristus
882 4253 1207 4317 resurrexit,
1240 4251 1335 4314 ite,
1373 4250 1690 4303 annuntiate
1736 4246 1857 4315 ejus
1908 4258 2157 4299 resurre-

587 4346 820 4396 ctionem
862 4341 1147 4411 apostolis.

660 4428 870 4484 Salutat
911 4437 984 4492 te,
1028 4426 1215 4499 Virgo,
1252 4427 1508 4497 Magister
1559 4440 1859 4496 assurgens
1887 4439 1918 4479 e
1950 4422 2160 4477 tumulo

2678 3428 3058 3499 Μαινομένην
3098 3427 3376 3483 κλύδωνι.

2317 3520 2658 3593 Σταυρωθεὶς
2710 3520 2951 3591 ἀνέῳξας
2995 3520 3377 3589 κεκλεισμένον
3421 3522 3489 3591 τῇ
3534 3524 3814 3591 παρακοῇ,

2260 3612 2434 3683 Ἰησοῦ
2473 3612 2674 3680 Χριστέ
2728 3628 2853 3682 μου,
2880 3609 2972 3662 τὸν
3025 3610 3352 3680 παράδεισον
3377 3648 3393 3675 ,
3450 3610 3547 3661 καὶ
3587 3613 3817 3673 ἀναστὰς

2250 3703 2458 3764 πάντας
2488 3702 2713 3765 πιστοὺς
2749 3700 3172 3772 συνανέστησας.

2323 3791 2545 3845 Ἕοεντο
2578 3792 2637 3844 ἐν
2674 3792 2863 3862 λάκκῳ
2896 3809 2955 3845 σε
3004 3792 3301 3860 κατωτάτῳ
3342 3792 3562 3860 ἄφωνον
3591 3792 3816 3861 νεκρὸν,

2250 3883 2343 3936 τὸν
2375 3883 2588 3950 νεκροῖς
2621 3882 2925 3949 ἐμπνέοντα
2950 3883 3260 3948 ἀνάστασιν,
3282 3880 3550 3945 Ζωοδότα,
3578 3883 3677 3935 καὶ
3704 3885 3819 3943 te};

2253 3976 2309 4028 ἐν
2334 3973 2433 4046 ᾄδῃ
2463 3972 2780 4038 ζωὼσαντα.

2327 4148 2577 4214 Γυναιξὶν
2628 4148 2817 4220 ἐϐόησε
2869 4147 3267 4219 θρηνῳδούσαις
3301 4146 3535 4215 ἄγγελός
3570 4165 3725 4201 ποτε·
3771 4150 3823 4203 ’0

2258 4242 2487 4312 Χριστὸς
2513 4242 2840 4312 ἐγήγερται·
2893 4238 3233 4309 πορεύθητε,
3273 4240 3596 4303 ἀποστὸλοις
3641 4241 3823 4295 τούτου

2259 4334 2356 4405 τὴν
2385 4334 2603 4405 ἔγερσιν
2629 4336 2840 4389 εἴπατε.

2333 4426 2527 4493 Χαῖρε,
2571 4427 2653 4478 σοὶ
2710 4424 3157 4497 προσφθέγγεται
3203 4419 3279 4481 ὠς
3334 4419 3486 4490 αἰτία
3543 4419 3693 4490 οὔσῃ
3737 4420 3827 4488 τῆς

592 4528 650 4572 ιιι
680 4534 900 4575 causam
932 4527 1133 4572 nostra:
1165 4518 1404 4572 laetitiae:
1441 4515 1582 4587 apud
1606 4530 1730 4570 eum
1768 4513 1933 4568 funde
1972 4527 2160 4582 preces

2277 4517 2457 4585 ίαρᾶς,
2477 4510 2750 4583 ὰναστὰςῖ
2771 4516 3035 4586 Παρθένε,
3057 4514 3123 4564 ἐκ
3150 4511 3243 4562 τοῦ
3267 4512 3553 4581 μνήματος
3578 4517 3605 4565 ὁ
3631 4513 3826 4564 Δεσπὸ-

593 4622 691 4679 pro
720 4609 978 4663 omnibus
1006 4607 1185 4662 nobis.

730 4699 807 4753 Tu
841 4698 1263 4766 superexaltatus
1297 4698 1437 4752 Deus
1469 4708 1682 4766 patrum
1714 4708 2036 4749 nostrorum.

664 4788 1268 4858 lncomprehensibilis,
1301 4802 1469 4842 carne
1506 4793 1789 4856 assumpta
1821 4782 2169 4840 mortalitatis

595 4887 818 4944 nostra,
851 4877 1100 4950 crucifigi
1132 4877 1333 4945 voluit;
1366 4878 1603 4932 moriens
1640 4886 1867 4930 mortem
1900 4872 2171 4928 destruxit

597 4974 785 5027 volens
814 4983 917 5024 nos
948 4969 1110 5023 morti
1141 4969 1411 5024 obnoxios
1440 4967 1623 5040 facere
1652 4966 2009 5021 immortales.

664 5061 869 5117 Omnes
900 5058 1110 5115 festivis
1140 5059 1395 5115 cantibus
1427 5044 1770 5114 celebremus
1794 5055 2024 5122 Pascha,
2055 5061 2174 5126 post

600 5169 711 5213 tres
744 5154 863 5210 dies
903 5154 1144 5208 surrexit
1184 5152 1441 5208 Christus
1483 5166 1514 5207 e
1539 5160 1911 5215 monumento,
1945 5157 2207 5205 cunctos-

600 5255 920 5309 illuminans
954 5250 1364 5306 conclamantes
1401 5266 1415 5302 :
1450 5245 1777 5300 Benedictus
1816 5257 1897 5307 es,
1927 5243 2173 5297 Domine.

674 5348 784 5402 Cur
816 5361 959 5399 nunc
993 5341 1226 5398 ell'undis
1270 5340 1427 5395 fletus
1480 5352 1715 5402 amaros,
1748 5351 1781 5391 ο
1811 5335 2026 5402 mulier,
2062 5336 2177 5391 aie-

607 5445 698 5498 bat
756 5439 1011 5500 Christus
1078 5437 1285 5508 Virgini
1349 5435 1504 5505 juxta
1586 5441 2000 5485 monumentum
2065 5431 2178 5484 lucc

608 5534 912 5590 modulanti
950 5553 963 5588 :
1003 5529 1329 5588 Benedictus
1361 5542 1442 5592 es,
1481 5524 1728 5580 Domine.

683 5623 809 5677 Sola
863 5631 993 5678 ante
1048 5621 1184 5675 alias
1243 5617 1498 5672 mulieres
1557 5613 1919 5684 contemplata
1973 5620 2058 5667 est
2104 5620 2177 5677 te,

556 5745 563 5758 ο
610 5716 844 5778 Christe,
903 5714 1186 5785 splendide
1237 5717 1609 5783 assurgentem
1666 5707 1734 5762 de
1786 5706 2017 5768 tumulo,
2056 5722 2182 5761 san-

616 5804 856 5858 ctissima
885 5805 1070 5875 Virgo,
1103 5802 1452 5874 suscepitque
1478 5799 1545 5854 ab
1569 5814 1665 5854 ore
1698 5807 1790 5852 tuo
1822 5798 2074 5852 salutem.

2267 4625 2387 4677 της,
2417 4609 2474 4660 ὃν
2505 4609 2646 4676 ὑπὲρ
2677 4610 2894 4661 πάντων
2925 4608 3157 4661 ἱκέτευε.

2421 4698 2473 4752 '0
2498 4702 2994 4769 ὑπερυψούμενος
3024 4703 3145 4756 τῶν
3170 4705 3439 4770 πατέρων
3462 4701 3700 4767 Κύριος.

2350 4789 2410 4843 Ὀ
2445 4791 2800 4860 ἀπερινὸητος
2832 4791 3011 4861 σάρκα
3032 4794 3390 4863 ἐνδυσάμενος
3420 4791 3658 4859 σταυρὸν
3708 4805 3828 4841 κατ-

2273 4880 2487 4945 εδέξατο
2509 4920 2524 4945 ,
2560 4880 2652 4932 καὶ
2698 4878 2925 4933 Θάνατον
2962 4880 3130 4936 ὤλεσε
3173 4883 3388 4952 Θανάτῳ
3424 4882 3554 4944 τοὺς
3590 4879 3832 4939 θανόντας

2277 4970 2557 5040 βουληθεὶς
2584 4971 2928 5025 ἀθανατίσαι.

2346 5060 2542 5130 Πάσχα
2568 5063 2601 5131 ἡ
2633 5062 2941 5136 πανήγυρις
2966 5066 3167 5122 πάντες
3196 5058 3568 5131 ἐορτάσωμεν,
3611 5056 3655 5107 Χ
3665 5055 3835 5123 picta;

2278 5152 2342 5204 ἐκ
2374 5151 2468 5204 τοῦ
2505 5153 2786 5221 μνήματος
2810 5157 3021 5227 ἠγέρθη
3052 5159 3349 5226 τριήμερος
3370 5189 3385 5213 ,
3429 5148 3685 5218 φωτίζων
3727 5149 3835 5204 τοὺς

2282 5231 2540 5313 βοῶνταςο
2578 5244 2636 5297 '0
2657 5243 2808 5311 Θεὸς,
2840 5246 3128 5315 εὐλογητὸς
3161 5241 3233 5297 εί.

2350 5333 2536 5399 Γύναι,
2562 5335 2615 5387 τί
2643 5337 2753 5397 τοῖς
2791 5335 3023 5403 δάκρυσι
3063 5332 3276 5403 πικρῶς
3324 5329 3421 5384 νῦν
3470 5328 3834 5397 συγκέχυσαι;

2280 5426 2513 5497 Χριστὸς
2535 5425 2913 5496 (ἐπεφθέγγετο
2932 5425 3159 5497 πλησίον
3181 5422 3276 5476 τοῦ
3298 5421 3589 5491 μνήματος
3606 5424 3672 5492 τῇ
3703 5420 3832 5489 Κόρῃ

2286 5516 2616 5590 μελῳδούσῃ·
2655 5518 2713 5571 Ὀ
2741 5518 2891 5584 Θεὸς,
2921 5517 3208 5585 εὐλογητὸς
3235 5509 3306 5568 εἷ.

2351 5610 2503 5680 Μόνη
2518 5610 2624 5680 πρὸ
2643 5610 2750 5663 τῶν
2767 5611 2940 5664 ἄλλων
2956 5626 3014 5663 σε
3041 5611 3314 5676 γυναικῶν
3334 5606 3614 5673 τεθέαται,
3632 5609 3830 5682 Χριστὲ,

2254 5788 2257 5791 γ
2284 5702 2347 5753 ἐκ
2375 5699 2468 5752 τοῦ
2505 5702 2783 5771 μνήματος
2810 5701 3028 5773 ὡραίως
3061 5705 3417 5775 ἀστράψαντα
3437 5749 3451 5775 ,
3482 5708 3514 5776 ή
3550 5707 3688 5777 μόνη
3716 5720 3825 5760 παν-

2286 5792 2416 5861 αγία
2437 5791 2783 5863 ἐπακούσασα
2815 5794 2892 5859 τὸ,
2925 5797 3113 5869 Χαῖρε.
