3964 6322
256 208 400 271 εδει

753 322 851 375 Sol
884 317 963 384 τῷ
995 320 1367 392 παντοιιργῷ.

339 415 406 465 Σὲ
459 415 550 467 τὸν
603 413 940 482 παντουργὸν
976 411 1349 484 ἀναρτηθέντα
1403 410 1545 482 ξύλῳ
1581 410 1741 482 χολὴν
1785 411 1834 462 οἱ

261 507 579 577 παράνομοι
607 507 699 577 ὲχθ
710 506 793 577 ροὶ
809 505 1078 572 ὲπότιζον,
1099 505 1223 576 μέλι
1255 505 1317 557 ὲκ
1336 503 1539 572 πέτρας
1569 501 1835 571 θηλάσαν-

268 616 388 661 τες,
422 597 687 667 διψῶντες
716 599 883 653 πάλαι
916 600 974 651 ἐν
999 599 1190 670 ἐρήμῳ
1215 598 1283 668 τῇ
1316 597 1404 667 σῇ,
1433 594 1857 664 Χριστὲ,προσ-,

256 694 438 760 τάξει.
580 678 585 683 ’

336 783 641 855 Νέκρωσιν,
679 781 903 853 Χριστὲ,
931 779 1026 833 ἐπὶ
1072 775 1305 849 σταυροῦ
1338 776 1609 846 ὑπέστης,
1658 774 1835 839 τεθεὶς

257 874 321 926 δὲ
366 875 425 926 ὲν
457 874 699 943 μνήματι
752 870 945 941 νεκρὸς
995 869 1293 940 τριήμερος
1344 865 1554 929 πάντας
1600 863 1835 933 ἐγείρεις

259 961 497 1031 νεκροὺς
522 962 615 1015 ἀπ’
644 961 860 1025 αἰῶνος,
877 957 1374 1030 ἁνυμνολογοῦντας
1400 956 1501 1028 τὴν
1533 957 1632 1027 σὴν
1649 954 1836 1025 φιλαν-

263 1049 539 1120 Θρωπίαν.

340 1138 526 1204 Δεῦτε,
563 1122 1188 1210 μυστικῶς.ἀλαλαγμῷ
1221 1137 1284 1191 ὲν
1345 1135 1463 1207 Θεῷ
1493 1137 1611 1199 ’τὰς
1647 1138 1835 1207 χεῖρας

259 1233 644 1303 κροτήσωμεν,
675 1234 769 1285 καὶ
800 1229 1217 1302 μελῳδήσωμεν,
1248 1228 1432 1282 Πάντα
1459 1230 1526 1283 τὰ
1553 1229 1710 1300 ἔργα,
1744 1230 1836 1282 τὸν

261 1322 475 1392 Κύριον
504 1321 746 1390 ὑμνεῖτε.

339 1411 566 1478 Χαίρεις
592 1412 657 1463 ὲκ
680 1410 890 1479 νεκρῶν
919 1409 1008 1462 τὸν
1042 1409 1280 1480 Κτίστην
1303 1411 1614 1477 κατιδοῦσα,
1642 1411 1833 1481 Ἀγνὴ,

261 1499 636 1570 ἐγειρόμενον,
674 1502 767 1554 καὶ
801 1502 935 1553 πᾶσι
966 1500 1193 1571 νέμοντα
1224 1501 1384 1573 χάριν
1420 1502 1568 1574 ζωήν
1596 1519 1657 1555 τε
1678 1542 1691 1562 ,
1742 1503 1836 1555 καὶ

262 1591 364 1660 τὴν
403 1590 716 1665 ἐλευθερίαν
758 1595 869 1656 τοῖς
922 1591 1277 1662 ὁμολογοῦσιν
1329 1594 1492 1648 αὐτὸν
1540 1594 1676 1647 Θεὸν
1728 1593 1836 1647 τῶν

262 1682 429 1736 ὅλων.

814 1772 1043 1842 Ἠσαΐα,
1076 1777 1302 1847 χόρευε.

355 1860 417 1916 Ὀ
468 1863 698 1933 Χριστὸς
758 1865 1055 1936 ὲγήγερται
1102 1868 1417 1931 καταλύσας
1494 1868 1697 1939 κράτος
1746 1866 1842 1921 τοῦ

272 1952 535 2023 Ἢχθροῦ·
561 1954 939 2023 εὐφραίνεσθε,
969 1957 1212 2028 οὐρανοὶ,
1237 1958 1449 2029 χόρευε,
1472 1959 1505 2027 ή
1535 1957 1630 2026 γῆ,
1661 1950 1845 2009 ούκέτι

267 2046 296 2095 ὁ
332 2044 559 2108 θάνατος
591 2045 884 2114 βασιλεύειν
930 2046 1024 2109 οὓς
1086 2047 1195 2118 γὰρ
1241 2047 1463 2118 πονηρῷ
1504 2046 1695 2117 κράτει
1732 2046 1845 2098 ὲδέ-

273 2153 534 2205 σμευσεν,
560 2137 804 2208 ἀφῃρέθη
838 2137 965 2209 θείῳ
995 2138 1246 2209 νεύματι.
1626 2187 1631 2193 .

348 2227 629 2281 Γυναικῶν
662 2229 956 2297 κατάλογος
993 2231 1318 2301 μυροφόρων
1364 2228 1534 2299 τάφον
1564 2230 1663 2297 τῆς
1701 2226 1847 2296 ζωῆς

270 2316 621 2388 προέφθασεν
674 2319 731 2371 ὲν
802 2320 1002 2390 σπουδῇ
1060 2319 1205 2390 μύρα
1266 2319 1525 2390 ἐμφανῶς
1601 2319 1847 2388 κομίζων

277 2407 514 2479 μυρίσαι
549 2425 607 2461 σε
651 2408 743 2462 τὸν
768 2409 875 2462 τῶν
912 2409 1100 2480 μύρων
1135 2410 1278 2464 θεῖον
1307 2409 1597 2482 μυρισμόψ
1622 2409 1848 2477 ἐξανασο

274 2500 450 2553 ταντα
480 2499 537 2552 δὲ
577 2499 809 2554 κατιδών
841 2518 898 2554 σε
929 2502 1248 2572 ὲμεγὰλυνε.

350 2592 524 2660 Δεκτὴ
550 2594 615 2663 ἦν
632 2593 886 2662 ἐποίησεν
903 2596 928 2646 ὁ
947 2594 1222 2664 Δεσπότης
1248 2593 1452 2667 Κύριος
1476 2594 1626 2647 ἐστὶν
1666 2592 1848 2663 ἡμέρα

274 2680 586 2749 περιφανὴς
633 2680 727 2744 καὶ
761 2681 1114 2752 περικαλλὴς·
1152 2684 1210 2735 ὲν
1244 2683 1418 2755 ταύτῃ
1475 2682 1848 2753 χορεύσωμεν,

274 2771 616 2836 ἐκϐοῶντες,
673 2773 919 2829 Δέσποτα
965 2773 1167 2845 Χριστὲ
1193 2815 1208 2841 ,
1247 2774 1421 2827 σῶσον
1462 2773 1588 2836 τοὺς
1631 2771 1850 2835 δούλους

280 2882 400 2925 σου,
424 2864 549 2927 τοὺς
579 2865 636 2916 ὲν
673 2865 851 2917 πίστει
876 2864 1316 2934 προσκυνοῦντας
1350 2882 1431 2919 σε.

355 2958 660 3030 Παρθενίας
721 2959 972 3012 κάλλεσιν
1020 2957 1327 3030 ὠραιώθης,
1358 2959 1595 3029 ἄχραντε
1662 2958 1847 3028 ἁγνὴ,

275 3049 517 3102 τεκοῦσα
550 3049 638 3101 τὸν
682 3050 911 3119 ποιητὴν
960 3036 1177 3104 πάντων
1229 3050 1324 3103 καὶ
1372 3049 1526 3113 Θεὸν,
1575 3048 1668 3102 τὸν
1716 3048 1849 3120 ᾅδην

286 3139 656 3193 σκυλεύσαντα
688 3141 781 3193 καὶ
808 3143 919 3203 τοῖς
951 3143 1165 3211 νεκροῖς
1201 3141 1436 3212 νέμοντα
1464 3139 1637 3212 ζωήν,
1667 3132 1730 3193 οὗ
1751 3139 1849 3211 τὴν

282 3232 584 3290 ἀνάστασιν
609 3232 910 3302 θεοφρόνως
938 3233 1285 3303 ἑορτάζομεν.
1838 3240 1846 3248 ⁴

790 3323 1093 3392 ,Τμηθεῖσα
1116 3324 1351 3393 τμᾶται.

356 3417 599 3486 Μωῦσῆς
638 3414 836 3468 ὲτύπου
869 3415 1046 3469 ’πάλαι
1091 3433 1184 3469 σου
1210 3456 1225 3479 ,
1272 3417 1513 3487 Χριστὲ,
1567 3415 1665 3487 τὴν
1703 3416 1853 3470 θείαν

286 3508 619 3579 σταύρωσιν,
666 3508 756 3560 τὸν
790 3508 910 3577 ὅφιν
952 3507 1189 3577 ἀνυψῶψ
1231 3508 1325 3563 καὶ
1366 3508 1475 3578 γὰρ
1520 3507 1855 3578 σταυρωθετς

285 3599 531 3670 ἐνέῳξας
575 3601 705 3670 ἡμῖν
781 3598 875 3652 τοῦ
927 3599 1256 3670 παραδείσου
1316 3599 1509 3664 πύλας·
1569 3598 1744 3664 τεθεὶς
1797 3598 1854 3651 δὲ

286 3691 480 3760 ἇσπερ
511 3689 701 3761 νεκρὸς
729 3691 786 3743 ὲν
816 3690 893 3759 τῷ
911 3691 1151 3763 μνήματι
1178 3691 1407 3762 νεκροὺς
1429 3691 1859 3760 συνανέστησας,

288 3783 386 3836 καὶ
419 3781 549 3853 ᾇδην
583 3780 928 3851 ἐγύμνωσας.
1477 3791 1481 3796 ’

289 3940 293 3943 _
361 3876 598 3945 Χριστὸς
622 3874 842 3946 ἀνέστη·
889 3872 1133 3944 ᾄσωμεν,
1159 3873 1299 3941 λαοὶ,
1338 3875 1432 3928 καὶ
1465 3874 1858 3945 μεγαλύνωμεν

284 3968 350 4021 τὸ
381 3967 552 4037 ὄνομα
582 3965 770 4030 αὑτοῦ,
800 3966 894 4020 καὶ
919 3967 1289 4036 χορεύσωμεν,
1312 3967 1410 4026 καὶ
1430 3967 1689 4037 ψάλωμεν
1711 3968 1859 4038 αὐτῷ

293 4058 500 4121 πιστῶς
521 4058 594 4122 ὡς
620 4060 812 4128 νικητῇ
842 4056 932 4110 τοῦ
963 4058 1110 4128 ᾅδου·
1139 4060 1229 4111 καὶ
1255 4059 1538 4129 βοήσωμεν
1567 4058 1856 4130 λαμπρῶς,

290 4151 679 4222 Ἐξεγήγερται
699 4150 727 4202 ὁ
742 4148 823 4203 Κύ
834 4167 965 4220 ριος,
980 4149 1216 4214 ἅπαντες
1230 4151 1468 4221 φαιδρῶς
1489 4152 1545 4206 ὲο
1553 4151 1732 4221 ρτὰσω
1739 4167 1859 4220 μεν.

379 4241 750 4311 ’Ᾱγαλλιάσθω
802 4240 989 4295 ἅπασα
1038 4241 1070 4310 ἡ
1114 4243 1216 4318 γῆ..
1273 4241 1509 4312 Χριστὸς
1566 4242 1862 4312 ἐγήγερται

1670 207 2077 271 TRIODIUM.

3376 210 3514 271 393.2

2224 317 2341 376 Tibi
2368 332 2457 385 per
2491 333 2643 388 quem
2674 318 2857 371 omnia
2884 319 3031 386 facta
3063 328 3203 373 sunt.
3428 306 3432 311 ’

2017 409 2210 465 llostcs
2258 410 2492 479 improbi
2549 409 2642 478 qui
2697 409 2826 463 olim
2882 409 2936 463 in
2992 409 3211 467 deserto
3270 412 3515 467 sitientes

1942 509 2202 557 suxerunt
2237 502 2341 555 mel
2371 500 2437 555 de
2472 507 2623 570 petra
2674 500 2932 556 mandato
2956 511 3072 565 tuo,
3112 502 3232 568 tibi,
3269 502 3515 568 Clu-iste,

1940 608 2037 662 per
2089 607 2249 661 quem
2302 590 2485 645 omnia
2532 598 2744 660 patrata
2779 598 2927 667 sunt,
2967 607 3091 647 cum
3125 594 3402 664 pendebas
3449 598 3517 651 de

1943 697 2107 737 cruce
2137 688 2503 752 porrexerunt
2547 679 2615 733 fel
2648 681 2857 741 bibere.
3406 696 3409 699 “

2014 771 2218 828 Passus
2252 786 2334 835 es,
2370 785 2403 822 ο
2446 767 2684 833 Christe,
2727 780 2956 829 mortem
2994 776 3196 841 crucis,
3237 776 3516 847 depositus
3592 800 3599 813 ι

1945 871 2125 918 autem
2163 865 2215 919 in
2251 867 2502 934 sepulcro
2535 864 2825 931 exanimis,
2871 880 3063 921 omnes
3112 882 3142 921 a
3188 869 3386 923 saeculo
3423 870 3519 925 de-

1944 952 2158 1010 functos
2189 964 2311 1025 post
2347 963 2457 1010 tres
2490 956 2608 1013 dies
2639 955 2898 1020 suscitas,
2940 962 3090 1010 tuam
3127 956 3346 1029 hymnis
3376 962 3519 1017 cele-

1942 1044 2167 1101 brantes
2201 1047 2654 1103 misericordiam.

2015 1136 2228 1202 Venite,
2261 1138 2585 1207 plaudamus
2630 1139 2909 1206 manibus,
2946 1154 3108 1197 sacro
3145 1149 3199 1195 et
3242 1141 3518 1198 modulato

1943 1228 2188 1284 carmine
2201 1228 2504 1297 jubilantes
2536 1231 2782 1290 dicamus
2817 1250 2831 1287 :
2861 1231 3056 1287 Omnia
3087 1247 3253 1302 opera
3275 1232 3515 1299 Domini,

1945 1317 2163 1373 laudate
2196 1317 2506 1376 Dominum.

2010 1405 2249 1475 Gaudes,
2304 1424 2338 1465 ο
2392 1410 2764 1480 immaculata,
2818 1431 3049 1474 cernens
3108 1418 3421 1474 Creatorem
3485 1433 3512 1470 a

1942 1501 2175 1557 mortuis
2202 1503 2527 1558 suscitatum
2562 1508 2792 1575 gratiam
2831 1518 2886 1564 et
2923 1509 3090 1564 vitam
3125 1522 3180 1564 et
3211 1511 3514 1566 libertatem

1944 1590 2367 1649 distribuentem
2410 1598 2664 1655 omnibus
2704 1599 2795 1670 qui
2838 1601 3179 1677 proclamant
3216 1602 3367 1657 illum
3401 1617 3519 1658 om-

1869 1679 2092 1747 Bonium
2120 1696 2242 1751 quae
2274 1690 2403 1737 sunt
2431 1683 2622 1740 Deum.

2481 1774 2681 1842 Isaias,
2711 1778 2897 1833 choros
2927 1796 3041 1848 age.

2017 1861 2274 1920 Christus
2320 1868 2645 1934 resurrexit,
2676 1868 2960 1924 destructo
3017 1869 3193 1924 hostis
3252 1870 3519 1938 imperio;

1946 1953 2397 2022 laetamini,coeli,
2437 1960 2673 2026 exsulta,
2713 1961 3023 2030 terra.;jam
3057 1977 3165 2017 non
3206 1963 3522 2018 dominatur

1947 2060 2128 2115 mors;
2165 2048 2239 2102 illi
2270 2050 2434 2116 enim,
2461 2060 2734 2106 annuente
2761 2050 3016 2117 Domino,
3039 2055 3209 2123 erepti
3234 2063 3359 2110 sunt
3382 2070 3526 2125 quos

1947 2139 2190 2208 potentia
2224 2139 2430 2195 crudeli
2464 2142 2683 2195 tenebat
2720 2143 3022 2199 devinctos.

2015 2227 2305 2284 Tumulum
2353 2231 2474 2299 ejus
2533 2233 2623 2302 qui
2685 2233 2807 2287 vita:
2861 2243 2946 2289 est
3002 2234 3216 2304 praevias
3282 2236 3523 2291 tulerunt

1949 2318 2206 2374 mulieres
2257 2329 2503 2374 aromata
2551 2322 2617 2374 ad
2670 2322 2977 2392 ungendum
3023 2332 3075 2379 te
3120 2326 3358 2380 divinam
3396 2341 3521 2380 aro—-

1948 2418 2153 2464 matum
2207 2410 2589 2483 fragrantiam,
2641 2422 2823 2483 teque-
2853 2417 3224 2473 resurrexisse
3272 2416 3525 2474 videntes

1947 2502 2424 2557 concelebraruut.

2015 2591 2140 2646 Dies
2170 2599 2254 2648 est
2302 2594 2653 2662 acceptabilis
2695 2611 2858 2666 quam
2906 2595 3036 2651 fecit
3081 2595 3367 2658 Dominus.
3405 2599 3523 2653 dies

1950 2682 2279 2752 perillustris
2322 2690 2375 2738 et
2423 2684 2820 2753 celeberrima;
2857 2688 3211 2744 exsultemus.
3243 2690 3311 2743 in.
3346 2703 3429 2753 ea,
3471 2702 3524 2744 et

1950 2773 2355 2828 conclamemus
2399 2791 2412 2829 :
2458 2774 2681 2832 Domine
2716 2775 2950 2844 Christe,
2994 2779 3301 2835 salvosrl‘ae
3333 2796 3523 2837 servos

1953 2871 2075 2917 tuos
2108 2863 2398 2918 adorantes
2428 2870 2482 2918 te
2510 2863 2565 2919 in
2600 2864 2725 2922 ﬁde.
2963 2928 2968 2933 ,

2021 2955 2322 3012 Purissima
2344 2956 2530 3026 Virgo,
2556 2957 2687 3015 ﬁore
2708 2960 3038 3032 virginitatis
3061 2963 3340 3030 decorata,
3357 2964 3550 3020 Deum.

1952 3051 2213 3120 peperisti
2265 3056 2510 3109 omnium
2558 3061 2885 3119 creatorem,
2923 3055 3124 3112 devicti
3171 3057 3525 3128 Spoliatorem

1954 3140 2153 3197 inferni
2210 3145 2685 3215 viviﬁcantemque
2735 3155 2983 3203 mortuos
3029 3154 3179 3203 tuam
3238 3149 3324 3219 pie
3378 3150 3524 3206 cele-

1953 3230 2174 3288 bramus
2209 3237 2690 3291 resurrectionem.

2478 3325 2661 3382 Divisa
2694 3327 2975 3382 dividitur.

2025 3411 2238 3482 Moyses
2295 3419 2602 3480 serpentem
2664 3415 2883 3485 erigens
2942 3415 3193 3486 ﬁguravit
3248 3416 3378 3471 olim
3433 3427 3527 3479 te,

1954 3502 2189 3570 Christe,
2221 3504 2541 3557 cruciﬁxum
2582 3506 2776 3559 :cruci
2825 3506 2969 3560 enim
3023 3506 3215 3563 aﬁixus
3265 3510 3529 3578 aperuisti

1956 3595 2135 3659 nobis,
2169 3594 2438 3664 Salvator,
2466 3596 2705 3668 paradisi
2751 3604 2960 3667 portas,
2996 3606 3048 3651 et
3090 3600 3304 3667 positus
3343 3600 3396 3654 in
3443 3618 3529 3656 se-

1956 3689 2146 3760 pulcro
2180 3696 2239 3742 ut
2277 3698 2528 3744 mortuus
2563 3698 2807 3745 mortuos
2840 3697 3018 3744 tecum
3064 3705 3293 3760 surgere
3329 3692 3528 3757 fecisti,

1958 3783 2428 3853 depopulatusque
2459 3797 2519 3837 es
2550 3781 2774 3837 inferos.

2028 3874 2281 3929 Christus
2318 3872 2641 3939 resurrexit,
2671 3873 2878 3944 populi,
2919 3882 3116 3930 cautus
3161 3875 3389 3930 edamus
3435 3875 3531 3929 ιω-

1962 3965 2093 4020 ιὶιίιο
2124 3974 2178 4020 et
2213 3967 2549 4024 exsultemus
2578 3975 2632 4023 et
2663 3966 2967 4035 psallamus
3009 3965 3083 4019 illi
3130 3976 3190 4019 ut
3228 3966 3535 4020 inferorum

1961 4052 2177 4115 victori,
2219 4052 2627 4123 clamemusque
2675 4061 2908 4122 aperte:
2947 4050 3197 4108 Surrexit
3248 4045 3537 4119 Dominus,

1962 4144 2102 4199 diem
2136 4145 2277 4220 hanc
2306 4145 2469 4200 hilari
2492 4146 2685 4200 animo
2705 4145 3066 4201 celebremus.
3222 4138 3228 4143 ’

2033 4237 2270 4294 Laetetur
2307 4239 2488 4295 omnis
2521 4248 2692 4302 terra,
2719 4236 2974 4292 Christus
3016 4237 3316 4293 resurrexit
3346 4252 3534 4292 secum

292 4333 523 4400 ζωῶσας
538 4333 664 4397 τους
688 4329 935 4402 νεκρούς
960 4334 1287 4402 μυροφόροις
1300 4350 1358 4385 τε
1384 4333 1465 4385 τό’
1486 4332 1739 4401 Χαίρετε,
1765 4332 1850 4405 βοᾷ

1976 4331 2308 4387 resuscitans
2360 4320 2659 4384 mortuos:
2693 4342 2965 4399 apparens
3010 4328 3244 4397 primum
3290 4327 3538 4381 mulieri-

295 4426 490 4488 αύταίς
526 4422 881 4495 ἐμφανισθεὶς
910 4425 971 4475 τὸ
993 4422 1233 4491 πςῶτον,
1265 4423 1485 4487 Ἀπιτε,
1531 4424 1864 4493 παρεγγυῶν

296 4515 396 4570 νῦν
422 4518 533 4578 τοῖς
562 4514 738 4582 φίλοις
769 4530 870 4583 μου
895 4511 993 4584 τήν
1019 4512 1170 4567 θείαν
1193 4525 1295 4582 μου
1311 4511 1529 4586 ἔγερσιν
1559 4514 1866 4580 σπουδαίως

298 4628 369 4677 κη
381 4607 597 4675 ρύξατε.

368 4701 562 4770 Χαῖρε,
589 4698 788 4771 χωρίον
815 4696 907 4750 τοῦ
942 4695 1314 4765 Δημιουργοῦ,
1356 4698 1536 4765 χαῖρε,
1566 4696 1866 4766 παράδεισε

298 4792 506 4862 Κυρίου
532 4792 714 4858 λογικὲ
738 4830 753 4853 ,
785 4793 962 4861 χαῖρε,
995 4789 1193 4860 οὖρανὲ
1227 4789 1322 4840 καὶ
1361 4786 1516 4859 θρόνε
1565 4789 1660 4840 καὶ
1695 4788 1868 4858 σκηνὴ

298 4890 356 4938 ἐν
457 4886 692 4956 Ποιητὴς
726 4885 1033 4954 σκηνώσας,
1067 4881 1128 4935 τὸ
1159 4880 1252 4933 τοῦ
1282 4880 1408 4951 ᾅδου
1441 4879 1680 4949 ἁμειδὲς,
1707 4879 1868 4949 ἁγνὴ,

301 4981 594 5047 σκήνωμα,
642 4977 944 5040 σκυλεύσας
1002 4978 1299 5045 ἀνέστησεν
1333 4973 1451 5025 ἐκεῖ
1491 4971 1615 5036 τοὺς
1670 4970 1869 5055 καθεύς

298 5069 511 5129 δόντας.

496 5159 710 5227 Κύριος
736 5157 820 5211 ῶν
839 5157 1080 5211 πάντων
1108 5156 1204 5213 καὶ
1239 5157 1489 5225 κτίστης
1524 5157 1686 5220 (sedc.

374 5250 688 5322 Σταύρωσιν
743 5249 977 5318 ὑπέστης
1008 5247 1244 5317 θελήσει,
1278 5249 1500 5319 Χριστὲ,
1543 5248 1637 5300 καὶ
1667 5246 1868 5314 ὀνείδη,

299 5346 450 5407 ὅπως
479 5343 636 5414 ήμῶν
667 5343 881 5395 πάντων
909 5341 1047 5414 ἄρῃς
1074 5340 1134 5390 τὸ
1165 5339 1364 5403 ὄνειδος
1402 5341 1496 5393 καὶ
1520 5338 1785 5407 κατῆλθες
1815 5339 1873 5388 ἐν

300 5434 459 5501 τάφῳ
489 5432 564 5494 ὡς
599 5431 824 5501 θνητοὺς
871 5426 1109 5484 ἁνιστῶν
1138 5431 1388 5498 καταφθα
1401 5429 1587 5500 ρέντας
1614 5447 1625 5459 ·
1645 5426 1771 5493 δόξα
1808 5430 1871 5496 τῇ

304 5524 695 5593 παντοδυνᾶμῳ
720 5540 809 5577 σου
839 5522 1075 5595 ἐξουσία,
1108 5521 1382 5579 πολυέλεε.

1968 4423 2068 4475 bus
2096 4438 2217 4492 quia
2245 4422 2487 4477 ferebant
2508 4429 2771 4483 aromata,
2799 4418 2876 4472 ait
2907 4419 3016 4474 illis
3049 4437 3062 4473 :
3093 4418 3358 4483 Gaudete,
3393 4418 3541 4475 festi-

1966 4518 2161 4564 nanter
2192 4510 2455 4565 abeuntes
2497 4524 2673 4563 meam
2717 4507 3040 4562 annuntiate
3073 4509 3537 4564 resurrectionem

1967 4601 2161 4655 amicis
2192 4601 2348 4655 meis.

2041 4690 2235 4756 Salve,
2286 4690 2596 4746 castissima
2656 4688 2851 4760 Virgo,
2912 4689 3169 4760 praedium
3224 4690 3539 4753 Creatoris,

1970 4782 2140 4847 salve,
2168 4782 2420 4852 paradise
2452 4781 2757 4852 spiritualis
2786 4780 3023 4842 Domini,
3048 4783 3272 4847 cmlum,
3308 4784 3543 4837 thronus

1970 4882 2025 4928 ct
2066 4873 2221 4928 locus
2257 4872 2345 4927 ubi
2379 4873 2608 4926 Creator
2643 4872 2755 4925 ﬁxit
2801 4872 3237 4939 tabernaculum,
3268 4874 3541 4943 spolians-

1970 4980 2078 5035 que
2124 4964 2309 5019 tristes
2364 4962 2569 5017 inferos
2618 4960 2984 5032 expergefecit
3025 4978 3225 5019 omnes
3262 4965 3351 5020 hie
3418 4967 3549 5021 dor-

1971 5056 2225 5110 micntes.

2183 5145 2316 5201 Cum
2344 5147 2416 5198 sis
2455 5142 2711 5199 Dominus
2742 5153 2791 5199 et
2825 5145 3046 5200 Creator
3076 5147 3330 5201 omnium.

2043 5236 2272 5290 Crucem
2303 5234 2608 5289 voluntarie
2628 5241 2684 5288 et
2704 5234 2948 5288 convicia
2974 5249 3169 5303 passus
3201 5249 3282 5296 es,
3306 5232 3544 5293 Christe,

1976 5339 2033 5382 ut
2079 5344 2178 5382 nos
2227 5340 2418 5379 omnes
2457 5324 2524 5375 ab
2577 5324 2996 5391 exprobratione
3022 5325 3325 5389 eximercs;
3385 5332 3435 5375 et
3494 5326 3545 5377 in

1976 5421 2287 5490 sepulcrum
2319 5414 2655 5473 descendisti
2690 5416 2755 5467 ad
2791 5417 3244 5471 resurrectionem
3297 5423 3548 5468 mortuo-

1979 5530 2098 5566 rum
2137 5514 2208 5565 ibi
2237 5512 2597 5580 pcrditorum,
2631 5520 2798 5574 tuam,
2825 5523 2856 5561 ο
2881 5506 3034 5561 valde
3072 5501 3407 5568 misericors,
3433 5505 3554 5573 latr»

1979 5603 2107 5656 dcnt
2147 5616 2335 5655 omnes
2371 5601 2688 5667 potentiam,
