3898 6320
101 228 249 289 3925

1517 237 1918 302 TRIODIUM.

3242 243 3385 307 3926

97 337 200 389 καὶ
227 337 468 391 ἀπέλυσε
495 341 619 405 τοὺς
656 343 1110 417 πρὶνδεσμῶτας,
1145 346 1280 418 μετὰ
1332 346 1516 419 ψυχῆς
1554 367 1685 405 κατ-

1813 347 2042 413 )omine,
2099 348 2414 421 liberosque
2479 347 2728 405 evomuit
2762 342 2885 418 qui
2949 346 3108 419 prius
3170 350 3383 407 detine-

103 427 241 483 ιδών
274 446 334 482 σε
363 432 419 484 ἐν
448 449 560 497 τοις
592 436 965 507 καραχθονὶοις
987 439 1292 512 γινόμενον.

145 614 348 699 ,Μύρα
386 633 466 669 σοι
498 617 733 686 γυναίων
757 620 832 686 ὡς
891 621 1177 693 τεθνηκότι
1224 627 1440 697 κομίζει
1481 628 1639 700 χορός
1676 646 1688 659 ν

99 702 248 755 ἀλλὰ
279 703 482 773 βλέψας
509 722 567 758 σε
594 707 967 780 ἐγηγερμένον
989 712 1102 775 τοῖς
1143 712 1310 784 ἱεροῖς
1365 712 1691 779 ἀποστόλοις

102 794 401 864 συνέχαιρε
427 795 667 863 δοξάζων
697 814 778 864 σε,
813 799 1010 873 Κύριε.
1442 802 1452 813 ’

170 884 369 953 Ἀγιον
384 885 577 953 ἁγίων,
604 889 899 961 ὑπεραγια,
927 890 1161 947 τεκοῦσα
1184 893 1336 958 Θεὸν,
1354 891 1691 966 τοῦτονθνή·

98 975 278 1040 ξαντα
308 977 627 1042 ἐθελουσίως
679 980 771 1034 καὶ
809 983 873 1035 ὲκ
902 983 1111 1055 νεκρῶν
1150 984 1456 1040 ἀναστάντα
1486 985 1691 1052 ἰδοῦσα,

98 1067 454 1138 εὐφροσύνης
486 1070 866 1143 πεπλήρωσαι.

484 1164 550 1214 02
594 1161 803 1230 παῖδες
851 1164 924 1218 ἐν
968 1164 1300 1221 Βαϐυλῶνι.

175 1250 311 1302 Ὅτε
364 1267 422 1303 σε
475 1250 625 1322 ἥλιος
677 1247 782 1306 εἶδε
817 1255 1038 1327 σταυρῷ
1087 1257 1457 1329 κρεμάμενον,
1507 1258 1689 1324 Ἥλιε,

98 1340 425 1413 ἐσκοτίσθη,
470 1344 566 1396 καὶ
622 1343 693 1414 γῆ
756 1345 1051 1417 ἐσαλεύθη,
1107 1348 1201 1402 καὶ
1268 1349 1467 1422 πέτραι
1532 1349 1685 1420 ἐσχι-

100 1431 339 1499 σθησαν,
396 1433 489 1486 καὶ
549 1435 600 1487 οἱ
663 1439 849 1507 νεκροὶ
904 1438 1209 1510 ἀνέστησαν
1260 1441 1325 1494 ὲκ
1363 1439 1474 1494 τῶν
1503 1441 1689 1511 τάφων

98 1522 402 1592 ὑμνοῦντες
432 1538 513 1578 σε.
788 1554 793 1573 ρ

174 1615 535 1686 Προσομιλῷν
590 1620 702 1682 τοῖς
745 1618 802 1672 ὲν
851 1620 951 1692 ᾆδη
1009 1624 1147 1693 μετὰ
1199 1623 1400 1695 ψυχῆς,
1474 1626 1503 1679 ὁ
1554 1625 1690 1689 Θεὸς

96 1704 312 1775 ἡμῶν,
399 1709 730 1780 συνεγείρεις
816 1714 1043 1783 νεκροὺς

96 1802 307 1872 φρικτῇ
353 1818 445 1854 σου
480 1801 917 1872 κραυγάζοντσς,
950 1806 1253 1877 Εὐλογητὸς
1297 1803 1384 1873 εἴ,
1432 1807 1603 1881 Κύριε
1655 1809 1685 1862 ὀ

94 1891 260 1953 Θεὸς.

170 1980 286 2043 Τάς
345 1982 540 2053 άρετὲις
594 1983 669 2047 ὡς
728 1984 960 2057 χιτῶνας
1004 1988 1406 2060 άμφιασθῶμεν
1467 1990 1671 2059 ἀστρά-

97 2086 333 2135 πτοντες
355 2075 419 2144 τῇ
460 2076 663 2148 ἡμέρᾳ,
703 2079 906 2141 πιστοὶ,
935 2082 1000 2150 τῇ
1051 2080 1147 2133 τοῦ
1181 2081 1394 2151 Πάσχα,
1426 2082 1521 2134 καὶ
1542 2080 1683 2152 λαμ·
1734 2110 1737 2113 λ

99 2164 261 2235 πρῶς
296 2166 670 2236 ὲκϐοῆσωμεν·
711 2170 1012 2241 Εὐλογητὸς
1042 2166 1112 2235 εἷ,
1146 2172 1322 2242 Κύριε
1349 2173 1377 2226 ὁ
1406 2172 1561 2237 Θεός.

173 2344 282 2398 Τὸν
314 2346 650 2417 νικητὴντοῦ
682 2347 916 2404 θανάτου
951 2351 1046 2404 καὶ
1103 2351 1194 2405 σὸν
1228 2353 1356 2413 Υἱὸν
1413 2353 1509 2406 καὶ
1549 2352 1683 2407 Θεὸν

97 2436 266 2507 ἡμῶν
324 2438 643 2507 κατιδοῦσα,
698 2441 865 2512 ἁγνὴ,
934 2443 1231 2515 ἐγερθέντα
1280 2445 1345 2498 ὲκ
1389 2445 1484 2500 τοῦ
1513 2446 1683 2516 τάφου

101 2525 438 2599 ὲκραύγαζεσ
473 2530 775 2601 Εὐλογητὸς
803 2527 872 2598 εἴ,
910 2531 1082 2604 Κύριε
1114 2534 1142 2586 ὁ
1178 2533 1328 2599 Θεός.

387 2640 600 2708 Νόμων
634 2640 920 2709 πατρῴων
946 2644 999 2696 οι
1034 2647 1415 2713 μακαριστοί.

178 2801 518 2873 Σταυροῦσαι
541 2804 732 2871 θέλων,
767 2805 1104 2879 ύπεράγαθε,
1134 2810 1229 2862 καὶ
1255 2811 1312 2862 ἐν
1343 2809 1516 2880 καινῷ
1543 2827 1682 2881 μνη-

106 2893 252 2964 μείῳ
288 2894 491 2958 ἄπνους
545 2896 901 2961 κατάκεισαι,
959 2900 1057 2953 καὶ
1108 2902 1326 2971 νεκροῖς
1400 2902 1679 2970 ὲμπνὲεις,

105 2985 377 3050 Δέσποτα,
414 2985 578 3057 ζωὴν,
614 2984 726 3058 ζωὴ
777 2989 1059 3060 ὑπάρχων,
1092 2990 1185 3042 καὶ
1216 2990 1551 3063 συνεγείρεις
1599 2992 1681 3044 κό-

1796 438 1997 494 bantur
2023 441 2248 511 captivi,
2279 447 2333 498 te
2373 454 2611 498 cernens
2658 439 2842 496 vivum
2889 438 3032 497 inter
3081 439 3383 498 inferorum

1796 529 2034 587 incolas.

1865 608 2121 678 Mulieres
2152 621 2393 679 alterunt
2424 622 2519 679 tibi
2557 632 2818 693 tanquam
2866 630 3088 678 mortuo
3112 627 3381 689 aromata;

1795 709 1889 766 sed
1940 710 2187 768 videntes
2233 712 2362 783 quia
2410 726 2822 778 resurrexeras,
2855 711 3205 783 congaudent
3261 725 3384 766 cum

1793 805 2000 861 sanctis
2030 806 2317 875 apostolis,
2354 805 2732 876 gloriﬁcantes
2762 814 2835 873 te,
2872 804 3125 861 Domine.

1865 893 2227 949 Sanctissima
2294 892 2488 965 Virgo,
2547 909 2669 964 quae
2732 893 2995 949 Sanctum
3058 900 3378 950 sanctorum

1793 987 2051 1058 peperisti
2108 984 2312 1053 Deum;
2351 1000 2473 1041 cum
2533 985 2684 1041 hunc
2739 984 3052 1041 voluntarie
3106 992 3397 1047 mortuum.

1796 1077 2197 1133 exsuscitatum
2221 1075 2476 1142 vidisses,
2509 1074 2717 1146 repleta
2749 1089 2809 1131 es
2836 1073 3059 1147 gaudio.

2285 1166 2291 1170 ’
2309 1164 2469 1222 Pueri
2497 1167 2552 1220 in
2581 1164 2870 1238 Babylone.

1862 1256 1955 1314 Sol
2009 1272 2135 1313 cum
2196 1255 2336 1312 vidit
2373 1263 2425 1312 te
2463 1254 2709 1312 divinum
2760 1254 2933 1311 solem
2974 1253 3306 1326 pendentem
3352 1269 3385 1308 a

1790 1348 1961 1418 ligno,
1993 1347 2326 1403 obscuratus
2370 1352 2476 1412 est,
2515 1352 2569 1400 et
2609 1351 2884 1399 commota
2911 1352 2997 1401 est
3034 1351 3178 1399 terra
3209 1352 3268 1399 et
3298 1344 3382 1398 la-

1789 1438 1944 1508 pides
1983 1437 2173 1495 scissae
2206 1442 2369 1504 sunt,
2416 1443 2472 1491 et
2513 1432 2809 1490 laudantes
2848 1444 2901 1490 te
2927 1435 3133 1491 mortui
3172 1434 3383 1506 egressi

1789 1536 1918 1585 sunt
1949 1543 1980 1585 e
2018 1529 2297 1599 sepulcro,
3147 1525 3152 1528 ’

1860 1619 1936 1677 Te
1974 1635 2100 1676 cum
2138 1621 2325 1677 anima
2357 1619 2708 1691 colloquente
2739 1618 2794 1674 in
2836 1615 3054 1674 inferno
3090 1632 3215 1673 cum
3239 1631 3383 1672 mor-

1136 1717 1202 1784 τῇ
1284 1715 1500 1786 ὲγέρσει
1598 1717 1664 1786 τῇ

1813 1712 1879 1766 iis
1908 1712 2304 1783 expergefacis,
2333 1726 2366 1766 ο
2397 1711 2540 1766 Deus
2571 1719 2778 1774 noster,
2836 1719 3089 1765 mortuos
3112 1709 3382 1780 stupenda

1789 1814 1881 1863 tua
1935 1807 2365 1875 resurrectione,
2412 1806 2717 1863 clamantes
2774 1824 2787 1862 :
2839 1805 3168 1862 Benedictus
3207 1818 3289 1869 es,
3347 1818 3381 1856 o

1744 1966 1751 1973 γ
1785 1898 2014 1953 Domine
2048 1898 2214 1955 Deus.

1855 1989 1915 2045 lu
1971 1989 2075 2045 hac
2138 1990 2228 2049 die
2280 1987 2592 2058 Paschatis,
2658 2004 2763 2047 nos
2832 1987 3018 2043 ﬁdeles
3067 1985 3374 2043 virtutibus

1784 2078 2302 2135 circumvestiamus
2383 2087 2646 2149 tanquam
2734 2076 3076 2133 indumentis
3162 2074 3379 2146 fulgen-

1786 2169 1933 2223 tibus
1991 2174 2045 2222 et
2096 2174 2284 2237 aperte
2344 2168 2647 2225 clamemus
2698 2185 2712 2223 :
2758 2165 3090 2221 Benedictus
3132 2178 3214 2229 es,
3275 2163 3380 2217 Do-

1786 2259 1934 2315 mine
1968 2258 2135 2313 Deus.

1854 2349 2018 2406 Casta
2052 2348 2218 2420 Virgo
2246 2364 2370 2406 cum
2410 2350 2640 2406 vidisset
2690 2348 2889 2404 Filium
2929 2348 3051 2418 ejus
3081 2346 3378 2404 Dominum

1785 2449 2036 2497 nostrum
2071 2449 2444 2498 resurrectum
2472 2441 2737 2496 victorem
2778 2437 2975 2494 mortis
3005 2437 3328 2495 exclamavit
3362 2456 3381 2492 ι

1785 2531 2111 2589 Benedictus
2142 2549 2226 2596 es,
2258 2531 2486 2587 Domine
2517 2530 2679 2589 Deus.

1891 2646 2090 2720 Legum
2122 2647 2353 2704 Patrum
2391 2662 2611 2720 suorum
2636 2644 3005 2720 observatam
3043 2646 3274 2701 maxime

2432 2715 2715 2770 laudandi.

1855 2806 2088 2862 Crucem
2121 2804 2432 2859 voluntarie
2469 2818 2662 2874 passus
2694 2819 2776 2872 es,
2829 2822 2867 2861 ο
2907 2802 3377 2872 clementissime,

1784 2906 1839 2951 et
1882 2896 2096 2965 positus
2131 2894 2185 2948 in
2230 2900 2594 2948 monumento
2640 2909 2786 2950 novo
2833 2903 3084 2951 mortuus
3130 2893 3377 2951 insumas

1784 2989 1947 3043 vitam
1978 2985 2273 3048 defunctis,
2295 2984 2543 3051 Domine,
2563 3000 2687 3040 cum
2710 2988 2787 3043 sis
2808 2987 2940 3050 vita,
2969 2997 3258 3058 tecumque
3287 3003 3377 3044 as-

109 3093 247 3144 σμον
313 3077 489 3147 ἑαυτῷ
516 3056 523 3057 7
546 3056 854 3150 ἐξεγερθεὶς
870 3056 903 3147 ,ν
929 3056 1278 3151 άνυμνοῦντα
1331 3056 1393 3136 τὸ
1438 3056 1451 3063 ⁷
1481 3083 1680 3153 κράτος

1818 3093 2011 3150 urgere
2040 3075 2174 3132 facis
2212 3076 2474 3131 mundum
2504 3082 2655 3131 tuam
2682 3092 2806 3130 eum
2838 3085 3075 3132 tremore
3106 3056 3376 3132 extollen-

110 3184 207 3220 σου
268 3168 360 3221 καὶ
409 3169 556 3239 φῦὄῳ
606 3171 981 3242 μελῳδοῦντα·
1014 3173 1118 3226 Τὸν
1164 3174 1369 3244 Κύριον
1422 3175 1679 3246 ὑμνεῖτε,

113 3255 183 3310 τὰ
209 3254 365 3325 ἔργα.

196 3345 284 3398 Ἑν
340 3347 636 3418 κατωτάτω
691 3350 897 3420 λάκκῳ,
954 3350 1146 3420 Κύριε,
1181 3351 1272 3404 σοῦ
1331 3353 1687 3417 καταϐάντος,

113 3435 263 3491 πᾶσα
315 3436 475 3504 φύσις
532 3438 830 3507 ἀνήνεκται
861 3439 967 3491 τῶν
1016 3440 1341 3510 ἀνθρώπων,
1398 3443 1490 3495 καὶ
1530 3442 1688 3497 λελύ-

82 3545 319 3596 ατρωται
374 3528 704 3599 καθείρξεως
758 3529 1031 3598 ζοφὼδους
1122 3531 1496 3601 ύμνολογοῦσά
1590 3551 1685 3586 σου

113 3618 211 3689 τὴν
270 3618 674 3690 εὐσπλαγχνίαν
752 3622 850 3690 τὴν
940 3621 1164 3692 πολλὴν,
1203 3622 1297 3677 καὶ
1379 3625 1477 3694 τὴν
1531 3625 1691 3687 ἄπει-

118 3728 209 3782 ρον
259 3711 508 3782 δύναμιν,
568 3714 661 3767 καὶ
708 3713 859 3783 φόὸῳ
918 3713 1234 3794 μελῳδοῦσα
1268 3732 1283 3746 ⁸
1322 3717 1425 3771 Τὸν
1489 3718 1693 3791 Κύριον

115 3804 146 3855 ύ
156 3805 356 3871 μνεῖτε.
438 3854 441 3855 ,

189 3896 376 3966 Πάσχα
422 3897 482 3950 τὸ
525 3897 668 3950 Θεῖον
716 3898 811 3952 καὶ
873 3897 1202 3968 σεϐάσμιον,
1273 3900 1466 3970 Πάσχα
1524 3920 1695 3973 σωτη-

118 3988 324 4059 ριῶδες,
348 3990 535 4060 Πάσχα
563 3992 831 4062 μακάριον
860 3991 1206 4063 ἑορτάσωμεν
1236 3992 1531 4064 γηθὸμενοι
1555 4011 1568 4025 ⁸
1602 3995 1697 4051 καλ

118 4076 282 4144 ὕμνον
305 4079 641 4151 εὐχαρίστως
668 4081 745 4151 τῷ
783 4082 1017 4157 ζωοόότῃ
1054 4086 1151 4140 καὶ
1194 4086 1493 4156 καινοποιῷ
1536 4087 1696 4159 ἡμῶν

119 4166 236 4236 θεῷ
288 4167 551 4222 ἐπινίκιον
586 4169 807 4242 ᾄσωμεν
835 4173 1139 4243 συμφώνως
1171 4172 1562 4244 μελῳδοῦντες
1591 4174 1695 4229 Τὸν

121 4258 163 4310 Κ
175 4258 321 4325 ύριον
355 4259 595 4330 ὑμνεῖτε.
1106 4320 1118 4359 ὶ

1787 3175 1889 3220 tem
1919 3165 2216 3237 potentiam
2246 3180 2260 3219 :
2296 3163 2472 3235 Opera
2518 3163 2753 3233 Domini,
2780 3164 3092 3222 benedicite
3126 3165 3373 3222 Domino.

1857 3339 1935 3395 Te
1978 3340 2361 3404 descendente,
2409 3341 2659 3408 Domine,
2696 3342 2750 3396 in
2806 3343 2989 3398 lacum
3038 3343 3379 3412 inferiorem,

1789 3432 1919 3487 inde
1951 3431 2226 3486 attraxisti
2256 3432 2541 3489 hominum
2576 3439 2828 3488 naturam
2861 3434 3135 3489 detentum
3163 3436 3215 3488 in
3249 3451 3374 3490 car-

1789 3539 1914 3579 cere
1969 3524 2284 3590 tenehroso,
2329 3525 2699 3580 celebrantem
2757 3541 2906 3581 nunc
2940 3526 3374 3581 misericordiam

1791 3626 1939 3669 tuam
1972 3631 2222 3686 magnam
2246 3617 2464 3686 vimque
2491 3616 2755 3693 infinitam
2778 3624 2832 3671 et
2861 3617 2975 3673 haze
3003 3600 3375 3674 moduiautem

1793 3721 1915 3760 cum
1953 3715 2231 3762 tremore:
2263 3705 2506 3762 Laudato
2535 3706 2841 3764 Dominum.

1865 3895 2072 3957 Pascha
2104 3893 2349 3948 divinum
2419 3892 2744 3962 praeclarum
2807 3902 2863 3948 et
2917 3892 3385 3961 saluberrimum,_

1796 3989 1923 4044 felix
1980 3987 2210 4051 Pascha,
2238 3994 2291 4042 te
2312 3985 2616 4056 gaudentes
2643 3986 3003 4052 celebramus,
3029 3987 3236 4056 tibique
3261 3995 3379 4043 stu-

1795 4078 2097 4150 pendorum
2131 4090 2242 4148 prae
2273 4075 2514 4131 novitate
2535 4075 2804 4147 patratori
2830 4083 2885 4133 et
2917 4091 2946 4130 a
2972 4092 3081 4147 quo
3108 4076 3377 4135 habemus

1795 4171 2000 4234 vivere,
2027 4167 2272 4223 unanimi
2323 4176 2490 4223 cantu
2550 4167 2906 4239 gratitudinis
2946 4168 3209 4239 hymnum
3253 4169 3376 4225 lita,

1797 4279 1920 4319 mus
1953 4249 2240 4318 dicentes:
2273 4259 2519 4315 Laudate
2552 4258 2875 4337 Dominum.
2971 4258 2980 4266 ’

195 4350 384 4448 Χαῖρε,
406 4352 681 4407 πεσόντων
697 4354 1093 4426 ἐπανόρθωσις,
1110 4349 1295 4428 χαῖρε,
1327 4357 1573 4429 κατάρας
1598 4357 1686 4409 λύ-

1870 4351 2049 4418 Salve,
2100 4350 2212 4405 Deo
2243 4349 2572 4408 charissima
2612 4349 2800 4424 Virgo,
2845 4361 2905 4407 tu
2930 4367 2991 4409 es
3028 4367 3217 4408 eorum
3278 4352 3376 4421 qui

124 4454 228 4503 at;,
256 4438 638 4512 θεοχαρίτωτε,
653 4446 834 4517 χαῖρε,
848 4445 991 4518 πύλη
1013 4446 1305 4513 ἀδιόδευτε,
1321 4448 1498 4517 χαῖρε,
1518 4446 1696 4516 φωτὸς

124 4530 341 4601 νεφέλη,
374 4538 554 4604 χαῖρε,
586 4536 827 4592 τεκοῦσα
852 4538 1045 4609 κόσμῳ
1068 4539 1170 4609 τὴν
1194 4539 1464 4610 σωτήριον
1493 4540 1695 4611 χαρὰν.

126 4627 296 4695 καῖρε,
315 4627 388 4695 Υῆ
407 4627 748 4700 ἀγεώργητε,
766 4634 945 4703 χαῖρε,
964 4631 1214 4702 βοώντων
1240 4633 1442 4703 σκέπη,
1466 4632 1556 4687 τὸν
1582 4633 1697 4688 Κύ-

124 4733 237 4785 ριον
266 4716 509 4787 ὑμνεῖτε.

314 4894 530 4962 Ξενίας
580 4898 952 4967 Δεσποτικῆς
987 4899 1086 4954 καὶ
1133 4898 1459 4956 ἀθανάτου.

197 4987 550 5058 Κατὲρῤαξας
571 4988 663 5042 τὸν
686 4987 912 5059 Ἐχθρὸν
935 4987 1070 5058 suos
1080 5005 1236 5059 μενος
1256 4990 1348 5043 ἐπὶ
1365 4989 1542 5056 ξύλου,
1564 5008 1699 5045 κατ-

124 5075 281 5146 ῆλθες
327 5077 387 5131 ἂν
428 5077 506 5148 τῷ
543 5078 645 5149 ᾄδῃ
684 5080 777 5131 καὶ
839 5079 1043 5141 πάντας
1090 5078 1216 5144 τοὺς
1277 5083 1394 5135 ἐκεῖ
1415 5079 1698 5151 δεσμώτας

126 5167 279 5231 ὄντας
307 5168 619 5241 ὲξήγειρας,
647 5171 800 5242 ἰσχὺν
829 5171 1243 5240 ἁπονεκρώσας,
1272 5171 1435 5240 Δὸγε,
1465 5171 1560 5227 τοῦ
1596 5173 1693 5227 θα-

129 5258 304 5327 νάτου,
331 5260 426 5314 καὶ
447 5260 647 5330 κράτος
673 5264 742 5332 τῇ
787 5261 1006 5332 ἐξουσίᾳ
1042 5279 1159 5315 σου.

195 5354 264 5406 Σὺ
282 5353 520 5417 ἀναστάς
560 5354 658 5422 τὴν
721 5354 858 5408 Σιὼν
903 5355 1274 5427 ᾠκτείρησας,
1306 5356 1560 5425 ζωοὸότα,
1599 5358 1696 5414 σὺν

135 5440 395 5515 μαθηταῖς
422 5441 657 5513 ἡμέραις
679 5444 737 5497 ὲν
778 5445 1018 5498 πλείοσιν
1047 5445 1235 5514 ὀφθείς
1257 5463 1297 5488 ἀ
1341 5448 1439 5503 καὶ
1488 5447 1698 5510 τούτοις

132 5533 571 5605 συναυλιζόμενος
596 5535 885 5607 κηρύττειν
917 5554 976 5590 σε
1007 5536 1140 5591 Θεὸν
1172 5539 1251 5605 εἰς
1301 5539 1369 5595 τὰ
1412 5539 1540 5611 ἔθνη
1612 5541 1697 5592 ἐν·

136 5626 334 5689 ετείλω,
353 5627 446 5681 καὶ
478 5625 694 5683 πάντων
722 5627 952 5697 Σωτῆρα
976 5628 1201 5697 Κύριον.

1801 4442 2121 4498 ceciderunt
2173 4441 2529 4503 resurrectio,
2570 4442 2873 4513 redemptio
2901 4458 2931 4497 a
2969 4444 3377 4512 maledictione,

1798 4545 1955 4606 porta
1987 4532 2274 4604 impervia,
2305 4534 2480 4588 nubes
2513 4533 2760 4598 luminis,
2794 4542 2851 4590 tu
2888 4536 3200 4604 parturiens
3226 4543 3374 4591 attu-

1798 4629 1908 4683 listi
1950 4624 2155 4680 mundo
2193 4625 2425 4681 salutem
2472 4632 2527 4680 et
2551 4624 2816 4683 laetittam.
2864 4623 3046 4692 Salve,
3077 4628 3241 4681 tellus
3285 4627 3374 4681 in—

1796 4718 2183 4784 culta;salve,
2226 4714 2546 4787 praesidium
2595 4718 2950 4777 clamantium
2997 4737 3010 4772 :
3058 4718 3379 4775 Benedicite

1802 4806 2113 4862 Dominum.

1835 4897 2240 4967 Hospitalitatis
2274 4896 2563 4953 Dominica:
2595 4907 2643 4952 et
2679 4898 2732 4951 in
2763 4908 3017 4952 wleruum
3069 4898 3373 4954 duratum.

1870 4988 2160 5045 Exaltatus
2198 4990 2252 5044 in
2300 5005 2466 5045 cruce
2511 4990 2787 5060 dirupisti,
2819 4988 3083 5056 Verbum,
3109 4991 3221 5048 vint
3264 4992 3390 5049 ἰπὶ-ι

1801 5083 1924 5138 mici
1949 5090 2004 5139 et
2032 5081 2395 5137 descensione.
2420 5082 2599 5135 tua-in
2626 5081 2856 5149 inferos,
2882 5096 3074 5137 omnes
3104 5083 3192 5138 hic
3214 5099 3383 5155 agens,

1800 5183 1881 5231 tes
1918 5174 2284 5244 captivitatem
2334 5173 2601 5239 liberasti,
2632 5182 2687 5229 et
2717 5174 2910 5230 mortis
2942 5181 3268 5244 potestatem
3301 5175 3377 5230 ad

1801 5265 2029 5321 nihilum
2057 5264 2276 5335 propria
2313 5264 2517 5320 virtute
2548 5262 2837 5338 redegisti.‘

1867 5354 1949 5410 Tu
1981 5370 2292 5424 resurgens,
2322 5346 2514 5410 auctor
2539 5357 2686 5424 vitae,
2722 5357 2981 5414 misertus
2997 5372 3058 5413 es
3092 5356 3367 5433 Sion,_per

1797 5446 2110 5516 complures
2136 5445 2255 5499 dies
2287 5445 2437 5500 visus
2463 5461 2523 5502 es
2573 5460 2697 5501 cum
2728 5446 3015 5517 discipulis
3041 5455 3093 5502 et
3123 5445 3369 5502 habitans

1799 5553 1921 5592 cum
1955 5538 2034 5592 eis
2064 5534 2263 5606 quibus
2295 5536 2566 5592 mandasti
2608 5546 2666 5591 ut
2703 5546 2754 5593 te
2783 5538 2925 5608 apud
2958 5553 3148 5593 omnes
3182 5551 3373 5612 gentes

1801 5630 2199 5694 proclamarem
2233 5624 2401 5682 Deum
2433 5629 2786 5697 omniumque
2815 5627 3177 5685 Salvatorem.
