3964 6322
516 242 651 350 asa:

515 484 644 537 hum
676 482 766 536 Dei
784 483 962 539 Patris
986 501 1080 555 per
1096 486 1237 555 quod
1258 502 1287 540 a
1310 488 1684 545 maledictione
1706 507 1897 548 smnus
1915 499 2085 565 erepti

517 588 707 628 omnes
755 587 852 628 nos
880 574 972 643 qni
1011 583 1062 628 te
1092 584 1497 633 eontrementes
1540 582 1934 652 glorificamus,
1978 598 2088 644 tua:

518 663 605 718 fac
636 678 733 718 nos
761 665 1053 734 participes
1083 668 1267 739 gloriae
1305 669 1358 722 in
1387 685 1553 739 regno
1583 679 1698 727 tuo.
1732 682 1735 685 '

592 752 637 808 Ο
662 770 781 823 qua:
814 756 1049 823 genuisti
1078 755 1246 815 Deum
1290 774 1399 831 quo
1432 775 1579 815 mors
1602 770 1655 816 et
1688 764 1846 818 inferi
1877 773 2089 823 terrore

520 845 755 911 perculsi
771 855 895 900 sunt
929 846 1045 900 visa
1079 863 1158 913 es,
1194 846 1360 919 Virgo
1397 851 1538 905 inter
1569 853 1862 923 mulieres;
1900 856 2091 931 depre—

518 950 646 987 care
671 950 887 1005 semper
921 946 978 990 ut
1013 937 1204 991 liberet
1236 953 1337 992 nos
1364 939 1433 1003 ab
1457 941 1714 997 omnibus
1746 945 1903 1000 malis
1925 955 1975 1000 et
1998 952 2089 1023 p‘e-
2122 968 2127 970 -

521 1026 732 1089 uiculis,
765 1035 815 1079 le
845 1026 1186 1081 confidenter
1215 1031 1644 1099 ntagniticantes.

704 1115 817 1170 Tuo
849 1132 1027 1170 amore
1068 1118 1121 1170 in
1150 1119 1457 1177 hominum
1484 1131 1623 1180 terra
1652 1124 1910 1193 degentes.

590 1202 845 1260 Malitiam
874 1220 904 1260 e
936 1205 1080 1274 ligno
1131 1215 1305 1260 ortam
1358 1224 1454 1278 per
1499 1209 1703 1275 lignum
1750 1212 2016 1279 delevisti,
2056 1232 2089 1278 ο

514 1289 642 1351 Iesu
699 1289 931 1359 Verbum
977 1292 1186 1348 Pascha
1247 1305 1494 1352 nostrum
1550 1299 1833 1367 innocens,
1888 1305 2089 1375 cuique

516 1382 651 1436 nihil
686 1384 912 1451 resistit,
942 1393 1116 1441 morte
1148 1393 1239 1441 tua
1271 1388 1559 1447 vivitlcasti
1588 1388 1728 1461 quos
1762 1393 1967 1469 lignum
2002 1397 2086 1448 in,

515 1473 836 1529 t.-rfecerat.

567 1554 695 1636 'Age
735 1564 788 1618 in
846 1565 1034 1625 laetitia
1082 1580 1273 1627 omnes
1309 1583 1537 1639 agamus
1568 1571 1791 1639 choros,
1832 1574 2087 1637 Christus

514 1654 831 1719 resurrexit,
877 1671 1151 1715 evacuans
1195 1668 1342 1713 certe
1394 1661 1744 1717 tenebrosum
1800 1664 2084 1735 imperium

514 1748 734 1811 inferni,
768 1756 821 1803 et
854 1750 1311 1804 resurrectionem
1350 1752 1621 1815 instillans
1653 1756 1907 1810 mortuis.

584 1839 768 1895 Primo
797 1856 955 1898 mane
984 1858 1107 1899 cum
1141 1845 1420 1900 venissent
1457 1846 1523 1901 ad
1557 1848 1867 1918 sepulcrum
1903 1850 2087 1905 feren-

512 1942 594 1985 tes
621 1941 887 1998 aromata,
917 1933 1169 1988 viderunt
1194 1935 1418 2003 angelos
1448 1936 1767 2007 superfusus
1796 1941 2087 2009 splendore

512 2040 541 2084 a
578 2025 777 2095 quibus
803 2040 999 2096 magno
1034 2028 1299 2096 perculsae
1326 2035 1532 2083 terrore
1564 2029 1876 2086 didicerunt
1908 2048 2086 2087 resur-

513 2114 809 2169 rectionem
841 2114 1167 2170 Salvatoris.

584 2204 764 2273 Salve,
797 2206 907 2262 Deo
940 2207 1266 2263 charissima
1298 2217 1352 2265 et
1380 2210 1690 2273 benedicta,
1714 2212 1828 2265 sola
1855 2213 2088 2283 pulchri-

512 2299 645 2350 tuio
716 2314 775 2354 es
846 2299 1197 2372 angelorum,
1273 2301 1535 2355 auxilium
1593 2302 2085 2363 Christianorum.

513 2388 692 2453 Salve,
739 2403 772 2443 o
821 2397 876 2444 tu
911 2405 1032 2459 qua:
1063 2398 1154 2446 tuo
1195 2399 1352 2470 partu
1406 2391 1651 2461 clausisti
1703 2394 1862 2449 nobis
1902 2405 2086 2464 portas

512 2475 726 2531 mortis.
1554 2478 1576 2518 ·’

881 2565 985 2630 Qui
1016 2566 1184 2635 fecisti
1225 2567 1412 2620 cwlum
1447 2569 1513 2619 ab
1544 2568 1718 2621 initio.

583 2659 624 2707 Ο
652 2663 732 2718 ιιι,
774 2670 872 2724 per
924 2671 1086 2725 quem
1135 2656 1258 2709 οωΙί
1305 2657 1557 2725 explicati
1601 2665 1752 2723 sunt,
1789 2661 2083 2715 extendisti

514 2746 820 2801 \‘olUntaric
853 2762 1047 2809 manus
1081 2762 1247 2817 super
1290 2748 1536 2818 lignum;
1581 2732 1792 2818 positus
1822 2759 2000 2805 autem
2033 2755 2084 2807 in

513 2839 764 2915 sepulcro
791 2835 1078 2919 vivificasti
1122 2849 1365 2894 mortuos
1394 2839 1860 2919 exsuscitastique
1894 2857 2086 2899 omnes

514 2933 753 3001 gloriosa
786 2941 877 2987 tua
901 2916 1323 2999 resurrectione,

583 3023 807 3095 Valens,
840 3035 898 3078 ut
935 3026 1199 3095 innocens
1241 3042 1415 3095 agnus
1463 3027 1744 3096 iugulatus
1785 3043 1865 3090 es,
1912 3029 2087 3084 libens

514 3116 707 3181 etiam,
732 3115 796 3170 ad
843 3117 1009 3169 vitam
1056 3118 1327 3175 revocasti
1360 3117 1629 3171 hominem
1664 3118 1861 3172 misere
1909 3118 2092 3189 perdi-

515 3215 653 3269 tum,
680 3221 744 3260 eo
773 3206 917 3274 quod
946 3205 1152 3260 inimici
1185 3194 1418 3261 consilio
1445 3222 1501 3259 se
1531 3208 1877 3276 praestitisset
1910 3208 2089 3264 inobe-

517 3298 779 3363 rlieutem,
810 3296 1080 3371 illumque
1105 3297 1480 3355 misericordia
1522 3305 1612 3352 tua
1649 3299 1886 3380 paradisi
1915 3300 2087 3355 civem

515 3383 762 3441 effecisti.

593 3476 719 3533 llzec
758 3484 842 3533 est
881 3477 1074 3535 festiva
1111 3486 1164 3535 et
1189 3481 1308 3535 laeta
1358 3479 1476 3536 dies
1512 3480 1566 3534 in
1601 3494 1706 3550 qua
1758 3480 1844 3551 pia
1896 3481 2091 3549 jublla-

519 3570 666 3623 tione
710 3570 1057 3640 perfunditur
1126 3573 1307 3627 omnis
1362 3582 1611 3627 creatura
1665 3580 1719 3627 et
1775 3572 2092 3641 Spiritaliter

518 3659 720 3728 gaudet
767 3660 967 3715 festum
1034 3675 1222 3731 agens,
1274 3661 1655 3730 exclamatque
1706 3677 1739 3716 ο
1795 3676 2089 3731 resurgens

517 3758 804 3818 mortuus,
866 3751 1177 3807 venerabile
1238 3750 1492 3808 Pascha:
1535 3750 1718 3806 Gloria
1784 3752 1919 3818 tibi,
1981 3752 2089 3809 Do-

515 3844 685 3898 mine.
1028 3852 1034 3857 ’

589 3930 666 3988 Te
712 3948 814 3993 nos
862 3935 936 3989 tui
993 3932 1175 3990 fideles
1206 3933 1311 3989 laeti
1355 3932 1828 3997 concelebranuts,
1859 3948 1891 3989 ο
1921 3924 2089 4002 Virgo

519 4022 745 4084 omnino
774 4032 963 4083 saneta
1002 4038 1123 4094 quae
1152 4022 1321 4087 Deum
1354 4023 1599 4078 omnium
1624 4023 1884 4091 peperisti
1916 4025 2089 4079 omni-

518 4113 623 4176 bus
648 4112 962 4174 afferentem
990 4128 1020 4168 e
1045 4113 1254 4169 tumulo
1288 4129 1412 4169 eum
1446 4116 1621 4186 gtoria
1653 4113 1898 4169 Ire-titiam
1925 4124 1979 4170 et
2001 4116 2088 4170 in-

518 4196 1024 4275 i-orruptinlitatem
1062 4213 1117 4261 et
1137 4205 1325 4275 vitam,
1358 4214 1804 4276 evertentemque
1845 4214 2087 4278 potesta-

520 4307 627 4355 tem
664 4302 718 4350 et
746 4294 1033 4371 imperium
1073 4294 1299 4350 diaboli.

885 4403 1072 4465 Sinam
1115 4403 1295 4462 Patris
1324 4423 1426 4461 non
1457 4406 1716 4465 deserens.

544 4572 557 4575 ι
588 4498 905 4554 Voluntarie
934 4499 1126 4556 afﬁxus
1146 4500 1293 4572 ligno
1315 4502 1516 4569 crucis,
1545 4501 1721 4557 oJesu
1754 4503 2091 4573 misericors,

522 4574 736 4644 irritam
775 4589 1076 4661 deturpasti
1131 4606 1345 4647 omnem
1383 4592 1588 4646 inimici
1635 4591 2090 4657 dominationem,

520 4681 798 4751 vitamque
819 4680 1088 4737 scaturire
1110 4681 1287 4745 fecisti
1319 4682 1543 4737 mundo.

593 4772 795 4828 Encas
834 4771 1031 4828 inferni
1073 4782 1259 4845 portas
1299 4772 1673 4842 confringens,
1708 4773 1943 4828 libertati
1992 4787 2094 4831 nos

523 4877 713 4923 mnnes
734 4861 996 4931 captivos,
1016 4862 1253 4933 direptis
1273 4862 1507 4918 vinculis
1532 4864 1744 4926 mortis,
1780 4863 2091 4927 restiutisti,

521 4952 758 5018 Christe,
788 4952 1029 5022 potentia
1057 4959 1242 5016 tua,et
1284 4951 1372 5005 die
1418 4949 1876 5018 tertia,Verbum,
1909 4966 2094 5006 resur-

522 5041 736 5104 resisti.

598 5134 954 5195 Vestitncntts
989 5133 1128 5193 albis
1156 5133 1414 5188 virtutum
1451 5132 1739 5193 induenles
1772 5149 1874 5189 nos
1903 5134 1956 5188 in
1990 5134 2091 5190 hoc

528 5227 666 5284 festo
690 5226 974 5299 splendido
1005 5228 1558 5296 laetemur;magnum
1586 5226 1731 5280 enim
1763 5235 1817 5280 et
1853 5226 2094 5282 salutare

524 5318 734 5381 Pascha
763 5328 885 5389 est;
924 5317 1129 5373 Pascha
1168 5317 1398 5373 aﬂ'erens
1429 5317 1631 5372 mundo
1664 5316 2090 5395 redemptionem

525 5413 584 5462 et
611 5408 799 5462 vitam.

540 5482 547 5489 ’
599 5498 811 5570 Agnum
846 5500 1240 5577 Dominumqne
1272 5516 1334 5555 ex
1368 5508 1420 5556 te
1451 5500 1795 5556 immaculata
1837 5502 2093 5556 incarna-

532 5595 648 5642 tum
679 5589 866 5645 videns
900 5591 1069 5646 hodie
1094 5591 1296 5646 mundo
1330 5599 1703 5667 assurgentem
1754 5608 1817 5647 ex
1864 5592 2092 5646 mortuis

532 5678 736 5753 repleta
761 5696 817 5734 es
846 5682 1059 5750 gaudio.

1375 294 1436 359 s.
1468 280 1881 362 'soruaoxu
1923 300 2428 367 mmmam:
2463 307 2862 371 IIlEltOSOL.

579 396 624 453 Ο
664 396 894 461 Pascha,
942 400 1155 454 cunctis
1183 400 1564 468 jnbilationem
1600 405 1849 471 aﬂ'ercns,
1886 422 1917 461 o
1950 408 2078 464 Ver-
2110 414 2161 473 Α

3644 304 3780 371 .393

3746 405 3772 427 ο

2257 406 2575 485 *α’Πάσχα.
2610 419 2741 469 πᾶσι
2771 417 2980 479 πιστοῖς
3030 413 3366 501 παρεκτιξὸν
3393 411 3701 483 θυμηδίαςο
3739 406 3782 465 ὦ

2189 500 2324 553 Θεοῦ
2359 502 2570 570 Πατρδς
2602 502 2762 569 Λόγε,
2789 502 2858 554 δι’
2883 498 2944 556 οὗ
2977 504 3039 555 ἐκ
3068 503 3165 571 τῆς
3197 498 3409 572 φθορᾶς
3446 503 3620 570 ἡμεῖς
3648 502 3781 554 πὰτρ

2189 608 2278 653 τες
2303 591 2683 664 ἐλυτρώθημεν
2714 595 2761 646 oi
2794 593 2854 651 σὲ
2893 591 3299 660 δοξολογοῦντες
3354 590 3529 660 πόθῳ,
3585 608 3777 644 κοινω-

2191 685 2314 746 νοὺς
2347 685 2495 753 ἡμᾶς
2521 683 2694 747 δεῖξον
2727 684 2827 752 τῆς
2862 682 3142 752 βασιλείας
3182 698 3297 735 σου.
3550 725 3556 728 .

2259 774 2533 844 Παρθένος
2569 774 2627 826 ὲν
2648 772 2860 842 γυναιξὶ
2890 773 3020 826 Θεὸν
3051 772 3282 832 τεκοῦσα
3313 773 3526 840 ἐφάνης
3549 788 3565 803 ·
3600 771 3662 823 ὃν
3680 770 3777 822 ἕπε

2188 864 2349 934 τηξεν
2371 867 2398 917 ὁ
2428 863 2559 935 ᾅδης
2589 866 2683 918 καὶ
2712 864 2960 929 θάνατος,
2991 864 3149 933 ἁγνὴ,
3175 863 3363 916 τοῦτον
3405 863 3499 916 ἀεὶ
3549 861 3777 915 καθικέ-

2189 973 2347 1020 τευε,
2395 956 2662 1009 παντοίων
2724 956 2913 1011 κακῶν
2969 958 3062 1009 καὶ
3117 955 3376 1014 κινδύνων
3431 954 3780 1025 λυτρωθῆναι

2190 1047 2315 1110 τοὺς
2343 1047 2522 1100 πίστει
2554 1064 2613 1098 σε
2640 1047 3063 1117 μεγαλύνοντας.

2573 1140 2790 1193 Νεύσει
2834 1154 2951 1193 σου
2984 1140 3132 1208 πρὸς
3170 1140 3376 1209 γεώδη.

2258 1228 2411 1300 Ξύλῳ
2443 1228 2542 1299 τὴν
2568 1228 2657 1282 διὰ
2685 1228 2841 1293 ξύλου
2875 1229 3203 1299 ἐξαφανίσας
3228 1230 3455 1296 κακίαν,
3511 1229 3648 1291 τοὺς
3694 1228 3784 1294 ξύ·

2188 1321 2266 1390 λῳ
2303 1319 2669 1389 τεθνὴξαντας
2699 1319 2916 1391 Θανάτῳ
2952 1338 3043 1373 σου
3070 1319 3347 1384 ὲςώωσας,
3386 1320 3585 1388 Πάσχα
3626 1319 3783 1389 ἀμω-

2192 1428 2291 1482 μον
2315 1411 2409 1465 καὶ
2429 1410 2591 1478 θεῖον,
2620 1411 2759 1482 Λόγε
2780 1412 2874 1465 τοῦ
2902 1410 3036 1473 Θεοῦ
3071 1412 3245 1487 Ἰησοῦ
3263 1410 3673 1480 παντοδύναμε.

2259 1584 2422 1646 Δεῦτε
2447 1585 2507 1638 ἒν
2533 1585 2841 1656 εὐφροσύνῃ
2867 1586 3356 1658 περιχορεύσωμεν
3387 1568 3621 1647 πάντες,
3649 1584 3787 1653 Χρι-

2192 1676 2314 1740 στὸς
2339 1677 2714 1748 ὲξεγήγερται,
2760 1676 2823 1730 τὸ
2861 1678 3086 1748 ζοφερὸν
3145 1676 3413 1747 βασίλειον
3457 1676 3637 1738 ὅντως
3683 1676 3781 1728 τοῦ

2192 1770 2317 1841 ᾅδου
2352 1771 2595 1829 κενώσας
2628 1772 2721 1826 καὶ
2750 1774 2860 1835 τοῖς
2882 1772 3139 1827 τεθνεῶσι
3161 1772 3417 1842 πηγάσας
3448 1772 3777 1824 ἀνάστασιν.

2265 1861 2523 1932 Ὅρθριαι
2554 1862 2693 1932 πρὸς
2721 1862 2780 1916 τὸ
2813 1865 3000 1934 μνῆμα
3036 1863 3092 1916 οἱ
3134 1864 3433 1934 μυροφόροι
3497 1862 3777 1925 ἐλθοῦσαι,

2192 1953 2458 2021 ἀγγέλους
2476 1952 2758 2008 τεθέανται
2777 1955 3124 2025 λαμπρότητι
3153 1954 3574 2024 ἀστράπτοντας
3607 1969 3622 1982 ·
3655 1954 3777 2006 ὅθεν

2192 2038 2345 2110 φόϐῳ
2406 2040 2750 2112 συσχεθεῖσαι
2795 2044 2894 2114 τὴν
2941 2042 3036 2095 τοῦ
3080 2039 3372 2112 Λυτρωτοῦ
3427 2040 3777 2095 ἐδιδάσκοντο

2194 2134 2433 2204 ἔγερσιν.

2263 2225 2457 2294 Χαῖρε,
2493 2224 2831 2296 εὐλογημένη
2880 2225 3250 2300 Θεοχαρίτωτε
3274 2261 3288 2287 ,
3339 2224 3476 2294 μόνη
3528 2223 3776 2292 ἀγγέλων

2193 2314 2516 2385 εὐπρέπεια,
2539 2315 2843 2386 ἀνθρώπων
2872 2317 2906 2387 ἡ
2941 2316 3183 2385 βοήθεια,
3223 2315 3436 2386 χαίροις
3465 2316 3500 2384 ἡ
3546 2315 3651 2376 τάς
3682 2314 3774 2377 τοῦ

2195 2406 2424 2463 θανάτου
2446 2404 2618 2470 πύλας
2646 2408 2716 2477 τῇ
2745 2407 3021 2477 κυήσειτῇ
3057 2408 3122 2478 σῇ
3151 2404 3553 2459 ἀποκλείσασα.

2508 2583 2559 2635 '0
2589 2584 2715 2638 κατ’
2734 2584 2925 2653 ἀρχὰς
2964 2584 3106 2651 τοὺς
3146 2585 3466 2652 οὐρανούς.

2277 2675 2336 2728 ’0
2363 2673 2635 2738 διατείνας
2676 2675 2960 2744 οὐρανοὺς,
3012 2674 3334 2739 ἐθελουσίως
3366 2674 3632 2744 παλάμας
3682 2674 3771 2727 ἐπὶ

2195 2766 2354 2832 ξύλου
2380 2766 2609 2832 ἔτεινας,
2647 2766 2828 2838 Σῶτερ
2854 2783 2869 2797 υ
2899 2766 3077 2831 τεθεὶς
3128 2768 3185 2820 δὲ
3242 2767 3434 2837 νεκρὸς
3483 2767 3543 2819 ἐν
3591 2766 3766 2833 τάφῳ,

2193 2856 2459 2923 Δέσποτα,
2492 2855 2864 2924 ἐζωοποίησας
2892 2858 3139 2926 νεκροὺς,
3196 2856 3290 2910 καὶ
3326 2859 3395 2926 τῇ
3436 2859 3617 2925 σεπτῇ
3674 2872 3764 2907 σου

2193 2948 2411 3019 ἐγέρσει
2443 2950 2649 3012 πάντας
2669 2950 2793 3013 τοὺς
2834 2948 3058 3019 βροτοὺς
3094 2948 3587 3016 συνεξανέστησας.

2279 3041 2367 3103 Ὠς
2426 3040 2815 3111 καθαρώτατος
2866 3039 3036 3109 ἀμνός
3098 3039 3418 3101 ἐθελουσίως
3482 3040 3763 3108 ἐσφάγης,

2193 3134 2318 3186 ἑκου
2329 3132 2456 3196 σίως
2471 3132 2562 3185 τὸν
2582 3134 2832 3202 παρακοῇ
2858 3130 3084 3201 Ἐχθροῦ
3110 3130 3386 3199 συμϐουλῇ
3410 3129 3611 3192 ἀθλίως
3638 3129 3765 3199 θνή-

2196 3220 2360 3286 ξαντα
2391 3218 2856 3290 ἀνακαλούμενος,
2877 3219 3102 3288 Χριστὲ,
3127 3221 3222 3272 καὶ
3246 3219 3583 3289 παραδείσου
3618 3217 3767 3272 noli-

2192 3328 2291 3382 την
2325 3310 2492 3374 θείοις
2519 3311 2827 3380 οἰκτιρμοῖς
2851 3309 3321 3380 ἀπεργαζόμενος.

2266 3487 2411 3559 Αὕτη
2436 3487 2617 3558 ἡμέρα
2671 3488 2862 3557 ἑορτῆς
2906 3487 3000 3540 καὶ
3045 3485 3407 3556 πανηγύρεὼς
3438 3485 3591 3536 ἐστιν
3638 3485 3695 3536 ὲν

2194 3582 2343 3635 πᾶσα
2391 3580 2566 3643 κτίσις
2627 3578 2868 3641 εὐσεϐῶς
2931 3576 3149 3649 χορεύει
3220 3579 3389 3648 χαρᾷ,
3449 3577 3546 3629 καὶ
3587 3575 3765 3644 χαίρει

2191 3671 2465 3741 πνεύματι
2497 3671 2594 3724 καὶ
2615 3668 2862 3742 ἑορτάζει
2889 3671 2983 3722 καὶ
3008 3668 3107 3739 βοᾷ
3136 3684 3150 3699 ·
3182 3669 3212 3720 ό
3256 3669 3319 3719 ὲκ
3363 3666 3579 3736 νεκρῶν
3633 3666 3765 3718 dva-

2190 3761 2392 3829 τείλας,
2427 3761 2619 3831 Πάσχα
2645 3760 2705 3813 τὸ
2731 3759 2943 3824 σεπτὸν,
2975 3758 3171 3829 Κύριε,
3210 3757 3333 3822 δόξα
3365 3775 3471 3811 σοι.

2266 3929 2359 3994 Σὲ,
2385 3929 2657 3996 Παναγία,
2681 3930 2729 3981 οἱ
2758 3933 2939 3983 πιστοὶ
2958 3930 3304 4000 χαρμονικῶς
3320 3890 3671 4001 ἀνυμνοῦμεν
3682 3931 3766 3986 τὶν

2191 4023 2301 4077 τῶν
2332 4022 2468 4076 ὅλων
2497 4022 2733 4088 τέξασαν
2761 4021 2917 4088 Θεὸν,
2947 4023 3041 4075 τὸν
3074 4023 3209 4076 πᾶσι
3257 4023 3432 4095 χαρὰν
3492 4025 3559 4077 ἐκ
3594 4026 3762 4093 τάφου

2192 4115 2501 4185 λάμψαντα,
2526 4114 2621 4167 καὶ
2643 4113 2951 4183 ἀφθαρσίαν
2987 4114 3082 4166 καὶ
3115 4114 3281 4184 ζωὴν,
3317 4114 3413 4167 καὶ
3466 4115 3762 4170 καθελόντα

2192 4206 2252 4260 τὸ
2273 4204 2473 4277 κράτος
2490 4202 2595 4259 ’καὶ
2624 4205 2722 4275 τὴν
2742 4203 3059 4259 δυναστείαν
3083 4203 3176 4257 τοῦ
3211 4204 3529 4275 ἀλάστορος.

2453 4402 2516 4455 '0
2530 4400 2852 4469 πατρικοὺς
2883 4400 3153 4465 κόλπους
3189 4397 3277 4468 μὴ
3303 4398 3521 4453 λιπών.

2281 4493 2630 4566 Ἀναρτηθεὶς
2660 4492 2801 4562 ξύλῳ
2827 4491 2919 4545 τοῦ
2951 4491 3185 4562 σταυροῦ
3208 4490 3553 4556 ἐθελουσίως,
3592 4491 3762 4562 Ἰησοῦ

2195 4586 2564 4657 φιλάνθρωπε,
2592 4587 2691 4648 τὰς
2714 4584 2888 4655 ἀρχάς
2912 4583 3414 4653 παρεδειγμάτισας
3462 4574 3651 4646 πάσας
3675 4582 3762 4636 τοῦ

2194 4678 2516 4747 ἀλάστορος,
2543 4675 2637 4728 καὶ
2668 4674 2812 4744 ζωὴν
2845 4673 2923 4743 τῷ
2949 4674 3144 4743 κόσμῳ
3172 4673 3481 4742 ὲπήγασας.

2261 4767 2442 4828 Πύλας
2470 4766 2676 4837 χαλκᾶς
2709 4765 2832 4836 ᾅδου
2864 4764 3131 4829 καθελὼν,
3163 4764 3258 4817 καὶ
3299 4762 3396 4817 τοῦ
3428 4763 3663 4817 θανάτου
3692 4764 3754 4817 τὶ

2193 4860 2369 4929 δεσμά
2388 4857 2711 4928 συντρίψας,
2730 4857 2950 4925 Χριστὲ,
2968 4858 3095 4919 τοὺς
3113 4855 3368 4925 δεσμίους
3385 4856 3763 4929 ἠλευθέρωσας

2196 4934 2403 5012 πάντας
2434 4950 2500 5021 τῇ
2543 4945 2772 5016 δυνάμει
2810 4963 2904 4998 σου
2927 4983 2944 5011 ,
2995 4946 3092 4999 καὶ
3137 4946 3388 5017 ἀνέστης,
3417 4932 3578 5016 Δόγε,
3652 4964 3761 5016 τρι-

2194 5045 2419 5116 ἥμερος-

2263 5130 2761 5203 Λευχειμονοῦντες
2817 5132 2938 5192 ταῖς
2984 5129 3207 5200 ἀρεταῖς
3261 5131 3326 5199 τῇ
3385 5129 3759 5199 λαμπροφόρφ

2192 5230 2352 5298 ἑορτῇ
2406 5226 2759 5297 χορεύσωμεν
2796 5264 2810 5288 ,
2869 5226 3063 5295 Πάσχα
3125 5224 3270 5294 μέγα
3327 5223 3422 5276 καὶ
3477 5224 3759 5293 σωτήρίον,

2194 5318 2437 5390 Πάσχαή
2472 5315 2767 5386 ἀνάκλησις
2807 5316 2898 5367 καὶ
2918 5313 3032 5385 ζωὴ
3062 5314 3157 5368 τυῦ
3190 5315 3396 5384 κόσμου
3434 5315 3532 5366 καὶ
3563 5314 3760 5385 λύτρω-

2194 5425 2297 5470 σις.

2275 5499 2338 5551 Ἢ
2369 5497 2460 5550 τοῦ
2495 5496 2628 5550 Θεοῦ
2665 5495 2888 5553 ἀσπιλος
2915 5495 3094 5564 ἀμνὰς
3111 5496 3169 5548 ὃν
3200 5495 3577 5565 ὲσωμάτωσας
3598 5497 3758 5564 ἁμνὶν

2195 5589 2286 5642 καὶ
2336 5586 2579 5657 Κύριον,
2632 5589 2694 5639 ὲκ
2760 5586 2967 5654 νεκρῶν
3031 5587 3218 5655 ὁρῶσα
3280 5588 3524 5656 σήμερον
3584 5587 3757 5654 κόσμῳ

2195 5677 2568 5742 ἀνατείλαντα,
2600 5678 2876 5747 χαρμονῆς
2904 5676 3225 5746 πληροῦσσι,
3262 5678 3590 5747 πανάμωμε.
