  <div class='ocr_page' id='page_1' title='image "/cluster/home/n/w/nwhite01/storage/ocr_20150623/87 pars.3/pst.000005712915/580.png"; bbox 0 0 3964 6322; ppageno 0'>
   <div class='ocr_carea' id='block_1_1' title="bbox 329 262 663 345">
    <p class='ocr_par' dir='ltr' id='par_1_1' title="bbox 329 262 663 345">
     <span class='ocr_line' id='line_1_1' title="bbox 329 262 663 345; baseline -0.009 -18"><span class='ocrx_word' id='word_1_1' title='bbox 329 262 469 327; x_wconf 68' lang='lat'><strong>3929</strong></span> <span class='ocrx_word' id='word_1_2' title='bbox 657 340 663 345; x_wconf 36' lang='grc'><strong>,</strong></span> 
     </span>
    </p>
   </div>
   <div class='ocr_carea' id='block_1_2' title="bbox 510 379 1732 451">
    <p class='ocr_par' dir='ltr' id='par_1_2' title="bbox 510 379 1732 451">
     <span class='ocr_line' id='line_1_2' title="bbox 510 379 1732 451; baseline -0.002 -17"><span class='ocrx_word' id='word_1_3' title='bbox 510 382 711 447; x_wconf 69' lang='grc' dir='ltr'>Κύριε,</span> <span class='ocrx_word' id='word_1_4' title='bbox 752 383 783 433; x_wconf 89' lang='grc' dir='ltr'><strong>ό</strong></span> <span class='ocrx_word' id='word_1_5' title='bbox 818 381 957 444; x_wconf 78' lang='grc' dir='ltr'>Θείς</span> <span class='ocrx_word' id='word_1_6' title='bbox 985 398 1126 448; x_wconf 75' lang='grc' dir='ltr'>μοι’,</span> <span class='ocrx_word' id='word_1_7' title='bbox 1158 380 1226 433; x_wconf 78' lang='grc' dir='ltr'>ἐκ</span> <span class='ocrx_word' id='word_1_8' title='bbox 1255 379 1472 446; x_wconf 74' lang='grc' dir='ltr'>νυκτίς</span> <span class='ocrx_word' id='word_1_9' title='bbox 1503 380 1559 448; x_wconf 58' lang='grc' dir='ltr'>δι</span> <span class='ocrx_word' id='word_1_10' title='bbox 1574 382 1732 451; x_wconf 66' lang='lat' dir='ltr'><strong>apag.</strong></span> 
     </span>
    </p>
   </div>
   <div class='ocr_carea' id='block_1_3' title="bbox 394 467 1897 543">
    <p class='ocr_par' dir='ltr' id='par_1_3' title="bbox 394 467 1897 543">
     <span class='ocr_line' id='line_1_3' title="bbox 394 467 1897 543; baseline -0.001 -21"><span class='ocrx_word' id='word_1_11' title='bbox 394 468 589 541; x_wconf 80' lang='grc' dir='ltr'>Κύριε,</span> <span class='ocrx_word' id='word_1_12' title='bbox 610 471 637 521; x_wconf 97' lang='lat'><strong>6</strong></span> <span class='ocrx_word' id='word_1_13' title='bbox 654 468 785 531; x_wconf 84' lang='grc' dir='ltr'>Θεός</span> <span class='ocrx_word' id='word_1_14' title='bbox 814 485 940 538; x_wconf 84' lang='grc' dir='ltr'>μου,</span> <span class='ocrx_word' id='word_1_15' title='bbox 970 470 997 521; x_wconf 98' lang='lat'><strong>6</strong></span> <span class='ocrx_word' id='word_1_16' title='bbox 1021 468 1242 539; x_wconf 82' lang='grc' dir='ltr'>σταυρῷ</span> <span class='ocrx_word' id='word_1_17' title='bbox 1268 468 1400 543; x_wconf 77' lang='grc' dir='ltr'>ᾇδην</span> <span class='ocrx_word' id='word_1_18' title='bbox 1427 467 1897 539; x_wconf 78' lang='grc' dir='ltr'>αἰχμαλωτεύσας,</span> 
     </span>
    </p>
   </div>
   <div class='ocr_carea' id='block_1_4' title="bbox 326 559 1896 630">
    <p class='ocr_par' dir='ltr' id='par_1_4' title="bbox 326 559 1896 630">
     <span class='ocr_line' id='line_1_4' title="bbox 326 559 1896 630; baseline -0.001 -17"><span class='ocrx_word' id='word_1_19' title='bbox 326 560 483 629; x_wconf 84' lang='grc' dir='ltr'>ύμνῶ</span> <span class='ocrx_word' id='word_1_20' title='bbox 514 577 607 613; x_wconf 87' lang='grc' dir='ltr'><strong>σου</strong></span> <span class='ocrx_word' id='word_1_21' title='bbox 642 560 738 629; x_wconf 82' lang='grc' dir='ltr'>τὴν</span> <span class='ocrx_word' id='word_1_22' title='bbox 774 559 1098 629; x_wconf 73' lang='grc' dir='ltr'>σταύρωσιν,</span> <span class='ocrx_word' id='word_1_23' title='bbox 1138 561 1282 629; x_wconf 84' lang='grc' dir='ltr'>τιμῶ</span> <span class='ocrx_word' id='word_1_24' title='bbox 1330 561 1427 630; x_wconf 78' lang='grc' dir='ltr'><strong>τὴν</strong></span> <span class='ocrx_word' id='word_1_25' title='bbox 1456 561 1752 613; x_wconf 72' lang='grc' dir='ltr'><strong>ἀνάστασιν</strong></span> <span class='ocrx_word' id='word_1_26' title='bbox 1776 602 1788 625; x_wconf 91' lang='grc'><strong>,</strong></span> <span class='ocrx_word' id='word_1_27' title='bbox 1831 559 1896 611; x_wconf 83' lang='grc' dir='ltr'>δι’</span> 
     </span>
    </p>
   </div>
   <div class='ocr_carea' id='block_1_5' title="bbox 324 644 1900 719">
    <p class='ocr_par' dir='ltr' id='par_1_5' title="bbox 324 644 1900 719">
     <span class='ocr_line' id='line_1_5' title="bbox 324 644 1900 719; baseline -0.008 -15"><span class='ocrx_word' id='word_1_28' title='bbox 324 644 394 719; x_wconf 75' lang='grc' dir='ltr'>ἧς</span> <span class='ocrx_word' id='word_1_29' title='bbox 453 649 551 718; x_wconf 83' lang='grc' dir='ltr'>τῆς</span> <span class='ocrx_word' id='word_1_30' title='bbox 595 648 801 718; x_wconf 75' lang='grc' dir='ltr'>φθορᾶς</span> <span class='ocrx_word' id='word_1_31' title='bbox 863 646 1213 717; x_wconf 78' lang='grc' dir='ltr'>ἐλυτρώθην,</span> <span class='ocrx_word' id='word_1_32' title='bbox 1278 650 1370 701; x_wconf 74' lang='grc' dir='ltr'><strong>καὶ</strong></span> <span class='ocrx_word' id='word_1_33' title='bbox 1418 647 1516 719; x_wconf 79' lang='grc' dir='ltr'>τὴν</span> <span class='ocrx_word' id='word_1_34' title='bbox 1591 646 1900 718; x_wconf 74' lang='grc' dir='ltr'>ἀφθαρσίαν</span> 
     </span>
    </p>
   </div>
   <div class='ocr_carea' id='block_1_6' title="bbox 323 741 658 810">
    <p class='ocr_par' dir='ltr' id='par_1_6' title="bbox 323 741 658 810">
     <span class='ocr_line' id='line_1_6' title="bbox 323 741 658 810; baseline 0 -16"><span class='ocrx_word' id='word_1_35' title='bbox 323 741 563 810; x_wconf 80' lang='grc' dir='ltr'>ὲπλούτη</span> <span class='ocrx_word' id='word_1_36' title='bbox 572 757 658 794; x_wconf 88' lang='grc' dir='ltr'>σα.</span> 
     </span>
    </p>
   </div>
   <div class='ocr_carea' id='block_1_7' title="bbox 401 825 1898 900">
    <p class='ocr_par' dir='ltr' id='par_1_7' title="bbox 401 825 1898 900">
     <span class='ocr_line' id='line_1_7' title="bbox 401 825 1898 900; baseline -0.003 -17"><span class='ocrx_word' id='word_1_37' title='bbox 401 830 596 900; x_wconf 85' lang='grc' dir='ltr'>Κύριε,</span> <span class='ocrx_word' id='word_1_38' title='bbox 616 832 643 883; x_wconf 90' lang='lat'><strong>6</strong></span> <span class='ocrx_word' id='word_1_39' title='bbox 663 829 796 893; x_wconf 82' lang='grc' dir='ltr'>Θεός</span> <span class='ocrx_word' id='word_1_40' title='bbox 816 846 939 900; x_wconf 88' lang='grc' dir='ltr'>μου,</span> <span class='ocrx_word' id='word_1_41' title='bbox 960 828 988 879; x_wconf 86' lang='grc' dir='ltr'>ὁ</span> <span class='ocrx_word' id='word_1_42' title='bbox 1008 828 1200 895; x_wconf 75' lang='grc' dir='ltr'>νεκρὸς</span> <span class='ocrx_word' id='word_1_43' title='bbox 1220 829 1342 899; x_wconf 79' lang='grc' dir='ltr'>τριή</span> <span class='ocrx_word' id='word_1_44' title='bbox 1353 825 1898 898; x_wconf 77' lang='grc' dir='ltr'>μεροςχρημαιῖσας,</span> 
     </span>
    </p>
   </div>
   <div class='ocr_carea' id='block_1_8' title="bbox 324 917 1901 993">
    <p class='ocr_par' dir='ltr' id='par_1_8' title="bbox 324 917 1901 993">
     <span class='ocr_line' id='line_1_8' title="bbox 324 917 1901 993; baseline -0.004 -17"><span class='ocrx_word' id='word_1_45' title='bbox 324 923 516 976; x_wconf 79' lang='grc' dir='ltr'>παθῶν</span> <span class='ocrx_word' id='word_1_46' title='bbox 546 940 611 993; x_wconf 89' lang='grc' dir='ltr'><strong>με</strong></span> <span class='ocrx_word' id='word_1_47' title='bbox 641 922 983 993; x_wconf 85' lang='grc' dir='ltr'>νεκρώσεως,</span> <span class='ocrx_word' id='word_1_48' title='bbox 1015 921 1239 992; x_wconf 85' lang='grc' dir='ltr'>Χριστὲ,</span> <span class='ocrx_word' id='word_1_49' title='bbox 1272 918 1659 989; x_wconf 80' lang='grc' dir='ltr'>ὲλευθέρωσον,</span> <span class='ocrx_word' id='word_1_50' title='bbox 1687 924 1781 971; x_wconf 76' lang='grc' dir='ltr'><strong>καί</strong></span> <span class='ocrx_word' id='word_1_51' title='bbox 1804 917 1901 987; x_wconf 83' lang='grc' dir='ltr'><strong>τὴν</strong></span> 
     </span>
    </p>
   </div>
   <div class='ocr_carea' id='block_1_9' title="bbox 321 1006 1898 1084">
    <p class='ocr_par' dir='ltr' id='par_1_9' title="bbox 321 1006 1898 1084">
     <span class='ocr_line' id='line_1_9' title="bbox 321 1006 1898 1084; baseline -0.003 -18"><span class='ocrx_word' id='word_1_52' title='bbox 321 1012 693 1084; x_wconf 71' lang='grc' dir='ltr'><strong>νεκρωθεῖσαν</strong></span> <span class='ocrx_word' id='word_1_53' title='bbox 740 1012 919 1083; x_wconf 84' lang='grc' dir='ltr'>ψυχήν</span> <span class='ocrx_word' id='word_1_54' title='bbox 955 1028 1057 1083; x_wconf 89' lang='grc' dir='ltr'>μου</span> <span class='ocrx_word' id='word_1_55' title='bbox 1103 1013 1169 1082; x_wconf 82' lang='grc' dir='ltr'>τῇ</span> <span class='ocrx_word' id='word_1_56' title='bbox 1207 1012 1274 1081; x_wconf 81' lang='grc' dir='ltr'>σῇ</span> <span class='ocrx_word' id='word_1_57' title='bbox 1320 1007 1621 1079; x_wconf 85' lang='grc' dir='ltr'>ἀγαθότητι</span> <span class='ocrx_word' id='word_1_58' title='bbox 1656 1006 1898 1074; x_wconf 82' lang='grc' dir='ltr'>ζὼωσον.</span> 
     </span>
    </p>
   </div>
   <div class='ocr_carea' id='block_1_10' title="bbox 392 1191 1901 1262">
    <p class='ocr_par' dir='ltr' id='par_1_10' title="bbox 392 1191 1901 1262">
     <span class='ocr_line' id='line_1_10' title="bbox 392 1191 1901 1262; baseline -0.003 -15"><span class='ocrx_word' id='word_1_59' title='bbox 392 1193 588 1262; x_wconf 85' lang='grc' dir='ltr'>Κύριε,</span> <span class='ocrx_word' id='word_1_60' title='bbox 620 1195 648 1248; x_wconf 90' lang='lat'><strong>6</strong></span> <span class='ocrx_word' id='word_1_61' title='bbox 704 1193 836 1258; x_wconf 84' lang='grc' dir='ltr'>Θεός</span> <span class='ocrx_word' id='word_1_62' title='bbox 902 1210 1027 1262; x_wconf 86' lang='grc' dir='ltr'>μου,</span> <span class='ocrx_word' id='word_1_63' title='bbox 1078 1193 1107 1246; x_wconf 91' lang='lat'><strong>6</strong></span> <span class='ocrx_word' id='word_1_64' title='bbox 1165 1191 1266 1255; x_wconf 84' lang='grc' dir='ltr'><strong>τὰς</strong></span> <span class='ocrx_word' id='word_1_65' title='bbox 1329 1191 1672 1262; x_wconf 68' lang='grc' dir='ltr'>μυροφόρους</span> <span class='ocrx_word' id='word_1_66' title='bbox 1724 1192 1901 1262; x_wconf 78' lang='grc' dir='ltr'>χαρᾶς</span> 
     </span>
    </p>
   </div>
   <div class='ocr_carea' id='block_1_11' title="bbox 318 1280 1899 1353">
    <p class='ocr_par' dir='ltr' id='par_1_11' title="bbox 318 1280 1899 1353">
     <span class='ocr_line' id='line_1_11' title="bbox 318 1280 1899 1353; baseline -0.006 -13"><span class='ocrx_word' id='word_1_67' title='bbox 318 1282 613 1353; x_wconf 67' lang='grc' dir='ltr'>ἐμπλήσας</span> <span class='ocrx_word' id='word_1_68' title='bbox 630 1281 838 1353; x_wconf 76' lang='grc' dir='ltr'>φανεὶς,</span> <span class='ocrx_word' id='word_1_69' title='bbox 860 1281 1049 1347; x_wconf 78' lang='grc' dir='ltr'>καὶτὸ,</span> <span class='ocrx_word' id='word_1_70' title='bbox 1069 1280 1323 1350; x_wconf 81' lang='grc' dir='ltr'><strong>Χαίρετε,</strong></span> <span class='ocrx_word' id='word_1_71' title='bbox 1343 1280 1568 1343; x_wconf 82' lang='grc' dir='ltr'><strong>ταύταις</strong></span> <span class='ocrx_word' id='word_1_72' title='bbox 1585 1280 1899 1351; x_wconf 74' lang='grc' dir='ltr'>προσφθεγο</span> 
     </span>
    </p>
   </div>
   <div class='ocr_carea' id='block_1_12' title="bbox 321 1371 1899 1445">
    <p class='ocr_par' dir='ltr' id='par_1_12' title="bbox 321 1371 1899 1445">
     <span class='ocr_line' id='line_1_12' title="bbox 321 1371 1899 1445; baseline -0.001 -20"><span class='ocrx_word' id='word_1_73' title='bbox 321 1372 576 1443; x_wconf 69' lang='grc' dir='ltr'>ξάμενος,</span> <span class='ocrx_word' id='word_1_74' title='bbox 601 1373 869 1445; x_wconf 78' lang='grc' dir='ltr'><strong>θυμηδίας</strong></span> <span class='ocrx_word' id='word_1_75' title='bbox 894 1372 1174 1444; x_wconf 78' lang='grc' dir='ltr'>ἔμπλησον</span> <span class='ocrx_word' id='word_1_76' title='bbox 1206 1371 1357 1435; x_wconf 87' lang='grc' dir='ltr'>θείας</span> <span class='ocrx_word' id='word_1_77' title='bbox 1379 1373 1478 1440; x_wconf 78' lang='grc' dir='ltr'>τὴν</span> <span class='ocrx_word' id='word_1_78' title='bbox 1504 1371 1899 1441; x_wconf 79' lang='grc' dir='ltr'><strong>κεκακωμένην</strong></span> 
     </span>
    </p>
   </div>
   <div class='ocr_carea' id='block_1_13' title="bbox 321 1466 705 1536">
    <p class='ocr_par' dir='ltr' id='par_1_13' title="bbox 321 1466 705 1536">
     <span class='ocr_line' id='line_1_13' title="bbox 321 1466 705 1536; baseline 0.005 -19"><span class='ocrx_word' id='word_1_79' title='bbox 321 1466 552 1536; x_wconf 67' lang='grc' dir='ltr'>καρδίαν</span> <span class='ocrx_word' id='word_1_80' title='bbox 581 1483 705 1536; x_wconf 83' lang='grc' dir='ltr'>μου,</span> 
     </span>
    </p>
   </div>
   <div class='ocr_carea' id='block_1_14' title="bbox 312 1552 1896 1625">
    <p class='ocr_par' dir='ltr' id='par_1_14' title="bbox 312 1552 1896 1625">
     <span class='ocr_line' id='line_1_14' title="bbox 312 1552 1896 1625; baseline -0.003 -16"><span class='ocrx_word' id='word_1_81' title='bbox 312 1617 316 1621; x_wconf 42' lang='grc'><strong>,</strong></span> <span class='ocrx_word' id='word_1_82' title='bbox 386 1555 577 1625; x_wconf 86' lang='grc' dir='ltr'>Κύριε,</span> <span class='ocrx_word' id='word_1_83' title='bbox 610 1558 638 1609; x_wconf 93' lang='lat'><strong>6</strong></span> <span class='ocrx_word' id='word_1_84' title='bbox 669 1555 801 1619; x_wconf 87' lang='grc' dir='ltr'>Θεός</span> <span class='ocrx_word' id='word_1_85' title='bbox 855 1572 955 1624; x_wconf 88' lang='grc' dir='ltr'><strong>μου</strong></span> <span class='ocrx_word' id='word_1_86' title='bbox 990 1595 1004 1617; x_wconf 91' lang='grc'><strong>,</strong></span> <span class='ocrx_word' id='word_1_87' title='bbox 1054 1557 1082 1609; x_wconf 91' lang='lat'><strong>6</strong></span> <span class='ocrx_word' id='word_1_88' title='bbox 1113 1554 1213 1617; x_wconf 83' lang='grc' dir='ltr'>τὰς</span> <span class='ocrx_word' id='word_1_89' title='bbox 1257 1554 1402 1617; x_wconf 79' lang='grc' dir='ltr'>κλεῖς</span> <span class='ocrx_word' id='word_1_90' title='bbox 1461 1553 1749 1625; x_wconf 80' lang='grc' dir='ltr'>μὴ·λύσας</span> <span class='ocrx_word' id='word_1_91' title='bbox 1797 1552 1896 1621; x_wconf 82' lang='grc' dir='ltr'><strong>τῆς</strong></span> 
     </span>
    </p>
   </div>
   <div class='ocr_carea' id='block_1_15' title="bbox 319 1639 1894 1715">
    <p class='ocr_par' dir='ltr' id='par_1_15' title="bbox 319 1639 1894 1715">
     <span class='ocr_line' id='line_1_15' title="bbox 319 1639 1894 1715; baseline -0.004 -19"><span class='ocrx_word' id='word_1_92' title='bbox 319 1643 623 1714; x_wconf 72' lang='grc' dir='ltr'>παρθενίας</span> <span class='ocrx_word' id='word_1_93' title='bbox 654 1644 750 1713; x_wconf 76' lang='grc' dir='ltr'>τῆς</span> <span class='ocrx_word' id='word_1_94' title='bbox 778 1643 1171 1715; x_wconf 74' lang='grc' dir='ltr'>ἀπειρογάμως</span> <span class='ocrx_word' id='word_1_95' title='bbox 1206 1659 1264 1695; x_wconf 92' lang='grc' dir='ltr'><strong>σε</strong></span> <span class='ocrx_word' id='word_1_96' title='bbox 1289 1641 1552 1712; x_wconf 81' lang='grc' dir='ltr'><strong>τεκούσης</strong></span> <span class='ocrx_word' id='word_1_97' title='bbox 1576 1639 1894 1703; x_wconf 81' lang='grc' dir='ltr'>Θεόπαιδος,</span> 
     </span>
    </p>
   </div>
   <div class='ocr_carea' id='block_1_16' title="bbox 1747 260 2521 320">
    <p class='ocr_par' dir='ltr' id='par_1_16' title="bbox 1747 260 2521 320">
     <span class='ocr_line' id='line_1_16' title="bbox 1747 260 2521 320; baseline -0.001 0"><span class='ocrx_word' id='word_1_98' title='bbox 1747 260 2158 320; x_wconf 75' lang='lat' dir='ltr'><strong>TRiODiUM.</strong></span> <span class='ocrx_word' id='word_1_99' title='bbox 2491 282 2521 297; x_wconf 74' lang='grc'><strong>’-</strong></span> 
     </span>
    </p>
   </div>
   <div class='ocr_carea' id='block_1_17' title="bbox 3442 257 3586 321">
    <p class='ocr_par' dir='ltr' id='par_1_17' title="bbox 3442 257 3586 321">
     <span class='ocr_line' id='line_1_17' title="bbox 3442 257 3586 321; baseline 0.014 -2"><span class='ocrx_word' id='word_1_100' title='bbox 3442 257 3586 321; x_wconf 68' lang='lat'><strong>3939</strong></span> 
     </span>
    </p>
   </div>
   <div class='ocr_carea' id='block_1_18' title="bbox 2142 376 3437 443">
    <p class='ocr_par' dir='ltr' id='par_1_18' title="bbox 2142 376 3437 443">
     <span class='ocr_line' id='line_1_18' title="bbox 2142 376 3437 443; baseline 0.003 -14"><span class='ocrx_word' id='word_1_101' title='bbox 2142 376 2385 441; x_wconf 80' lang='lat' dir='ltr'><strong>Domine,</strong></span> <span class='ocrx_word' id='word_1_102' title='bbox 2420 392 2448 428; x_wconf 89' lang='grc' dir='ltr'><strong>ο</strong></span> <span class='ocrx_word' id='word_1_103' title='bbox 2479 377 2615 431; x_wconf 78' lang='lat' dir='ltr'><strong>Deus</strong></span> <span class='ocrx_word' id='word_1_104' title='bbox 2647 394 2812 443; x_wconf 83' lang='lat' dir='ltr'><strong>mens,</strong></span> <span class='ocrx_word' id='word_1_105' title='bbox 2844 378 3137 431; x_wconf 77' lang='lat' dir='ltr'><strong>matutinus</strong></span> <span class='ocrx_word' id='word_1_106' title='bbox 3165 391 3227 431; x_wconf 74' lang='lat' dir='ltr'><strong>ae</strong></span> <span class='ocrx_word' id='word_1_107' title='bbox 3268 387 3437 433; x_wconf 75' lang='lat' dir='ltr'><strong>nocte.</strong></span> 
     </span>
    </p>
   </div>
   <div class='ocr_carea' id='block_1_19' title="bbox 2077 465 3580 538">
    <p class='ocr_par' dir='ltr' id='par_1_19' title="bbox 2077 465 3580 538">
     <span class='ocr_line' id='line_1_19' title="bbox 2077 465 3580 538; baseline 0.003 -20"><span class='ocrx_word' id='word_1_108' title='bbox 2077 465 2323 532; x_wconf 82' lang='lat' dir='ltr'><strong>Domine,</strong></span> <span class='ocrx_word' id='word_1_109' title='bbox 2355 481 2387 517; x_wconf 90' lang='lat' dir='ltr'><strong>o</strong></span> <span class='ocrx_word' id='word_1_110' title='bbox 2410 466 2552 520; x_wconf 87' lang='lat' dir='ltr'><strong>Deus</strong></span> <span class='ocrx_word' id='word_1_111' title='bbox 2586 483 2757 531; x_wconf 85' lang='lat' dir='ltr'><strong>meus,</strong></span> <span class='ocrx_word' id='word_1_112' title='bbox 2793 470 2885 536; x_wconf 89' lang='lat' dir='ltr'><strong>qui</strong></span> <span class='ocrx_word' id='word_1_113' title='bbox 2926 483 3034 536; x_wconf 78' lang='lat' dir='ltr'><strong>per</strong></span> <span class='ocrx_word' id='word_1_114' title='bbox 3065 481 3286 522; x_wconf 86' lang='lat' dir='ltr'><strong>crucem</strong></span> <span class='ocrx_word' id='word_1_115' title='bbox 3332 468 3580 538; x_wconf 88' lang='lat' dir='ltr'><strong>captivos</strong></span> 
     </span>
    </p>
   </div>
   <div class='ocr_carea' id='block_1_20' title="bbox 2003 556 3582 622">
    <p class='ocr_par' dir='ltr' id='par_1_20' title="bbox 2003 556 3582 622">
     <span class='ocr_line' id='line_1_20' title="bbox 2003 556 3582 622; baseline 0 -11"><span class='ocrx_word' id='word_1_116' title='bbox 2003 556 2205 612; x_wconf 80' lang='lat' dir='ltr'><strong>duxisti</strong></span> <span class='ocrx_word' id='word_1_117' title='bbox 2253 556 2482 622; x_wconf 80' lang='lat' dir='ltr'><strong>inferos,</strong></span> <span class='ocrx_word' id='word_1_118' title='bbox 2529 567 2675 611; x_wconf 91' lang='lat' dir='ltr'><strong>tuam</strong></span> <span class='ocrx_word' id='word_1_119' title='bbox 2719 557 2878 611; x_wconf 85' lang='lat' dir='ltr'><strong>laudo</strong></span> <span class='ocrx_word' id='word_1_120' title='bbox 2918 573 3164 620; x_wconf 86' lang='lat' dir='ltr'><strong>crucem,</strong></span> <span class='ocrx_word' id='word_1_121' title='bbox 3197 571 3343 612; x_wconf 87' lang='lat' dir='ltr'><strong>tuam</strong></span> <span class='ocrx_word' id='word_1_122' title='bbox 3395 572 3582 612; x_wconf 85' lang='lat' dir='ltr'><strong>resur-</strong></span> 
     </span>
    </p>
   </div>
   <div class='ocr_carea' id='block_1_21' title="bbox 2001 648 3581 717">
    <p class='ocr_par' dir='ltr' id='par_1_21' title="bbox 2001 648 3581 717">
     <span class='ocr_line' id='line_1_21' title="bbox 2001 648 3581 717; baseline 0.001 -17"><span class='ocrx_word' id='word_1_123' title='bbox 2001 648 2296 702; x_wconf 89' lang='lat' dir='ltr'><strong>rectionem</strong></span> <span class='ocrx_word' id='word_1_124' title='bbox 2336 649 2478 713; x_wconf 87' lang='lat' dir='ltr'><strong>colo,</strong></span> <span class='ocrx_word' id='word_1_125' title='bbox 2511 664 2632 717; x_wconf 78' lang='lat' dir='ltr'><strong>qua:</strong></span> <span class='ocrx_word' id='word_1_126' title='bbox 2665 664 2749 702; x_wconf 88' lang='lat' dir='ltr'><strong>me</strong></span> <span class='ocrx_word' id='word_1_127' title='bbox 2790 656 3096 717; x_wconf 80' lang='lat' dir='ltr'><strong>exemptum</strong></span> <span class='ocrx_word' id='word_1_128' title='bbox 3146 663 3175 700; x_wconf 94' lang='lat' dir='ltr'><strong>a</strong></span> <span class='ocrx_word' id='word_1_129' title='bbox 3226 648 3581 717; x_wconf 83' lang='lat' dir='ltr'><strong>corruptione</strong></span> 
     </span>
    </p>
   </div>
   <div class='ocr_carea' id='block_1_22' title="bbox 2001 738 3467 807">
    <p class='ocr_par' dir='ltr' id='par_1_22' title="bbox 2001 738 3467 807">
     <span class='ocr_line' id='line_1_22' title="bbox 2001 738 3467 807; baseline 0 -15"><span class='ocrx_word' id='word_1_130' title='bbox 2001 738 2209 806; x_wconf 79' lang='lat' dir='ltr'><strong>peccati</strong></span> <span class='ocrx_word' id='word_1_131' title='bbox 2238 747 2291 793; x_wconf 89' lang='lat' dir='ltr'><strong>et</strong></span> <span class='ocrx_word' id='word_1_132' title='bbox 2315 740 2687 807; x_wconf 79' lang='lat' dir='ltr'><strong>redemptione</strong></span> <span class='ocrx_word' id='word_1_133' title='bbox 2721 751 2775 794; x_wconf 89' lang='lat' dir='ltr'><strong>et</strong></span> <span class='ocrx_word' id='word_1_134' title='bbox 2817 740 3225 794; x_wconf 82' lang='lat' dir='ltr'><strong>immortalitate</strong></span> <span class='ocrx_word' id='word_1_135' title='bbox 3250 739 3467 794; x_wconf 78' lang='lat' dir='ltr'><strong>ditavit.</strong></span> 
     </span>
    </p>
   </div>
   <div class='ocr_carea' id='block_1_23' title="bbox 2082 825 3582 897">
    <p class='ocr_par' dir='ltr' id='par_1_23' title="bbox 2082 825 3582 897">
     <span class='ocr_line' id='line_1_23' title="bbox 2082 825 3582 897; baseline 0.001 -16"><span class='ocrx_word' id='word_1_136' title='bbox 2082 825 2128 881; x_wconf 87' lang='grc' dir='ltr'>Ο</span> <span class='ocrx_word' id='word_1_137' title='bbox 2158 828 2406 893; x_wconf 79' lang='lat' dir='ltr'><strong>Domine,</strong></span> <span class='ocrx_word' id='word_1_138' title='bbox 2452 829 2598 883; x_wconf 87' lang='lat' dir='ltr'><strong>Deus</strong></span> <span class='ocrx_word' id='word_1_139' title='bbox 2657 845 2830 890; x_wconf 85' lang='lat' dir='ltr'><strong>meus,</strong></span> <span class='ocrx_word' id='word_1_140' title='bbox 2881 838 3128 884; x_wconf 85' lang='lat' dir='ltr'><strong>mortuus</strong></span> <span class='ocrx_word' id='word_1_141' title='bbox 3165 845 3457 897; x_wconf 86' lang='lat' dir='ltr'><strong>resurgens</strong></span> <span class='ocrx_word' id='word_1_142' title='bbox 3488 830 3582 883; x_wconf 77' lang='lat' dir='ltr'><strong>die</strong></span> 
     </span>
    </p>
   </div>
   <div class='ocr_carea' id='block_1_24' title="bbox 2003 918 3575 989">
    <p class='ocr_par' dir='ltr' id='par_1_24' title="bbox 2003 918 3575 989">
     <span class='ocr_line' id='line_1_24' title="bbox 2003 918 3575 989; baseline 0.003 -20"><span class='ocrx_word' id='word_1_143' title='bbox 2003 918 2161 972; x_wconf 87' lang='lat' dir='ltr'><strong>tertia</strong></span> <span class='ocrx_word' id='word_1_144' title='bbox 2225 922 2533 989; x_wconf 88' lang='lat' dir='ltr'><strong>negotiatus</strong></span> <span class='ocrx_word' id='word_1_145' title='bbox 2602 934 2664 975; x_wconf 90' lang='lat' dir='ltr'><strong>es</strong></span> <span class='ocrx_word' id='word_1_146' title='bbox 2722 919 2855 973; x_wconf 88' lang='lat' dir='ltr'><strong>tuihi</strong></span> <span class='ocrx_word' id='word_1_147' title='bbox 2913 921 3168 987; x_wconf 86' lang='lat' dir='ltr'><strong>salutem,</strong></span> <span class='ocrx_word' id='word_1_148' title='bbox 3230 921 3404 983; x_wconf 81' lang='lat' dir='ltr'><strong>libera</strong></span> <span class='ocrx_word' id='word_1_149' title='bbox 3463 937 3575 986; x_wconf 85' lang='lat' dir='ltr'><strong>me,</strong></span> 
     </span>
    </p>
   </div>
   <div class='ocr_carea' id='block_1_25' title="bbox 2001 1008 3578 1080">
    <p class='ocr_par' dir='ltr' id='par_1_25' title="bbox 2001 1008 3578 1080">
     <span class='ocr_line' id='line_1_25' title="bbox 2001 1008 3578 1080; baseline 0 -17"><span class='ocrx_word' id='word_1_150' title='bbox 2001 1008 2238 1073; x_wconf 87' lang='lat' dir='ltr'><strong>Christe,</strong></span> <span class='ocrx_word' id='word_1_151' title='bbox 2278 1024 2306 1061; x_wconf 91' lang='lat' dir='ltr'><strong>a</strong></span> <span class='ocrx_word' id='word_1_152' title='bbox 2346 1010 2699 1066; x_wconf 82' lang='lat' dir='ltr'><strong>mortalitatis</strong></span> <span class='ocrx_word' id='word_1_153' title='bbox 2725 1010 3150 1080; x_wconf 68' lang='lat' dir='ltr'><strong>cupiditatibus,</strong></span> <span class='ocrx_word' id='word_1_154' title='bbox 3175 1019 3229 1073; x_wconf 82' lang='lat' dir='ltr'><strong>et</strong></span> <span class='ocrx_word' id='word_1_155' title='bbox 3261 1011 3578 1067; x_wconf 86' lang='lat' dir='ltr'><strong>misericor-</strong></span> 
     </span>
    </p>
   </div>
   <div class='ocr_carea' id='block_1_26' title="bbox 2001 1099 3277 1154">
    <p class='ocr_par' dir='ltr' id='par_1_26' title="bbox 2001 1099 3277 1154">
     <span class='ocr_line' id='line_1_26' title="bbox 2001 1099 3277 1154; baseline 0 -1"><span class='ocrx_word' id='word_1_156' title='bbox 2001 1099 2088 1153; x_wconf 91' lang='lat' dir='ltr'><strong>dia</strong></span> <span class='ocrx_word' id='word_1_157' title='bbox 2120 1108 2209 1152; x_wconf 87' lang='lat' dir='ltr'><strong>tua</strong></span> <span class='ocrx_word' id='word_1_158' title='bbox 2255 1099 2467 1153; x_wconf 85' lang='lat' dir='ltr'><strong>viviﬁca</strong></span> <span class='ocrx_word' id='word_1_159' title='bbox 2496 1100 2734 1153; x_wconf 87' lang='lat' dir='ltr'><strong>animam</strong></span> <span class='ocrx_word' id='word_1_160' title='bbox 2770 1115 2946 1154; x_wconf 85' lang='lat' dir='ltr'><strong>meam</strong></span> <span class='ocrx_word' id='word_1_161' title='bbox 2982 1108 3277 1153; x_wconf 88' lang='lat' dir='ltr'><strong>mortuam.</strong></span> 
     </span>
    </p>
   </div>
   <div class='ocr_carea' id='block_1_27' title="bbox 2035 1192 3576 1271">
    <p class='ocr_par' dir='ltr' id='par_1_27' title="bbox 2035 1192 3576 1271">
     <span class='ocr_line' id='line_1_27' title="bbox 2035 1192 3576 1271; baseline 0.002 -26"><span class='ocrx_word' id='word_1_162' title='bbox 2035 1192 2321 1271; x_wconf 36' lang='lat' dir='ltr'><strong>.Domine,</strong></span> <span class='ocrx_word' id='word_1_163' title='bbox 2374 1192 2518 1248; x_wconf 85' lang='lat' dir='ltr'><strong>Deus</strong></span> <span class='ocrx_word' id='word_1_164' title='bbox 2571 1209 2748 1257; x_wconf 87' lang='lat' dir='ltr'><strong>meus,</strong></span> <span class='ocrx_word' id='word_1_165' title='bbox 2794 1210 3066 1264; x_wconf 86' lang='lat' dir='ltr'><strong>apparens</strong></span> <span class='ocrx_word' id='word_1_166' title='bbox 3107 1205 3356 1248; x_wconf 88' lang='lat' dir='ltr'><strong>aromata</strong></span> <span class='ocrx_word' id='word_1_167' title='bbox 3398 1194 3576 1248; x_wconf 78' lang='lat' dir='ltr'><strong>feren-</strong></span> 
     </span>
    </p>
   </div>
   <div class='ocr_carea' id='block_1_28' title="bbox 1999 1283 3571 1356">
    <p class='ocr_par' dir='ltr' id='par_1_28' title="bbox 1999 1283 3571 1356">
     <span class='ocr_line' id='line_1_28' title="bbox 1999 1283 3571 1356; baseline 0.003 -22"><span class='ocrx_word' id='word_1_168' title='bbox 1999 1283 2148 1338; x_wconf 81' lang='lat' dir='ltr'><strong>tibus</strong></span> <span class='ocrx_word' id='word_1_169' title='bbox 2192 1284 2493 1354; x_wconf 75' lang='lat' dir='ltr'><strong>dirensque</strong></span> <span class='ocrx_word' id='word_1_170' title='bbox 2538 1285 2899 1349; x_wconf 78' lang='lat' dir='ltr'><strong>illis:Avete,</strong></span> <span class='ocrx_word' id='word_1_171' title='bbox 2952 1287 3171 1355; x_wconf 87' lang='lat' dir='ltr'><strong>replesti</strong></span> <span class='ocrx_word' id='word_1_172' title='bbox 3218 1301 3311 1340; x_wconf 89' lang='lat' dir='ltr'><strong>eas</strong></span> <span class='ocrx_word' id='word_1_173' title='bbox 3338 1287 3571 1356; x_wconf 83' lang='lat' dir='ltr'><strong>gaudio;</strong></span> 
     </span>
    </p>
   </div>
   <div class='ocr_carea' id='block_1_29' title="bbox 1999 1373 3572 1444">
    <p class='ocr_par' dir='ltr' id='par_1_29' title="bbox 1999 1373 3572 1444">
     <span class='ocr_line' id='line_1_29' title="bbox 1999 1373 3572 1444; baseline 0.002 -17"><span class='ocrx_word' id='word_1_174' title='bbox 1999 1373 2210 1442; x_wconf 82' lang='lat' dir='ltr'><strong>replere</strong></span> <span class='ocrx_word' id='word_1_175' title='bbox 2259 1373 2503 1444; x_wconf 80' lang='lat' dir='ltr'><strong>digneris</strong></span> <span class='ocrx_word' id='word_1_176' title='bbox 2553 1390 2760 1430; x_wconf 87' lang='lat' dir='ltr'><strong>nocens</strong></span> <span class='ocrx_word' id='word_1_177' title='bbox 2810 1391 2906 1431; x_wconf 85' lang='lat' dir='ltr'><strong>cur</strong></span> <span class='ocrx_word' id='word_1_178' title='bbox 2956 1392 3130 1432; x_wconf 89' lang='lat' dir='ltr'><strong>meum</strong></span> <span class='ocrx_word' id='word_1_179' title='bbox 3162 1377 3354 1431; x_wconf 89' lang='lat' dir='ltr'><strong>eadem</strong></span> <span class='ocrx_word' id='word_1_180' title='bbox 3386 1376 3572 1430; x_wconf 89' lang='lat' dir='ltr'><strong>divina</strong></span> 
     </span>
    </p>
   </div>
   <div class='ocr_carea' id='block_1_30' title="bbox 2002 1463 2214 1518">
    <p class='ocr_par' dir='ltr' id='par_1_30' title="bbox 2002 1463 2214 1518">
     <span class='ocr_line' id='line_1_30' title="bbox 2002 1463 2214 1518; baseline 0.005 -1"><span class='ocrx_word' id='word_1_181' title='bbox 2002 1463 2214 1518; x_wconf 79' lang='lat' dir='ltr'><strong>hetitia.</strong></span> 
     </span>
    </p>
   </div>
   <div class='ocr_carea' id='block_1_31' title="bbox 2068 1552 3571 1626">
    <p class='ocr_par' dir='ltr' id='par_1_31' title="bbox 2068 1552 3571 1626">
     <span class='ocr_line' id='line_1_31' title="bbox 2068 1552 3571 1626; baseline 0.002 -18"><span class='ocrx_word' id='word_1_182' title='bbox 2068 1552 2114 1608; x_wconf 92' lang='grc' dir='ltr'><strong>Ο</strong></span> <span class='ocrx_word' id='word_1_183' title='bbox 2143 1554 2389 1620; x_wconf 84' lang='lat' dir='ltr'><strong>Domine,</strong></span> <span class='ocrx_word' id='word_1_184' title='bbox 2412 1556 2552 1612; x_wconf 87' lang='lat' dir='ltr'><strong>Deus</strong></span> <span class='ocrx_word' id='word_1_185' title='bbox 2573 1571 2729 1611; x_wconf 79' lang='lat' dir='ltr'><strong>meus</strong></span> <span class='ocrx_word' id='word_1_186' title='bbox 2750 1565 2876 1612; x_wconf 88' lang='lat' dir='ltr'><strong>nate</strong></span> <span class='ocrx_word' id='word_1_187' title='bbox 2906 1557 2973 1611; x_wconf 88' lang='lat' dir='ltr'><strong>de</strong></span> <span class='ocrx_word' id='word_1_188' title='bbox 3004 1556 3229 1626; x_wconf 82' lang='lat' dir='ltr'><strong>Virgine</strong></span> <span class='ocrx_word' id='word_1_189' title='bbox 3262 1554 3383 1626; x_wconf 80' lang='lat' dir='ltr'><strong>quae</strong></span> <span class='ocrx_word' id='word_1_190' title='bbox 3403 1555 3571 1611; x_wconf 76' lang='lat' dir='ltr'><strong>illaesa</strong></span> 
     </span>
    </p>
   </div>
   <div class='ocr_carea' id='block_1_32' title="bbox 2000 1636 3574 1718">
    <p class='ocr_par' dir='ltr' id='par_1_32' title="bbox 2000 1636 3574 1718">
     <span class='ocr_line' id='line_1_32' title="bbox 2000 1636 3574 1718; baseline 0 -19"><span class='ocrx_word' id='word_1_191' title='bbox 2000 1636 2095 1699; x_wconf 86' lang='lat' dir='ltr'><strong>sua</strong></span> <span class='ocrx_word' id='word_1_192' title='bbox 2146 1645 2458 1714; x_wconf 79' lang='lat' dir='ltr'><strong>virginitate</strong></span> <span class='ocrx_word' id='word_1_193' title='bbox 2509 1658 2563 1702; x_wconf 89' lang='lat' dir='ltr'><strong>et</strong></span> <span class='ocrx_word' id='word_1_194' title='bbox 2607 1649 2815 1718; x_wconf 87' lang='lat' dir='ltr'><strong>absque</strong></span> <span class='ocrx_word' id='word_1_195' title='bbox 2863 1649 2980 1702; x_wconf 91' lang='lat' dir='ltr'><strong>viro</strong></span> <span class='ocrx_word' id='word_1_196' title='bbox 3008 1658 3062 1703; x_wconf 89' lang='lat' dir='ltr'><strong>te</strong></span> <span class='ocrx_word' id='word_1_197' title='bbox 3108 1648 3295 1717; x_wconf 82' lang='lat' dir='ltr'><strong>genuit</strong></span> <span class='ocrx_word' id='word_1_198' title='bbox 3341 1647 3436 1703; x_wconf 89' lang='lat' dir='ltr'><strong>Dei</strong></span> <span class='ocrx_word' id='word_1_199' title='bbox 3485 1648 3574 1701; x_wconf 84' lang='lat' dir='ltr'><strong>Fi-</strong></span> 
     </span>
    </p>
   </div>
   <div class='ocr_carea' id='block_1_33' title="bbox 315 1719 1895 1806">
    <p class='ocr_par' dir='ltr' id='par_1_33' title="bbox 315 1728 1895 1806">
     <span class='ocr_line' id='line_1_33' title="bbox 315 1728 1895 1806; baseline -0.005 -17"><span class='ocrx_word' id='word_1_200' title='bbox 315 1738 440 1791; x_wconf 77' lang='grc' dir='ltr'><strong>ταῖ;</strong></span> <span class='ocrx_word' id='word_1_201' title='bbox 470 1735 640 1805; x_wconf 79' lang='grc' dir='ltr'>αὐτῆς</span> <span class='ocrx_word' id='word_1_202' title='bbox 682 1734 866 1803; x_wconf 86' lang='grc' dir='ltr'>ἁγίαις</span> <span class='ocrx_word' id='word_1_203' title='bbox 910 1733 1233 1806; x_wconf 75' lang='grc' dir='ltr'>πρεσϐείαις</span> <span class='ocrx_word' id='word_1_204' title='bbox 1264 1732 1428 1786; x_wconf 81' lang='grc' dir='ltr'>λῦσον</span> <span class='ocrx_word' id='word_1_205' title='bbox 1456 1734 1525 1786; x_wconf 68' lang='grc' dir='ltr'>τὰ</span> <span class='ocrx_word' id='word_1_206' title='bbox 1568 1731 1741 1801; x_wconf 83' lang='grc' dir='ltr'>δεσμά</span> <span class='ocrx_word' id='word_1_207' title='bbox 1784 1728 1895 1782; x_wconf 82' lang='grc' dir='ltr'><strong>τῶν</strong></span> 
     </span>
    </p>
   </div>
   <div class='ocr_carea' id='block_1_34' title="bbox 2022 1719 3575 1806">
    <p class='ocr_par' dir='ltr' id='par_1_34' title="bbox 2022 1735 3575 1802">
     <span class='ocr_line' id='line_1_34' title="bbox 2022 1735 3575 1802; baseline 0.004 -15"><span class='ocrx_word' id='word_1_208' title='bbox 2022 1735 2155 1802; x_wconf 92' lang='lat' dir='ltr'><strong>ium,</strong></span> <span class='ocrx_word' id='word_1_209' title='bbox 2188 1747 2379 1792; x_wconf 87' lang='lat' dir='ltr'><strong>sancta</strong></span> <span class='ocrx_word' id='word_1_210' title='bbox 2419 1738 2568 1794; x_wconf 90' lang='lat' dir='ltr'><strong>illius</strong></span> <span class='ocrx_word' id='word_1_211' title='bbox 2614 1740 3016 1795; x_wconf 87' lang='lat' dir='ltr'><strong>intercessione</strong></span> <span class='ocrx_word' id='word_1_212' title='bbox 3047 1740 3226 1794; x_wconf 76' lang='lat' dir='ltr'><strong>exime</strong></span> <span class='ocrx_word' id='word_1_213' title='bbox 3265 1754 3352 1794; x_wconf 92' lang='lat' dir='ltr'><strong>me</strong></span> <span class='ocrx_word' id='word_1_214' title='bbox 3384 1754 3416 1793; x_wconf 89' lang='lat' dir='ltr'><strong>a</strong></span> <span class='ocrx_word' id='word_1_215' title='bbox 3449 1740 3575 1793; x_wconf 88' lang='lat' dir='ltr'><strong>vin-</strong></span> 
     </span>
    </p>
   </div>
   <div class='ocr_carea' id='block_1_35' title="bbox 316 1825 843 1896">
    <p class='ocr_par' dir='ltr' id='par_1_35' title="bbox 316 1825 843 1896">
     <span class='ocr_line' id='line_1_35' title="bbox 316 1825 843 1896; baseline 0.002 -18"><span class='ocrx_word' id='word_1_216' title='bbox 316 1825 683 1896; x_wconf 68' lang='grc' dir='ltr'>πταισμάτων</span> <span class='ocrx_word' id='word_1_217' title='bbox 718 1842 843 1895; x_wconf 85' lang='grc' dir='ltr'>μου.</span> 
     </span>
    </p>
   </div>
   <div class='ocr_carea' id='block_1_36' title="bbox 589 1912 1626 1979">
    <p class='ocr_par' dir='ltr' id='par_1_36' title="bbox 589 1912 1626 1979">
     <span class='ocr_line' id='line_1_36' title="bbox 589 1912 1626 1979; baseline -0.001 -10"><span class='ocrx_word' id='word_1_218' title='bbox 589 1914 933 1969; x_wconf 75' lang='grc' dir='ltr'>Ναυτιῶντα</span> <span class='ocrx_word' id='word_1_219' title='bbox 959 1915 1128 1979; x_wconf 81' lang='grc' dir='ltr'>σάλῳ</span> <span class='ocrx_word' id='word_1_220' title='bbox 1161 1912 1282 1966; x_wconf 76' lang='grc' dir='ltr'>τῶν·</span> <span class='ocrx_word' id='word_1_221' title='bbox 1305 1912 1626 1978; x_wconf 79' lang='grc' dir='ltr'>βιωτικῶν.</span> 
     </span>
    </p>
   </div>
   <div class='ocr_carea' id='block_1_37' title="bbox 392 2004 1889 2077">
    <p class='ocr_par' dir='ltr' id='par_1_37' title="bbox 392 2004 1889 2077">
     <span class='ocr_line' id='line_1_37' title="bbox 392 2004 1889 2077; baseline -0.003 -16"><span class='ocrx_word' id='word_1_222' title='bbox 392 2007 709 2077; x_wconf 83' lang='grc' dir='ltr'>Προετύπου</span> <span class='ocrx_word' id='word_1_223' title='bbox 738 2006 928 2071; x_wconf 83' lang='grc' dir='ltr'>πάλαι,</span> <span class='ocrx_word' id='word_1_224' title='bbox 954 2004 1162 2076; x_wconf 81' lang='grc' dir='ltr'>Σῶτερ,</span> <span class='ocrx_word' id='word_1_225' title='bbox 1204 2006 1391 2070; x_wconf 78' lang='grc' dir='ltr'>Ἰωνᾶς</span> <span class='ocrx_word' id='word_1_226' title='bbox 1420 2005 1519 2077; x_wconf 81' lang='grc' dir='ltr'>τὴν</span> <span class='ocrx_word' id='word_1_227' title='bbox 1567 2006 1745 2077; x_wconf 77' lang='grc' dir='ltr'>ταφήν</span> <span class='ocrx_word' id='word_1_228' title='bbox 1772 2022 1889 2071; x_wconf 81' lang='grc' dir='ltr'>σου,</span> 
     </span>
    </p>
   </div>
   <div class='ocr_carea' id='block_1_38' title="bbox 313 2094 1892 2168">
    <p class='ocr_par' dir='ltr' id='par_1_38' title="bbox 313 2094 1892 2168">
     <span class='ocr_line' id='line_1_38' title="bbox 313 2094 1892 2168; baseline -0.003 -17"><span class='ocrx_word' id='word_1_229' title='bbox 313 2098 414 2151; x_wconf 74' lang='grc' dir='ltr'>τοῦ</span> <span class='ocrx_word' id='word_1_230' title='bbox 479 2099 680 2168; x_wconf 82' lang='grc' dir='ltr'>κήτους</span> <span class='ocrx_word' id='word_1_231' title='bbox 732 2098 1033 2167; x_wconf 88' lang='grc' dir='ltr'>τρ.ήμερος</span> <span class='ocrx_word' id='word_1_232' title='bbox 1082 2094 1181 2166; x_wconf 80' lang='grc' dir='ltr'>τὴν</span> <span class='ocrx_word' id='word_1_233' title='bbox 1245 2096 1488 2165; x_wconf 78' lang='grc' dir='ltr'>γαστέρα</span> <span class='ocrx_word' id='word_1_234' title='bbox 1543 2095 1892 2165; x_wconf 76' lang='grc' dir='ltr'>ἀδιαφθόρως</span> 
     </span>
    </p>
   </div>
   <div class='ocr_carea' id='block_1_39' title="bbox 313 2184 1893 2259">
    <p class='ocr_par' dir='ltr' id='par_1_39' title="bbox 313 2184 1893 2259">
     <span class='ocr_line' id='line_1_39' title="bbox 313 2184 1893 2259; baseline -0.003 -17"><span class='ocrx_word' id='word_1_235' title='bbox 313 2188 570 2259; x_wconf 76' lang='grc' dir='ltr'>οἰκήσας,</span> <span class='ocrx_word' id='word_1_236' title='bbox 602 2186 840 2253; x_wconf 77' lang='grc' dir='ltr'>δοξάζων</span> <span class='ocrx_word' id='word_1_237' title='bbox 879 2204 938 2240; x_wconf 88' lang='grc' dir='ltr'><strong>σε</strong></span> <span class='ocrx_word' id='word_1_238' title='bbox 979 2186 1170 2257; x_wconf 86' lang='grc' dir='ltr'>λάκκῳ</span> <span class='ocrx_word' id='word_1_239' title='bbox 1220 2187 1520 2256; x_wconf 75' lang='grc' dir='ltr'>κατωτάτω</span> <span class='ocrx_word' id='word_1_240' title='bbox 1547 2202 1562 2217; x_wconf 88' lang='grc'><strong>·</strong></span> <span class='ocrx_word' id='word_1_241' title='bbox 1600 2184 1893 2256; x_wconf 79' lang='grc' dir='ltr'>προσκλει-</span> 
     </span>
    </p>
   </div>
   <div class='ocr_carea' id='block_1_40' title="bbox 314 2281 1786 2352">
    <p class='ocr_par' dir='ltr' id='par_1_40' title="bbox 314 2281 1786 2352">
     <span class='ocr_line' id='line_1_40' title="bbox 314 2281 1786 2352; baseline -0.001 -18"><span class='ocrx_word' id='word_1_242' title='bbox 314 2282 467 2347; x_wconf 74' lang='grc' dir='ltr'>σθεὶς</span> <span class='ocrx_word' id='word_1_243' title='bbox 492 2281 620 2352; x_wconf 85' lang='grc' dir='ltr'>γὰρ,</span> <span class='ocrx_word' id='word_1_244' title='bbox 647 2283 809 2349; x_wconf 85' lang='grc' dir='ltr'>Λὸγε,</span> <span class='ocrx_word' id='word_1_245' title='bbox 835 2281 1124 2351; x_wconf 80' lang='grc' dir='ltr'>ἐξανέστης</span> <span class='ocrx_word' id='word_1_246' title='bbox 1151 2281 1215 2335; x_wconf 80' lang='grc' dir='ltr'>ἐκ</span> <span class='ocrx_word' id='word_1_247' title='bbox 1239 2281 1448 2350; x_wconf 81' lang='grc' dir='ltr'>νεκρῶν</span> <span class='ocrx_word' id='word_1_248' title='bbox 1473 2281 1786 2350; x_wconf 87' lang='grc' dir='ltr'>τριήμερος.</span> 
     </span>
    </p>
   </div>
   <div class='ocr_carea' id='block_1_41' title="bbox 388 2370 1893 2444">
    <p class='ocr_par' dir='ltr' id='par_1_41' title="bbox 388 2370 1893 2444">
     <span class='ocr_line' id='line_1_41' title="bbox 388 2370 1893 2444; baseline -0.002 -17"><span class='ocrx_word' id='word_1_249' title='bbox 388 2373 678 2444; x_wconf 77' lang='grc' dir='ltr'>Χορευέτω</span> <span class='ocrx_word' id='word_1_250' title='bbox 704 2376 853 2427; x_wconf 81' lang='grc' dir='ltr'>πᾶσα</span> <span class='ocrx_word' id='word_1_251' title='bbox 894 2372 1071 2436; x_wconf 83' lang='grc' dir='ltr'>κτίσις</span> <span class='ocrx_word' id='word_1_252' title='bbox 1102 2374 1168 2443; x_wconf 79' lang='grc' dir='ltr'>τῇ</span> <span class='ocrx_word' id='word_1_253' title='bbox 1214 2371 1308 2425; x_wconf 80' lang='grc' dir='ltr'>τοῦ</span> <span class='ocrx_word' id='word_1_254' title='bbox 1340 2372 1534 2441; x_wconf 83' lang='grc' dir='ltr'>Πάσχα</span> <span class='ocrx_word' id='word_1_255' title='bbox 1560 2370 1748 2442; x_wconf 80' lang='grc' dir='ltr'>ἡμέρᾳ</span> <span class='ocrx_word' id='word_1_256' title='bbox 1780 2387 1793 2400; x_wconf 87' lang='grc'><strong>·</strong></span> <span class='ocrx_word' id='word_1_257' title='bbox 1836 2371 1893 2425; x_wconf 80' lang='grc' dir='ltr'>ἐν</span> 
     </span>
    </p>
   </div>
   <div class='ocr_carea' id='block_1_42' title="bbox 312 2461 1896 2537">
    <p class='ocr_par' dir='ltr' id='par_1_42' title="bbox 312 2461 1896 2537">
     <span class='ocr_line' id='line_1_42' title="bbox 312 2461 1896 2537; baseline -0.005 -16"><span class='ocrx_word' id='word_1_258' title='bbox 312 2464 487 2537; x_wconf 79' lang='grc' dir='ltr'>ταύτῃ</span> <span class='ocrx_word' id='word_1_259' title='bbox 516 2462 762 2535; x_wconf 71' lang='grc' dir='ltr'>ἀνέστης</span> <span class='ocrx_word' id='word_1_260' title='bbox 795 2465 902 2536; x_wconf 75' lang='grc' dir='ltr'>γὰρ</span> <span class='ocrx_word' id='word_1_261' title='bbox 935 2467 998 2518; x_wconf 80' lang='grc' dir='ltr'>ὲκ</span> <span class='ocrx_word' id='word_1_262' title='bbox 1038 2462 1130 2517; x_wconf 77' lang='grc' dir='ltr'>τοῦ</span> <span class='ocrx_word' id='word_1_263' title='bbox 1183 2463 1378 2532; x_wconf 74' lang='grc' dir='ltr'>τάφου,</span> <span class='ocrx_word' id='word_1_264' title='bbox 1424 2463 1454 2515; x_wconf 89' lang='lat'><strong>6</strong></span> <span class='ocrx_word' id='word_1_265' title='bbox 1488 2461 1896 2531; x_wconf 86' lang='grc' dir='ltr'>παντοδύναμος</span> 
     </span>
    </p>
   </div>
   <div class='ocr_carea' id='block_1_43' title="bbox 311 2552 1894 2625">
    <p class='ocr_par' dir='ltr' id='par_1_43' title="bbox 311 2552 1894 2625">
     <span class='ocr_line' id='line_1_43' title="bbox 311 2552 1894 2625; baseline -0.003 -15"><span class='ocrx_word' id='word_1_266' title='bbox 311 2558 484 2622; x_wconf 83' lang='grc' dir='ltr'>λύσας</span> <span class='ocrx_word' id='word_1_267' title='bbox 508 2557 598 2611; x_wconf 78' lang='grc' dir='ltr'><strong>τὸν</strong></span> <span class='ocrx_word' id='word_1_268' title='bbox 627 2557 875 2621; x_wconf 83' lang='grc' dir='ltr'>θάνατον,</span> <span class='ocrx_word' id='word_1_269' title='bbox 909 2555 1004 2610; x_wconf 74' lang='grc' dir='ltr'><strong>καὶ</strong></span> <span class='ocrx_word' id='word_1_270' title='bbox 1038 2558 1150 2620; x_wconf 82' lang='grc' dir='ltr'>τοῖς</span> <span class='ocrx_word' id='word_1_271' title='bbox 1181 2556 1275 2609; x_wconf 83' lang='grc' dir='ltr'>ἀπ’</span> <span class='ocrx_word' id='word_1_272' title='bbox 1320 2554 1516 2617; x_wconf 80' lang='grc' dir='ltr'>αἰῶνος</span> <span class='ocrx_word' id='word_1_273' title='bbox 1550 2552 1894 2625; x_wconf 83' lang='grc' dir='ltr'>κοιμηθεῖσιν</span> 
     </span>
    </p>
   </div>
   <div class='ocr_carea' id='block_1_44' title="bbox 317 2644 1494 2718">
    <p class='ocr_par' dir='ltr' id='par_1_44' title="bbox 317 2644 1494 2718">
     <span class='ocr_line' id='line_1_44' title="bbox 317 2644 1494 2718; baseline -0.003 -17"><span class='ocrx_word' id='word_1_274' title='bbox 317 2647 476 2701; x_wconf 84' lang='grc' dir='ltr'>θείαν</span> <span class='ocrx_word' id='word_1_275' title='bbox 500 2646 901 2718; x_wconf 75' lang='grc' dir='ltr'>ἀπολύτρωσιν,</span> <span class='ocrx_word' id='word_1_276' title='bbox 924 2645 1151 2717; x_wconf 80' lang='grc' dir='ltr'>Χριστὲ,</span> <span class='ocrx_word' id='word_1_277' title='bbox 1175 2644 1494 2716; x_wconf 82' lang='grc' dir='ltr'>δεδώρησαι.</span> 
     </span>
    </p>
   </div>
   <div class='ocr_carea' id='block_1_45' title="bbox 389 2737 1894 2811">
    <p class='ocr_par' dir='ltr' id='par_1_45' title="bbox 389 2737 1894 2811">
     <span class='ocr_line' id='line_1_45' title="bbox 389 2737 1894 2811; baseline -0.002 -16"><span class='ocrx_word' id='word_1_278' title='bbox 389 2741 707 2811; x_wconf 77' lang='grc' dir='ltr'>Μυροφόροι</span> <span class='ocrx_word' id='word_1_279' title='bbox 735 2738 1108 2809; x_wconf 79' lang='grc' dir='ltr'>κόραιδρθρου</span> <span class='ocrx_word' id='word_1_280' title='bbox 1140 2738 1275 2807; x_wconf 74' lang='grc' dir='ltr'>πρὸς</span> <span class='ocrx_word' id='word_1_281' title='bbox 1291 2737 1350 2790; x_wconf 80' lang='grc' dir='ltr'>τὸ</span> <span class='ocrx_word' id='word_1_282' title='bbox 1372 2737 1561 2806; x_wconf 81' lang='grc' dir='ltr'>μνῆμα</span> <span class='ocrx_word' id='word_1_283' title='bbox 1585 2737 1894 2803; x_wconf 82' lang='grc' dir='ltr'>σπουδαίως</span> 
     </span>
    </p>
   </div>
   <div class='ocr_carea' id='block_1_46' title="bbox 313 2828 1894 2902">
    <p class='ocr_par' dir='ltr' id='par_1_46' title="bbox 313 2828 1894 2902">
     <span class='ocr_line' id='line_1_46' title="bbox 313 2828 1894 2902; baseline -0.002 -16"><span class='ocrx_word' id='word_1_284' title='bbox 313 2834 597 2900; x_wconf 54' lang='grc' dir='ltr'>ἅτίκοντο,</span> <span class='ocrx_word' id='word_1_285' title='bbox 630 2831 822 2902; x_wconf 69' lang='grc' dir='ltr'>βλέψαι</span> <span class='ocrx_word' id='word_1_286' title='bbox 843 2828 1202 2898; x_wconf 74' lang='grc' dir='ltr'>ὲπιζητοῦσαι</span> <span class='ocrx_word' id='word_1_287' title='bbox 1229 2828 1318 2881; x_wconf 78' lang='grc' dir='ltr'><strong>τὸν</strong></span> <span class='ocrx_word' id='word_1_288' title='bbox 1340 2829 1628 2899; x_wconf 76' lang='grc' dir='ltr'>ζωοδότην·</span> <span class='ocrx_word' id='word_1_289' title='bbox 1645 2829 1894 2883; x_wconf 76' lang='grc' dir='ltr'>κατεῖδον</span> 
     </span>
    </p>
   </div>
   <div class='ocr_carea' id='block_1_47' title="bbox 312 2919 1944 2997">
    <p class='ocr_par' dir='ltr' id='par_1_47' title="bbox 312 2919 1944 2997">
     <span class='ocr_line' id='line_1_47' title="bbox 312 2919 1944 2997; baseline -0.002 -20"><span class='ocrx_word' id='word_1_290' title='bbox 312 2925 369 2978; x_wconf 83' lang='grc' dir='ltr'>δὲ</span> <span class='ocrx_word' id='word_1_291' title='bbox 395 2924 624 2993; x_wconf 82' lang='grc' dir='ltr'>ἄγγελον</span> <span class='ocrx_word' id='word_1_292' title='bbox 643 2923 871 2997; x_wconf 87' lang='grc' dir='ltr'>ταύταις</span> <span class='ocrx_word' id='word_1_293' title='bbox 895 2921 1190 2976; x_wconf 79' lang='grc' dir='ltr'>ὲκῢοῶντα·</span> <span class='ocrx_word' id='word_1_294' title='bbox 1227 2919 1521 2990; x_wconf 77' lang='grc' dir='ltr'>Ἐξανέστη</span> <span class='ocrx_word' id='word_1_295' title='bbox 1554 2920 1583 2972; x_wconf 90' lang='lat'><strong>6</strong></span> <span class='ocrx_word' id='word_1_296' title='bbox 1620 2921 1895 2992; x_wconf 82' lang='grc' dir='ltr'>Δημιουρ-</span> <span class='ocrx_word' id='word_1_297' title='bbox 1940 2985 1944 2988; x_wconf 7' lang='grc' dir='ltr'><strong>γ</strong></span> 
     </span>
    </p>
   </div>
   <div class='ocr_carea' id='block_1_48' title="bbox 316 3012 1041 3088">
    <p class='ocr_par' dir='ltr' id='par_1_48' title="bbox 316 3012 1041 3088">
     <span class='ocr_line' id='line_1_48' title="bbox 316 3012 1041 3088; baseline -0.006 -18"><span class='ocrx_word' id='word_1_298' title='bbox 316 3018 434 3088; x_wconf 77' lang='grc' dir='ltr'>γδς,</span> <span class='ocrx_word' id='word_1_299' title='bbox 468 3015 659 3070; x_wconf 67' lang='grc' dir='ltr'>λοιπὸν</span> <span class='ocrx_word' id='word_1_300' title='bbox 698 3014 773 3085; x_wconf 81' lang='grc' dir='ltr'>μὴ</span> <span class='ocrx_word' id='word_1_301' title='bbox 802 3012 1041 3068; x_wconf 85' lang='grc' dir='ltr'>κλαίετε.</span> 
     </span>
    </p>
   </div>
   <div class='ocr_carea' id='block_1_49' title="bbox 398 3102 1891 3178">
    <p class='ocr_par' dir='ltr' id='par_1_49' title="bbox 398 3102 1891 3178">
     <span class='ocr_line' id='line_1_49' title="bbox 398 3102 1891 3178; baseline -0.001 -19"><span class='ocrx_word' id='word_1_302' title='bbox 398 3109 459 3159; x_wconf 80' lang='lat'><strong>&#39;0</strong></span> <span class='ocrx_word' id='word_1_303' title='bbox 477 3107 690 3178; x_wconf 72' lang='grc' dir='ltr'>τεχθεὶς</span> <span class='ocrx_word' id='word_1_304' title='bbox 709 3106 984 3178; x_wconf 86' lang='grc' dir='ltr'>ἀσπόρως,</span> <span class='ocrx_word' id='word_1_305' title='bbox 999 3105 1174 3176; x_wconf 82' lang='grc' dir='ltr'>Κόρη,</span> <span class='ocrx_word' id='word_1_306' title='bbox 1197 3102 1258 3168; x_wconf 75' lang='grc' dir='ltr'>ἐξ</span> <span class='ocrx_word' id='word_1_307' title='bbox 1275 3104 1515 3175; x_wconf 66' lang='grc' dir='ltr'>ἀφθόρου</span> <span class='ocrx_word' id='word_1_308' title='bbox 1544 3121 1637 3158; x_wconf 87' lang='grc' dir='ltr'><strong>σου</strong></span> <span class='ocrx_word' id='word_1_309' title='bbox 1657 3105 1891 3175; x_wconf 82' lang='grc' dir='ltr'>μήτρας,</span> 
     </span>
    </p>
   </div>
   <div class='ocr_carea' id='block_1_50' title="bbox 312 3194 1891 3267">
    <p class='ocr_par' dir='ltr' id='par_1_50' title="bbox 312 3194 1891 3267">
     <span class='ocr_line' id='line_1_50' title="bbox 312 3194 1891 3267; baseline -0.004 -14"><span class='ocrx_word' id='word_1_310' title='bbox 312 3200 497 3264; x_wconf 66' lang='grc' dir='ltr'>τεθεὶς</span> <span class='ocrx_word' id='word_1_311' title='bbox 556 3200 613 3251; x_wconf 83' lang='grc' dir='ltr'>ὲν</span> <span class='ocrx_word' id='word_1_312' title='bbox 660 3196 738 3267; x_wconf 80' lang='grc' dir='ltr'><strong>τῷ</strong></span> <span class='ocrx_word' id='word_1_313' title='bbox 812 3197 1060 3267; x_wconf 77' lang='grc' dir='ltr'>μνήματι</span> <span class='ocrx_word' id='word_1_314' title='bbox 1121 3195 1409 3258; x_wconf 65' lang='grc' dir='ltr'>ἑκουσίως*</span> <span class='ocrx_word' id='word_1_315' title='bbox 1461 3194 1761 3267; x_wconf 75' lang='grc' dir='ltr'>διαφθορὰν</span> <span class='ocrx_word' id='word_1_316' title='bbox 1832 3196 1891 3248; x_wconf 77' lang='grc' dir='ltr'><strong>ού</strong></span> 
     </span>
    </p>
   </div>
   <div class='ocr_carea' id='block_1_51' title="bbox 313 3284 1891 3358">
    <p class='ocr_par' dir='ltr' id='par_1_51' title="bbox 313 3284 1891 3358">
     <span class='ocr_line' id='line_1_51' title="bbox 313 3284 1891 3358; baseline -0.003 -17"><span class='ocrx_word' id='word_1_317' title='bbox 313 3290 591 3351; x_wconf 78' lang='grc' dir='ltr'>τεθέαται,</span> <span class='ocrx_word' id='word_1_318' title='bbox 623 3288 851 3358; x_wconf 80' lang='grc' dir='ltr'>ἄχραντε</span> <span class='ocrx_word' id='word_1_319' title='bbox 872 3303 886 3317; x_wconf 88' lang='grc'><strong>·</strong></span> <span class='ocrx_word' id='word_1_320' title='bbox 917 3286 1045 3349; x_wconf 76' lang='grc' dir='ltr'>τοὺς</span> <span class='ocrx_word' id='word_1_321' title='bbox 1083 3284 1538 3356; x_wconf 83' lang='grc' dir='ltr'>καταφθαρέντας</span> <span class='ocrx_word' id='word_1_322' title='bbox 1563 3285 1620 3338; x_wconf 81' lang='grc' dir='ltr'>δὲ</span> <span class='ocrx_word' id='word_1_323' title='bbox 1644 3284 1891 3351; x_wconf 74' lang='grc' dir='ltr'>ζωιὶισας,</span> 
     </span>
    </p>
   </div>
   <div class='ocr_carea' id='block_1_52' title="bbox 316 3376 1341 3453">
    <p class='ocr_par' dir='ltr' id='par_1_52' title="bbox 316 3376 1341 3453">
     <span class='ocr_line' id='line_1_52' title="bbox 316 3376 1341 3453; baseline -0.003 -18"><span class='ocrx_word' id='word_1_324' title='bbox 316 3380 442 3453; x_wconf 73' lang='grc' dir='ltr'>θεία</span> <span class='ocrx_word' id='word_1_325' title='bbox 472 3379 761 3449; x_wconf 72' lang='grc' dir='ltr'>δυναστείᾳ</span> <span class='ocrx_word' id='word_1_326' title='bbox 791 3376 970 3449; x_wconf 80' lang='grc' dir='ltr'>ἑαυτῷ</span> <span class='ocrx_word' id='word_1_327' title='bbox 998 3378 1341 3448; x_wconf 82' lang='grc' dir='ltr'>συνήγειρεν.</span> 
     </span>
    </p>
   </div>
   <div class='ocr_carea' id='block_1_53' title="bbox 627 3556 1587 3626">
    <p class='ocr_par' dir='ltr' id='par_1_53' title="bbox 627 3556 1587 3626">
     <span class='ocr_line' id='line_1_53' title="bbox 627 3556 1587 3626; baseline -0.002 -16"><span class='ocrx_word' id='word_1_328' title='bbox 627 3556 895 3626; x_wconf 62' lang='grc' dir='ltr'>Κάλανον</span> <span class='ocrx_word' id='word_1_329' title='bbox 919 3556 1130 3622; x_wconf 77' lang='grc' dir='ltr'>παῖδες</span> <span class='ocrx_word' id='word_1_330' title='bbox 1152 3557 1587 3625; x_wconf 73' lang='grc' dir='ltr'>πυρίφλεκτον.</span> 
     </span>
    </p>
   </div>
   <div class='ocr_carea' id='block_1_54' title="bbox 382 3646 1893 3719">
    <p class='ocr_par' dir='ltr' id='par_1_54' title="bbox 382 3646 1893 3719">
     <span class='ocr_line' id='line_1_54' title="bbox 382 3646 1893 3719; baseline -0.002 -17"><span class='ocrx_word' id='word_1_331' title='bbox 382 3649 451 3702; x_wconf 82' lang='grc' dir='ltr'><strong>Σὲ</strong></span> <span class='ocrx_word' id='word_1_332' title='bbox 503 3648 832 3718; x_wconf 84' lang='grc' dir='ltr'>παρανόμων</span> <span class='ocrx_word' id='word_1_333' title='bbox 871 3646 1142 3717; x_wconf 82' lang='grc' dir='ltr'>Ἑϐραίων</span> <span class='ocrx_word' id='word_1_334' title='bbox 1165 3650 1194 3702; x_wconf 91' lang='grc' dir='ltr'>ὁ</span> <span class='ocrx_word' id='word_1_335' title='bbox 1232 3648 1405 3719; x_wconf 83' lang='grc' dir='ltr'>δῆμος</span> <span class='ocrx_word' id='word_1_336' title='bbox 1437 3648 1530 3700; x_wconf 80' lang='grc' dir='ltr'><strong>τὸν</strong></span> <span class='ocrx_word' id='word_1_337' title='bbox 1594 3647 1893 3717; x_wconf 84' lang='grc' dir='ltr'>νομοδότην</span> 
     </span>
    </p>
   </div>
   <div class='ocr_carea' id='block_1_55' title="bbox 317 3737 1889 3809">
    <p class='ocr_par' dir='ltr' id='par_1_55' title="bbox 317 3737 1889 3809">
     <span class='ocr_line' id='line_1_55' title="bbox 317 3737 1889 3809; baseline -0.002 -16"><span class='ocrx_word' id='word_1_338' title='bbox 317 3740 705 3809; x_wconf 77' lang='grc' dir='ltr'>ἐσταύρωσεν,</span> <span class='ocrx_word' id='word_1_339' title='bbox 768 3739 1161 3809; x_wconf 74' lang='grc' dir='ltr'>άμνημονήσας</span> <span class='ocrx_word' id='word_1_340' title='bbox 1210 3738 1317 3791; x_wconf 84' lang='grc' dir='ltr'><strong>τῶν</strong></span> <span class='ocrx_word' id='word_1_341' title='bbox 1368 3740 1477 3792; x_wconf 84' lang='grc' dir='ltr'><strong>σῶν</strong></span> <span class='ocrx_word' id='word_1_342' title='bbox 1530 3737 1889 3807; x_wconf 63' lang='grc' dir='ltr'>θαιμασίων,</span> 
     </span>
    </p>
   </div>
   <div class='ocr_carea' id='block_1_56' title="bbox 316 3827 1670 3900">
    <p class='ocr_par' dir='ltr' id='par_1_56' title="bbox 316 3827 1670 3900">
     <span class='ocr_line' id='line_1_56' title="bbox 316 3827 1670 3900; baseline -0.001 -16"><span class='ocrx_word' id='word_1_343' title='bbox 316 3830 363 3884; x_wconf 84' lang='grc' dir='ltr'>Χ</span> <span class='ocrx_word' id='word_1_344' title='bbox 373 3829 543 3900; x_wconf 77' lang='grc' dir='ltr'>ριστὲ,</span> <span class='ocrx_word' id='word_1_345' title='bbox 569 3830 597 3882; x_wconf 92' lang='lat'><strong>6</strong></span> <span class='ocrx_word' id='word_1_346' title='bbox 631 3827 907 3898; x_wconf 80' lang='grc' dir='ltr'>ύπερυψού</span> <span class='ocrx_word' id='word_1_347' title='bbox 917 3845 1075 3899; x_wconf 86' lang='grc' dir='ltr'>μενος</span> <span class='ocrx_word' id='word_1_348' title='bbox 1106 3828 1216 3881; x_wconf 83' lang='grc' dir='ltr'>τῶν</span> <span class='ocrx_word' id='word_1_349' title='bbox 1237 3828 1490 3897; x_wconf 79' lang='grc' dir='ltr'>πατέρων</span> <span class='ocrx_word' id='word_1_350' title='bbox 1514 3828 1670 3892; x_wconf 88' lang='grc' dir='ltr'>Θεός.</span> 
     </span>
    </p>
   </div>
   <div class='ocr_carea' id='block_1_57' title="bbox 399 3920 1892 3994">
    <p class='ocr_par' dir='ltr' id='par_1_57' title="bbox 399 3920 1892 3994">
     <span class='ocr_line' id='line_1_57' title="bbox 399 3920 1892 3994; baseline 0.001 -18"><span class='ocrx_word' id='word_1_351' title='bbox 399 3920 766 3992; x_wconf 78' lang='grc' dir='ltr'>Ἀγαλλομένῃ</span> <span class='ocrx_word' id='word_1_352' title='bbox 795 3921 939 3992; x_wconf 79' lang='grc' dir='ltr'>ψυχῇ</span> <span class='ocrx_word' id='word_1_353' title='bbox 961 3925 1030 3993; x_wconf 83' lang='grc' dir='ltr'>τῇ</span> <span class='ocrx_word' id='word_1_354' title='bbox 1063 3924 1159 3975; x_wconf 80' lang='grc' dir='ltr'>τοῦ</span> <span class='ocrx_word' id='word_1_355' title='bbox 1187 3922 1383 3992; x_wconf 82' lang='grc' dir='ltr'>Πάσχα</span> <span class='ocrx_word' id='word_1_356' title='bbox 1408 3922 1892 3994; x_wconf 85' lang='grc' dir='ltr'>περιχορεύσωμεν</span> 
     </span>
    </p>
   </div>
   <div class='ocr_carea' id='block_1_58' title="bbox 320 4015 1894 4088">
    <p class='ocr_par' dir='ltr' id='par_1_58' title="bbox 320 4015 1894 4088">
     <span class='ocr_line' id='line_1_58' title="bbox 320 4015 1894 4088; baseline 0 -19"><span class='ocrx_word' id='word_1_357' title='bbox 320 4017 564 4088; x_wconf 81' lang='grc' dir='ltr'>σήμερον</span> <span class='ocrx_word' id='word_1_358' title='bbox 594 4015 903 4086; x_wconf 83' lang='grc' dir='ltr'>ἑορτασίμῳ</span> <span class='ocrx_word' id='word_1_359' title='bbox 926 4015 1131 4087; x_wconf 72' lang='grc' dir='ltr'>ἡμέρᾳ,</span> <span class='ocrx_word' id='word_1_360' title='bbox 1156 4018 1251 4071; x_wconf 69' lang='grc' dir='ltr'>καὶ</span> <span class='ocrx_word' id='word_1_361' title='bbox 1279 4016 1590 4086; x_wconf 75' lang='grc' dir='ltr'>κράξωμεν·</span> <span class='ocrx_word' id='word_1_362' title='bbox 1623 4016 1683 4069; x_wconf 85' lang='lat'><strong>&#39;0</strong></span> <span class='ocrx_word' id='word_1_363' title='bbox 1709 4017 1894 4087; x_wconf 79' lang='grc' dir='ltr'>ὑπερ-</span> 
     </span>
    </p>
   </div>
   <div class='ocr_carea' id='block_1_59' title="bbox 318 4106 650 4176">
    <p class='ocr_par' dir='ltr' id='par_1_59' title="bbox 318 4106 650 4176">
     <span class='ocr_line' id='line_1_59' title="bbox 318 4106 650 4176; baseline -0.009 -16"><span class='ocrx_word' id='word_1_364' title='bbox 318 4106 456 4175; x_wconf 62' lang='grc' dir='ltr'>υψού</span> <span class='ocrx_word' id='word_1_365' title='bbox 465 4123 530 4176; x_wconf 89' lang='grc' dir='ltr'><strong>με</strong></span> <span class='ocrx_word' id='word_1_366' title='bbox 538 4122 650 4169; x_wconf 78' lang='grc' dir='ltr'>νος.</span> 
     </span>
    </p>
   </div>
   <div class='ocr_carea' id='block_1_60' title="bbox 391 4194 1894 4268">
    <p class='ocr_par' dir='ltr' id='par_1_60' title="bbox 391 4194 1894 4268">
     <span class='ocr_line' id='line_1_60' title="bbox 391 4194 1894 4268; baseline 0 -19"><span class='ocrx_word' id='word_1_367' title='bbox 391 4194 609 4258; x_wconf 73' lang='grc' dir='ltr'>Ὄλϐιος</span> <span class='ocrx_word' id='word_1_368' title='bbox 632 4194 804 4265; x_wconf 84' lang='grc' dir='ltr'>τάφος</span> <span class='ocrx_word' id='word_1_369' title='bbox 826 4195 855 4248; x_wconf 93' lang='lat'><strong>6</strong></span> <span class='ocrx_word' id='word_1_370' title='bbox 880 4194 960 4261; x_wconf 78' lang='grc' dir='ltr'>σὲ,</span> <span class='ocrx_word' id='word_1_371' title='bbox 990 4195 1339 4264; x_wconf 84' lang='grc' dir='ltr'>πλουτοδότα,</span> <span class='ocrx_word' id='word_1_372' title='bbox 1367 4194 1699 4268; x_wconf 85' lang='grc' dir='ltr'>σωματικῶς</span> <span class='ocrx_word' id='word_1_373' title='bbox 1719 4197 1894 4251; x_wconf 79' lang='grc' dir='ltr'>εἰσδε-</span> 
     </span>
    </p>
   </div>
   <div class='ocr_carea' id='block_1_61' title="bbox 317 4275 1893 4359">
    <p class='ocr_par' dir='ltr' id='par_1_61' title="bbox 317 4275 1893 4359">
     <span class='ocr_line' id='line_1_61' title="bbox 317 4275 1893 4359; baseline 0.001 -19"><span class='ocrx_word' id='word_1_374' title='bbox 317 4287 576 4356; x_wconf 72' lang='grc' dir='ltr'>ξάμενος,</span> <span class='ocrx_word' id='word_1_375' title='bbox 606 4287 696 4339; x_wconf 78' lang='grc' dir='ltr'><strong>τὸν</strong></span> <span class='ocrx_word' id='word_1_376' title='bbox 735 4286 1020 4358; x_wconf 82' lang='grc' dir='ltr'>τριημέρῳ</span> <span class='ocrx_word' id='word_1_377' title='bbox 1055 4287 1272 4356; x_wconf 79' lang='grc' dir='ltr'>ὲγὲρσει</span> <span class='ocrx_word' id='word_1_378' title='bbox 1324 4275 1719 4358; x_wconf 76' lang='grc' dir='ltr'>’πλουτήσαντα</span> <span class='ocrx_word' id='word_1_379' title='bbox 1746 4288 1893 4359; x_wconf 80' lang='grc' dir='ltr'>ἡμᾶς</span> 
     </span>
    </p>
   </div>
   <div class='ocr_carea' id='block_1_62' title="bbox 318 4377 1714 4449">
    <p class='ocr_par' dir='ltr' id='par_1_62' title="bbox 318 4377 1714 4449">
     <span class='ocr_line' id='line_1_62' title="bbox 318 4377 1714 4449; baseline 0 -17"><span class='ocrx_word' id='word_1_380' title='bbox 318 4377 762 4449; x_wconf 82' lang='grc' dir='ltr'>πτωχεύσαντας,</span> <span class='ocrx_word' id='word_1_381' title='bbox 790 4378 885 4432; x_wconf 68' lang='grc' dir='ltr'>καὶ</span> <span class='ocrx_word' id='word_1_382' title='bbox 912 4377 1132 4441; x_wconf 83' lang='grc' dir='ltr'>ἀθλίως,</span> <span class='ocrx_word' id='word_1_383' title='bbox 1154 4378 1317 4445; x_wconf 87' lang='grc' dir='ltr'>Λόγε,</span> <span class='ocrx_word' id='word_1_384' title='bbox 1334 4377 1714 4449; x_wconf 78' lang='grc' dir='ltr'>τεθνήξαντας.</span> 
     </span>
    </p>
   </div>
   <div class='ocr_carea' id='block_1_63' title="bbox 390 4464 1892 4539">
    <p class='ocr_par' dir='ltr' id='par_1_63' title="bbox 390 4464 1892 4539">
     <span class='ocr_line' id='line_1_63' title="bbox 390 4464 1892 4539; baseline 0.001 -19"><span class='ocrx_word' id='word_1_385' title='bbox 390 4467 461 4520; x_wconf 84' lang='grc' dir='ltr'><strong>Σὲ</strong></span> <span class='ocrx_word' id='word_1_386' title='bbox 495 4464 786 4537; x_wconf 75' lang='grc' dir='ltr'>μακαρίζει</span> <span class='ocrx_word' id='word_1_387' title='bbox 809 4468 838 4520; x_wconf 86' lang='grc' dir='ltr'><strong>ὁ</strong></span> <span class='ocrx_word' id='word_1_388' title='bbox 867 4468 1089 4535; x_wconf 73' lang='grc' dir='ltr'>κόσμος,</span> <span class='ocrx_word' id='word_1_389' title='bbox 1117 4466 1381 4536; x_wconf 80' lang='grc' dir='ltr'>Παρθένε,</span> <span class='ocrx_word' id='word_1_390' title='bbox 1409 4467 1583 4535; x_wconf 82' lang='grc' dir='ltr'>Λόγον</span> <span class='ocrx_word' id='word_1_391' title='bbox 1618 4468 1892 4539; x_wconf 84' lang='grc' dir='ltr'>μακάριον</span> 
     </span>
    </p>
   </div>
   <div class='ocr_carea' id='block_1_64' title="bbox 319 4556 1893 4632">
    <p class='ocr_par' dir='ltr' id='par_1_64' title="bbox 319 4556 1893 4632">
     <span class='ocr_line' id='line_1_64' title="bbox 319 4556 1893 4632; baseline 0.004 -22"><span class='ocrx_word' id='word_1_392' title='bbox 319 4557 576 4623; x_wconf 80' lang='grc' dir='ltr'>τέξασαν,</span> <span class='ocrx_word' id='word_1_393' title='bbox 611 4560 703 4610; x_wconf 68' lang='grc' dir='ltr'>τὸν</span> <span class='ocrx_word' id='word_1_394' title='bbox 749 4557 1054 4628; x_wconf 84' lang='grc' dir='ltr'>μακαρίους</span> <span class='ocrx_word' id='word_1_395' title='bbox 1087 4556 1313 4628; x_wconf 77' lang='grc' dir='ltr'>βροτοὺς</span> <span class='ocrx_word' id='word_1_396' title='bbox 1338 4557 1715 4629; x_wconf 74' lang='grc' dir='ltr'>ἐργασάμενον</span> <span class='ocrx_word' id='word_1_397' title='bbox 1743 4559 1893 4632; x_wconf 80' lang='grc' dir='ltr'>αὐτῷ</span> 
     </span>
    </p>
   </div>
   <div class='ocr_carea' id='block_1_65' title="bbox 320 4647 1666 4719">
    <p class='ocr_par' dir='ltr' id='par_1_65' title="bbox 320 4647 1666 4719">
     <span class='ocr_line' id='line_1_65' title="bbox 320 4647 1666 4719; baseline 0 -17"><span class='ocrx_word' id='word_1_398' title='bbox 320 4647 820 4719; x_wconf 83' lang='grc' dir='ltr'>πειθαρχήσαντας,</span> <span class='ocrx_word' id='word_1_399' title='bbox 850 4648 1133 4718; x_wconf 81' lang='grc' dir='ltr'>Θεομῆτορ</span> <span class='ocrx_word' id='word_1_400' title='bbox 1169 4648 1306 4717; x_wconf 84' lang='grc' dir='ltr'>κόρη</span> <span class='ocrx_word' id='word_1_401' title='bbox 1333 4648 1666 4718; x_wconf 85' lang='grc' dir='ltr'>πανάμωμε.</span> 
     </span>
    </p>
   </div>
   <div class='ocr_carea' id='block_1_66' title="bbox 464 4739 1708 4810">
    <p class='ocr_par' dir='ltr' id='par_1_66' title="bbox 464 4739 1708 4810">
     <span class='ocr_line' id='line_1_66' title="bbox 464 4739 1708 4810; baseline 0.002 -15"><span class='ocrx_word' id='word_1_402' title='bbox 464 4791 470 4795; x_wconf 92' lang='grc'>.</span> <span class='ocrx_word' id='word_1_403' title='bbox 502 4741 822 4810; x_wconf 70' lang='grc' dir='ltr'>Ἅφλεκτος</span> <span class='ocrx_word' id='word_1_404' title='bbox 843 4740 984 4807; x_wconf 76' lang='grc' dir='ltr'>πυρὶ</span> <span class='ocrx_word' id='word_1_405' title='bbox 1016 4740 1086 4793; x_wconf 85' lang='grc' dir='ltr'><strong>ὲν</strong></span> <span class='ocrx_word' id='word_1_406' title='bbox 1128 4739 1276 4810; x_wconf 83' lang='grc' dir='ltr'><strong>Σινᾷ</strong></span> <span class='ocrx_word' id='word_1_407' title='bbox 1305 4740 1708 4810; x_wconf 74' lang='grc' dir='ltr'>προσομιλῶν.</span> 
     </span>
    </p>
   </div>
   <div class='ocr_carea' id='block_1_67' title="bbox 393 4831 1894 4905">
    <p class='ocr_par' dir='ltr' id='par_1_67' title="bbox 393 4831 1894 4905">
     <span class='ocr_line' id='line_1_67' title="bbox 393 4831 1894 4905; baseline 0.002 -20"><span class='ocrx_word' id='word_1_408' title='bbox 393 4832 598 4903; x_wconf 71' lang='grc' dir='ltr'>Πέτραν,</span> <span class='ocrx_word' id='word_1_409' title='bbox 627 4831 725 4902; x_wconf 81' lang='grc' dir='ltr'>τὴν</span> <span class='ocrx_word' id='word_1_410' title='bbox 756 4832 962 4901; x_wconf 82' lang='grc' dir='ltr'>πέτραν</span> <span class='ocrx_word' id='word_1_411' title='bbox 994 4832 1092 4902; x_wconf 78' lang='grc' dir='ltr'>τῆς</span> <span class='ocrx_word' id='word_1_412' title='bbox 1117 4831 1263 4902; x_wconf 78' lang='grc' dir='ltr'>ζωῆς</span> <span class='ocrx_word' id='word_1_413' title='bbox 1297 4832 1387 4885; x_wconf 80' lang='grc' dir='ltr'><strong>ὅτε</strong></span> <span class='ocrx_word' id='word_1_414' title='bbox 1420 4834 1663 4888; x_wconf 82' lang='grc' dir='ltr'>κατεῖδον</span> <span class='ocrx_word' id='word_1_415' title='bbox 1688 4834 1894 4905; x_wconf 81' lang='grc' dir='ltr'>πέτρας</span> 
     </span>
    </p>
   </div>
   <div class='ocr_carea' id='block_1_68' title="bbox 317 4919 1894 4999">
    <p class='ocr_par' dir='ltr' id='par_1_68' title="bbox 317 4919 1894 4999">
     <span class='ocr_line' id='line_1_68' title="bbox 317 4919 1894 4999; baseline 0.003 -24"><span class='ocrx_word' id='word_1_416' title='bbox 317 4919 583 4992; x_wconf 69' lang='grc' dir='ltr'>ἀρθεῖσαν</span> <span class='ocrx_word' id='word_1_417' title='bbox 624 4921 859 4994; x_wconf 78' lang='grc' dir='ltr'>ὕπερθεν</span> <span class='ocrx_word' id='word_1_418' title='bbox 893 4922 952 4976; x_wconf 75' lang='grc' dir='ltr'>ὲν</span> <span class='ocrx_word' id='word_1_419' title='bbox 982 4922 1062 4994; x_wconf 86' lang='grc' dir='ltr'>τῷ</span> <span class='ocrx_word' id='word_1_420' title='bbox 1093 4923 1315 4995; x_wconf 84' lang='grc' dir='ltr'>Κρανίῳ</span> <span class='ocrx_word' id='word_1_421' title='bbox 1354 4923 1745 4999; x_wconf 79' lang='grc' dir='ltr'>διεῤῥάγησαν,</span> <span class='ocrx_word' id='word_1_422' title='bbox 1799 4927 1894 4979; x_wconf 78' lang='grc' dir='ltr'>καὶ</span> 
     </span>
    </p>
   </div>
   <div class='ocr_carea' id='block_1_69' title="bbox 317 5013 1892 5087">
    <p class='ocr_par' dir='ltr' id='par_1_69' title="bbox 317 5013 1892 5087">
     <span class='ocr_line' id='line_1_69' title="bbox 317 5013 1892 5087; baseline 0.003 -22"><span class='ocrx_word' id='word_1_423' title='bbox 317 5013 470 5085; x_wconf 74' lang='grc' dir='ltr'>ἥλιος</span> <span class='ocrx_word' id='word_1_424' title='bbox 525 5013 622 5077; x_wconf 67' lang='grc' dir='ltr'>τὰς</span> <span class='ocrx_word' id='word_1_425' title='bbox 674 5013 851 5081; x_wconf 84' lang='grc' dir='ltr'>αὐγὰς</span> <span class='ocrx_word' id='word_1_426' title='bbox 916 5015 1300 5086; x_wconf 72' lang='grc' dir='ltr'>ὲναποκρύψας</span> <span class='ocrx_word' id='word_1_427' title='bbox 1370 5016 1681 5087; x_wconf 77' lang='grc' dir='ltr'>σκοτασμὺν</span> <span class='ocrx_word' id='word_1_428' title='bbox 1753 5017 1892 5085; x_wconf 82' lang='grc' dir='ltr'>βοῶν</span> 
     </span>
    </p>
   </div>
   <div class='ocr_carea' id='block_1_70' title="bbox 318 5103 1895 5179">
    <p class='ocr_par' dir='ltr' id='par_1_70' title="bbox 318 5103 1895 5179">
     <span class='ocr_line' id='line_1_70' title="bbox 318 5103 1895 5179; baseline 0.002 -23"><span class='ocrx_word' id='word_1_429' title='bbox 318 5103 615 5157; x_wconf 77' lang='grc' dir='ltr'>ἐνδέδυται³</span> <span class='ocrx_word' id='word_1_430' title='bbox 663 5104 849 5158; x_wconf 79' lang='grc' dir='ltr'>Πάντα</span> <span class='ocrx_word' id='word_1_431' title='bbox 907 5104 977 5158; x_wconf 84' lang='grc' dir='ltr'><strong>τά</strong></span> <span class='ocrx_word' id='word_1_432' title='bbox 1027 5105 1164 5176; x_wconf 79' lang='grc' dir='ltr'>ἔργα</span> <span class='ocrx_word' id='word_1_433' title='bbox 1217 5107 1465 5179; x_wconf 83' lang='grc' dir='ltr'>Κυρίου,</span> <span class='ocrx_word' id='word_1_434' title='bbox 1529 5107 1622 5161; x_wconf 84' lang='grc' dir='ltr'><strong>τὸν</strong></span> <span class='ocrx_word' id='word_1_435' title='bbox 1689 5108 1895 5178; x_wconf 81' lang='grc' dir='ltr'>Κύριον</span> 
     </span>
    </p>
   </div>
   <div class='ocr_carea' id='block_1_71' title="bbox 318 5197 561 5265">
    <p class='ocr_par' dir='ltr' id='par_1_71' title="bbox 318 5197 561 5265">
     <span class='ocr_line' id='line_1_71' title="bbox 318 5197 561 5265; baseline -0.012 -14"><span class='ocrx_word' id='word_1_436' title='bbox 318 5197 561 5265; x_wconf 79' lang='grc' dir='ltr'>ὑμνεῖτε.</span> 
     </span>
    </p>
   </div>
   <div class='ocr_carea' id='block_1_72' title="bbox 400 5287 1895 5365">
    <p class='ocr_par' dir='ltr' id='par_1_72' title="bbox 400 5287 1895 5365">
     <span class='ocr_line' id='line_1_72' title="bbox 400 5287 1895 5365; baseline 0.006 -26"><span class='ocrx_word' id='word_1_437' title='bbox 400 5287 616 5358; x_wconf 81' lang='grc' dir='ltr'>Ὠσπερ</span> <span class='ocrx_word' id='word_1_438' title='bbox 657 5288 890 5359; x_wconf 83' lang='grc' dir='ltr'>νυμφίον</span> <span class='ocrx_word' id='word_1_439' title='bbox 935 5291 1001 5343; x_wconf 78' lang='grc' dir='ltr'>ἐκ</span> <span class='ocrx_word' id='word_1_440' title='bbox 1047 5290 1259 5345; x_wconf 81' lang='grc' dir='ltr'>παστοῦ</span> <span class='ocrx_word' id='word_1_441' title='bbox 1304 5309 1365 5345; x_wconf 83' lang='grc' dir='ltr'><strong>σε</strong></span> <span class='ocrx_word' id='word_1_442' title='bbox 1408 5294 1738 5365; x_wconf 81' lang='grc' dir='ltr'>προελθόντα</span> <span class='ocrx_word' id='word_1_443' title='bbox 1768 5336 1781 5359; x_wconf 92' lang='grc'><strong>,</strong></span> <span class='ocrx_word' id='word_1_444' title='bbox 1831 5296 1895 5348; x_wconf 84' lang='grc' dir='ltr'>ὲκ</span> 
     </span>
    </p>
   </div>
   <div class='ocr_carea' id='block_1_73' title="bbox 318 5374 1892 5454">
    <p class='ocr_par' dir='ltr' id='par_1_73' title="bbox 318 5374 1892 5454">
     <span class='ocr_line' id='line_1_73' title="bbox 318 5374 1892 5454; baseline 0.006 -26"><span class='ocrx_word' id='word_1_445' title='bbox 318 5374 494 5444; x_wconf 82' lang='grc' dir='ltr'>τάφου</span> <span class='ocrx_word' id='word_1_446' title='bbox 527 5376 862 5448; x_wconf 84' lang='grc' dir='ltr'>ὡραιότατον</span> <span class='ocrx_word' id='word_1_447' title='bbox 907 5378 1018 5432; x_wconf 83' lang='grc' dir='ltr'><strong>τῶν</strong></span> <span class='ocrx_word' id='word_1_448' title='bbox 1076 5381 1392 5435; x_wconf 83' lang='grc' dir='ltr'>ἀποστόλων</span> <span class='ocrx_word' id='word_1_449' title='bbox 1434 5383 1604 5452; x_wconf 80' lang='grc' dir='ltr'>δῆμος</span> <span class='ocrx_word' id='word_1_450' title='bbox 1650 5383 1844 5454; x_wconf 65' lang='grc' dir='ltr'>ἔϐλεψε</span> <span class='ocrx_word' id='word_1_451' title='bbox 1877 5425 1892 5449; x_wconf 92' lang='grc'><strong>,</strong></span> 
     </span>
    </p>
   </div>
   <div class='ocr_carea' id='block_1_74' title="bbox 319 5464 1895 5543">
    <p class='ocr_par' dir='ltr' id='par_1_74' title="bbox 319 5464 1895 5543">
     <span class='ocr_line' id='line_1_74' title="bbox 319 5464 1895 5543; baseline 0.003 -20"><span class='ocrx_word' id='word_1_452' title='bbox 319 5464 421 5523; x_wconf 75' lang='grc' dir='ltr'>καὶ</span> <span class='ocrx_word' id='word_1_453' title='bbox 466 5466 657 5539; x_wconf 80' lang='grc' dir='ltr'>Πάσχα</span> <span class='ocrx_word' id='word_1_454' title='bbox 705 5473 826 5534; x_wconf 82' lang='grc' dir='ltr'>ταῖς</span> <span class='ocrx_word' id='word_1_455' title='bbox 868 5465 1127 5541; x_wconf 83' lang='grc' dir='ltr'>πατριαῖς</span> <span class='ocrx_word' id='word_1_456' title='bbox 1177 5473 1550 5543; x_wconf 77' lang='grc' dir='ltr'>συνεορτάζων</span> <span class='ocrx_word' id='word_1_457' title='bbox 1585 5475 1692 5528; x_wconf 83' lang='grc' dir='ltr'><strong>τῶν</strong></span> <span class='ocrx_word' id='word_1_458' title='bbox 1725 5475 1895 5528; x_wconf 77' lang='grc' dir='ltr'>ἐθνῶν</span> 
     </span>
    </p>
   </div>
   <div class='ocr_carea' id='block_1_75' title="bbox 321 5553 1893 5639">
    <p class='ocr_par' dir='ltr' id='par_1_75' title="bbox 321 5553 1893 5639">
     <span class='ocr_line' id='line_1_75' title="bbox 321 5553 1893 5639; baseline 0.008 -32"><span class='ocrx_word' id='word_1_459' title='bbox 321 5553 468 5610; x_wconf 74' lang='grc' dir='ltr'>ϐοῶν</span> <span class='ocrx_word' id='word_1_460' title='bbox 494 5558 798 5631; x_wconf 81' lang='grc' dir='ltr'>διήγγελλε·</span> <span class='ocrx_word' id='word_1_461' title='bbox 825 5562 1011 5619; x_wconf 81' lang='grc' dir='ltr'>Πάντα</span> <span class='ocrx_word' id='word_1_462' title='bbox 1043 5563 1108 5615; x_wconf 75' lang='grc' dir='ltr'><strong>τά</strong></span> <span class='ocrx_word' id='word_1_463' title='bbox 1136 5562 1268 5634; x_wconf 77' lang='grc' dir='ltr'>ἔργα</span> <span class='ocrx_word' id='word_1_464' title='bbox 1301 5564 1529 5633; x_wconf 82' lang='grc' dir='ltr'>Κυρίου,</span> <span class='ocrx_word' id='word_1_465' title='bbox 1570 5567 1663 5621; x_wconf 68' lang='grc' dir='ltr'>τὸν</span> <span class='ocrx_word' id='word_1_466' title='bbox 1686 5566 1893 5639; x_wconf 83' lang='grc' dir='ltr'>Κύριον</span> 
     </span>
    </p>
   </div>
   <div class='ocr_carea' id='block_1_76' title="bbox 326 5651 567 5717">
    <p class='ocr_par' dir='ltr' id='par_1_76' title="bbox 326 5651 567 5717">
     <span class='ocr_line' id='line_1_76' title="bbox 326 5651 567 5717; baseline 0.025 -17"><span class='ocrx_word' id='word_1_467' title='bbox 326 5651 567 5717; x_wconf 72' lang='grc' dir='ltr'>ὑμνεῖτε.</span> 
     </span>
    </p>
   </div>
   <div class='ocr_carea' id='block_1_77' title="bbox 1998 1831 2546 1902">
    <p class='ocr_par' dir='ltr' id='par_1_77' title="bbox 1998 1831 2546 1902">
     <span class='ocr_line' id='line_1_77' title="bbox 1998 1831 2546 1902; baseline 0.004 -17"><span class='ocrx_word' id='word_1_468' title='bbox 1998 1831 2139 1886; x_wconf 85' lang='lat' dir='ltr'><strong>culis</strong></span> <span class='ocrx_word' id='word_1_469' title='bbox 2171 1840 2546 1902; x_wconf 89' lang='lat' dir='ltr'><strong>peccatorum.</strong></span> 
     </span>
    </p>
   </div>
   <div class='ocr_carea' id='block_1_78' title="bbox 2257 1922 3305 1994">
    <p class='ocr_par' dir='ltr' id='par_1_78' title="bbox 2257 1922 3305 1994">
     <span class='ocr_line' id='line_1_78' title="bbox 2257 1922 3305 1994; baseline 0.002 -17"><span class='ocrx_word' id='word_1_470' title='bbox 2257 1922 2616 1994; x_wconf 74' lang='lat' dir='ltr'><strong>Navigantem</strong></span> <span class='ocrx_word' id='word_1_471' title='bbox 2647 1940 2806 1991; x_wconf 80' lang='lat' dir='ltr'><strong>super</strong></span> <span class='ocrx_word' id='word_1_472' title='bbox 2835 1941 2979 1978; x_wconf 86' lang='lat' dir='ltr'><strong>mare</strong></span> <span class='ocrx_word' id='word_1_473' title='bbox 3004 1925 3305 1979; x_wconf 68' lang='lat' dir='ltr'><strong>viventium.</strong></span> 
     </span>
    </p>
   </div>
   <div class='ocr_carea' id='block_1_79' title="bbox 2066 2013 3573 2086">
    <p class='ocr_par' dir='ltr' id='par_1_79' title="bbox 2066 2013 3573 2086">
     <span class='ocr_line' id='line_1_79' title="bbox 2066 2013 3573 2086; baseline 0.001 -19"><span class='ocrx_word' id='word_1_474' title='bbox 2066 2013 2340 2080; x_wconf 83' lang='lat' dir='ltr'><strong>Salvator,</strong></span> <span class='ocrx_word' id='word_1_475' title='bbox 2380 2026 2527 2070; x_wconf 89' lang='lat' dir='ltr'><strong>tuam</strong></span> <span class='ocrx_word' id='word_1_476' title='bbox 2573 2017 2704 2071; x_wconf 91' lang='lat' dir='ltr'><strong>olim</strong></span> <span class='ocrx_word' id='word_1_477' title='bbox 2741 2017 2996 2086; x_wconf 84' lang='lat' dir='ltr'><strong>ﬁguravit</strong></span> <span class='ocrx_word' id='word_1_478' title='bbox 3039 2017 3375 2085; x_wconf 88' lang='lat' dir='ltr'><strong>sepulturam</strong></span> <span class='ocrx_word' id='word_1_479' title='bbox 3402 2013 3573 2069; x_wconf 81' lang='lat' dir='ltr'><strong>Jonas</strong></span> 
     </span>
    </p>
   </div>
   <div class='ocr_carea' id='block_1_80' title="bbox 1997 2104 3568 2176">
    <p class='ocr_par' dir='ltr' id='par_1_80' title="bbox 1997 2104 3568 2176">
     <span class='ocr_line' id='line_1_80' title="bbox 1997 2104 3568 2176; baseline 0 -19"><span class='ocrx_word' id='word_1_480' title='bbox 1997 2106 2090 2173; x_wconf 89' lang='lat' dir='ltr'><strong>qui</strong></span> <span class='ocrx_word' id='word_1_481' title='bbox 2126 2113 2372 2160; x_wconf 78' lang='lat' dir='ltr'><strong>ventrem</strong></span> <span class='ocrx_word' id='word_1_482' title='bbox 2427 2108 2531 2162; x_wconf 89' lang='lat' dir='ltr'><strong>ceti</strong></span> <span class='ocrx_word' id='word_1_483' title='bbox 2568 2122 2663 2176; x_wconf 85' lang='lat' dir='ltr'><strong>per</strong></span> <span class='ocrx_word' id='word_1_484' title='bbox 2716 2114 2829 2161; x_wconf 88' lang='lat' dir='ltr'><strong>tres</strong></span> <span class='ocrx_word' id='word_1_485' title='bbox 2875 2106 2993 2160; x_wconf 89' lang='lat' dir='ltr'><strong>dies</strong></span> <span class='ocrx_word' id='word_1_486' title='bbox 3022 2105 3290 2159; x_wconf 82' lang='lat' dir='ltr'><strong>habitavit</strong></span> <span class='ocrx_word' id='word_1_487' title='bbox 3346 2104 3568 2165; x_wconf 74' lang='lat' dir='ltr'><strong>illaesus.</strong></span> 
     </span>
    </p>
   </div>
   <div class='ocr_carea' id='block_1_81' title="bbox 1997 2194 3569 2266">
    <p class='ocr_par' dir='ltr' id='par_1_81' title="bbox 1997 2194 3569 2266">
     <span class='ocr_line' id='line_1_81' title="bbox 1997 2194 3569 2266; baseline -0.001 -18"><span class='ocrx_word' id='word_1_488' title='bbox 1997 2195 2313 2266; x_wconf 50' lang='lat' dir='ltr'><strong>gloril‘icans</strong></span> <span class='ocrx_word' id='word_1_489' title='bbox 2369 2204 2421 2251; x_wconf 87' lang='lat' dir='ltr'><strong>te</strong></span> <span class='ocrx_word' id='word_1_490' title='bbox 2473 2197 2526 2250; x_wconf 88' lang='lat' dir='ltr'><strong>in</strong></span> <span class='ocrx_word' id='word_1_491' title='bbox 2565 2195 2840 2265; x_wconf 79' lang='lat' dir='ltr'><strong>profundo</strong></span> <span class='ocrx_word' id='word_1_492' title='bbox 2889 2196 3100 2258; x_wconf 90' lang='lat' dir='ltr'><strong>maris;</strong></span> <span class='ocrx_word' id='word_1_493' title='bbox 3137 2194 3382 2248; x_wconf 88' lang='lat' dir='ltr'><strong>inclusus</strong></span> <span class='ocrx_word' id='word_1_494' title='bbox 3423 2194 3569 2247; x_wconf 83' lang='lat' dir='ltr'><strong>enim</strong></span> 
     </span>
    </p>
   </div>
   <div class='ocr_carea' id='block_1_82' title="bbox 1997 2284 3573 2354">
    <p class='ocr_par' dir='ltr' id='par_1_82' title="bbox 1997 2284 3573 2354">
     <span class='ocr_line' id='line_1_82' title="bbox 1997 2284 3573 2354; baseline 0 -16"><span class='ocrx_word' id='word_1_495' title='bbox 1997 2284 2050 2338; x_wconf 91' lang='lat' dir='ltr'><strong>in</strong></span> <span class='ocrx_word' id='word_1_496' title='bbox 2085 2286 2315 2351; x_wconf 89' lang='lat' dir='ltr'><strong>tumulo,</strong></span> <span class='ocrx_word' id='word_1_497' title='bbox 2359 2295 2485 2354; x_wconf 84' lang='lat' dir='ltr'><strong>post</strong></span> <span class='ocrx_word' id='word_1_498' title='bbox 2536 2297 2646 2340; x_wconf 90' lang='lat' dir='ltr'><strong>tres</strong></span> <span class='ocrx_word' id='word_1_499' title='bbox 2680 2286 2818 2348; x_wconf 85' lang='lat' dir='ltr'><strong>dies,</strong></span> <span class='ocrx_word' id='word_1_500' title='bbox 2874 2284 3136 2347; x_wconf 78' lang='lat' dir='ltr'><strong>Verbum,</strong></span> <span class='ocrx_word' id='word_1_501' title='bbox 3196 2284 3573 2338; x_wconf 79' lang='lat' dir='ltr'><strong>resurrexisti.</strong></span> 
     </span>
    </p>
   </div>
   <div class='ocr_carea' id='block_1_83' title="bbox 2067 2373 3571 2445">
    <p class='ocr_par' dir='ltr' id='par_1_83' title="bbox 2067 2373 3571 2445">
     <span class='ocr_line' id='line_1_83' title="bbox 2067 2373 3571 2445; baseline -0.001 -17"><span class='ocrx_word' id='word_1_502' title='bbox 2067 2374 2125 2428; x_wconf 85' lang='lat' dir='ltr'><strong>In</strong></span> <span class='ocrx_word' id='word_1_503' title='bbox 2164 2374 2266 2428; x_wconf 87' lang='lat' dir='ltr'><strong>hac</strong></span> <span class='ocrx_word' id='word_1_504' title='bbox 2319 2377 2405 2428; x_wconf 84' lang='lat' dir='ltr'><strong>die</strong></span> <span class='ocrx_word' id='word_1_505' title='bbox 2459 2376 2699 2445; x_wconf 87' lang='lat' dir='ltr'><strong>paschali</strong></span> <span class='ocrx_word' id='word_1_506' title='bbox 2749 2375 2951 2429; x_wconf 77' lang='lat' dir='ltr'><strong>choros</strong></span> <span class='ocrx_word' id='word_1_507' title='bbox 2985 2382 3111 2444; x_wconf 87' lang='lat' dir='ltr'><strong>agat</strong></span> <span class='ocrx_word' id='word_1_508' title='bbox 3159 2373 3361 2428; x_wconf 63' lang='lat' dir='ltr'><strong>laetitiae</strong></span> <span class='ocrx_word' id='word_1_509' title='bbox 3390 2373 3571 2426; x_wconf 90' lang='lat' dir='ltr'><strong>omnis</strong></span> 
     </span>
    </p>
   </div>
   <div class='ocr_carea' id='block_1_84' title="bbox 1995 2463 3571 2533">
    <p class='ocr_par' dir='ltr' id='par_1_84' title="bbox 1995 2463 3571 2533">
     <span class='ocr_line' id='line_1_84' title="bbox 1995 2463 3571 2533; baseline -0.002 -14"><span class='ocrx_word' id='word_1_510' title='bbox 1995 2474 2268 2530; x_wconf 87' lang='lat' dir='ltr'><strong>creatura,</strong></span> <span class='ocrx_word' id='word_1_511' title='bbox 2328 2482 2451 2520; x_wconf 86' lang='lat' dir='ltr'><strong>nam</strong></span> <span class='ocrx_word' id='word_1_512' title='bbox 2498 2467 2552 2520; x_wconf 90' lang='lat' dir='ltr'><strong>iu</strong></span> <span class='ocrx_word' id='word_1_513' title='bbox 2595 2467 2687 2519; x_wconf 88' lang='lat' dir='ltr'><strong>illa</strong></span> <span class='ocrx_word' id='word_1_514' title='bbox 2728 2464 3078 2533; x_wconf 79' lang='lat' dir='ltr'><strong>omnipotens</strong></span> <span class='ocrx_word' id='word_1_515' title='bbox 3127 2463 3274 2519; x_wconf 89' lang='lat' dir='ltr'><strong>Deus</strong></span> <span class='ocrx_word' id='word_1_516' title='bbox 3303 2471 3357 2518; x_wconf 85' lang='lat' dir='ltr'><strong>te</strong></span> <span class='ocrx_word' id='word_1_517' title='bbox 3389 2464 3571 2533; x_wconf 89' lang='lat' dir='ltr'><strong>ipsum</strong></span> 
     </span>
    </p>
   </div>
   <div class='ocr_carea' id='block_1_85' title="bbox 1995 2555 3570 2614">
    <p class='ocr_par' dir='ltr' id='par_1_85' title="bbox 1995 2555 3570 2614">
     <span class='ocr_line' id='line_1_85' title="bbox 1995 2555 3570 2614; baseline -0.002 -2"><span class='ocrx_word' id='word_1_518' title='bbox 1995 2558 2349 2614; x_wconf 69' lang='lat' dir='ltr'><strong>exsuscitasti</strong></span> <span class='ocrx_word' id='word_1_519' title='bbox 2403 2559 2602 2614; x_wconf 82' lang='lat' dir='ltr'><strong>solutis</strong></span> <span class='ocrx_word' id='word_1_520' title='bbox 2640 2557 2836 2612; x_wconf 89' lang='lat' dir='ltr'><strong>mortis</strong></span> <span class='ocrx_word' id='word_1_521' title='bbox 2864 2557 3101 2610; x_wconf 85' lang='lat' dir='ltr'><strong>vinculis</strong></span> <span class='ocrx_word' id='word_1_522' title='bbox 3132 2564 3189 2611; x_wconf 91' lang='lat' dir='ltr'><strong>et</strong></span> <span class='ocrx_word' id='word_1_523' title='bbox 3226 2555 3444 2610; x_wconf 88' lang='lat' dir='ltr'><strong>donasti</strong></span> <span class='ocrx_word' id='word_1_524' title='bbox 3479 2569 3570 2609; x_wconf 88' lang='lat' dir='ltr'><strong>re-</strong></span> 
     </span>
    </p>
   </div>
   <div class='ocr_carea' id='block_1_86' title="bbox 1995 2645 3380 2716">
    <p class='ocr_par' dir='ltr' id='par_1_86' title="bbox 1995 2645 3380 2716">
     <span class='ocr_line' id='line_1_86' title="bbox 1995 2645 3380 2716; baseline -0.003 -15"><span class='ocrx_word' id='word_1_525' title='bbox 1995 2647 2359 2716; x_wconf 84' lang='lat' dir='ltr'><strong>demptionem</strong></span> <span class='ocrx_word' id='word_1_526' title='bbox 2393 2647 2633 2701; x_wconf 84' lang='lat' dir='ltr'><strong>divinam</strong></span> <span class='ocrx_word' id='word_1_527' title='bbox 2661 2646 3065 2711; x_wconf 82' lang='lat' dir='ltr'><strong>dormientibus</strong></span> <span class='ocrx_word' id='word_1_528' title='bbox 3096 2660 3126 2698; x_wconf 92' lang='lat' dir='ltr'><strong>a</strong></span> <span class='ocrx_word' id='word_1_529' title='bbox 3157 2645 3380 2700; x_wconf 69' lang='lat' dir='ltr'><strong>sarculo.</strong></span> 
     </span>
    </p>
   </div>
   <div class='ocr_carea' id='block_1_87' title="bbox 2068 2734 3571 2805">
    <p class='ocr_par' dir='ltr' id='par_1_87' title="bbox 2068 2734 3571 2805">
     <span class='ocr_line' id='line_1_87' title="bbox 2068 2734 3571 2805; baseline -0.003 -14"><span class='ocrx_word' id='word_1_530' title='bbox 2068 2736 2328 2793; x_wconf 86' lang='lat' dir='ltr'><strong>Ferentes</strong></span> <span class='ocrx_word' id='word_1_531' title='bbox 2358 2746 2607 2792; x_wconf 89' lang='lat' dir='ltr'><strong>aromata</strong></span> <span class='ocrx_word' id='word_1_532' title='bbox 2639 2737 2819 2805; x_wconf 88' lang='lat' dir='ltr'><strong>primo</strong></span> <span class='ocrx_word' id='word_1_533' title='bbox 2846 2750 3005 2790; x_wconf 88' lang='lat' dir='ltr'><strong>mane</strong></span> <span class='ocrx_word' id='word_1_534' title='bbox 3034 2736 3247 2790; x_wconf 88' lang='lat' dir='ltr'><strong>iverunt</strong></span> <span class='ocrx_word' id='word_1_535' title='bbox 3275 2734 3342 2788; x_wconf 90' lang='lat' dir='ltr'><strong>ad</strong></span> <span class='ocrx_word' id='word_1_536' title='bbox 3376 2748 3571 2788; x_wconf 84' lang='lat' dir='ltr'><strong>monu-</strong></span> 
     </span>
    </p>
   </div>
   <div class='ocr_carea' id='block_1_88' title="bbox 1996 2821 3569 2894">
    <p class='ocr_par' dir='ltr' id='par_1_88' title="bbox 1996 2821 3569 2894">
     <span class='ocr_line' id='line_1_88' title="bbox 1996 2821 3569 2894; baseline -0.003 -11"><span class='ocrx_word' id='word_1_537' title='bbox 1996 2838 2237 2883; x_wconf 88' lang='lat' dir='ltr'><strong>mentum</strong></span> <span class='ocrx_word' id='word_1_538' title='bbox 2293 2829 2639 2893; x_wconf 76' lang='lat' dir='ltr'><strong>iestinanter,</strong></span> <span class='ocrx_word' id='word_1_539' title='bbox 2692 2828 2839 2882; x_wconf 87' lang='lat' dir='ltr'><strong>hunc</strong></span> <span class='ocrx_word' id='word_1_540' title='bbox 2886 2826 3072 2882; x_wconf 88' lang='lat' dir='ltr'><strong>videre</strong></span> <span class='ocrx_word' id='word_1_541' title='bbox 3121 2832 3428 2894; x_wconf 74' lang='lat' dir='ltr'><strong>quzereutes</strong></span> <span class='ocrx_word' id='word_1_542' title='bbox 3472 2821 3569 2894; x_wconf 83' lang='lat' dir='ltr'><strong>qui</strong></span> 
     </span>
    </p>
   </div>
   <div class='ocr_carea' id='block_1_89' title="bbox 1995 2918 3570 2991">
    <p class='ocr_par' dir='ltr' id='par_1_89' title="bbox 1995 2918 3570 2991">
     <span class='ocr_line' id='line_1_89' title="bbox 1995 2918 3570 2991; baseline -0.004 -18"><span class='ocrx_word' id='word_1_543' title='bbox 1995 2920 2161 2974; x_wconf 83' lang='lat' dir='ltr'><strong>vitam</strong></span> <span class='ocrx_word' id='word_1_544' title='bbox 2211 2920 2339 2985; x_wconf 88' lang='lat' dir='ltr'><strong>dat;</strong></span> <span class='ocrx_word' id='word_1_545' title='bbox 2393 2920 2646 2975; x_wconf 83' lang='lat' dir='ltr'><strong>viderunt</strong></span> <span class='ocrx_word' id='word_1_546' title='bbox 2688 2918 2937 2991; x_wconf 80' lang='lat' dir='ltr'><strong>angelum</strong></span> <span class='ocrx_word' id='word_1_547' title='bbox 2987 2919 3337 2981; x_wconf 86' lang='lat' dir='ltr'><strong>clamantem,</strong></span> <span class='ocrx_word' id='word_1_548' title='bbox 3381 2929 3570 2971; x_wconf 85' lang='lat' dir='ltr'><strong>resur-</strong></span> 
     </span>
    </p>
   </div>
   <div class='ocr_carea' id='block_1_90' title="bbox 1997 3007 3367 3079">
    <p class='ocr_par' dir='ltr' id='par_1_90' title="bbox 1997 3007 3367 3079">
     <span class='ocr_line' id='line_1_90' title="bbox 1997 3007 3367 3079; baseline -0.003 -15"><span class='ocrx_word' id='word_1_549' title='bbox 1997 3011 2138 3066; x_wconf 80' lang='lat' dir='ltr'><strong>rexit</strong></span> <span class='ocrx_word' id='word_1_550' title='bbox 2172 3010 2399 3066; x_wconf 85' lang='lat' dir='ltr'><strong>Creator</strong></span> <span class='ocrx_word' id='word_1_551' title='bbox 2427 3011 2695 3076; x_wconf 80' lang='lat' dir='ltr'><strong>euntium,</strong></span> <span class='ocrx_word' id='word_1_552' title='bbox 2735 3010 2902 3064; x_wconf 82' lang='lat' dir='ltr'><strong>nolite</strong></span> <span class='ocrx_word' id='word_1_553' title='bbox 2935 3009 3172 3079; x_wconf 89' lang='lat' dir='ltr'><strong>amplius</strong></span> <span class='ocrx_word' id='word_1_554' title='bbox 3216 3007 3367 3061; x_wconf 80' lang='lat' dir='ltr'><strong>ﬂere.</strong></span> 
     </span>
    </p>
   </div>
   <div class='ocr_carea' id='block_1_91' title="bbox 2069 3097 3570 3173">
    <p class='ocr_par' dir='ltr' id='par_1_91' title="bbox 2069 3097 3570 3173">
     <span class='ocr_line' id='line_1_91' title="bbox 2069 3097 3570 3173; baseline -0.005 -17"><span class='ocrx_word' id='word_1_555' title='bbox 2069 3102 2114 3156; x_wconf 91' lang='grc' dir='ltr'><strong>Ο</strong></span> <span class='ocrx_word' id='word_1_556' title='bbox 2170 3100 2361 3172; x_wconf 73' lang='lat' dir='ltr'><strong>Virgo,</strong></span> <span class='ocrx_word' id='word_1_557' title='bbox 2413 3118 2575 3172; x_wconf 89' lang='lat' dir='ltr'><strong>quem</strong></span> <span class='ocrx_word' id='word_1_558' title='bbox 2619 3102 2844 3173; x_wconf 86' lang='lat' dir='ltr'><strong>gestasti</strong></span> <span class='ocrx_word' id='word_1_559' title='bbox 2882 3111 3037 3155; x_wconf 88' lang='lat' dir='ltr'><strong>utero</strong></span> <span class='ocrx_word' id='word_1_560' title='bbox 3082 3108 3177 3161; x_wconf 82' lang='lat' dir='ltr'><strong>tuo</strong></span> <span class='ocrx_word' id='word_1_561' title='bbox 3218 3097 3570 3153; x_wconf 83' lang='lat' dir='ltr'><strong>immaculato</strong></span> 
     </span>
    </p>
   </div>
   <div class='ocr_carea' id='block_1_92' title="bbox 1997 3185 3571 3263">
    <p class='ocr_par' dir='ltr' id='par_1_92' title="bbox 1997 3185 3571 3263">
     <span class='ocr_line' id='line_1_92' title="bbox 1997 3185 3571 3263; baseline -0.003 -18"><span class='ocrx_word' id='word_1_562' title='bbox 1997 3193 2261 3263; x_wconf 78' lang='lat' dir='ltr'><strong>peperisti</strong></span> <span class='ocrx_word' id='word_1_563' title='bbox 2306 3195 2521 3262; x_wconf 84' lang='lat' dir='ltr'><strong>absque</strong></span> <span class='ocrx_word' id='word_1_564' title='bbox 2594 3193 2845 3258; x_wconf 89' lang='lat' dir='ltr'><strong>macula;</strong></span> <span class='ocrx_word' id='word_1_565' title='bbox 2896 3191 3108 3261; x_wconf 88' lang='lat' dir='ltr'><strong>positus</strong></span> <span class='ocrx_word' id='word_1_566' title='bbox 3157 3188 3460 3243; x_wconf 84' lang='lat' dir='ltr'><strong>voluntarie</strong></span> <span class='ocrx_word' id='word_1_567' title='bbox 3513 3185 3571 3241; x_wconf 91' lang='lat' dir='ltr'><strong>in</strong></span> 
     </span>
    </p>
   </div>
   <div class='ocr_carea' id='block_1_93' title="bbox 1997 3278 3572 3354">
    <p class='ocr_par' dir='ltr' id='par_1_93' title="bbox 1997 3278 3572 3354">
     <span class='ocr_line' id='line_1_93' title="bbox 1997 3278 3572 3354; baseline -0.004 -16"><span class='ocrx_word' id='word_1_568' title='bbox 1997 3285 2252 3354; x_wconf 85' lang='lat' dir='ltr'><strong>sepulcro</strong></span> <span class='ocrx_word' id='word_1_569' title='bbox 2301 3300 2409 3338; x_wconf 89' lang='lat' dir='ltr'><strong>non</strong></span> <span class='ocrx_word' id='word_1_570' title='bbox 2481 3284 2618 3338; x_wconf 85' lang='lat' dir='ltr'><strong>vidit</strong></span> <span class='ocrx_word' id='word_1_571' title='bbox 2667 3283 3103 3352; x_wconf 87' lang='lat' dir='ltr'><strong>corruptionem,</strong></span> <span class='ocrx_word' id='word_1_572' title='bbox 3155 3278 3444 3333; x_wconf 87' lang='lat' dir='ltr'><strong>vivillcatis</strong></span> <span class='ocrx_word' id='word_1_573' title='bbox 3473 3293 3572 3332; x_wconf 82' lang='lat' dir='ltr'><strong>au-</strong></span> 
     </span>
    </p>
   </div>
   <div class='ocr_carea' id='block_1_94' title="bbox 1996 3367 3569 3444">
    <p class='ocr_par' dir='ltr' id='par_1_94' title="bbox 1996 3367 3569 3444">
     <span class='ocr_line' id='line_1_94' title="bbox 1996 3367 3569 3444; baseline -0.004 -16"><span class='ocrx_word' id='word_1_574' title='bbox 1996 3383 2103 3430; x_wconf 88' lang='lat' dir='ltr'><strong>tem</strong></span> <span class='ocrx_word' id='word_1_575' title='bbox 2139 3375 2498 3444; x_wconf 36' lang='lat' dir='ltr'><strong>.consepultis</strong></span> <span class='ocrx_word' id='word_1_576' title='bbox 2552 3388 2759 3438; x_wconf 90' lang='lat' dir='ltr'><strong>secum,</strong></span> <span class='ocrx_word' id='word_1_577' title='bbox 2822 3373 2923 3426; x_wconf 89' lang='lat' dir='ltr'><strong>hos</strong></span> <span class='ocrx_word' id='word_1_578' title='bbox 2955 3369 3176 3440; x_wconf 86' lang='lat' dir='ltr'><strong>propria</strong></span> <span class='ocrx_word' id='word_1_579' title='bbox 3207 3369 3405 3423; x_wconf 89' lang='lat' dir='ltr'><strong>virtute</strong></span> <span class='ocrx_word' id='word_1_580' title='bbox 3436 3367 3569 3424; x_wconf 78' lang='lat' dir='ltr'><strong>fecit</strong></span> 
     </span>
    </p>
   </div>
   <div class='ocr_carea' id='block_1_95' title="bbox 1997 3478 2859 3535">
    <p class='ocr_par' dir='ltr' id='par_1_95' title="bbox 1997 3478 2859 3535">
     <span class='ocr_line' id='line_1_95' title="bbox 1997 3478 2859 3535; baseline 0.005 -17"><span class='ocrx_word' id='word_1_581' title='bbox 1997 3478 2307 3535; x_wconf 76' lang='lat' dir='ltr'><strong>resurgere.</strong></span> <span class='ocrx_word' id='word_1_582' title='bbox 2855 3483 2859 3486; x_wconf 46' lang='grc' dir='ltr'><strong>λ</strong></span> 
     </span>
    </p>
   </div>
   <div class='ocr_carea' id='block_1_96' title="bbox 2206 3551 3336 3626">
    <p class='ocr_par' dir='ltr' id='par_1_96' title="bbox 2206 3551 3336 3626">
     <span class='ocr_line' id='line_1_96' title="bbox 2206 3551 3336 3626; baseline -0.01 -12"><span class='ocrx_word' id='word_1_583' title='bbox 2206 3555 2370 3614; x_wconf 72' lang='lat' dir='ltr'><strong>Pueri</strong></span> <span class='ocrx_word' id='word_1_584' title='bbox 2403 3560 2456 3611; x_wconf 87' lang='lat' dir='ltr'><strong>in</strong></span> <span class='ocrx_word' id='word_1_585' title='bbox 2487 3556 2758 3626; x_wconf 81' lang='lat' dir='ltr'><strong>fornacem</strong></span> <span class='ocrx_word' id='word_1_586' title='bbox 2785 3553 3058 3607; x_wconf 86' lang='lat' dir='ltr'><strong>ardentem</strong></span> <span class='ocrx_word' id='word_1_587' title='bbox 3089 3551 3336 3616; x_wconf 82' lang='lat' dir='ltr'><strong>ronjecti.</strong></span> 
     </span>
    </p>
   </div>
   <div class='ocr_carea' id='block_1_97' title="bbox 2064 3642 3564 3719">
    <p class='ocr_par' dir='ltr' id='par_1_97' title="bbox 2064 3642 3564 3719">
     <span class='ocr_line' id='line_1_97' title="bbox 2064 3642 3564 3719; baseline -0.009 -10"><span class='ocrx_word' id='word_1_588' title='bbox 2064 3654 2225 3710; x_wconf 87' lang='lat' dir='ltr'><strong>Plebs</strong></span> <span class='ocrx_word' id='word_1_589' title='bbox 2261 3650 2425 3719; x_wconf 86' lang='lat' dir='ltr'><strong>im&#39;pia</strong></span> <span class='ocrx_word' id='word_1_590' title='bbox 2472 3649 2844 3709; x_wconf 65' lang='lat' dir='ltr'><strong>Hebraeorum,</strong></span> <span class='ocrx_word' id='word_1_591' title='bbox 2878 3653 3094 3699; x_wconf 87' lang='lat' dir='ltr'><strong>tuorum</strong></span> <span class='ocrx_word' id='word_1_592' title='bbox 3130 3645 3295 3697; x_wconf 85' lang='lat' dir='ltr'><strong>oblita</strong></span> <span class='ocrx_word' id='word_1_593' title='bbox 3326 3642 3564 3696; x_wconf 80' lang='lat' dir='ltr'><strong>miracu-</strong></span> 
     </span>
    </p>
   </div>
   <div class='ocr_carea' id='block_1_98' title="bbox 1996 3733 3565 3808">
    <p class='ocr_par' dir='ltr' id='par_1_98' title="bbox 1996 3733 3565 3808">
     <span class='ocr_line' id='line_1_98' title="bbox 1996 3733 3565 3808; baseline -0.009 -7"><span class='ocrx_word' id='word_1_594' title='bbox 1996 3747 2197 3808; x_wconf 89' lang='lat' dir='ltr'><strong>lorum,</strong></span> <span class='ocrx_word' id='word_1_595' title='bbox 2242 3742 2514 3800; x_wconf 82' lang='lat' dir='ltr'><strong>cruciﬁxit</strong></span> <span class='ocrx_word' id='word_1_596' title='bbox 2564 3749 2638 3805; x_wconf 86' lang='lat' dir='ltr'><strong>te,</strong></span> <span class='ocrx_word' id='word_1_597' title='bbox 2697 3737 2936 3803; x_wconf 86' lang='lat' dir='ltr'><strong>Christe,</strong></span> <span class='ocrx_word' id='word_1_598' title='bbox 2987 3733 3565 3806; x_wconf 69' lang='lat' dir='ltr'><strong>legislatorem,Deum</strong></span> 
     </span>
    </p>
   </div>
   <div class='ocr_carea' id='block_1_99' title="bbox 1995 3820 2950 3893">
    <p class='ocr_par' dir='ltr' id='par_1_99' title="bbox 1995 3820 2950 3893">
     <span class='ocr_line' id='line_1_99' title="bbox 1995 3820 2950 3893; baseline -0.015 0"><span class='ocrx_word' id='word_1_599' title='bbox 1995 3820 2326 3893; x_wconf 84' lang='lat' dir='ltr'><strong>altissimum</strong></span> <span class='ocrx_word' id='word_1_600' title='bbox 2357 3833 2577 3887; x_wconf 87' lang='lat' dir='ltr'><strong>Patrum</strong></span> <span class='ocrx_word' id='word_1_601' title='bbox 2610 3838 2950 3884; x_wconf 86' lang='lat' dir='ltr'><strong>nostrorum.</strong></span> 
     </span>
    </p>
   </div>
   <div class='ocr_carea' id='block_1_100' title="bbox 2063 3914 3569 3991">
    <p class='ocr_par' dir='ltr' id='par_1_100' title="bbox 2063 3914 3569 3991">
     <span class='ocr_line' id='line_1_100' title="bbox 2063 3914 3569 3991; baseline -0.012 -6"><span class='ocrx_word' id='word_1_602' title='bbox 2063 3931 2203 3985; x_wconf 85' lang='lat' dir='ltr'><strong>Cum</strong></span> <span class='ocrx_word' id='word_1_603' title='bbox 2234 3928 2393 3982; x_wconf 86' lang='lat' dir='ltr'><strong>hilari</strong></span> <span class='ocrx_word' id='word_1_604' title='bbox 2433 3924 2601 3980; x_wconf 86' lang='lat' dir='ltr'><strong>corde</strong></span> <span class='ocrx_word' id='word_1_605' title='bbox 2645 3923 2848 3977; x_wconf 86' lang='lat' dir='ltr'><strong>choros</strong></span> <span class='ocrx_word' id='word_1_606' title='bbox 2879 3935 3107 3991; x_wconf 81' lang='lat' dir='ltr'><strong>agamus</strong></span> <span class='ocrx_word' id='word_1_607' title='bbox 3138 3918 3200 3972; x_wconf 84' lang='lat' dir='ltr'><strong>in</strong></span> <span class='ocrx_word' id='word_1_608' title='bbox 3228 3918 3333 3971; x_wconf 88' lang='lat' dir='ltr'><strong>hac</strong></span> <span class='ocrx_word' id='word_1_609' title='bbox 3373 3914 3569 3970; x_wconf 78' lang='lat' dir='ltr'><strong>festiva</strong></span> 
     </span>
    </p>
   </div>
   <div class='ocr_carea' id='block_1_101' title="bbox 1994 4010 3217 4090">
    <p class='ocr_par' dir='ltr' id='par_1_101' title="bbox 1994 4010 3217 4090">
     <span class='ocr_line' id='line_1_101' title="bbox 1994 4010 3217 4090; baseline -0.013 -12"><span class='ocrx_word' id='word_1_610' title='bbox 1994 4022 2084 4078; x_wconf 90' lang='lat' dir='ltr'><strong>die</strong></span> <span class='ocrx_word' id='word_1_611' title='bbox 2114 4018 2392 4090; x_wconf 89' lang='lat' dir='ltr'><strong>paschatis</strong></span> <span class='ocrx_word' id='word_1_612' title='bbox 2410 4025 2465 4073; x_wconf 91' lang='lat' dir='ltr'><strong>et</strong></span> <span class='ocrx_word' id='word_1_613' title='bbox 2491 4016 2791 4071; x_wconf 87' lang='lat' dir='ltr'><strong>clametuus</strong></span> <span class='ocrx_word' id='word_1_614' title='bbox 2823 4029 2836 4064; x_wconf 91' lang='lat'><strong>:</strong></span> <span class='ocrx_word' id='word_1_615' title='bbox 2867 4013 2910 4067; x_wconf 86' lang='grc' dir='ltr'>Ο</span> <span class='ocrx_word' id='word_1_616' title='bbox 2931 4010 3217 4066; x_wconf 73' lang='lat' dir='ltr'><strong>altissime.</strong></span> 
     </span>
    </p>
   </div>
   <div class='ocr_carea' id='block_1_102' title="bbox 2065 4181 3571 4262">
    <p class='ocr_par' dir='ltr' id='par_1_102' title="bbox 2065 4181 3571 4262">
     <span class='ocr_line' id='line_1_102' title="bbox 2065 4181 3571 4262; baseline -0.017 -6"><span class='ocrx_word' id='word_1_617' title='bbox 2065 4198 2110 4256; x_wconf 89' lang='grc' dir='ltr'><strong>Ο</strong></span> <span class='ocrx_word' id='word_1_618' title='bbox 2143 4199 2295 4254; x_wconf 87' lang='lat' dir='ltr'><strong>dives</strong></span> <span class='ocrx_word' id='word_1_619' title='bbox 2353 4194 2568 4250; x_wconf 87' lang='lat' dir='ltr'><strong>tumule</strong></span> <span class='ocrx_word' id='word_1_620' title='bbox 2600 4191 2694 4262; x_wconf 88' lang='lat' dir='ltr'><strong>qui</strong></span> <span class='ocrx_word' id='word_1_621' title='bbox 2725 4200 2776 4246; x_wconf 92' lang='lat' dir='ltr'><strong>te</strong></span> <span class='ocrx_word' id='word_1_622' title='bbox 2824 4189 3045 4244; x_wconf 87' lang='lat' dir='ltr'><strong>divitem</strong></span> <span class='ocrx_word' id='word_1_623' title='bbox 3092 4181 3454 4253; x_wconf 86' lang='lat' dir='ltr'><strong>corporaliter</strong></span> <span class='ocrx_word' id='word_1_624' title='bbox 3482 4192 3571 4232; x_wconf 67' lang='grc' dir='ltr'>τοι</span> 
     </span>
    </p>
   </div>
   <div class='ocr_carea' id='block_1_103' title="bbox 1996 4271 3567 4361">
    <p class='ocr_par' dir='ltr' id='par_1_103' title="bbox 1996 4271 3567 4361">
     <span class='ocr_line' id='line_1_103' title="bbox 1996 4271 3567 4361; baseline -0.015 -16"><span class='ocrx_word' id='word_1_625' title='bbox 1996 4291 2141 4361; x_wconf 81' lang='lat' dir='ltr'><strong>cepit</strong></span> <span class='ocrx_word' id='word_1_626' title='bbox 2189 4290 2457 4344; x_wconf 89' lang='lat' dir='ltr'><strong>ditantem</strong></span> <span class='ocrx_word' id='word_1_627' title='bbox 2510 4299 2613 4340; x_wconf 88' lang='lat' dir='ltr'><strong>nos</strong></span> <span class='ocrx_word' id='word_1_628' title='bbox 2677 4295 2946 4353; x_wconf 88' lang='lat' dir='ltr'><strong>pauperes</strong></span> <span class='ocrx_word' id='word_1_629' title='bbox 2999 4271 3402 4333; x_wconf 74' lang='lat' dir='ltr'><strong>resurrecuone</strong></span> <span class='ocrx_word' id='word_1_630' title='bbox 3452 4278 3567 4336; x_wconf 88' lang='lat' dir='ltr'><strong>tua,</strong></span> 
     </span>
    </p>
   </div>
   <div class='ocr_carea' id='block_1_104' title="bbox 1918 4372 3008 4461">
    <p class='ocr_par' dir='ltr' id='par_1_104' title="bbox 1918 4372 3008 4461">
     <span class='ocr_line' id='line_1_104' title="bbox 1918 4372 3008 4461; baseline -0.016 -23"><span class='ocrx_word' id='word_1_631' title='bbox 1918 4402 1973 4461; x_wconf 76' lang='grc' dir='ltr'><strong>Ι)</strong></span> <span class='ocrx_word' id='word_1_632' title='bbox 2000 4383 2090 4453; x_wconf 88' lang='lat' dir='ltr'><strong>qui</strong></span> <span class='ocrx_word' id='word_1_633' title='bbox 2117 4381 2316 4435; x_wconf 84' lang='lat' dir='ltr'><strong>misera</strong></span> <span class='ocrx_word' id='word_1_634' title='bbox 2357 4376 2517 4431; x_wconf 85' lang='lat' dir='ltr'><strong>morti</strong></span> <span class='ocrx_word' id='word_1_635' title='bbox 2553 4372 3008 4461; x_wconf 62' lang='lat' dir='ltr'><strong>uceubueramust</strong></span> 
     </span>
    </p>
   </div>
   <div class='ocr_carea' id='block_1_105' title="bbox 2064 4453 3570 4528">
    <p class='ocr_par' dir='ltr' id='par_1_105' title="bbox 2064 4453 3570 4528">
     <span class='ocr_line' id='line_1_105' title="bbox 2064 4453 3570 4528; baseline -0.014 -3"><span class='ocrx_word' id='word_1_636' title='bbox 2064 4474 2284 4528; x_wconf 88' lang='lat' dir='ltr'><strong>Beatam</strong></span> <span class='ocrx_word' id='word_1_637' title='bbox 2337 4476 2391 4523; x_wconf 90' lang='lat' dir='ltr'><strong>te</strong></span> <span class='ocrx_word' id='word_1_638' title='bbox 2430 4468 2620 4522; x_wconf 88' lang='lat' dir='ltr'><strong>dicunt</strong></span> <span class='ocrx_word' id='word_1_639' title='bbox 2660 4462 2935 4525; x_wconf 88' lang='lat' dir='ltr'><strong>homines,</strong></span> <span class='ocrx_word' id='word_1_640' title='bbox 2969 4458 3156 4528; x_wconf 78' lang='lat' dir='ltr'><strong>Virgo,</strong></span> <span class='ocrx_word' id='word_1_641' title='bbox 3186 4470 3308 4526; x_wconf 69' lang='lat' dir='ltr'><strong>qua:</strong></span> <span class='ocrx_word' id='word_1_642' title='bbox 3350 4453 3570 4508; x_wconf 89' lang='lat' dir='ltr'><strong>beatum</strong></span> 
     </span>
    </p>
   </div>
   <div class='ocr_carea' id='block_1_106' title="bbox 1996 4545 3571 4635">
    <p class='ocr_par' dir='ltr' id='par_1_106' title="bbox 1996 4545 3571 4635">
     <span class='ocr_line' id='line_1_106' title="bbox 1996 4545 3571 4635; baseline -0.015 -15"><span class='ocrx_word' id='word_1_643' title='bbox 1996 4561 2255 4635; x_wconf 85' lang='lat' dir='ltr'><strong>peperisti</strong></span> <span class='ocrx_word' id='word_1_644' title='bbox 2289 4556 2525 4612; x_wconf 83' lang='lat' dir='ltr'><strong>Verbum</strong></span> <span class='ocrx_word' id='word_1_645' title='bbox 2554 4553 2811 4608; x_wconf 80' lang='lat' dir='ltr'><strong>mortales</strong></span> <span class='ocrx_word' id='word_1_646' title='bbox 2839 4550 3157 4606; x_wconf 83' lang='lat' dir='ltr'><strong>beatilieans</strong></span> <span class='ocrx_word' id='word_1_647' title='bbox 3187 4549 3242 4601; x_wconf 89' lang='lat' dir='ltr'><strong>in</strong></span> <span class='ocrx_word' id='word_1_648' title='bbox 3275 4545 3411 4599; x_wconf 80' lang='lat' dir='ltr'><strong>Filio</strong></span> <span class='ocrx_word' id='word_1_649' title='bbox 3436 4558 3571 4597; x_wconf 85' lang='lat' dir='ltr'><strong>eon-</strong></span> 
     </span>
    </p>
   </div>
   <div class='ocr_carea' id='block_1_107' title="bbox 1998 4642 3163 4720">
    <p class='ocr_par' dir='ltr' id='par_1_107' title="bbox 1998 4642 3163 4720">
     <span class='ocr_line' id='line_1_107' title="bbox 1998 4642 3163 4720; baseline -0.016 -9"><span class='ocrx_word' id='word_1_650' title='bbox 1998 4655 2248 4717; x_wconf 83' lang='lat' dir='ltr'><strong>ﬁdentes,</strong></span> <span class='ocrx_word' id='word_1_651' title='bbox 2281 4649 2441 4720; x_wconf 88' lang='lat' dir='ltr'><strong>Virgo</strong></span> <span class='ocrx_word' id='word_1_652' title='bbox 2478 4646 2648 4700; x_wconf 78' lang='lat' dir='ltr'><strong>Mater</strong></span> <span class='ocrx_word' id='word_1_653' title='bbox 2672 4643 2765 4698; x_wconf 78' lang='lat' dir='ltr'><strong>Dei</strong></span> <span class='ocrx_word' id='word_1_654' title='bbox 2794 4642 3163 4697; x_wconf 85' lang='lat' dir='ltr'><strong>immaculata.</strong></span> 
     </span>
    </p>
   </div>
   <div class='ocr_carea' id='block_1_108' title="bbox 2245 4733 3325 4811">
    <p class='ocr_par' dir='ltr' id='par_1_108' title="bbox 2245 4733 3325 4811">
     <span class='ocr_line' id='line_1_108' title="bbox 2245 4733 3325 4811; baseline -0.012 -14"><span class='ocrx_word' id='word_1_655' title='bbox 2245 4742 2396 4797; x_wconf 83' lang='lat' dir='ltr'><strong>Inter</strong></span> <span class='ocrx_word' id='word_1_656' title='bbox 2419 4742 2561 4811; x_wconf 83' lang='lat' dir='ltr'><strong>ignes</strong></span> <span class='ocrx_word' id='word_1_657' title='bbox 2590 4738 2837 4795; x_wconf 80' lang='lat' dir='ltr'><strong>habitans</strong></span> <span class='ocrx_word' id='word_1_658' title='bbox 2868 4737 2921 4789; x_wconf 83' lang='lat' dir='ltr'><strong>in</strong></span> <span class='ocrx_word' id='word_1_659' title='bbox 2946 4733 3078 4789; x_wconf 86' lang='lat' dir='ltr'><strong>Sina</strong></span> <span class='ocrx_word' id='word_1_660' title='bbox 3098 4734 3325 4787; x_wconf 77' lang='lat' dir='ltr'><strong>inustus.</strong></span> 
     </span>
    </p>
   </div>
   <div class='ocr_carea' id='block_1_109' title="bbox 2072 4827 3571 4900">
    <p class='ocr_par' dir='ltr' id='par_1_109' title="bbox 2072 4827 3571 4900">
     <span class='ocr_line' id='line_1_109' title="bbox 2072 4827 3571 4900; baseline -0.011 -9"><span class='ocrx_word' id='word_1_661' title='bbox 2072 4836 2249 4891; x_wconf 64' lang='lat' dir='ltr'><strong>Petra:</strong></span> <span class='ocrx_word' id='word_1_662' title='bbox 2279 4850 2402 4889; x_wconf 87' lang='lat' dir='ltr'><strong>cum</strong></span> <span class='ocrx_word' id='word_1_663' title='bbox 2428 4845 2479 4889; x_wconf 87' lang='lat' dir='ltr'><strong>te</strong></span> <span class='ocrx_word' id='word_1_664' title='bbox 2510 4832 2762 4886; x_wconf 87' lang='lat' dir='ltr'><strong>viderunt</strong></span> <span class='ocrx_word' id='word_1_665' title='bbox 2794 4837 3005 4900; x_wconf 88' lang='lat' dir='ltr'><strong>petram</strong></span> <span class='ocrx_word' id='word_1_666' title='bbox 3032 4827 3153 4881; x_wconf 81' lang='lat' dir='ltr'><strong>vita:</strong></span> <span class='ocrx_word' id='word_1_667' title='bbox 3185 4839 3350 4893; x_wconf 84' lang='lat' dir='ltr'><strong>super</strong></span> <span class='ocrx_word' id='word_1_668' title='bbox 3382 4837 3571 4892; x_wconf 88' lang='lat' dir='ltr'><strong>rupem</strong></span> 
     </span>
    </p>
   </div>
   <div class='ocr_carea' id='block_1_110' title="bbox 1997 4915 3576 4988">
    <p class='ocr_par' dir='ltr' id='par_1_110' title="bbox 1997 4915 3576 4988">
     <span class='ocr_line' id='line_1_110' title="bbox 1997 4915 3576 4988; baseline -0.012 -3"><span class='ocrx_word' id='word_1_669' title='bbox 1997 4932 2050 4988; x_wconf 90' lang='lat' dir='ltr'><strong>in</strong></span> <span class='ocrx_word' id='word_1_670' title='bbox 2079 4929 2334 4986; x_wconf 88' lang='lat' dir='ltr'><strong>Calvario</strong></span> <span class='ocrx_word' id='word_1_671' title='bbox 2384 4934 2568 4980; x_wconf 92' lang='lat' dir='ltr'><strong>monte</strong></span> <span class='ocrx_word' id='word_1_672' title='bbox 2595 4932 2829 4984; x_wconf 89' lang='lat' dir='ltr'><strong>erutam,</strong></span> <span class='ocrx_word' id='word_1_673' title='bbox 2867 4922 3058 4975; x_wconf 66' lang='lat' dir='ltr'><strong>scissa:</strong></span> <span class='ocrx_word' id='word_1_674' title='bbox 3085 4926 3236 4977; x_wconf 82' lang='lat' dir='ltr'><strong>sunt.</strong></span> <span class='ocrx_word' id='word_1_675' title='bbox 3272 4927 3326 4971; x_wconf 91' lang='lat' dir='ltr'><strong>et</strong></span> <span class='ocrx_word' id='word_1_676' title='bbox 3372 4915 3454 4970; x_wconf 89' lang='lat' dir='ltr'><strong>sol</strong></span> <span class='ocrx_word' id='word_1_677' title='bbox 3486 4930 3576 4967; x_wconf 91' lang='lat' dir='ltr'><strong>ra-</strong></span> 
     </span>
    </p>
   </div>
   <div class='ocr_carea' id='block_1_111' title="bbox 1996 5008 3571 5077">
    <p class='ocr_par' dir='ltr' id='par_1_111' title="bbox 1996 5008 3571 5077">
     <span class='ocr_line' id='line_1_111' title="bbox 1996 5008 3571 5077; baseline -0.012 0"><span class='ocrx_word' id='word_1_678' title='bbox 1996 5023 2117 5077; x_wconf 83' lang='lat' dir='ltr'><strong>dios</strong></span> <span class='ocrx_word' id='word_1_679' title='bbox 2159 5018 2510 5075; x_wconf 85' lang='lat' dir='ltr'><strong>abscondens</strong></span> <span class='ocrx_word' id='word_1_680' title='bbox 2556 5015 2736 5069; x_wconf 79' lang='lat' dir='ltr'><strong>factus</strong></span> <span class='ocrx_word' id='word_1_681' title='bbox 2764 5023 2848 5068; x_wconf 86' lang='lat' dir='ltr'><strong>est</strong></span> <span class='ocrx_word' id='word_1_682' title='bbox 2891 5012 3236 5071; x_wconf 83' lang='lat' dir='ltr'><strong>tenebrosus,</strong></span> <span class='ocrx_word' id='word_1_683' title='bbox 3277 5008 3522 5063; x_wconf 89' lang='lat' dir='ltr'><strong>clamans</strong></span> <span class='ocrx_word' id='word_1_684' title='bbox 3553 5021 3571 5058; x_wconf 84' lang='lat'><strong>:</strong></span> 
     </span>
    </p>
   </div>
   <div class='ocr_carea' id='block_1_112' title="bbox 1996 5102 3349 5182">
    <p class='ocr_par' dir='ltr' id='par_1_112' title="bbox 1996 5102 3349 5182">
     <span class='ocr_line' id='line_1_112' title="bbox 1996 5102 3349 5182; baseline -0.007 -15"><span class='ocrx_word' id='word_1_685' title='bbox 1996 5113 2191 5167; x_wconf 86' lang='lat' dir='ltr'><strong>Omnia</strong></span> <span class='ocrx_word' id='word_1_686' title='bbox 2216 5126 2380 5182; x_wconf 89' lang='lat' dir='ltr'><strong>opera</strong></span> <span class='ocrx_word' id='word_1_687' title='bbox 2406 5108 2647 5174; x_wconf 87' lang='lat' dir='ltr'><strong>Domini,</strong></span> <span class='ocrx_word' id='word_1_688' title='bbox 2687 5105 2998 5162; x_wconf 88' lang='lat' dir='ltr'><strong>benedicite</strong></span> <span class='ocrx_word' id='word_1_689' title='bbox 3030 5102 3281 5158; x_wconf 80' lang='lat' dir='ltr'><strong>Domino.</strong></span> <span class='ocrx_word' id='word_1_690' title='bbox 3346 5104 3349 5107; x_wconf 86' lang='grc'><em>’</em></span> 
     </span>
    </p>
   </div>
   <div class='ocr_carea' id='block_1_113' title="bbox 2076 5287 3572 5366">
    <p class='ocr_par' dir='ltr' id='par_1_113' title="bbox 2076 5287 3572 5366">
     <span class='ocr_line' id='line_1_113' title="bbox 2076 5287 3572 5366; baseline -0.011 -17"><span class='ocrx_word' id='word_1_691' title='bbox 2076 5296 2468 5366; x_wconf 85' lang='lat' dir='ltr'><strong>Apostolorum</strong></span> <span class='ocrx_word' id='word_1_692' title='bbox 2500 5300 2680 5348; x_wconf 65' lang='lat' dir='ltr'><strong>coetus</strong></span> <span class='ocrx_word' id='word_1_693' title='bbox 2714 5290 2849 5345; x_wconf 87' lang='lat' dir='ltr'><strong>vidit</strong></span> <span class='ocrx_word' id='word_1_694' title='bbox 2879 5298 2933 5342; x_wconf 89' lang='lat' dir='ltr'><strong>te</strong></span> <span class='ocrx_word' id='word_1_695' title='bbox 2963 5293 3339 5355; x_wconf 81' lang='lat' dir='ltr'><strong>assurgentem</strong></span> <span class='ocrx_word' id='word_1_696' title='bbox 3385 5296 3416 5335; x_wconf 87' lang='lat' dir='ltr'><strong>e</strong></span> <span class='ocrx_word' id='word_1_697' title='bbox 3480 5287 3572 5333; x_wconf 78' lang='lat' dir='ltr'><strong>tu-</strong></span> 
     </span>
    </p>
   </div>
   <div class='ocr_carea' id='block_1_114' title="bbox 1998 5367 3561 5458">
    <p class='ocr_par' dir='ltr' id='par_1_114' title="bbox 1998 5367 3561 5458">
     <span class='ocr_line' id='line_1_114' title="bbox 1998 5367 3561 5458; baseline -0.013 -15"><span class='ocrx_word' id='word_1_698' title='bbox 1998 5389 2147 5443; x_wconf 92' lang='lat' dir='ltr'><strong>mulo</strong></span> <span class='ocrx_word' id='word_1_699' title='bbox 2230 5387 2539 5458; x_wconf 89' lang='lat' dir='ltr'><strong>speciosum</strong></span> <span class='ocrx_word' id='word_1_700' title='bbox 2626 5385 2773 5439; x_wconf 89' lang='lat' dir='ltr'><strong>sicut</strong></span> <span class='ocrx_word' id='word_1_701' title='bbox 2841 5392 3076 5450; x_wconf 89' lang='lat' dir='ltr'><strong>sponsus</strong></span> <span class='ocrx_word' id='word_1_702' title='bbox 3141 5373 3430 5445; x_wconf 85' lang='lat' dir='ltr'><strong>egrediens</strong></span> <span class='ocrx_word' id='word_1_703' title='bbox 3491 5367 3561 5422; x_wconf 84' lang='lat' dir='ltr'><strong>de</strong></span> 
     </span>
    </p>
   </div>
   <div class='ocr_carea' id='block_1_115' title="bbox 2003 5464 3566 5543">
    <p class='ocr_par' dir='ltr' id='par_1_115' title="bbox 2003 5464 3566 5543">
     <span class='ocr_line' id='line_1_115' title="bbox 2003 5464 3566 5543; baseline -0.01 -10"><span class='ocrx_word' id='word_1_704' title='bbox 2003 5479 2271 5543; x_wconf 87' lang='lat' dir='ltr'><strong>thalamo,-</strong></span> <span class='ocrx_word' id='word_1_705' title='bbox 2320 5485 2374 5532; x_wconf 89' lang='lat' dir='ltr'><strong>et</strong></span> <span class='ocrx_word' id='word_1_706' title='bbox 2414 5476 2627 5529; x_wconf 85' lang='lat' dir='ltr'><strong>Pascha</strong></span> <span class='ocrx_word' id='word_1_707' title='bbox 2699 5473 3039 5530; x_wconf 82' lang='lat' dir='ltr'><strong>celebrantes</strong></span> <span class='ocrx_word' id='word_1_708' title='bbox 3101 5464 3566 5522; x_wconf 88' lang='lat' dir='ltr'><strong>annuntiaveruut</strong></span> 
     </span>
    </p>
   </div>
   <div class='ocr_carea' id='block_1_116' title="bbox 1999 5556 3568 5637">
    <p class='ocr_par' dir='ltr' id='par_1_116' title="bbox 1999 5556 3568 5637">
     <span class='ocr_line' id='line_1_116' title="bbox 1999 5556 3568 5637; baseline -0.006 -15"><span class='ocrx_word' id='word_1_709' title='bbox 1999 5569 2253 5623; x_wconf 89' lang='lat' dir='ltr'><strong>tribubus</strong></span> <span class='ocrx_word' id='word_1_710' title='bbox 2284 5568 2608 5637; x_wconf 87' lang='lat' dir='ltr'><strong>populormn</strong></span> <span class='ocrx_word' id='word_1_711' title='bbox 2651 5568 2952 5621; x_wconf 86' lang='lat' dir='ltr'><strong>clamantes</strong></span> <span class='ocrx_word' id='word_1_712' title='bbox 2989 5580 3002 5617; x_wconf 90' lang='lat'>:</span> <span class='ocrx_word' id='word_1_713' title='bbox 3030 5562 3223 5618; x_wconf 77' lang='lat' dir='ltr'><strong>Omnia</strong></span> <span class='ocrx_word' id='word_1_714' title='bbox 3264 5573 3428 5629; x_wconf 71' lang='lat' dir='ltr'><strong>Opera</strong></span> <span class='ocrx_word' id='word_1_715' title='bbox 3459 5556 3568 5613; x_wconf 85' lang='lat' dir='ltr'><strong>Do-</strong></span> 
     </span>
    </p>
   </div>
   <div class='ocr_carea' id='block_1_117' title="bbox 2000 5656 2782 5726">
    <p class='ocr_par' dir='ltr' id='par_1_117' title="bbox 2000 5656 2782 5726">
     <span class='ocr_line' id='line_1_117' title="bbox 2000 5656 2782 5726; baseline -0.001 -13"><span class='ocrx_word' id='word_1_716' title='bbox 2000 5658 2157 5726; x_wconf 86' lang='lat' dir='ltr'><strong>mini,</strong></span> <span class='ocrx_word' id='word_1_717' title='bbox 2192 5660 2498 5714; x_wconf 79' lang='lat' dir='ltr'><strong>bencdicitc</strong></span> <span class='ocrx_word' id='word_1_718' title='bbox 2532 5656 2782 5712; x_wconf 73' lang='lat' dir='ltr'><strong>lloutino.</strong></span> 
     </span>
    </p>
   </div>
  </div>
