3964 6322
283 420 425 484 39'}?

1672 418 2079 479 TRIUDIUM.

3402 429 3539 490 ποτε

357 525 477 588 Φῶς
510 523 570 578 τὸ
602 522 916 593 ὲπιλάμψαν
967 524 1077 585 τοῖς
1129 522 1456 591 καθημένοις
1495 524 1552 574 ὲν
1603 526 1728 592 σκιᾷ
1779 523 1866 575 τοῦ

2042 527 2178 580 Cum
2224 527 2431 594 Vidisti,
2482 528 2667 599 Virgo,
2720 527 2926 592 lumen,
2964 530 3213 586 sedentes
3243 530 3299 587 in
3350 538 3536 589 tttttbl'u

285 617 549 678 θανάτου,
583 613 852 686 Παρθένε,
888 614 949 664 ὲκ
981 613 1188 681 νεκρῶν
1215 612 1289 674 ὡς
1332 613 1562 682 ἒὸλεψας
1595 614 1867 677 ἐξανατείο

281 708 385 761 λαν
408 709 483 771 ὡς
514 708 665 778 ἣλιον
699 706 796 758 σὺν
821 702 1039 771 γυναιξὶ
1089 702 1291 767 πάσαις
1326 696 1654 774 μυροὶρόροις
1694 704 1867 767 E6059-

282 800 468 868 λόγεις
494 798 814 869 χορεύουσα.

573 883 642 938 Τὸ
683 883 932 951 φαεινὸν
969 881 1115 951 ἡμῖν
1149 881 1565 946 ὲξιινάτειλονί

358 977 539 1045 Δῆμος
580 973 845 1043 Ἐϐραίων
866 990 924 1025 σε
952 975 1045 1026 τον
1071 973 1441 1043 μακρόθυμον,
1474 974 1636 1042 Λόγε,
1668 973 1867 1028 ἐσταύ-

285 1084 454 1136 pons,
487 1066 656 1136 δῆμον
685 1064 910 1134 ἄπειρον
951 1064 1046 1116 καὶ
1089 1063 1216 1132 ἔθνη
1252 1065 1465 1117 ἅπαντα
1497 1068 1564 1135 τῇ
1607 1069 1672 1135 σῇ
1707 1082 1868 1117 σταυ-

288 1159 454 1221 ptinet
492 1157 728 1222 σίζοντα
752 1198 767 1223 ,
805 1155 1150 1227 φιλάνθρωπε
1176 1158 1397 1228 Χριστὲ,
1429 1160 1455 1210 ὁ
1484 1157 1615 1221 Θεὸς
1650 1156 1824 1227 ήμῶν.

360 1337 434 1388 Ού
492 1334 909 1406 παρεσάλευσας
960 1333 1109 1386 λίθου
1162 1333 1451 1402 σήμαντρα
1478 1334 1542 1403 τῇ
1574 1332 1865 1385 ἀναστάσει

285 1447 406 1492 σου,
437 1429 512 1491 ὼς
540 1429 638 1479 οὐκ
676 1424 890 1496 ἧνοιξας
920 1426 976 1477 ἐν
1022 1428 1086 1495 τῇ
1123 1426 1373 1493 γεννήσει
1404 1440 1497 1476 σου
1527 1425 1624 1493 τῆς
1659 1423 1865 1494 παρθε-

284 1520 408 1582 νίας
436 1517 659 1587 κλεῖθρα
691 1518 789 1585 τῆς
821 1514 1088 1586 τεκούσης
1114 1532 1195 1581 σε,
1226 1515 1447 1584 Χριστὲ,
1475 1516 1503 1567 ὁ
1531 1513 1661 1577 Θεὸς
1683 1515 1862 1584 ἡμῶν.

358 1699 503 1767 Ξένῳ
532 1695 608 1767 τῷ
639 1697 877 1766 σχήματι
907 1694 1235 1763 θεασάμεναι
1281 1691 1442 1755 θείως
1487 1690 1866 1761 ἀστράπτοντα

287 1787 383 1839 τὸν
399 1787 691 1856 ἀσώματον
711 1788 964 1854 γυναῖκες
981 1783 1247 1853 ἔκθαμϐοι
1263 1782 1627 1851 γεγενημέναι
1644 1781 1860 1852 ἤκουον’

286 1877 385 1946 Μὴ
411 1875 648 1943 κλαίετε,
683 1875 881 1945 ἀνέστη
904 1877 933 1927 ὁ
966 1876 1191 1944 Κύριος.

363 2058 552 2123 Ἀγιον
564 2056 766 2125 Κύριον
779 2056 887 2109 τῶν
911 2055 1213 2125 δυνάμεων,
1236 2054 1753 2127 ἄχραντε,τέτοκας,
1777 2055 1867 2109 τὸν

280 2147 598 2201 κενώσαντσ
653 2147 782 2218 ᾅδου
834 2146 1078 2217 βασίλεια
1110 2145 1499 2218 Θεογεννῆτορ,
1532 2148 1627 2201 καὶ
1669 2164 1865 2201 συναν-

282 2240 605 2311 αςτήσαντα
638 2238 926 2309 ἀνθρώπου
958 2238 1021 2290 τὸ
1053 2236 1301 2308 φύραμα.

531 2334 639 2385 Tir
677 2332 817 2396 τοὺς
856 2331 1234 2398 ὑμνολόγους
1269 2328 1340 2381 ἐν
1376 2329 1621 2397 καμίνῳ.

362 2426 464 2478 Τὸν
489 2424 805 2485 ἐθελουσίως
829 2421 1209 2493 σταυρωθέντα
1240 2419 1332 2471 καὶ
1357 2419 1577 2472 τεθέντα
1607 2420 1663 2471 ἐν
1686 2417 1862 2486 τάφῳ,

258 2518 386 2572 ’καὶ
436 2516 860 2586 καταργήσαντα
905 2512 998 2567 τοῦ
1047 2511 1280 2565 θανάτου
1310 2512 1372 2565 τὸ
1399 2510 1599 2580 κράτος
1631 2510 1865 2580 Χριστὸν

282 2612 382 2663 τὸν
411 2609 563 2662 Θεόν.

365 2697 573 2767 Ὠφθης
616 2692 860 2763 γυναιξὶν
901 2694 1271 2765 ἐγηγερμένος
1316 2694 1380 2746 ὲκ
1425 2691 1517 2745 τοῦ
1563 2691 1863 2762 μνήματος,

288 2791 500 2858 Σῶτερ,
535 2786 978 2856 εύαγγελιστρίας
1002 2785 1325 2847 ἀποστείλας
1351 2783 1520 2845 αὐτὰς
1548 2782 1866 2844 ἀποστόλοις

290 2896 420 2933 σου·
465 2879 547 2931 διό
580 2894 640 2930 σε
675 2876 1151 2947 ἀνυμνολογοῢμεν
1197 2876 1279 2939 είς
1326 2875 1533 2937 πάντας
1574 2874 1700 2936 τοὺς
1733 2873 1866 2925 ait?»

286 2992 409 3036 νας.

364 3065 627 3127 Θάνατον,
656 3064 876 3135 Χριστὲ,
922 3063 998 3133 τῷ
1041 3060 1118 3133 σῷ
1164 3060 1379 3129 θανάτῳ
1424 3057 1740 3122 θανατώσας
1766 3059 1862 3112 ἀν-

283 3157 474 3226 έστης,
510 3157 604 3210 καὶ
633 3157 901 3212 ἀθανάτου
946 3170 1041 3208 σου
1076 3155 1202 3216 τοὺς
1248 3152 1505 3215 θανόντας
1553 3149 1697 3222 ζωῆς
1727 3168 1862 3205 κατ-

286 3249 568 3319 ηξίωσας·
616 3249 695 3302 διό
744 3264 803 3301 σε
842 3245 1315 3327 ἀνυμνολογοῦμεν
1360 3246 1440 3307 είς
1482 3243 1691 3307 πάντας
1738 3246 1865 3307 τοὺς

291 3340 514 3404 αἰῶνας.

334 3433 540 3501 -Ἐερης
577 3431 840 3501 μαθηταῖς
868 3429 1260 3502 ἐγηγερμένος·
1304 3429 1396 3492 Είς
1437 3427 1531 3482 τὸν
1576 3427 1864 3497 σύμπαντα
1917 3429 1919 3432 ⁴

286 3524 497 3593 κόσμον
525 3523 761 3594 κηρῦξαι
789 3522 1059 3576 σπεύσατε
1099 3520 1200 3591 τὴν
1234 3525 1374 3593 ἐμὴν
1400 3523 1739 3586 δυναστείαν,
1774 3520 1863 3585 ἐξ·

286 3614 539 3684 αίροντες
584 3615 646 3667 τὸ
695 3613 886 3676 σκότος
926 3612 1027 3682 τῆς
1076 3612 1363 3677 πολυθετας
1389 3614 1530 3682 φωτὶ⁵
1582 3612 1683 3681 τῆς
1734 3612 1866 3682 άλη·

287 3706 463 3760 θείας.

381 3725 410 3758 α
450 3746 463 3760 .

488 3796 599 3851 τῶν
623 3797 866 3868 οὐρανῶν
897 3796 1203 3867 ὑψηλοτέρα
1221 3836 1235 3860 ,
1262 3797 1355 3850 καὶ
1384 3794 1666 3865 Χερουϐὶμ
1696 3794 1866 3864 ὑπερ-

283 3889 424 3957 τὲρα
449 3888 748 3959 τιμιωτέρα
780 3904 839 3940 τε
861 3928 875 3953 ,
912 3889 1157 3954 παναγία
1189 3886 1456 3956 Παρθένε,
1484 3886 1583 3953 τῆς
1613 3886 1862 3950 κτίσεως,

284 3979 531 4034 δυσὼπει
563 3979 701 4049 ὑπὲρ
731 3979 837 4032 τῶν
864 3981 920 4032 ἐν
956 3979 1137 4032 πίστει
1164 3977 1250 4031 ἀεί
1277 3994 1334 4030 σε
1365 3976 1718 4043 δοξαζόντων.

522 4150 640 4218 Τὴν
675 4149 967 4220 ζωοδόχον
1003 4150 1209 4220 πηγὴν
1246 4150 1359 4218 τὴν
1396 4148 1637 4205 ἀέναον.

308 4290 311 4293 ,
361 4204 739 4308 Ἀγαλλιάσθω
768 4242 800 4310 ἡ
937 4204 1378 4312 πᾶσαισῖήμερον,
1406 4243 1500 4296 καὶ
1527 4204 1887 4315 εὐφροσύνην.

285 4336 513 4404 νεφέλαι
548 4336 868 4405 ρανάτωσαν
888 4351 902 4365 ·
933 4337 961 4388 ὀ
991 4338 1089 4406 τῆς
1112 4335 1269 4404 δόξης
1301 4338 1503 4410 Κύριος
1535 4339 1867 4409 σταυρωθε¹ις

286 4430 613 4497 ἐγήγερται,
650 4427 854 4497 φθορᾶς
898 4426 1127 4480 θανάτου
1172 4429 1318 4495 ἡμᾶς
1348 4429 1739 4501 ἐλευθερώσας,
1771 4429 1865 4482 καὶ

285 4520 570 4591 ἀφθαρσίᾳ
594 4518 916 4590 λαμπρύνας
943 4518 1018 4583 ὡς
1051 4518 1442 4593 εῦσπλαγχνος.

362 4612 524 4681 Μύρα
573 4612 703 4665 ποτὲ
753 4612 1107 4679 κομιζούσαις
1144 4614 1240 4667 σὺν
1280 4614 1510 4683 δάκρυσι
1540 4614 1657 4679 ταῖς
1695 4613 1867 4683 ίεραῖς

287 4703 539 4772 γυναιξὶν
583 4703 964 4770 ἁπεφθέγγετο
1000 4706 1042 4758 ’ὀ
1094 4706 1426 4777 ἀστράπτων
1470 4705 1698 4772 ἄγγελος
1752 4720 1868 4772 φαι-

285 4794 454 4864 δρῶς·
480 4793 568 4847 Ἐν
596 4794 673 4863 τῷ
710 4797 954 4865 μνήματι
987 4795 1125 4866 μετά
1156 4796 1364 4866 νεκρῶν
1396 4797 1492 4865 τὴν
1523 4795 1666 4867 ζωὴν
1693 4795 1744 4847 τί
1773 4795 1868 4848 ἐκ-

289 4886 542 4957 ζητεῖτες
587 4887 719 4940 Ἰδοὺ
754 4888 957 4957 ἀνέστη
992 4890 1234 4957 φωτίσας
1257 4889 1325 4942 τὰ
1356 4891 1664 4959 σύμπαντα.

380 4978 445 5029 Ἦ
486 4979 778 5049 φωταυγὴς
813 4980 909 5032 τοῦ
942 4979 1076 5033 Θεοῦ
1107 4979 1263 5050 ήμῶν
1293 4979 1509 5050 ἔγερσις
1541 4981 1681 5050 ὑπὲρ
1714 4980 1865 5050 ἡλίου

293 5065 472 5133 αὐγὰς
499 5067 951 5137 καταλάμπουσα,
989 5070 1112 5131 τοὺς
1139 5068 1363 5132 πιστοὺς
1392 5070 1450 5122 ὲν
1479 5069 1758 5140 Πνεύματι
1788 5072 1866 5134 είς

294 5157 500 5221 αἰῶνας
527 5159 773 5223 ἅπαντας
806 5162 1161 5229 φωταγωγεῖ,
1192 5160 1378 5228 ὁδηγεῖ
1406 5159 1542 5230 πρὸς
1570 5160 1864 5230 σωτηρίαν,

288 5249 362 5319 ἢν
390 5249 616 5322 καθαρῷ
644 5247 889 5322 λογισμῷ
919 5251 1286 5322 ἑορτάσωμεν.

362 5341 820 5411 Νενεκρωμένους
845 5343 990 5413 ἡμᾶς
1023 5342 1459 5412 παραπτώμασιν
1503 5342 1535 5411 ἠ
1582 5340 1678 5412 τὴν
1722 5339 1868 5410 ζωὴν

285 5429 391 5501 τὴν
418 5429 637 5483 αἰώνιον
665 5430 888 5497 τέξασα,
916 5432 1165 5493 Θεοτόκε,
1192 5430 1430 5496 ζὼωσον,
1458 5432 1552 5483 καὶ
1577 5434 1751 5484 ποιεῖν
1781 5433 1869 5484 εὐ-

283 5521 492 5575 όδωσον
537 5521 607 5573 τὰ
652 5522 790 5591 πρὸς
832 5522 979 5593 ζωὴν
1005 5521 1220 5591 ἀληθῶς
1263 5521 1689 5591 καθοδηγοῦντα,
1720 5524 1868 5586 ὅπως

292 5612 502 5677 πιστῶς
536 5629 595 5665 σε
626 5614 714 5666 ἀεὶ
746 5614 1159 5684 μεγαλύνωμεν.

650 5706 761 5756 Τὸν
794 5702 863 5756 ἐν
900 5703 1126 5771 καμίνῳ
1162 5707 1268 5761 τοῦ
1306 5705 1515 5771 πιιρός.

344 5791 471 5849 ,Τον
518 5791 799 5862 ύψωθέντα
850 5796 905 5847 ὲν
961 5794 1176 5864 σταυρῷ
1206 5799 1298 5849 καὶ
1330 5797 1568 5861 ταφέντα
1606 5795 1663 5847 ὲν
1708 5797 1867 5866 σαρκὶ

1971 618 2162 670 mortis
2221 616 2566 682 illuminans.
2605 630 2836 686 surgens
2884 636 2951 674 ex
3014 624 3243 678 mortuis
3300 637 3358 678 ut
3418 627 3538 691 sol,

1969 705 2206 761 miscens
2234 713 2287 760 te
2324 708 2644 762 mulieribus
2687 726 2807 778 qua:
2844 710 3091 765 ferebant
3121 723 3385 781 aromata,
3416 731 3539 771 eum

1968 797 2075 852 illis
2110 795 2564 868 conglorificabas
2601 801 2909 855 Dominum.

2403 885 2600 941 Lumen
2628 890 2903 958 producito
2939 893 3106 947 nobis.
3341 925 3345 930 ι
3568 954 3580 966 ,

2038 974 2281 1045 Populus
2317 976 2621 1033 lleb‘raicus
2669 983 2837 1037 aflixit
2871 992 2925 1039 te
2959 984 3107 1038 cruci
3141 985 3526 1055 longanimiter

1967 1073 2278 1139 patientem,
2304 1078 2359 1126 et
2400 1080 2493 1127 tuo
2527 1073 2628 1127 hoc
2660 1076 2931 1145 supplicio
2967 1077 3228 1131 mundum
3261 1079 3535 1131 infinitum

1967 1174 2267 1227 omnesque
2326 1171 2518 1233 gemes
2588 1165 2930 1235 salvantem,
2989 1168 3149 1222 valde
3223 1168 3538 1223 misericors

1968 1251 2114 1305 Deus
2143 1261 2352 1308 noster.

2039 1340 2157 1395 Non
2226 1342 2544 1412 confregisti
2611 1344 2852 1414 sigillum
2908 1347 3105 1418 lapidis
3178 1348 3232 1401 in
3287 1361 3538 1402 resurre-

1966 1434 2144 1490 ctione
2163 1433 2435 1496 tua,sicut
2468 1435 2521 1488 in
2545 1439 2818 1492 nascendo
2843 1441 3036 1492 matris
3067 1438 3426 1508 parturientis
3459 1448 3537 1501 te.

1967 1525 2110 1579 Deus
2142 1540 2348 1592 noster,
2382 1527 2595 1580 vulvam
2641 1542 2751 1584 non
2807 1544 3127 1601 aperueras,
3177 1529 3374 1582 intacta
3417 1531 3539 1601 ejus

1966 1615 2299 1683 virginitate.

2038 1705 2291 1760 Mulieres
2325 1721 2447 1759 cum
2475 1707 2744 1761 vidissent
2787 1713 3037 1778 angelum
3087 1716 3285 1778 praeter
3331 1724 3537 1764 morem

1970 1796 2227 1849 vestitum
2278 1797 2510 1865 luc'eque
2559 1796 2916 1867 refulgentem
2966 1799 3200 1859 ctelesti,
3238 1799 3539 1867 obstupue-

1892 1862 1940 1920 Β
1968 1897 2096 1941 runt
2154 1887 2269 1942 lucc
2315 1887 2601 1948 audientes
2644 1890 2807 1941 verba
2844 1905 2858 1941 :
2893 1886 3072 1944 Nolite
3110 1887 3261 1957 flere,
3292 1903 3543 1944 resurre-

1970 1980 2049 2031 xit
2082 1977 2368 2034 Dominus.

2037 2069 2328 2139 Peperisti,
2367 2072 2736 2139 immaculata,
2767 2071 2860 2127 Dei
2899 2086 3097 2141 parens
3143 2081 3390 2128 sanctum
3434 2073 3539 2128 Do-

1966 2159 2175 2215 minum
2231 2160 2693 2229 Dominationum,
2742 2163 3042 2217 inferorum
3102 2179 3413 2219 eversorem
3469 2172 3524 2220 et

1968 2266 2153 2305 secum
2190 2268 2379 2306 omnes
2405 2254 2654 2308 homines
2684 2268 2975 2323 assurgere
3008 2252 3318 2309 facientem.

2278 2341 2550 2412 Hymnum
2592 2344 2644 2395 in
2683 2342 2901 2410 fornace
2925 2353 3222 2399 cantantes.

2040 2429 2358 2486 Voluntarie
2396 2433 2716 2488 crucifixum
2774 2442 2828 2488 et
2880 2442 3116 2502 posntnm
3175 2433 3229 2485 in
3289 2431 3541 2501 sepulcro

1967 2522 2248 2577 Christum
2309 2525 2521 2590 Deum,
2589 2526 2801 2582 irritam
2866 2524 3154 2578 facientem
3217 2529 3539 2592 potestatem

1968 2613 2164 2666 mortis
2183 2612 2547 2672 celebremus.

2045 2701 2209 2757 Visus
2261 2718 2340 2770 es,
2396 2704 2668 2770 Salvator,
2726 2703 3050 2761 mulieribus
3103 2717 3136 2756 a
3182 2710 3534 2756 monumento

1968 2792 2277 2864 erigilatus,
2308 2810 2446 2864 quas
2475 2798 2647 2853 mittis
2678 2797 2744 2851 ad
2782 2795 3061 2866 apostolos
3109 2798 3211 2854 hoc
3250 2800 3536 2854 nuntiatu-

1969 2894 2060 2934 ras
2090 2893 2424 2952 quapropter
2455 2884 2742 2940 laudamus
2784 2892 2838 2939 te
2870 2900 2966 2956 per
2995 2902 3157 2941 omne
3189 2893 3417 2942 factum.

2038 3049 2277 3117 Christe,
2303 3061 2477 3109 morte
2502 3061 2595 3107 tua
2630 3065 2859 3109 mortem
2892 3070 3185 3126 resurgens
3219 3053 3539 3109 destruxisti

1967 3152 2022 3198 et
2073 3142 2269 3214 dignos
2321 3144 2552 3199 eil‘ecisti
2606 3156 2854 3203 mortuos
2889 3147 2984 3216 qui
3046 3147 3209 3201 vitam
3268 3146 3537 3201 haberent

1968 3242 2274 3300 aeternam;
2306 3235 2663 3302 quamobrem
2711 3238 3086 3292 benedicimus
3133 3237 3230 3291 tibi
3282 3237 3541 3292 saeculum

1967 3339 2066 3394 per
2091 3339 2274 3378 omne.

2039 3416 2423 3471 Exsuscitatus
2472 3415 2659 3473 dixisti
2706 3417 3034 3488 discipulis:
3082 3422 3431 3481 Festinantes
3471 3427 3542 3482 ite

1968 3522 2063 3577 per
2085 3514 2257 3560 totum
2318 3508 2583 3561 mundum
2648 3509 2968 3565 nuntiantes
3014 3527 3190 3566 meam
3242 3517 3540 3584 potentiam

1967 3597 2219 3669 fugantes
2254 3598 2577 3668 gentilitatis
2609 3600 2866 3654 tenebras
2915 3609 2974 3655 ut
3014 3601 3170 3656 locus
3227 3604 3389 3658 detur
3430 3605 3539 3662 luci

1966 3690 2234 3745 veritatis.

2040 3780 2178 3836 Cum
2218 3795 2385 3849 super
2424 3781 2598 3836 caelos
2629 3780 2706 3836 sis
2729 3782 2966 3838 cxaltata
2998 3793 3053 3838 et
3081 3785 3371 3852 praemiues
3397 3785 3541 3841 Clie-
3600 3853 3609 3861 _

1966 3877 2166 3940 rubim,
2206 3876 2328 3945 plus
2355 3876 2677 3931 honoranda
2708 3879 2920 3933 caeteris
2949 3877 3207 3933 omnibus
3247 3880 3538 3944 creaturis,

1965 3969 2128 4039 Virgo
2153 3970 2378 4027 omnino
2409 3977 2624 4036 sancta,
2661 3969 2828 4026 funde
2863 3984 3055 4040 preces
3084 3984 3183 4039 pro
3225 3970 3540 4041 gloriﬁcan-

1965 4061 2111 4116 tibus
2138 4068 2191 4115 te
2219 4059 2575 4117 confidenter.

2147 4150 2367 4207 Fonfem
2400 4153 2521 4207 vita:
2553 4155 2608 4207 in
2658 4162 2912 4207 wfernunt
2960 4160 3357 4213 scaturieutem.

2041 4242 2245 4299 Laetare
2274 4243 2459 4306 hodie,
2489 4244 2671 4300 omnis
2722 4251 2887 4311 terra,
2922 4247 3215 4319 pluantque
3255 4250 3427 4305 nubes
3452 4251 3541 4320 ju-

1966 4334 2249 4390 bilationis
2291 4350 2468 4388 rorem
2504 4353 2517 4389 :
2566 4334 2708 4391 Deus
2739 4337 2927 4405 gloriae
2958 4342 3254 4398 crucifixus
3283 4356 3532 4396 resurre-

1966 4424 2043 4477 xit
2076 4426 2313 4480 liberans
2344 4438 2444 4479 nos
2467 4438 2497 4475 a
2527 4428 2879 4495 corruptione
2913 4432 3129 4494 mortis,
3157 4434 3537 4502 decoranstlue

1898 4545 1941 4599 υ
1974 4524 2161 4585 utpote
2191 4517 2347 4571 valde
2382 4515 2698 4571 misericors
2725 4517 3152 4576 immortalitate.

2039 4607 2279 4677 Angelus
2309 4609 2599 4677 splendore
2629 4605 2906 4677 refulgens
2950 4609 3054 4677 piis
3092 4611 3310 4667 dicebat
3341 4613 3558 4669 muIie-'

1970 4699 2120 4753 ribus
2177 4698 2306 4752 olim
2360 4707 2609 4753 aromata
2673 4697 2976 4755 ferentibus
3044 4712 3175 4756 cum
3243 4703 3533 4774 lacrymis:

1969 4788 2109 4855 Quid
2140 4797 2225 4845 est
2255 4790 2400 4860 quod
2434 4790 2684 4860 quaeritis
2733 4805 3012 4849 auctorem
3048 4804 3172 4849 vute
3224 4796 3366 4849 inter
3392 4810 3537 4848 mor-

1970 4881 2139 4936 tuos?
2171 4896 2298 4936 ecce
2339 4882 2643 4937 resurrexit
2680 4893 2878 4937 cuncta
2916 4885 3260 4941 illuminans.

2042 4971 2193 5026 Hatic
2244 4974 2348 5043 piis
2398 4974 2740 5029 celebremus
2790 4975 3048 5029 cantibus
3080 4977 3536 5031 resurrectionem

1970 5066 2143 5119 uestri
2189 5064 2302 5128 Dei,
2356 5081 2478 5135 qum
2526 5066 2817 5135 splendore
2871 5078 3091 5135 superat
3136 5068 3316 5123 radios
3362 5069 3534 5130 sotis.

1971 5158 2278 5211 illuminare
2308 5173 2403 5226 per
2431 5174 2590 5213 omne
2622 5158 2878 5213 saeculum
2906 5172 3098 5215 omnes
3127 5159 3181 5213 itt
3212 5159 3416 5229 Spiritu
3475 5164 3538 5213 fi-

1968 5248 2141 5308 deles.
2178 5248 2438 5317 ducitque
2467 5263 2564 5316 per
2599 5249 2738 5302 viam
2766 5248 2978 5304 salutis.

2041 5338 2210 5393 Mater
2242 5336 2334 5392 Dci
2362 5353 2483 5407 qua:
2526 5338 2668 5393 hunc
2695 5341 2935 5408 genuisti
2979 5339 3070 5408 qui
3102 5339 3207 5392 vita
3252 5346 3358 5405 est,
3391 5338 3538 5392 salta

1969 5445 2074 5484 nos
2101 5433 2343 5499 peccatis
2375 5430 2581 5485 nostris
2615 5438 2879 5491 mortuos.
2929 5438 2985 5485 et
3024 5430 3092 5485 da
3124 5431 3283 5485 nobis
3326 5428 3537 5499 eperari

1969 5538 2089 5591 qua!
2117 5520 2184 5574 ad
2214 5521 2379 5575 vitam
2414 5520 2618 5575 ducant
2646 5529 2905 5575 a'lernatn
2938 5530 2995 5575 ut
3036 5530 3088 5575 te
3118 5536 3334 5591 semper
3362 5522 3535 5576 extol-

1972 5613 2171 5665 lamus.

2502 5699 2568 5754 In
2603 5700 2818 5768 fornace
2852 5702 3009 5772 ignis.

2044 5793 2323 5849 Christum
2359 5795 2664 5849 voluntarie
2699 5806 2940 5851 erectum
2970 5796 3019 5849 in
3062 5810 3243 5861 cruce,
3278 5803 3331 5854 ct
3354 5807 3531 5854 tumu-
