3898 6320
172 354 177 358 ’
215 373 355 454 sati

1513 370 1517 374 ’
1624 379 2043 444 TRIODIUM.

2138 289 2149 298 ο
2172 285 2217 296 ..ο

3344 379 3489 446 sua

216 487 347 548 τεὺς
372 483 783 555 πεπεδημένους
814 484 1029 555 ἐξάγεις
1056 486 1115 540 ἐν
1144 488 1440 559 ἀνδρείᾳ,ἡ
1465 488 1684 542 πάντων
1711 507 1787 544 σω

1917 497 2139 556 mortis,
2165 498 2222 544 et
2255 491 2322 545 de
2347 490 2469 561 ejus
2509 492 2741 562 imperio
2764 465 3046 551 devinctos
3073 496 3147 552 ibi
3172 496 3239 552 in
3262 496 3474 554 fortit-t-

217 573 408 644 τηρέα.

296 661 507 732 Ὠφθης
536 664 646 726 τοῖς
679 665 791 728 σοῖς
835 663 1104 738 μαθηταῖς
1133 666 1191 719 ἐν
1223 664 1435 729 πολλοῖς
1462 667 1801 739 τεκμηρίοις,

216 756 308 825 ἐφ’
334 755 566 827 ἡμέρας,
594 756 901 829 οἰκτίρμον,
932 759 1557 831 τεσσαράκοντα,αὐτοϊς
1580 761 1799 816 πιστού-

218 864 407 917 μενος,
431 846 669 918 κηρύξαι
701 849 781 912 εἰς
816 850 1034 906 ἅπαντα
1062 851 1154 904 τὸν
1178 852 1382 923 κόσμον
1409 851 1538 906 Θεδν
1569 854 1804 922 ἐγηγερ-

223 941 288 993 at!
295 958 404 994 νον.
645 951 650 957 ’

290 1036 364 1087 Σὺ
399 1031 450 1088 εἷ
481 1036 513 1105 ἡ
548 1032 766 1088 πάντων
801 1032 949 1105 ζωὴ,
984 1035 1048 1090 σὺ
1080 1035 1289 1106 νεκρῶν
1319 1035 1416 1091 καὶ
1441 1036 1549 1091 τῶν
1583 1036 1800 1101 ζώντων

214 1128 249 1196 ἡ
289 1126 655 1197 παράκλησις,
685 1125 848 1195 Λόγε,
880 1126 971 1179 καὶ
1000 1126 1145 1198 χαρὰ
1180 1128 1274 1180 καὶ
1303 1128 1582 1199 φωτισμδς
1613 1131 1641 1182 6
1668 1129 1801 1200 λάμ-

211 1218 325 1286 ψας
351 1221 415 1271 ὲκ
447 1216 744 1288 Παρθένου,
772 1217 865 1271 καὶ
902 1217 1141 1281 ἀναστὰς
1171 1219 1235 1271 ἐκ
1267 1218 1439 1287 τάφου
1470 1221 1550 1284 εἰς
1581 1220 1799 1274 πάντων

214 1310 514 1382 σωτηρίαν.

435 1400 558 1456 Τῶν
594 1400 866 1470 γηγενῶν
904 1401 993 1467 τίς
1018 1400 1246 1470 ἢκουσε
1273 1403 1572 1470 τοιοῦτον;

280 1494 342 1548 Ὀ
360 1493 692 1565 σταυρωθεὶς
712 1496 1006 1565 τριήμερος
1029 1495 1285 1566 ἀνέστης,
1302 1494 1484 1559 καθὼς
1510 1498 1794 1565 προεῖπες,

209 1588 277 1641 ἐκ
310 1586 543 1657 νεκρῶν,
577 1586 986 1656 συναναστήσας
1030 1584 1119 1638 τὸν
1167 1587 1371 1659 κόσμον
1404 1591 1470 1655 τῇ
1501 1589 1794 1642 ἀναστάσει

211 1693 342 1730 σου·
384 1677 477 1729 καὶ
506 1674 722 1743 γυναιξὶ
754 1674 1083 1746 μυροφὸροις
1115 1676 1356 1745 πρώταις
1390 1677 1596 1747 ἐφάνης
1626 1677 1796 1746 φθεγ-

208 1768 448 1839 ξάμενος
475 1767 557 1832 τὸ,
576 1766 767 1837 Χαῖρε,
791 1764 1008 1818 πάντων
1031 1767 1174 1836 χαρὰ
1196 1766 1304 1820 τῶν
1325 1768 1389 1819 ἐκ
1409 1767 1585 1837 ψυχῆς
1610 1784 1667 1821 σε
1695 1784 1791 1820 πο·

207 1858 470 1925 θούντων,
504 1857 774 1913 πολυέλεε.

280 1948 399 2003 Νῦν
426 1951 456 2020 ὴ
498 1949 670 2021 φθορὰ
699 1949 1021 2020 ἠφάνισται·
1053 1948 1286 2018 Χριστὸς
1310 1947 1418 2017 γὰρ
1446 1948 1480 2017 ἡ
1511 1945 1790 2017 ἀφθαρσία

206 2039 307 2093 καὶ
338 2037 451 2109 ζωὴ
484 2040 547 2091 ἐκ
579 2038 686 2091 τῶν
715 2036 925 2110 νεκρῶν
973 2038 1267 2108 ἐξηγέρθη,
1310 2039 1402 2090 καὶ
1451 2035 1788 2101 συναλίζεται

204 2132 327 2190 τοῖς
357 2130 553 2183 ἑαυτοῦ
581 2130 921 2195 ἀποστόλοις,
954 2129 1221 2183 διδάσκων
1250 2128 1475 2191 τούτους
1508 2128 1576 2182 τὰ
1608 2126 1791 2199 κρείτ-

204 2237 340 2275 τονα
370 2221 465 2274 καὶ
495 2219 634 2285 θεῖα,
657 2221 751 2274 καὶ
772 2219 1124 2291 προσφωνῶν
1143 2219 1284 2272 Ἀπό
1302 2218 1565 2290 Ίεροσολύ
1573 2234 1691 2288 μων
1714 2217 1789 2286 μὴ

206 2306 539 2379 χωρίζεσθαι.

280 2399 452 2469 Μύρα
500 2400 627 2451 ποτὲ
672 2398 770 2451 σὺν
818 2398 1050 2470 δάκρυσι
1093 2397 1384 2469 φερούσαις
1425 2396 1655 2465 ἄγγελος
1686 2395 1788 2467 ἔφη

205 2489 447 2560 γυναιξὶ,
489 2489 641 2542 Μετᾶ
674 2488 882 2560 νεκρῶν
927 2488 979 2541 τί
1012 2488 1227 2560 ζητεῖτε
1259 2487 1349 2540 τὸν
1378 2486 1585 2552 ζῶντας
1615 2488 1793 2556 Σήμε-

211 2600 309 2655 ρον
343 2582 525 2645 καθὼς
557 2583 819 2653 προεῖπεν
841 2580 1072 2652 ἠγέρθη,
1092 2580 1192 2633 οὐκ
1219 2578 1369 2633 ἔστιν
1393 2572 1515 2641 ὧδε,
1549 2576 1792 2640 κενώσας

207 2675 281 2728 τὰ
315 2676 588 2745 μνημεῖα,
627 2675 721 2727 καὶ
748 2675 858 2736 τοῖς
891 2675 1103 2743 νεκροῖς
1134 2669 1434 2727 ἀθανασίαν
1475 2667 1791 2739 ἐμπνεύσας

209 2766 289 2830 ὡς
321 2765 721 2836 φιλάνθρωπος.

283 2860 382 2911 Ἐκ
403 2857 515 2911 τῶν
527 2855 736 2927 νεκρῶν
758 2854 963 2920 ἰδοῦσα,
982 2852 1338 2919 Θεοτόκε,τδν
1356 2853 1446 2905 σὸν
1461 2851 1589 2905 Υίόν
1611 2868 1670 2905 τε
1695 2849 1792 2904 καὶ

208 2950 385 3012 Θεὸν,
431 2946 839 3018 ἐγηγερμένον,
880 2944 1158 3016 ἐπλήσθης
1208 2945 1381 3015 χαρᾶς
1406 2982 1425 3010 ,
1471 2943 1792 3014 ὑπάρχουσα

212 3044 433 3096 πάντων
471 3039 617 3093 αἰτία
647 3039 821 3110 χαρᾶς
852 3054 912 3090 τε
940 3037 1033 3091 καὶ
1060 3037 1398 3106 εὐφροσύνης
1420 3035 1547 3089 οσδιό
1571 3052 1629 3088 σε
1659 3051 1793 3106 χαρ-

215 3130 467 3200 μοσύνως
503 3128 651 3182 πᾶσα
671 3127 823 3199 ψυχὴ
854 3126 1142 3197 ὑμνολογεῖ
1170 3125 1268 3179 καὶ
1290 3122 1525 3189 δοξάζει,
1543 3124 1793 3195 ’Δειπάρ-

212 3224 357 3276 Dave.

336 3311 706 3380 Ἐξήνθησεν
731 3311 774 3379 ἠ
798 3308 1015 3379 ἕρημος
1051 3308 1193 3362 ὡσεὶ
1233 3307 1460 3376 κρῖνον,
1488 3308 1687 3375 Κύριε.

296 3404 362 3457 Ἦ
406 3403 581 3466 κτίσις
626 3399 908 3471 θεωροῦσα
949 3415 1009 3451 σε
1042 3399 1137 3451 ἐπὶ
1171 3397 1328 3462 ξύλου
1360 3397 1634 3467 πάσχοντα
1676 3394 1794 3449 ἐθε-

212 3496 465 3561 λουσίως,
497 3495 762 3553 Δέσποτα,
789 3488 1058 3560 ἠλλοιώθη
1082 3490 1175 3542 καὶ⁵
1203 3488 1547 3559 ἐκυμαίνετο,
1582 3488 1672 3541 καὶ
1702 3502 1793 3540 νε-

214 3589 340 3661 κρο)⁸
368 3589 432 3638 ἐκ
462 3584 566 3637 τῶν
600 3584 787 3650 τάφων
817 3579 1183 3644 ἐξανίσταντο.
1287 3613 1301 3625 .

285 3676 580 3745 Γενόμενον
614 3676 672 3727 ἐν
704 3671 802 3745 ᾅδῃ
838 3687 919 3738 σε,
964 3669 1199 3734 ζωοδότα
1219 3667 1414 3740 Κύριε,
1449 3668 1588 3740 μετά
1616 3666 1794 3739 ψυχῆς

213 3766 291 3829 ὡς
324 3763 550 3833 ἔϐλεψεν
596 3764 624 3816 6
658 3759 958 3832 παμφάγος
1007 3756 1234 3820 θάνατος
1263 3755 1516 3827 ἔπτηξεν,
1543 3756 1792 3811 ἀπολύων

211 3854 500 3927 δεσμώτας
528 3854 621 3917 οὒς
649 3852 929 3908 κατέπιεν.

287 3947 563 4018 Ἐπλήσθη
600 3947 753 3999 πᾶσα
776 3944 955 4007 κτίσις
985 3944 1180 4015 χαρᾶς,
1208 3941 1490 4013 οἰκτίρμον
1515 3939 1707 4013 Κύριε,
1732 3940 1791 3995 ἐν

216 4040 425 4112 νεκρῶν
457 4040 674 4109 ἐγέρσει
710 4054 803 4090 σου
829 4049 843 4065 ·
875 4037 932 4090 ἐν
957 4037 1064 4108 γὰρ
1092 4037 1264 4106 ταύτῃ
1305 4036 1509 4104 κόσμον
1540 4035 1790 4103 συνήγει-

222 4151 337 4197 Jac,
366 4132 612 4186 καθελὼν
641 4129 736 4183 τοῦ
765 4129 994 4183 θανάτου
1020 4130 1088 4184 τὰ
1120 4128 1387 4200 βασίλεια.
1464 4188 1483 4203 .

295 4221 565 4291 Ῥομφαία
586 4217 684 4290 τὴν
704 4217 883 4287 ψυχήν
915 4234 1030 4279 σου,
1057 4217 1240 4289 Ἀγνὴ,
1271 4215 1506 4286 διῆλθεν,
1529 4215 1785 4284 ἄχραντε,

209 4312 301 4366 ὅτε
332 4312 566 4380 Χριστὸν
592 4309 997 4382 σταυρούμενον
1025 4308 1259 4363 ἐθεάσωσ
1295 4310 1469 4379 χαρᾶς
1508 4305 1787 4376 ἐπλήσθης

211 4403 270 4457 δὲ
299 4402 591 4475 ἐγερθέντα
617 4403 680 4455 ἐκ
708 4402 882 4470 τάφου
916 4399 1103 4455 τοῦτον
1133 4399 1399 4470 βλέψασα.

280 4554 303 4566 ,
430 4491 691 4563 Κάμινός
726 4508 871 4547 ποτε
905 4490 1098 4560 πυρὸς
1135 4492 1205 4544 ἐν
1244 4489 1572 4545 Βαϐυλῶνι.

283 4584 549 4654 Θνήσκεις
585 4584 644 4635 ἐν
677 4583 894 4652 σταυρῷ
938 4582 1055 4653 ζωὴ
1110 4582 1368 4652 ὑπάρχων
1399 4582 1650 4646 πάντων,
1688 4580 1785 4634 καὶ

212 4673 288 4735 ὡς
321 4672 513 4742 νεκρὸς
542 4671 744 4734 ἄπνους
770 4673 831 4724 ἐν
867 4671 1120 4741 μνήματι
1163 4671 1378 4740 ἐτέθης,
1426 4671 1743 4742 μακρόθυμε
1765 4686 1780 4701 ⁸

214 4764 311 4818 καὶ
355 4763 655 4833 τριήμερος
703 4762 1002 4831 ἐγήγερσαι
1041 4762 1120 4824 εἰς
1153 4760 1357 4831 κόσμου
1390 4760 1740 4826 ἐξανάστασιν
1765 4778 1780 4792 ·

214 4855 417 4925 ὃθενέν
452 4849 760 4923 εὐφροσύνη
786 4850 1169 4921 δοξολογοῦμεν
1191 4852 1252 4904 τὸ
1282 4851 1480 4924 κράτος
1508 4869 1623 4906 σου.

289 4942 528 4996 Ἤκουσε
562 4938 702 4992 Σιὼν
745 4939 844 5009 τὴν
879 4938 1098 5011 ἔγερσιν
1128 4940 1360 5011 Κυρίου,
1388 4939 1483 4994 καὶ
1508 4938 1785 5010 ἐὐφροσύο

214 5047 311 5103 νης
339 5029 434 5084 νῦν
467 5026 822 5100 πεπλήρωται
842 5043 859 5058 ο
897 5026 1192 5099 θυγατέρες
1220 5017 1423 5100 ταύτης
1466 5029 1523 5082 δὲ
1570 5046 1785 5100 προφα-

215 5122 321 5186 νῶς
341 5120 759 5191 ⁴ηγαλλιιὶσιιντο,
783 5120 877 5173 καὶ
902 5118 1170 5189 μαθηταῖς
1193 5120 1486 5190 ἐκήρυττον
1508 5118 1780 5187 λέγουσαι·

213 5212 307 5284 Μὴ
336 5211 609 5278 λυπεῖσθε,
635 5212 664 5265 6
690 5210 954 5282 ζωοδότης
984 5211 1298 5282 ἐγήγερται.
1595 5294 1599 5299 Ι

287 5304 541 5377 Ὄρθριαι
564 5303 769 5375 σπουδῇ
790 5303 1078 5373 γενόμεναι
1104 5303 1360 5371 γυναῖκες
1385 5302 1476 5356 ἐπὶ
1505 5301 1597 5355 τὸν
1616 5301 1786 5370 τάφον

217 5398 602 5470 παρεγένοντο,
631 5397 726 5448 καὶ
750 5395 898 5449 ἔνδον
925 5393 1294 5466 προκύψασαι,
1322 5395 1380 5448 ἐν
1400 5392 1610 5458 λευκοῖς
1635 5394 1786 5447 ἔϐλε-

216 5490 323 5561 ψαν
355 5487 621 5558 ἄγγελον·
655 5487 750 5541 καὶ
781 5486 930 5557 φέὸῳ
952 5485 1537 5557 συνεχόμεναιὴκουον·
1564 5486 1656 5557 Μὴ
1690 5502 1787 5553 φο-

217 5578 420 5646 ϐεῖσθε,
448 5578 619 5640 ὅντως
645 5576 846 5647 ἀνέστη
873 5577 902 5629 6
942 5578 1163 5647 Κύριος.

286 5752 355 5808 Σὲ
409 5753 507 5827 τὴν
558 5752 826 5824 φωτεινὴν
851 5752 1079 5824 νεφέλην
1100 5753 1195 5808 τοῦ
1229 5754 1383 5825 ἦλιου
1428 5753 1524 5809 τοῦ
1570 5753 1783 5825 νοητοῦ,

1906 580 2035 635 dine
2056 587 2149 635 tua
2181 581 2446 647 cduxisti,
2472 598 2505 637 ο
2540 585 2693 641 salus
2721 588 2987 641 omnium.

1976 670 2141 729 Visus
2169 688 2226 728 es
2257 673 2545 744 discipulis
2590 678 2701 730 tuis
2734 678 3164 735 misericorditer
3205 697 3480 751 apparens

1902 762 1985 819 eis
2042 764 2095 818 in
2150 764 2340 819 multis
2394 767 2701 834 augmentis
2748 782 2847 835 per
2893 769 3011 824 dies
3068 772 3477 844 quadraginta,

1904 853 2190 908 hortantes
2229 869 2326 909 eos
2363 854 2430 908 ad
2476 856 2915 913 aununtiandum
2947 875 3043 930 per
3073 875 3289 919 omnem
3320 879 3479 919 Inun-

1903 945 2031 999 dum
2059 945 2518 998 resurrectionem
2549 952 2725 999 tuam.

1971 1033 2053 1087 Tu
2099 1048 2180 1095 cs,
2221 1033 2483 1101 Verbum,
2516 1037 2762 1092 omnium
2793 1038 2926 1104 vita,
2974 1043 3279 1097 consolatio
3321 1044 3475 1102 vivo-

1900 1136 2018 1178 rum
2049 1133 2105 1179 et
2143 1133 2487 1181 mortuorqu
2519 1137 2578 1182 et
2602 1127 2864 1197 jubilatio
2893 1138 2947 1186 et
2974 1130 3065 1187 lux
3092 1136 3253 1189 nobis
3289 1147 3478 1192 exorta

1898 1229 1958 1268 cs
1986 1214 2054 1269 de
2084 1215 2304 1287 Virgine
2351 1225 2405 1271 et
2453 1232 2552 1286 pro
2588 1219 2835 1276 omnium
2889 1225 3065 1280 salute
3111 1229 3399 1282 surrexis‘ti
3448 1245 3481 1283 ο

1899 1306 2132 1358 tumulo.

2106 1394 2239 1461 Quis
2276 1397 2579 1450 mortalium
2609 1417 2842 1470 unquam
2868 1404 3070 1458 audivit
3118 1407 3242 1462 tale.

1962 1482 2274 1539 Cmciﬁvus
2298 1499 2327 1537 a
2371 1488 2603 1540 mortuis
2626 1492 2979 1547 resurrexisti
3008 1494 3167 1549 tertia
3199 1496 3307 1561 die,
3333 1498 3477 1553 sicut

1897 1575 2252 1643 ρταξθὶκετσε,
2280 1576 2360 1630 sic
2423 1579 2687 1633 mundum
2752 1583 3089 1638 resuscitans
3140 1600 3203 1639 ac
3237 1587 3471 1655 primum

1895 1666 2191 1735 apparuisti
2222 1668 2547 1724 mulieribus
2598 1684 2843 1728 aromata
2878 1674 3203 1739 ferentibus,
3239 1673 3471 1733 salutem

1893 1757 2032 1811 dans
2069 1756 2198 1820 illis,
2231 1765 2286 1812 tu
2319 1758 2413 1828 qui
2444 1760 2515 1815 'es
2535 1762 2690 1818 valde
2722 1764 3065 1830 misericors,
3090 1769 3348 1838 gaudium
3379 1786 3473 1825 eo-

1822 1850 1867 1907 B
1894 1861 2015 1900 rum
2037 1847 2131 1917 qui
2180 1854 2233 1902 te
2271 1856 2385 1901 toto
2412 1849 2649 1921 diligunt
2683 1855 2871 1911 corde.

1962 1937 2118 1991 Nunc
2141 1938 2355 1992 sublata
2385 1944 2788 2011 cstcorruptio;
2812 1944 3064 2001 Christus
3077 1945 3220 2000 enim
3248 1946 3473 2001 immor-

1886 2026 2074 2081 talitas
2094 2036 2147 2081 et
2172 2029 2277 2080 vita
2304 2029 2543 2084 surrexit
2569 2045 2598 2083 a
2626 2032 2885 2094 mortuis,
2919 2042 2973 2087 et
2997 2049 3137 2103 quos
3169 2049 3471 2104 congrega-

1887 2118 1965 2170 vit
1988 2119 2296 2187 discipulos
2314 2121 2540 2174 meliora
2576 2128 2631 2175 ct
2653 2124 2908 2178 cmiestia
2934 2124 3093 2181 docet
3125 2125 3471 2196 injungitque

1886 2209 1968 2262 eis
1999 2223 2069 2262 ne
2100 2209 2168 2263 ab
2203 2207 2602 2281 Hierosolymis
2623 2212 3004 2271 discederent.

1957 2402 2098 2458 Olim
2117 2404 2357 2474 Angelus
2368 2406 2506 2460 dixit
2524 2407 2826 2464 ferentibus
2849 2418 3089 2465 aromata
3114 2413 3464 2470 mulieribus:

1891 2494 1969 2547 Ad
2000 2496 2128 2564 quid
2164 2496 2304 2551 inter
2336 2507 2580 2554 mortuos
2600 2501 2843 2570 miseritis
2880 2504 3186 2559 viventem?
3212 2504 3467 2563 Christus

1892 2602 1996 2642 non
2016 2597 2099 2643 est
2126 2588 2255 2654 hic;
2291 2590 2477 2655 hodie,
2506 2593 2645 2645 sicut
2670 2592 3016 2662 praedixerat,
3048 2597 3308 2661 surrexit,
3338 2612 3466 2652 eva-

1890 2692 2060 2732 cuaus
2090 2679 2426 2747 sepulcrum,
2472 2681 2706 2736 mortuis
2758 2682 3042 2740 insumans
3070 2693 3253 2753 utpote
3282 2695 3467 2742 noster

1891 2781 2102 2834 amans,
2138 2768 2635 2826 immortalitatem.
3446 2766 3463 2777 ⁷

1961 2856 2162 2913 Videns
2181 2859 2272 2915 Dei
2292 2860 2483 2927 Mater,
2510 2860 2703 2916 Filium
2729 2871 2881 2918 tuum
2902 2872 2956 2920 et
2977 2865 3142 2921 Deum
3160 2869 3467 2924 surrexisse

1891 2962 1921 3002 a
1952 2951 2202 3013 mortuis,
2234 2951 2441 3020 repleta
2487 2967 2546 3008 es
2574 2954 2801 3023 gaudio,
2828 2969 2951 3009 cum
2976 2956 3057 3011 sis
3088 2956 3288 3013 laetitia:
3314 2960 3468 3012 volu-

1894 3041 2163 3111 ptatisque
2190 3035 2391 3098 nostra:
2418 3058 2605 3111 causa,
2630 3045 2906 3111 idcirco,o
2931 3062 3148 3118 semper
3179 3047 3366 3119 Virgo,
3399 3051 3468 3105 ab

1894 3134 2042 3187 omni
2089 3134 2308 3190 vivente
2342 3136 2576 3207 hymnos
2632 3137 2687 3193 in
2722 3138 2802 3194 tui
2834 3142 3104 3196 honorem
3150 3139 3469 3198 decantanti

1896 3225 2242 3297 glorillcaris.

2240 3317 2479 3389 Emeruit
2502 3322 2635 3374 sicut
2671 3321 2842 3373 lilium
2870 3323 2923 3374 in
2954 3322 3182 3377 deserto.

1965 3405 2228 3461 Creatura
2249 3422 2479 3472 cernens
2513 3419 2586 3473 te,
2619 3410 2868 3477 Domine,
2919 3414 3227 3469 voluntarie
3257 3417 3469 3484 patien-

1898 3505 2002 3551 tem
2035 3499 2087 3551 in
2120 3513 2282 3571 cruce
2315 3537 2330 3563 ,
2359 3498 2644 3553 inuuutata
2684 3500 2785 3556 fuit
2822 3510 2876 3556 et
2926 3503 3149 3572 agitata,
3183 3514 3237 3559 ct
3263 3508 3466 3562 mortui

1893 3587 2099 3656 egressi
2154 3597 2281 3642 sunt
2311 3603 2341 3642 e
2367 3591 2659 3659 sepulcris.

1967 3675 2161 3733 Omnia
2212 3680 2516 3736 absorbens
2564 3695 2716 3737 mors
2750 3687 3042 3741 conterrita
3072 3696 3157 3742 est
3194 3687 3376 3741 statim
3406 3695 3466 3741 ut

1892 3770 2108 3840 aspexit
2151 3778 2203 3825 te
2232 3770 2358 3825 vitae
2406 3769 2653 3826 datorem
2679 3786 2802 3827 cum
2849 3774 3031 3829 anima
3070 3778 3374 3831 venientem
3407 3778 3469 3833 in

1892 3854 2191 3922 infernum,
2217 3856 2508 3928 emisitque
2537 3874 2677 3929 quos
2708 3869 2994 3917 voraverat
3027 3866 3297 3933 captivos.

1963 3944 2318 4002 Rcsurrectio
2345 3957 2435 4002 tua
2451 3964 2517 4004 ex
2532 3953 2787 4019 mortuis,
2818 3954 3134 4012 misericors
3153 3957 3315 4024 Deus,
3342 3972 3430 4011 om
3445 3988 3465 4000 -

1891 4054 2014 4093 nem
2063 4038 2309 4108 implevit
2350 4048 2659 4096 creaturam
2713 4044 2921 4110 laetitia,
2961 4046 3016 4101 in
3051 4048 3153 4104 hac
3193 4050 3336 4104 enim
3374 4051 3469 4106 die

1890 4130 2231 4187 resttscitasti
2262 4131 2526 4188 mundum
2550 4134 2748 4191 mortis
2787 4137 3079 4194 destrucns
3111 4139 3420 4210 imperium.

1956 4220 2182 4276 Gladius
2206 4235 2238 4274 ο
2257 4220 2606 4297 immaculata
2632 4230 2784 4279 tuum
2813 4227 3167 4295 pertransivit
3190 4228 3463 4297 animam,

1888 4322 2012 4363 cum
2073 4307 2256 4363 vidisti
2305 4294 2781 4368 Christum'cruci
2815 4294 3083 4384 ialiixum;
3117 4318 3212 4373 sed
3258 4294 3465 4389 gaudio!

1886 4399 2109 4469 impleta
2138 4415 2220 4464 es,
2254 4401 2371 4456 viso'
2397 4401 2492 4456 illo
2521 4416 2551 4457 e
2584 4405 2796 4460 tumulo
2821 4415 3104 4478 surgente.

2101 4487 2353 4544 Cominus
2382 4489 2518 4560 ignis
2550 4490 2677 4544 olim
2710 4493 2763 4546 in
2791 4492 3078 4564 Babylone.

1956 4579 2078 4635 Vita
2106 4579 2350 4634 omnium
2410 4580 2643 4636 moreris
2678 4582 2734 4635 in
2790 4597 2979 4648 cruce,
3029 4593 3083 4640 et
3129 4586 3341 4657 positus
3393 4604 3463 4644 es

1885 4677 1943 4724 ut
1969 4675 2217 4724 mortuus
2247 4668 2457 4738 absque
2513 4668 2685 4724 halitu
2737 4669 2793 4724 in
2851 4673 3127 4740 sepulcro,
3162 4673 3302 4731 Deus
3333 4674 3458 4729 lon-
3502 4684 3505 4689 ‘

1884 4759 2141 4830 ganimis,
2180 4766 2235 4813 et
2272 4758 2430 4812 tertia
2474 4756 2585 4825 die,
2621 4767 2681 4811 ut
2713 4769 3028 4831 resurgeret
3068 4764 3324 4821 mundus.
3358 4781 3457 4818 τρι

1885 4852 2180 4908 surrexisti
2219 4870 2232 4907 :
2276 4851 2396 4906 ideo
2432 4860 2579 4907 tuam
2612 4852 2719 4908 lzeti
2754 4854 3460 4926 celebramuspotentiam.

1954 4942 2176 4998 Audivit
2198 4939 2331 4997 Sion
2363 4942 2489 5012 quia
2509 4945 2808 5000 resurrexit
2831 4944 3119 5013 Dominus,
3146 4955 3199 5001 et
3227 4962 3450 5017 supera-

1885 5033 2090 5090 bundat
2119 5048 2267 5088 nunc
2294 5034 2492 5103 gaudio
2523 5052 2538 5100 ;
2576 5034 2699 5090 lilia:
2729 5035 2849 5105 ejus
2883 5044 3068 5106 aperte
3110 5037 3299 5092 latam
3327 5044 3464 5092 sunt

1888 5124 2384 5195 nuntiaveruntque
2422 5125 2734 5197 discipulis,
2766 5128 3018 5184 dicentes
3056 5144 3072 5185 :
3100 5126 3280 5184 Nolite
3312 5142 3457 5185 con-

1885 5213 2119 5277 tristari,
2152 5213 2418 5269 Dominus
2448 5215 2568 5271 vitae
2597 5218 2930 5273 resurrexit.
3460 5211 3465 5221 ’

1955 5300 2302 5359 Festinantes
2353 5316 2621 5360 venerunt
2670 5322 2832 5363 mane
2867 5307 3121 5364 mulieres
3157 5309 3223 5364 ad
3254 5304 3467 5367 monts-4'

1885 5401 2129 5447 mentum
2150 5401 2206 5448 et
2235 5392 2571 5449 inclinantes
2601 5410 2661 5450 se
2702 5405 2758 5448 ut
2798 5395 3049 5451 viderent
3079 5398 3246 5463 intus,
3267 5388 3465 5471 Auge-4

1885 5484 1996 5538 lum
2028 5494 2436 5554 conspexerunt
2480 5486 2619 5541 albis
2657 5487 2911 5542 vestitum
2941 5504 3103 5559 quem
3135 5489 3455 5559 stupefacta

1887 5574 2175 5629 erudierunt
2203 5575 2477 5632 dicentem
2514 5576 2729 5633 :Nolite
2793 5578 3004 5644 limere,
3047 5596 3173 5634 vere
3215 5581 3459 5639 surrexis

1890 5663 2177 5720 Dominus.

2197 5755 2571 5825 gloriﬁcamus
2610 5764 2662 5812 te
2694 5713 2933 5828 bytunis,
2970 5756 3149 5830 Virgo
3180 5757 3290 5815 Ι)ςο
3321 5757 3469 5820 cllas
