3964 6322
488 370 629 435 3243

1305 362 1818 435 s.gsom1no.\*11
1861 360 2367 419 PATntAnems
2403 357 2807 417 111131110501“
2905 338 2911 344 ’

3612 355 3757 420 3⁸3ζᾶ

484 476 1146 549 rissima,5plendidaqnc
1183 474 1356 527 nubes
1404 473 1537 527 soiis
1597 478 1805 524 mentes
1860 466 2065 520 illumi-

2180 464 2577 534 Βεοχαρίτωτε,
2651 463 2944 533 ὑμνοῦντες
2999 462 3333 531 δοξάζομενο
3390 462 3491 522 τὰς
3523 461 3759 532 καρδίας

482 574 689 634 nantis,
718 570 967 623 illumina
1000 566 1169 622 corda
1206 572 1417 627 nostra,
1442 576 1643 630 sponsa
1673 559 1788 625 Dei,
1822 557 2051 628 ignavia:

481 675 688 718 nostra!
714 660 1117 728 iibidinumque
1151 656 1407 711 tenebras
1438 655 1734 721 dissipans.

1010 748 1216 803 zElerui
1256 747 1462 799 Patris.

548 844 744 899 Statim
783 851 845 899 ut
874 842 1110 898 Sulvidit
1137 849 1190 895 te
1245 839 1424 893 Solem
1470 836 1697 905 justitim
1749 847 2053 903 expansum

480 937 537 990 in
566 952 761 1003 cruce,
795 935 1037 990 contexit
1068 933 1268 997 lucem,
1303 941 1470 999 pctrze
1503 929 1688 983 scissa:
1708 936 1834 982 sunt
1866 934 2054 993 stupe-

481 1028 663 1090 factae,
720 1026 969 1081 infernus
1032 1025 1242 1094 absque
1305 1036 1459 1076 mora
1501 1036 1639 1090 quos
1697 1018 2057 1073 absorhuerat

480 1117 741 1181 reddidit,
776 1127 922 1169 tuam
953 1114 1293 1168 celebrantes
1334 1109 1739 1173 fortitudinem,
1771 1122 1864 1177 per
1891 1120 2054 1177 quam

476 1207 669 1260 vivunt
696 1220 906 1270 omnes,
935 1205 1308 1272 omnipotens.

549 1294 842 1351 Evacuatis
900 1293 1300 1363 omnipotentia
1357 1303 1458 1345 sua
1490 1285 1813 1343 insatiabilis
1854 1282 2054 1339 inferni

482 1386 818 1457 gurgitibus,
849 1362 1156 1439 resurrexit
1180 1382 1234 1436 in
1277 1381 1450 1451 gloria
1482 1380 1575 1448 qui
1630 1386 1715 1433 est
1744 1362 1909 1446 super
1937 1389 2055 1427 01n-

478 1494 574 1532 nes
602 1477 756 1544 deos,
795 1485 850 1532 ct
880 1476 1035 1531 visus
1082 1483 1167 1528 est
1196 1472 1481 1544 discipulis
1509 1487 1524 1536 ;
1560 1471 1703 1524 hunc
1736 1484 1860 1523 cum
1898 1464 2058 1520 Patre

479 1568 776 1637 divinaque
811 1565 1016 1635 Spiritu
1042 1564 1353 1618 adoremus.

545 1646 798 1712 Surrexit
851 1655 1112 1710 Dominus
1174 1666 1552 1722 apparensque
1596 1650 1650 1703 in
1683 1648 1893 1703 tumulo
1925 1662 2056 1701 san-

477 1753 600 1800 ctus
627 1746 869 1815 Angelus
902 1754 1147 1799 aromata
1179 1742 1477 1815 ferentibus
1509 1739 1680 1793 dixit:
1711 1739 1871 1791 Abite
1889 1746 1941 1791 ct
1970 1736 2055 1791 di-

2159 555 2316 623 ἡμῶν
2359 553 2591 622 ᾳώτισον
2612 595 2625 618 ,
2655 554 2743 606 τὸν
2776 554 3082 623 σκοτασμδν
3113 552 3389 606 διώκουσα
3424 553 3611 605 πάντα
3660 553 3755 620 τῆς

2162 642 2428 715 ῥᾳθυμίας
2457 644 2546 695 καὶ
2569 643 2677 695 τῶν
2706 642 2913 706 παθῶν,
2936 642 3340 714 Θεονύμφευτε.

2591 732 2880 803 Ἀνὰρχου
2919 736 2968 786 Γ
2968 733 3313 802 εννήτορος.

2214 825 2297 887 Ὦς
2314 820 2416 877 εἶδέ
2436 841 2492 878 σε
2513 825 2631 894 ῆλιο
2646 823 3038 892 ῖ,δικαιοσύνης
3057 820 3238 888 “llius,
3257 825 3314 876 ἐν
3334 822 3567 892 σταυρῷ
3579 821 3757 893 {iniu

2165 915 2345 984 μένον,
2370 906 2431 967 τὸ
2460 914 2573 983 φῶς
2610 912 2913 966 συνέστειλε
2935 954 2949 978 ,
2982 917 3175 984 πέτραι
3198 914 3254 966 δὲ
3287 915 3644 985 ἐρρήγνυντο
3672 914 3756 979 φό-

2162 1006 2261 1076 ϐῳ,
2292 1006 2425 1076 ᾇδης
2461 1007 2686 1075 νεκροὺς
2706 1006 2872 1077 τάχος
2903 1006 3154 1059 ἀπεδίδου
3188 1006 3501 1076 ὑμνοῦντας
3532 1004 3596 1058 τὸ
3618 1004 3755 1075 κράά

2160 1113 2250 1160 τος
2284 1114 2398 1161 σου,
2425 1097 2672 1151 Ζωοδότα
2699 1096 3098 1168 παντοδύναμε.

2233 1274 2337 1330 Τοῦ
2368 1274 2493 1349 ᾅδου
2523 1270 2619 1347 τὴν
2647 1270 2918 1348 ἄπληστον
2949 1275 3192 1347 γαστέρα
3232 1277 3260 1329 ό
3294 1276 3603 1347 ’Υπέρϐεος
3645 1294 3752 1330 πα-

2164 1369 2399 1439 ραδόξως
2427 1367 2670 1433 κενώσας
2697 1368 2773 1432 ὡς
2802 1366 3228 1437 παντοδύναμος,
3258 1367 3356 1437 ἤδη
3388 1367 3665 1437 ἐξανέστη
3696 1370 3755 1420 ὲν

2161 1460 2306 1530 δόξῃ,
2341 1461 2435 1533 καὶ
2461 1460 2729 1530 μαθηταῖς
2756 1460 2920 1522 Θείοις
2958 1458 3252 1529 καθωράθη
3270 1474 3281 1486 ·
3308 1458 3471 1511 αὑτὸν
3506 1475 3756 1528 προσκυι

2162 1553 2415 1622 νήσωμεν
2447 1553 2544 1606 σὺν
2578 1552 2753 1621 Πατρὶ
2782 1551 2876 1604 καὶ
2905 1550 3033 1621 θείῳ
3060 1550 3357 1619 Πνεύματιμ

2234 1643 2473 1715 Ἠγέρθη
2502 1645 2531 1696 ὁ
2562 1640 2786 1713 Κύριος,
2810 1643 2929 1705 ταῖς
2967 1642 3293 1713 μυροφόροις
3323 1640 3533 1710 ἔφησεν
3573 1643 3602 1693 ὁ
3650 1654 3755 1708 φα-

2164 1738 2273 1799 νεὶς
2310 1739 2365 1789 ὲν
2392 1735 2467 1805 τῷ
2494 1734 2648 1804 τάφῳ
2681 1735 2834 1801 ἅγιος
2868 1734 3118 1802 ἄγγελοςο
3160 1733 3375 1795 Ἀπιτε,
3427 1732 3530 1784 καὶ
3566 1734 3753 1786 alter:

480 1838 711 1906 scipulis
751 1836 1005 1891 tristibus
1030 1834 1394 1899 tlentibusque
1437 1831 1664 1886 nuncin
1713 1830 1934 1884 Galilaa
1965 1827 2050 1882 di-

2180 1828 2314 1881 :oiito
2359 1828 2471 1889 τοῖς
2520 1825 2790 1896 μαθηταῖς
2836 1826 2895 1878 ἐν
2924 1820 2990 1895 τῇ
3035 1822 3292 1895 Γαλιλαίᾳ
3338 1822 3607 1877 πενθοῦσι
3655 1825 3752 1877 καὶ

478 1929 585 1981 cite
606 1927 735 1997 quia
764 1926 836 1980 ibi
876 1933 1004 1980 sunt
1044 1925 1199 1978 illiilli
1233 1922 1609 1992 conspecturi.

545 2018 590 2072 0
640 2016 1019 2081 Immaculata,
1052 2015 1223 2070 libera
1262 2027 1365 2068 nos
1390 2027 1420 2065 a
1455 2014 1842 2078 tentationum,
1879 1997 2053 2065 tribu-

483 2108 748 2163 lationum
776 2107 1176 2175 Iibidinumque
1206 2103 1463 2175 procellis
1491 2121 1507 2166 ;
1548 2103 1716 2156 libera
1747 2115 1777 2153 a
1804 2100 2050 2156 tenebris

479 2216 510 2253 a
574 2199 971 2268 multiplicibus
1034 2196 1237 2251 diaboli
1299 2194 1618 2261 tendiculis,
1667 2205 1722 2249 et
1771 2191 2051 2246 Christum

477 2291 648 2345 Deum
680 2299 928 2346 nostrum
965 2289 1338 2344 indesinenter
1396 2288 1693 2357 deprecare
1753 2300 1852 2355 pro
1896 2284 2055 2339 nobis

476 2384 570 2453 qui
607 2391 660 2437 te
683 2397 901 2452 semper
929 2392 980 2436 ut
1015 2382 1230 2436 beatam
1275 2379 1639 2434 celebramus.

590 2538 595 2543 ἢ
629 2469 877 2533 Cleri/ica
909 2480 976 2533 te,
1006 2466 1247 2531 Domine,
1280 2467 1407 2536 quia
1447 2464 1761 2519 exaudivisti
1793 2478 1894 2518 me.

545 2556 685 2611 Cum
709 2557 763 2609 in
802 2570 1021 2610 crurem
1045 2552 1368 2614 ascendisti,
1390 2552 1639 2614 Domine,
1661 2565 1766 2603 non
1790 2548 2055 2602 amiseras

479 2654 824 2717 potestatem,
859 2652 914 2699 et
948 2641 1295 2698 descendens
1353 2657 1476 2696 cum
1518 2641 1698 2693 anima
1736 2641 1793 2694 in
1848 2639 2054 2693 inferos

478 2736 730 2790 exemisti
762 2735 977 2787 animas
1007 2749 1036 2785 a
1065 2732 1305 2788 vinculis
1336 2733 1558 2787 aeternis
1586 2746 1723 2803 quas
1746 2741 1924 2787 tecum
1955 2733 2057 2787 mi-

455 2827 718 2881 vsericors
743 2823 1121 2881 essuscitasti.

541 2916 734 2971 Vectes
750 2928 803 2971 ct
829 2924 1015 2986 portas
1037 2916 1234 2971 inferni
1258 2916 1582 2970 mirabiliter
1604 2914 1651 2969 vi
1675 2914 1895 2985 propria
1919 2931 2056 2970 con-

478 3007 721 3078 fregisti,
755 3006 1007 3074 Domine,
1045 3008 1099 3061 iu
1132 3006 1411 3062 desertum
1451 3007 1772 3061 convertisti
1826 3005 2053 3069 inferos.

479 3101 664 3168 itaque
689 3098 1123 3153 misericordiam
1153 3106 1306 3154 tuam
1326 3097 1904 3166 resurrectionemque
1929 3099 2049 3168 glo-

478 3193 682 3245 riosam
714 3189 1215 3260 conglorificamus.

541 3279 797 3334 Mulieres
856 3288 1126 3334 venerunt
1178 3279 1244 3334 ad
1295 3279 1606 3349 ungendum
1639 3293 1842 3349 corpus
1898 3288 2052 3336 tuum

477 3372 775 3443 gloriosum
806 3372 861 3425 in
903 3378 1276 3436 monumento,
1309 3371 1401 3425 ubi
1453 3371 1676 3424 invento
1707 3373 1902 3442 angelo
1953 3388 2055 3427 se-

477 3463 643 3516 dente
692 3462 888 3515 timore
920 3464 1328 3529 ohstupuerunt
1356 3479 1371 3529 ;
1406 3476 1515 3515 una
1537 3477 1661 3515 cum
1705 3463 1772 3517 iis
1806 3464 2055 3518 celebra-

478 3568 601 3605 mus
631 3560 683 3606 te
716 3569 744 3605 a
775 3553 1027 3621 sepulcro
1050 3554 1403 3607 suscitatum.
1658 3563 1664 3569 '

556 3645 816 3699 Sanctum
851 3646 945 3715 qui
988 3654 1216 3701 sanctos
1258 3654 1482 3716 superat
1540 3646 1681 3700 ultra
1715 3647 1861 3717 quod
1893 3662 2056 3701 exco-

481 3738 644 3808 gitari
694 3745 870 3806 potest
918 3740 1205 3807 peperisti,
1249 3738 1503 3807 Deipara,
1544 3737 1750 3807 quique
1786 3737 2058 3793 mediante

486 3838 558 3890 te,
594 3836 944 3896 peccatorum
971 3828 1112 3882 dans
1160 3827 1539 3882 remissionem
1574 3826 1828 3880 liberavit
1853 3828 2055 3880 sancti-

480 3918 661 3973 ﬁcavit
694 3919 880 3974 ﬁdeles
912 3927 1062 3973 tuam
1099 3919 1446 3973 celebrantes
1481 3919 1959 3974 resurrectionem.

1042 4029 1227 4102 Reguli
1253 4030 1491 4086 decreto.

553 4149 935 4206 Exsultatione
962 4159 1052 4203 tua
1078 4163 1244 4217 super
1272 4162 1491 4202 crucem
1526 4156 1777 4203 naturam
1805 4150 2057 4205 exaltasti

438 4254 441 4257 '
479 4243 796 4307 humanam,
824 4241 1066 4302 Christe,
1089 4247 1144 4293 et
1169 4241 1222 4292 in
1248 4239 1599 4295 tenebrosum
1651 4255 1840 4295 orcum
1870 4242 2059 4297 detru-

480 4334 608 4387 disti
641 4331 808 4384 Satan
836 4330 1117 4397 delapsum
1154 4328 1225 4383 ab
1258 4329 1545 4401 altitudine
1573 4318 1736 4397 caeli,
1762 4338 1816 4386 et
1864 4347 2059 4387 exsur-

480 4438 614 4492 gens
652 4437 682 4476 e
710 4421 922 4475 tumulo
957 4428 1187 4475 mortem
1225 4421 1499 4491 spoliasti.

2153 1918 2422 1982 κλαίουσι,
2459 1917 2553 1970 τοῦ
2592 1917 2758 1969 αὐτὸν
2790 1917 2907 1969 ἐκεῖ
2935 1914 3253 1969 θεάσασθαι.

2235 2006 2898 2077 Ῥυσθῆναι,Πανάμωμε,
2926 2006 2991 2058 ἐκ
3015 2003 3352 2075 πειρασμῶν,
3369 2004 3461 2059 καὶ
3481 2004 3748 2075 θλίψεων,

2153 2097 2247 2150 καὶ
2280 2096 2469 2149 παθῶν
2512 2097 2861 2163 καταιγίδος,
2908 2097 3003 2149 καὶ
3048 2097 3459 2166 ἀμαυρώσεως,
3495 2096 3596 2148 καὶ
3634 2096 3752 2147 τῶν

2154 2187 2507 2241 πολυπλόκων
2558 2186 2804 2254 παγίδων
2850 2185 2942 2240 τοῦ
2982 2184 3251 2257 Ποκδηροῦ,
3287 2184 3531 2238 δυσώπει
3561 2186 3754 2239 ἀπαιῐ·

2155 2293 2294 2338 στως
2321 2275 2559 2347 Χριστὸν
2581 2275 2671 2330 τὸν
2697 2276 2828 2329 Θεὸν
2854 2278 2886 2346 ἡ
2897 2276 3033 2347 μῶν,
3060 2275 3167 2329 τῶν
3193 2276 3278 2329 άεί
3308 2291 3365 2328 σε
3399 2276 3753 2346 μακαριζόν-

2152 2383 2284 2421 των.

2481 2452 2677 2527 ’Υμνῶ
2714 2472 2814 2512 σε·
2851 2456 3045 2526 ἀκοὴν
3072 2457 3413 2527 γὰρ,Κύρηῑ.

2225 2546 2481 2620 Ἀνῆλθες
2509 2549 2567 2604 ὲν
2597 2546 2835 2619 σταυρῷ,
2866 2552 3059 2620 Κύριε,
3087 2546 3404 2603 δυναστείαν
3433 2549 3747 2621 διεζωσμέ-

2154 2656 2263 2704 νος,
2293 2639 2387 2692 καὶ
2417 2638 2690 2692 κατελθὼν
2718 2637 3059 2708 εὖσπλαγχνε
3088 2640 3226 2709 μετὰ
3244 2637 3425 2707 ψυχῆς
3452 2639 3621 2708 μέχρι
3648 2638 3748 2692 rei

2155 2730 2306 2801 ᾅδου,
2335 2731 2513 2802 ψυχάς
2565 2732 2800 2785 αἰωνίων
2849 2730 3064 2802 δεσμῶν
3110 2729 3329 2796 ἔλυσας,
3357 2732 3454 2783 καὶ
3501 2730 3746 2801 σεαυτῷ,

2153 2824 2458 2894 οἱκτίρμον.
2491 2826 2910 2895 συνανέστησας.

2225 2915 2531 2985 Συντρίψας
2577 2916 2701 2981 τοὺς
2755 2915 3015 2986 μοχληὺς,
3047 2913 3256 2986 Κύριε,
3288 2915 3382 2967 καὶ
3428 2913 3530 2976 τὰς
3567 2913 3749 2978 πύλας

2156 3007 2399 3079 φρικτῶς
2434 3007 2527 3060 τοῦ
2562 3002 2692 3079 ᾇδου
2730 3006 2875 3078 ἰσχύϊ
2905 3024 3020 3068 σου,
3044 3006 3611 3071 Δέσποτα,ὲκένωσας
3651 3000 3751 3060 αὖ·

2157 3097 2252 3152 τοῦ
2290 3098 2380 3151 τὸν
2410 3097 2668 3151 πλοῦτον·
2710 3096 2789 3150 διὸ
2818 3096 2914 3166 τὴν
2954 3095 3157 3167 πολλήν
3191 3113 3283 3149 σου
3312 3096 3742 3165 συγκατάϐασιν

2079 3162 2123 3220 c
2157 3188 2251 3244 καὶ
2279 3190 2378 3261 τὴν
2408 3188 2608 3260 σεπτὴν
2640 3162 2933 3242 ἀνάστασιν
2970 3162 3285 3256 δοξάζομεν.

2226 3285 2470 3356 Μυρίσαι
2516 3283 2577 3336 τὸ
2626 3269 2821 3336 σεπτὸν
2864 3281 3026 3351 σῶμά
3058 3298 3153 3334 σου
3187 3282 3243 3333 ὲν
3273 3272 3349 3350 τῷ
3376 3280 3537 3350 τάφῳ
3577 3275 3752 3350 ἦλθον

2157 3378 2445 3445 γυναῖκες·
2499 3374 2757 3445 εὑροῦσαι
2801 3374 2858 3427 δὲ
2906 3370 3139 3441 ἄγγελον
3174 3371 3484 3440 καθήμενον
3515 3372 3613 3423 ἐπὶ
3652 3371 3751 3424 τοῦ

2156 3469 2349 3537 τάφου,
2400 3466 2626 3538 Χριστὲ,
2675 3460 2947 3518 δειλιῶσαι
2999 3461 3453 3534 κατεπλάγησαν*
3507 3462 3634 3532 μεθ’
3672 3456 3753 3516 ὧν

2157 3557 2562 3629 ὑμνολογοῦμὲν
2590 3575 2682 3610 σου
2710 3556 2807 3628 τὴν
2836 3554 3075 3626 ἔγερσιν.

2239 3649 2439 3717 ’Δγίων
2475 3649 2617 3719 ὑπὲρ
2647 3647 2772 3702 νοῦν
2802 3648 2893 3700 τὸν
2908 3649 3095 3714 Ἂγιον
3121 3645 3459 3717 άπεκὺησας,
3483 3645 3752 3711 Θεοτόκε,

2160 3742 2430 3812 ἀγιασμδν
2455 3740 2723 3812 λύτρωσιν
2753 3740 2847 3793 καὶ
2868 3740 3061 3807 ἄφεσιν
3080 3738 3501 3810 ἁμαρτημάτων
3528 3740 3754 3801 πιστοῖς

2161 3834 2410 3903 μεσιτείᾳ
2458 3848 2552 3885 σου
2602 3830 2911 3901 παρέχοντα
2941 3831 3055 3894 τοῖς
3099 3830 3197 3901 τὴν
3223 3827 3387 3882 αὐτοῦ
3420 3827 3752 3895 δοξάζουσιν

2162 3925 2480 3979 ἀνάστασιν.

2516 4037 2601 4104 Τῷ
2632 4035 2877 4106 δόγματι
2912 4035 2993 4102 τῷ
3027 4028 3380 4104 τυραννικῷ.

2228 4150 2548 4219 Ἀνύψωσας
2576 4150 2733 4219 φύσιν
2758 4150 2866 4202 τῶν
2894 4147 3121 4221 βροτῶν,
3149 4147 3374 4218 Χριστὲ,
3400 4148 3466 4217 τῇ
3500 4147 3561 4198 ἐν
3581 4163 3753 4202 σταυ-

2161 4243 2240 4315 ρῷ
2273 4259 2366 4295 σου
2400 4241 2694 4310 ἀνυψώσει,
2724 4242 2819 4295 καὶ
2847 4243 2938 4295 τὸν
2965 4241 3022 4306 ἐξ
3055 4240 3226 4309 ὕψους
3253 4238 3490 4291 πεσόντα
3512 4238 3751 4311 Ἐχθρὸν

2159 4339 2238 4398 εἰς
2259 4336 2389 4405 χάος
2415 4336 2745 4406 ἀπέρριψας,
2775 4334 2868 4387 καὶ
2893 4335 3083 4401 ταφεὶς
3113 4328 3411 4400 ὲξηγέρθης
3436 4328 3749 4393 σκυλεύσας

2159 4429 2250 4481 τδν
2280 4428 2529 4482 θάνατον.

555 4513 1325 4576 Contrivistivectes_inferni
1366 4521 1421 4569 et
1478 4516 1535 4571 in
1591 4516 1911 4573 fortitudine
1963 4529 2054 4575 tua

2230 4520 2562 4590 Συνέτριψας
2594 4521 2720 4592 ᾅδου
2756 4521 2880 4583 τοὺς
2914 4521 3165 4589 μοχλοὺς,
3201 4517 3296 4571 καὶ
3333 4517 3459 4581 τοὺς
3496 4519 3744 4587 πεπεδη-

478 4610 692 4663 νίιιοιοε
718 4608 955 4663 suscitas
1008 4608 1171 4662 simul
1229 4608 1799 4679 glorificantes,tuam
1856 4623 2052 4683 poten-

479 4700 610 4755 tiam
636 4711 687 4754 et
708 4711 853 4755 tuam
882 4708 1281 4755 amonumento
1311 4704 1772 4758 resurrectionem
1799 4715 1919 4775 post
1943 4715 2054 4763 tres

477 4792 618 4847 dies.

552 4882 739 4936 Sancti
780 4897 903 4937 cum
937 4881 1193 4937 viderunt
1244 4891 1298 4937 te
1365 4882 1518 4949 olim,
1549 4881 1789 4947 Christe,
1820 4888 2053 4954 apostoli

476 4986 788 5044 surgentem
812 4989 842 5028 e
867 4975 1118 5045 sepulcro
1146 4990 1268 5028 cum
1287 4973 1481 5045 gloria,
1499 4975 1691 5045 repleti
1708 4986 1835 5030 sunt
1853 4979 2054 5047 gaudio

421 5132 435 5139 _
480 5068 960 5138 clamaveruntque
992 5087 1003 5123 :
1035 5068 1352 5124 Benedicite
1390 5067 1646 5123 Domino.

546 5159 749 5215 Luctus
803 5167 950 5224 tuus,
985 5160 1335 5213 immaculata
1383 5157 1571 5229 Virgo,
1632 5176 1825 5216 versus
1860 5169 1944 5215 cst
1998 5162 2052 5217 in

418 5316 433 5329 ρ
456 5252 758 5323 gaudium,
791 5268 913 5308 cum
942 5253 1127 5308 vidisti
1153 5252 1429 5309 Christum
1459 5252 1652 5309 Filium
1681 5265 1832 5309 tuum
1861 5271 1923 5311 ac
1948 5255 2052 5312 Do-

413 5405 431 5417 .
475 5342 684 5395 miuum
713 5345 867 5396 tertia
911 5344 997 5400 die
1029 5355 1400 5415 resurgentem
1458 5345 1510 5399 in
1547 5346 1719 5417 gloria
1757 5349 2053 5401 mundum-

414 5494 420 5499 .
472 5449 579 5506 que
614 5434 1041 5491 illuminantcm.

1009 5549 1113 5616 Qui
1143 5561 1265 5605 ante
1283 5550 1483 5607 Solent.

533 5659 845 5716 Misericors
879 5661 1044 5728 Deus,
1082 5663 1232 5719 visus
1258 5681 1318 5719 es
1356 5664 1549 5719 affixus
1577 5664 1730 5718 cruci
1786 5662 1927 5719 duos
1963 5665 2048 5719 in-

474 5755 557 5802 ter
590 5748 860 5820 latrones;
896 5755 1105 5820 positus
1136 5767 1265 5807 vero
1300 5754 1351 5807 in
1386 5756 1505 5810 lacu
1538 5753 1784 5809 inferiori
1813 5770 2048 5810 consur-

2159 4611 2352 4681 μένους
2403 4614 2461 4664 ὲν
2511 4612 2753 4684 ἀνδρείᾳ,
2786 4609 3010 4683 Χριστὲ,
3039 4608 3322 4678 δεσμώτας
3350 4608 3608 4677 ὲγείρεις,
3648 4612 3747 4677 τὴν

2156 4705 2254 4775 σὴν
2284 4705 2604 4771 δοξάζοντας
2627 4706 2889 4775 δύναμιν,
2927 4702 3021 4756 καὶ
3063 4700 3161 4774 τὴν
3211 4703 3277 4756 ἐκ
3319 4700 3418 4754 τοῦ
3468 4704 3744 4772 μνημείου

2154 4795 2452 4866 τριήμερον
2476 4796 2713 4867 ἔγερσιν.

2233 4886 2323 4948 Ὠς
2367 4886 2561 4957 ἔϐλεψε
2614 4887 2780 4940 πάλαι
2830 4905 2890 4941 σε
2938 4886 3095 4958 χορὸς
3124 4886 3295 4952 ἁγίων
3321 4882 3649 4936 ἀποστόλων
3682 4884 3743 4933 ἐκ

2154 4977 2247 5031 τοῦ
2297 4978 2466 5047 τάφου
2516 4980 2887 5056 ἐγηγερμένον
2937 4981 2994 5033 ὲν
3023 4980 3171 5051 δόξῃ,
3204 4977 3431 5046 Χριστὲ,
3467 4975 3744 5046 Θυμῃδίας

2154 5068 2389 5138 ἔμπλεως
2423 5068 2680 5139 γεγονὼς,
2710 5070 3022 5137 Εὑλογεῖτε,
3052 5068 3205 5133 ἐϐόα,
3232 5067 3325 5119 τὸν
3352 5067 3581 5130 Κύριον.

2224 5160 2297 5213 Τὸ
2328 5160 2520 5225 πένθος
2556 5179 2658 5225 σοι,
2687 5165 2957 5231 ’Λχραντε
2990 5159 3147 5231 ἁγνὴ,
3179 5160 3390 5229 ἐτράπη
3424 5160 3505 5220 εἰς
3540 5158 3739 5227 χαρὰν,

2154 5254 2315 5323 ήνξκα
2350 5250 2488 5319 εἶδες
2534 5256 2623 5307 τὸν
2673 5255 2763 5306 σὸν
2792 5255 2918 5307 Υίδν
2966 5253 3058 5306 καὶ
3099 5253 3375 5319 Δεσπότην
3411 5250 3652 5320 Χριστὸν
3679 5251 3740 5300 ἐκ

2153 5344 2361 5415 νεκρῶν
2412 5348 2707 5417 τριήμερον
2753 5346 3061 5398 ἀναστάντα
3108 5345 3165 5397 ἐν
3208 5342 3359 5412 δόξῃ,
3392 5341 3489 5395 καὶ
3534 5343 3739 5409 κόσμον

2154 5438 2487 5504 φωτίσαντα.

2650 5551 2716 5605 Ἢ
2747 5550 2855 5604 τὸν
2891 5549 3006 5617 πρὸ
3044 5549 3245 5616 ἡλίου.

2226 5663 2431 5732 Ὠφθης
2456 5663 2617 5733 μέσον
2639 5663 2731 5717 δύο
2751 5662 2963 5734 λῃστῶν
2985 5664 3430 5731 ἐσταυρωμένος,
3456 5658 3727 5714 stolam?

2152 5754 2470 5818 κατατεοεὶς
2502 5755 2558 5807 ἐν
2590 5755 2777 5826 λάκκῳ
2801 5755 3098 5824 κατωτάτω
3118 5752 3174 5805 δὲ
3198 5755 3326 5816 τοὺς
3349 5756 3408 5807 ἐν
3440 5752 3623 5807 σκότει
3644 5751 3730 5804 καὶ
