3964 6322
166 287 298 353 3949
1578 281 1730 343 ΤΗΙ(

1855 277 1993 339 UM.
3285 289 3426 353 3950

239 399 322 462 ὀς
359 396 558 470 δρθρος
605 392 700 449 τὸν
754 393 908 465 ἥλιον
957 393 1334 466 προφέρουσα,
1364 392 1631 465 Παρθένε,
1687 393 1730 448 ἐι

1918 386 2073 442 Sicut
2116 396 2243 443 ante
2285 386 2586 444 diluculum
2630 389 2916 462 proferens
2965 394 3160 461 solem,
3193 395 3246 450 in
3280 398 3425 457 ulnis

43 484 56 533 ἶ
164 493 421 564 ἀγκάλαις
443 489 788 556 ἐξανέτειλας
820 490 955 559 ἡμῖν
976 489 1090 550 τοῖς
1126 487 1185 539 ὲν
1210 485 1286 556 τῷ
1319 485 1519 540 σκότει.
1690 549 1700 560 _

1852 485 2027 538 lumen
2080 482 2217 537 oriri
2273 481 2451 539 fecisti
2497 499 2665 555 super
2716 500 2817 542 nos
2875 486 3129 544 sedentes
3169 490 3226 545 in
3273 497 3425 547 tene.

498 669 614 724 Τὸν
649 668 752 723 ὑπ’
787 667 1061 737 ἀγγέλων
1081 666 1402 736 domita-rc.

229 784 407 854 Δῆμος
432 784 750 856 παράνομος
786 781 1056 853 Ἐϐραίων
1113 781 1206 834 ἐπὶ
1251 779 1410 846 ξύλου
1447 795 1505 832 σε
1536 779 1733 833 ἐσταύ-

38 870 46 901 :
161 893 319 948 ρωσε,
349 879 447 946 τὴν
467 875 562 928 διὰ
590 875 750 941 ξύλου
772 876 886 936 τοῖς
926 872 1137 943 βροτοῖς
1171 871 1468 942 γενομένην
1503 869 1733 940 βλάϐην,

39 966 46 972 ’
159 970 422 1028 Δέσποτα,
453 963 682 1034 ἰώμενον
711 961 909 1024 ὲνθέως
930 974 946 992 ο
966 959 1089 1013 ὅθεν
1119 961 1326 1029 φωναῖς
1355 955 1732 1028 χαριστηρίοις

39 1060 51 1091 ⁷
155 1059 238 1112 ἀεί
258 1075 315 1111 σε
346 1055 516 1126 ὑμνοῦ
525 1071 644 1123 μεν.

233 1149 383 1208 Ἴσος
409 1144 605 1215 Πατρὶ,
625 1143 670 1195 Χ
679 1139 851 1212 ριστὲ,
872 1138 966 1192 καὶ
992 1136 1269 1208 Πνεύματι
1287 1135 1548 1206 πεφυκὼς
1567 1155 1732 1192 σταυο

157 1239 247 1308 ρὸν
271 1237 591 1307 ὑπέμεινας,
667 1234 762 1287 καὶ
803 1229 1078 1300 λογισθεὶς
1133 1233 1192 1282 ὲν
1247 1231 1366 1291 τοῖς
1399 1231 1613 1299 νεκροῖς
1662 1231 1733 1284 τὰ

154 1331 397 1401 βασίλεια
421 1330 695 1389 ὲκένωσας
719 1324 812 1378 τοῦ
846 1323 975 1395 ᾅδου
1003 1322 1344 1394 παραδόξως,
1365 1321 1458 1374 καὶ
1492 1320 1734 1385 ἀναστὰς

155 1421 477 1491 συνήγειρας
498 1415 677 1486 ἐαυτῷ
707 1417 888 1468 πᾶσαν
919 1412 1119 1467 κτίσιν.

226 1511 356 1583 ’ᾼδη
383 1509 674 1580 παμφάγε,
714 1505 817 1559 ποῦ
846 1505 904 1558 τὸ
933 1506 1160 1574 κέντρου
1189 1520 1284 1557 σου
1312 1521 1342 1570 ;“
1358 1503 1462 1558 ποῦ
1485 1519 1600 1568 σου,
1637 1503 1736 1558 θά-

153 1620 306 1668 νατε,
332 1602 395 1654 τὸ
423 1603 608 1665 νῖκος;
653 1598 729 1668 τῷ
754 1595 1049 1650 ἀναστάντι
1087 1597 1153 1648 ὲκ
1188 1595 1400 1664 νεκρῶν
1427 1593 1735 1648 τεθανατω-

38 1739 40 1742 ,
149 1691 625 1760 σαι,νενέκρωσαι
659 1686 738 1758 τῷ
791 1686 938 1756 μόνῳ
994 1684 1262 1755 ζωοδότῃο
1305 1683 1366 1736 ὃν
1423 1685 1520 1738 σὺν
1556 1683 1733 1756 Πατρὶ

147 1786 240 1839 καὶ
271 1783 552 1853 Πνεύματι
572 1782 620 1836 οἱ
640 1779 824 1833 πιστοὶ
849 1776 1285 1847 προσκυνοῦμεν.

220 1876 335 1930 Ἷνα
360 1873 541 1947 θεώσῃ
571 1873 635 1926 τὸ
667 1870 1027 1942 ἀνθρώπινον,
1069 1871 1098 1923 ὀ
1122 1867 1262 1932 Θεὸς
1313 1866 1602 1939 ἄνθρωπος
1629 1867 1728 1937 γε-

146 1985 324 2037 γονεν,
345 1969 410 2022 ὲκ
429 1965 546 2031 σοῦ,
579 1965 888 2033 πανάμωμε
902 1961 1040 2032 ἁγνή
1059 1976 1074 1991 ·
1105 1959 1164 2014 ὃν
1181 1961 1251 2014 ἐκ
1272 1960 1448 2030 τάφου
1467 1959 1734 2032 ὡραιότα-

143 2076 236 2111 τον
269 2057 512 2121 κατεῖδες
541 2055 871 2128 προελθόντα
918 2054 997 2118 ὠς
1043 2053 1272 2125 νικητὴν
1326 2053 1421 2107 τοῦ
1453 2051 1604 2125 ᾅδου,
1634 2051 1729 2106 καὶ

145 2150 428 2221 χαρμονῆς
465 2147 810 2219 ὲπληρὼθης.

441 2261 540 2312 'Er
561 2259 776 2328 Σιναίῳ
803 2258 883 2323 τῷ
917 2255 1037 2326 ὄρει
1076 2253 1313 2310 κατεῒδέ
1343 2271 1441 2311 σε.

225 2375 314 2438 Ὦς
348 2375 518 2445 ἀμνὸς
541 2373 676 2445 πρὸς
694 2371 906 2444 σφαγὴν
935 2371 1415 2446 ῆχθης,Δὲσποτα,
1443 2369 1726 2446 ἑκουσίως,

156 2467 359 2537 Ἰησοῦ,
389 2467 490 2520 οὐκ
532 2466 760 2538 ⁸ἐρίζων,
789 2463 850 2517 οὐ
884 2464 1129 2535 κράζων,
1157 2461 1232 2528 ὡς
1271 2465 1618 2534 γέγραπται*
1653 2461 1730 2532 τῷ

140 2555 364 2626 θανάτῳ
387 2571 481 2607 σου
509 2557 542 2624 ἡ
551 2556 681 2624 μᾶς,
698 2554 861 2622 Λόγε,
879 2552 1217 2618 ἀθανατὶζων
1233 2553 1358 2617 τοὺς
1371 2551 1731 2624 ύμνολογοῦν-

140 2650 246 2710 τάς
283 2663 376 2700 σου
415 2646 584 2709 πάθος
609 2646 898 2718 ἄχραντον,
935 2645 1031 2699 καὶ
1081 2643 1179 2717 τὴν
1222 2646 1284 2699 ἐκ
1320 2641 1413 2698 τοῦ
1448 2643 1572 2718 ᾅδου
1602 2661 1730 2716 φρι-

144 2742 283 2812 κτὴν
317 2740 631 2794 ἀναϐίωσιν.

219 2834 613 2905 Συντριὸἐντας
640 2833 785 2902 ἡμᾶς
819 2833 1276 2907 ὲκαινούργησας,
1293 2831 1471 2902 Ἰησοῦ
1498 2831 1726 2902 παμϐα-

143 2926 320 2988 σιλεῦ,
367 2926 433 2995 τῇ
463 2926 632 2994 σεπτῇ
657 2923 965 2995 καὶφρικτῇ
990 2925 1284 2981 ἀναστάσει
1306 2941 1400 2978 σου
1420 2939 1434 2954 ο
1463 2922 1732 2995 μαθηταῖς

135 3019 202 3071 δὲ
229 3016 447 3088 ὀραθεῖς
494 3015 594 3086 τὴν
636 3017 860 3085 εἰρήνην
896 3033 991 3069 σου
1027 3016 1237 3080 τούτοις
1266 3015 1570 3088 παρέσχου,
1610 3013 1733 3084 φιλ-

1880 588 1976 625 l'lS.

1880 588 1904 625 r
1963 612 1976 625 .

1838 571 1873 626 Β
1909 588 1956 627 Is
2299 664 2466 731 Quem
2511 667 2733 721 laudant
2765 670 2960 738 angeli.

1906 775 2149 845 lnjustus
2182 776 2534 832 Hebraeorum
2577 777 2814 847 populus
2840 776 3007 831 aﬂixit
3033 783 3085 832 te
3129 777 3280 832 cruci
3329 778 3421 848 qui

1837 879 2004 922 sanas
2046 867 2236 938 plagas
2278 866 2346 921 ab
2374 866 2616 922 'arboris
2655 866 2805 937 ligno
2847 867 3028 924 illatas
3072 871 3442 932 mortalibus..

1836 956 1984 1011 unde
2012 965 2066 1010 te
2103 958 2246 1027 grati
2271 956 2652 1013 indesinenter
2678 957 3082 1016 collaudamus.

1908 1132 1990 1188 Tu
2023 1135 2118 1205 qui
2157 1143 2356 1190 natura
2391 1134 2621 1206 aequalis
2651 1149 2710 1192 es
2738 1135 2888 1192 Patri
2924 1144 2977 1192 et
3009 1137 3239 1209 Spiritui
3291 1156 3421 1197 san-

1835 1235 1924 1282 cto
1961 1241 2183 1283 crucem
2231 1227 2499 1296 sustines,
2525 1236 2580 1284 et
2621 1237 2953 1286 numeratus
2981 1230 3126 1286 inter
3169 1246 3419 1289 mortuos

1833 1318 2116 1372 evacuasti
2145 1317 2451 1374 inferorum
2486 1319 2608 1374 loca
2651 1320 2814 1375 modo
2841 1335 3074 1391 prorsus
3100 1325 3421 1395 mirabili,ct

1835 1422 2066 1479 surgens
2092 1407 2270 1464 fecisti
2302 1417 2482 1465 tecum
2505 1425 2737 1482 surgere
2769 1426 2990 1467 omnem
3035 1423 3365 1469 creaturam.

1904 1501 2103 1558 Omnia
2137 1503 2439 1573 deglutiens
2463 1503 2736 1569 infernus,
2770 1511 2900 1559 tuus
2917 1504 3010 1559 ubi
3040 1513 3124 1560 est
3157 1507 3422 1562 aculeus?

1834 1607 2056 1663 omorl,
2079 1595 2174 1650 ubi
2205 1595 2438 1652 victoria
2470 1596 2603 1651 tua?
2626 1594 2834 1649 Auctor
2865 1595 2989 1650 vitae
3023 1611 3318 1669 resurgens
3350 1614 3419 1653 ex

1834 1687 2069 1743 mortuis
2088 1687 2205 1742 sola
2233 1687 2436 1742 occidit
2451 1695 2506 1742 te
2533 1690 2776 1757 potentia
2793 1701 2914 1753 sua,
2930 1702 3092 1756 quem
3114 1703 3238 1743 cum
3259 1685 3421 1744 Patre

1758 1740 1808 1802 Β
1831 1786 1886 1832 et
1916 1740 2120 1847 Spiritu
2161 1740 2910 1835 sanctoiﬁdelesadoramus:

1902 1867 2081 1936 Quem
2123 1869 2420 1939 peperisti,
2466 1881 2500 1924 ο
2533 1867 2888 1924 immaculata
2914 1865 3104 1936 Virgo,
3134 1867 3300 1924 homo
3339 1867 3419 1922 ta-

1831 1965 1962 2016 ctus
1988 1966 2075 2016 est
2106 1966 2166 2014 ut
2192 1973 2294 2014 nos
2326 1957 2536 2016 laceret
2564 1959 2738 2022 deos;
2781 1957 2928 2014 hunc
2958 1957 3149 2014 vidisti
3187 1971 3420 2028 surgen-

1830 2058 1939 2108 tem
1991 2068 2022 2108 e
2056 2051 2312 2123 sepulcro
2351 2049 2553 2106 inferni
2612 2049 2972 2115 devictorem.
3026 2058 3082 2106 et
3113 2051 3326 2121 repleta
3356 2065 3418 2107 es

1830 2143 2050 2232 gaudio.

2265 2253 2410 2308 Vidit
2444 2264 2492 2310 te
2518 2256 2572 2309 in
2608 2265 2781 2311 monte
2808 2257 2982 2312 Siuai.

1905 2363 2061 2424 Sicut
2088 2383 2266 2440 agnus
2297 2369 2610 2426 voluntarie
2625 2371 2826 2427 ductus
2855 2386 2917 2429 es
2947 2372 3015 2426 ad
3039 2381 3296 2440 mortem,
3328 2389 3418 2429 ne-

1830 2478 1939 2534 que
1971 2462 2250 2518 reluctans
2290 2478 2469 2533 neque
2495 2464 2658 2517 ullam
2700 2465 2989 2534 proferens
3035 2467 3316 2538 querelam
3357 2477 3418 2522 ut

1832 2554 2099 2624 scriptum
2135 2562 2224 2610 est
2265 2572 2279 2607 :
2329 2553 2613 2610 viviﬁcans
2655 2569 2760 2611 nos
2814 2570 3031 2621 omnes,
3079 2572 3113 2612 ο
3150 2556 3412 2619 Verbum,

1833 2650 2011 2697 morte
2038 2651 2154 2709 tua,
2186 2651 2339 2698 tuam
2375 2644 2723 2700 celebrantes
2751 2645 3081 2702 charitatem
3117 2647 3415 2718 gratuitam

1833 2732 2273 2804 stupendamque
2303 2733 2788 2790 resurrectionem.

1903 2820 2164 2877 Gloriosa
2191 2823 2571 2893 slupendaque
2602 2824 3012 2881 resurrectione
3054 2832 3147 2882 tua
3191 2825 3417 2883 confra-

1834 2922 1956 2968 ctos
1995 2927 2097 2968 nos
2141 2913 2795 2978 renovasti,dominator
2833 2916 3108 2982 omnium,
3136 2915 3320 2983 Iesus,
3361 2925 3418 2974 et

1835 3017 2105 3075 apparens
2136 3003 2427 3076 discipulis
2463 3011 2638 3073 tuam,
2669 3021 2704 3061 ο
2741 3017 2956 3063 amator
2987 3008 3293 3078 hominum,
3323 3010 3419 3067 de-

141 3108 402 3179 άνθρωπε
421 3123 434 3138 ο
465 3107 533 3180 ἢν
554 3109 688 3178 ἡμῖν
714 3106 958 3179 δὼρησαι
987 3111 1101 3174 τοῖς
1124 3107 1481 3178 ὑμνολογοῦσι
1507 3107 1606 3180 τὴν
1627 3106 1724 3179 σὴν

1852 3094 1956 3151 Iisti
1992 3110 2208 3166 pacem,
2243 3111 2410 3168 quam
2436 3096 2645 3153 donare
2674 3098 2834 3156 nobis
2883 3098 3127 3171 digneris
3162 3111 3310 3157 tuam
3338 3116 3420 3159 ce-

142 3200 299 3254 θείαν
334 3201 569 3273 ἔγερσιν.

228 3294 295 3346 Ἢ
349 3293 520 3364 σεπτὴ
598 3292 924 3367 μυροφόρων
993 3292 1339 3364 συνάθροισις
1398 3292 1732 3365 παρεγένετο

140 3383 353 3457 σπουδῇ
388 3384 524 3456 πρὸς
548 3384 609 3438 τὸ
644 3386 821 3454 ἅγιον,
859 3383 1128 3454 Δέσποτα,
1154 3385 1342 3456 μνῆμά
1359 3401 1476 3451 σου,
1506 3383 1602 3438 τοῦ
1631 3399 1731 3454 μυ-

141 3478 298 3550 ρίσαι
334 3494 421 3543 σε,
450 3479 492 3530 Χ
501 3477 656 3550 ριστέ
682 3495 695 3508 °
722 3479 781 3531 ἐν
807 3475 1018 3544 λευκοῖς
1041 3479 1098 3532 δὲ
1135 3478 1377 3532 κατεῖδον
1418 3477 1731 3549 καθήμενον

135 3567 401 3636 ἄγγελον,
429 3566 658 3631 ταύταις
689 3567 1091 3639 φθεγγόμενον·
1117 3568 1181 3622 Τί
1213 3567 1352 3639 μετὰ
1378 3567 1589 3639 νεκρῶν
1627 3568 1730 3638 τὴν

136 3656 294 3727 ζωὴν
331 3655 550 3725 βλέπειν
586 3656 768 3710 θέλετε
791 3673 806 3723 ;

214 3747 532 3818 Φωτοδότην
559 3749 800 3818 ἒκύησας
845 3743 1051 3820 Κύριον
1090 3748 1235 3818 πύλη
1251 3741 1386 3803 οὖσα
1407 3734 1502 3802 τοῦ
1530 3747 1730 3817 φωτὸς,

134 3841 208 3892 ὲκ
237 3841 413 3906 τάφου
442 3836 541 3891 άστ
553 3838 796 3909 ράψαντα
815 3838 1055 3909 βλέψασα
1076 3837 1403 3920 ἐπληρώθης
1419 3837 1699 3918 χαρμονῆς
1715 3853 1728 3868 ·

128 3929 259 3986 ἀλλ’
293 3928 456 3984 αὑτὸν
478 3929 783 3984 ὲκδυσώπει
818 3929 1014 3994 πένθος
1043 3947 1134 4000 μοι
1149 3929 1526 4002 δωρήσασθαι,
1557 3929 1728 4000 Κόρη,

130 4023 512 4095 χαρμόσυνον,
546 4022 828 4094 πρόξενον,
860 4021 1056 4096 σεμνὴ,
1099 4023 1200 4094 τῆς
1250 4024 1368 4077 ἐκεῖ
1420 4022 1725 4093 παρακλή-

133 4129 308 4176 σεως.
403 4140 406 4142 ν

409 4282 478 4337 Τὸ
506 4281 840 4338 κατάσκιον
866 4283 1004 4352 ὅρος
1043 4287 1078 4339 ό
1116 4283 1476 4354 ’Δμϐακούμ.

224 4374 552 4444 Ἀπορῤἠτῳ
586 4374 775 4428 ἑνώσει
834 4375 1123 4446 όμοιωθεὶς
1176 4377 1290 4438 τοῖς
1333 4371 1661 4446 ἀνθρώποις,
1700 4375 1730 4427 ό

131 4463 316 4533 μόνος
343 4464 666 4534 ὑπερούσιος
691 4467 926 4538 σταυρὸν
945 4465 1110 4535 σαρκὶ
1138 4465 1461 4535 ὑπέμεινας,
1495 4465 1589 4519 καὶ
1611 4465 1809 4552 ilo-vn

120 4555 346 4625 γεσθης
374 4556 434 4608 ὲν
465 4559 580 4621 τοῖς
609 4560 847 4629 νεκροῖς,
908 4557 1005 4612 καὶ
1060 4557 1358 4630 τριήμερσς
1414 4558 1646 4630 ἀνέστης
1691 4559 1727 4630 ἡ

119 4645 261 4717 ζωὴ
298 4645 409 4700 τῶν
432 4647 711 4702 ἁπάντων.

224 4817 408 4888 Ἰησοῦ
428 4819 458 4872 ό
487 4821 622 4885 Θεός
653 4837 777 4892 μου,
811 4820 956 4893 ὕδωρ
984 4820 1133 4894 ζωῆς
1175 4822 1554 4896 χρηματίζων,
1582 4825 1731 4896 βαδί-

107 4912 256 4978 ζεις
277 4910 491 4966 κοπιῶν
521 4913 579 4964 ἐν
604 4914 792 4984 σαρκὶ,
821 4915 959 4984 πρὸς
982 4918 1049 4988 τῇ
1071 4919 1220 4988 πηγῇ
1242 4935 1257 4951 ·
1291 4917 1500 4990 καθέζῃ
1531 4919 1608 4987 δὲ,
1637 4921 1730 4973 καὶ

107 5002 502 5074 Σαμαρείτιδι
529 5006 750 5073 γυναικὶ
789 5007 888 5078 τῆς
918 5008 1106 5078 σοφίας
1139 5025 1232 5062 σου
1267 5011 1327 5064 τὸ
1358 5012 1508 5082 νᾶμα
1538 5029 1729 5083 μυστιο

107 5094 252 5156 κῶς
266 5095 532 5164 ὲπιχέεις.

205 5182 566 5254 Νοσημάτων
599 5187 863 5243 ποικίλων
894 5190 1023 5255 τοὺς
1074 5192 1397 5262 προσιόντας
1429 5212 1532 5259 σοι,
1566 5196 1726 5265 Λόγε,

97 5275 429 5348 καθαίρων
459 5281 527 5348 τῇ
559 5281 856 5350 προστάξει
882 5299 999 5349 σου,
1049 5287 1282 5356 σταυρὸν
1325 5286 1465 5340 ἑκὼν
1492 5289 1729 5359 ὑπέμει-

92 5385 237 5432 νας
264 5385 280 5399 ο
325 5369 420 5422 καὶ
447 5371 506 5424 ὲν
546 5374 799 5446 μνημειῳ
837 5377 1179 5443 κατατιθεὶς,
1226 5379 1599 5451 ὲξανέστησας
1632 5382 1729 5453 τὴν

93 5460 312 5533 φύσιν
341 5461 452 5517 τῶν
481 5464 788 5536 ἀνθρώπων
819 5468 1140 5540 φθαρεῖσαν.

215 5635 356 5689 Ἐπὶ
417 5635 481 5693 οδ
530 5640 565 5709 ἡ
599 5638 762 5710 σοφία
820 5641 1029 5713 Πατρὸς
1061 5644 1297 5715 άνάρχου
1333 5645 1622 5716 κατῆλθεν,
1655 5649 1729 5714 ὡς

74 5725 297 5790 ὑετὸς
332 5725 427 5781 ἐπὶ
449 5725 641 5797 πόκον,
676 5728 819 5801 ἁγνὴ
857 5729 952 5784 καὶ
976 5731 1321 5803 σαρκωθεῑσα
1343 5733 1467 5805 δίχα
1496 5738 1725 5811 τροπῆς,

1832 3185 2181 3244 lebruntibus
2215 3190 2680 3244 resurreCtionem
2711 3189 2976 3246 divinam.

1903 3273 2250 3333 Venerabilis
2283 3276 2576 3334 ferentium
2617 3288 2862 3336 aromata
2893 3288 3073 3338 cretus
3096 3281 3422 3338 festinanter

1835 3365 1902 3420 ad
1935 3365 2191 3420 sanctum
2241 3374 2396 3419 tuum
2427 3373 2702 3422 venerunt
2727 3368 3044 3438 sepulcrum
3073 3378 3134 3424 ut
3167 3379 3219 3424 te
3246 3384 3422 3439 unge-

1834 3465 1992 3524 rent;
2025 3465 2440 3528 conspexerunt
2499 3465 2682 3513 autem
2730 3458 2784 3513 in
2824 3463 3192 3515 monumento
3225 3460 3422 3516 sedes»

1836 3556 1944 3602 tem
1985 3545 2238 3618 angelum
2275 3545 2417 3602 albis
2469 3547 2733 3604 vestitum
2775 3547 2868 3619 qui
2904 3548 3044 3604 dixit
3081 3548 3236 3606 illis:
3277 3547 3420 3616 Quid

1835 3637 2078 3710 quatritis
2103 3637 2289 3694 videre
2321 3639 2490 3694 vitam
2523 3640 2667 3694 inter
2692 3641 2966 3696 mortuos?

1906 3727 2071 3786 Facta
2106 3745 2168 3787 es
2203 3729 2348 3787 lucis
2382 3731 2589 3788 ostium
2637 3746 2707 3789 eo
2744 3732 2891 3803 quod
2924 3732 3187 3804 peperisti
3234 3733 3421 3790 Domi-

1835 3837 1966 3877 num
1995 3823 2243 3878 datorem
2286 3821 2448 3888 lucis,
2476 3831 2530 3879 et
2558 3837 2684 3879 cum
2711 3824 2898 3880 vidisti
2925 3824 3224 3880 illumcum
3245 3827 3422 3896 splen.

1835 3915 1970 3969 dore
1997 3923 2356 3971 monumento
2380 3923 2717 3987 surgentem,
2741 3916 2943 3988 gaudio
2963 3916 3172 3987 repleta
3191 3932 3283 3972 es.
3309 3916 3419 3974 Sed

1835 4003 2136 4074 deprecare
2162 4006 2386 4073 illum,o
2419 4003 2604 4077 Virgo,
2632 4007 2803 4064 utdet
2832 4007 3232 4065 mihidolorem
3255 4026 3419 4081 quem

1836 4093 2006 4148 leniat
2055 4095 2246 4152 laetitia
2284 4081 2572 4168 pariatque
2603 4097 2739 4154 mihi
2768 4098 2824 4154 in
2854 4099 2956 4156 bac
2982 4109 3128 4156 terra
3159 4103 3420 4160 consola-

1835 4185 2062 4241 tionem.

2212 4277 2366 4334 Mons
2398 4277 2748 4350 adumbratas
2773 4281 3049 4341 Habacuc.

1907 4365 2178 4425 lneﬂabili
2207 4370 2412 4426 unione
2442 4377 2535 4427 tua
2575 4387 2701 4427 cum
2727 4384 2924 4429 natura
2957 4381 3143 4432 nostra
3183 4376 3420 4433 homini-

1835 4459 1941 4516 bus
1969 4461 2168 4518 similis
2213 4459 2466 4529 eﬂ'ectus,
2513 4465 2764 4533 quamvis
2813 4480 2980 4536 super
3017 4481 3236 4524 omnem
3279 4471 3415 4526 sub-

1834 4555 2096 4611 stantiam
2147 4555 2202 4609 in
2248 4569 2414 4610 carne
2460 4571 2661 4625 passus
2705 4572 2766 4613 es
2819 4558 3138 4625 cruciﬁxus,
3187 4569 3244 4616 et
3274 4562 3419 4618 inter

1834 4658 2086 4704 mortuos
2110 4656 2510 4704 annumeratus
2536 4663 2618 4716 es,
2647 4656 2701 4704 et
2720 4657 2845 4720 post
2877 4649 2996 4706 dies
3027 4659 3140 4708 tres
3172 4669 3418 4711 resurre-

1833 4736 1961 4792 xisti
1992 4738 2102 4792 vita
2139 4736 2410 4792 omnium.
2731 4728 2739 4734 ’

1905 4826 1949 4883 O
1971 4826 2120 4892 Jesu,
2153 4824 2299 4882 Deus
2332 4831 2674 4899 meus,'aqua
2705 4828 2828 4884 vitae
2875 4838 3080 4886 nostra;
3129 4833 3420 4904 negotians

1834 4920 2102 4984 salutem,
2126 4919 2337 4975 incedis
2374 4917 2638 4990 fatigatus
2669 4919 2722 4974 in
2770 4934 2958 4984 carne,
2998 4919 3158 4989 juxta
3195 4931 3419 4994 puteum

1834 5011 2016 5076 sedes,
2061 5012 2454 5083 sapientiaeque
2497 5019 2606 5066 tuae
2655 5011 2858 5070 ﬂuenta
2911 5012 3147 5070 edundis
3201 5015 3421 5072 mulieri

1836 5101 2219 5160 Samaritana.

1897 5197 2128 5252 Crucem
2151 5197 2383 5254 libenter
2413 5197 2754 5260 sustinuisti.
2794 5196 3058 5264 Verbum,
3092 5208 3152 5254 ut
3179 5201 3422 5254 vulneri-

1833 5286 1936 5342 bus
1966 5287 2076 5342 tuis
2111 5286 2492 5344 accedentium
2520 5289 2585 5344 ad
2605 5295 2656 5344 tc
2698 5289 3417 5360 multimodasiniquitatum

1837 5375 2034 5432 sordes
2084 5392 2334 5445 sanares,
2369 5386 2422 5435 et
2452 5378 2740 5450 depositus
2788 5380 2844 5433 in
2882 5392 3240 5438 monumento
3263 5381 3418 5437 coin-

1835 5469 2117 5538 quinatam
2153 5470 2439 5526 hominum
2474 5479 2731 5526 naturam
2766 5486 2997 5544 surgere
3028 5473 3208 5530 fecisti
3250 5473 3418 5529 alabe

1833 5560 2067 5628 peccati.

1828 5678 1837 5706 -.
1907 5650 2064 5706 Sicut
2097 5652 2272 5709 imber
2317 5655 2372 5708 in
2415 5656 2612 5724 vellus,
2647 5655 2936 5714 descendit
2970 5660 3023 5715 in
3058 5667 3126 5718 te-
3148 5658 3419 5714 immacu-

1833 5744 1946 5804 lata
2003 5746 2420 5824 aeterni‘i’atris
2481 5750 2754 5823 sapientia
2793 5753 3003 5828 absque
3057 5753 3420 5812 conversione
