3964 6322
511 273 648 340 22λὶιί

1360 274 1420 331 S.
1463 263 1879 332 SOPHRONII
1916 259 2422 323 PATKIARCHL‘E
2454 255 2862 322 HIEROSOL.

3668 252 3808 316 395?.

513 402 647 442 caro
699 383 864 447 facta,
901 397 1022 450 quae
1069 382 1278 436 ducunt
1329 383 1395 436 ad
1437 385 1604 437 vitam
1644 379 1894 437 ostendit
1935 377 2139 438 nobis;

2252 375 2354 435 iob;
2385 373 2532 441 ζωῆς
2565 370 2767 436 ἔδειξεν
2799 371 2930 440 ἡμῖν
2967 367 3080 430 τοῖς
3107 365 3282 420 εἰδόσι
3306 381 3369 419 σε
3415 365 3648 438 μητέρα
3673 370 3811 437 μετὰ.

513 480 738 530 suuLtas
771 472 1165 528 confitentibus
1195 485 1244 528 te
1280 484 1401 541 post
1447 482 1667 542 partum
1715 478 1947 525 matrem
1989 468 2098 520 vir-

514 570 720 640 ginem.

821 655 1016 710 Pueris
1056 654 1402 709 Hebra'orum
1441 656 1496 709 in
1542 654 1773 708 coruino.

567 748 900 804 Exaltatum
965 749 1017 802 in
1049 763 1216 802 cruce
1246 763 1463 802 omnem
1493 746 1750 802 exallasti
1778 753 1960 801 tecum
2001 741 2100 796 ho-

517 843 723 896 minum
757 849 1036 905 naturam,
1081 840 1346 905 Verbum,
1378 849 1433 895 et
1465 841 1521 894 in
1549 839 1764 894 tumulo
1787 836 2100 908 depositum

518 929 957 987 misericorditer
1007 929 1293 984 suseitasti
1327 929 1515 983 divina
1553 929 1966 984 resurrectione
2009 932 2102 978 tua

516 1022 854 1077 dormientes
888 1021 943 1072 in
981 1019 1282 1087 sepulcris.

587 1113 708 1168 Non
737 1113 894 1183 longe
921 1111 992 1164 ab
1012 1109 1238 1166 Jericho
1276 1118 1332 1164 et
1364 1107 1548 1163 Salem
1579 1109 1674 1179 qui
1700 1107 1900 1164 salutis
1931 1122 2104 1178 aquas

517 1205 797 1262 distribuit
837 1202 1228 1282 Samaritana,
1279 1202 1488 1272 quique
1531 1199 1660 1256 fons
1687 1209 1774 1257 est
1815 1201 2107 1263 sapientiae

518 1299 668 1353 venit
701 1297 767 1351 ad
799 1305 1020 1366 puteum
1035 1293 1238 1350 .Jacob.

594 1387 770 1442 Verbo
809 1397 902 1441 tuo
941 1385 1072 1441 Caeci
1105 1385 1286 1440 visum
1314 1390 1736 1455 recuperarunt,
1765 1391 1822 1440 et
1865 1383 2108 1439 constri-

519 1483 701 1536 otione
727 1479 889 1535 soluti
917 1488 1045 1536 sunt
1074 1478 1402 1550 paralytici,
1431 1487 1489 1532 et
1527 1475 1822 1532 triduanus
1855 1483 2110 1532 mortuus

521 1573 810 1630 surrexisti
869 1587 901 1629 e
948 1571 1248 1643 sepulcro,
1307 1569 1596 1627 exsuscita
1641 1569 1885 1624 animum
1931 1583 2109 1624 meam

519 1675 818 1723 mortuam.

2201 465 2358 518 τόκον
2382 463 2674 531 παρθένον.

2363 635 2474 690 Τὸν
2497 635 2568 688 ἐν
2601 633 2783 704 φλογί
2812 633 2940 700 τοῖς
2973 633 3152 688 παισὶ
3173 635 3293 688 τῶν
3329 635 3653 704 Ἑϐραίων.

2273 731 2346 783 Σὺ
2377 730 2434 782 έν
2459 727 2679 798 σταυρῷ
2707 727 2966 798 ὑψωθεὶς,
3001 727 3114 780 τῶν
3149 727 3463 798 ἀνθρώπων
3493 732 3691 783 πᾶσαν
3719 732 3811 802 τὴ,

2205 825 2368 895 φύσιν
2409 824 2825 894 συνανύψωσας,
2883 822 3056 891 Λόγε,
3095 824 3189 877 καὶ
3219 823 3396 887 τεθεὶς
3448 826 3510 875 ὲν
3558 827 3812 894 μνήματι

2205 919 2330 982 τοὺς
2365 918 2424 972 ὲν
2489 917 2680 986 τάφοις
2725 915 3027 979 ὑπνοῦντας
3061 916 3287 986 ἤγειρας
3319 920 3386 986 τῇ
3413 917 3544 986 θεία
3593 919 3817 988 ὲγὲρσει

2209 1025 2324 1074 σου,
2351 1009 2530 1080 οἰκτίρ
2537 1026 2656 1079 μον.

2288 1100 2500 1172 Ἱεριχὼ
2530 1100 2624 1153 καὶ
2672 1099 2862 1169 Σαλήμ
2899 1099 2968 1152 τά
3018 1097 3247 1170 πλησίον
3286 1100 3425 1168 μετὰ
3455 1099 3687 1152 ὑδάτων
3722 1101 3820 1152 ἒπ-

2209 1190 2381 1245 ελθὼν
2409 1191 2548 1262 πρὸς
2581 1191 2644 1243 τὸ
2685 1190 2865 1260 φρέαρ
2899 1188 3092 1242 Ἰακὼϐ
3139 1189 3368 1258 ἀφίκετο
3406 1192 3442 1260 ἡ
3498 1193 3670 1261 πηγὴ
3729 1193 3825 1262 τῆς

2211 1285 2425 1352 σοφίας,
2457 1283 2602 1354 ὕδωρ
2629 1281 2902 1354 σωτηρίας
2926 1282 3282 1355 Σαμαρείτιδι
3307 1285 3523 1352 νέμων.

2280 1377 2353 1429 Σὺ
2383 1375 2412 1427 ό
2440 1374 2675 1442 τυφλοὺς
2725 1372 3062 1444 ὀμματώσας
3105 1373 3184 1443 τῷ
3213 1373 3379 1444 λόγῳ,
3417 1377 3523 1426 καὶ
3559 1373 3825 1444 παραλύ-

2209 1483 2336 1529 τους
2364 1468 2430 1536 τῇ
2462 1464 2759 1536 προστάξει
2791 1480 2884 1517 σου
2927 1463 3182 1533 σφίγξας,
3213 1466 3310 1518 καὶ
3338 1465 3547 1536 νεκρὸς
3587 1467 3828 1538 τριήμε-

2217 1577 2307 1631 ρος
2330 1558 2621 1621 ἀνατείλας
2651 1559 2721 1612 ὲκ
2750 1556 2950 1625 τάφου,
2976 1557 3078 1628 τὴν
3112 1557 3547 1628 νενεκρωμένην
3582 1558 3830 1629 ἀνάστη-

2217 1667 2309 1704 σον
2335 1651 2518 1720 ψυχήν
2549 1666 2676 1720 μου.

590 1758 636 1813 0
669 1757 856 1828 Virgo,
904 1754 1051 1810 facta
1102 1755 1256 1813 salus
1289 1755 1462 1810 totius
1491 1754 1705 1820 mundi,
1748 1752 1920 1810 libera
1955 1767 2043 1808 me
2080 1767 2112 1807 a

2287 1742 2511 1812 Κόσμου
2541 1741 2742 1804 παντὸς
2783 1739 3066 1813 σωτηρία,
3093 1739 3361 1810 Παρθένε,
3428 1740 3824 1811 γεγενημένη,

522 1849 802 1905 scandalis
849 1846 1041 1903 mundi
1079 1854 1135 1902 et
1163 1846 1418 1916 corporis
1471 1843 1991 1902 inﬁrmitatibus-et
2017 1859 2112 1915 ge-

523 1939 704 1994 honna
753 1937 807 1993 in
865 1944 1132 1993 aeternum
1165 1937 1456 2003 duratura,
1508 1945 1568 1992 ut
1609 1947 1826 1992 cantem
1880 1935 2112 2008 gloriam

525 2040 696 2087 tuam.

894 2121 966 2176 Te
989 2121 1179 2176 rubum
1209 2119 1720 2176 incombustibilem.
2014 2165 2026 2176 .

597 2213 834 2270 Brachia
870 2214 1177 2271 extendens
1211 2213 1265 2267 in
1308 2227 1474 2268 cruce
1521 2212 1796 2278 delevisti,
1830 2226 1864 2268 ο
1901 2211 2118 2268 Christe

527 2308 868 2373 misericors,
913 2306 1182 2361 maculam
1216 2319 1323 2376 qua
1347 2321 1448 2361 nos
1488 2303 1890 2360 contaminarat
1925 2303 2103 2375 prima

526 2403 966 2468 parensnostra,
1013 2410 1236 2450 manum
1267 2394 1348 2450 ad’
1362 2392 1596 2451 fructum
1640 2393 1855 2450 arboris
1888 2393 2118 2449 vetitum

528 2488 745 2544 nefarie
764 2485 1090 2542 extendens.

1118 2575 1334 2646 plantas
1359 2573 1718 2628 consolidasti
1754 2535 2128 2644 paralyticum.

531 2670 871 2738 dandosque
897 2666 1151 2731 erexisti,
1182 2665 1336 2719 cruci
1363 2661 1651 2728 aliixuses,
1669 2660 1908 2729 Christe,
1925 2672 1981 2718 et
2001 2674 2123 2718 sur-

535 2760 736 2814 rexisti
773 2773 871 2829 per
900 2754 1170 2826 plurimos
1191 2755 1309 2810 dies
1341 2757 1615 2824 apparens
1637 2751 1948 2824 discipulis.

609 2849 757 2903 Vidit
783 2857 835 2904 te
867 2846 1226 2902 Samaritana
1275 2845 1475 2900 mulier
1513 2859 1637 2916 qua:
1661 2851 1788 2900 ante
1812 2851 1866 2900 te
1899 2851 2123 2899 venerat

533 2949 593 2995 ut
639 2953 836 3011 aquam
874 2938 1121 2993 hauriret
1171 2945 1227 2992 et
1274 2936 1552 3008 accipiens
1586 2951 1616 2991 a
1655 2944 1710 2992 te
1759 2950 1954 3008 aquam
2001 2935 2125 2990 vita:

528 3031 665 3088 abiit
696 3031 913 3096 satiata,
933 3027 1161 3083 laudans
1195 3023 1733 3094 te,dChristeDeus.

595 3122 644 3178 0
667 3122 827 3192 Virgo
850 3120 1198 3176 sanctissima
1225 3161 1239 3186 ,
1274 3127 1331 3174 tu
1362 3133 1422 3174 es
1447 3119 1760 3192 prodigium
1786 3117 1954 3175 menti
1984 3132 2118 3175 nos-

534 3220 631 3268 tra:
663 3211 988 3282 impervium
1015 3227 1030 3278 ;
1068 3225 1193 3264 natu
1226 3207 1392 3264 Deum
1429 3223 1560 3264 caro
1593 3207 1792 3265 factum
1829 3206 2115 3280 peperisti,

534 3303 626 3373 qui
659 3301 1066 3358 resurrectione
1117 3315 1215 3354 sua
1252 3299 1434 3354 salvos
1459 3313 1556 3353 nos
1586 3314 1781 3356 omnes
1823 3298 1972 3355 fecit.

1047 3390 1201 3447 Sicut
1243 3392 1372 3447 vidit
1404 3391 1606 3446 Isaias.

580 3485 837 3540 "Vinctus
874 3494 926 3539 et
947 3483 1118 3540 clavis
1155 3485 1465 3539 voluntarie
1481 3485 1675 3540 alIixus
1701 3485 1874 3552 cruci,
1895 3500 1928 3540 ο
1961 3484 2121 3541 mise-

538 3580 733 3646 ricors,
788 3577 1031 3633 liberasﬁ
1058 3577 1372 3632 devinctum
1399 3576 1526 3632 olim
1579 3577 1815 3633 vinculis
1865 3576 2126 3648 iniquita-

537 3681 649 3725 tum
669 3689 683 3738 ;
711 3669 921 3741 positus
933 3683 1060 3725 vero
1081 3670 1132 3722 in
1152 3669 1402 3740 sepulcro
1419 3669 1769 3725 exsuscitasti
1788 3669 2125 3724 dormientes

539 3773 788 3818 mortuos
806 3762 896 3832 qui
923 3769 1078 3816 tuam
1106 3744 1382 3816 celebrant
1403 3760 1729 3832 s‘tupendam
1765 3759 2126 3816 resurrectio-

539 3864 684 3905 ιιῡτιι.

613 3941 875 3996 Dominus
895 3941 1194 3995 resurrexit
1218 3946 1340 4009 post
1362 3947 1474 3994 tres
1497 3939 1638 4006 dies,
1670 3939 1814 3996 sicut
1834 3941 2045 3996 dixerat
2070 3949 2124 3999 et

539 4035 882 4106 congregatis
900 4032 1482 4104 clamabatapostolis:
1513 4032 1718 4090 Euntes
1744 4050 1839 4105 per
1861 4035 2123 4092 mundum

541 4129 858 4182 universum
906 4128 1228 4180 annuntiate
1271 4141 1392 4196 quae
1425 4125 1528 4180 feci
1561 4127 1855 4197 magnalia,
1888 4144 2122 4198 quorum

543 4229 711 4275 testes
734 4218 938 4273 fuistis.

617 4310 857 4381 Stuporc
895 4308 1272 4379 percelluntur
1322 4322 1486 4364 aures
1519 4318 1573 4365 et
1611 4309 1782 4365 corda
1825 4311 1892 4365 ad
1924 4326 2124 4382 opera-

2215 1832 2496 1904 κοσμικῶν
2515 1849 2602 1902 με
2627 1831 2943 1886 σκανδάλων
2967 1831 3063 1884 καὶ
3092 1829 3281 1884 παθῶν
3306 1829 3402 1885 τοῦ
3432 1832 3714 1902 σώματος
3736 1832 3825 1884 καὶ

2215 1923 2314 1993 τῆς
2359 1921 2718 1992 αἰωνιζούσης
2787 1920 3066 1992 λύτρωσαι
3128 1919 3388 1991 γεέννης,
3438 1921 3607 1986 ὅπως
3657 1922 3826 1993 ὑμνε-

2215 2012 2361 2081 λογῶ
2389 2029 2470 2068 σε.

2530 2104 2610 2159 Σὲ
2633 2103 2750 2174 τὴν
2777 2102 3240 2174 ἁκατὰςρλεκτον
3253 2103 3479 2170 βάτον.

2291 2197 2556 2266 ’Υψωσας
2589 2197 2848 2266 παλάμας
2873 2197 2932 2250 ἐν
2966 2195 3107 2267 ξύλῳ
3124 2196 3224 2266 τῆς
3263 2196 3457 2260 κακῶς
3487 2195 3829 2268 ἑκταθείσης

2217 2289 2314 2343 τοῦ
2347 2290 2691 2363 προπάτορος
2715 2288 2896 2360 χειρὸς
2936 2289 3073 2359 πρὸς
3103 2287 3261 2353 ξύλου
3301 2288 3516 2360 βρῶσιν
3545 2291 3827 2344 ἀναστέλ-

2221 2380 2330 2434 λων
2360 2380 2458 2450 τὴν
2491 2379 2718 2452 βλάϐην,
2759 2378 2962 2450 Χριστὲ
2996 2378 3270 2433 πολυέλεε.

2287 2565 2535 2639 ’Ῥήματι
2564 2563 2871 2638 παράλυτον
2906 2563 3139 2635 σφίγξας
3167 2565 3260 2618 καὶ
3303 2566 3518 2636 χωλοῖδς
3567 2568 3825 2640 ἀνορθώ-

2225 2679 2343 2727 σας,
2377 2658 2748 2732 ὲσταυρώθης,
2766 2657 2962 2730 Ἰησοῦ,
2985 2659 3080 2712 καί
3109 2658 3425 2731 ὲξανέστης,
3458 2660 3747 2731 μαθηταῖς
3769 2666 3825 2718 ὲν

2222 2751 2463 2824 ἡμέραις
2497 2750 2722 2814 πολλαῖς
2757 2751 3146 2820 ὀπτανόμενος.

2297 2842 2422 2907 Ἴδε,
2456 2842 2784 2913 Σαμαρεῖτις
2805 2841 2940 2913 γυνή
2962 2858 3019 2894 σε
3044 2839 3380 2912 προελθοῦσα
3398 2843 3697 2914 ἀντλῆσαι,
3730 2849 3826 2902 καὶ

2223 2933 2285 2990 τὸ
2311 2933 2454 3005 ὕδωρ
2482 2934 2582 3004 τῆς
2615 2931 2760 3003 ζωῆς
2789 2933 2853 2986 ἐκ
2877 2932 2971 2986 σοῦ
3007 2931 3265 3000 λαῦοῦσα,
3289 2934 3584 3006 ἐκορέσθη,
3613 2937 3822 3010 Χριστὲ

2129 3061 2194 3124 .C
2225 3025 2421 3091 όΘεδς,
2445 3023 2760 3096 ἀνυμνοῦσά
2789 3040 2870 3076 σε.

2303 3118 2367 3170 ’Ὠ
2403 3117 2512 3170 τῶν
2547 3115 2688 3188 ὑπὲρ
2719 3115 2844 3170 νοῦν
2875 3131 2968 3169 σου
3009 3114 3323 3187 θαυμάτων,
3372 3119 3624 3190 παναγία
3667 3121 3820 3192 Παρ-

2227 3208 2380 3263 θένελ·
2413 3209 2477 3262 σὺ
2505 3207 2613 3278 γάρ
2641 3208 2870 3270 τέτοκας
2912 3206 3048 3260 Θεὸν
3106 3213 3551 3281 σεσαρκωμένον,
3603 3212 3702 3267 τὸν
3752 3216 3821 3286 τῇ

2229 3301 2350 3374 θείᾳ⁵
2377 3301 2588 3373 ὲγέρσει
2611 3298 2776 3353 αὐτοῦ
2802 3299 3010 3362 πάντας
3049 3297 3325 3356 σώσαντα.

2729 3390 2827 3456 Ὧς
2851 3385 3013 3444 εἶδεν
3041 3389 3313 3458 Ἡσαΐας.

2301 3483 2700 3557 Δεσμοῦμενος,
2731 3484 3042 3555 οἰκτίρμον,
3073 3485 3443 3548 καίὲκουσὼς
3469 3485 3618 3558 ξύλῳ
3648 3507 3828 3560 προσ-

2229 3578 2548 3649 ηλούμενος,
2587 3576 2679 3629 τὸν
2735 3575 2960 3629 δεθέντα
2987 3575 3154 3630 πάλαι
3181 3579 3302 3641 ταῖς
3335 3579 3689 3649 παραϐάσεσι
3729 3581 3825 3635 λυ.

2230 3668 2487 3739 τροῦσαι·
2515 3666 2691 3731 τεθεὶς
2745 3667 2800 3719 δὲ
2841 3668 2997 3739 τάφῳ
3044 3669 3170 3731 τοὺς
3209 3669 3267 3720 ἐν
3305 3667 3500 3739 τάφοις
3547 3671 3824 3740 deum-

2234 3780 2430 3826 σαντας
2469 3761 2694 3832 νεκροὺς
2721 3762 2950 3832 ἤγειρας
2984 3760 3289 3832 ὑμνοῦντας
3326 3761 3424 3833 τὴν
3452 3762 3551 3834 σὴν
3579 3767 3826 3839 φρικτὴν

2231 3858 2548 3913 ἀνάστασιν.

2317 3950 2374 4003 'O
2414 3947 2616 4020 Κύριος
2640 3949 2835 4019 ἀνέστη
2865 3949 2928 4000 ὲκ
2959 3945 3068 4001 τῶν
3088 3947 3322 4018 νεκρῶν,
3351 3947 3427 4011 ὡς
3455 3948 3634 4020 ἔφησε
3704 3968 3825 4022 τρι-

2233 4042 2461 4112 ήμερος,
2492 4038 2716 4102 καὶτοῖς
2746 4038 3067 4102 ἀποστόλοις
3099 4038 3519 4109 συναλιζόμενος
3540 4041 3703 4106 ἐϐόα,
3734 4043 3828 4105 Εἰς

2233 4131 2408 4185 πάντα
2429 4130 2633 4200 κόσμον
2659 4129 3008 4195 ἀπελθόντες,
3036 4129 3381 4198 διαγγείλατε
3419 4130 3640 4199 τρανῶς
3679 4135 3826 4204 imp

2233 4224 2501 4295 καθορᾶτε
2533 4222 2746 4294 μεγάλα
2775 4239 2876 4293 μου
2905 4222 3208 4291 θαυμάσια.

2301 4316 2578 4382 Ξενίζεται
2599 4316 2804 4386 -καρδία
2835 4315 2930 4368 καί
2960 4314 3118 4386 ἀκοὴ,
3152 4315 3359 4386 Σῶτερ,
3391 4314 3494 4387 τὴν
3538 4316 3824 4385 εὐσπλαγο

543 4404 721 4458 tioncs
771 4401 1062 4456 charitatis
1112 4407 1168 4456 et
1210 4400 1608 4458 misericordiae
1657 4410 1784 4469 tuae,
1835 4404 2127 4460 ambulans

2252 4409 2387 4480 ίνίαν
2423 4425 2516 4462 σου
2546 4408 2642 4462 καὶ
2679 4407 2995 4476 οἰκονομίαν
3025 4409 3120 4461 καὶ
3149 4408 3566 4477 ωγκατάὸασιν
3597 4427 3613 4442 ο
3657 4412 3826 4481 σαρκὶ

543 4493 688 4547 enim
735 4493 788 4546 in
840 4508 1006 4547 carne
1056 4507 1222 4563 super
1264 4500 1466 4548 terram
1508 4492 1711 4548 dedisti
1765 4490 2128 4550 Samaritana:

545 4584 763 4640 mulieri
798 4600 992 4656 aquam
1034 4586 1212 4640 vivam
1246 4586 1509 4656 qua-renti
1536 4601 1843 4659 agnoscere
1875 4596 1948 4645 le.

613 4679 814 4731 Sancta
841 4678 933 4732 Dei
968 4677 1158 4743 Mater,
1179 4692 1301 4748 qua:
1329 4688 1581 4732 sanctum
1615 4687 1932 4734 sanctorum
1965 4695 2129 4750 pepe-

548 4772 694 4824 risti.
731 4767 968 4824 Verbum
1003 4770 1193 4824 aeterni
1230 4769 1408 4824 Patris
1436 4769 1796 4839 splendidum
1835 4770 2134 4840 deprecare

550 4877 765 4930 semper
795 4870 852 4914 ut
876 4859 1183 4915 sanetiﬁcet
1215 4859 1603 4930 illuminatque
1652 4861 1866 4916 animas
1893 4869 1947 4916 et
1965 4863 2132 4918 corda

549 4952 896 5008 credentium
933 4953 993 5005 in
1030 4959 1087 5006 te
1118 4959 1166 5006 ct
1198 4949 1391 5006 laudes
1418 4961 1536 5006 tuas
1568 4951 1988 5007 celebrantium.

862 5043 930 5098 1η
975 5044 1146 5114 ignem
1182 5041 1568 5099 intolerabilem
1597 5044 1823 5099 detrusi.

621 5137 908 5192 Exaltatus
969 5135 1282 5190 voluntarie
1335 5135 1390 5188 in
1446 5150 1609 5190 cruce
1659 5150 1880 5190 onmem
1954 5144 2131 5190 tecum

549 5229 802 5286 exaltain
837 5235 1088 5282 naturam
1123 5227 1431 5292 hominum,
1458 5237 1966 5296 annumeratusque
1991 5226 2136 5281 inter

552 5331 803 5378 mortuos
830 5331 884 5376 tu
933 5321 1025 5390 qui
1069 5320 1179 5374 vita
1214 5335 1298 5384 es,
1330 5319 1642 5385 viviﬁeasti,
1679 5318 1933 5374 Salvator
1970 5319 2138 5375 misc-

552 5419 752 5479 ricors,
798 5423 1044 5470 mortuos
1107 5413 1199 5484 qui
1243 5412 1712 5484 dispensationem
1746 5420 1894 5467 tuam
1928 5413 2133 5484 glorio-

554 5524 782 5578 s:unque
817 5508 1044 5563 laudant
1090 5507 1574 5562 resurrectionem.

615 5600 660 5654 Ο
691 5601 848 5656 dator
874 5602 1017 5665 vitae,
1045 5600 1281 5656 tuuudus
1312 5615 1421 5671 pra:
1451 5599 1643 5653 laetitia
1682 5597 1996 5654 exsultatio
2033 5597 2136 5652 bac

557 5704 741 5746 sancta
784 5694 869 5750 die
922 5693 1344 5750 resurrectionis
1411 5701 1516 5748 tua:
1565 5692 1621 5747 in
1667 5707 1773 5763 qua
1823 5690 2132 5748 contrivisti

2232 4503 2339 4572 γὰρ
2361 4502 2417 4553 έν
2438 4502 2506 4571 γῇ
2536 4498 2766 4570 βαδίζων
2792 4499 3144 4569 Σαμαρείτιδι
3168 4499 3394 4572 αἰτούσῃ
3421 4501 3652 4569 γυναικί⁸
3679 4502 3825 4572 ὕδωρ

2233 4591 2341 4656 ζῶν
2369 4592 2639 4663 παρέσχες
2667 4589 2852 4643 ἐνθέου
2886 4589 3256 4658 ἐπιγνώσεως.

2319 4682 2474 4752 Ἀγία
2504 4682 2756 4746 Θεοτόκε,
2791 4681 2881 4734 τὸν
2913 4683 2970 4734 ὲν
2993 4681 3168 4750 άγίοις
3191 4683 3344 4750 ἅγιον
3366 4683 3624 4754 κυήσασα
3647 4683 3826 4750 Δόγσῖν

2236 4772 2580 4844 προανάρχου
2639 4771 2854 4843 Πατρδς
2903 4771 3292 4842 ὲκλάμψαντα,
3351 4772 3594 4826 δυσιὲιπει
3657 4754 3826 4828 antsz

2234 4861 2530 4924 ἀπαύστως
2554 4862 2780 4930 ἁγιάσαι
2809 4862 2898 4915 καὶ
2930 4863 3164 4931 φωτίσαι
3189 4862 3289 4926 τὰς
3325 4863 3481 4933 ἡμῶν
3500 4863 3693 4934 ψυχὰς
3732 4868 3828 4919 καὶ

2234 4951 2459 5023 καρδίας
2488 4951 2596 5006 τῶν
2630 4952 2811 5005 πίστει
2837 4954 3221 5024 ἀνυμνούντων
3253 4971 3334 5008 σε.

2623 5042 2908 5108 Ἆστέκτῳ
2932 5043 3074 5113 :wpl
3109 5044 3447 5113 ένωθέντες.

2311 5135 2536 5206 Σταυρῷ
2581 5134 2815 5205 ὑψωθεὶς
2877 5135 3138 5200 ἑκουσίως
3191 5139 3371 5194 πᾶσαν
3425 5140 3827 5210 συνανύψωσις

2236 5226 2540 5297 ἀνθρώπων
2577 5228 2673 5298 τὴν
2700 5227 2887 5281 οὐσίαν
2913 5244 2926 5258 ·
2960 5229 3019 5281 ὲν
3051 5232 3265 5300 νεκροῖς
3294 5230 3352 5283 δὲ
3398 5229 3513 5302 ζωὴ
3557 5233 3828 5305 ὑπάρχων

2237 5324 2508 5393 λογισθεὶς
2555 5322 2813 5388 ὲζὼωσας
2875 5323 3212 5394 ὑμνοῦντας,
3263 5325 3469 5396 Σῶτερ,
3527 5326 3629 5397 τὴν
3677 5331 3828 5381 οἰκο-

2237 5415 2430 5485 νομίαν
2471 5431 2586 5478 σου,
2649 5415 2744 5466 καὶ
2807 5413 2907 5483 τὴν
2961 5413 3096 5483 μετά
3160 5413 3319 5484 δόξης
3364 5414 3702 5482 ἀνάστασιν,
3748 5418 3827 5470 οξ-

2239 5507 2362 5578 κτίρ
2370 5525 2486 5577 μον.

2323 5600 2381 5652 Ὀ
2409 5600 2611 5669 κόσμος
2642 5600 2786 5671 χαρᾷ⁴
2815 5598 3062 5668 ἑορτάζει
3092 5599 3151 5652 ὲν
3177 5601 3244 5670 τῇ
3263 5598 3514 5669 παναγία
3547 5615 3643 5652 σου
3672 5600 3823 5668 ἑτέρ-

2243 5709 2344 5761 σει,
2363 5691 2616 5761 ζωοδότα,
2647 5692 2703 5744 ὲν
2720 5684 2754 5764 ᾖ
2773 5691 2954 5746 πᾶσαν
2975 5691 3072 5762 τὴν
3086 5689 3406 5745 δυναστείαν
3425 5688 3558 5760 ᾅδου
3581 5691 3820 5744 κατεκᾶ-
