  <div class='ocr_page' id='page_1' title='image "/cluster/home/n/w/nwhite01/storage/ocr_20150623/87 pars.3/pst.000005712915/592.png"; bbox 0 0 3898 6320; ppageno 0'>
   <div class='ocr_carea' id='block_1_1' title="bbox 93 419 250 484">
    <p class='ocr_par' dir='ltr' id='par_1_1' title="bbox 93 419 250 484">
     <span class='ocr_line' id='line_1_1' title="bbox 93 419 250 484; baseline 0.013 -2"><span class='ocrx_word' id='word_1_1' title='bbox 93 419 250 484; x_wconf 83' lang='lat'><strong>3953</strong></span> 
     </span>
    </p>
   </div>
   <div class='ocr_carea' id='block_1_2' title="bbox 94 529 1202 602">
    <p class='ocr_par' dir='ltr' id='par_1_2' title="bbox 94 529 1202 602">
     <span class='ocr_line' id='line_1_2' title="bbox 94 529 1202 602; baseline 0.006 -22"><span class='ocrx_word' id='word_1_2' title='bbox 94 545 302 598; x_wconf 84' lang='grc' dir='ltr'>τησας,</span> <span class='ocrx_word' id='word_1_3' title='bbox 353 529 444 582; x_wconf 77' lang='grc' dir='ltr'>καὶ</span> <span class='ocrx_word' id='word_1_4' title='bbox 474 529 707 584; x_wconf 79' lang='grc' dir='ltr'>θανάτου</span> <span class='ocrx_word' id='word_1_5' title='bbox 747 531 968 602; x_wconf 81' lang='grc' dir='ltr'>κέντρον</span> <span class='ocrx_word' id='word_1_6' title='bbox 990 574 1005 598; x_wconf 94' lang='grc'><strong>,</strong></span> <span class='ocrx_word' id='word_1_7' title='bbox 1040 534 1202 602; x_wconf 82' lang='grc' dir='ltr'>Λόγε,</span> 
     </span>
    </p>
   </div>
   <div class='ocr_carea' id='block_1_3' title="bbox 98 619 1337 697">
    <p class='ocr_par' dir='ltr' id='par_1_3' title="bbox 98 619 1337 697">
     <span class='ocr_line' id='line_1_3' title="bbox 98 619 1337 697; baseline 0.007 -25"><span class='ocrx_word' id='word_1_8' title='bbox 98 621 208 674; x_wconf 74' lang='grc' dir='ltr'>καὶ</span> <span class='ocrx_word' id='word_1_9' title='bbox 229 621 327 690; x_wconf 76' lang='grc' dir='ltr'>τὴν</span> <span class='ocrx_word' id='word_1_10' title='bbox 353 619 666 692; x_wconf 73' lang='grc' dir='ltr'><strong>ἀφθαρσίαν</strong></span> <span class='ocrx_word' id='word_1_11' title='bbox 700 623 984 694; x_wconf 74' lang='grc' dir='ltr'>ὲπήγασας</span> <span class='ocrx_word' id='word_1_12' title='bbox 1007 625 1337 697; x_wconf 81' lang='grc' dir='ltr'>ἀνθρώποις.</span> 
     </span>
    </p>
   </div>
   <div class='ocr_carea' id='block_1_4' title="bbox 195 713 1702 794">
    <p class='ocr_par' dir='ltr' id='par_1_4' title="bbox 195 713 1702 794">
     <span class='ocr_line' id='line_1_4' title="bbox 195 713 1702 794; baseline 0.009 -29"><span class='ocrx_word' id='word_1_13' title='bbox 195 713 400 766; x_wconf 76' lang='grc' dir='ltr'>’ἰδοῦσα</span> <span class='ocrx_word' id='word_1_14' title='bbox 443 713 580 785; x_wconf 79' lang='grc' dir='ltr'>γυνὴ</span> <span class='ocrx_word' id='word_1_15' title='bbox 611 715 939 785; x_wconf 86' lang='grc' dir='ltr'>Σαμαρεῖτις</span> <span class='ocrx_word' id='word_1_16' title='bbox 976 719 1347 772; x_wconf 80' lang='grc' dir='ltr'>κεκοπιακότα</span> <span class='ocrx_word' id='word_1_17' title='bbox 1375 737 1466 785; x_wconf 88' lang='grc' dir='ltr'><strong>σε,</strong></span> <span class='ocrx_word' id='word_1_18' title='bbox 1494 723 1702 794; x_wconf 81' lang='grc' dir='ltr'>οἰκτίρ-</span> 
     </span>
    </p>
   </div>
   <div class='ocr_carea' id='block_1_5' title="bbox 102 805 1700 882">
    <p class='ocr_par' dir='ltr' id='par_1_5' title="bbox 102 805 1700 882">
     <span class='ocr_line' id='line_1_5' title="bbox 102 805 1700 882; baseline 0.008 -26"><span class='ocrx_word' id='word_1_19' title='bbox 102 821 236 873; x_wconf 82' lang='grc' dir='ltr'>μον,</span> <span class='ocrx_word' id='word_1_20' title='bbox 257 805 350 858; x_wconf 75' lang='grc' dir='ltr'>καὶ</span> <span class='ocrx_word' id='word_1_21' title='bbox 368 805 634 875; x_wconf 79' lang='grc' dir='ltr'>ζητοῦντα</span> <span class='ocrx_word' id='word_1_22' title='bbox 649 805 790 878; x_wconf 78' lang='grc' dir='ltr'>ὕδωρ</span> <span class='ocrx_word' id='word_1_23' title='bbox 808 811 953 860; x_wconf 81' lang='grc' dir='ltr'>πιεῖν</span> <span class='ocrx_word' id='word_1_24' title='bbox 969 807 1289 876; x_wconf 75' lang='grc' dir='ltr'><strong>ἀθανασίας,</strong></span> <span class='ocrx_word' id='word_1_25' title='bbox 1309 811 1590 882; x_wconf 80' lang='grc' dir='ltr'><strong>κομίζεται</strong></span> <span class='ocrx_word' id='word_1_26' title='bbox 1609 816 1700 870; x_wconf 73' lang='grc' dir='ltr'><strong>νάο</strong></span> 
     </span>
    </p>
   </div>
   <div class='ocr_carea' id='block_1_6' title="bbox 103 897 1698 979">
    <p class='ocr_par' dir='ltr' id='par_1_6' title="bbox 103 897 1698 979">
     <span class='ocr_line' id='line_1_6' title="bbox 103 897 1698 979; baseline 0.008 -32"><span class='ocrx_word' id='word_1_27' title='bbox 103 913 280 966; x_wconf 83' lang='grc' dir='ltr'>ματα,</span> <span class='ocrx_word' id='word_1_28' title='bbox 297 897 570 962; x_wconf 79' lang='grc' dir='ltr'>ὲκϐοῶσα,</span> <span class='ocrx_word' id='word_1_29' title='bbox 590 899 688 962; x_wconf 76' lang='grc' dir='ltr'><strong>Δός</strong></span> <span class='ocrx_word' id='word_1_30' title='bbox 706 916 796 969; x_wconf 80' lang='grc' dir='ltr'><strong>μοι</strong></span> <span class='ocrx_word' id='word_1_31' title='bbox 821 899 880 952; x_wconf 84' lang='grc' dir='ltr'><strong>τὺ</strong></span> <span class='ocrx_word' id='word_1_32' title='bbox 903 900 1011 964; x_wconf 82' lang='grc' dir='ltr'>ζῶν</span> <span class='ocrx_word' id='word_1_33' title='bbox 1035 900 1200 973; x_wconf 75' lang='grc' dir='ltr'>ὕδωρ,</span> <span class='ocrx_word' id='word_1_34' title='bbox 1224 902 1421 974; x_wconf 80' lang='grc' dir='ltr'>Κύριε,</span> <span class='ocrx_word' id='word_1_35' title='bbox 1443 906 1591 970; x_wconf 81' lang='grc' dir='ltr'>ὅπως</span> <span class='ocrx_word' id='word_1_36' title='bbox 1623 909 1698 979; x_wconf 83' lang='grc' dir='ltr'>μὴ</span> 
     </span>
    </p>
   </div>
   <div class='ocr_carea' id='block_1_7' title="bbox 96 989 992 1063">
    <p class='ocr_par' dir='ltr' id='par_1_7' title="bbox 96 989 992 1063">
     <span class='ocr_line' id='line_1_7' title="bbox 96 989 992 1063; baseline 0.007 -22"><span class='ocrx_word' id='word_1_37' title='bbox 96 989 323 1058; x_wconf 66' lang='grc' dir='ltr'>διψήσω</span> <span class='ocrx_word' id='word_1_38' title='bbox 352 992 431 1052; x_wconf 82' lang='grc' dir='ltr'><strong>εἰς</strong></span> <span class='ocrx_word' id='word_1_39' title='bbox 457 989 548 1042; x_wconf 81' lang='grc' dir='ltr'>τὸν</span> <span class='ocrx_word' id='word_1_40' title='bbox 579 991 752 1044; x_wconf 75' lang='grc' dir='ltr'>αἰῶνα</span> <span class='ocrx_word' id='word_1_41' title='bbox 781 993 992 1063; x_wconf 85' lang='grc' dir='ltr'>χρόνον.</span> 
     </span>
    </p>
   </div>
   <div class='ocr_carea' id='block_1_8' title="bbox 179 1078 1697 1160">
    <p class='ocr_par' dir='ltr' id='par_1_8' title="bbox 179 1078 1697 1160">
     <span class='ocr_line' id='line_1_8' title="bbox 179 1078 1697 1160; baseline 0.008 -27"><span class='ocrx_word' id='word_1_42' title='bbox 179 1078 343 1145; x_wconf 78' lang='grc' dir='ltr'>Οἶκος</span> <span class='ocrx_word' id='word_1_43' title='bbox 371 1081 464 1135; x_wconf 90' lang='grc' dir='ltr'><strong>τοῦ</strong></span> <span class='ocrx_word' id='word_1_44' title='bbox 487 1082 623 1136; x_wconf 85' lang='grc' dir='ltr'>Θεοῦ</span> <span class='ocrx_word' id='word_1_45' title='bbox 647 1085 1259 1157; x_wconf 82' lang='grc' dir='ltr'>ὲγνωρίσθης,πάναγνε</span> <span class='ocrx_word' id='word_1_46' title='bbox 1287 1089 1532 1160; x_wconf 83' lang='grc' dir='ltr'>Παρθὲνε</span> <span class='ocrx_word' id='word_1_47' title='bbox 1565 1091 1697 1146; x_wconf 85' lang='grc' dir='ltr'>Θεο-</span> 
     </span>
    </p>
   </div>
   <div class='ocr_carea' id='block_1_9' title="bbox 99 1171 1696 1250">
    <p class='ocr_par' dir='ltr' id='par_1_9' title="bbox 99 1171 1696 1250">
     <span class='ocr_line' id='line_1_9' title="bbox 99 1171 1696 1250; baseline 0.006 -24"><span class='ocrx_word' id='word_1_48' title='bbox 99 1171 259 1237; x_wconf 86' lang='grc' dir='ltr'>τόκε,</span> <span class='ocrx_word' id='word_1_49' title='bbox 289 1171 465 1244; x_wconf 86' lang='grc' dir='ltr'>τούτῳ</span> <span class='ocrx_word' id='word_1_50' title='bbox 493 1173 672 1244; x_wconf 85' lang='grc' dir='ltr'>σάρκα</span> <span class='ocrx_word' id='word_1_51' title='bbox 694 1175 834 1244; x_wconf 81' lang='grc' dir='ltr'>ὑπὲρ</span> <span class='ocrx_word' id='word_1_52' title='bbox 861 1176 1017 1244; x_wconf 89' lang='grc' dir='ltr'>λόγον</span> <span class='ocrx_word' id='word_1_53' title='bbox 1045 1178 1469 1250; x_wconf 74' lang='grc' dir='ltr'>ἐμψυχουμένην</span> <span class='ocrx_word' id='word_1_54' title='bbox 1500 1184 1562 1235; x_wconf 79' lang='grc' dir='ltr'>ὲκ</span> <span class='ocrx_word' id='word_1_55' title='bbox 1586 1182 1696 1236; x_wconf 88' lang='grc' dir='ltr'><strong>τῶν</strong></span> 
     </span>
    </p>
   </div>
   <div class='ocr_carea' id='block_1_10' title="bbox 101 1264 1697 1340">
    <p class='ocr_par' dir='ltr' id='par_1_10' title="bbox 101 1264 1697 1340">
     <span class='ocr_line' id='line_1_10' title="bbox 101 1264 1697 1340; baseline 0.009 -25"><span class='ocrx_word' id='word_1_56' title='bbox 101 1264 222 1317; x_wconf 86' lang='grc' dir='ltr'>σῶν</span> <span class='ocrx_word' id='word_1_57' title='bbox 249 1264 542 1318; x_wconf 88' lang='grc' dir='ltr'>δανείσασα</span> <span class='ocrx_word' id='word_1_58' title='bbox 574 1266 988 1336; x_wconf 84' lang='grc' dir='ltr'>παναχρὰντων,</span> <span class='ocrx_word' id='word_1_59' title='bbox 1024 1269 1200 1340; x_wconf 79' lang='grc' dir='ltr'>Κόρη,</span> <span class='ocrx_word' id='word_1_60' title='bbox 1220 1271 1471 1340; x_wconf 77' lang='grc' dir='ltr'><strong>αἱμάτων</strong></span> <span class='ocrx_word' id='word_1_61' title='bbox 1491 1313 1506 1338; x_wconf 94' lang='grc'><strong>,</strong></span> <span class='ocrx_word' id='word_1_62' title='bbox 1558 1292 1697 1330; x_wconf 86' lang='grc' dir='ltr'>παν-</span> 
     </span>
    </p>
   </div>
   <div class='ocr_carea' id='block_1_11' title="bbox 100 1355 1620 1430">
    <p class='ocr_par' dir='ltr' id='par_1_11' title="bbox 100 1355 1620 1430">
     <span class='ocr_line' id='line_1_11' title="bbox 100 1355 1620 1430; baseline 0.007 -21"><span class='ocrx_word' id='word_1_63' title='bbox 100 1356 312 1427; x_wconf 83' lang='grc' dir='ltr'>άμωμε</span> <span class='ocrx_word' id='word_1_64' title='bbox 332 1373 346 1387; x_wconf 88' lang='grc'><strong>·</strong></span> <span class='ocrx_word' id='word_1_65' title='bbox 373 1355 494 1410; x_wconf 81' lang='grc' dir='ltr'>ὅθεν</span> <span class='ocrx_word' id='word_1_66' title='bbox 527 1373 586 1409; x_wconf 84' lang='grc' dir='ltr'><strong>σε</strong></span> <span class='ocrx_word' id='word_1_67' title='bbox 616 1357 867 1428; x_wconf 85' lang='grc' dir='ltr'>τιμῶμεν</span> <span class='ocrx_word' id='word_1_68' title='bbox 899 1360 981 1423; x_wconf 85' lang='grc' dir='ltr'><strong>είς</strong></span> <span class='ocrx_word' id='word_1_69' title='bbox 1003 1360 1210 1424; x_wconf 82' lang='grc' dir='ltr'><strong>πάντας</strong></span> <span class='ocrx_word' id='word_1_70' title='bbox 1241 1363 1366 1426; x_wconf 77' lang='grc' dir='ltr'>τοὺς</span> <span class='ocrx_word' id='word_1_71' title='bbox 1397 1363 1620 1430; x_wconf 81' lang='grc' dir='ltr'>αἰῶνας.</span> 
     </span>
    </p>
   </div>
   <div class='ocr_carea' id='block_1_12' title="bbox 403 1449 1373 1524">
    <p class='ocr_par' dir='ltr' id='par_1_12' title="bbox 403 1449 1373 1524">
     <span class='ocr_line' id='line_1_12' title="bbox 403 1449 1373 1524; baseline 0.007 -22"><span class='ocrx_word' id='word_1_72' title='bbox 403 1451 501 1503; x_wconf 82' lang='grc' dir='ltr'><strong>Ἑν</strong></span> <span class='ocrx_word' id='word_1_73' title='bbox 533 1451 725 1521; x_wconf 80' lang='grc' dir='ltr'>νόμου</span> <span class='ocrx_word' id='word_1_74' title='bbox 763 1449 908 1520; x_wconf 82' lang='grc' dir='ltr'>σκιᾷ</span> <span class='ocrx_word' id='word_1_75' title='bbox 932 1452 1028 1506; x_wconf 75' lang='grc' dir='ltr'>καὶ</span> <span class='ocrx_word' id='word_1_76' title='bbox 1059 1453 1373 1524; x_wconf 74' lang='grc' dir='ltr'>γράμματι.</span> 
     </span>
    </p>
   </div>
   <div class='ocr_carea' id='block_1_13' title="bbox 177 1543 1688 1624">
    <p class='ocr_par' dir='ltr' id='par_1_13' title="bbox 177 1543 1688 1624">
     <span class='ocr_line' id='line_1_13' title="bbox 177 1543 1688 1624; baseline 0.005 -27"><span class='ocrx_word' id='word_1_77' title='bbox 177 1543 483 1616; x_wconf 80' lang='grc' dir='ltr'>Θαμὸεῖται</span> <span class='ocrx_word' id='word_1_78' title='bbox 502 1545 646 1618; x_wconf 79' lang='grc' dir='ltr'>δρῶν</span> <span class='ocrx_word' id='word_1_79' title='bbox 666 1548 725 1600; x_wconf 81' lang='grc' dir='ltr'>ὲν</span> <span class='ocrx_word' id='word_1_80' title='bbox 744 1545 888 1620; x_wconf 71' lang='grc' dir='ltr'>ξύλῳ</span> <span class='ocrx_word' id='word_1_81' title='bbox 906 1546 1158 1614; x_wconf 86' lang='grc' dir='ltr'>ταθέντα,</span> <span class='ocrx_word' id='word_1_82' title='bbox 1178 1549 1221 1602; x_wconf 86' lang='grc' dir='ltr'>Χ</span> <span class='ocrx_word' id='word_1_83' title='bbox 1229 1550 1404 1619; x_wconf 79' lang='grc' dir='ltr'>ριστὲ,</span> <span class='ocrx_word' id='word_1_84' title='bbox 1429 1549 1490 1604; x_wconf 66' lang='grc' dir='ltr'>σι</span> <span class='ocrx_word' id='word_1_85' title='bbox 1518 1552 1688 1624; x_wconf 76' lang='grc' dir='ltr'>ἥλιος,</span> 
     </span>
    </p>
   </div>
   <div class='ocr_carea' id='block_1_14' title="bbox 99 1635 1693 1714">
    <p class='ocr_par' dir='ltr' id='par_1_14' title="bbox 99 1635 1693 1714">
     <span class='ocr_line' id='line_1_14' title="bbox 99 1635 1693 1714; baseline 0.005 -24"><span class='ocrx_word' id='word_1_86' title='bbox 99 1635 384 1692; x_wconf 83' lang='grc' dir='ltr'>κλονεῖται</span> <span class='ocrx_word' id='word_1_87' title='bbox 404 1637 474 1692; x_wconf 84' lang='grc' dir='ltr'><strong>τά</strong></span> <span class='ocrx_word' id='word_1_88' title='bbox 506 1639 768 1709; x_wconf 83' lang='grc' dir='ltr'>στοιχεῖα,</span> <span class='ocrx_word' id='word_1_89' title='bbox 798 1640 891 1692; x_wconf 73' lang='grc' dir='ltr'>καὶ</span> <span class='ocrx_word' id='word_1_90' title='bbox 914 1639 1202 1693; x_wconf 84' lang='grc' dir='ltr'>σαλεύεται</span> <span class='ocrx_word' id='word_1_91' title='bbox 1233 1643 1384 1695; x_wconf 77' lang='grc' dir='ltr'>πᾶσα</span> <span class='ocrx_word' id='word_1_92' title='bbox 1415 1645 1448 1714; x_wconf 84' lang='grc' dir='ltr'><strong>ή</strong></span> <span class='ocrx_word' id='word_1_93' title='bbox 1479 1645 1571 1714; x_wconf 86' lang='grc' dir='ltr'>γῆ,</span> <span class='ocrx_word' id='word_1_94' title='bbox 1597 1646 1693 1699; x_wconf 75' lang='grc' dir='ltr'>καὶ</span> 
     </span>
    </p>
   </div>
   <div class='ocr_carea' id='block_1_15' title="bbox 97 1726 1690 1801">
    <p class='ocr_par' dir='ltr' id='par_1_15' title="bbox 97 1726 1690 1801">
     <span class='ocr_line' id='line_1_15' title="bbox 97 1726 1690 1801; baseline 0.006 -21"><span class='ocrx_word' id='word_1_95' title='bbox 97 1726 532 1800; x_wconf 79' lang='grc' dir='ltr'>διαῤῥήγνυνται</span> <span class='ocrx_word' id='word_1_96' title='bbox 575 1729 796 1800; x_wconf 83' lang='grc' dir='ltr'><strong>πέτραι,</strong></span> <span class='ocrx_word' id='word_1_97' title='bbox 842 1731 936 1784; x_wconf 77' lang='grc' dir='ltr'>καὶ</span> <span class='ocrx_word' id='word_1_98' title='bbox 988 1731 1122 1801; x_wconf 81' lang='grc' dir='ltr'>ᾷδης</span> <span class='ocrx_word' id='word_1_99' title='bbox 1156 1733 1402 1786; x_wconf 80' lang='grc' dir='ltr'>κάτωθεν</span> <span class='ocrx_word' id='word_1_100' title='bbox 1427 1735 1556 1798; x_wconf 70' lang='grc' dir='ltr'>τοὺς</span> <span class='ocrx_word' id='word_1_101' title='bbox 1592 1735 1690 1789; x_wconf 86' lang='grc' dir='ltr'><strong>ἀπ’</strong></span> 
     </span>
    </p>
   </div>
   <div class='ocr_carea' id='block_1_16' title="bbox 99 1818 1370 1894">
    <p class='ocr_par' dir='ltr' id='par_1_16' title="bbox 99 1818 1370 1894">
     <span class='ocr_line' id='line_1_16' title="bbox 99 1818 1370 1894; baseline 0.003 -20"><span class='ocrx_word' id='word_1_102' title='bbox 99 1818 309 1884; x_wconf 83' lang='grc' dir='ltr'>αἰῶνος</span> <span class='ocrx_word' id='word_1_103' title='bbox 340 1820 596 1892; x_wconf 80' lang='grc' dir='ltr'><strong>δεσμίους</strong></span> <span class='ocrx_word' id='word_1_104' title='bbox 624 1822 852 1876; x_wconf 75' lang='grc' dir='ltr'><strong>ἀπολύει</strong></span> <span class='ocrx_word' id='word_1_105' title='bbox 877 1823 1251 1894; x_wconf 72' lang='grc' dir='ltr'>ἀνυμνοῦντάς</span> <span class='ocrx_word' id='word_1_106' title='bbox 1287 1841 1370 1878; x_wconf 88' lang='grc' dir='ltr'><strong>σε.</strong></span> 
     </span>
    </p>
   </div>
   <div class='ocr_carea' id='block_1_17' title="bbox 190 1911 1690 1986">
    <p class='ocr_par' dir='ltr' id='par_1_17' title="bbox 190 1911 1690 1986">
     <span class='ocr_line' id='line_1_17' title="bbox 190 1911 1690 1986; baseline 0.004 -22"><span class='ocrx_word' id='word_1_107' title='bbox 190 1911 438 1984; x_wconf 83' lang='grc' dir='ltr'>Ἐτέθης,</span> <span class='ocrx_word' id='word_1_108' title='bbox 471 1915 695 1985; x_wconf 81' lang='grc' dir='ltr'>Χριστὲ,</span> <span class='ocrx_word' id='word_1_109' title='bbox 719 1918 776 1969; x_wconf 84' lang='grc' dir='ltr'><strong>ὲν</strong></span> <span class='ocrx_word' id='word_1_110' title='bbox 807 1915 983 1986; x_wconf 73' lang='grc' dir='ltr'>τάφῳ,</span> <span class='ocrx_word' id='word_1_111' title='bbox 1005 1917 1038 1984; x_wconf 78' lang='grc' dir='ltr'>ἡ</span> <span class='ocrx_word' id='word_1_112' title='bbox 1056 1913 1167 1982; x_wconf 74' lang='grc' dir='ltr'><strong>ζωὴ</strong></span> <span class='ocrx_word' id='word_1_113' title='bbox 1199 1916 1293 1969; x_wconf 76' lang='grc' dir='ltr'>καὶ</span> <span class='ocrx_word' id='word_1_114' title='bbox 1321 1916 1690 1986; x_wconf 85' lang='grc' dir='ltr'>ήάνάστασις,</span> 
     </span>
    </p>
   </div>
   <div class='ocr_carea' id='block_1_18' title="bbox 97 2005 1694 2078">
    <p class='ocr_par' dir='ltr' id='par_1_18' title="bbox 97 2005 1694 2078">
     <span class='ocr_line' id='line_1_18' title="bbox 97 2005 1694 2078; baseline 0.003 -20"><span class='ocrx_word' id='word_1_115' title='bbox 97 2005 342 2076; x_wconf 78' lang='grc' dir='ltr'><strong>ἀνέστης</strong></span> <span class='ocrx_word' id='word_1_116' title='bbox 371 2006 422 2059; x_wconf 76' lang='grc' dir='ltr'>δὲ</span> <span class='ocrx_word' id='word_1_117' title='bbox 456 2008 514 2060; x_wconf 82' lang='grc' dir='ltr'>ὲν</span> <span class='ocrx_word' id='word_1_118' title='bbox 533 2006 682 2078; x_wconf 78' lang='grc' dir='ltr'>δόξῃ,</span> <span class='ocrx_word' id='word_1_119' title='bbox 715 2007 773 2060; x_wconf 79' lang='grc' dir='ltr'>ἑν</span> <span class='ocrx_word' id='word_1_120' title='bbox 798 2007 1030 2078; x_wconf 75' lang='grc' dir='ltr'><strong>ἡμέραις</strong></span> <span class='ocrx_word' id='word_1_121' title='bbox 1049 2007 1262 2060; x_wconf 84' lang='grc' dir='ltr'>πλείοσι</span> <span class='ocrx_word' id='word_1_122' title='bbox 1293 2011 1406 2071; x_wconf 87' lang='grc' dir='ltr'>τοῖς</span> <span class='ocrx_word' id='word_1_123' title='bbox 1430 2011 1543 2072; x_wconf 87' lang='grc' dir='ltr'>σοῖς</span> <span class='ocrx_word' id='word_1_124' title='bbox 1576 2025 1694 2062; x_wconf 89' lang='grc' dir='ltr'>συν-</span> 
     </span>
    </p>
   </div>
   <div class='ocr_carea' id='block_1_19' title="bbox 95 2097 1692 2173">
    <p class='ocr_par' dir='ltr' id='par_1_19' title="bbox 95 2097 1692 2173">
     <span class='ocr_line' id='line_1_19' title="bbox 95 2097 1692 2173; baseline 0.004 -22"><span class='ocrx_word' id='word_1_125' title='bbox 95 2097 424 2168; x_wconf 74' lang='grc' dir='ltr'>αλιζόμενος</span> <span class='ocrx_word' id='word_1_126' title='bbox 448 2100 649 2167; x_wconf 79' lang='grc' dir='ltr'>φίλοις,</span> <span class='ocrx_word' id='word_1_127' title='bbox 711 2100 812 2154; x_wconf 64' lang='grc' dir='ltr'>καὶ</span> <span class='ocrx_word' id='word_1_128' title='bbox 861 2100 1085 2164; x_wconf 83' lang='grc' dir='ltr'>τούτους</span> <span class='ocrx_word' id='word_1_129' title='bbox 1125 2102 1374 2173; x_wconf 82' lang='grc' dir='ltr'>κήρυκας</span> <span class='ocrx_word' id='word_1_130' title='bbox 1406 2103 1488 2166; x_wconf 83' lang='grc' dir='ltr'><strong>είς</strong></span> <span class='ocrx_word' id='word_1_131' title='bbox 1515 2102 1692 2156; x_wconf 83' lang='grc' dir='ltr'>πάντα</span> 
     </span>
    </p>
   </div>
   <div class='ocr_carea' id='block_1_20' title="bbox 96 2191 1526 2266">
    <p class='ocr_par' dir='ltr' id='par_1_20' title="bbox 96 2191 1526 2266">
     <span class='ocr_line' id='line_1_20' title="bbox 96 2191 1526 2266; baseline 0.004 -22"><span class='ocrx_word' id='word_1_132' title='bbox 96 2191 314 2262; x_wconf 77' lang='grc' dir='ltr'>κόσμον</span> <span class='ocrx_word' id='word_1_133' title='bbox 343 2191 651 2264; x_wconf 77' lang='grc' dir='ltr'>ἐκπέμπων.</span> <span class='ocrx_word' id='word_1_134' title='bbox 679 2196 779 2263; x_wconf 75' lang='grc' dir='ltr'>τῆς</span> <span class='ocrx_word' id='word_1_135' title='bbox 798 2194 1369 2266; x_wconf 60' lang='grc' dir='ltr'>φρωτῆςόίκονομίας</span> <span class='ocrx_word' id='word_1_136' title='bbox 1409 2212 1526 2250; x_wconf 86' lang='grc' dir='ltr'>σου.</span> 
     </span>
    </p>
   </div>
   <div class='ocr_carea' id='block_1_21' title="bbox 179 2371 1688 2452">
    <p class='ocr_par' dir='ltr' id='par_1_21' title="bbox 179 2371 1688 2452">
     <span class='ocr_line' id='line_1_21' title="bbox 179 2371 1688 2452; baseline 0.005 -28"><span class='ocrx_word' id='word_1_137' title='bbox 179 2371 374 2434; x_wconf 84' lang='grc' dir='ltr'>ὐδούς</span> <span class='ocrx_word' id='word_1_138' title='bbox 404 2389 492 2442; x_wconf 87' lang='grc' dir='ltr'><strong>μοι</strong></span> <span class='ocrx_word' id='word_1_139' title='bbox 537 2372 684 2439; x_wconf 78' lang='grc' dir='ltr'>ζωῆς</span> <span class='ocrx_word' id='word_1_140' title='bbox 705 2373 985 2440; x_wconf 81' lang='grc' dir='ltr'>δεικνύων,</span> <span class='ocrx_word' id='word_1_141' title='bbox 1031 2375 1232 2444; x_wconf 81' lang='grc' dir='ltr'>Ἰησοῦ,</span> <span class='ocrx_word' id='word_1_142' title='bbox 1281 2377 1340 2430; x_wconf 69' lang='grc' dir='ltr'>ιν</span> <span class='ocrx_word' id='word_1_143' title='bbox 1366 2378 1688 2452; x_wconf 68' lang='grc' dir='ltr'>συμπαθείᾳ</span> 
     </span>
    </p>
   </div>
   <div class='ocr_carea' id='block_1_22' title="bbox 90 2463 1689 2538">
    <p class='ocr_par' dir='ltr' id='par_1_22' title="bbox 90 2463 1689 2538">
     <span class='ocr_line' id='line_1_22' title="bbox 90 2463 1689 2538; baseline 0.004 -20"><span class='ocrx_word' id='word_1_144' title='bbox 90 2464 297 2533; x_wconf 81' lang='grc' dir='ltr'>πολλῇ,</span> <span class='ocrx_word' id='word_1_145' title='bbox 331 2463 568 2534; x_wconf 72' lang='grc' dir='ltr'>βαδίζεις</span> <span class='ocrx_word' id='word_1_146' title='bbox 602 2465 696 2518; x_wconf 74' lang='grc' dir='ltr'>καὶ</span> <span class='ocrx_word' id='word_1_147' title='bbox 723 2466 930 2538; x_wconf 79' lang='grc' dir='ltr'>καθέςῃ</span> <span class='ocrx_word' id='word_1_148' title='bbox 961 2467 1100 2538; x_wconf 80' lang='grc' dir='ltr'>πρὸς</span> <span class='ocrx_word' id='word_1_149' title='bbox 1127 2465 1188 2520; x_wconf 78' lang='grc' dir='ltr'><strong>τὸ</strong></span> <span class='ocrx_word' id='word_1_150' title='bbox 1221 2467 1422 2538; x_wconf 85' lang='grc' dir='ltr'>φρέαρ,</span> <span class='ocrx_word' id='word_1_151' title='bbox 1444 2470 1689 2524; x_wconf 78' lang='grc' dir='ltr'>Δέσποτα</span> 
     </span>
    </p>
   </div>
   <div class='ocr_carea' id='block_1_23' title="bbox 89 2555 1690 2628">
    <p class='ocr_par' dir='ltr' id='par_1_23' title="bbox 89 2555 1690 2628">
     <span class='ocr_line' id='line_1_23' title="bbox 89 2555 1690 2628; baseline 0.002 -19"><span class='ocrx_word' id='word_1_152' title='bbox 89 2555 449 2628; x_wconf 79' lang='grc' dir='ltr'>Χριστὲ,καὶ</span> <span class='ocrx_word' id='word_1_153' title='bbox 481 2555 697 2622; x_wconf 72' lang='grc' dir='ltr'>γυναικὶ</span> <span class='ocrx_word' id='word_1_154' title='bbox 751 2557 1052 2626; x_wconf 79' lang='grc' dir='ltr'>αίτουμένῃ</span> <span class='ocrx_word' id='word_1_155' title='bbox 1095 2556 1394 2620; x_wconf 81' lang='grc' dir='ltr'>ἀθανασίας</span> <span class='ocrx_word' id='word_1_156' title='bbox 1425 2560 1690 2626; x_wconf 79' lang='grc' dir='ltr'>κρουνοὺς</span> 
     </span>
    </p>
   </div>
   <div class='ocr_carea' id='block_1_24' title="bbox 90 2648 1664 2722">
    <p class='ocr_par' dir='ltr' id='par_1_24' title="bbox 90 2648 1664 2722">
     <span class='ocr_line' id='line_1_24' title="bbox 90 2648 1664 2722; baseline 0.003 -22"><span class='ocrx_word' id='word_1_157' title='bbox 90 2648 587 2720; x_wconf 80' lang='grc' dir='ltr'>προσεπιπέμπεις</span> <span class='ocrx_word' id='word_1_158' title='bbox 615 2648 859 2722; x_wconf 78' lang='grc' dir='ltr'>ύμνούσῃ</span> <span class='ocrx_word' id='word_1_159' title='bbox 891 2649 991 2721; x_wconf 79' lang='grc' dir='ltr'>τὴν</span> <span class='ocrx_word' id='word_1_160' title='bbox 1036 2648 1239 2721; x_wconf 79' lang='grc' dir='ltr'>πολλήν</span> <span class='ocrx_word' id='word_1_161' title='bbox 1282 2665 1375 2703; x_wconf 88' lang='grc' dir='ltr'><strong>σου</strong></span> <span class='ocrx_word' id='word_1_162' title='bbox 1413 2652 1664 2720; x_wconf 83' lang='grc' dir='ltr'>συγκατά</span> 
     </span>
    </p>
   </div>
   <div class='ocr_carea' id='block_1_25' title="bbox 92 2740 1080 2809">
    <p class='ocr_par' dir='ltr' id='par_1_25' title="bbox 92 2740 1080 2809">
     <span class='ocr_line' id='line_1_25' title="bbox 92 2740 1080 2809; baseline 0.003 -15"><span class='ocrx_word' id='word_1_163' title='bbox 92 2740 283 2794; x_wconf 79' lang='grc' dir='ltr'>σασιν.</span> <span class='ocrx_word' id='word_1_164' title='bbox 1077 2807 1080 2809; x_wconf 13' lang='grc' dir='ltr'><strong>Α</strong></span> 
     </span>
    </p>
   </div>
   <div class='ocr_carea' id='block_1_26' title="bbox 167 2828 1688 2904">
    <p class='ocr_par' dir='ltr' id='par_1_26' title="bbox 167 2828 1688 2904">
     <span class='ocr_line' id='line_1_26' title="bbox 167 2828 1688 2904; baseline 0.003 -20"><span class='ocrx_word' id='word_1_165' title='bbox 167 2828 481 2902; x_wconf 86' lang='grc' dir='ltr'>Σαρκοῦται</span> <span class='ocrx_word' id='word_1_166' title='bbox 511 2831 575 2883; x_wconf 75' lang='grc' dir='ltr'>ὲκ</span> <span class='ocrx_word' id='word_1_167' title='bbox 621 2829 715 2884; x_wconf 92' lang='grc' dir='ltr'><strong>σοῦ</strong></span> <span class='ocrx_word' id='word_1_168' title='bbox 775 2831 1011 2902; x_wconf 81' lang='grc' dir='ltr'>Χριστὸς</span> <span class='ocrx_word' id='word_1_169' title='bbox 1071 2832 1212 2903; x_wconf 84' lang='grc' dir='ltr'>ὑπὲρ</span> <span class='ocrx_word' id='word_1_170' title='bbox 1260 2833 1460 2902; x_wconf 88' lang='grc' dir='ltr'>λόγον,</span> <span class='ocrx_word' id='word_1_171' title='bbox 1513 2835 1688 2904; x_wconf 88' lang='grc' dir='ltr'>Λόγος</span> 
     </span>
    </p>
   </div>
   <div class='ocr_carea' id='block_1_27' title="bbox 91 2925 1686 3000">
    <p class='ocr_par' dir='ltr' id='par_1_27' title="bbox 91 2925 1686 3000">
     <span class='ocr_line' id='line_1_27' title="bbox 91 2925 1686 3000; baseline 0.002 -21"><span class='ocrx_word' id='word_1_172' title='bbox 91 2925 366 2994; x_wconf 77' lang='grc' dir='ltr'>ὑπάρχων</span> <span class='ocrx_word' id='word_1_173' title='bbox 392 2925 626 2994; x_wconf 86' lang='grc' dir='ltr'>Πατρὸς,</span> <span class='ocrx_word' id='word_1_174' title='bbox 657 2925 785 2993; x_wconf 85' lang='grc' dir='ltr'>ἁγία</span> <span class='ocrx_word' id='word_1_175' title='bbox 811 2926 1066 2995; x_wconf 85' lang='grc' dir='ltr'>Θεοτόκε,</span> <span class='ocrx_word' id='word_1_176' title='bbox 1102 2927 1197 2980; x_wconf 80' lang='grc' dir='ltr'><strong>καὶ</strong></span> <span class='ocrx_word' id='word_1_177' title='bbox 1227 2927 1566 3000; x_wconf 80' lang='grc' dir='ltr'>σταυροῦται</span> <span class='ocrx_word' id='word_1_178' title='bbox 1595 2929 1686 2982; x_wconf 58' lang='grc' dir='ltr'>θέω</span> 
     </span>
    </p>
   </div>
   <div class='ocr_carea' id='block_1_28' title="bbox 90 3015 1686 3091">
    <p class='ocr_par' dir='ltr' id='par_1_28' title="bbox 90 3015 1686 3091">
     <span class='ocr_line' id='line_1_28' title="bbox 90 3015 1686 3091; baseline 0.003 -22"><span class='ocrx_word' id='word_1_179' title='bbox 90 3015 207 3070; x_wconf 88' lang='grc' dir='ltr'><strong>λων</strong></span> <span class='ocrx_word' id='word_1_180' title='bbox 249 3017 317 3070; x_wconf 86' lang='grc' dir='ltr'><strong>δι’</strong></span> <span class='ocrx_word' id='word_1_181' title='bbox 345 3017 526 3087; x_wconf 71' lang='grc' dir='ltr'>ἡμᾶς,</span> <span class='ocrx_word' id='word_1_182' title='bbox 581 3017 679 3070; x_wconf 83' lang='grc' dir='ltr'>καὶ</span> <span class='ocrx_word' id='word_1_183' title='bbox 725 3018 1012 3089; x_wconf 84' lang='grc' dir='ltr'>τριημέρῳ</span> <span class='ocrx_word' id='word_1_184' title='bbox 1067 3018 1295 3091; x_wconf 79' lang='grc' dir='ltr'>ὲγέρσει-</span> <span class='ocrx_word' id='word_1_185' title='bbox 1343 3019 1550 3090; x_wconf 82' lang='grc' dir='ltr'>κόσμου</span> <span class='ocrx_word' id='word_1_186' title='bbox 1615 3021 1686 3075; x_wconf 78' lang='grc' dir='ltr'><strong>τὰ</strong></span> 
     </span>
    </p>
   </div>
   <div class='ocr_carea' id='block_1_29' title="bbox 94 3103 1685 3183">
    <p class='ocr_par' dir='ltr' id='par_1_29' title="bbox 94 3103 1685 3183">
     <span class='ocr_line' id='line_1_29' title="bbox 94 3103 1685 3183; baseline 0.001 -19"><span class='ocrx_word' id='word_1_187' title='bbox 94 3109 319 3180; x_wconf 85' lang='grc' dir='ltr'>πέρατα</span> <span class='ocrx_word' id='word_1_188' title='bbox 353 3109 722 3180; x_wconf 76' lang='grc' dir='ltr'>καταφωτίζει</span> <span class='ocrx_word' id='word_1_189' title='bbox 744 3123 760 3140; x_wconf 77' lang='grc' dir='ltr'><strong><em>ο</em></strong></span> <span class='ocrx_word' id='word_1_190' title='bbox 799 3109 920 3181; x_wconf 84' lang='grc' dir='ltr'>μεθ’</span> <span class='ocrx_word' id='word_1_191' title='bbox 956 3103 1023 3165; x_wconf 77' lang='grc' dir='ltr'><strong>οῦ</strong></span> <span class='ocrx_word' id='word_1_192' title='bbox 1067 3128 1124 3165; x_wconf 90' lang='grc' dir='ltr'><strong>σε</strong></span> <span class='ocrx_word' id='word_1_193' title='bbox 1155 3111 1298 3166; x_wconf 74' lang='grc' dir='ltr'>κατὰ</span> <span class='ocrx_word' id='word_1_194' title='bbox 1321 3111 1481 3183; x_wconf 86' lang='grc' dir='ltr'>χρέος</span> <span class='ocrx_word' id='word_1_195' title='bbox 1513 3129 1685 3183; x_wconf 85' lang='grc' dir='ltr'>μεγα-</span> 
     </span>
    </p>
   </div>
   <div class='ocr_carea' id='block_1_30' title="bbox 93 3199 386 3272">
    <p class='ocr_par' dir='ltr' id='par_1_30' title="bbox 93 3199 386 3272">
     <span class='ocr_line' id='line_1_30' title="bbox 93 3199 386 3272; baseline 0.014 -18"><span class='ocrx_word' id='word_1_196' title='bbox 93 3199 355 3272; x_wconf 85' lang='grc' dir='ltr'>λύνομεν.</span> <span class='ocrx_word' id='word_1_197' title='bbox 377 3223 386 3227; x_wconf 77' lang='grc'><strong><em>-</em></strong></span> 
     </span>
    </p>
   </div>
   <div class='ocr_carea' id='block_1_31' title="bbox 548 3296 1243 3366">
    <p class='ocr_par' dir='ltr' id='par_1_31' title="bbox 548 3296 1243 3366">
     <span class='ocr_line' id='line_1_31' title="bbox 548 3296 1243 3366; baseline 0.004 -16"><span class='ocrx_word' id='word_1_198' title='bbox 548 3296 873 3366; x_wconf 82' lang='grc' dir='ltr'>Τριστάτας</span> <span class='ocrx_word' id='word_1_199' title='bbox 899 3298 1243 3366; x_wconf 80' lang='grc' dir='ltr'>κραταιούς.</span> 
     </span>
    </p>
   </div>
   <div class='ocr_carea' id='block_1_32' title="bbox 168 3387 1688 3460">
    <p class='ocr_par' dir='ltr' id='par_1_32' title="bbox 168 3387 1688 3460">
     <span class='ocr_line' id='line_1_32' title="bbox 168 3387 1688 3460; baseline 0.001 -17"><span class='ocrx_word' id='word_1_200' title='bbox 168 3388 489 3460; x_wconf 84' lang='grc' dir='ltr'>Δεσμεύσας</span> <span class='ocrx_word' id='word_1_201' title='bbox 513 3389 609 3442; x_wconf 90' lang='grc' dir='ltr'><strong>τοῦ</strong></span> <span class='ocrx_word' id='word_1_202' title='bbox 647 3388 881 3460; x_wconf 82' lang='grc' dir='ltr'>Ἐχθροῦ</span> <span class='ocrx_word' id='word_1_203' title='bbox 937 3389 997 3443; x_wconf 80' lang='grc' dir='ltr'>τὸ</span> <span class='ocrx_word' id='word_1_204' title='bbox 1047 3389 1291 3459; x_wconf 79' lang='grc' dir='ltr'>ὀλέθριον</span> <span class='ocrx_word' id='word_1_205' title='bbox 1333 3390 1554 3460; x_wconf 75' lang='grc' dir='ltr'>κράτος,</span> <span class='ocrx_word' id='word_1_206' title='bbox 1607 3387 1688 3456; x_wconf 74' lang='grc' dir='ltr'>οἷς</span> 
     </span>
    </p>
   </div>
   <div class='ocr_carea' id='block_1_33' title="bbox 96 3480 1688 3555">
    <p class='ocr_par' dir='ltr' id='par_1_33' title="bbox 96 3480 1688 3555">
     <span class='ocr_line' id='line_1_33' title="bbox 96 3480 1688 3555; baseline 0.003 -22"><span class='ocrx_word' id='word_1_207' title='bbox 96 3481 344 3552; x_wconf 74' lang='grc' dir='ltr'>ὑπέστης</span> <span class='ocrx_word' id='word_1_208' title='bbox 371 3481 438 3533; x_wconf 86' lang='grc' dir='ltr'><strong>δι’</strong></span> <span class='ocrx_word' id='word_1_209' title='bbox 470 3482 638 3550; x_wconf 81' lang='grc' dir='ltr'>ἡμᾶς,</span> <span class='ocrx_word' id='word_1_210' title='bbox 671 3480 1050 3552; x_wconf 83' lang='grc' dir='ltr'>φιλάνθρωπε,</span> <span class='ocrx_word' id='word_1_211' title='bbox 1079 3481 1302 3550; x_wconf 77' lang='grc' dir='ltr'>δεσμοῖς</span> <span class='ocrx_word' id='word_1_212' title='bbox 1342 3482 1421 3554; x_wconf 83' lang='grc' dir='ltr'>τῷ</span> <span class='ocrx_word' id='word_1_213' title='bbox 1468 3484 1688 3555; x_wconf 80' lang='grc' dir='ltr'>σταυρῷ</span> 
     </span>
    </p>
   </div>
   <div class='ocr_carea' id='block_1_34' title="bbox 96 3571 1688 3647">
    <p class='ocr_par' dir='ltr' id='par_1_34' title="bbox 96 3571 1688 3647">
     <span class='ocr_line' id='line_1_34' title="bbox 96 3571 1688 3647; baseline 0.002 -21"><span class='ocrx_word' id='word_1_214' title='bbox 96 3591 196 3628; x_wconf 88' lang='grc' dir='ltr'><strong>σου</strong></span> <span class='ocrx_word' id='word_1_215' title='bbox 225 3575 570 3645; x_wconf 84' lang='grc' dir='ltr'>είρήνευσας,</span> <span class='ocrx_word' id='word_1_216' title='bbox 603 3574 799 3642; x_wconf 78' lang='grc' dir='ltr'>Κύριε,</span> <span class='ocrx_word' id='word_1_217' title='bbox 822 3572 890 3624; x_wconf 83' lang='grc' dir='ltr'>τὰ</span> <span class='ocrx_word' id='word_1_218' title='bbox 916 3571 1200 3640; x_wconf 83' lang='grc' dir='ltr'>διεστῶτα,</span> <span class='ocrx_word' id='word_1_219' title='bbox 1235 3573 1328 3627; x_wconf 60' lang='grc' dir='ltr'><strong>καὶΙ</strong></span> <span class='ocrx_word' id='word_1_220' title='bbox 1361 3575 1461 3646; x_wconf 84' lang='grc' dir='ltr'>τῆς</span> <span class='ocrx_word' id='word_1_221' title='bbox 1487 3574 1688 3647; x_wconf 76' lang='grc' dir='ltr'>ἔχθρας</span> 
     </span>
    </p>
   </div>
   <div class='ocr_carea' id='block_1_35' title="bbox 94 3664 1393 3736">
    <p class='ocr_par' dir='ltr' id='par_1_35' title="bbox 94 3664 1393 3736">
     <span class='ocr_line' id='line_1_35' title="bbox 94 3664 1393 3736; baseline -0.002 -14"><span class='ocrx_word' id='word_1_222' title='bbox 94 3668 351 3729; x_wconf 86' lang='grc' dir='ltr'>διέλυσας</span> <span class='ocrx_word' id='word_1_223' title='bbox 374 3665 434 3718; x_wconf 80' lang='grc' dir='ltr'>τὸ</span> <span class='ocrx_word' id='word_1_224' title='bbox 467 3664 789 3736; x_wconf 81' lang='grc' dir='ltr'>μεσότοιχον</span> <span class='ocrx_word' id='word_1_225' title='bbox 811 3681 822 3692; x_wconf 90' lang='grc'><strong>·</strong></span> <span class='ocrx_word' id='word_1_226' title='bbox 853 3664 974 3718; x_wconf 78' lang='grc' dir='ltr'>ὅθεν</span> <span class='ocrx_word' id='word_1_227' title='bbox 1005 3665 1283 3736; x_wconf 84' lang='grc' dir='ltr'>ὑμνοῦμέν</span> <span class='ocrx_word' id='word_1_228' title='bbox 1313 3683 1393 3721; x_wconf 91' lang='grc' dir='ltr'><strong>σε.</strong></span> 
     </span>
    </p>
   </div>
   <div class='ocr_carea' id='block_1_36' title="bbox 180 3754 1686 3830">
    <p class='ocr_par' dir='ltr' id='par_1_36' title="bbox 180 3754 1686 3830">
     <span class='ocr_line' id='line_1_36' title="bbox 180 3754 1686 3830; baseline 0.001 -17"><span class='ocrx_word' id='word_1_229' title='bbox 180 3762 242 3813; x_wconf 87' lang='grc' dir='ltr'>Ὀ</span> <span class='ocrx_word' id='word_1_230' title='bbox 274 3757 499 3830; x_wconf 82' lang='grc' dir='ltr'>Κύριος,</span> <span class='ocrx_word' id='word_1_231' title='bbox 527 3754 709 3819; x_wconf 86' lang='grc' dir='ltr'>καθὼς</span> <span class='ocrx_word' id='word_1_232' title='bbox 731 3756 835 3826; x_wconf 74' lang='grc' dir='ltr'><strong>πρὸ</strong></span> <span class='ocrx_word' id='word_1_233' title='bbox 855 3755 949 3809; x_wconf 89' lang='grc' dir='ltr'><strong>τοῦ</strong></span> <span class='ocrx_word' id='word_1_234' title='bbox 973 3755 1178 3820; x_wconf 79' lang='grc' dir='ltr'>πάθους</span> <span class='ocrx_word' id='word_1_235' title='bbox 1205 3759 1467 3829; x_wconf 79' lang='grc' dir='ltr'>προεῖπεν</span> <span class='ocrx_word' id='word_1_236' title='bbox 1525 3759 1686 3828; x_wconf 75' lang='grc' dir='ltr'>ἐξαν-</span> 
     </span>
    </p>
   </div>
   <div class='ocr_carea' id='block_1_37' title="bbox 98 3848 1687 3923">
    <p class='ocr_par' dir='ltr' id='par_1_37' title="bbox 98 3848 1687 3923">
     <span class='ocr_line' id='line_1_37' title="bbox 98 3848 1687 3923; baseline 0 -17"><span class='ocrx_word' id='word_1_237' title='bbox 98 3855 255 3921; x_wconf 82' lang='grc' dir='ltr'>έστη,</span> <span class='ocrx_word' id='word_1_238' title='bbox 286 3849 561 3922; x_wconf 87' lang='grc' dir='ltr'>κραταιῶς</span> <span class='ocrx_word' id='word_1_239' title='bbox 589 3849 890 3912; x_wconf 84' lang='grc' dir='ltr'>σκυλεύσας</span> <span class='ocrx_word' id='word_1_240' title='bbox 919 3848 995 3912; x_wconf 88' lang='grc' dir='ltr'><strong>ὡς</strong></span> <span class='ocrx_word' id='word_1_241' title='bbox 1020 3849 1151 3912; x_wconf 67' lang='grc' dir='ltr'>Θεὸς</span> <span class='ocrx_word' id='word_1_242' title='bbox 1171 3849 1241 3904; x_wconf 78' lang='grc' dir='ltr'><strong>τά</strong></span> <span class='ocrx_word' id='word_1_243' title='bbox 1263 3849 1358 3904; x_wconf 89' lang='grc' dir='ltr'><strong>τοῦ</strong></span> <span class='ocrx_word' id='word_1_244' title='bbox 1386 3851 1513 3923; x_wconf 76' lang='grc' dir='ltr'>ᾇδου</span> <span class='ocrx_word' id='word_1_245' title='bbox 1532 3852 1687 3923; x_wconf 81' lang='grc' dir='ltr'>βασί-</span> 
     </span>
    </p>
   </div>
   <div class='ocr_carea' id='block_1_38' title="bbox 95 3940 1684 4012">
    <p class='ocr_par' dir='ltr' id='par_1_38' title="bbox 95 3940 1684 4012">
     <span class='ocr_line' id='line_1_38' title="bbox 95 3940 1684 4012; baseline -0.001 -13"><span class='ocrx_word' id='word_1_246' title='bbox 95 3947 238 4009; x_wconf 87' lang='grc' dir='ltr'>λεια,</span> <span class='ocrx_word' id='word_1_247' title='bbox 280 3944 526 4006; x_wconf 74' lang='grc' dir='ltr'>ἅπαντάς</span> <span class='ocrx_word' id='word_1_248' title='bbox 559 3959 618 3997; x_wconf 86' lang='grc' dir='ltr'><strong>τε</strong></span> <span class='ocrx_word' id='word_1_249' title='bbox 656 3940 978 4012; x_wconf 85' lang='grc' dir='ltr'>συνεγείρας</span> <span class='ocrx_word' id='word_1_250' title='bbox 1008 3940 1135 4005; x_wconf 74' lang='grc' dir='ltr'>τοὺς</span> <span class='ocrx_word' id='word_1_251' title='bbox 1166 3943 1346 3996; x_wconf 71' lang='grc' dir='ltr'>ἐκεῖσε</span> <span class='ocrx_word' id='word_1_252' title='bbox 1387 3942 1684 3998; x_wconf 78' lang='grc' dir='ltr'>καθεύδον-</span> 
     </span>
    </p>
   </div>
   <div class='ocr_carea' id='block_1_39' title="bbox 95 4033 1228 4105">
    <p class='ocr_par' dir='ltr' id='par_1_39' title="bbox 95 4033 1228 4105">
     <span class='ocr_line' id='line_1_39' title="bbox 95 4033 1228 4105; baseline 0.001 -15"><span class='ocrx_word' id='word_1_253' title='bbox 95 4055 221 4104; x_wconf 86' lang='grc' dir='ltr'>τας,</span> <span class='ocrx_word' id='word_1_254' title='bbox 252 4037 345 4093; x_wconf 79' lang='grc' dir='ltr'>ἀπ’</span> <span class='ocrx_word' id='word_1_255' title='bbox 379 4035 574 4099; x_wconf 79' lang='grc' dir='ltr'>αἰῶνος</span> <span class='ocrx_word' id='word_1_256' title='bbox 601 4034 766 4089; x_wconf 81' lang='grc' dir='ltr'>αὑτὸν</span> <span class='ocrx_word' id='word_1_257' title='bbox 799 4033 1228 4105; x_wconf 80' lang='grc' dir='ltr'>μεγαλύνοντας.</span> 
     </span>
    </p>
   </div>
   <div class='ocr_carea' id='block_1_40' title="bbox 170 4125 1743 4203">
    <p class='ocr_par' dir='ltr' id='par_1_40' title="bbox 170 4125 1743 4203">
     <span class='ocr_line' id='line_1_40' title="bbox 170 4125 1743 4203; baseline 0.001 -20"><span class='ocrx_word' id='word_1_258' title='bbox 170 4128 462 4195; x_wconf 78' lang='grc' dir='ltr'>Ξενίζοντα</span> <span class='ocrx_word' id='word_1_259' title='bbox 503 4131 684 4200; x_wconf 69' lang='grc' dir='ltr'>μορφῇ</span> <span class='ocrx_word' id='word_1_260' title='bbox 726 4127 819 4181; x_wconf 81' lang='grc' dir='ltr'>καὶ</span> <span class='ocrx_word' id='word_1_261' title='bbox 867 4126 946 4198; x_wconf 82' lang='grc' dir='ltr'>τῷ</span> <span class='ocrx_word' id='word_1_262' title='bbox 984 4129 1223 4198; x_wconf 86' lang='grc' dir='ltr'>σχήματι</span> <span class='ocrx_word' id='word_1_263' title='bbox 1244 4125 1465 4200; x_wconf 77' lang='grc' dir='ltr'>’βλέψας</span> <span class='ocrx_word' id='word_1_264' title='bbox 1515 4149 1684 4203; x_wconf 77' lang='grc' dir='ltr'>μυροο</span> <span class='ocrx_word' id='word_1_265' title='bbox 1731 4133 1743 4144; x_wconf 84' lang='grc'><em>“</em></span> 
     </span>
    </p>
   </div>
   <div class='ocr_carea' id='block_1_41' title="bbox 98 4221 1682 4295">
    <p class='ocr_par' dir='ltr' id='par_1_41' title="bbox 98 4221 1682 4295">
     <span class='ocr_line' id='line_1_41' title="bbox 98 4221 1682 4295; baseline 0.001 -19"><span class='ocrx_word' id='word_1_266' title='bbox 98 4224 282 4295; x_wconf 85' lang='grc' dir='ltr'>φόρων</span> <span class='ocrx_word' id='word_1_267' title='bbox 341 4226 369 4276; x_wconf 87' lang='grc' dir='ltr'>ὁ</span> <span class='ocrx_word' id='word_1_268' title='bbox 419 4225 577 4293; x_wconf 69' lang='grc' dir='ltr'>χορὸς</span> <span class='ocrx_word' id='word_1_269' title='bbox 632 4221 724 4275; x_wconf 67' lang='grc' dir='ltr'>τὸν</span> <span class='ocrx_word' id='word_1_270' title='bbox 775 4221 916 4275; x_wconf 89' lang='grc' dir='ltr'>θεῖον</span> <span class='ocrx_word' id='word_1_271' title='bbox 971 4221 1311 4292; x_wconf 75' lang='grc' dir='ltr'>λειτουργὸν,</span> <span class='ocrx_word' id='word_1_272' title='bbox 1337 4222 1468 4294; x_wconf 78' lang='grc' dir='ltr'>παρ’</span> <span class='ocrx_word' id='word_1_273' title='bbox 1515 4223 1682 4278; x_wconf 80' lang='grc' dir='ltr'>αὑτοῦ</span> 
     </span>
    </p>
   </div>
   <div class='ocr_carea' id='block_1_42' title="bbox 96 4311 1683 4388">
    <p class='ocr_par' dir='ltr' id='par_1_42' title="bbox 96 4311 1683 4388">
     <span class='ocr_line' id='line_1_42' title="bbox 96 4311 1683 4388; baseline 0.002 -20"><span class='ocrx_word' id='word_1_274' title='bbox 96 4313 584 4382; x_wconf 55' lang='lat' dir='ltr'><strong>sessum-&quot;usq</strong></span> <span class='ocrx_word' id='word_1_275' title='bbox 608 4315 636 4366; x_wconf 82' lang='grc' dir='ltr'>ὁ</span> <span class='ocrx_word' id='word_1_276' title='bbox 658 4312 893 4384; x_wconf 84' lang='grc' dir='ltr'>Χριστὸς</span> <span class='ocrx_word' id='word_1_277' title='bbox 913 4311 1137 4381; x_wconf 79' lang='grc' dir='ltr'>ἀνέστη,</span> <span class='ocrx_word' id='word_1_278' title='bbox 1159 4312 1493 4370; x_wconf 76' lang='grc' dir='ltr'>ἀπελθοῦσαι</span> <span class='ocrx_word' id='word_1_279' title='bbox 1509 4315 1683 4388; x_wconf 72' lang='grc' dir='ltr'>κηρύ-</span> 
     </span>
    </p>
   </div>
   <div class='ocr_carea' id='block_1_43' title="bbox 97 4405 1283 4479">
    <p class='ocr_par' dir='ltr' id='par_1_43' title="bbox 97 4405 1283 4479">
     <span class='ocr_line' id='line_1_43' title="bbox 97 4405 1283 4479; baseline 0.002 -18"><span class='ocrx_word' id='word_1_280' title='bbox 97 4408 224 4476; x_wconf 79' lang='grc' dir='ltr'>ξατε</span> <span class='ocrx_word' id='word_1_281' title='bbox 259 4407 528 4479; x_wconf 86' lang='grc' dir='ltr'>μαθηταῖς</span> <span class='ocrx_word' id='word_1_282' title='bbox 559 4405 825 4478; x_wconf 79' lang='grc' dir='ltr'>ἀθυμοῦσι</span> <span class='ocrx_word' id='word_1_283' title='bbox 852 4407 948 4460; x_wconf 74' lang='grc' dir='ltr'>καὶ</span> <span class='ocrx_word' id='word_1_284' title='bbox 981 4407 1283 4463; x_wconf 81' lang='grc' dir='ltr'>κλαίουσιν.</span> 
     </span>
    </p>
   </div>
   <div class='ocr_carea' id='block_1_44' title="bbox 182 4584 1680 4662">
    <p class='ocr_par' dir='ltr' id='par_1_44' title="bbox 182 4584 1680 4662">
     <span class='ocr_line' id='line_1_44' title="bbox 182 4584 1680 4662; baseline 0.004 -21"><span class='ocrx_word' id='word_1_285' title='bbox 182 4587 538 4650; x_wconf 82' lang='grc' dir='ltr'>Ἀνέστειλεν,</span> <span class='ocrx_word' id='word_1_286' title='bbox 570 4585 731 4658; x_wconf 81' lang='grc' dir='ltr'>ἁγνὴ,</span> <span class='ocrx_word' id='word_1_287' title='bbox 766 4585 842 4649; x_wconf 85' lang='grc' dir='ltr'><strong>ὡς</strong></span> <span class='ocrx_word' id='word_1_288' title='bbox 883 4584 1118 4656; x_wconf 80' lang='grc' dir='ltr'>νυμφίος</span> <span class='ocrx_word' id='word_1_289' title='bbox 1148 4585 1350 4658; x_wconf 83' lang='grc' dir='ltr'>ὡραῖος</span> <span class='ocrx_word' id='word_1_290' title='bbox 1379 4589 1443 4643; x_wconf 80' lang='grc' dir='ltr'>ὲκ</span> <span class='ocrx_word' id='word_1_291' title='bbox 1465 4591 1680 4662; x_wconf 82' lang='grc' dir='ltr'>νεκρῶν</span> 
     </span>
    </p>
   </div>
   <div class='ocr_carea' id='block_1_45' title="bbox 94 4677 1680 4752">
    <p class='ocr_par' dir='ltr' id='par_1_45' title="bbox 94 4677 1680 4752">
     <span class='ocr_line' id='line_1_45' title="bbox 94 4677 1680 4752; baseline 0.001 -18"><span class='ocrx_word' id='word_1_292' title='bbox 94 4684 123 4735; x_wconf 86' lang='grc' dir='ltr'>ὁ</span> <span class='ocrx_word' id='word_1_293' title='bbox 157 4683 221 4732; x_wconf 84' lang='grc' dir='ltr'>ἐκ</span> <span class='ocrx_word' id='word_1_294' title='bbox 262 4680 372 4732; x_wconf 88' lang='grc' dir='ltr'><strong>τῶν</strong></span> <span class='ocrx_word' id='word_1_295' title='bbox 420 4679 528 4730; x_wconf 88' lang='grc' dir='ltr'><strong>σῶν</strong></span> <span class='ocrx_word' id='word_1_296' title='bbox 560 4677 802 4745; x_wconf 83' lang='grc' dir='ltr'>λαγόνων</span> <span class='ocrx_word' id='word_1_297' title='bbox 843 4677 1147 4748; x_wconf 78' lang='grc' dir='ltr'>σαρκωθεὶς</span> <span class='ocrx_word' id='word_1_298' title='bbox 1185 4679 1326 4750; x_wconf 84' lang='grc' dir='ltr'>ὑπὲρ</span> <span class='ocrx_word' id='word_1_299' title='bbox 1367 4681 1493 4735; x_wconf 88' lang='grc' dir='ltr'>νοῦν</span> <span class='ocrx_word' id='word_1_300' title='bbox 1539 4685 1680 4752; x_wconf 88' lang='grc' dir='ltr'>ἀγα-</span> 
     </span>
    </p>
   </div>
   <div class='ocr_carea' id='block_1_46' title="bbox 97 4765 1680 4840">
    <p class='ocr_par' dir='ltr' id='par_1_46' title="bbox 97 4765 1680 4840">
     <span class='ocr_line' id='line_1_46' title="bbox 97 4765 1680 4840; baseline 0.009 -26"><span class='ocrx_word' id='word_1_301' title='bbox 97 4770 282 4839; x_wconf 73' lang='grc' dir='ltr'>θότητι</span> <span class='ocrx_word' id='word_1_302' title='bbox 305 4787 317 4800; x_wconf 90' lang='grc'><strong>·</strong></span> <span class='ocrx_word' id='word_1_303' title='bbox 351 4765 472 4820; x_wconf 86' lang='grc' dir='ltr'>ὅθεν</span> <span class='ocrx_word' id='word_1_304' title='bbox 505 4767 600 4818; x_wconf 78' lang='grc' dir='ltr'>σὺν</span> <span class='ocrx_word' id='word_1_305' title='bbox 627 4768 737 4827; x_wconf 85' lang='grc' dir='ltr'>τοῖς</span> <span class='ocrx_word' id='word_1_306' title='bbox 761 4766 1080 4830; x_wconf 83' lang='grc' dir='ltr'>ἀποστόλοις</span> <span class='ocrx_word' id='word_1_307' title='bbox 1102 4768 1404 4826; x_wconf 87' lang='grc' dir='ltr'>κατιδοῦσα</span> <span class='ocrx_word' id='word_1_308' title='bbox 1425 4771 1680 4840; x_wconf 78' lang='grc' dir='ltr'>ὲδόξαζες</span> 
     </span>
    </p>
   </div>
   <div class='ocr_carea' id='block_1_47' title="bbox 95 4855 1096 4932">
    <p class='ocr_par' dir='ltr' id='par_1_47' title="bbox 95 4855 1096 4932">
     <span class='ocr_line' id='line_1_47' title="bbox 95 4855 1096 4932; baseline -0.001 -19"><span class='ocrx_word' id='word_1_309' title='bbox 95 4861 194 4932; x_wconf 77' lang='grc' dir='ltr'>τὴν</span> <span class='ocrx_word' id='word_1_310' title='bbox 222 4859 519 4931; x_wconf 85' lang='grc' dir='ltr'>τριήμερον</span> <span class='ocrx_word' id='word_1_311' title='bbox 552 4855 742 4910; x_wconf 90' lang='grc' dir='ltr'>τούτου</span> <span class='ocrx_word' id='word_1_312' title='bbox 777 4857 1096 4912; x_wconf 82' lang='grc' dir='ltr'>ἀνάστασιν.</span> 
     </span>
    </p>
   </div>
   <div class='ocr_carea' id='block_1_48' title="bbox 308 5033 1464 5107">
    <p class='ocr_par' dir='ltr' id='par_1_48' title="bbox 308 5033 1464 5107">
     <span class='ocr_line' id='line_1_48' title="bbox 308 5033 1464 5107; baseline 0.006 -18"><span class='ocrx_word' id='word_1_313' title='bbox 308 5033 590 5104; x_wconf 85' lang='grc' dir='ltr'>Λυτρωτὰ</span> <span class='ocrx_word' id='word_1_314' title='bbox 626 5034 732 5088; x_wconf 80' lang='grc' dir='ltr'><strong>τοῦ</strong></span> <span class='ocrx_word' id='word_1_315' title='bbox 763 5033 991 5099; x_wconf 78' lang='grc' dir='ltr'>παντὸς</span> <span class='ocrx_word' id='word_1_316' title='bbox 1017 5035 1464 5107; x_wconf 78' lang='grc' dir='ltr'>παντοδύναμε.</span> 
     </span>
    </p>
   </div>
   <div class='ocr_carea' id='block_1_49' title="bbox 169 5121 1677 5210">
    <p class='ocr_par' dir='ltr' id='par_1_49' title="bbox 169 5121 1677 5210">
     <span class='ocr_line' id='line_1_49' title="bbox 169 5121 1677 5210; baseline 0.003 -23"><span class='ocrx_word' id='word_1_317' title='bbox 169 5135 275 5196; x_wconf 74' lang='grc' dir='ltr'><strong>Τὰς</strong></span> <span class='ocrx_word' id='word_1_318' title='bbox 315 5133 616 5203; x_wconf 70' lang='grc' dir='ltr'>ἀχράντους</span> <span class='ocrx_word' id='word_1_319' title='bbox 653 5131 903 5193; x_wconf 79' lang='grc' dir='ltr'>ἐκτείνας</span> <span class='ocrx_word' id='word_1_320' title='bbox 935 5121 1194 5200; x_wconf 81' lang='grc' dir='ltr'>παλάμας</span> <span class='ocrx_word' id='word_1_321' title='bbox 1237 5149 1330 5186; x_wconf 91' lang='grc' dir='ltr'><strong>σου</strong></span> <span class='ocrx_word' id='word_1_322' title='bbox 1362 5136 1420 5186; x_wconf 85' lang='grc' dir='ltr'>ἐν</span> <span class='ocrx_word' id='word_1_323' title='bbox 1458 5140 1677 5210; x_wconf 81' lang='grc' dir='ltr'>σταυρῷ</span> 
     </span>
    </p>
   </div>
   <div class='ocr_carea' id='block_1_50' title="bbox 98 5222 1676 5301">
    <p class='ocr_par' dir='ltr' id='par_1_50' title="bbox 98 5222 1676 5301">
     <span class='ocr_line' id='line_1_50' title="bbox 98 5222 1676 5301; baseline -0.004 -21"><span class='ocrx_word' id='word_1_324' title='bbox 98 5227 376 5291; x_wconf 72' lang='grc' dir='ltr'>ἑκουσίοις,</span> <span class='ocrx_word' id='word_1_325' title='bbox 397 5225 739 5295; x_wconf 84' lang='grc' dir='ltr'>μακρόθυμε,</span> <span class='ocrx_word' id='word_1_326' title='bbox 765 5222 1105 5294; x_wconf 84' lang='grc' dir='ltr'>ὲνηγκαλίσω</span> <span class='ocrx_word' id='word_1_327' title='bbox 1135 5223 1406 5292; x_wconf 75' lang='grc' dir='ltr'>ἅπαντας,</span> <span class='ocrx_word' id='word_1_328' title='bbox 1439 5231 1533 5282; x_wconf 77' lang='grc' dir='ltr'><strong>καὶ</strong></span> <span class='ocrx_word' id='word_1_329' title='bbox 1559 5247 1676 5301; x_wconf 82' lang='grc' dir='ltr'>χει-</span> 
     </span>
    </p>
   </div>
   <div class='ocr_carea' id='block_1_51' title="bbox 101 5314 1674 5396">
    <p class='ocr_par' dir='ltr' id='par_1_51' title="bbox 101 5314 1674 5396">
     <span class='ocr_line' id='line_1_51' title="bbox 101 5314 1674 5396; baseline 0.004 -27"><span class='ocrx_word' id='word_1_330' title='bbox 101 5321 192 5389; x_wconf 65' lang='lat' dir='ltr'><strong>pb;</strong></span> <span class='ocrx_word' id='word_1_331' title='bbox 244 5317 532 5389; x_wconf 82' lang='grc' dir='ltr'>ὲλυτρώσω</span> <span class='ocrx_word' id='word_1_332' title='bbox 577 5315 672 5369; x_wconf 88' lang='grc' dir='ltr'><strong>τοῦ</strong></span> <span class='ocrx_word' id='word_1_333' title='bbox 727 5315 1041 5388; x_wconf 86' lang='grc' dir='ltr'>ἀλλοτρίου·</span> <span class='ocrx_word' id='word_1_334' title='bbox 1072 5314 1166 5394; x_wconf 22' lang='grc' dir='ltr'>διὰ,</span> <span class='ocrx_word' id='word_1_335' title='bbox 1211 5316 1370 5371; x_wconf 89' lang='grc' dir='ltr'>τοῦτό</span> <span class='ocrx_word' id='word_1_336' title='bbox 1421 5336 1481 5373; x_wconf 90' lang='grc' dir='ltr'><strong>σε</strong></span> <span class='ocrx_word' id='word_1_337' title='bbox 1523 5323 1674 5396; x_wconf 79' lang='grc' dir='ltr'>φόϐῳ</span> 
     </span>
    </p>
   </div>
   <div class='ocr_carea' id='block_1_52' title="bbox 97 5397 1160 5483">
    <p class='ocr_par' dir='ltr' id='par_1_52' title="bbox 97 5411 456 5483">
     <span class='ocr_line' id='line_1_52' title="bbox 97 5411 456 5483; baseline -0.008 -15"><span class='ocrx_word' id='word_1_338' title='bbox 97 5411 409 5483; x_wconf 63' lang='grc' dir='ltr'>δνιξὰζομεν.</span> <span class='ocrx_word' id='word_1_339' title='bbox 449 5438 456 5446; x_wconf 69' lang='grc' dir='ltr'><strong>ι</strong></span> 
     </span>
    </p>
   </div>
   <div class='ocr_carea' id='block_1_53' title="bbox 177 5501 1666 5573">
    <p class='ocr_par' dir='ltr' id='par_1_53' title="bbox 177 5501 1666 5573">
     <span class='ocr_line' id='line_1_53' title="bbox 177 5501 1666 5573; baseline 0.002 -17"><span class='ocrx_word' id='word_1_340' title='bbox 177 5506 264 5568; x_wconf 85' lang='grc' dir='ltr'>Ὠς</span> <span class='ocrx_word' id='word_1_341' title='bbox 294 5503 484 5572; x_wconf 84' lang='grc' dir='ltr'>ὲτέθης</span> <span class='ocrx_word' id='word_1_342' title='bbox 523 5501 772 5572; x_wconf 86' lang='grc' dir='ltr'>βουλήσει</span> <span class='ocrx_word' id='word_1_343' title='bbox 804 5502 861 5555; x_wconf 77' lang='grc' dir='ltr'>ὲν</span> <span class='ocrx_word' id='word_1_344' title='bbox 907 5502 1173 5573; x_wconf 82' lang='grc' dir='ltr'>μνήματι,</span> <span class='ocrx_word' id='word_1_345' title='bbox 1210 5504 1264 5556; x_wconf 62' lang='grc' dir='ltr'><strong>οίε</strong></span> <span class='ocrx_word' id='word_1_346' title='bbox 1310 5505 1666 5572; x_wconf 82' lang='grc' dir='ltr'>καθεύδοντες</span> 
     </span>
    </p>
   </div>
   <div class='ocr_carea' id='block_1_54' title="bbox 98 5593 1668 5669">
    <p class='ocr_par' dir='ltr' id='par_1_54' title="bbox 98 5593 1668 5669">
     <span class='ocr_line' id='line_1_54' title="bbox 98 5593 1668 5669; baseline 0.006 -24"><span class='ocrx_word' id='word_1_347' title='bbox 98 5596 152 5646; x_wconf 70' lang='grc' dir='ltr'>ἐν</span> <span class='ocrx_word' id='word_1_348' title='bbox 177 5595 425 5664; x_wconf 78' lang='grc' dir='ltr'>μνήμασι</span> <span class='ocrx_word' id='word_1_349' title='bbox 445 5593 512 5663; x_wconf 80' lang='grc' dir='ltr'><strong>τῇ</strong></span> <span class='ocrx_word' id='word_1_350' title='bbox 539 5593 604 5645; x_wconf 80' lang='grc' dir='ltr'>ἐκ</span> <span class='ocrx_word' id='word_1_351' title='bbox 627 5593 838 5664; x_wconf 87' lang='grc' dir='ltr'>νεκρῶν</span> <span class='ocrx_word' id='word_1_352' title='bbox 867 5593 1083 5666; x_wconf 81' lang='grc' dir='ltr'>ὲγέρσει</span> <span class='ocrx_word' id='word_1_353' title='bbox 1105 5611 1198 5648; x_wconf 92' lang='grc' dir='ltr'><strong>σου</strong></span> <span class='ocrx_word' id='word_1_354' title='bbox 1223 5597 1638 5669; x_wconf 82' lang='grc' dir='ltr'>συνηγέρθησαν</span> <span class='ocrx_word' id='word_1_355' title='bbox 1654 5616 1668 5632; x_wconf 78' lang='grc'><strong><em>⁸</em></strong></span> 
     </span>
    </p>
   </div>
   <div class='ocr_carea' id='block_1_55' title="bbox 99 5683 1672 5762">
    <p class='ocr_par' dir='ltr' id='par_1_55' title="bbox 99 5683 1672 5762">
     <span class='ocr_line' id='line_1_55' title="bbox 99 5683 1672 5762; baseline 0.006 -25"><span class='ocrx_word' id='word_1_356' title='bbox 99 5685 244 5754; x_wconf 70' lang='grc' dir='ltr'><strong>ᾳόὸῳ</strong></span> <span class='ocrx_word' id='word_1_357' title='bbox 288 5683 648 5752; x_wconf 79' lang='grc' dir='ltr'>ἀναϐοῶντες,</span> <span class='ocrx_word' id='word_1_358' title='bbox 697 5683 1002 5754; x_wconf 84' lang='grc' dir='ltr'>Εὐλογεῖτε,</span> <span class='ocrx_word' id='word_1_359' title='bbox 1035 5684 1105 5740; x_wconf 85' lang='grc' dir='ltr'>τὰ</span> <span class='ocrx_word' id='word_1_360' title='bbox 1137 5686 1275 5758; x_wconf 74' lang='grc' dir='ltr'>ἔργα</span> <span class='ocrx_word' id='word_1_361' title='bbox 1317 5688 1551 5762; x_wconf 81' lang='grc' dir='ltr'>Κυρίου,</span> <span class='ocrx_word' id='word_1_362' title='bbox 1579 5691 1672 5747; x_wconf 76' lang='grc' dir='ltr'><strong>τὸν</strong></span> 
     </span>
    </p>
   </div>
   <div class='ocr_carea' id='block_1_56' title="bbox 101 5774 318 5843">
    <p class='ocr_par' dir='ltr' id='par_1_56' title="bbox 101 5774 318 5843">
     <span class='ocr_line' id='line_1_56' title="bbox 101 5774 318 5843; baseline 0.005 -17"><span class='ocrx_word' id='word_1_363' title='bbox 101 5774 140 5826; x_wconf 73' lang='grc' dir='ltr'><strong>Κ</strong></span> <span class='ocrx_word' id='word_1_364' title='bbox 150 5774 177 5824; x_wconf 83' lang='grc' dir='ltr'><strong>ύ</strong></span> <span class='ocrx_word' id='word_1_365' title='bbox 188 5789 318 5843; x_wconf 71' lang='grc' dir='ltr'>ριον.</span> 
     </span>
    </p>
   </div>
   <div class='ocr_carea' id='block_1_57' title="bbox 167 5861 1668 5940">
    <p class='ocr_par' dir='ltr' id='par_1_57' title="bbox 167 5861 1668 5940">
     <span class='ocr_line' id='line_1_57' title="bbox 167 5861 1668 5940; baseline 0.005 -24"><span class='ocrx_word' id='word_1_366' title='bbox 167 5861 467 5935; x_wconf 75' lang='grc' dir='ltr'>θαυμαστά</span> <span class='ocrx_word' id='word_1_367' title='bbox 497 5862 589 5918; x_wconf 74' lang='grc' dir='ltr'><strong>καὶ</strong></span> <span class='ocrx_word' id='word_1_368' title='bbox 634 5861 910 5936; x_wconf 81' lang='grc' dir='ltr'>παράδοξα</span> <span class='ocrx_word' id='word_1_369' title='bbox 939 5865 1260 5939; x_wconf 76' lang='grc' dir='ltr'>πράγματα,</span> <span class='ocrx_word' id='word_1_370' title='bbox 1293 5868 1388 5924; x_wconf 73' lang='grc' dir='ltr'>καὶ</span> <span class='ocrx_word' id='word_1_371' title='bbox 1432 5869 1668 5940; x_wconf 70' lang='grc' dir='ltr'>τυφλοὺς</span> 
     </span>
    </p>
   </div>
   <div class='ocr_carea' id='block_1_58' title="bbox 1549 431 1954 496">
    <p class='ocr_par' dir='ltr' id='par_1_58' title="bbox 1549 431 1954 496">
     <span class='ocr_line' id='line_1_58' title="bbox 1549 431 1954 496; baseline 0.015 -6"><span class='ocrx_word' id='word_1_372' title='bbox 1549 431 1954 496; x_wconf 66' lang='lat' dir='ltr'><strong>TRIODIUM.</strong></span> 
     </span>
    </p>
   </div>
   <div class='ocr_carea' id='block_1_59' title="bbox 1259 536 1685 619">
    <p class='ocr_par' dir='ltr' id='par_1_59' title="bbox 1259 536 1681 608">
     <span class='ocr_line' id='line_1_59' title="bbox 1259 536 1681 608; baseline 0.002 -19"><span class='ocrx_word' id='word_1_373' title='bbox 1259 539 1431 607; x_wconf 75' lang='grc' dir='ltr'>ἐναπή</span> <span class='ocrx_word' id='word_1_374' title='bbox 1442 536 1579 608; x_wconf 72' lang='grc' dir='ltr'>μϐλυ</span> <span class='ocrx_word' id='word_1_375' title='bbox 1589 556 1681 602; x_wconf 88' lang='grc' dir='ltr'><strong>νας</strong></span> 
     </span>
    </p>
   </div>
   <div class='ocr_carea' id='block_1_60' title="bbox 1812 536 3387 619">
    <p class='ocr_par' dir='ltr' id='par_1_60' title="bbox 1817 545 3387 619">
     <span class='ocr_line' id='line_1_60' title="bbox 1817 545 3387 619; baseline 0.008 -22"><span class='ocrx_word' id='word_1_376' title='bbox 1817 545 2118 614; x_wconf 87' lang='lat' dir='ltr'><strong>potentiam</strong></span> <span class='ocrx_word' id='word_1_377' title='bbox 2164 548 2680 616; x_wconf 74' lang='lat' dir='ltr'><strong>infern~i,aculcum</strong></span> <span class='ocrx_word' id='word_1_378' title='bbox 2736 551 2929 607; x_wconf 72' lang='lat' dir='ltr'><strong>mortis</strong></span> <span class='ocrx_word' id='word_1_379' title='bbox 2978 551 3279 619; x_wconf 72' lang='lat' dir='ltr'><strong>obtudisti,</strong></span> <span class='ocrx_word' id='word_1_380' title='bbox 3333 567 3387 610; x_wconf 77' lang='lat' dir='ltr'><strong>rt</strong></span> 
     </span>
    </p>
   </div>
   <div class='ocr_carea' id='block_1_61' title="bbox 3249 444 3392 507">
    <p class='ocr_par' dir='ltr' id='par_1_61' title="bbox 3249 444 3392 507">
     <span class='ocr_line' id='line_1_61' title="bbox 3249 444 3392 507; baseline 0 -1"><span class='ocrx_word' id='word_1_381' title='bbox 3249 444 3392 507; x_wconf 65' lang='lat'><strong>39.34</strong></span> 
     </span>
    </p>
   </div>
   <div class='ocr_carea' id='block_1_62' title="bbox 1811 635 3387 701">
    <p class='ocr_par' dir='ltr' id='par_1_62' title="bbox 1811 635 3387 701">
     <span class='ocr_line' id='line_1_62' title="bbox 1811 635 3387 701; baseline 0.007 -11"><span class='ocrx_word' id='word_1_382' title='bbox 1811 635 2244 694; x_wconf 70' lang='lat' dir='ltr'><strong>immortalitatis</strong></span> <span class='ocrx_word' id='word_1_383' title='bbox 2279 638 2483 696; x_wconf 80' lang='lat' dir='ltr'><strong>fontem</strong></span> <span class='ocrx_word' id='word_1_384' title='bbox 2519 643 2790 696; x_wconf 84' lang='lat' dir='ltr'><strong>scaturire</strong></span> <span class='ocrx_word' id='word_1_385' title='bbox 2827 641 3004 698; x_wconf 81' lang='lat' dir='ltr'><strong>fecisti</strong></span> <span class='ocrx_word' id='word_1_386' title='bbox 3041 644 3387 701; x_wconf 72' lang='lat' dir='ltr'><strong>mortalibus.</strong></span> 
     </span>
    </p>
   </div>
   <div class='ocr_carea' id='block_1_63' title="bbox 1879 727 3390 802">
    <p class='ocr_par' dir='ltr' id='par_1_63' title="bbox 1879 727 3390 802">
     <span class='ocr_line' id='line_1_63' title="bbox 1879 727 3390 802; baseline 0.008 -21"><span class='ocrx_word' id='word_1_387' title='bbox 1879 727 2083 785; x_wconf 85' lang='lat' dir='ltr'><strong>Videns</strong></span> <span class='ocrx_word' id='word_1_388' title='bbox 2113 740 2163 784; x_wconf 89' lang='lat' dir='ltr'><strong>te</strong></span> <span class='ocrx_word' id='word_1_389' title='bbox 2197 732 2503 802; x_wconf 80' lang='lat' dir='ltr'><strong>fatigatum,</strong></span> <span class='ocrx_word' id='word_1_390' title='bbox 2538 736 2871 802; x_wconf 76' lang='lat' dir='ltr'><strong>misericors,</strong></span> <span class='ocrx_word' id='word_1_391' title='bbox 2903 737 3100 791; x_wconf 87' lang='lat' dir='ltr'><strong>mulier</strong></span> <span class='ocrx_word' id='word_1_392' title='bbox 3141 737 3390 792; x_wconf 81' lang='lat' dir='ltr'><strong>Samari-</strong></span> 
     </span>
    </p>
   </div>
   <div class='ocr_carea' id='block_1_64' title="bbox 1805 827 3387 903">
    <p class='ocr_par' dir='ltr' id='par_1_64' title="bbox 1805 827 3387 903">
     <span class='ocr_line' id='line_1_64' title="bbox 1805 827 3387 903; baseline 0.007 -27"><span class='ocrx_word' id='word_1_393' title='bbox 1805 832 1955 890; x_wconf 84' lang='lat' dir='ltr'><strong>tana,</strong></span> <span class='ocrx_word' id='word_1_394' title='bbox 1996 832 2050 879; x_wconf 91' lang='lat' dir='ltr'><strong>et</strong></span> <span class='ocrx_word' id='word_1_395' title='bbox 2101 835 2436 896; x_wconf 56' lang='lat' dir='ltr'><strong>quaerentem</strong></span> <span class='ocrx_word' id='word_1_396' title='bbox 2479 829 2670 882; x_wconf 75' lang='lat' dir='ltr'><strong>bibere</strong></span> <span class='ocrx_word' id='word_1_397' title='bbox 2709 827 3138 886; x_wconf 80' lang='lat' dir='ltr'><strong>immortalitatis</strong></span> <span class='ocrx_word' id='word_1_398' title='bbox 3189 848 3387 903; x_wconf 86' lang='lat' dir='ltr'><strong>aquas,</strong></span> 
     </span>
    </p>
   </div>
   <div class='ocr_carea' id='block_1_65' title="bbox 1804 913 3389 989">
    <p class='ocr_par' dir='ltr' id='par_1_65' title="bbox 1804 913 3389 989">
     <span class='ocr_line' id='line_1_65' title="bbox 1804 913 3389 989; baseline 0.007 -21"><span class='ocrx_word' id='word_1_399' title='bbox 1804 913 2034 984; x_wconf 77' lang='lat' dir='ltr'><strong>porrigit</strong></span> <span class='ocrx_word' id='word_1_400' title='bbox 2090 929 2288 984; x_wconf 87' lang='lat' dir='ltr'><strong>aquam</strong></span> <span class='ocrx_word' id='word_1_401' title='bbox 2330 915 2522 972; x_wconf 90' lang='lat' dir='ltr'><strong>dicens</strong></span> <span class='ocrx_word' id='word_1_402' title='bbox 2559 936 2571 971; x_wconf 94' lang='lat'><strong>:</strong></span> <span class='ocrx_word' id='word_1_403' title='bbox 2617 915 2691 970; x_wconf 84' lang='lat' dir='ltr'><strong>Da</strong></span> <span class='ocrx_word' id='word_1_404' title='bbox 2723 918 2858 972; x_wconf 87' lang='lat' dir='ltr'><strong>mihi</strong></span> <span class='ocrx_word' id='word_1_405' title='bbox 2885 935 3080 989; x_wconf 83' lang='lat' dir='ltr'><strong>aquam</strong></span> <span class='ocrx_word' id='word_1_406' title='bbox 3115 923 3290 977; x_wconf 66' lang='lat' dir='ltr'><strong>virum</strong></span> <span class='ocrx_word' id='word_1_407' title='bbox 3330 935 3389 979; x_wconf 89' lang='lat' dir='ltr'><strong>ut</strong></span> 
     </span>
    </p>
   </div>
   <div class='ocr_carea' id='block_1_66' title="bbox 1801 1007 2535 1062">
    <p class='ocr_par' dir='ltr' id='par_1_66' title="bbox 1801 1007 2535 1062">
     <span class='ocr_line' id='line_1_66' title="bbox 1801 1007 2535 1062; baseline 0 -2"><span class='ocrx_word' id='word_1_408' title='bbox 1801 1020 1910 1060; x_wconf 90' lang='lat' dir='ltr'><strong>non</strong></span> <span class='ocrx_word' id='word_1_409' title='bbox 1943 1007 2124 1060; x_wconf 81' lang='lat' dir='ltr'><strong>sitiam</strong></span> <span class='ocrx_word' id='word_1_410' title='bbox 2164 1007 2216 1060; x_wconf 89' lang='lat' dir='ltr'><strong>in</strong></span> <span class='ocrx_word' id='word_1_411' title='bbox 2251 1018 2535 1062; x_wconf 69' lang='lat' dir='ltr'><strong>aaternum.</strong></span> 
     </span>
    </p>
   </div>
   <div class='ocr_carea' id='block_1_67' title="bbox 1863 1097 3386 1176">
    <p class='ocr_par' dir='ltr' id='par_1_67' title="bbox 1863 1097 3386 1176">
     <span class='ocr_line' id='line_1_67' title="bbox 1863 1097 3386 1176; baseline 0.008 -25"><span class='ocrx_word' id='word_1_412' title='bbox 1863 1097 2245 1154; x_wconf 85' lang='lat' dir='ltr'><strong>Habitaculum</strong></span> <span class='ocrx_word' id='word_1_413' title='bbox 2294 1099 2384 1155; x_wconf 86' lang='lat' dir='ltr'><strong>Dei</strong></span> <span class='ocrx_word' id='word_1_414' title='bbox 2413 1101 2618 1156; x_wconf 66' lang='lat' dir='ltr'><strong>iiabita</strong></span> <span class='ocrx_word' id='word_1_415' title='bbox 2657 1116 2736 1166; x_wconf 89' lang='lat' dir='ltr'><strong>es,</strong></span> <span class='ocrx_word' id='word_1_416' title='bbox 2776 1099 2940 1173; x_wconf 83' lang='lat' dir='ltr'><strong>Virgo</strong></span> <span class='ocrx_word' id='word_1_417' title='bbox 3010 1103 3239 1176; x_wconf 86' lang='lat' dir='ltr'><strong>Dcipara</strong></span> <span class='ocrx_word' id='word_1_418' title='bbox 3266 1147 3283 1172; x_wconf 90' lang='lat'><strong>,</strong></span> <span class='ocrx_word' id='word_1_419' title='bbox 3319 1123 3386 1164; x_wconf 79' lang='lat' dir='ltr'><strong>ex</strong></span> 
     </span>
    </p>
   </div>
   <div class='ocr_carea' id='block_1_68' title="bbox 1807 1189 3384 1262">
    <p class='ocr_par' dir='ltr' id='par_1_68' title="bbox 1807 1189 3384 1262">
     <span class='ocr_line' id='line_1_68' title="bbox 1807 1189 3384 1262; baseline 0.007 -19"><span class='ocrx_word' id='word_1_420' title='bbox 1807 1199 1906 1243; x_wconf 90' lang='lat' dir='ltr'><strong>tuo</strong></span> <span class='ocrx_word' id='word_1_421' title='bbox 1936 1189 2082 1245; x_wconf 90' lang='lat' dir='ltr'><strong>enim</strong></span> <span class='ocrx_word' id='word_1_422' title='bbox 2124 1191 2394 1262; x_wconf 79' lang='lat' dir='ltr'><strong>sanguine</strong></span> <span class='ocrx_word' id='word_1_423' title='bbox 2421 1208 2557 1262; x_wconf 82' lang='lat' dir='ltr'><strong>puro</strong></span> <span class='ocrx_word' id='word_1_424' title='bbox 2587 1207 2810 1246; x_wconf 89' lang='lat' dir='ltr'><strong>carnem</strong></span> <span class='ocrx_word' id='word_1_425' title='bbox 2838 1194 3021 1248; x_wconf 89' lang='lat' dir='ltr'><strong>anima</strong></span> <span class='ocrx_word' id='word_1_426' title='bbox 3056 1198 3384 1254; x_wconf 81' lang='lat' dir='ltr'><strong>viviﬁcatam</strong></span> 
     </span>
    </p>
   </div>
   <div class='ocr_carea' id='block_1_69' title="bbox 1801 1283 3208 1356">
    <p class='ocr_par' dir='ltr' id='par_1_69' title="bbox 1801 1283 3208 1356">
     <span class='ocr_line' id='line_1_69' title="bbox 1801 1283 3208 1356; baseline 0.008 -19"><span class='ocrx_word' id='word_1_427' title='bbox 1801 1283 2059 1354; x_wconf 84' lang='lat' dir='ltr'><strong>sumpsit,</strong></span> <span class='ocrx_word' id='word_1_428' title='bbox 2099 1284 2220 1338; x_wconf 88' lang='lat' dir='ltr'><strong>ideo</strong></span> <span class='ocrx_word' id='word_1_429' title='bbox 2253 1284 2611 1341; x_wconf 84' lang='lat' dir='ltr'><strong>laudamuste</strong></span> <span class='ocrx_word' id='word_1_430' title='bbox 2643 1301 2744 1356; x_wconf 88' lang='lat' dir='ltr'><strong>per</strong></span> <span class='ocrx_word' id='word_1_431' title='bbox 2774 1300 2937 1343; x_wconf 88' lang='lat' dir='ltr'><strong>omne</strong></span> <span class='ocrx_word' id='word_1_432' title='bbox 2961 1289 3208 1348; x_wconf 80' lang='lat' dir='ltr'><strong>saeclum.</strong></span> 
     </span>
    </p>
   </div>
   <div class='ocr_carea' id='block_1_70' title="bbox 2063 1465 3111 1538">
    <p class='ocr_par' dir='ltr' id='par_1_70' title="bbox 2063 1465 3111 1538">
     <span class='ocr_line' id='line_1_70' title="bbox 2063 1465 3111 1538; baseline 0.008 -18"><span class='ocrx_word' id='word_1_433' title='bbox 2063 1465 2125 1520; x_wconf 84' lang='lat' dir='ltr'><strong>In</strong></span> <span class='ocrx_word' id='word_1_434' title='bbox 2161 1467 2288 1538; x_wconf 81' lang='lat' dir='ltr'><strong>legis</strong></span> <span class='ocrx_word' id='word_1_435' title='bbox 2313 1467 2718 1524; x_wconf 78' lang='lat' dir='ltr'><strong>adumbratione</strong></span> <span class='ocrx_word' id='word_1_436' title='bbox 2765 1479 2811 1525; x_wconf 81' lang='lat' dir='ltr'><strong>et</strong></span> <span class='ocrx_word' id='word_1_437' title='bbox 2851 1469 3050 1528; x_wconf 77' lang='lat' dir='ltr'><strong>littera.</strong></span> <span class='ocrx_word' id='word_1_438' title='bbox 3107 1530 3111 1534; x_wconf 73' lang='grc'><strong>,</strong></span> 
     </span>
    </p>
   </div>
   <div class='ocr_carea' id='block_1_71' title="bbox 1868 1556 3384 1636">
    <p class='ocr_par' dir='ltr' id='par_1_71' title="bbox 1868 1556 3384 1636">
     <span class='ocr_line' id='line_1_71' title="bbox 1868 1556 3384 1636; baseline 0.005 -24"><span class='ocrx_word' id='word_1_439' title='bbox 1868 1556 2074 1614; x_wconf 78' lang='lat' dir='ltr'><strong>Videris</strong></span> <span class='ocrx_word' id='word_1_440' title='bbox 2104 1567 2155 1614; x_wconf 90' lang='lat' dir='ltr'><strong>te</strong></span> <span class='ocrx_word' id='word_1_441' title='bbox 2191 1562 2271 1615; x_wconf 88' lang='lat' dir='ltr'><strong>sol</strong></span> <span class='ocrx_word' id='word_1_442' title='bbox 2300 1570 2576 1617; x_wconf 88' lang='lat' dir='ltr'><strong>mortuum</strong></span> <span class='ocrx_word' id='word_1_443' title='bbox 2615 1564 2667 1618; x_wconf 91' lang='lat' dir='ltr'><strong>in</strong></span> <span class='ocrx_word' id='word_1_444' title='bbox 2702 1578 2868 1620; x_wconf 84' lang='lat' dir='ltr'><strong>cruce</strong></span> <span class='ocrx_word' id='word_1_445' title='bbox 2899 1565 3205 1636; x_wconf 82' lang='lat' dir='ltr'><strong>obstupuit,</strong></span> <span class='ocrx_word' id='word_1_446' title='bbox 3229 1581 3384 1620; x_wconf 88' lang='lat' dir='ltr'><strong>com-</strong></span> 
     </span>
    </p>
   </div>
   <div class='ocr_carea' id='block_1_72' title="bbox 1797 1654 3383 1724">
    <p class='ocr_par' dir='ltr' id='par_1_72' title="bbox 1797 1654 3383 1724">
     <span class='ocr_line' id='line_1_72' title="bbox 1797 1654 3383 1724; baseline 0.006 -20"><span class='ocrx_word' id='word_1_447' title='bbox 1797 1657 1943 1705; x_wconf 89' lang='lat' dir='ltr'><strong>mota</strong></span> <span class='ocrx_word' id='word_1_448' title='bbox 1973 1661 2104 1706; x_wconf 87' lang='lat' dir='ltr'><strong>sunt</strong></span> <span class='ocrx_word' id='word_1_449' title='bbox 2133 1654 2400 1710; x_wconf 88' lang='lat' dir='ltr'><strong>elementa</strong></span> <span class='ocrx_word' id='word_1_450' title='bbox 2425 1664 2478 1710; x_wconf 90' lang='lat' dir='ltr'><strong>et</strong></span> <span class='ocrx_word' id='word_1_451' title='bbox 2509 1657 2688 1712; x_wconf 86' lang='lat' dir='ltr'><strong>omnis</strong></span> <span class='ocrx_word' id='word_1_452' title='bbox 2717 1665 2867 1712; x_wconf 86' lang='lat' dir='ltr'><strong>terra</strong></span> <span class='ocrx_word' id='word_1_453' title='bbox 2890 1673 3162 1714; x_wconf 86' lang='lat' dir='ltr'><strong>concussa</strong></span> <span class='ocrx_word' id='word_1_454' title='bbox 3189 1669 3293 1724; x_wconf 91' lang='lat' dir='ltr'><strong>est,</strong></span> <span class='ocrx_word' id='word_1_455' title='bbox 3329 1668 3383 1713; x_wconf 71' lang='lat' dir='ltr'><strong>ut</strong></span> 
     </span>
    </p>
   </div>
   <div class='ocr_carea' id='block_1_73' title="bbox 1803 1744 3382 1816">
    <p class='ocr_par' dir='ltr' id='par_1_73' title="bbox 1803 1744 3382 1816">
     <span class='ocr_line' id='line_1_73' title="bbox 1803 1744 3382 1816; baseline 0.004 -21"><span class='ocrx_word' id='word_1_456' title='bbox 1803 1750 1971 1810; x_wconf 68' lang='lat' dir='ltr'><strong>petra:</strong></span> <span class='ocrx_word' id='word_1_457' title='bbox 2000 1744 2190 1797; x_wconf 67' lang='lat' dir='ltr'><strong>scissae</strong></span> <span class='ocrx_word' id='word_1_458' title='bbox 2213 1755 2364 1806; x_wconf 82' lang='lat' dir='ltr'><strong>sunt,</strong></span> <span class='ocrx_word' id='word_1_459' title='bbox 2384 1744 2780 1814; x_wconf 86' lang='lat' dir='ltr'><strong>dimittuntque</strong></span> <span class='ocrx_word' id='word_1_460' title='bbox 2796 1747 2958 1800; x_wconf 81' lang='lat' dir='ltr'><strong>inferi</strong></span> <span class='ocrx_word' id='word_1_461' title='bbox 2978 1762 3117 1816; x_wconf 85' lang='lat' dir='ltr'><strong>quos</strong></span> <span class='ocrx_word' id='word_1_462' title='bbox 3131 1748 3198 1802; x_wconf 88' lang='lat' dir='ltr'><strong>ab</strong></span> <span class='ocrx_word' id='word_1_463' title='bbox 3221 1761 3382 1803; x_wconf 64' lang='lat' dir='ltr'><strong>atter-</strong></span> 
     </span>
    </p>
   </div>
   <div class='ocr_carea' id='block_1_74' title="bbox 1798 1832 3274 1904">
    <p class='ocr_par' dir='ltr' id='par_1_74' title="bbox 1798 1832 3274 1904">
     <span class='ocr_line' id='line_1_74' title="bbox 1798 1832 3274 1904; baseline 0.006 -18"><span class='ocrx_word' id='word_1_464' title='bbox 1798 1848 1869 1887; x_wconf 88' lang='lat' dir='ltr'><strong>no</strong></span> <span class='ocrx_word' id='word_1_465' title='bbox 1906 1832 2162 1889; x_wconf 79' lang='lat' dir='ltr'><strong>tenebant</strong></span> <span class='ocrx_word' id='word_1_466' title='bbox 2205 1835 2472 1904; x_wconf 81' lang='lat' dir='ltr'><strong>captivos,</strong></span> <span class='ocrx_word' id='word_1_467' title='bbox 2501 1845 2553 1889; x_wconf 91' lang='lat' dir='ltr'><strong>te</strong></span> <span class='ocrx_word' id='word_1_468' title='bbox 2589 1837 2954 1894; x_wconf 82' lang='lat' dir='ltr'><strong>celebrantes.</strong></span> <span class='ocrx_word' id='word_1_469' title='bbox 3271 1845 3274 1848; x_wconf 81' lang='grc'><strong>’</strong></span> 
     </span>
    </p>
   </div>
   <div class='ocr_carea' id='block_1_75' title="bbox 1858 1924 3382 1999">
    <p class='ocr_par' dir='ltr' id='par_1_75' title="bbox 1858 1924 3382 1999">
     <span class='ocr_line' id='line_1_75' title="bbox 1858 1924 3382 1999; baseline 0.003 -19"><span class='ocrx_word' id='word_1_470' title='bbox 1858 1924 2096 1991; x_wconf 86' lang='lat' dir='ltr'><strong>Christe,</strong></span> <span class='ocrx_word' id='word_1_471' title='bbox 2134 1925 2470 1979; x_wconf 82' lang='lat' dir='ltr'><strong>resurrectio</strong></span> <span class='ocrx_word' id='word_1_472' title='bbox 2499 1933 2555 1981; x_wconf 90' lang='lat' dir='ltr'><strong>et</strong></span> <span class='ocrx_word' id='word_1_473' title='bbox 2584 1925 3007 1996; x_wconf 75' lang='lat' dir='ltr'><strong>rita,dcpositus</strong></span> <span class='ocrx_word' id='word_1_474' title='bbox 3026 1943 3084 1982; x_wconf 90' lang='lat' dir='ltr'><strong>es</strong></span> <span class='ocrx_word' id='word_1_475' title='bbox 3116 1927 3170 1982; x_wconf 93' lang='lat' dir='ltr'><strong>in</strong></span> <span class='ocrx_word' id='word_1_476' title='bbox 3197 1931 3382 1999; x_wconf 78' lang='lat' dir='ltr'><strong>sepul-</strong></span> 
     </span>
    </p>
   </div>
   <div class='ocr_carea' id='block_1_76' title="bbox 1793 2017 3380 2091">
    <p class='ocr_par' dir='ltr' id='par_1_76' title="bbox 1793 2017 3380 2091">
     <span class='ocr_line' id='line_1_76' title="bbox 1793 2017 3380 2091; baseline 0.006 -21"><span class='ocrx_word' id='word_1_477' title='bbox 1793 2031 1913 2082; x_wconf 85' lang='lat' dir='ltr'><strong>cre,</strong></span> <span class='ocrx_word' id='word_1_478' title='bbox 1957 2017 2247 2072; x_wconf 79' lang='lat' dir='ltr'><strong>sun-existi</strong></span> <span class='ocrx_word' id='word_1_479' title='bbox 2281 2030 2409 2072; x_wconf 89' lang='lat' dir='ltr'><strong>vero</strong></span> <span class='ocrx_word' id='word_1_480' title='bbox 2461 2017 2513 2070; x_wconf 90' lang='lat' dir='ltr'><strong>in</strong></span> <span class='ocrx_word' id='word_1_481' title='bbox 2565 2017 2761 2087; x_wconf 74' lang='lat' dir='ltr'><strong>gloria;</strong></span> <span class='ocrx_word' id='word_1_482' title='bbox 2805 2035 2901 2090; x_wconf 87' lang='lat' dir='ltr'><strong>per</strong></span> <span class='ocrx_word' id='word_1_483' title='bbox 2946 2019 3073 2076; x_wconf 86' lang='lat' dir='ltr'><strong>dies-</strong></span> <span class='ocrx_word' id='word_1_484' title='bbox 3109 2021 3380 2091; x_wconf 84' lang='lat' dir='ltr'><strong>plurimos</strong></span> 
     </span>
    </p>
   </div>
   <div class='ocr_carea' id='block_1_77' title="bbox 1792 2107 3377 2181">
    <p class='ocr_par' dir='ltr' id='par_1_77' title="bbox 1792 2107 3377 2181">
     <span class='ocr_line' id='line_1_77' title="bbox 1792 2107 3377 2181; baseline 0.004 -19"><span class='ocrx_word' id='word_1_485' title='bbox 1792 2121 1917 2162; x_wconf 87' lang='lat' dir='ltr'><strong>cum</strong></span> <span class='ocrx_word' id='word_1_486' title='bbox 1941 2107 2132 2164; x_wconf 82' lang='lat' dir='ltr'><strong>amicis</strong></span> <span class='ocrx_word' id='word_1_487' title='bbox 2161 2109 2270 2162; x_wconf 84' lang='lat' dir='ltr'><strong>tuis</strong></span> <span class='ocrx_word' id='word_1_488' title='bbox 2297 2116 2678 2176; x_wconf 81' lang='lat' dir='ltr'><strong>conversatus,</strong></span> <span class='ocrx_word' id='word_1_489' title='bbox 2716 2111 2889 2166; x_wconf 83' lang='lat' dir='ltr'><strong>mittis</strong></span> <span class='ocrx_word' id='word_1_490' title='bbox 2907 2125 3002 2166; x_wconf 90' lang='lat' dir='ltr'><strong>eos</strong></span> <span class='ocrx_word' id='word_1_491' title='bbox 3035 2125 3139 2181; x_wconf 80' lang='lat' dir='ltr'><strong>per.</strong></span> <span class='ocrx_word' id='word_1_492' title='bbox 3160 2127 3377 2168; x_wconf 82' lang='lat' dir='ltr'><strong>onmem</strong></span> 
     </span>
    </p>
   </div>
   <div class='ocr_carea' id='block_1_78' title="bbox 1792 2198 3380 2272">
    <p class='ocr_par' dir='ltr' id='par_1_78' title="bbox 1792 2198 3380 2272">
     <span class='ocr_line' id='line_1_78' title="bbox 1792 2198 3380 2272; baseline 0.002 -19"><span class='ocrx_word' id='word_1_493' title='bbox 1792 2199 2055 2254; x_wconf 84' lang='lat' dir='ltr'><strong>mundum</strong></span> <span class='ocrx_word' id='word_1_494' title='bbox 2087 2208 2146 2252; x_wconf 86' lang='lat' dir='ltr'><strong>ut</strong></span> <span class='ocrx_word' id='word_1_495' title='bbox 2188 2198 2512 2268; x_wconf 88' lang='lat' dir='ltr'><strong>stupendam</strong></span> <span class='ocrx_word' id='word_1_496' title='bbox 2552 2200 2805 2256; x_wconf 88' lang='lat' dir='ltr'><strong>nuntient</strong></span> <span class='ocrx_word' id='word_1_497' title='bbox 2844 2211 2987 2256; x_wconf 85' lang='lat' dir='ltr'><strong>tuam</strong></span> <span class='ocrx_word' id='word_1_498' title='bbox 3021 2203 3380 2272; x_wconf 64' lang='lat' dir='ltr'><strong>dispensant;-</strong></span> 
     </span>
    </p>
   </div>
   <div class='ocr_carea' id='block_1_79' title="bbox 1793 2307 1940 2346">
    <p class='ocr_par' dir='ltr' id='par_1_79' title="bbox 1793 2307 1940 2346">
     <span class='ocr_line' id='line_1_79' title="bbox 1793 2307 1940 2346; baseline 0.014 -2"><span class='ocrx_word' id='word_1_499' title='bbox 1793 2307 1940 2346; x_wconf 87' lang='lat' dir='ltr'><strong>nem.</strong></span> 
     </span>
    </p>
   </div>
   <div class='ocr_carea' id='block_1_80' title="bbox 1849 2383 3376 2443">
    <p class='ocr_par' dir='ltr' id='par_1_80' title="bbox 1849 2383 3376 2443">
     <span class='ocr_line' id='line_1_80' title="bbox 1849 2383 3376 2443; baseline 0.005 -7"><span class='ocrx_word' id='word_1_500' title='bbox 1849 2383 1978 2437; x_wconf 83' lang='lat' dir='ltr'><strong>Mihi</strong></span> <span class='ocrx_word' id='word_1_501' title='bbox 2020 2383 2324 2439; x_wconf 87' lang='lat' dir='ltr'><strong>ostendens</strong></span> <span class='ocrx_word' id='word_1_502' title='bbox 2356 2384 2583 2440; x_wconf 82' lang='lat' dir='ltr'><strong>semitas</strong></span> <span class='ocrx_word' id='word_1_503' title='bbox 2627 2383 2750 2440; x_wconf 80' lang='lat' dir='ltr'><strong>vitae</strong></span> <span class='ocrx_word' id='word_1_504' title='bbox 2789 2385 2844 2440; x_wconf 89' lang='lat' dir='ltr'><strong>in</strong></span> <span class='ocrx_word' id='word_1_505' title='bbox 2897 2388 3376 2443; x_wconf 79' lang='lat' dir='ltr'><strong>couttuiscratinne</strong></span> 
     </span>
    </p>
   </div>
   <div class='ocr_carea' id='block_1_81' title="bbox 1793 2477 3374 2550">
    <p class='ocr_par' dir='ltr' id='par_1_81' title="bbox 1793 2477 3374 2550">
     <span class='ocr_line' id='line_1_81' title="bbox 1793 2477 3374 2550; baseline 0.002 -18"><span class='ocrx_word' id='word_1_506' title='bbox 1793 2477 1959 2532; x_wconf 84' lang='lat' dir='ltr'><strong>multa</strong></span> <span class='ocrx_word' id='word_1_507' title='bbox 1989 2477 2200 2532; x_wconf 87' lang='lat' dir='ltr'><strong>incedis</strong></span> <span class='ocrx_word' id='word_1_508' title='bbox 2231 2492 2293 2533; x_wconf 85' lang='lat' dir='ltr'><strong>ac</strong></span> <span class='ocrx_word' id='word_1_509' title='bbox 2311 2477 2469 2533; x_wconf 82' lang='lat' dir='ltr'><strong>sedes</strong></span> <span class='ocrx_word' id='word_1_510' title='bbox 2506 2478 2685 2533; x_wconf 87' lang='lat' dir='ltr'><strong>lassus</strong></span> <span class='ocrx_word' id='word_1_511' title='bbox 2713 2477 2871 2548; x_wconf 78' lang='lat' dir='ltr'><strong>juxta</strong></span> <span class='ocrx_word' id='word_1_512' title='bbox 2903 2489 3148 2550; x_wconf 62' lang='lat' dir='ltr'><strong>puteum,</strong></span> <span class='ocrx_word' id='word_1_513' title='bbox 3200 2489 3254 2535; x_wconf 89' lang='lat' dir='ltr'><strong>et</strong></span> <span class='ocrx_word' id='word_1_514' title='bbox 3291 2481 3374 2535; x_wconf 78' lang='lat' dir='ltr'><strong>iii-</strong></span> 
     </span>
    </p>
   </div>
   <div class='ocr_carea' id='block_1_82' title="bbox 1791 2566 3374 2639">
    <p class='ocr_par' dir='ltr' id='par_1_82' title="bbox 1791 2566 3374 2639">
     <span class='ocr_line' id='line_1_82' title="bbox 1791 2566 3374 2639; baseline 0 -15"><span class='ocrx_word' id='word_1_515' title='bbox 1791 2568 1922 2624; x_wconf 88' lang='lat' dir='ltr'><strong>bere</strong></span> <span class='ocrx_word' id='word_1_516' title='bbox 1953 2567 2052 2622; x_wconf 90' lang='lat' dir='ltr'><strong>das</strong></span> <span class='ocrx_word' id='word_1_517' title='bbox 2089 2566 2291 2623; x_wconf 82' lang='lat' dir='ltr'><strong>ﬂuenta</strong></span> <span class='ocrx_word' id='word_1_518' title='bbox 2339 2575 2561 2622; x_wconf 72' lang='lat' dir='ltr'><strong>aeternae</strong></span> <span class='ocrx_word' id='word_1_519' title='bbox 2611 2567 2737 2622; x_wconf 69' lang='lat' dir='ltr'><strong>vita:</strong></span> <span class='ocrx_word' id='word_1_520' title='bbox 2781 2569 3050 2639; x_wconf 63' lang='lat' dir='ltr'><strong>quaerenti</strong></span> <span class='ocrx_word' id='word_1_521' title='bbox 3122 2577 3177 2624; x_wconf 91' lang='lat' dir='ltr'><strong>et</strong></span> <span class='ocrx_word' id='word_1_522' title='bbox 3226 2573 3374 2624; x_wconf 85' lang='lat' dir='ltr'><strong>tuam</strong></span> 
     </span>
    </p>
   </div>
   <div class='ocr_carea' id='block_1_83' title="bbox 1789 2657 2582 2714">
    <p class='ocr_par' dir='ltr' id='par_1_83' title="bbox 1789 2657 2582 2714">
     <span class='ocr_line' id='line_1_83' title="bbox 1789 2657 2582 2714; baseline 0 0"><span class='ocrx_word' id='word_1_523' title='bbox 1789 2657 2088 2714; x_wconf 83' lang='lat' dir='ltr'><strong>celebranti</strong></span> <span class='ocrx_word' id='word_1_524' title='bbox 2125 2657 2582 2714; x_wconf 86' lang='lat' dir='ltr'><strong>misericordiam.</strong></span> 
     </span>
    </p>
   </div>
   <div class='ocr_carea' id='block_1_84' title="bbox 1860 2827 3372 2898">
    <p class='ocr_par' dir='ltr' id='par_1_84' title="bbox 1860 2827 3372 2898">
     <span class='ocr_line' id='line_1_84' title="bbox 1860 2827 3372 2898; baseline 0.001 -14"><span class='ocrx_word' id='word_1_525' title='bbox 1860 2828 1964 2898; x_wconf 87' lang='lat' dir='ltr'><strong>Qui</strong></span> <span class='ocrx_word' id='word_1_526' title='bbox 2007 2827 2249 2886; x_wconf 69' lang='lat' dir='ltr'><strong>Verbum</strong></span> <span class='ocrx_word' id='word_1_527' title='bbox 2295 2828 2476 2885; x_wconf 85' lang='lat' dir='ltr'><strong>Patris</strong></span> <span class='ocrx_word' id='word_1_528' title='bbox 2510 2837 2595 2885; x_wconf 86' lang='lat' dir='ltr'><strong>est</strong></span> <span class='ocrx_word' id='word_1_529' title='bbox 2637 2829 2894 2886; x_wconf 87' lang='lat' dir='ltr'><strong>Christus</strong></span> <span class='ocrx_word' id='word_1_530' title='bbox 2933 2845 2997 2885; x_wconf 79' lang='lat' dir='ltr'><strong>ex</strong></span> <span class='ocrx_word' id='word_1_531' title='bbox 3047 2838 3099 2885; x_wconf 92' lang='lat' dir='ltr'><strong>te</strong></span> <span class='ocrx_word' id='word_1_532' title='bbox 3150 2845 3372 2886; x_wconf 88' lang='lat' dir='ltr'><strong>carnem</strong></span> 
     </span>
    </p>
   </div>
   <div class='ocr_carea' id='block_1_85' title="bbox 1789 2919 3378 2992">
    <p class='ocr_par' dir='ltr' id='par_1_85' title="bbox 1789 2919 3378 2992">
     <span class='ocr_line' id='line_1_85' title="bbox 1789 2919 3378 2992; baseline -0.002 -15"><span class='ocrx_word' id='word_1_533' title='bbox 1789 2920 1976 2987; x_wconf 83' lang='lat' dir='ltr'><strong>sumit,</strong></span> <span class='ocrx_word' id='word_1_534' title='bbox 2026 2928 2217 2976; x_wconf 87' lang='lat' dir='ltr'><strong>sancta</strong></span> <span class='ocrx_word' id='word_1_535' title='bbox 2266 2919 2522 2991; x_wconf 87' lang='lat' dir='ltr'><strong>Deipara,</strong></span> <span class='ocrx_word' id='word_1_536' title='bbox 2568 2930 2623 2976; x_wconf 91' lang='lat' dir='ltr'><strong>et</strong></span> <span class='ocrx_word' id='word_1_537' title='bbox 2678 2919 2916 2991; x_wconf 73' lang='lat' dir='ltr'><strong>anigitur</strong></span> <span class='ocrx_word' id='word_1_538' title='bbox 2955 2921 3106 2975; x_wconf 87' lang='lat' dir='ltr'><strong>cruci</strong></span> <span class='ocrx_word' id='word_1_539' title='bbox 3155 2932 3378 2992; x_wconf 76' lang='lat' dir='ltr'><strong>preptcr</strong></span> 
     </span>
    </p>
   </div>
   <div class='ocr_carea' id='block_1_86' title="bbox 1789 3014 3376 3084">
    <p class='ocr_par' dir='ltr' id='par_1_86' title="bbox 1789 3014 3376 3084">
     <span class='ocr_line' id='line_1_86' title="bbox 1789 3014 3376 3084; baseline 0.001 -16"><span class='ocrx_word' id='word_1_540' title='bbox 1789 3029 1911 3080; x_wconf 87' lang='lat' dir='ltr'><strong>nos,</strong></span> <span class='ocrx_word' id='word_1_541' title='bbox 1944 3022 1998 3068; x_wconf 87' lang='lat' dir='ltr'><strong>et</strong></span> <span class='ocrx_word' id='word_1_542' title='bbox 2021 3015 2429 3069; x_wconf 82' lang='lat' dir='ltr'><strong>resurrectione</strong></span> <span class='ocrx_word' id='word_1_543' title='bbox 2450 3029 2548 3070; x_wconf 88' lang='lat' dir='ltr'><strong>sua</strong></span> <span class='ocrx_word' id='word_1_544' title='bbox 2578 3021 2702 3084; x_wconf 90' lang='lat' dir='ltr'><strong>post</strong></span> <span class='ocrx_word' id='word_1_545' title='bbox 2735 3023 2847 3070; x_wconf 89' lang='lat' dir='ltr'><strong>tres</strong></span> <span class='ocrx_word' id='word_1_546' title='bbox 2875 3015 3015 3080; x_wconf 86' lang='lat' dir='ltr'><strong>dies,</strong></span> <span class='ocrx_word' id='word_1_547' title='bbox 3052 3014 3187 3070; x_wconf 84' lang='lat' dir='ltr'><strong>lines</strong></span> <span class='ocrx_word' id='word_1_548' title='bbox 3217 3024 3376 3070; x_wconf 69' lang='lat' dir='ltr'><strong>terrae</strong></span> 
     </span>
    </p>
   </div>
   <div class='ocr_carea' id='block_1_87' title="bbox 1787 3106 3267 3169">
    <p class='ocr_par' dir='ltr' id='par_1_87' title="bbox 1787 3106 3267 3169">
     <span class='ocr_line' id='line_1_87' title="bbox 1787 3106 3267 3169; baseline 0.004 -10"><span class='ocrx_word' id='word_1_549' title='bbox 1787 3106 2084 3169; x_wconf 88' lang='lat' dir='ltr'><strong>illuminat,</strong></span> <span class='ocrx_word' id='word_1_550' title='bbox 2115 3109 2311 3162; x_wconf 87' lang='lat' dir='ltr'><strong>merito</strong></span> <span class='ocrx_word' id='word_1_551' title='bbox 2363 3115 2417 3162; x_wconf 84' lang='lat' dir='ltr'><strong>te</strong></span> <span class='ocrx_word' id='word_1_552' title='bbox 2465 3122 2572 3161; x_wconf 88' lang='lat' dir='ltr'><strong>una</strong></span> <span class='ocrx_word' id='word_1_553' title='bbox 2632 3122 2756 3163; x_wconf 92' lang='lat' dir='ltr'><strong>cum</strong></span> <span class='ocrx_word' id='word_1_554' title='bbox 2811 3108 2907 3163; x_wconf 93' lang='lat' dir='ltr'><strong>illo</strong></span> <span class='ocrx_word' id='word_1_555' title='bbox 2931 3109 3267 3165; x_wconf 74' lang='lat' dir='ltr'><strong>extollimus.</strong></span> 
     </span>
    </p>
   </div>
   <div class='ocr_carea' id='block_1_88' title="bbox 2207 3279 2981 3350">
    <p class='ocr_par' dir='ltr' id='par_1_88' title="bbox 2207 3279 2981 3350">
     <span class='ocr_line' id='line_1_88' title="bbox 2207 3279 2981 3350; baseline 0.008 -15"><span class='ocrx_word' id='word_1_556' title='bbox 2207 3279 2371 3336; x_wconf 84' lang='lat' dir='ltr'><strong>Tertii</strong></span> <span class='ocrx_word' id='word_1_557' title='bbox 2409 3280 2614 3338; x_wconf 79' lang='lat' dir='ltr'><strong>ordinis</strong></span> <span class='ocrx_word' id='word_1_558' title='bbox 2647 3290 2981 3350; x_wconf 56' lang='lat' dir='ltr'><strong>potestates-</strong></span> 
     </span>
    </p>
   </div>
   <div class='ocr_carea' id='block_1_89' title="bbox 1868 3369 3375 3445">
    <p class='ocr_par' dir='ltr' id='par_1_89' title="bbox 1868 3369 3375 3445">
     <span class='ocr_line' id='line_1_89' title="bbox 1868 3369 3375 3445; baseline 0.009 -25"><span class='ocrx_word' id='word_1_559' title='bbox 1868 3369 1926 3426; x_wconf 83' lang='lat' dir='ltr'><strong>Vi</strong></span> <span class='ocrx_word' id='word_1_560' title='bbox 1984 3372 2235 3427; x_wconf 76' lang='lat' dir='ltr'><strong>devincta</strong></span> <span class='ocrx_word' id='word_1_561' title='bbox 2301 3372 2544 3428; x_wconf 85' lang='lat' dir='ltr'><strong>crudelis</strong></span> <span class='ocrx_word' id='word_1_562' title='bbox 2605 3372 3120 3439; x_wconf 52' lang='lat' dir='ltr'><strong>inimici,.vinculis</strong></span> <span class='ocrx_word' id='word_1_563' title='bbox 3174 3376 3375 3445; x_wconf 79' lang='lat' dir='ltr'><strong>quibus</strong></span> 
     </span>
    </p>
   </div>
   <div class='ocr_carea' id='block_1_90' title="bbox 1791 3462 3377 3535">
    <p class='ocr_par' dir='ltr' id='par_1_90' title="bbox 1791 3462 3377 3535">
     <span class='ocr_line' id='line_1_90' title="bbox 1791 3462 3377 3535; baseline 0.003 -16"><span class='ocrx_word' id='word_1_564' title='bbox 1791 3462 1992 3534; x_wconf 85' lang='lat' dir='ltr'><strong>subjici</strong></span> <span class='ocrx_word' id='word_1_565' title='bbox 2031 3463 2252 3519; x_wconf 85' lang='lat' dir='ltr'><strong>voluisti</strong></span> <span class='ocrx_word' id='word_1_566' title='bbox 2288 3479 2455 3535; x_wconf 84' lang='lat' dir='ltr'><strong>super</strong></span> <span class='ocrx_word' id='word_1_567' title='bbox 2487 3479 2712 3523; x_wconf 78' lang='lat' dir='ltr'><strong>crucem</strong></span> <span class='ocrx_word' id='word_1_568' title='bbox 2728 3464 2843 3522; x_wconf 86' lang='lat' dir='ltr'><strong>.hos</strong></span> <span class='ocrx_word' id='word_1_569' title='bbox 2895 3465 3182 3534; x_wconf 69' lang='lat' dir='ltr'><strong>quidivisi</strong></span> <span class='ocrx_word' id='word_1_570' title='bbox 3214 3474 3377 3523; x_wconf 79' lang='lat' dir='ltr'><strong>erant</strong></span> 
     </span>
    </p>
   </div>
   <div class='ocr_carea' id='block_1_91' title="bbox 1792 3555 3470 3629">
    <p class='ocr_par' dir='ltr' id='par_1_91' title="bbox 1792 3555 3470 3629">
     <span class='ocr_line' id='line_1_91' title="bbox 1792 3555 3470 3629; baseline 0.003 -22"><span class='ocrx_word' id='word_1_571' title='bbox 1792 3555 2086 3626; x_wconf 81' lang='lat' dir='ltr'><strong>paciﬁcans</strong></span> <span class='ocrx_word' id='word_1_572' title='bbox 2104 3557 2497 3623; x_wconf 82' lang='lat' dir='ltr'><strong>reconciliusti,</strong></span> <span class='ocrx_word' id='word_1_573' title='bbox 2519 3566 2572 3612; x_wconf 87' lang='lat' dir='ltr'><strong>et</strong></span> <span class='ocrx_word' id='word_1_574' title='bbox 2592 3555 2898 3614; x_wconf 65' lang='lat' dir='ltr'><strong>inimicitiae</strong></span> <span class='ocrx_word' id='word_1_575' title='bbox 2922 3557 3190 3629; x_wconf 74' lang='lat' dir='ltr'><strong>parietem</strong></span> <span class='ocrx_word' id='word_1_576' title='bbox 3218 3573 3377 3616; x_wconf 81' lang='lat' dir='ltr'><strong>ever—</strong></span> <span class='ocrx_word' id='word_1_577' title='bbox 3463 3613 3470 3620; x_wconf 79' lang='grc'><strong>,</strong></span> 
     </span>
    </p>
   </div>
   <div class='ocr_carea' id='block_1_92' title="bbox 1791 3634 2702 3720">
    <p class='ocr_par' dir='ltr' id='par_1_92' title="bbox 1791 3634 2702 3720">
     <span class='ocr_line' id='line_1_92' title="bbox 1791 3634 2702 3720; baseline 0.002 -19"><span class='ocrx_word' id='word_1_578' title='bbox 1791 3646 1904 3702; x_wconf 88' lang='lat' dir='ltr'><strong>tisti</strong></span> <span class='ocrx_word' id='word_1_579' title='bbox 1931 3662 1948 3715; x_wconf 83' lang='lat'><strong>;</strong></span> <span class='ocrx_word' id='word_1_580' title='bbox 1973 3654 2304 3720; x_wconf 87' lang='lat' dir='ltr'><strong>quapropter</strong></span> <span class='ocrx_word' id='word_1_581' title='bbox 2323 3634 2606 3704; x_wconf 73' lang='lat' dir='ltr'><strong>laudamus</strong></span> <span class='ocrx_word' id='word_1_582' title='bbox 2631 3656 2702 3703; x_wconf 87' lang='lat' dir='ltr'><strong>te.</strong></span> 
     </span>
    </p>
   </div>
   <div class='ocr_carea' id='block_1_93' title="bbox 1860 3739 3375 3815">
    <p class='ocr_par' dir='ltr' id='par_1_93' title="bbox 1860 3739 3375 3815">
     <span class='ocr_line' id='line_1_93' title="bbox 1860 3739 3375 3815; baseline 0.002 -22"><span class='ocrx_word' id='word_1_583' title='bbox 1860 3739 2148 3805; x_wconf 88' lang='lat' dir='ltr'><strong>Dominus,</strong></span> <span class='ocrx_word' id='word_1_584' title='bbox 2181 3749 2240 3793; x_wconf 90' lang='lat' dir='ltr'><strong>ut</strong></span> <span class='ocrx_word' id='word_1_585' title='bbox 2278 3739 2496 3797; x_wconf 81' lang='lat' dir='ltr'><strong>dixerat</strong></span> <span class='ocrx_word' id='word_1_586' title='bbox 2526 3747 2654 3796; x_wconf 83' lang='lat' dir='ltr'><strong>ante</strong></span> <span class='ocrx_word' id='word_1_587' title='bbox 2684 3740 3020 3815; x_wconf 83' lang='lat' dir='ltr'><strong>passionem,</strong></span> <span class='ocrx_word' id='word_1_588' title='bbox 3041 3743 3375 3809; x_wconf 70' lang='lat' dir='ltr'><strong>resurrexit,</strong></span> 
     </span>
    </p>
   </div>
   <div class='ocr_carea' id='block_1_94' title="bbox 1790 3827 3379 3901">
    <p class='ocr_par' dir='ltr' id='par_1_94' title="bbox 1790 3827 3379 3901">
     <span class='ocr_line' id='line_1_94' title="bbox 1790 3827 3379 3901; baseline 0.003 -17"><span class='ocrx_word' id='word_1_589' title='bbox 1790 3837 1849 3884; x_wconf 89' lang='lat' dir='ltr'><strong>ut</strong></span> <span class='ocrx_word' id='word_1_590' title='bbox 1879 3840 2004 3901; x_wconf 86' lang='lat' dir='ltr'><strong>pote</strong></span> <span class='ocrx_word' id='word_1_591' title='bbox 2054 3827 2198 3886; x_wconf 90' lang='lat' dir='ltr'><strong>Deus</strong></span> <span class='ocrx_word' id='word_1_592' title='bbox 2227 3827 2386 3884; x_wconf 79' lang='lat' dir='ltr'><strong>fortis</strong></span> <span class='ocrx_word' id='word_1_593' title='bbox 2419 3845 2587 3900; x_wconf 84' lang='lat' dir='ltr'><strong>regna</strong></span> <span class='ocrx_word' id='word_1_594' title='bbox 2611 3831 2862 3898; x_wconf 86' lang='lat' dir='ltr'><strong>spolians</strong></span> <span class='ocrx_word' id='word_1_595' title='bbox 2913 3831 3229 3899; x_wconf 80' lang='lat' dir='ltr'><strong>infernalin,</strong></span> <span class='ocrx_word' id='word_1_596' title='bbox 3283 3850 3379 3888; x_wconf 67' lang='lat' dir='ltr'><strong>ex-</strong></span> 
     </span>
    </p>
   </div>
   <div class='ocr_carea' id='block_1_95' title="bbox 1788 3918 3378 3992">
    <p class='ocr_par' dir='ltr' id='par_1_95' title="bbox 1788 3918 3378 3992">
     <span class='ocr_line' id='line_1_95' title="bbox 1788 3918 3378 3992; baseline 0.001 -17"><span class='ocrx_word' id='word_1_597' title='bbox 1788 3919 2180 3992; x_wconf 83' lang='lat' dir='ltr'><strong>suscitansque</strong></span> <span class='ocrx_word' id='word_1_598' title='bbox 2215 3918 2510 3977; x_wconf 82' lang='lat' dir='ltr'><strong>secumibi</strong></span> <span class='ocrx_word' id='word_1_599' title='bbox 2541 3919 2882 3976; x_wconf 87' lang='lat' dir='ltr'><strong>dormientes</strong></span> <span class='ocrx_word' id='word_1_600' title='bbox 2935 3923 3004 3978; x_wconf 86' lang='lat' dir='ltr'><strong>ab</strong></span> <span class='ocrx_word' id='word_1_601' title='bbox 3026 3931 3233 3978; x_wconf 67' lang='lat' dir='ltr'><strong>aeterno</strong></span> <span class='ocrx_word' id='word_1_602' title='bbox 3259 3937 3378 3977; x_wconf 86' lang='lat' dir='ltr'><strong>ma-</strong></span> 
     </span>
    </p>
   </div>
   <div class='ocr_carea' id='block_1_96' title="bbox 1787 4011 2325 4086">
    <p class='ocr_par' dir='ltr' id='par_1_96' title="bbox 1787 4011 2325 4086">
     <span class='ocr_line' id='line_1_96' title="bbox 1787 4011 2325 4086; baseline -0.004 -18"><span class='ocrx_word' id='word_1_603' title='bbox 1787 4011 2112 4086; x_wconf 73' lang='lat' dir='ltr'><strong>gniilcantes</strong></span> <span class='ocrx_word' id='word_1_604' title='bbox 2145 4013 2325 4069; x_wconf 87' lang='lat' dir='ltr'><strong>illum.</strong></span> 
     </span>
    </p>
   </div>
   <div class='ocr_carea' id='block_1_97' title="bbox 1855 4103 3378 4170">
    <p class='ocr_par' dir='ltr' id='par_1_97' title="bbox 1855 4103 3378 4170">
     <span class='ocr_line' id='line_1_97' title="bbox 1855 4103 3378 4170; baseline 0.001 -11"><span class='ocrx_word' id='word_1_605' title='bbox 1855 4103 2325 4170; x_wconf 81' lang='lat' dir='ltr'><strong>Coetusaromata</strong></span> <span class='ocrx_word' id='word_1_606' title='bbox 2379 4103 2671 4161; x_wconf 77' lang='lat' dir='ltr'><strong>ferentium</strong></span> <span class='ocrx_word' id='word_1_607' title='bbox 2723 4103 2916 4162; x_wconf 80' lang='lat' dir='ltr'><strong>videns</strong></span> <span class='ocrx_word' id='word_1_608' title='bbox 2968 4106 3269 4162; x_wconf 83' lang='lat' dir='ltr'><strong>mirabilem</strong></span> <span class='ocrx_word' id='word_1_609' title='bbox 3298 4105 3378 4161; x_wconf 56' lang='lat' dir='ltr'><strong>fai-</strong></span> 
     </span>
    </p>
   </div>
   <div class='ocr_carea' id='block_1_98' title="bbox 1785 4196 3378 4266">
    <p class='ocr_par' dir='ltr' id='par_1_98' title="bbox 1785 4196 3378 4266">
     <span class='ocr_line' id='line_1_98' title="bbox 1785 4196 3378 4266; baseline 0.001 -13"><span class='ocrx_word' id='word_1_610' title='bbox 1785 4197 1869 4254; x_wconf 91' lang='lat' dir='ltr'><strong>cie</strong></span> <span class='ocrx_word' id='word_1_611' title='bbox 1884 4205 1936 4254; x_wconf 87' lang='lat' dir='ltr'><strong>et</strong></span> <span class='ocrx_word' id='word_1_612' title='bbox 1956 4197 2141 4253; x_wconf 88' lang='lat' dir='ltr'><strong>habitu</strong></span> <span class='ocrx_word' id='word_1_613' title='bbox 2171 4196 2414 4253; x_wconf 84' lang='lat' dir='ltr'><strong>divinum</strong></span> <span class='ocrx_word' id='word_1_614' title='bbox 2443 4196 2774 4266; x_wconf 89' lang='lat' dir='ltr'><strong>ministrum,</strong></span> <span class='ocrx_word' id='word_1_615' title='bbox 2794 4198 2864 4258; x_wconf 85' lang='lat' dir='ltr'><strong>ab</strong></span> <span class='ocrx_word' id='word_1_616' title='bbox 2889 4214 2954 4254; x_wconf 88' lang='lat' dir='ltr'><strong>eo</strong></span> <span class='ocrx_word' id='word_1_617' title='bbox 2977 4199 3161 4254; x_wconf 88' lang='lat' dir='ltr'><strong>didicit</strong></span> <span class='ocrx_word' id='word_1_618' title='bbox 3184 4198 3378 4254; x_wconf 82' lang='lat' dir='ltr'><strong>:Ciu-i-</strong></span> 
     </span>
    </p>
   </div>
   <div class='ocr_carea' id='block_1_99' title="bbox 1785 4288 3376 4357">
    <p class='ocr_par' dir='ltr' id='par_1_99' title="bbox 1785 4288 3376 4357">
     <span class='ocr_line' id='line_1_99' title="bbox 1785 4288 3376 4357; baseline 0.001 -12"><span class='ocrx_word' id='word_1_619' title='bbox 1785 4297 1907 4345; x_wconf 88' lang='lat' dir='ltr'><strong>stus</strong></span> <span class='ocrx_word' id='word_1_620' title='bbox 1947 4288 2250 4344; x_wconf 79' lang='lat' dir='ltr'><strong>resurrexit</strong></span> <span class='ocrx_word' id='word_1_621' title='bbox 2281 4305 2298 4357; x_wconf 92' lang='lat'><strong>;</strong></span> <span class='ocrx_word' id='word_1_622' title='bbox 2332 4298 2526 4345; x_wconf 88' lang='lat' dir='ltr'><strong>euntes</strong></span> <span class='ocrx_word' id='word_1_623' title='bbox 2554 4289 2880 4346; x_wconf 85' lang='lat' dir='ltr'><strong>annuntiatc</strong></span> <span class='ocrx_word' id='word_1_624' title='bbox 2951 4289 3055 4346; x_wconf 85' lang='lat' dir='ltr'><strong>hoc</strong></span> <span class='ocrx_word' id='word_1_625' title='bbox 3113 4288 3376 4347; x_wconf 82' lang='lat' dir='ltr'><strong>desoi..tis</strong></span> 
     </span>
    </p>
   </div>
   <div class='ocr_carea' id='block_1_100' title="bbox 1784 4379 2492 4454">
    <p class='ocr_par' dir='ltr' id='par_1_100' title="bbox 1784 4379 2492 4454">
     <span class='ocr_line' id='line_1_100' title="bbox 1784 4379 2492 4454; baseline 0.004 -18"><span class='ocrx_word' id='word_1_626' title='bbox 1784 4379 2150 4453; x_wconf 73' lang='lat' dir='ltr'><strong>dentibusque</strong></span> <span class='ocrx_word' id='word_1_627' title='bbox 2181 4381 2492 4454; x_wconf 80' lang='lat' dir='ltr'><strong>discipulis.</strong></span> 
     </span>
    </p>
   </div>
   <div class='ocr_carea' id='block_1_101' title="bbox 1860 4562 3374 4636">
    <p class='ocr_par' dir='ltr' id='par_1_101' title="bbox 1860 4562 3374 4636">
     <span class='ocr_line' id='line_1_101' title="bbox 1860 4562 3374 4636; baseline 0.004 -18"><span class='ocrx_word' id='word_1_628' title='bbox 1860 4562 2148 4636; x_wconf 87' lang='lat' dir='ltr'><strong>Tanquam</strong></span> <span class='ocrx_word' id='word_1_629' title='bbox 2195 4581 2433 4636; x_wconf 83' lang='lat' dir='ltr'><strong>sponsus</strong></span> <span class='ocrx_word' id='word_1_630' title='bbox 2462 4565 2702 4623; x_wconf 87' lang='lat' dir='ltr'><strong>decorus</strong></span> <span class='ocrx_word' id='word_1_631' title='bbox 2761 4567 3068 4624; x_wconf 81' lang='lat' dir='ltr'><strong>resurrexit</strong></span> <span class='ocrx_word' id='word_1_632' title='bbox 3097 4583 3166 4624; x_wconf 69' lang='lat' dir='ltr'><strong>et</strong></span> <span class='ocrx_word' id='word_1_633' title='bbox 3222 4583 3374 4626; x_wconf 63' lang='lat' dir='ltr'><strong>mor-</strong></span> 
     </span>
    </p>
   </div>
   <div class='ocr_carea' id='block_1_102' title="bbox 1789 4657 3372 4732">
    <p class='ocr_par' dir='ltr' id='par_1_102' title="bbox 1789 4657 3372 4732">
     <span class='ocr_line' id='line_1_102' title="bbox 1789 4657 3372 4732; baseline 0.005 -22"><span class='ocrx_word' id='word_1_634' title='bbox 1789 4657 1900 4712; x_wconf 91' lang='lat' dir='ltr'><strong>tuis</strong></span> <span class='ocrx_word' id='word_1_635' title='bbox 1927 4658 2020 4728; x_wconf 90' lang='lat' dir='ltr'><strong>qui</strong></span> <span class='ocrx_word' id='word_1_636' title='bbox 2053 4658 2317 4714; x_wconf 88' lang='lat' dir='ltr'><strong>cbaritate</strong></span> <span class='ocrx_word' id='word_1_637' title='bbox 2349 4675 2470 4729; x_wconf 73' lang='lat' dir='ltr'><strong>quae</strong></span> <span class='ocrx_word' id='word_1_638' title='bbox 2499 4670 2725 4730; x_wconf 89' lang='lat' dir='ltr'><strong>captum</strong></span> <span class='ocrx_word' id='word_1_639' title='bbox 2780 4670 3007 4732; x_wconf 86' lang='lat' dir='ltr'><strong>superat</strong></span> <span class='ocrx_word' id='word_1_640' title='bbox 3053 4663 3256 4718; x_wconf 88' lang='lat' dir='ltr'><strong>mentis</strong></span> <span class='ocrx_word' id='word_1_641' title='bbox 3319 4663 3372 4718; x_wconf 91' lang='lat' dir='ltr'><strong>in</strong></span> 
     </span>
    </p>
   </div>
   <div class='ocr_carea' id='block_1_103' title="bbox 1784 4750 3373 4824">
    <p class='ocr_par' dir='ltr' id='par_1_103' title="bbox 1784 4750 3373 4824">
     <span class='ocr_line' id='line_1_103' title="bbox 1784 4750 3373 4824; baseline 0.003 -21"><span class='ocrx_word' id='word_1_642' title='bbox 1784 4751 2088 4806; x_wconf 86' lang='lat' dir='ltr'><strong>visceribus</strong></span> <span class='ocrx_word' id='word_1_643' title='bbox 2104 4750 2232 4815; x_wconf 90' lang='lat' dir='ltr'><strong>tuis,</strong></span> <span class='ocrx_word' id='word_1_644' title='bbox 2255 4767 2285 4806; x_wconf 96' lang='grc' dir='ltr'><strong>ο</strong></span> <span class='ocrx_word' id='word_1_645' title='bbox 2305 4751 2675 4824; x_wconf 85' lang='lat' dir='ltr'><strong>immaculata.</strong></span> <span class='ocrx_word' id='word_1_646' title='bbox 2694 4767 2914 4810; x_wconf 87' lang='lat' dir='ltr'><strong>carnem</strong></span> <span class='ocrx_word' id='word_1_647' title='bbox 2939 4755 3206 4824; x_wconf 88' lang='lat' dir='ltr'><strong>sumpsit;</strong></span> <span class='ocrx_word' id='word_1_648' title='bbox 3226 4753 3373 4824; x_wconf 83' lang='lat' dir='ltr'><strong>quod</strong></span> 
     </span>
    </p>
   </div>
   <div class='ocr_carea' id='block_1_104' title="bbox 1783 4823 3370 4924">
    <p class='ocr_par' dir='ltr' id='par_1_104' title="bbox 1783 4823 3370 4924">
     <span class='ocr_line' id='line_1_104' title="bbox 1783 4823 3370 4924; baseline 0.001 -24"><span class='ocrx_word' id='word_1_649' title='bbox 1783 4859 1906 4900; x_wconf 89' lang='lat' dir='ltr'><strong>cum</strong></span> <span class='ocrx_word' id='word_1_650' title='bbox 1949 4845 2215 4916; x_wconf 87' lang='lat' dir='ltr'><strong>apostolis</strong></span> <span class='ocrx_word' id='word_1_651' title='bbox 2245 4823 2439 4924; x_wconf 69' lang='lat' dir='ltr'><strong>videns</strong></span> <span class='ocrx_word' id='word_1_652' title='bbox 2468 4846 2742 4902; x_wconf 71' lang='lat' dir='ltr'><strong>triduana:</strong></span> <span class='ocrx_word' id='word_1_653' title='bbox 2792 4846 2914 4918; x_wconf 85' lang='lat' dir='ltr'><strong>ejus</strong></span> <span class='ocrx_word' id='word_1_654' title='bbox 2972 4847 3370 4904; x_wconf 84' lang='lat' dir='ltr'><strong>resurrectioui</strong></span> 
     </span>
    </p>
   </div>
   <div class='ocr_carea' id='block_1_105' title="bbox 1782 4937 2269 5009">
    <p class='ocr_par' dir='ltr' id='par_1_105' title="bbox 1782 4937 2269 5009">
     <span class='ocr_line' id='line_1_105' title="bbox 1782 4937 2269 5009; baseline 0.002 -18"><span class='ocrx_word' id='word_1_655' title='bbox 1782 4937 1982 4994; x_wconf 86' lang='lat' dir='ltr'><strong>dedisti</strong></span> <span class='ocrx_word' id='word_1_656' title='bbox 2019 4939 2269 5009; x_wconf 74' lang='lat' dir='ltr'><strong>gloriam.</strong></span> 
     </span>
    </p>
   </div>
   <div class='ocr_carea' id='block_1_106' title="bbox 2065 5027 3076 5099">
    <p class='ocr_par' dir='ltr' id='par_1_106' title="bbox 2065 5027 3076 5099">
     <span class='ocr_line' id='line_1_106' title="bbox 2065 5027 3076 5099; baseline 0.003 -17"><span class='ocrx_word' id='word_1_657' title='bbox 2065 5027 2146 5082; x_wconf 84' lang='lat' dir='ltr'><strong>Tu</strong></span> <span class='ocrx_word' id='word_1_658' title='bbox 2180 5028 2417 5083; x_wconf 81' lang='lat' dir='ltr'><strong>omnium</strong></span> <span class='ocrx_word' id='word_1_659' title='bbox 2449 5027 3076 5099; x_wconf 75' lang='lat' dir='ltr'><strong>Satvator-omnipotens.</strong></span> 
     </span>
    </p>
   </div>
   <div class='ocr_carea' id='block_1_107' title="bbox 1852 5117 3364 5196">
    <p class='ocr_par' dir='ltr' id='par_1_107' title="bbox 1852 5117 3364 5196">
     <span class='ocr_line' id='line_1_107' title="bbox 1852 5117 3364 5196; baseline 0.004 -24"><span class='ocrx_word' id='word_1_660' title='bbox 1852 5117 2106 5196; x_wconf 75' lang='lat' dir='ltr'><strong>Extensis</strong></span> <span class='ocrx_word' id='word_1_661' title='bbox 2151 5121 2463 5178; x_wconf 83' lang='lat' dir='ltr'><strong>voluntarie</strong></span> <span class='ocrx_word' id='word_1_662' title='bbox 2493 5121 2549 5177; x_wconf 90' lang='lat' dir='ltr'><strong>in</strong></span> <span class='ocrx_word' id='word_1_663' title='bbox 2583 5137 2751 5178; x_wconf 88' lang='lat' dir='ltr'><strong>cruce</strong></span> <span class='ocrx_word' id='word_1_664' title='bbox 2783 5123 3044 5179; x_wconf 87' lang='lat' dir='ltr'><strong>manibus</strong></span> <span class='ocrx_word' id='word_1_665' title='bbox 3106 5122 3364 5194; x_wconf 86' lang='lat' dir='ltr'><strong>impollu-</strong></span> 
     </span>
    </p>
   </div>
   <div class='ocr_carea' id='block_1_108' title="bbox 1780 5213 3364 5287">
    <p class='ocr_par' dir='ltr' id='par_1_108' title="bbox 1780 5213 3364 5287">
     <span class='ocr_line' id='line_1_108' title="bbox 1780 5213 3364 5287; baseline 0.003 -21"><span class='ocrx_word' id='word_1_666' title='bbox 1780 5213 1872 5280; x_wconf 90' lang='lat' dir='ltr'><strong>tis,</strong></span> <span class='ocrx_word' id='word_1_667' title='bbox 1941 5214 2009 5269; x_wconf 87' lang='lat' dir='ltr'><strong>ad</strong></span> <span class='ocrx_word' id='word_1_668' title='bbox 2051 5221 2106 5270; x_wconf 86' lang='lat' dir='ltr'><strong>te</strong></span> <span class='ocrx_word' id='word_1_669' title='bbox 2158 5231 2351 5272; x_wconf 82' lang='lat' dir='ltr'><strong>omnes</strong></span> <span class='ocrx_word' id='word_1_670' title='bbox 2383 5216 2622 5283; x_wconf 79' lang='lat' dir='ltr'><strong>traxisti,</strong></span> <span class='ocrx_word' id='word_1_671' title='bbox 2657 5230 2690 5270; x_wconf 92' lang='grc' dir='ltr'><strong>ο</strong></span> <span class='ocrx_word' id='word_1_672' title='bbox 2720 5216 3104 5287; x_wconf 70' lang='lat' dir='ltr'><strong>longanimiter</strong></span> <span class='ocrx_word' id='word_1_673' title='bbox 3133 5217 3364 5285; x_wconf 83' lang='lat' dir='ltr'><strong>patiens,</strong></span> 
     </span>
    </p>
   </div>
   <div class='ocr_carea' id='block_1_109' title="bbox 1777 5306 3366 5378">
    <p class='ocr_par' dir='ltr' id='par_1_109' title="bbox 1777 5306 3366 5378">
     <span class='ocr_line' id='line_1_109' title="bbox 1777 5306 3366 5378; baseline 0.004 -21"><span class='ocrx_word' id='word_1_674' title='bbox 1777 5306 2136 5378; x_wconf 82' lang='lat' dir='ltr'><strong>liberastique</strong></span> <span class='ocrx_word' id='word_1_675' title='bbox 2168 5309 2238 5363; x_wconf 87' lang='lat' dir='ltr'><strong>ab</strong></span> <span class='ocrx_word' id='word_1_676' title='bbox 2292 5309 2469 5363; x_wconf 83' lang='lat' dir='ltr'><strong>aliena</strong></span> <span class='ocrx_word' id='word_1_677' title='bbox 2505 5307 2825 5378; x_wconf 80' lang='lat' dir='ltr'><strong>captivitate</strong></span> <span class='ocrx_word' id='word_1_678' title='bbox 2855 5323 2870 5374; x_wconf 89' lang='lat'><strong>;</strong></span> <span class='ocrx_word' id='word_1_679' title='bbox 2896 5308 3254 5378; x_wconf 86' lang='lat' dir='ltr'><strong>quamobrem</strong></span> <span class='ocrx_word' id='word_1_680' title='bbox 3312 5317 3366 5364; x_wconf 90' lang='lat' dir='ltr'><strong>te</strong></span> 
     </span>
    </p>
   </div>
   <div class='ocr_carea' id='block_1_110' title="bbox 1775 5400 2548 5473">
    <p class='ocr_par' dir='ltr' id='par_1_110' title="bbox 1775 5400 2548 5473">
     <span class='ocr_line' id='line_1_110' title="bbox 1775 5400 2548 5473; baseline -0.005 -15"><span class='ocrx_word' id='word_1_681' title='bbox 1775 5412 2102 5458; x_wconf 75' lang='lat' dir='ltr'><strong>venerantes</strong></span> <span class='ocrx_word' id='word_1_682' title='bbox 2152 5400 2548 5473; x_wconf 75' lang='lat' dir='ltr'><strong>glorificamus.</strong></span> 
     </span>
    </p>
   </div>
   <div class='ocr_carea' id='block_1_111' title="bbox 1846 5491 3366 5565">
    <p class='ocr_par' dir='ltr' id='par_1_111' title="bbox 1846 5491 3366 5565">
     <span class='ocr_line' id='line_1_111' title="bbox 1846 5491 3366 5565; baseline -0.002 -16"><span class='ocrx_word' id='word_1_683' title='bbox 1846 5493 1923 5550; x_wconf 82' lang='lat' dir='ltr'><strong>Te</strong></span> <span class='ocrx_word' id='word_1_684' title='bbox 1940 5496 1996 5550; x_wconf 91' lang='lat' dir='ltr'><strong>in</strong></span> <span class='ocrx_word' id='word_1_685' title='bbox 2012 5503 2384 5561; x_wconf 83' lang='lat' dir='ltr'><strong>monumento,</strong></span> <span class='ocrx_word' id='word_1_686' title='bbox 2399 5495 2529 5565; x_wconf 83' lang='lat' dir='ltr'><strong>quia</strong></span> <span class='ocrx_word' id='word_1_687' title='bbox 2547 5492 2788 5561; x_wconf 84' lang='lat' dir='ltr'><strong>voluisti,</strong></span> <span class='ocrx_word' id='word_1_688' title='bbox 2808 5491 3081 5564; x_wconf 85' lang='lat' dir='ltr'><strong>deposito,</strong></span> <span class='ocrx_word' id='word_1_689' title='bbox 3095 5492 3366 5547; x_wconf 81' lang='lat' dir='ltr'><strong>dormien-</strong></span> 
     </span>
    </p>
   </div>
   <div class='ocr_carea' id='block_1_112' title="bbox 1775 5585 3360 5658">
    <p class='ocr_par' dir='ltr' id='par_1_112' title="bbox 1775 5585 3360 5658">
     <span class='ocr_line' id='line_1_112' title="bbox 1775 5585 3360 5658; baseline -0.003 -15"><span class='ocrx_word' id='word_1_690' title='bbox 1775 5598 1857 5644; x_wconf 89' lang='lat' dir='ltr'><strong>tes</strong></span> <span class='ocrx_word' id='word_1_691' title='bbox 1905 5588 1964 5644; x_wconf 89' lang='lat' dir='ltr'><strong>in</strong></span> <span class='ocrx_word' id='word_1_692' title='bbox 2002 5589 2294 5658; x_wconf 82' lang='lat' dir='ltr'><strong>sepulcris,</strong></span> <span class='ocrx_word' id='word_1_693' title='bbox 2321 5594 2648 5658; x_wconf 77' lang='lat' dir='ltr'><strong>resurgente</strong></span> <span class='ocrx_word' id='word_1_694' title='bbox 2687 5594 2763 5653; x_wconf 90' lang='lat' dir='ltr'><strong>te,</strong></span> <span class='ocrx_word' id='word_1_695' title='bbox 2790 5602 2856 5640; x_wconf 85' lang='lat' dir='ltr'><strong>ex</strong></span> <span class='ocrx_word' id='word_1_696' title='bbox 2896 5585 3134 5641; x_wconf 88' lang='lat' dir='ltr'><strong>mortuis</strong></span> <span class='ocrx_word' id='word_1_697' title='bbox 3175 5592 3360 5640; x_wconf 89' lang='lat' dir='ltr'><strong>tecum</strong></span> 
     </span>
    </p>
   </div>
   <div class='ocr_carea' id='block_1_113' title="bbox 1773 5677 3362 5749">
    <p class='ocr_par' dir='ltr' id='par_1_113' title="bbox 1773 5677 3362 5749">
     <span class='ocr_line' id='line_1_113' title="bbox 1773 5677 3362 5749; baseline 0.001 -15"><span class='ocrx_word' id='word_1_698' title='bbox 1773 5689 2150 5746; x_wconf 79' lang='lat' dir='ltr'><strong>surrexerunt,</strong></span> <span class='ocrx_word' id='word_1_699' title='bbox 2176 5689 2486 5736; x_wconf 87' lang='lat' dir='ltr'><strong>reverenter</strong></span> <span class='ocrx_word' id='word_1_700' title='bbox 2507 5679 2823 5742; x_wconf 88' lang='lat' dir='ltr'><strong>clamantes,</strong></span> <span class='ocrx_word' id='word_1_701' title='bbox 2839 5677 3171 5746; x_wconf 88' lang='lat' dir='ltr'><strong>Benedicite,</strong></span> <span class='ocrx_word' id='word_1_702' title='bbox 3194 5692 3362 5749; x_wconf 84' lang='lat' dir='ltr'><strong>opera</strong></span> 
     </span>
    </p>
   </div>
   <div class='ocr_carea' id='block_1_114' title="bbox 1772 5773 2301 5839">
    <p class='ocr_par' dir='ltr' id='par_1_114' title="bbox 1772 5773 2301 5839">
     <span class='ocr_line' id='line_1_114' title="bbox 1772 5773 2301 5839; baseline 0.008 -12"><span class='ocrx_word' id='word_1_703' title='bbox 1772 5773 2012 5839; x_wconf 79' lang='lat' dir='ltr'><strong>Domini,</strong></span> <span class='ocrx_word' id='word_1_704' title='bbox 2050 5773 2301 5831; x_wconf 85' lang='lat' dir='ltr'><strong>Domino.</strong></span> 
     </span>
    </p>
   </div>
   <div class='ocr_carea' id='block_1_115' title="bbox 1844 5864 3356 5940">
    <p class='ocr_par' dir='ltr' id='par_1_115' title="bbox 1844 5864 3356 5940">
     <span class='ocr_line' id='line_1_115' title="bbox 1844 5864 3356 5940; baseline 0.001 -20"><span class='ocrx_word' id='word_1_705' title='bbox 1844 5864 1921 5923; x_wconf 89' lang='lat' dir='ltr'><strong>Te</strong></span> <span class='ocrx_word' id='word_1_706' title='bbox 1947 5868 2218 5925; x_wconf 87' lang='lat' dir='ltr'><strong>mirabilia</strong></span> <span class='ocrx_word' id='word_1_707' title='bbox 2249 5875 2555 5939; x_wconf 79' lang='lat' dir='ltr'><strong>patrantem</strong></span> <span class='ocrx_word' id='word_1_708' title='bbox 2587 5878 2640 5926; x_wconf 91' lang='lat' dir='ltr'><strong>et</strong></span> <span class='ocrx_word' id='word_1_709' title='bbox 2685 5866 2975 5940; x_wconf 83' lang='lat' dir='ltr'><strong>stupenda,</strong></span> <span class='ocrx_word' id='word_1_710' title='bbox 3014 5867 3184 5925; x_wconf 84' lang='lat' dir='ltr'><strong>verbo</strong></span> <span class='ocrx_word' id='word_1_711' title='bbox 3224 5866 3356 5924; x_wconf 86' lang='lat' dir='ltr'><strong>iliu-</strong></span> 
     </span>
    </p>
   </div>
  </div>
