3898 6320
198 423 333 489 3961
1642 445 1782 505 TRI'

1918 447 2028 508 ΗΜ
2044 491 2061 510 .

631 537 689 589 Ἐ
693 537 728 602 ξ
732 538 880 608 ἔστη
911 541 984 596 τὰ
1021 544 1366 614 σύμπαντα.
1817 558 1866 613 Δ

267 633 666 704 Δεσμούμενος,
698 637 964 706 Δέσποτα,
1020 643 1116 695 καὶ
1148 642 1290 714 ξύλῳ
1319 645 1784 716 προσηλούμενος,

3336 455 3476 520 3902

2437 563 2634 620 Omnia
2663 565 2924 621 abierunt.

1915 642 1928 658 “
1971 651 2199 710 Vinctus
2242 661 2297 710 et
2329 654 2522 710 allixus
2547 656 2723 720 cruci,
2763 656 3010 718 Domine,
3049 655 3293 711 liherasti
3320 673 3404 713 me
3440 672 3473 712 a

198 728 395 793 ἔλυσας
441 730 660 802 δεσμῶν
716 750 783 803 με
835 735 1132 806 ἁμαρτίας,
1168 739 1262 792 καὶ
1289 743 1355 811 τῇ
1405 741 1596 814 ἀγάπῃ
1617 744 1683 812 τῇ
1716 743 1784 812 σῇ

201 822 562 892 προσήλωσας
608 839 621 853 °
650 823 773 878 ὅθεν
794 826 1133 898 εὐχαρίστως
1163 847 1257 884 σου
1288 832 1443 902 ὑμνῶ
1468 832 1569 902 τὴν
1605 849 1779 903 μεγα-

197 913 447 984 λειότητα
479 915 573 967 καὶ
601 917 704 985 τὴν
724 917 1001 989 ἄφραστον
1039 919 1289 992 δύναμιν.

279 1005 340 1057 '0
371 1005 540 1060 πάλαι
568 1007 897 1078 κατάκριτος
929 1009 1102 1081 ’Δδὰμ
1133 1012 1492 1081 ἐπιφανέντος
1525 1033 1640 1085 σου,
1671 1017 1786 1071 Σῶ-

199 1113 314 1169 τερ,
348 1098 408 1152 ἐν
441 1097 520 1165 τῷ
554 1098 678 1171 ᾅδῃ,
724 1100 974 1172 ἀπελύθη
1029 1105 1131 1174 τῆς
1176 1105 1477 1177 καταδίκης
1522 1108 1632 1162 τῶν
1683 1111 1781 1165 τοῦ

202 1185 431 1242 θανάτου
463 1189 679 1258 δεσμῶν
699 1208 712 1222 ’
739 1191 878 1255 Δόξα
897 1195 961 1263 τῇ
997 1194 1166 1264 πολλῇ
1193 1210 1310 1261 σου,
1344 1195 1574 1263 ἐκϐοῶν,
1607 1197 1772 1267 Λόγε,

201 1279 519 1350 ἀγαθότητι,
555 1281 732 1350 Ἰησοῦ
758 1282 1036 1337 πολυέλεε.

264 1372 496 1435 Ξενίζων
517 1373 808 1428 όπτάνεται
851 1377 971 1440 ταῖς
1019 1375 1262 1445 γυναιξὶν
1290 1379 1319 1432 ὁ
1356 1377 1587 1449 ἅγγελος
1637 1379 1785 1437 ἔνδον

199 1463 560 1531 καθεζόμενος
589 1463 682 1517 τοῦ
733 1466 926 1535 τάφου,
958 1468 1052 1520 καὶ
1088 1468 1452 1539 προσεφώνει,
1501 1472 1633 1525 Τίνα
1675 1474 1783 1542 ἀφ-

203 1551 384 1605 ίκεσθε
415 1552 634 1624 ὄρθριαι
667 1553 926 1624 ζητοῦσαι
958 1573 972 1622 ;
1003 1558 1032 1610 ὀ
1078 1558 1314 1630 Χριστὸς
1343 1560 1444 1632 ἤδη
1486 1563 1783 1636 ἑξεγήγερ-

196 1655 288 1692 ται
327 1638 639 1694 θανατώσας
673 1643 766 1695 τὸν
791 1643 1036 1700 θάνατον.

281 1730 434 1798 Ἀγία
465 1733 796 1805 πανάμωμε,
824 1735 916 1790 τὸν
947 1738 1006 1789 ὲν
1035 1737 1408 1810 ἁγίοιςἈγιον
1433 1741 1783 1798 ἐπαναπαυό-

202 1839 360 1892 μενον
400 1825 652 1890 τεκοῦσα,
685 1825 870 1879 τοῦτον
897 1826 975 1890 ὡς
1008 1822 1148 1892 εἶδες
1174 1831 1239 1884 ἐκ
1284 1833 1456 1903 τάφου
1490 1833 1782 1905 λάμψαντα

198 1914 454 1987 καθάπερ
479 1917 712 1986 νυμφίον
735 1920 801 1972 ὲκ
830 1918 1062 1986 παστοῦ,
1094 1919 1286 1993 ὕμνοις
1313 1926 1652 1997 ἐμεγάλυνες
1684 1928 1783 1999 τὴν
1810 1915 1858 1976 Β

195 2005 362 2059 αὐτοῦ
389 2008 818 2076 συγκατάόασιν.

496 2103 721 2170 Παῖδας
749 2108 986 2178 εὐαγεῖς
1017 2109 1089 2164 ἐν
1113 2110 1188 2180 τῇ
1219 2111 1497 2180 καμίνῳ,

269 2195 378 2267 Τὴν
393 2197 450 2250 ἑν
481 2199 559 2270 τῷ
598 2201 772 2274 Ἀδὰμ
797 2205 1238 2278 ἀμαυρωθεῐσαν,
1276 2208 1652 2279 φιλάνθρωπε,
1682 2207 1783 2278 φύ-

195 2307 280 2343 σιν
309 2293 710 2365 ἀνακτώμενος,
741 2299 951 2364 ἔτεινας
981 2302 1243 2373 παλάμας
1271 2322 1364 2356 σου
1400 2304 1542 2374 ξύλῳ
1597 2320 1776 2375 προσ-

194 2381 519 2454 ηλούμενος,
547 2387 641 2441 καὶ
672 2388 772 2461 τὴν
805 2391 1046 2462 πλευρὰν
1073 2393 1172 2463 τὴν
1198 2395 1466 2465 ἄχραντον
1499 2395 1783 2466 ὲξορυττό·

197 2491 358 2544 μενος
394 2494 408 2509 ο
431 2477 511 2531 διό
543 2497 636 2535 σου
666 2481 764 2554 τὴν
798 2483 1000 2554 πολλὴν
1044 2484 1447 2557 εὐσπλαγχνίαν
1487 2487 1780 2558 ἁνυμνολο⁴

194 2567 399 2636 γοῦμεν
433 2572 513 2634 εἰς
539 2571 742 2636 πάντας
763 2576 890 2639 τοὺς
922 2575 1152 2641 αἰῶνας.

276 2656 364 2721 Ὠς
388 2658 583 2731 ἔϐλεψε
605 2663 756 2717 κάτω
782 2681 843 2718 σε
873 2665 902 2718 ό
933 2666 1067 2738 ᾅδης
1095 2668 1424 2723 σκυλεύοντα
1466 2669 1660 2723 τούτου
1713 2670 1782 2724 τὰ

197 2750 463 2820 βασίλεια,
498 2750 590 2818 οὓς
612 2755 776 2809 πάλαι
807 2758 1054 2822 κατέπιε,
1086 2759 1240 2830 φόϐῳ
1263 2777 1357 2814 σου
1397 2760 1778 2832 νεκρούμενος,

196 2845 423 2916 νεκροὺς
462 2846 632 2902 ἐδίδου
679 2848 960 2919 ἅπαντας,
1011 2853 1173 2922 Λόγε,
1198 2854 1634 2925 κραυγάζοντας,
1668 2856 1776 2910 Τὸν

197 2935 401 3006 Κύριον
422 2939 663 3008 ὑμνεῖτε,
687 2943 754 2994 τὰ
771 2940 928 3012 ἔργα.

268 3027 606 3098 Θρηνούσαις
638 3032 768 3086 ἐϐόα
805 3034 1139 3106 μυροφόροις
1175 3036 1256 3107 τῷ
1297 3036 1431 3107 λίθῳ
1473 3037 1782 3110 καθήμενος

194 3119 222 3171 ὁ
250 3118 504 3186 ἄγγελος⁹
523 3121 719 3193 Δρόμῳ
739 3124 1113 3194 ἀπαγγείλατε
1145 3127 1422 3200 μαθηταῖς
1446 3127 1544 3200 τὴν
1561 3127 1782 3198 ἔγερσιν

195 3209 290 3262 τοῦ
322 3210 580 3272 ζωοδότου
613 3227 626 3241 ·
653 3213 753 3285 ήδη
781 3215 888 3286 γὰρ
929 3216 1099 3280 ὅντως
1145 3218 1463 3292 ἐγήγερται,
1519 3219 1614 3272 τοῦ
1653 3219 1781 3291 ᾅδου

195 3299 441 3354 καθελὼν
465 3304 773 3374 τυραννίδα,
810 3307 1021 3364 καὶτοῦ
1055 3308 1304 3364 διαϐόλου
1340 3311 1639 3381 συντρίψας
1682 3311 1782 3382 τὴν

197 3409 418 3448 κακιαν.

269 3485 406 3541 Ἕνα
425 3489 525 3556 μὲν
553 3489 762 3554 δοξάζω
794 3491 859 3560 τῇ
893 3489 1056 3562 ούσίᾳ
1088 3491 1318 3564 Τριάδα,
1349 3493 1608 3566 κηρύττω
1629 3492 1783 3566 τρισὶ

194 3579 512 3647 προσώποις
540 3581 596 3634 δὲ
620 3582 718 3652 τὴν
743 3582 872 3653 μίαν
889 3582 1139 3654 θεότητα,
1165 3585 1385 3658 Πατέρα
1413 3588 1507 3641 τὸν
1523 3587 1782 3659 ἄναρχον,

195 3670 350 3732 Υίὸν,
379 3671 474 3723 καὶ
502 3671 729 3741 Πνεῦμα
748 3671 907 3742 ἅγιον
933 3688 948 3704 ο
979 3673 1118 3745 βοῶν
1144 3676 1427 3744 ἑκάστοτε,
1448 3679 1554 3733 Τὸν
1576 3679 1786 3751 Κύριον

196 3761 446 3830 ὑμνεῖτε,
472 3761 539 3815 τὰ
563 3761 722 3834 ἔργα.

282 3852 368 3915 Ὧς
404 3851 557 3924 ὤφθη
619 3855 754 3920 Θεὸς
813 3857 880 3911 ὲκ
915 3855 1034 3924 σοῦ,
1093 3857 1359 3929 Παρθένε,
1393 3857 1468 3930 μὴ
1493 3857 1662 3923 λύσας
1687 3858 1786 3927 τῆς

193 3943 496 4015 παρθενίας
525 3944 661 4010 ὅλως
687 3947 1000 4018 σήμαντρα,
1040 3946 1212 4012 οὕτως
1243 3948 1608 4019 ὲξεγήγερται
1635 3950 1784 4004 λίθου

192 4036 266 4089 τὰ
290 4037 681 4107 σφραγίσματα
709 4039 1026 4093 καταλιπὼν
1055 4039 1351 4106 ἀσάλευτα,
1381 4041 1441 4096 ὃν
1488 4041 1785 4096 κατιδοῦσα

195 4129 371 4198 χαρᾶς
405 4129 682 4201 ἐπλήσθης
709 4130 1006 4198 εὐλογοῦσα
1053 4135 1154 4204 τὴν
1197 4132 1388 4188 τούτου
1438 4133 1588 4188 θείαν
1629 4135 1786 4190 δυνα⁴

196 4220 383 4274 στείαν
413 4222 492 4286 είς
523 4222 731 4289 πάντας
758 4225 886 4288 τοὺς
918 4224 1144 4289 αἰῶνας.

758 4316 944 4384 Ἅπας
971 4318 1255 4389 γηγενής.

271 4406 417 4458 Ἀνω
452 4405 687 4460 ἀνελθὼν
724 4408 804 4472 είς
850 4407 1006 4479 ὕψος,
1053 4409 1401 4481 μακρόθυμε,
1467 4409 1789 4475 ἐθελουσίως

193 4506 455 4566 σταυροῦ,
487 4497 744 4563 εἴλκυσας
767 4498 860 4552 τὸν
885 4499 1174 4570 ἄνθρωπον
1211 4502 1277 4555 ὲκ
1331 4502 1439 4556 τῶν
1489 4503 1785 4575 βαράθρων

1897 745 2133 800 vinculis
2185 755 2559 815 peccatorum,
2618 747 3030 815 devinxistiquc
3087 746 3182 800 tibi
3249 747 3471 802 vinculo

1894 837 2180 895 charitatis
2199 847 2306 892 tum
2329 855 2344 893 :
2378 852 2586 892 memor
2608 837 2816 893 idcirco
2835 837 3296 910 magniﬁcentiam
3324 849 3471 893 tuam

1894 928 2060 984 laudo
2098 934 2152 982 et
2213 925 2541 980 ineffabilem
2579 926 2895 994 potentiam.

1969 1022 2137 1077 Vetus
2167 1023 2337 1074 Adam
2369 1019 2496 1072 olim
2534 1019 2822 1071 damnatus
2881 1026 2956 1081 te,
2988 1015 3275 1082 Salvator,
3306 1017 3471 1069 adve-

1893 1110 2077 1165 niente
2108 1109 2162 1163 in
2193 1108 2400 1162 inferos
2441 1106 2657 1162 solutus
2693 1113 2777 1160 est
2806 1120 2835 1158 a
2868 1105 3107 1159 vincnlis
3159 1106 3472 1160 danmatio-

1892 1201 1980 1256 nis
2023 1210 2079 1256 et
2113 1200 2334 1266 mortis,
2375 1213 2572 1268 magna
2609 1211 2743 1251 voce
2794 1195 3132 1266 gloriﬁcans,
3173 1211 3206 1250 ο
3252 1196 3470 1252 Christe

1889 1291 2048 1348 valde
2077 1291 2414 1353 misericors,
2441 1289 2737 1344 bonitatem
2763 1295 2914 1343 tuam
2948 1305 3224 1361 magnam.

1963 1382 2269 1453 Stupendus
2306 1381 2556 1453 apparuit
2595 1381 2821 1451 angelus
2853 1383 3175 1437 mulieribus
3231 1383 3282 1436 iu
3328 1382 3470 1438 inte-

1887 1475 2020 1532 riori
2042 1475 2242 1531 sedens
2273 1479 2649 1532 monumento,
2686 1473 2779 1541 qui
2810 1472 2947 1525 dixit
2972 1473 3052 1527 eis
3096 1490 3110 1526 :
3155 1471 3325 1538 Quem
3374 1488 3470 1527 ve-

1891 1569 2052 1624 nistis
2094 1582 2257 1623 mane
2302 1563 2657 1636 quaerentes?
2689 1563 2980 1630 Christus,
3016 1563 3198 1620 occisa
3250 1572 3467 1630 morte,

1889 1658 2209 1714 resurrexit.

1963 1751 2164 1805 Sancta
2234 1748 2569 1818 omninoque
2608 1763 2767 1820 pura,
2815 1748 3078 1804 Sanctum
3145 1760 3470 1807 sanctorum

1888 1840 2147 1913 peperisti
2165 1838 2527 1894 dormientem
2559 1838 2612 1892 in
2642 1837 2929 1908 sepulcro;
2962 1855 3084 1894 cum
3115 1840 3258 1895 hunc
3284 1841 3472 1897 vidisti

1889 1941 2202 2004 surgentem
2249 1947 2278 1986 e
2337 1931 2548 1986 tumulo
2597 1931 2755 2002 quasi
2826 1947 3066 2002 sponsus
3127 1948 3157 1989 e
3198 1934 3465 2001 thalamo,

1888 2014 2220 2098 SpeciOSttm,
2261 2023 2494 2094 hymnos
2519 2013 2822 2081 decantasti
2852 2023 3244 2080 misericordiae
3273 2026 3416 2095 ejus.
3498 2044 3504 2050 ·

2310 2114 2496 2171 Sancti
2527 2119 2678 2186 pueri
2706 2119 2757 2172 in
2784 2119 3014 2172 camino.

1946 2207 2241 2264 Hominum
2265 2207 2418 2262 valde
2445 2223 2636 2264 amans
2653 2208 2947 2264 extendisti
2979 2208 3272 2264 brachiain
3306 2222 3472 2264 cruce

1889 2302 1977 2356 cui
2015 2301 2189 2355 clavis
2221 2298 2411 2353 afﬁxus
2429 2307 2483 2352 et
2514 2299 2658 2353 latus
2688 2298 2954 2369 perforari
2978 2300 3186 2366 sinens,
3223 2305 3468 2353 nostram

1890 2391 2155 2462 reparasti
2203 2399 2454 2446 naturam
2522 2388 2730 2457 peccati
2765 2389 2959 2445 Adami
3001 2390 3123 2445 labe
3164 2389 3467 2452 iniectam;

1890 2485 2013 2540 ideo
2058 2499 2156 2554 per
2211 2497 2373 2538 omne
2415 2481 2640 2538 saeclum
2694 2480 2986 2539 laudamus
3036 2482 3467 2538 misericordiam

1891 2584 2039 2631 tuam
2075 2589 2348 2646 magnam.

1959 2666 2096 2722 Cum
2130 2666 2265 2721 vidit
2293 2673 2346 2720 te
2393 2664 2644 2721 infernus
2686 2678 2847 2719 suum
2917 2672 3248 2719 evertentem
3292 2663 3468 2733 impe~

1889 2760 2058 2838 rium,
2091 2773 2233 2830 quos
2259 2757 2388 2811 olim
2447 2765 2736 2812 voraverat
2787 2764 3036 2811 mortuos
3075 2755 3332 2820 reddidit,
3382 2755 3469 2810 di-

1889 2830 2109 2909 centes:
2154 2849 2437 2922 Verbum;
2503 2847 2677 2921 Opera
2737 2847 2952 2903 Domini
2996 2848 3302 2904 benedicite
3363 2847 3470 2905 Do-

1889 2943 2064 2999 mino.

1958 3035 2198 3108 Angelus
2226 3048 2396 3105 super
2424 3033 2764 3090 monumenti
2788 3040 2999 3103 petram
3024 3031 3242 3096 sedens,
3272 3031 3470 3091 clamor

1887 3126 1984 3182 bat
2019 3125 2278 3183 ﬂentibus
2312 3140 2436 3198 quae
2461 3124 2709 3181 ferebant
2734 3131 2979 3180 aromata
3005 3122 3471 3179 mulieribus:Fe—-

1889 3220 2158 3277 stinantes
2187 3219 2512 3274 annuntiate
2553 3217 2838 3288 discipulis
2856 3215 3312 3272 resurrectionem
3347 3215 3471 3270 vita:

1883 3310 2160 3365 auctoris:
2202 3324 2329 3364 vere
2356 3309 2498 3364 enim
2513 3307 2840 3372 resurrexit,
2881 3305 3226 3376 tyrannidem
3268 3304 3468 3360 inferni

1885 3399 2258 3468 malitiamque
2291 3397 2494 3452 diaboli
2526 3404 2842 3453 conterens.
3261 3449 3264 3451 λ

1956 3490 2282 3545 Trinitatem
2337 3504 2502 3544 unam
2559 3488 2801 3544 essentia
2869 3487 3140 3559 gloriﬁco,
3186 3490 3240 3544 in
3295 3488 3470 3546 tribus

1883 3582 2136 3654 personis
2159 3595 2324 3635 unam
2351 3579 2619 3636 conﬁteor
2657 3579 3023 3647 divinitatem,
3056 3588 3320 3636 aeternum
3366 3579 3470 3635 Pa-

1885 3683 2049 3741 trem,
2072 3673 2272 3729 Filium
2315 3682 2370 3728 et
2402 3672 2674 3743 Spiritum
2711 3680 3000 3740 sanctum;
3040 3673 3284 3728 clamans
3313 3673 3469 3741 inde-

1885 3765 2161 3821 sinenter:
2195 3761 2378 3835 Opera
2403 3763 2644 3830 Domini,
2675 3763 2984 3820 benedicite
3003 3765 3254 3820 Omnino.

1958 3855 2115 3912 Sicut
2146 3856 2299 3913 visus
2323 3865 2409 3913 est
2450 3856 2599 3912 Deus
2649 3872 2718 3912 ex
2753 3865 2805 3912 te
2853 3872 3110 3921 nascens,
3147 3855 3334 3927 Virgo,
3381 3854 3471 3911 in-

1889 3955 2034 4006 tacta
2059 3949 2376 4020 virginitate
2433 3954 2548 4015 tua,
2606 3949 2687 4004 sic
2738 3949 3045 4004 resurrexit
3093 3949 3300 4003 intacto
3333 3948 3472 4018 lapi-

1887 4041 1970 4098 dis
1999 4041 2216 4112 sigillo;
2255 4055 2420 4111 quem
2473 4053 2597 4094 cum
2635 4040 2820 4095 vidisti
2851 4039 3058 4110 repleta
3076 4040 3277 4111 gaudio
3305 4041 3470 4095 hene-

1887 4133 2076 4190 dixisti
2108 4134 2443 4204 saeclumque
2473 4147 2572 4202 per
2601 4147 2766 4188 omne
2809 4133 3096 4189 benedices
3133 4131 3374 4187 divinam
3404 4132 3472 4186 il-

1889 4224 2000 4281 lius
2021 4223 2344 4294 potentiam.

2094 4379 2099 4384 ,
2374 4315 2561 4372 Omnis
2585 4315 2733 4386 ﬁlius
2767 4325 2955 4374 terra.

1959 4408 2284 4466 Voluntarie
2335 4422 2506 4478 super
2560 4423 2786 4464 crucem
2845 4419 3086 4474 erectus,
3137 4403 3470 4477 longanimis

1895 4500 2062 4568 Deus,
2103 4500 2343 4557 eduxisti
2373 4500 2653 4556 hominem
2687 4499 2754 4555 de
2805 4500 3105 4554 tenebroso
3151 4497 3472 4567 perditionis

189 4588 293 4654 τῆς
327 4587 603 4651 ἀπωλείας
652 4589 786 4659 πρὸς
829 4589 946 4658 φῶς
975 4605 990 4621 ⁶
1047 4592 1367 4655 κατατεθεὶς
1419 4594 1477 4648 δὲ
1535 4597 1782 4667 μνήματι

1909 4609 2117 4650 :arcere
2135 4592 2204 4647 ad
2226 4593 2429 4659 lucem,
2450 4599 2507 4648 et
2533 4592 2814 4662 depositus
2857 4591 2911 4658 i_n
2941 4591 3150 4645 tumqu
3181 4599 3260 4656 tu,
3312 4589 3473 4645 Chri-

192 4678 310 4747 ζωὴ
343 4679 622 4750 ὑπάρχων,
659 4682 886 4752 Χριστὲ,
916 4683 1045 4746 τοὺς
1069 4685 1129 4737 ὲν
1160 4683 1353 4752 τάφοις
1379 4685 1611 4759 ἤγειρας
1642 4688 1778 4742 καθ-

191 4769 470 4831 εύδοντας,
506 4774 569 4841 τῇ
593 4774 765 4843 σεπτῇ
799 4774 892 4826 καὶ
921 4774 1121 4844 ἐνδόξῳ
1152 4776 1372 4846 ὲγέρσει
1399 4795 1517 4833 σου.

269 4861 432 4932 Μύρα
475 4880 557 4916 σοι
607 4863 767 4933 χορὸς
807 4865 1048 4932 γυναίων
1099 4867 1322 4938 ἐκόμιζε
1368 4869 1446 4940 τῷ
1502 4869 1604 4940 τῆς
1637 4869 1784 4941 ζωῆς

193 4955 442 5027 χορηγῷ·
470 4956 562 5010 καὶ
603 4958 945 5028 κατανοήσας
995 4975 1057 5011 σε
1117 4960 1511 5030 ἐγηγερμένον,
1543 4963 1783 5034 εὐηγγε-

191 5047 381 5100 λίσατο
416 5051 528 5112 τοῖς
577 5048 849 5118 μαθηταῖς
881 5049 979 5120 τὴν
1024 5050 1243 5120 ἔγερσιν
1294 5069 1389 5106 σου
1427 5056 1785 5125 συνηγμένοις

188 5137 330 5207 ὁμοῦ
371 5139 467 5192 καὶ
519 5139 827 5207 πενθοῦσιν,
889 5141 1087 5205 οἵτινες
1138 5141 1337 5207 ἰδόντες
1384 5161 1466 5212 σε,
1502 5147 1784 5216 φωτισμοῦ

195 5231 292 5282 καὶ
323 5232 497 5300 χαρᾶς
520 5231 664 5302 ἑπλη
676 5232 951 5302 ρώθησαν.

267 5315 422 5369 Ἥλιε
449 5319 669 5389 Χριστὲ,
695 5322 752 5372 ὲν
800 5321 899 5392 ᾄδῃ
945 5323 1235 5393 γενόμενος
1293 5325 1433 5393 μετὰ
1476 5325 1658 5396 ψυχῆς
1702 5326 1779 5389 ὡς

189 5409 349 5474 Θεὸς,
416 5413 528 5474 τοῖς
577 5413 696 5465 ἐκεῖ
731 5413 1054 5468 καθεύδουσι
1127 5415 1529 5487 πεπεδημένοις
1577 5419 1642 5472 ἐκ
1691 5419 1786 5473 τοῦ

186 5500 390 5565 αἰῶνος
425 5503 487 5556 τὸ
516 5505 631 5572 φῶς
663 5505 724 5559 τὸ
747 5506 837 5559 σὺν
863 5507 1104 5575 φαιδρῶς
1134 5507 1460 5579 ὲπὲλαμψας
1492 5524 1506 5538 ·
1555 5508 1650 5563 καὶ
1698 5509 1787 5574 ἐξ-

187 5593 499 5663 ανέστησας
551 5599 618 5668 τῇ
675 5598 809 5669 ἁγίᾳ
881 5599 1106 5663 τούτους
1178 5601 1473 5654 ἀναστάσει
1521 5618 1639 5666 σου,
1698 5603 1789 5656 άν-

188 5684 498 5753 υμνοῦντας
530 5687 626 5758 τὴν
666 5689 764 5758 σὴν
797 5692 1222 5758 συγκατάὸασιν.

268 5775 516 5846 Νεύματι
543 5781 604 5832 τὸ
625 5782 752 5843 πᾶν,
783 5781 1044 5852 ῐῐαρθένε,
1069 5783 1159 5836 τὸν
1191 5784 1425 5852 φέροντα
1458 5786 1590 5838 Θεὸν
1629 5785 1789 5855 ἐκύη-

186 5884 318 5937 σας,
345 5868 629 5942 ἄνθρωπον
665 5871 956 5944 γενόμενον
997 5872 1066 5927 δι’
1122 5874 1546 5947 εὐσπλαγχνίαν,
1586 5877 1788 5944 θεοχα-

1884 4693 1988 4751 ste,
2014 4684 2106 4755 qui
2139 4699 2199 4740 es
2237 4683 2371 4749 vita,
2436 4681 2845 4738 resurrectione
2879 4689 2973 4736 tua
3007 4680 3243 4750 gloriosa
3282 4694 3475 4736 omnes
3547 4707 3552 4712 -

1884 4775 2166 4831 suscitasti
2203 4774 2540 4828 dormientes
2573 4773 2627 4827 in
2659 4773 2949 4844 sepulcris.

1957 4865 2103 4932 Tibi,
2127 4881 2158 4920 a
2177 4879 2288 4936 quo
2313 4865 2473 4921 nobis
2497 4865 2629 4930 vita,
2650 4873 2902 4918 aromata
2937 4863 3041 4920 fert
3067 4865 3134 4920 ad
3158 4867 3470 4935 ungendum

1886 4955 2182 5010 mulierum
2245 4953 2477 5018 chorus,
2520 4952 2996 5024 consideransqne
3057 4953 3186 5022 quia
3231 4967 3475 5009 resurre-

1885 5061 2066 5110 xeras,
2106 5044 2377 5100 nuntiavit
2411 5044 2695 5114 discipulis
2729 5044 2782 5098 in
2823 5059 2990 5098 unum
3035 5044 3379 5115 congregatis
3422 5054 3476 5099 et

1886 5133 2174 5200 desolatis,
2205 5132 2354 5204 quod
2379 5133 2668 5190 audientes
2704 5133 2998 5188 illuminati
3029 5142 3160 5190 sunt
3183 5148 3248 5188 ac
3281 5133 3472 5204 repleti

1887 5223 2110 5296 gaudio.

1957 5317 2176 5372 Christe
2209 5316 2294 5372 sol
2326 5330 2628 5381 vere,cum
2678 5316 2733 5370 in
2786 5315 3064 5371 infernum
3108 5331 3234 5372 cum
3290 5315 3471 5370 anima

1889 5407 2235 5477 pervenisses
2265 5415 2323 5462 ut
2363 5404 2529 5474 Deus,
2558 5407 2680 5462 luce
2723 5416 2814 5461 tua
2845 5407 3166 5462 illuminasti
3199 5405 3475 5461 dormien-

1895 5509 1979 5555 tes
2021 5498 2109 5555 hic
2165 5499 2413 5569 captivos
2437 5512 2473 5568 _a
2499 5497 2800 5564 saeculis,ct
2841 5504 3033 5553 sancta
3083 5509 3172 5551 tua
3225 5510 3474 5554 resurre-

1889 5591 2071 5646 ctione
2102 5591 2201 5646 hos
2237 5589 2516 5647 suscitasti
2545 5599 2720 5645 tecum
2763 5597 2911 5642 tuam
2931 5588 3309 5644 collaudantes
3371 5585 3476 5642 mi-

1892 5683 2276 5738 sericordiam.

1962 5777 2208 5830 Assensu
2232 5783 2326 5829 tuo
2361 5776 2641 5846 peperisti,
2677 5775 2861 5846 Virgo,
2889 5776 3071 5830 omnia
3107 5776 3466 5832 sustinentem

1893 5869 2089 5938 Deum,
2113 5868 2489 5927 misericordia
2511 5885 2608 5926 sua
2638 5871 2914 5928 hominem
2947 5871 3152 5929 factum
3175 5873 3468 5941 deprecare
