3964 6322
429 401 569 469 396'!

1287 399 1350 459 S.
1381 393 1799 456 SOPHRONH
1842 386 2342 452 PATRIARCHE
2374 385 2780 448 HIEROSOL.

3570 390 3715 455 395-3

497 515 826 572 Mirantibus
853 512 1235 570 ascensionem
1266 519 1416 565 tuam
1456 506 1746 578 discipulis
1798 502 2007 557 sanctis
2032 506 2060 565 Α

2180 498 2283 552 Σοῦ
2343 498 2443 569 τὴν
2472 498 2627 553 θείαν
2663 497 2852 553 ἄνοδον
2888 496 3277 570 θαυμαζόντων
3330 498 3501 557 θείων
3532 509 3711 582 paen.

427 625 552 667 sese
583 609 873 663 offerentes
897 604 1074 675 angeli
1108 604 1417 658 clamabant
1453 600 1660 667 :Quem
1681 595 2005 667 conspicitis

2160 591 2236 656 ὒν,
2267 591 2578 662 ἐπέστησαν
2612 590 2870 662 ἐμφανῶς
2904 591 3130 661 ἄγγελοι
3164 592 3383 659 αὐτοῖς,
3452 595 3713 664 βοῶντες,

427 709 647 757 euntem
701 701 756 754 in
805 700 1031 765 caelum,
1087 697 1181 753 ille
1236 695 1421 751 veniet
1457 708 1583 748 cum
1618 690 1792 761 gloria
1827 695 1884 743 ut
1913 687 2005 759 ju-

428 793 574 851 dicet
600 793 889 846 mundum.

503 882 654 939 Hanc
707 898 872 954 quam
925 883 1055 937 olim
1107 879 1307 937 dedisti
1360 877 1648 947 discipulis
1701 888 1916 945 pacem,
1974 886 2009 926 ο

432 975 672 1041 Christe,
725 976 854 1029 dum
896 973 1218 1029 ascenderes
1276 974 1331 1027 in
1391 972 1615 1033 ctelum,
1670 970 1809 1024 hanc
1855 964 2012 1020 nobis

432 1070 618 1125 emitte
648 1084 873 1123 servans
903 1084 1005 1124 nos
1039 1067 1093 1122 in
1126 1067 1400 1123 charitate
1437 1064 1632 1128 multa,
1677 1069 1737 1117 ut
1766 1059 2010 1116 unanimi

433 1174 568 1214 voce
596 1170 648 1214 te
682 1159 1130 1216 concelebremus
1160 1157 1521 1213 Salvatorem.

506 1246 645 1304 Vere
661 1248 1042 1318 splendescere
1060 1249 1237 1305 fecisti
1257 1263 1423 1317 super
1444 1262 1543 1302 nos
1561 1246 1746 1300 radios
1774 1243 1906 1299 solis
1924 1243 2013 1312 qui

437 1340 954 1404 meutesilluminat,
987 1341 1332 1411 opuriasima
1353 1338 1542 1409 Virgo,
1577 1345 1634 1393 et
1666 1352 1763 1406 per
1778 1350 1939 1405 quem
1961 1336 2014 1389 in

441 1431 632 1486 umbra
668 1434 861 1487 mortis
897 1433 1152 1487 sedentes
1190 1433 1446 1487 viderunt
1475 1432 1778 1502 agnitionis
1803 1430 2016 1495 lumen,

439 1532 495 1580 te
519 1539 631 1595 prae
662 1525 991 1596 gratitudine
1025 1525 1332 1580 laudantes.

829 1616 953 1672 Non
984 1617 1425 1688 giariﬁeabtmlur
1462 1619 1626 1686 impii.

511 1708 738 1765 Terram
795 1712 1115 1778 relinquens
1173 1712 1240 1765 ad
1286 1712 1484 1766 emtum
1543 1722 1871 1763 reversurus
1926 1706 2023 1762 ubi

2115 684 2213 736 Ὃν
2230 682 2460 754 βλέπετε
2478 682 2697 737 ἀνιόντα
2724 684 2805 747 είς
2842 683 3279 755 τοὺςοῦρανοὺς,
3308 679 3473 752 οὗτος
3500 689 3719 744 ἐλεύσε-

2110 795 2201 832 ται
2225 776 2364 846 μετά
2390 775 2548 847 δόξης
2574 778 2763 845 κρῖναι
2792 774 3064 840 ἅπαντας.

2189 871 2315 935 Ἦν,
2351 868 2575 940 Χριστὲ,
2605 868 2909 941 δεδώρησαι
2941 871 3078 939 πρὸς
3107 871 3173 924 τὰ
3199 872 3310 926 ἀνω
3345 873 3520 927 πάλαι
3548 873 3722 930 ἀνιὼν

2114 963 2340 1035 εἰρήνην
2376 964 2490 1026 τοῖς
2543 962 2845 1033 μαθηταῖς,
2878 962 3090 1035 ταύτην
3139 965 3233 1018 καὶ
3267 967 3401 1037 ἡμῖν
3443 969 3721 1032 πλουσίως

2115 1056 2474 1128 κατάπεμψον
2492 1056 2551 1111 ὲν
2581 1056 2776 1130 ἀγάπη
2816 1056 3029 1120 πάντας
3052 1059 3354 1130 συντηρῶν,
3392 1062 3551 1127 ὅπως
3583 1080 3725 1134 συμ-

2117 1145 2312 1215 φώνως
2348 1163 2408 1199 σε
2428 1147 2521 1200 τὸν
2546 1148 2779 1218 Σωτῆρα
2813 1148 3229 1219 μεγαλύνωμεν.

2186 1239 2505 1310 Φωτοφόρον
2531 1239 2715 1310 ὄχημα
2744 1240 2840 1293 τοῦ
2873 1242 3025 1312 ἡλίου
3061 1244 3126 1295 σὺ
3152 1242 3247 1296 τοῦ
3262 1245 3461 1313 νοητοῦ
3490 1247 3724 1317 γεγένη-

2120 1329 2465 1399 ωισάληθῶς,
2495 1330 2753 1401 άχραντε,
2787 1331 2946 1402 ἁγνὴ,
2966 1332 3034 1386 δι’
3060 1326 3137 1388 οἱ
3154 1337 3210 1386 oi
3229 1334 3539 1406 καθήμενοι
3560 1340 3621 1390 ἐν
3646 1339 3725 1409 τῷ

2122 1422 2304 1474 σκότει
2329 1421 2640 1492 ἔϐλεψαντδ
2680 1424 2796 1493 φῶς
2824 1424 2926 1494 τῆς
2972 1424 3340 1495 ἐπιγνώσεως,
3378 1429 3535 1482 κατὰ
3559 1431 3727 1503 χρέος

2123 1528 2184 1565 σε
2211 1511 2553 1580 δοξάζοντες.

2392 1605 2658 1674 Ἀσεϐεῖς
2687 1608 2801 1662 οὐκ
2840 1606 3094 1677 ὄψονται
3118 1609 3235 1679 τὴν
3259 1610 3473 1675 δόξαν.

2205 1698 2744 1770 ’Λναλαμϐανόμενος
2766 1701 2831 1753 ἐκ
2864 1699 2966 1769 γῆς
2995 1701 3131 1771 πρὸς
3158 1702 3448 1772 οὐρανοὺς,
3485 1703 3586 1766 οὓς
3618 1704 3721 1758 οὐκ

444 1820 570 1858 cum
621 1804 781 1859 Patre
807 1813 860 1859 et
901 1805 1109 1875 Spiritu
1157 1814 1349 1859 sancto
1380 1804 1615 1862 assides.
1653 1813 1873 1857 tuorum
1910 1815 2019 1855 non
2058 1872 2060 1875 ι

2160 1791 2307 1854 λιπες
2332 1791 2410 1861 τῷ
2436 1791 2609 1859 Πατρὶ
2643 1789 2997 1860 συνεδρεύων,
3028 1790 3295 1858 Δέσποτα,
3325 1795 3431 1847 καὶ·
3443 1794 3527 1864 τῷ
3556 1795 3729 1850 Πνεῦ-

444 1896 650 1951 oblitus
680 1871 1105 1966 discipulorum,
1142 1898 1253 1953 il‘lis
1301 1895 1655 1951 laudantibus
1692 1905 1769 1959 te,
1814 1901 2027 1948 amator
2058 1872 2060 1925 Ῑ

2160 1884 2282 1947 iure,
2304 1930 2305 1933 η
2329 1882 2578 1954 μαθητάς
2612 1882 2913 1954 εὐλόγησας
2961 1883 3338 1957 άνυμνοῦντάς
3386 1904 3472 1952 σε,
3534 1890 3725 1958 φιλάν-

445 1992 654 2051 noster,
689 1984 1043 2042 bencdixisti.

517 2077 655 2133 Cum
698 2079 1018 2149 angelorum
1056 2078 1302 2150 legiones
1339 2077 1597 2134 viderunt
1643 2087 1716 2139 te.
1752 2076 1905 2143 .lesu,
1939 2092 2030 2133 as-

446 2170 765 2227 cendentem
812 2172 870 2224 in
907 2172 1107 2226 caelum
1143 2185 1267 2227 cum
1327 2180 1524 2226 natura
1579 2178 1793 2236 nostra,
1843 2177 2030 2240 stupe-

449 2264 579 2319 facti
616 2266 831 2321 laudem
875 2264 1148 2321 dederunt
1195 2274 1304 2322 tuae
1343 2281 1474 2336 erga
1514 2266 1766 2323 homines
1814 2263 2032 2321 miseri-

446 2358 666 2413 (τοι-ἀίω.

520 2447 692 2512 Quam
737 2464 803 2504 ex
854 2451 1016 2508 nobis
1064 2449 1348 2520 sumpsisti
1416 2457 1671 2503 naturam
1728 2447 2032 2503 nobilitans

446 2555 566 2595 eam
624 2556 792 2610 super
834 2542 1095 2597 thronum
1143 2541 1325 2596 Patris
1371 2539 1660 2595 collocasti
1688 2578 1703 2601 ,
1762 2539 2028 2606 Domine;

450 2632 645 2686 natura
686 2647 813 2688 cum
864 2633 1053 2689 eadem
1097 2641 1364 2688 venturus
1418 2647 1500 2696 es,
1537 2630 1922 2701 omnipmens,
1962 2630 2033 2684 ad

446 2723 806 2794 iudicandum
840 2724 1125 2777 mundum.

521 2812 580 2867 In
617 2813 895 2879 castitate,
955 2812 1173 2883 piisque
1204 2818 1464 2868 vacantes
1510 2810 1774 2880 operibus
1823 2810 2032 2864 formo-

455 2916 574 2959 sam
617 2901 786 2956 tiliam
823 2900 994 2958 Iacob
1028 2902 1224 2960 devote
1255 2905 1599 2964 celebremus
1635 2914 1694 2959 ut
1731 2904 1825 2959 Dei
1858 2904 2032 2959 nostri

433 3041 437 3046 .
459 2987 707 3047 Matrem.

959 3081 1212 3138 Omnium
1253 3081 1525 3139 Salvator.
1543 3124 1579 3143 ο

525 3174 702 3243 Super
721 3173 838 3229 alas
868 3173 1164 3230 Cherubim
1207 3176 1262 3230 in
1296 3177 1469 3246 gloria
1494 3184 1720 3233 evectus
1744 3192 1802 3233 es
1838 3176 2031 3232 viden-

2131 1971 2334 2044 θρωπε.
2620 1998 2629 2003 -

2200 2064 2534 2136 Ἀσωμάτων
2547 2064 2728 2131 τάξεις
2754 2082 2814 2119 σε
2845 2065 2921 2131 ὡς
2944 2062 3103 2134 εἴδον,
3126 2068 3331 2140 Ἰησοῦ,
3366 2072 3522 2142 μετὰ·
3543 2073 3724 2144 σῶμα·

2130 2175 2222 2223 τος
2249 2159 2500 2229 οὐρανοῖς
2537 2157 2821 2224 ἰπιϐάντα,
2853 2159 3141 2232 χαίρουσαι
3172 2165 3612 2236 κατεπλήττοντο
3632 2168 3728 2236 τὴν

2130 2250 2333 2321 πολλὴν
2384 2266 2503 2320 σου,
2563 2249 2760 2322 Κύριε,
2799 2251 2937 2323 πρὸς
2988 2254 3314 2327 ἀνθρώπους
3374 2258 3731 2327 συγκαταϐα-

2134 2358 2241 2397 σιν.

2205 2433 2320 2504 Τὴν
2343 2432 2664 2503 ληφθεῖσαν,
2709 2436 2980 2500 Δέσποτα,
3033 2434 3223 2492 οὗσίαν
3252 2438 3315 2505 ἐξ
3344 2440 3507 2509 ἡμῶν
3544 2442 3609 2494 ὲν
3654 2441 3732 2515 τῷ

2133 2526 2309 2597 θρόνῳ
2336 2526 2415 2597 τῷ
2446 2525 2699 2597 πατρικῷ
2726 2526 3035 2599 ἐνιδρύσας,
3067 2530 3263 2601 Κύριε,
3294 2533 3727 2598 κατεκᾶλλυνας,

2136 2618 2255 2690 μεθ’
2307 2612 2377 2691 ἧς
2412 2617 2625 2688 μέλλεις
2679 2617 2933 2689 ἔρχεσθαι
2981 2622 3166 2692 κρῖναι
3191 2623 3420 2694 κόσμον,
3459 2625 3729 2678 namad-

2132 2727 2296 2781 ναμε.

2203 2802 2315 2873 Τὴν
2350 2802 2520 2874 ἁγνὴν
2547 2802 2831 2871 άγνεύοντι
2849 2806 3174 2876 τιμήσωμεν
3207 2806 3306 2869 νοῒ,
3329 2807 3607 2879 καλλονὴν
3633 2809 3731 2882 τὴν

2146 2892 2343 2947 Ἰακὼϐ
2375 2895 2495 2956 ταῖς
2526 2894 2730 2959 ἐνθέοις
2767 2897 3002 2968 πράξεσι
3036 2897 3448 2968 καλλυνόμενοι,
3489 2901 3731 2968 εὐσεϐῶς

2135 2985 2466 3056 ὃμνήσωμεν
2494 2986 2570 3051 ὡς
2601 2986 2838 3060 Μητέρα
2867 2989 2964 3044 τοῦ
2999 2990 3137 3044 Θεοῦ
3158 2990 3336 3062 ἡμῶν.

2560 3083 2842 3151 Λυτρωτὰ
2866 3082 2974 3138 τοῦ
3017 3087 3265 3152 παντός.

2201 3170 2485 3244 Χερουϐὶμ
2508 3172 2599 3227 ἐπὶ
2628 3172 2794 3243 ὤμων
2819 3174 3115 3244 ὀχούμενος
3146 3175 3462 3250 άνελήφθης
3501 3179 3561 3233 έν
3580 3180 3730 3255 δόξῃ,

455 3238 693 3329 tibus—te,
714 3263 965 3331 Domine,
997 3238 1422 3337 discipulisiuis
1445 3275 1499 3323 et
1520 3268 1895 3324 indesinenter
1916 3267 2030 3321 cla—
2057 3257 2060 3282 ⁴

2160 3262 2389 3337 δρώντων
2419 3281 2479 3318 σε
2499 3264 2609 3319 τῶν
2644 3265 2904 3335 μαθητῶν
2954 3282 3069 3333 σου,
3109 3267 3303 3340 Κύριε,
3358 3271 3456 3322 καὶ
3484 3269 3733 3341 βοώντων

456 3354 733 3409 mantibus
778 3372 793 3411 :
844 3352 1040 3411 Omnia
1089 3370 1255 3427 Opera
1282 3355 1522 3423 Domini,
1561 3360 1869 3417 benedicite
1918 3357 2029 3414 Do-

2160 3356 2444 3425 ιπαύστως,
2482 3357 2668 3411 Πάντα
2705 3356 2775 3410 τὰ
2821 3356 2959 3429 ἔργα
2998 3358 3240 3430 Κυρίου,
3313 3360 3600 3431 εὐλογεῖτε
3646 3362 3734 3418 ὼν

458 3447 629 3502 mino.
1013 3450 1016 3453 ’

2160 3447 2368 3518 ἰύριον.
3338 3507 3342 3510 .

533 3539 828 3612 Diseipulis
876 3542 994 3599 suis
1026 3543 1360 3600 benedicens
1404 3553 1627 3601 evectus
1666 3554 1752 3602 est
1780 3532 2036 3606 Christus

2206 3537 2461 3606 Εὑλογῶν
2492 3539 2742 3612 μαθητάς
2771 3540 3068 3613 ἀνεφέρετο
3100 3543 3183 3606 είς
3212 3543 3276 3597 τὸ
3310 3542 3443 3609 ὕψος
3475 3544 3732 3615 Χριστὸς.

460 3632 514 3687 in
553 3633 750 3689 cretum
787 3644 843 3688 ut
882 3632 1225 3690 Paracietum
1270 3638 1512 3692 mitteret
1552 3638 1631 3695 eis
1662 3639 2036 3710 'psallentibus

2160 3630 2227 3683 τὸν
2249 3630 2612 3702 Παράκλητον
2640 3633 2856 3697 τούτοις
2879 3633 3160 3704 ἐκπέμψαι
3186 3633 3451 3704 ψάλλουσι
3478 3624 3581 3690 ἰαὶ
3600 3655 3735 3706 συμ-

462 3724 937 3796 clamantibusque
988 3728 1235 3782 unanimi
1275 3744 1407 3785 voce
1437 3747 1451 3784 :
1485 3730 1682 3786 Omnia
1715 3747 1882 3803 opera
1931 3733 2037 3790 Do-

2160 3720 2328 3790 ρώνως
2358 3724 2544 3794 βοῶσι,
2574 3725 2758 3779 Πάντα
2787 3725 2855 3780 τὰ
2885 3725 3022 3799 ἔργα
3053 3727 3284 3799 Κυρίου,
3330 3729 3611 3798 εὐλογεῖτε
3647 3732 3736 3783 τὸν

467 3819 624 3884 mini,
653 3817 957 3874 benedicite
1000 3819 1246 3875 Domino.

2160 3814 2367 3885 (optata.

538 3904 842 3962 Inimicitiae:
871 3908 1101 3964 diruens
1142 3910 1426 3991 parietem,
1452 3911 1822 3968 reconciliasti
1863 3917 2040 3971 homi-

2214 3905 2475 3960 Καθελὼν
2495 3906 2556 3960 τὸ
2580 3908 2677 3978 τῆς
2709 3907 2910 3979 ἔχθρας
2960 3909 3277 3981 μεσότοιχον
3325 3910 3457 3975 τοὺς
3507 3910 3737 3980 θνητοὺς

464 4015 563 4057 nes
600 4015 724 4056 cum
771 3999 955 4066 Patre,
993 4016 1025 4055 ο
1061 4000 1302 4058 Verbum
1333 4015 1623 4071 aeternum,
1655 4016 1707 4061 et
1734 4009 2040 4066 ascendens

2160 3997 2218 4070 τῷ
2248 3998 2422 4070 Πατρί
2451 4016 2546 4053 σου
2572 4000 2935 4072 κατήλλαξας,
2968 4003 3063 4056 καὶ
3099 4001 3338 4055 ἀνελθὼν
3368 4003 3649 4075 ἀνήγαγες
3670 4005 3736 4073 ἢν

466 4089 520 4145 iu
564 4093 798 4159 caelum,
839 4102 1082 4147 nostram
1135 4110 1297 4164 quam
1354 4111 1735 4169 assumpseras
1785 4111 2039 4158 naturam

2160 4091 2513 4161 τροσείληφας
2565 4092 2766 4164 σάρκα,
2825 4093 3029 4164 ἄναρχε
3072 4094 3214 4163 Δόγε
3258 4094 3519 4164 ὑπεράνω
3547 4095 3730 4168 ἀρχῶν

464 4182 710 4238 extulisti
735 4201 901 4255 super
930 4186 1154 4255 angelos
1192 4196 1246 4241 et
1287 4198 1608 4257 potestates.

2160 4181 2238 4234 (αἱ
2263 4181 2565 4251 δυνάμεων.

538 4274 616 4330 Te
643 4275 952 4341 laudamus,
979 4276 1298 4346 Deipara,te
1330 4294 1621 4336 commune
1651 4283 1890 4339 ﬁdelium
1915 4302 2042 4357 gau-

2212 4272 2285 4325 Τδ
2309 4273 2483 4327 κοινὸν
2504 4273 2612 4327 τῶν
2634 4274 2841 4329 πιστῶν
2870 4276 3202 4348 ἱλαστήριον,
3242 4278 3342 4350 τὴν
3370 4281 3603 4352 ἑτοίμην
3630 4280 3727 4333 άν-

470 4367 714 4432 dium,te
740 4367 999 4421 auxilium
1034 4376 1243 4424 certum
1274 4371 1582 4439 hominum,
1614 4384 1664 4430 te
1700 4388 1920 4446 pontem
1945 4395 2040 4449 per

2160 4365 2379 4435 iptbrzwv
2400 4367 2668 4439 βοήθειαν,
2694 4370 2791 4439 τὴν
2822 4371 2958 4443 πρὸς
2984 4372 3075 4424 τὸν
3103 4371 3345 4443 κτίστην
3368 4371 3617 4443 γέφυραν
3640 4371 3735 4443 τὴν

469 4471 633 4524 quem
675 4472 865 4513 omnes
891 4456 959 4512 ad
992 4457 1309 4516 Creatorem
1347 4478 1512 4519 suum
1557 4467 1906 4540 salutemque
1945 4472 2042 4527 de-

2160 4459 2490 4527 tera’zyouaav
2525 4460 2737 4525 πάντας
2783 4463 2922 4534 πρὸς
2951 4464 3228 4535 σωτηρίαν
3254 4503 3271 4530 ,
3310 4464 3408 4518 τοῦ
3462 4464 3602 4519 Θεοῦ
3635 4466 3733 4536 τὴν

470 4549 716 4604 veniunt.

2160 4552 2378 4623 Μητέρα
2404 4551 2741 4624 δοξάσωμεν.
3328 4564 3333 4567 ’

708 4644 821 4698 Eva
843 4661 938 4699 nos
967 4662 1066 4700 sua
1110 4647 1416 4713 perdiderat
1450 4649 1824 4710 inobedientia.

2320 4643 2447 4697 Εὕα
2469 4644 2588 4714 μὲν
2628 4644 2708 4711 τῷ
2748 4644 2857 4715 τῆς
2876 4644 3186 4719 παρακοῆς
3215 4647 3545 4717 νοσήματι.

539 4732 723 4790 Nubes
749 4735 907 4812 sicut_
921 4736 1154 4792 thronus
1183 4740 1421 4810 suscepit
1450 4748 1503 4797 te
1536 4740 1604 4797 de
1627 4752 1814 4797 monte
1851 4743 2041 4798 Oliva-

2215 4728 2308 4796 Ἐξ
2322 4731 2500 4803 ὅρους,
2521 4732 2743 4800 Χριστὲ,
2764 4732 2871 4787 τῶν
2883 4733 3112 4789 Ἐλαιῶν
3127 4736 3325 4808 νεφέλη
3345 4753 3404 4790 σε
3417 4737 3610 4809 ὥσπερ
3623 4736 3744 4808 θρό-

472 4840 620 4890 rum,
654 4827 758 4897 piis
788 4827 1262 4898 conspicientibus
1312 4831 1601 4903 discipulis
1651 4835 2045 4893 clamantibus-

2160 4840 2236 4886 νος
2281 4822 2650 4889 καθυπέλαϐε,
2720 4824 2936 4881 πάντων
2963 4827 3073 4880 τῶν
3125 4826 3287 4881 θείων
3326 4827 3591 4898 μαθητῶν
3645 4846 3740 4884 σου

474 4931 583 4985 que
625 4931 749 4971 cum
784 4924 1053 4974 tremore:
1087 4917 1208 4974 Noli
1246 4921 1558 4993 relinquere
1588 4925 1866 4994 orphanos
1903 4940 2045 4997 quos

2160 4915 2414 4987 5ρὼντων,
2448 4917 2543 4972 καὶ
2571 4919 2629 4971 ἐν
2658 4917 2844 4990 τρόμῳ
2897 4918 3142 4990 βοώντων
3190 4935 3295 4985 σοι,
3327 4920 3421 4991 Μὴ
3448 4920 3616 4994 λίπῃς
3644 4921 3740 4992 δρ-

474 5007 822 5064 ineﬂ’abiliter
847 5010 1119 5066 miserans
1151 5010 1417 5069 dilexisti.

454 5166 463 5169 _
544 5101 766 5172 Absque
795 5116 1029 5173 corpore
1069 5103 1213 5172 apud
1252 5119 1354 5161 nos
1404 5105 1758 5173 descendisti,
1791 5123 2048 5168 reversus

474 5209 535 5249 es
566 5201 748 5249 autem
789 5209 916 5250 cum
955 5204 1154 5250 natura
1191 5207 1379 5253 nostra
1409 5214 1575 5268 quam
1617 5214 2044 5273 assumpseras;

476 5294 603 5341 ante
640 5294 694 5340 te
736 5295 1048 5342 reverenter
1077 5301 1137 5342 se
1165 5288 1419 5358 aperiunt
1452 5295 1625 5358 portae
1662 5292 1928 5347 ccelorum
1968 5294 2050 5349 vi-

477 5377 779 5448 dentesque
814 5380 989 5451 angeli
1037 5387 1260 5450 stupent
1290 5379 1357 5434 ad
1392 5390 1539 5435 tuam
1589 5397 1718 5453 erga
1756 5399 1857 5441 nos
1886 5386 2051 5442 mise-

478 5470 797 5526 ricordiam.

551 5560 695 5628 Quid
728 5562 886 5618 statis
924 5578 1020 5620 vos
1044 5563 1379 5636 aspicientes
1403 5566 1559 5622 illum
1594 5566 1924 5624 mirabiliter
1959 5584 2053 5627 as-

480 5651 840 5708 cendentem?
864 5655 1124 5712 dicebant
1159 5658 1291 5713 olim
1323 5658 1500 5730 angeli
1539 5660 1748 5715 sanctis
1769 5662 2052 5732 apostolis.

482 5741 586 5808 Qui
611 5744 858 5800 ascendit
880 5748 935 5802 in
963 5747 1159 5818 gloria,
1184 5750 1264 5805 sic
1290 5765 1511 5807 rursum
1534 5749 1829 5809 descendet
1858 5753 1911 5809 in
1944 5762 2055 5810 ter-

486 5848 604 5891 ram
638 5849 828 5894 omnes
848 5838 1214 5916 iudicaturus.

2147 5010 2347 5080 φανοὺς
2380 5010 2475 5075 οὓς
2498 5012 2789 5086 ἠγάπησας
2819 5015 2888 5069 δι’
2911 5016 3317 5087 εὐσπλαγχνὶαν
3348 5016 3668 5087 ἀδιήγητον.

2221 5101 2505 5172 Κατῆλθες
2563 5103 2624 5156 τὸ
2662 5105 2791 5176 πρὶν
2839 5104 2970 5160 ἄνευ
3036 5107 3270 5182 σαρκὸς⁹
3435 5108 3649 5179 άνέρχη
3684 5106 3742 5162 δὲ

2152 5191 2312 5263 σῶμα
2335 5192 2537 5264 φέρων,
2589 5193 2617 5247 ὃ
2645 5195 3049 5267 προσείληφας·
3084 5195 3234 5268 φδϐῳ
3272 5197 3329 5251 δὲ
3369 5197 3542 5251 πύλαι
3576 5199 3740 5270 οὐρα-

2152 5283 2257 5339 νῶν
2292 5301 2373 5338 σοι
2397 5283 2704 5353 ἀνοίγονται
2721 5303 2737 5319 ο
2774 5287 2869 5342 καὶ
2896 5290 3013 5351 νόες
3041 5288 3284 5358 οὐράνιοι
3311 5289 3550 5360 ὁρῶντες
3576 5306 3743 5343 κατα-

2152 5379 2501 5451 πλήττονται,
2524 5379 2785 5446 Δέσποτα,
2817 5379 2918 5452 τὴν
2948 5379 3014 5433 δι’
3042 5380 3192 5452 ἡμᾶς
3232 5397 3327 5434 σου
3390 5380 3741 5450 συγκατάϐα-

2156 5491 2262 5528 σιν.

2225 5567 2291 5621 Τί
2321 5566 2542 5621 ῖστασθε
2566 5566 2853 5638 βλέποντες
2881 5566 3038 5637 ὑμεῖς
3064 5565 3164 5639 τὴν
3191 5565 3377 5653 ἄνοδον
3402 5564 3504 5637 τὴν
3534 5565 3741 5638 φρικώ-

2154 5663 2250 5732 δης
2298 5660 2472 5716 πάλαι
2521 5659 2729 5732 ἔφησαν
2786 5659 3008 5729 ἄγγελοι
3058 5658 3225 5723 θείοις
3270 5659 3741 5724 ἀποστόλοιςοεον

2155 5752 2356 5825 τρόπον
2385 5752 2661 5822 θεωρεῖτε,
2694 5750 2971 5804 ἐλεύσεται
3009 5753 3102 5805 καὶ
3122 5750 3284 5805 πάλιν
3312 5751 3410 5807 ἐπὶ
3435 5749 3543 5823 γῆς
3566 5752 3739 5824 κρῖναι

2160 5845 2423 5912 ἅπαντας,
2448 5845 2478 5898 ό
2513 5843 2651 5915 μετὰ
2683 5842 2839 5913 δόξης
2870 5841 3251 5914 ἀνερχόμενος.
