  <div class='ocr_page' id='page_1' title='image "/cluster/home/n/w/nwhite01/storage/ocr_20150623/87 pars.3/pst.000005712915/600.png"; bbox 0 0 3898 6320; ppageno 0'>
   <div class='ocr_carea' id='block_1_1' title="bbox 195 275 334 340">
    <p class='ocr_par' dir='ltr' id='par_1_1' title="bbox 195 275 334 340">
     <span class='ocr_line' id='line_1_1' title="bbox 195 275 334 340; baseline -0.022 0"><span class='ocrx_word' id='word_1_1' title='bbox 195 275 334 340; x_wconf 71' lang='lat'><strong>3869</strong></span> 
     </span>
    </p>
   </div>
   <div class='ocr_carea' id='block_1_2' title="bbox 1644 276 2054 340">
    <p class='ocr_par' dir='ltr' id='par_1_2' title="bbox 1644 276 2054 340">
     <span class='ocr_line' id='line_1_2' title="bbox 1644 276 2054 340; baseline 0 -2"><span class='ocrx_word' id='word_1_2' title='bbox 1644 276 2054 340; x_wconf 79' lang='lat' dir='ltr'><strong>TRlODlUM.</strong></span> 
     </span>
    </p>
   </div>
   <div class='ocr_carea' id='block_1_3' title="bbox 3322 285 3469 352">
    <p class='ocr_par' dir='ltr' id='par_1_3' title="bbox 3322 285 3469 352">
     <span class='ocr_line' id='line_1_3' title="bbox 3322 285 3469 352; baseline 0.014 -2"><span class='ocrx_word' id='word_1_3' title='bbox 3322 285 3469 352; x_wconf 86' lang='lat'><strong>3970</strong></span> 
     </span>
    </p>
   </div>
   <div class='ocr_carea' id='block_1_4' title="bbox 257 387 1781 464">
    <p class='ocr_par' dir='ltr' id='par_1_4' title="bbox 257 391 1777 464">
     <span class='ocr_line' id='line_1_4' title="bbox 257 391 1777 464; baseline 0.001 -19"><span class='ocrx_word' id='word_1_4' title='bbox 257 391 497 445; x_wconf 80' lang='grc' dir='ltr'>Συνοῦσα</span> <span class='ocrx_word' id='word_1_5' title='bbox 545 393 656 455; x_wconf 85' lang='grc' dir='ltr'>τοῖς</span> <span class='ocrx_word' id='word_1_6' title='bbox 713 391 874 457; x_wconf 74' lang='grc' dir='ltr'>θείοις</span> <span class='ocrx_word' id='word_1_7' title='bbox 935 391 1205 464; x_wconf 80' lang='grc' dir='ltr'><strong>μαθηταῖς</strong></span> <span class='ocrx_word' id='word_1_8' title='bbox 1259 394 1292 464; x_wconf 86' lang='grc' dir='ltr'><strong>ή</strong></span> <span class='ocrx_word' id='word_1_9' title='bbox 1352 391 1631 461; x_wconf 80' lang='grc' dir='ltr'>Πάναγνος</span> <span class='ocrx_word' id='word_1_10' title='bbox 1682 394 1777 448; x_wconf 74' lang='grc' dir='ltr'>καὶ</span> 
     </span>
    </p>
   </div>
   <div class='ocr_carea' id='block_1_5' title="bbox 1911 387 3470 464">
    <p class='ocr_par' dir='ltr' id='par_1_5' title="bbox 1955 387 3470 464">
     <span class='ocr_line' id='line_1_5' title="bbox 1955 387 3470 464; baseline 0.003 -19"><span class='ocrx_word' id='word_1_11' title='bbox 1955 390 2248 464; x_wconf 86' lang='lat' dir='ltr'><strong>Discipulis</strong></span> <span class='ocrx_word' id='word_1_12' title='bbox 2289 390 2476 447; x_wconf 86' lang='lat' dir='ltr'><strong>aderat</strong></span> <span class='ocrx_word' id='word_1_13' title='bbox 2525 390 2875 447; x_wconf 88' lang='lat' dir='ltr'><strong>sanctissima</strong></span> <span class='ocrx_word' id='word_1_14' title='bbox 2921 387 3130 462; x_wconf 76' lang='lat' dir='ltr'><strong>Virgo,</strong></span> <span class='ocrx_word' id='word_1_15' title='bbox 3173 401 3227 447; x_wconf 90' lang='lat' dir='ltr'><strong>ct</strong></span> <span class='ocrx_word' id='word_1_16' title='bbox 3276 396 3470 450; x_wconf 68' lang='lat' dir='ltr'><strong>videns</strong></span> 
     </span>
    </p>
   </div>
   <div class='ocr_carea' id='block_1_6' title="bbox 182 483 1782 557">
    <p class='ocr_par' dir='ltr' id='par_1_6' title="bbox 182 483 1782 557">
     <span class='ocr_line' id='line_1_6' title="bbox 182 483 1782 557; baseline 0 -18"><span class='ocrx_word' id='word_1_17' title='bbox 182 487 364 557; x_wconf 82' lang='grc' dir='ltr'>δρῶσα</span> <span class='ocrx_word' id='word_1_18' title='bbox 417 485 478 538; x_wconf 83' lang='grc' dir='ltr'><strong>δν</strong></span> <span class='ocrx_word' id='word_1_19' title='bbox 507 483 765 554; x_wconf 73' lang='grc' dir='ltr'><strong>ἐγέννησε</strong></span> <span class='ocrx_word' id='word_1_20' title='bbox 797 484 966 554; x_wconf 80' lang='grc' dir='ltr'><strong>γῆθεν</strong></span> <span class='ocrx_word' id='word_1_21' title='bbox 1024 484 1328 556; x_wconf 76' lang='grc' dir='ltr'>ὑψούμενον</span> <span class='ocrx_word' id='word_1_22' title='bbox 1358 486 1519 538; x_wconf 69' lang='grc' dir='ltr'>ἐϐόα·</span> <span class='ocrx_word' id='word_1_23' title='bbox 1555 486 1782 556; x_wconf 80' lang='grc' dir='ltr'><strong>Ἀνέρχῃ</strong></span> 
     </span>
    </p>
   </div>
   <div class='ocr_carea' id='block_1_7' title="bbox 185 575 1783 649">
    <p class='ocr_par' dir='ltr' id='par_1_7' title="bbox 185 575 1783 649">
     <span class='ocr_line' id='line_1_7' title="bbox 185 575 1783 649; baseline -0.002 -18"><span class='ocrx_word' id='word_1_24' title='bbox 185 578 320 649; x_wconf 78' lang='grc' dir='ltr'>πρὸς</span> <span class='ocrx_word' id='word_1_25' title='bbox 352 577 570 649; x_wconf 80' lang='grc' dir='ltr'><strong>Πατέρα</strong></span> <span class='ocrx_word' id='word_1_26' title='bbox 609 576 970 647; x_wconf 79' lang='grc' dir='ltr'>συνάναρχον,</span> <span class='ocrx_word' id='word_1_27' title='bbox 991 576 1092 646; x_wconf 82' lang='grc' dir='ltr'><strong>τῆς</strong></span> <span class='ocrx_word' id='word_1_28' title='bbox 1129 576 1289 646; x_wconf 81' lang='grc' dir='ltr'><strong>δόξης</strong></span> <span class='ocrx_word' id='word_1_29' title='bbox 1340 593 1435 629; x_wconf 89' lang='grc' dir='ltr'><strong>σου</strong></span> <span class='ocrx_word' id='word_1_30' title='bbox 1484 575 1783 646; x_wconf 85' lang='grc' dir='ltr'><strong>πληρώσας</strong></span> 
     </span>
    </p>
   </div>
   <div class='ocr_carea' id='block_1_8' title="bbox 185 667 1381 741">
    <p class='ocr_par' dir='ltr' id='par_1_8' title="bbox 185 667 1381 741">
     <span class='ocr_line' id='line_1_8' title="bbox 185 667 1381 741; baseline -0.002 -17"><span class='ocrx_word' id='word_1_31' title='bbox 185 670 254 724; x_wconf 86' lang='grc' dir='ltr'>τὰ</span> <span class='ocrx_word' id='word_1_32' title='bbox 278 669 590 741; x_wconf 86' lang='grc' dir='ltr'>σύμπαντα,</span> <span class='ocrx_word' id='word_1_33' title='bbox 633 667 992 734; x_wconf 81' lang='grc' dir='ltr'>δεδοξασμένε</span> <span class='ocrx_word' id='word_1_34' title='bbox 1032 669 1158 738; x_wconf 90' lang='grc' dir='ltr'>μόνε</span> <span class='ocrx_word' id='word_1_35' title='bbox 1186 669 1381 739; x_wconf 85' lang='grc' dir='ltr'>Κύριε.</span> 
     </span>
    </p>
   </div>
   <div class='ocr_carea' id='block_1_9' title="bbox 455 760 1496 829">
    <p class='ocr_par' dir='ltr' id='par_1_9' title="bbox 455 760 1496 829">
     <span class='ocr_line' id='line_1_9' title="bbox 455 760 1496 829; baseline 0.001 -14"><span class='ocrx_word' id='word_1_36' title='bbox 455 761 574 828; x_wconf 79' lang='grc' dir='ltr'><strong>Τὴν</strong></span> <span class='ocrx_word' id='word_1_37' title='bbox 602 760 816 828; x_wconf 76' lang='grc' dir='ltr'>δέησιν</span> <span class='ocrx_word' id='word_1_38' title='bbox 840 760 1028 829; x_wconf 75' lang='grc' dir='ltr'>ἐκχεῶ</span> <span class='ocrx_word' id='word_1_39' title='bbox 1062 760 1214 828; x_wconf 82' lang='grc' dir='ltr'>πρὸς</span> <span class='ocrx_word' id='word_1_40' title='bbox 1257 761 1496 828; x_wconf 80' lang='grc' dir='ltr'><strong>Κύριον.</strong></span> 
     </span>
    </p>
   </div>
   <div class='ocr_carea' id='block_1_10' title="bbox 257 851 1783 924">
    <p class='ocr_par' dir='ltr' id='par_1_10' title="bbox 257 851 1783 924">
     <span class='ocr_line' id='line_1_10' title="bbox 257 851 1783 924; baseline -0.001 -19"><span class='ocrx_word' id='word_1_41' title='bbox 257 851 561 924; x_wconf 87' lang='grc' dir='ltr'>Πληρώσας</span> <span class='ocrx_word' id='word_1_42' title='bbox 594 851 663 904; x_wconf 77' lang='grc' dir='ltr'>τὰ</span> <span class='ocrx_word' id='word_1_43' title='bbox 708 851 810 903; x_wconf 76' lang='grc' dir='ltr'><strong>’ἐπὶ</strong></span> <span class='ocrx_word' id='word_1_44' title='bbox 843 853 945 921; x_wconf 82' lang='grc' dir='ltr'>γῆς</span> <span class='ocrx_word' id='word_1_45' title='bbox 972 853 1072 922; x_wconf 75' lang='grc' dir='ltr'><strong>τῆς</strong></span> <span class='ocrx_word' id='word_1_46' title='bbox 1119 851 1278 920; x_wconf 80' lang='grc' dir='ltr'>δόξης</span> <span class='ocrx_word' id='word_1_47' title='bbox 1303 867 1420 914; x_wconf 85' lang='grc' dir='ltr'>σου,</span> <span class='ocrx_word' id='word_1_48' title='bbox 1472 851 1783 924; x_wconf 76' lang='grc' dir='ltr'>ἀνελήφθης</span> 
     </span>
    </p>
   </div>
   <div class='ocr_carea' id='block_1_11' title="bbox 190 943 1779 1017">
    <p class='ocr_par' dir='ltr' id='par_1_11' title="bbox 190 943 1779 1017">
     <span class='ocr_line' id='line_1_11' title="bbox 190 943 1779 1017; baseline -0.001 -18"><span class='ocrx_word' id='word_1_49' title='bbox 190 946 327 1017; x_wconf 80' lang='grc' dir='ltr'><strong>μετά</strong></span> <span class='ocrx_word' id='word_1_50' title='bbox 355 944 512 1015; x_wconf 77' lang='grc' dir='ltr'>δόξης</span> <span class='ocrx_word' id='word_1_51' title='bbox 570 944 874 1014; x_wconf 69' lang='grc' dir='ltr'>ἀφράστου,</span> <span class='ocrx_word' id='word_1_52' title='bbox 909 944 1004 998; x_wconf 75' lang='grc' dir='ltr'>καὶ</span> <span class='ocrx_word' id='word_1_53' title='bbox 1061 943 1138 1012; x_wconf 86' lang='grc' dir='ltr'>τῷ</span> <span class='ocrx_word' id='word_1_54' title='bbox 1178 943 1351 1015; x_wconf 81' lang='grc' dir='ltr'>Πατρί</span> <span class='ocrx_word' id='word_1_55' title='bbox 1373 961 1387 976; x_wconf 87' lang='grc'><strong>·</strong></span> <span class='ocrx_word' id='word_1_56' title='bbox 1419 945 1779 1016; x_wconf 79' lang='grc' dir='ltr'><strong>προσηγάγου</strong></span> 
     </span>
    </p>
   </div>
   <div class='ocr_carea' id='block_1_12' title="bbox 188 1033 1783 1107">
    <p class='ocr_par' dir='ltr' id='par_1_12' title="bbox 188 1033 1783 1107">
     <span class='ocr_line' id='line_1_12' title="bbox 188 1033 1783 1107; baseline 0.001 -19"><span class='ocrx_word' id='word_1_57' title='bbox 188 1036 284 1107; x_wconf 78' lang='grc' dir='ltr'><strong>τὴν</strong></span> <span class='ocrx_word' id='word_1_58' title='bbox 312 1037 493 1106; x_wconf 83' lang='grc' dir='ltr'>σάρκα</span> <span class='ocrx_word' id='word_1_59' title='bbox 527 1036 592 1105; x_wconf 81' lang='grc' dir='ltr'>ἢν</span> <span class='ocrx_word' id='word_1_60' title='bbox 624 1034 683 1100; x_wconf 75' lang='grc' dir='ltr'><strong>ἐξ</strong></span> <span class='ocrx_word' id='word_1_61' title='bbox 707 1034 863 1103; x_wconf 82' lang='grc' dir='ltr'>ἡμῶν</span> <span class='ocrx_word' id='word_1_62' title='bbox 894 1033 982 1086; x_wconf 82' lang='grc' dir='ltr'>διὰ</span> <span class='ocrx_word' id='word_1_63' title='bbox 1022 1034 1310 1104; x_wconf 82' lang='grc' dir='ltr'>σπλάγχνα</span> <span class='ocrx_word' id='word_1_64' title='bbox 1362 1035 1648 1105; x_wconf 82' lang='grc' dir='ltr'>ὲφόρεσας,</span> <span class='ocrx_word' id='word_1_65' title='bbox 1686 1037 1783 1089; x_wconf 66' lang='grc' dir='ltr'><strong>καὶ</strong></span> 
     </span>
    </p>
   </div>
   <div class='ocr_carea' id='block_1_13' title="bbox 190 1125 1746 1199">
    <p class='ocr_par' dir='ltr' id='par_1_13' title="bbox 190 1125 1746 1199">
     <span class='ocr_line' id='line_1_13' title="bbox 190 1125 1746 1199; baseline -0.001 -18"><span class='ocrx_word' id='word_1_66' title='bbox 190 1127 438 1199; x_wconf 77' lang='grc' dir='ltr'>ὕμνησαν</span> <span class='ocrx_word' id='word_1_67' title='bbox 467 1127 714 1197; x_wconf 78' lang='grc' dir='ltr'><strong>οὐρανῶν</strong></span> <span class='ocrx_word' id='word_1_68' title='bbox 738 1126 792 1180; x_wconf 73' lang='grc' dir='ltr'>αἱ</span> <span class='ocrx_word' id='word_1_69' title='bbox 820 1125 1081 1196; x_wconf 87' lang='grc' dir='ltr'>δυνάμεις</span> <span class='ocrx_word' id='word_1_70' title='bbox 1105 1143 1185 1189; x_wconf 85' lang='grc' dir='ltr'><strong>σε,</strong></span> <span class='ocrx_word' id='word_1_71' title='bbox 1216 1126 1344 1197; x_wconf 91' lang='grc' dir='ltr'>μόνε</span> <span class='ocrx_word' id='word_1_72' title='bbox 1377 1127 1746 1198; x_wconf 82' lang='grc' dir='ltr'>φιλάνθρωπε.</span> 
     </span>
    </p>
   </div>
   <div class='ocr_carea' id='block_1_14' title="bbox 262 1291 1780 1376">
    <p class='ocr_par' dir='ltr' id='par_1_14' title="bbox 262 1291 1780 1376">
     <span class='ocr_line' id='line_1_14' title="bbox 262 1291 1780 1376; baseline 0 -17"><span class='ocrx_word' id='word_1_73' title='bbox 262 1305 589 1376; x_wconf 77' lang='grc' dir='ltr'>Ἐπάροητε,</span> <span class='ocrx_word' id='word_1_74' title='bbox 620 1291 932 1376; x_wconf 77' lang='grc' dir='ltr'>ἐπουράνιοι</span> <span class='ocrx_word' id='word_1_75' title='bbox 965 1303 1152 1370; x_wconf 81' lang='grc' dir='ltr'>πύλαι,</span> <span class='ocrx_word' id='word_1_76' title='bbox 1189 1304 1283 1358; x_wconf 78' lang='grc' dir='ltr'>καὶ</span> <span class='ocrx_word' id='word_1_77' title='bbox 1305 1304 1615 1370; x_wconf 78' lang='grc' dir='ltr'>εἰσδέξασθε</span> <span class='ocrx_word' id='word_1_78' title='bbox 1649 1305 1780 1359; x_wconf 81' lang='grc' dir='ltr'>Θεὸν</span> 
     </span>
    </p>
   </div>
   <div class='ocr_carea' id='block_1_15' title="bbox 192 1397 1782 1469">
    <p class='ocr_par' dir='ltr' id='par_1_15' title="bbox 192 1397 1782 1469">
     <span class='ocr_line' id='line_1_15' title="bbox 192 1397 1782 1469; baseline 0 -16"><span class='ocrx_word' id='word_1_79' title='bbox 192 1400 548 1469; x_wconf 75' lang='grc' dir='ltr'>σαρκοφόρον,</span> <span class='ocrx_word' id='word_1_80' title='bbox 581 1400 637 1452; x_wconf 77' lang='grc' dir='ltr'>αἱ</span> <span class='ocrx_word' id='word_1_81' title='bbox 675 1399 860 1468; x_wconf 77' lang='grc' dir='ltr'>νοεραὶ</span> <span class='ocrx_word' id='word_1_82' title='bbox 889 1398 1133 1452; x_wconf 77' lang='grc' dir='ltr'>ἀνεϐόων</span> <span class='ocrx_word' id='word_1_83' title='bbox 1164 1397 1425 1469; x_wconf 68' lang='grc' dir='ltr'>δυνάμεις</span> <span class='ocrx_word' id='word_1_84' title='bbox 1450 1402 1569 1463; x_wconf 88' lang='grc' dir='ltr'>ταῖς</span> <span class='ocrx_word' id='word_1_85' title='bbox 1616 1400 1782 1453; x_wconf 86' lang='grc' dir='ltr'>πυθο-</span> 
     </span>
    </p>
   </div>
   <div class='ocr_carea' id='block_1_16' title="bbox 194 1481 1778 1565">
    <p class='ocr_par' dir='ltr' id='par_1_16' title="bbox 194 1481 1778 1565">
     <span class='ocr_line' id='line_1_16' title="bbox 194 1481 1778 1565; baseline 0.002 -23"><span class='ocrx_word' id='word_1_86' title='bbox 194 1492 398 1560; x_wconf 79' lang='grc' dir='ltr'>μέναις,</span> <span class='ocrx_word' id='word_1_87' title='bbox 432 1489 527 1552; x_wconf 79' lang='grc' dir='ltr'>Ίίς</span> <span class='ocrx_word' id='word_1_88' title='bbox 579 1481 736 1551; x_wconf 76' lang='grc' dir='ltr'>οὗτος</span> <span class='ocrx_word' id='word_1_89' title='bbox 761 1489 827 1544; x_wconf 80' lang='grc' dir='ltr'><strong>όν</strong></span> <span class='ocrx_word' id='word_1_90' title='bbox 850 1489 1068 1558; x_wconf 83' lang='grc' dir='ltr'>λέγετε;</span> <span class='ocrx_word' id='word_1_91' title='bbox 1100 1491 1193 1544; x_wconf 72' lang='grc' dir='ltr'>καὶ</span> <span class='ocrx_word' id='word_1_92' title='bbox 1235 1493 1440 1546; x_wconf 81' lang='grc' dir='ltr'>αῐνεσιν</span> <span class='ocrx_word' id='word_1_93' title='bbox 1470 1492 1544 1556; x_wconf 87' lang='grc' dir='ltr'>ὡς</span> <span class='ocrx_word' id='word_1_94' title='bbox 1575 1493 1778 1565; x_wconf 70' lang='grc' dir='ltr'>Ποιητῇ</span> 
     </span>
    </p>
   </div>
   <div class='ocr_carea' id='block_1_17' title="bbox 189 1577 1270 1650">
    <p class='ocr_par' dir='ltr' id='par_1_17' title="bbox 189 1577 1270 1650">
     <span class='ocr_line' id='line_1_17' title="bbox 189 1577 1270 1650; baseline 0.003 -20"><span class='ocrx_word' id='word_1_95' title='bbox 189 1578 295 1631; x_wconf 87' lang='grc' dir='ltr'><strong>τῶν</strong></span> <span class='ocrx_word' id='word_1_96' title='bbox 321 1578 580 1633; x_wconf 87' lang='grc' dir='ltr'>ἀπάντων</span> <span class='ocrx_word' id='word_1_97' title='bbox 607 1577 907 1641; x_wconf 79' lang='grc' dir='ltr'>ἀπαύστως</span> <span class='ocrx_word' id='word_1_98' title='bbox 938 1579 1270 1650; x_wconf 81' lang='grc' dir='ltr'>προσάξατε.</span> 
     </span>
    </p>
   </div>
   <div class='ocr_carea' id='block_1_18' title="bbox 262 1668 1773 1742">
    <p class='ocr_par' dir='ltr' id='par_1_18' title="bbox 262 1668 1773 1742">
     <span class='ocr_line' id='line_1_18' title="bbox 262 1668 1773 1742; baseline 0.003 -21"><span class='ocrx_word' id='word_1_99' title='bbox 262 1669 370 1740; x_wconf 85' lang='grc' dir='ltr'><strong>Τὴν</strong></span> <span class='ocrx_word' id='word_1_100' title='bbox 421 1668 605 1723; x_wconf 80' lang='grc' dir='ltr'>ἄνοδον</span> <span class='ocrx_word' id='word_1_101' title='bbox 637 1673 738 1741; x_wconf 79' lang='grc' dir='ltr'>τὴν</span> <span class='ocrx_word' id='word_1_102' title='bbox 786 1672 1020 1741; x_wconf 85' lang='grc' dir='ltr'>φρικτὴν</span> <span class='ocrx_word' id='word_1_103' title='bbox 1077 1671 1340 1742; x_wconf 75' lang='grc' dir='ltr'>θεώμενοι</span> <span class='ocrx_word' id='word_1_104' title='bbox 1379 1673 1439 1726; x_wconf 62' lang='grc' dir='ltr'><strong>ὀἱ</strong></span> <span class='ocrx_word' id='word_1_105' title='bbox 1470 1671 1566 1726; x_wconf 80' lang='grc' dir='ltr'>τοῦ</span> <span class='ocrx_word' id='word_1_106' title='bbox 1599 1673 1773 1742; x_wconf 89' lang='grc' dir='ltr'>Λόγου</span> 
     </span>
    </p>
   </div>
   <div class='ocr_carea' id='block_1_19' title="bbox 194 1747 1846 1833">
    <p class='ocr_par' dir='ltr' id='par_1_19' title="bbox 194 1747 1846 1833">
     <span class='ocr_line' id='line_1_19' title="bbox 194 1747 1846 1833; baseline 0.002 -20"><span class='ocrx_word' id='word_1_107' title='bbox 194 1761 432 1833; x_wconf 76' lang='grc' dir='ltr'>μαθηταὶ</span> <span class='ocrx_word' id='word_1_108' title='bbox 459 1762 730 1816; x_wconf 77' lang='grc' dir='ltr'>ἀνεϐόων·</span> <span class='ocrx_word' id='word_1_109' title='bbox 768 1763 991 1832; x_wconf 79' lang='grc' dir='ltr'>Πέμψον</span> <span class='ocrx_word' id='word_1_110' title='bbox 1055 1765 1188 1833; x_wconf 80' lang='grc' dir='ltr'>ἡμῖν</span> <span class='ocrx_word' id='word_1_111' title='bbox 1221 1768 1282 1816; x_wconf 81' lang='grc' dir='ltr'><strong>τὸ</strong></span> <span class='ocrx_word' id='word_1_112' title='bbox 1308 1765 1573 1832; x_wconf 87' lang='grc' dir='ltr'>πανάγιον</span> <span class='ocrx_word' id='word_1_113' title='bbox 1604 1765 1772 1818; x_wconf 82' lang='grc' dir='ltr'>Πνεῢ-</span> <span class='ocrx_word' id='word_1_114' title='bbox 1807 1747 1846 1807; x_wconf 74' lang='grc' dir='ltr'><strong><em>Β</em></strong></span> 
     </span>
    </p>
   </div>
   <div class='ocr_carea' id='block_1_20' title="bbox 194 1853 1785 1925">
    <p class='ocr_par' dir='ltr' id='par_1_20' title="bbox 194 1853 1785 1925">
     <span class='ocr_line' id='line_1_20' title="bbox 194 1853 1785 1925; baseline 0.001 -17"><span class='ocrx_word' id='word_1_115' title='bbox 194 1870 292 1924; x_wconf 86' lang='grc' dir='ltr'><strong>μα,</strong></span> <span class='ocrx_word' id='word_1_116' title='bbox 326 1855 420 1906; x_wconf 77' lang='grc' dir='ltr'>καὶ</span> <span class='ocrx_word' id='word_1_117' title='bbox 443 1854 714 1924; x_wconf 76' lang='grc' dir='ltr'>ὀρφανοὺς</span> <span class='ocrx_word' id='word_1_118' title='bbox 751 1853 827 1924; x_wconf 81' lang='grc' dir='ltr'>μὴ</span> <span class='ocrx_word' id='word_1_119' title='bbox 862 1853 1029 1925; x_wconf 75' lang='grc' dir='ltr'>ἐάσῃς</span> <span class='ocrx_word' id='word_1_120' title='bbox 1058 1855 1185 1917; x_wconf 80' lang='grc' dir='ltr'>τοὺς</span> <span class='ocrx_word' id='word_1_121' title='bbox 1231 1853 1460 1918; x_wconf 80' lang='grc' dir='ltr'>δούλους</span> <span class='ocrx_word' id='word_1_122' title='bbox 1491 1872 1584 1908; x_wconf 84' lang='grc' dir='ltr'><strong>σου</strong></span> <span class='ocrx_word' id='word_1_123' title='bbox 1624 1854 1785 1924; x_wconf 89' lang='grc' dir='ltr'>γινώ-</span> 
     </span>
    </p>
   </div>
   <div class='ocr_carea' id='block_1_21' title="bbox 193 1943 1783 2016">
    <p class='ocr_par' dir='ltr' id='par_1_21' title="bbox 193 1943 1783 2016">
     <span class='ocr_line' id='line_1_21' title="bbox 193 1943 1783 2016; baseline 0.001 -20"><span class='ocrx_word' id='word_1_124' title='bbox 193 1944 419 2007; x_wconf 79' lang='grc' dir='ltr'>σκοντας</span> <span class='ocrx_word' id='word_1_125' title='bbox 475 1960 534 1996; x_wconf 90' lang='grc' dir='ltr'><strong>σε</strong></span> <span class='ocrx_word' id='word_1_126' title='bbox 591 1943 765 2014; x_wconf 84' lang='grc' dir='ltr'>ἀληθῆ</span> <span class='ocrx_word' id='word_1_127' title='bbox 812 1943 911 1996; x_wconf 73' lang='grc' dir='ltr'>καὶ</span> <span class='ocrx_word' id='word_1_128' title='bbox 954 1943 1090 1999; x_wconf 86' lang='grc' dir='ltr'>Θεὸν</span> <span class='ocrx_word' id='word_1_129' title='bbox 1139 1945 1235 1997; x_wconf 78' lang='grc' dir='ltr'><strong>καὶ</strong></span> <span class='ocrx_word' id='word_1_130' title='bbox 1290 1944 1502 2016; x_wconf 84' lang='grc' dir='ltr'>βροτὸν,</span> <span class='ocrx_word' id='word_1_131' title='bbox 1535 1946 1783 2016; x_wconf 86' lang='grc' dir='ltr'>ἀναμάρ-</span> 
     </span>
    </p>
   </div>
   <div class='ocr_carea' id='block_1_22' title="bbox 189 2050 340 2103">
    <p class='ocr_par' dir='ltr' id='par_1_22' title="bbox 189 2050 340 2103">
     <span class='ocr_line' id='line_1_22' title="bbox 189 2050 340 2103; baseline 0 -18"><span class='ocrx_word' id='word_1_132' title='bbox 189 2050 340 2103; x_wconf 88' lang='grc' dir='ltr'>τητε.</span> 
     </span>
    </p>
   </div>
   <div class='ocr_carea' id='block_1_23' title="bbox 265 2122 1784 2197">
    <p class='ocr_par' dir='ltr' id='par_1_23' title="bbox 265 2122 1784 2197">
     <span class='ocr_line' id='line_1_23' title="bbox 265 2122 1784 2197; baseline 0.001 -20"><span class='ocrx_word' id='word_1_133' title='bbox 265 2124 532 2187; x_wconf 81' lang='grc' dir='ltr'>Ἔθέωσας</span> <span class='ocrx_word' id='word_1_134' title='bbox 553 2123 660 2176; x_wconf 91' lang='grc' dir='ltr'><strong>τῶν</strong></span> <span class='ocrx_word' id='word_1_135' title='bbox 700 2122 910 2194; x_wconf 80' lang='grc' dir='ltr'>βροτῶν</span> <span class='ocrx_word' id='word_1_136' title='bbox 942 2125 1040 2196; x_wconf 84' lang='grc' dir='ltr'>τὴν</span> <span class='ocrx_word' id='word_1_137' title='bbox 1075 2124 1284 2190; x_wconf 83' lang='grc' dir='ltr'>οὐσίαν,</span> <span class='ocrx_word' id='word_1_138' title='bbox 1311 2125 1642 2197; x_wconf 78' lang='grc' dir='ltr'>ἀπορῤήτως</span> <span class='ocrx_word' id='word_1_139' title='bbox 1659 2143 1784 2195; x_wconf 88' lang='grc' dir='ltr'>γεν-</span> 
     </span>
    </p>
   </div>
   <div class='ocr_carea' id='block_1_24' title="bbox 191 2215 1781 2288">
    <p class='ocr_par' dir='ltr' id='par_1_24' title="bbox 191 2215 1781 2288">
     <span class='ocr_line' id='line_1_24' title="bbox 191 2215 1781 2288; baseline -0.001 -18"><span class='ocrx_word' id='word_1_140' title='bbox 191 2215 373 2285; x_wconf 80' lang='grc' dir='ltr'>νηθεὶς</span> <span class='ocrx_word' id='word_1_141' title='bbox 409 2216 474 2268; x_wconf 82' lang='grc' dir='ltr'>ὲκ</span> <span class='ocrx_word' id='word_1_142' title='bbox 493 2215 793 2286; x_wconf 81' lang='grc' dir='ltr'>Παρθένου,</span> <span class='ocrx_word' id='word_1_143' title='bbox 821 2216 849 2268; x_wconf 88' lang='grc' dir='ltr'>ὀ</span> <span class='ocrx_word' id='word_1_144' title='bbox 874 2217 968 2269; x_wconf 83' lang='grc' dir='ltr'>τοῦ</span> <span class='ocrx_word' id='word_1_145' title='bbox 1003 2218 1220 2288; x_wconf 87' lang='grc' dir='ltr'>Πατρὸς</span> <span class='ocrx_word' id='word_1_146' title='bbox 1260 2216 1544 2288; x_wconf 84' lang='grc' dir='ltr'>ὁμοούσιος</span> <span class='ocrx_word' id='word_1_147' title='bbox 1588 2219 1781 2285; x_wconf 87' lang='grc' dir='ltr'>Λόγος,</span> 
     </span>
    </p>
   </div>
   <div class='ocr_carea' id='block_1_25' title="bbox 193 2307 1784 2382">
    <p class='ocr_par' dir='ltr' id='par_1_25' title="bbox 193 2307 1784 2382">
     <span class='ocr_line' id='line_1_25' title="bbox 193 2307 1784 2382; baseline 0 -21"><span class='ocrx_word' id='word_1_148' title='bbox 193 2308 286 2361; x_wconf 70' lang='grc' dir='ltr'><strong>καὶ</strong></span> <span class='ocrx_word' id='word_1_149' title='bbox 316 2308 624 2379; x_wconf 65' lang='grc' dir='ltr'>ἀνελήφθης</span> <span class='ocrx_word' id='word_1_150' title='bbox 656 2308 714 2361; x_wconf 81' lang='grc' dir='ltr'>ἐν</span> <span class='ocrx_word' id='word_1_151' title='bbox 744 2307 871 2382; x_wconf 75' lang='grc' dir='ltr'>δόξῃ</span> <span class='ocrx_word' id='word_1_152' title='bbox 897 2309 1243 2379; x_wconf 81' lang='grc' dir='ltr'>δωρούμενος</span> <span class='ocrx_word' id='word_1_153' title='bbox 1279 2310 1504 2380; x_wconf 84' lang='grc' dir='ltr'>εἰρήνην</span> <span class='ocrx_word' id='word_1_154' title='bbox 1552 2308 1646 2362; x_wconf 82' lang='grc' dir='ltr'>σοῦ</span> <span class='ocrx_word' id='word_1_155' title='bbox 1669 2311 1784 2372; x_wconf 87' lang='grc' dir='ltr'>τοῖς</span> 
     </span>
    </p>
   </div>
   <div class='ocr_carea' id='block_1_26' title="bbox 197 2396 1495 2469">
    <p class='ocr_par' dir='ltr' id='par_1_26' title="bbox 197 2396 1495 2469">
     <span class='ocr_line' id='line_1_26' title="bbox 197 2396 1495 2469; baseline 0.001 -17"><span class='ocrx_word' id='word_1_156' title='bbox 197 2397 489 2469; x_wconf 79' lang='grc' dir='ltr'>μαθηταῖς,</span> <span class='ocrx_word' id='word_1_157' title='bbox 518 2398 613 2450; x_wconf 76' lang='grc' dir='ltr'><strong>καὶ</strong></span> <span class='ocrx_word' id='word_1_158' title='bbox 634 2396 711 2468; x_wconf 74' lang='grc' dir='ltr'>τῷ</span> <span class='ocrx_word' id='word_1_159' title='bbox 731 2398 922 2468; x_wconf 81' lang='grc' dir='ltr'>κόσμῳ</span> <span class='ocrx_word' id='word_1_160' title='bbox 953 2399 1015 2452; x_wconf 88' lang='grc' dir='ltr'><strong>τὸ</strong></span> <span class='ocrx_word' id='word_1_161' title='bbox 1040 2397 1296 2451; x_wconf 77' lang='grc' dir='ltr'>πλούσιον</span> <span class='ocrx_word' id='word_1_162' title='bbox 1322 2398 1495 2463; x_wconf 70' lang='grc' dir='ltr'>ἱλεος.</span> 
     </span>
    </p>
   </div>
   <div class='ocr_carea' id='block_1_27' title="bbox 533 2489 1440 2562">
    <p class='ocr_par' dir='ltr' id='par_1_27' title="bbox 533 2489 1440 2562">
     <span class='ocr_line' id='line_1_27' title="bbox 533 2489 1440 2562; baseline 0.001 -17"><span class='ocrx_word' id='word_1_163' title='bbox 533 2489 750 2556; x_wconf 75' lang='grc' dir='ltr'>Παῖδες</span> <span class='ocrx_word' id='word_1_164' title='bbox 784 2492 1071 2558; x_wconf 69' lang='grc' dir='ltr'>Ἐϐραίων·</span> <span class='ocrx_word' id='word_1_165' title='bbox 1099 2492 1170 2545; x_wconf 79' lang='grc' dir='ltr'>ἐν</span> <span class='ocrx_word' id='word_1_166' title='bbox 1194 2493 1440 2562; x_wconf 80' lang='grc' dir='ltr'><strong>καμίνῳ.</strong></span> 
     </span>
    </p>
   </div>
   <div class='ocr_carea' id='block_1_28' title="bbox 265 2577 1788 2654">
    <p class='ocr_par' dir='ltr' id='par_1_28' title="bbox 265 2577 1788 2654">
     <span class='ocr_line' id='line_1_28' title="bbox 265 2577 1788 2654; baseline 0 -18"><span class='ocrx_word' id='word_1_167' title='bbox 265 2582 444 2647; x_wconf 85' lang='grc' dir='ltr'>Πάθος</span> <span class='ocrx_word' id='word_1_168' title='bbox 477 2582 569 2635; x_wconf 81' lang='grc' dir='ltr'>καὶ</span> <span class='ocrx_word' id='word_1_169' title='bbox 605 2581 837 2635; x_wconf 84' lang='grc' dir='ltr'>θάνατον</span> <span class='ocrx_word' id='word_1_170' title='bbox 867 2580 1129 2652; x_wconf 80' lang='grc' dir='ltr'>ὑπέστης,</span> <span class='ocrx_word' id='word_1_171' title='bbox 1160 2583 1252 2635; x_wconf 80' lang='grc' dir='ltr'><strong>καὶ</strong></span> <span class='ocrx_word' id='word_1_172' title='bbox 1283 2585 1581 2654; x_wconf 81' lang='grc' dir='ltr'>τριήμερος</span> <span class='ocrx_word' id='word_1_173' title='bbox 1605 2582 1682 2647; x_wconf 84' lang='grc' dir='ltr'>ὡς</span> <span class='ocrx_word' id='word_1_174' title='bbox 1708 2577 1788 2636; x_wconf 78' lang='grc' dir='ltr'><strong>ετ-</strong></span> 
     </span>
    </p>
   </div>
   <div class='ocr_carea' id='block_1_29' title="bbox 197 2671 1781 2745">
    <p class='ocr_par' dir='ltr' id='par_1_29' title="bbox 197 2671 1781 2745">
     <span class='ocr_line' id='line_1_29' title="bbox 197 2671 1781 2745; baseline 0.002 -22"><span class='ocrx_word' id='word_1_175' title='bbox 197 2693 305 2739; x_wconf 81' lang='grc' dir='ltr'><strong>πας</strong></span> <span class='ocrx_word' id='word_1_176' title='bbox 352 2672 674 2744; x_wconf 76' lang='grc' dir='ltr'>ἐξηγέρθης,</span> <span class='ocrx_word' id='word_1_177' title='bbox 709 2671 805 2726; x_wconf 75' lang='grc' dir='ltr'>καὶ</span> <span class='ocrx_word' id='word_1_178' title='bbox 864 2671 1003 2741; x_wconf 82' lang='grc' dir='ltr'>πρὸς</span> <span class='ocrx_word' id='word_1_179' title='bbox 1055 2673 1178 2736; x_wconf 74' lang='grc' dir='ltr'>τοὺς</span> <span class='ocrx_word' id='word_1_180' title='bbox 1226 2673 1488 2743; x_wconf 78' lang='grc' dir='ltr'>οὐρανοὺς</span> <span class='ocrx_word' id='word_1_181' title='bbox 1534 2673 1781 2745; x_wconf 80' lang='grc' dir='ltr'>ἀνῆλθες,</span> 
     </span>
    </p>
   </div>
   <div class='ocr_carea' id='block_1_30' title="bbox 209 2762 1782 2838">
    <p class='ocr_par' dir='ltr' id='par_1_30' title="bbox 209 2762 1782 2838">
     <span class='ocr_line' id='line_1_30' title="bbox 209 2762 1782 2838; baseline -0.002 -18"><span class='ocrx_word' id='word_1_182' title='bbox 209 2766 594 2838; x_wconf 77' lang='grc' dir='ltr'>μελῳδούντων</span> <span class='ocrx_word' id='word_1_183' title='bbox 623 2764 732 2817; x_wconf 86' lang='grc' dir='ltr'><strong>τῶν</strong></span> <span class='ocrx_word' id='word_1_184' title='bbox 760 2762 1020 2835; x_wconf 77' lang='grc' dir='ltr'>μαθητῶν</span> <span class='ocrx_word' id='word_1_185' title='bbox 1045 2778 1163 2831; x_wconf 89' lang='grc' dir='ltr'>σου,</span> <span class='ocrx_word' id='word_1_186' title='bbox 1186 2763 1357 2835; x_wconf 84' lang='grc' dir='ltr'>Κύριε</span> <span class='ocrx_word' id='word_1_187' title='bbox 1382 2766 1411 2818; x_wconf 89' lang='grc' dir='ltr'><strong>ό</strong></span> <span class='ocrx_word' id='word_1_188' title='bbox 1447 2764 1599 2831; x_wconf 83' lang='grc' dir='ltr'>Θεὸς,</span> <span class='ocrx_word' id='word_1_189' title='bbox 1630 2764 1782 2817; x_wconf 75' lang='grc' dir='ltr'>εὐλο-</span> 
     </span>
    </p>
   </div>
   <div class='ocr_carea' id='block_1_31' title="bbox 196 2854 457 2930">
    <p class='ocr_par' dir='ltr' id='par_1_31' title="bbox 196 2854 457 2930">
     <span class='ocr_line' id='line_1_31' title="bbox 196 2854 457 2930; baseline 0 -18"><span class='ocrx_word' id='word_1_190' title='bbox 196 2878 268 2930; x_wconf 89' lang='grc' dir='ltr'><strong>γη</strong></span> <span class='ocrx_word' id='word_1_191' title='bbox 276 2859 362 2922; x_wconf 84' lang='grc' dir='ltr'><strong>τὸς</strong></span> <span class='ocrx_word' id='word_1_192' title='bbox 380 2854 457 2912; x_wconf 81' lang='grc' dir='ltr'>εἷ.</span> 
     </span>
    </p>
   </div>
   <div class='ocr_carea' id='block_1_32' title="bbox 268 2947 1783 3020">
    <p class='ocr_par' dir='ltr' id='par_1_32' title="bbox 268 2947 1783 3020">
     <span class='ocr_line' id='line_1_32' title="bbox 268 2947 1783 3020; baseline -0.003 -16"><span class='ocrx_word' id='word_1_193' title='bbox 268 2949 494 3020; x_wconf 81' lang='grc' dir='ltr'>Πνεῦμα</span> <span class='ocrx_word' id='word_1_194' title='bbox 529 2951 665 3020; x_wconf 77' lang='grc' dir='ltr'>ἡμῖν</span> <span class='ocrx_word' id='word_1_195' title='bbox 688 2948 764 3012; x_wconf 84' lang='grc' dir='ltr'>ὡς</span> <span class='ocrx_word' id='word_1_196' title='bbox 789 2948 1100 3018; x_wconf 76' lang='grc' dir='ltr'>ἔπηγγείλω</span> <span class='ocrx_word' id='word_1_197' title='bbox 1137 2947 1199 3001; x_wconf 85' lang='grc' dir='ltr'><strong>τὸ</strong></span> <span class='ocrx_word' id='word_1_198' title='bbox 1233 2949 1499 3017; x_wconf 78' lang='grc' dir='ltr'>πανάγιον</span> <span class='ocrx_word' id='word_1_199' title='bbox 1527 2947 1783 3001; x_wconf 85' lang='grc' dir='ltr'>ἀπόστει-</span> 
     </span>
    </p>
   </div>
   <div class='ocr_carea' id='block_1_33' title="bbox 1887 483 3466 555">
    <p class='ocr_par' dir='ltr' id='par_1_33' title="bbox 1887 483 3466 555">
     <span class='ocr_line' id='line_1_33' title="bbox 1887 483 3466 555; baseline 0.002 -17"><span class='ocrx_word' id='word_1_200' title='bbox 1887 493 2266 554; x_wconf 78' lang='lat' dir='ltr'><strong>assurgcntem</strong></span> <span class='ocrx_word' id='word_1_201' title='bbox 2291 483 2361 538; x_wconf 90' lang='lat' dir='ltr'><strong>de</strong></span> <span class='ocrx_word' id='word_1_202' title='bbox 2397 495 2540 540; x_wconf 87' lang='lat' dir='ltr'><strong>terra</strong></span> <span class='ocrx_word' id='word_1_203' title='bbox 2575 498 2738 555; x_wconf 88' lang='lat' dir='ltr'><strong>quem</strong></span> <span class='ocrx_word' id='word_1_204' title='bbox 2773 492 3059 554; x_wconf 75' lang='lat' dir='ltr'><strong>genuerat,</strong></span> <span class='ocrx_word' id='word_1_205' title='bbox 3085 485 3466 541; x_wconf 83' lang='lat' dir='ltr'><strong>exclamabat:</strong></span> 
     </span>
    </p>
   </div>
   <div class='ocr_carea' id='block_1_34' title="bbox 1883 575 3464 646">
    <p class='ocr_par' dir='ltr' id='par_1_34' title="bbox 1883 575 3464 646">
     <span class='ocr_line' id='line_1_34' title="bbox 1883 575 3464 646; baseline 0.001 -16"><span class='ocrx_word' id='word_1_206' title='bbox 1883 576 1966 630; x_wconf 82' lang='lat' dir='ltr'><strong>Ad</strong></span> <span class='ocrx_word' id='word_1_207' title='bbox 2006 575 2222 631; x_wconf 89' lang='lat' dir='ltr'><strong>Patrem</strong></span> <span class='ocrx_word' id='word_1_208' title='bbox 2279 584 2562 630; x_wconf 88' lang='lat' dir='ltr'><strong>revertens</strong></span> <span class='ocrx_word' id='word_1_209' title='bbox 2615 583 2924 631; x_wconf 67' lang='lat' dir='ltr'><strong>cowternus</strong></span> <span class='ocrx_word' id='word_1_210' title='bbox 2976 576 3052 629; x_wconf 84' lang='lat' dir='ltr'><strong>illi</strong></span> <span class='ocrx_word' id='word_1_211' title='bbox 3082 614 3097 638; x_wconf 89' lang='lat'><strong>,</strong></span> <span class='ocrx_word' id='word_1_212' title='bbox 3159 576 3464 646; x_wconf 66' lang='lat' dir='ltr'><strong>implevisti</strong></span> 
     </span>
    </p>
   </div>
   <div class='ocr_carea' id='block_1_35' title="bbox 1885 665 3286 737">
    <p class='ocr_par' dir='ltr' id='par_1_35' title="bbox 1885 665 3286 737">
     <span class='ocr_line' id='line_1_35' title="bbox 1885 665 3286 737; baseline -0.001 -17"><span class='ocrx_word' id='word_1_213' title='bbox 1885 667 2147 721; x_wconf 86' lang='lat' dir='ltr'><strong>mundum</strong></span> <span class='ocrx_word' id='word_1_214' title='bbox 2180 667 2354 737; x_wconf 81' lang='lat' dir='ltr'><strong>gloria</strong></span> <span class='ocrx_word' id='word_1_215' title='bbox 2380 675 2506 727; x_wconf 88' lang='lat' dir='ltr'><strong>tua;</strong></span> <span class='ocrx_word' id='word_1_216' title='bbox 2548 665 2648 720; x_wconf 84' lang='lat' dir='ltr'><strong>tibi</strong></span> <span class='ocrx_word' id='word_1_217' title='bbox 2681 666 2784 721; x_wconf 87' lang='lat' dir='ltr'><strong>soil</strong></span> <span class='ocrx_word' id='word_1_218' title='bbox 2811 667 2979 721; x_wconf 89' lang='lat' dir='ltr'><strong>decus</strong></span> <span class='ocrx_word' id='word_1_219' title='bbox 3019 674 3072 720; x_wconf 92' lang='lat' dir='ltr'><strong>et</strong></span> <span class='ocrx_word' id='word_1_220' title='bbox 3101 667 3286 722; x_wconf 89' lang='lat' dir='ltr'><strong>honor.</strong></span> 
     </span>
    </p>
   </div>
   <div class='ocr_carea' id='block_1_36' title="bbox 2200 757 3152 826">
    <p class='ocr_par' dir='ltr' id='par_1_36' title="bbox 2200 757 3152 826">
     <span class='ocr_line' id='line_1_36' title="bbox 2200 757 3152 826; baseline 0.004 -17"><span class='ocrx_word' id='word_1_221' title='bbox 2200 757 2501 826; x_wconf 78' lang='lat' dir='ltr'><strong>Deprecare</strong></span> <span class='ocrx_word' id='word_1_222' title='bbox 2529 773 2624 826; x_wconf 86' lang='lat' dir='ltr'><strong>pro</strong></span> <span class='ocrx_word' id='word_1_223' title='bbox 2661 759 2812 812; x_wconf 82' lang='lat' dir='ltr'><strong>nobis</strong></span> <span class='ocrx_word' id='word_1_224' title='bbox 2847 757 3152 814; x_wconf 78' lang='lat' dir='ltr'><strong>Dominum.</strong></span> 
     </span>
    </p>
   </div>
   <div class='ocr_carea' id='block_1_37' title="bbox 1957 847 3470 920">
    <p class='ocr_par' dir='ltr' id='par_1_37' title="bbox 1957 847 3470 920">
     <span class='ocr_line' id='line_1_37' title="bbox 1957 847 3470 920; baseline 0.003 -18"><span class='ocrx_word' id='word_1_225' title='bbox 1957 847 2125 904; x_wconf 87' lang='lat' dir='ltr'><strong>Terra</strong></span> <span class='ocrx_word' id='word_1_226' title='bbox 2167 863 2263 919; x_wconf 87' lang='lat' dir='ltr'><strong>per</strong></span> <span class='ocrx_word' id='word_1_227' title='bbox 2297 855 2350 903; x_wconf 90' lang='lat' dir='ltr'><strong>te</strong></span> <span class='ocrx_word' id='word_1_228' title='bbox 2390 849 2599 918; x_wconf 89' lang='lat' dir='ltr'><strong>repleta</strong></span> <span class='ocrx_word' id='word_1_229' title='bbox 2642 848 2838 920; x_wconf 76' lang='lat' dir='ltr'><strong>gloria,</strong></span> <span class='ocrx_word' id='word_1_230' title='bbox 2875 864 2999 903; x_wconf 91' lang='lat' dir='ltr'><strong>cum</strong></span> <span class='ocrx_word' id='word_1_231' title='bbox 3051 850 3317 907; x_wconf 76' lang='lat' dir='ltr'><strong>inell‘abili</strong></span> <span class='ocrx_word' id='word_1_232' title='bbox 3353 868 3470 906; x_wconf 76' lang='lat' dir='ltr'><strong>nia-</strong></span> 
     </span>
    </p>
   </div>
   <div class='ocr_carea' id='block_1_38' title="bbox 1883 939 3467 1010">
    <p class='ocr_par' dir='ltr' id='par_1_38' title="bbox 1883 939 3467 1010">
     <span class='ocr_line' id='line_1_38' title="bbox 1883 939 3467 1010; baseline 0.003 -15"><span class='ocrx_word' id='word_1_233' title='bbox 1883 939 2082 1010; x_wconf 89' lang='lat' dir='ltr'><strong>jcstate</strong></span> <span class='ocrx_word' id='word_1_234' title='bbox 2121 941 2176 994; x_wconf 92' lang='lat' dir='ltr'><strong>in</strong></span> <span class='ocrx_word' id='word_1_235' title='bbox 2231 940 2429 994; x_wconf 77' lang='lat' dir='ltr'><strong>cteluin</strong></span> <span class='ocrx_word' id='word_1_236' title='bbox 2485 955 2545 995; x_wconf 89' lang='lat' dir='ltr'><strong>es</strong></span> <span class='ocrx_word' id='word_1_237' title='bbox 2587 949 2857 1006; x_wconf 82' lang='lat' dir='ltr'><strong>evectus,</strong></span> <span class='ocrx_word' id='word_1_238' title='bbox 2909 940 3094 998; x_wconf 78' lang='lat' dir='ltr'><strong>ferens</strong></span> <span class='ocrx_word' id='word_1_239' title='bbox 3134 944 3199 998; x_wconf 91' lang='lat' dir='ltr'><strong>ad</strong></span> <span class='ocrx_word' id='word_1_240' title='bbox 3248 943 3467 1000; x_wconf 89' lang='lat' dir='ltr'><strong>Patrem</strong></span> 
     </span>
    </p>
   </div>
   <div class='ocr_carea' id='block_1_39' title="bbox 1885 1032 3472 1102">
    <p class='ocr_par' dir='ltr' id='par_1_39' title="bbox 1885 1032 3472 1102">
     <span class='ocr_line' id='line_1_39' title="bbox 1885 1032 3472 1102; baseline 0.003 -16"><span class='ocrx_word' id='word_1_241' title='bbox 1885 1048 2049 1102; x_wconf 87' lang='lat' dir='ltr'><strong>quam</strong></span> <span class='ocrx_word' id='word_1_242' title='bbox 2101 1032 2170 1088; x_wconf 87' lang='lat' dir='ltr'><strong>de</strong></span> <span class='ocrx_word' id='word_1_243' title='bbox 2215 1033 2376 1088; x_wconf 90' lang='lat' dir='ltr'><strong>nobis</strong></span> <span class='ocrx_word' id='word_1_244' title='bbox 2415 1033 2857 1088; x_wconf 85' lang='lat' dir='ltr'><strong>misericorditer</strong></span> <span class='ocrx_word' id='word_1_245' title='bbox 2895 1047 3275 1102; x_wconf 65' lang='lat' dir='ltr'><strong>assunqiseras</strong></span> <span class='ocrx_word' id='word_1_246' title='bbox 3314 1047 3472 1090; x_wconf 90' lang='lat' dir='ltr'><strong>natu-</strong></span> 
     </span>
    </p>
   </div>
   <div class='ocr_carea' id='block_1_40' title="bbox 1885 1122 3472 1189">
    <p class='ocr_par' dir='ltr' id='par_1_40' title="bbox 1885 1122 3472 1189">
     <span class='ocr_line' id='line_1_40' title="bbox 1885 1122 3472 1189; baseline 0.004 -14"><span class='ocrx_word' id='word_1_247' title='bbox 1885 1131 2284 1188; x_wconf 85' lang='lat' dir='ltr'><strong>ram,ettuam,</strong></span> <span class='ocrx_word' id='word_1_248' title='bbox 2315 1137 2349 1177; x_wconf 92' lang='grc' dir='ltr'><strong>ο</strong></span> <span class='ocrx_word' id='word_1_249' title='bbox 2380 1123 2532 1178; x_wconf 88' lang='lat' dir='ltr'><strong>solus</strong></span> <span class='ocrx_word' id='word_1_250' title='bbox 2557 1122 2822 1189; x_wconf 90' lang='lat' dir='ltr'><strong>clemens,</strong></span> <span class='ocrx_word' id='word_1_251' title='bbox 2853 1123 3226 1179; x_wconf 79' lang='lat' dir='ltr'><strong>laudaverunt</strong></span> <span class='ocrx_word' id='word_1_252' title='bbox 3255 1128 3472 1182; x_wconf 90' lang='lat' dir='ltr'><strong>miseri-</strong></span> 
     </span>
    </p>
   </div>
   <div class='ocr_carea' id='block_1_41' title="bbox 1883 1214 2762 1284">
    <p class='ocr_par' dir='ltr' id='par_1_41' title="bbox 1883 1214 2762 1284">
     <span class='ocr_line' id='line_1_41' title="bbox 1883 1214 2762 1284; baseline 0.002 -16"><span class='ocrx_word' id='word_1_253' title='bbox 1883 1216 2126 1268; x_wconf 80' lang='lat' dir='ltr'><strong>cordiam</strong></span> <span class='ocrx_word' id='word_1_254' title='bbox 2149 1214 2412 1284; x_wconf 77' lang='lat' dir='ltr'><strong>angelicae</strong></span> <span class='ocrx_word' id='word_1_255' title='bbox 2439 1222 2762 1284; x_wconf 83' lang='lat' dir='ltr'><strong>potestates.</strong></span> 
     </span>
    </p>
   </div>
   <div class='ocr_carea' id='block_1_42' title="bbox 1955 1306 3472 1377">
    <p class='ocr_par' dir='ltr' id='par_1_42' title="bbox 1955 1306 3472 1377">
     <span class='ocr_line' id='line_1_42' title="bbox 1955 1306 3472 1377; baseline 0.006 -19"><span class='ocrx_word' id='word_1_256' title='bbox 1955 1306 2282 1376; x_wconf 86' lang='lat' dir='ltr'><strong>Aperimini,</strong></span> <span class='ocrx_word' id='word_1_257' title='bbox 2309 1317 2477 1377; x_wconf 76' lang='lat' dir='ltr'><strong>porta:</strong></span> <span class='ocrx_word' id='word_1_258' title='bbox 2499 1307 2778 1373; x_wconf 64' lang='lat' dir='ltr'><strong>caelestes,</strong></span> <span class='ocrx_word' id='word_1_259' title='bbox 2811 1315 2864 1362; x_wconf 90' lang='lat' dir='ltr'><strong>et</strong></span> <span class='ocrx_word' id='word_1_260' title='bbox 2886 1307 3013 1362; x_wconf 87' lang='lat' dir='ltr'><strong>date</strong></span> <span class='ocrx_word' id='word_1_261' title='bbox 3037 1308 3324 1364; x_wconf 87' lang='lat' dir='ltr'><strong>introitum</strong></span> <span class='ocrx_word' id='word_1_262' title='bbox 3363 1311 3472 1367; x_wconf 90' lang='lat' dir='ltr'><strong>Deo</strong></span> 
     </span>
    </p>
   </div>
   <div class='ocr_carea' id='block_1_43' title="bbox 1885 1397 3471 1472">
    <p class='ocr_par' dir='ltr' id='par_1_43' title="bbox 1885 1397 3471 1472">
     <span class='ocr_line' id='line_1_43' title="bbox 1885 1397 3471 1472; baseline 0.003 -20"><span class='ocrx_word' id='word_1_263' title='bbox 1885 1398 2179 1452; x_wconf 87' lang='lat' dir='ltr'><strong>incarnato</strong></span> <span class='ocrx_word' id='word_1_264' title='bbox 2222 1413 2235 1450; x_wconf 91' lang='lat'><strong>:</strong></span> <span class='ocrx_word' id='word_1_265' title='bbox 2273 1397 2446 1463; x_wconf 85' lang='lat' dir='ltr'><strong>Quem</strong></span> <span class='ocrx_word' id='word_1_266' title='bbox 2485 1399 2693 1462; x_wconf 89' lang='lat' dir='ltr'><strong>dicitis,</strong></span> <span class='ocrx_word' id='word_1_267' title='bbox 2719 1400 3099 1454; x_wconf 84' lang='lat' dir='ltr'><strong>clamaverunt</strong></span> <span class='ocrx_word' id='word_1_268' title='bbox 3140 1404 3471 1472; x_wconf 86' lang='lat' dir='ltr'><strong>postulanti-</strong></span> 
     </span>
    </p>
   </div>
   <div class='ocr_carea' id='block_1_44' title="bbox 1883 1488 3474 1559">
    <p class='ocr_par' dir='ltr' id='par_1_44' title="bbox 1883 1488 3474 1559">
     <span class='ocr_line' id='line_1_44' title="bbox 1883 1488 3474 1559; baseline 0.004 -15"><span class='ocrx_word' id='word_1_269' title='bbox 1883 1490 1987 1544; x_wconf 88' lang='lat' dir='ltr'><strong>bus</strong></span> <span class='ocrx_word' id='word_1_270' title='bbox 2016 1488 2273 1559; x_wconf 80' lang='lat' dir='ltr'><strong>angelicae</strong></span> <span class='ocrx_word' id='word_1_271' title='bbox 2299 1489 2640 1555; x_wconf 85' lang='lat' dir='ltr'><strong>Petestates;</strong></span> <span class='ocrx_word' id='word_1_272' title='bbox 2673 1499 2727 1543; x_wconf 91' lang='lat' dir='ltr'><strong>at</strong></span> <span class='ocrx_word' id='word_1_273' title='bbox 2768 1488 2913 1545; x_wconf 87' lang='lat' dir='ltr'><strong>illae:</strong></span> <span class='ocrx_word' id='word_1_274' title='bbox 2947 1490 3332 1550; x_wconf 87' lang='lat' dir='ltr'><strong>Indesincnter</strong></span> <span class='ocrx_word' id='word_1_275' title='bbox 3358 1495 3474 1550; x_wconf 81' lang='lat' dir='ltr'><strong>lau-</strong></span> 
     </span>
    </p>
   </div>
   <div class='ocr_carea' id='block_1_45' title="bbox 1882 1579 3302 1652">
    <p class='ocr_par' dir='ltr' id='par_1_45' title="bbox 1882 1579 3302 1652">
     <span class='ocr_line' id='line_1_45' title="bbox 1882 1579 3302 1652; baseline 0.004 -17"><span class='ocrx_word' id='word_1_276' title='bbox 1882 1580 2006 1635; x_wconf 86' lang='lat' dir='ltr'><strong>dem</strong></span> <span class='ocrx_word' id='word_1_277' title='bbox 2047 1579 2216 1634; x_wconf 90' lang='lat' dir='ltr'><strong>dicite</strong></span> <span class='ocrx_word' id='word_1_278' title='bbox 2243 1580 2370 1634; x_wconf 88' lang='lat' dir='ltr'><strong>huic</strong></span> <span class='ocrx_word' id='word_1_279' title='bbox 2407 1595 2505 1649; x_wconf 87' lang='lat' dir='ltr'><strong>per</strong></span> <span class='ocrx_word' id='word_1_280' title='bbox 2543 1597 2704 1652; x_wconf 90' lang='lat' dir='ltr'><strong>quem</strong></span> <span class='ocrx_word' id='word_1_281' title='bbox 2753 1583 2939 1636; x_wconf 90' lang='lat' dir='ltr'><strong>omnia</strong></span> <span class='ocrx_word' id='word_1_282' title='bbox 2974 1583 3119 1637; x_wconf 81' lang='lat' dir='ltr'><strong>facta</strong></span> <span class='ocrx_word' id='word_1_283' title='bbox 3152 1595 3302 1641; x_wconf 93' lang='lat' dir='ltr'><strong>sunt.</strong></span> 
     </span>
    </p>
   </div>
   <div class='ocr_carea' id='block_1_46' title="bbox 1951 1658 3472 1746">
    <p class='ocr_par' dir='ltr' id='par_1_46' title="bbox 1951 1658 3472 1746">
     <span class='ocr_line' id='line_1_46' title="bbox 1951 1658 3472 1746; baseline 0.006 -21"><span class='ocrx_word' id='word_1_284' title='bbox 1951 1669 2214 1726; x_wconf 85' lang='lat' dir='ltr'><strong>Videntes</strong></span> <span class='ocrx_word' id='word_1_285' title='bbox 2241 1671 2569 1741; x_wconf 86' lang='lat' dir='ltr'><strong>stupendam</strong></span> <span class='ocrx_word' id='word_1_286' title='bbox 2599 1671 2759 1727; x_wconf 87' lang='lat' dir='ltr'><strong>Verbi</strong></span> <span class='ocrx_word' id='word_1_287' title='bbox 2790 1658 3168 1730; x_wconf 70' lang='lat' dir='ltr'><strong>ascensionem</strong></span> <span class='ocrx_word' id='word_1_288' title='bbox 3206 1677 3326 1746; x_wconf 88' lang='lat' dir='ltr'><strong>ejus</strong></span> <span class='ocrx_word' id='word_1_289' title='bbox 3359 1678 3472 1734; x_wconf 88' lang='lat' dir='ltr'><strong>dis-</strong></span> 
     </span>
    </p>
   </div>
   <div class='ocr_carea' id='block_1_47' title="bbox 1882 1761 3464 1835">
    <p class='ocr_par' dir='ltr' id='par_1_47' title="bbox 1882 1761 3464 1835">
     <span class='ocr_line' id='line_1_47' title="bbox 1882 1761 3464 1835; baseline 0.002 -18"><span class='ocrx_word' id='word_1_290' title='bbox 1882 1761 2049 1833; x_wconf 85' lang='lat' dir='ltr'><strong>cipuli</strong></span> <span class='ocrx_word' id='word_1_291' title='bbox 2080 1763 2462 1816; x_wconf 77' lang='lat' dir='ltr'><strong>clamaverunt</strong></span> <span class='ocrx_word' id='word_1_292' title='bbox 2489 1763 2675 1819; x_wconf 86' lang='lat' dir='ltr'><strong>:Mitte</strong></span> <span class='ocrx_word' id='word_1_293' title='bbox 2701 1764 2862 1819; x_wconf 90' lang='lat' dir='ltr'><strong>nobis</strong></span> <span class='ocrx_word' id='word_1_294' title='bbox 2886 1765 3153 1835; x_wconf 88' lang='lat' dir='ltr'><strong>Spiritum</strong></span> <span class='ocrx_word' id='word_1_295' title='bbox 3184 1778 3464 1833; x_wconf 83' lang='lat' dir='ltr'><strong>sanctum,</strong></span> 
     </span>
    </p>
   </div>
   <div class='ocr_carea' id='block_1_48' title="bbox 1883 1853 3474 1924">
    <p class='ocr_par' dir='ltr' id='par_1_48' title="bbox 1883 1853 3474 1924">
     <span class='ocr_line' id='line_1_48' title="bbox 1883 1853 3474 1924; baseline 0.004 -17"><span class='ocrx_word' id='word_1_296' title='bbox 1883 1859 1938 1908; x_wconf 87' lang='lat' dir='ltr'><strong>et</strong></span> <span class='ocrx_word' id='word_1_297' title='bbox 1968 1869 2037 1908; x_wconf 91' lang='lat' dir='ltr'><strong>ne</strong></span> <span class='ocrx_word' id='word_1_298' title='bbox 2070 1868 2174 1908; x_wconf 90' lang='lat' dir='ltr'><strong>nos</strong></span> <span class='ocrx_word' id='word_1_299' title='bbox 2219 1853 2573 1920; x_wconf 66' lang='lat' dir='ltr'><strong>oerel‘inquas</strong></span> <span class='ocrx_word' id='word_1_300' title='bbox 2609 1855 2888 1924; x_wconf 87' lang='lat' dir='ltr'><strong>orphanos</strong></span> <span class='ocrx_word' id='word_1_301' title='bbox 2915 1870 3106 1912; x_wconf 89' lang='lat' dir='ltr'><strong>servos</strong></span> <span class='ocrx_word' id='word_1_302' title='bbox 3146 1863 3272 1912; x_wconf 93' lang='lat' dir='ltr'><strong>tuos</strong></span> <span class='ocrx_word' id='word_1_303' title='bbox 3303 1857 3474 1912; x_wconf 79' lang='lat' dir='ltr'><strong>conii-</strong></span> 
     </span>
    </p>
   </div>
   <div class='ocr_carea' id='block_1_49' title="bbox 1885 1945 3325 2013">
    <p class='ocr_par' dir='ltr' id='par_1_49' title="bbox 1885 1945 3325 2013">
     <span class='ocr_line' id='line_1_49' title="bbox 1885 1945 3325 2013; baseline 0.004 -14"><span class='ocrx_word' id='word_1_304' title='bbox 1885 1953 2062 2000; x_wconf 85' lang='lat' dir='ltr'><strong>tentes</strong></span> <span class='ocrx_word' id='word_1_305' title='bbox 2076 1953 2157 2011; x_wconf 83' lang='lat' dir='ltr'><strong>te,</strong></span> <span class='ocrx_word' id='word_1_306' title='bbox 2190 1947 2562 2013; x_wconf 86' lang='lat' dir='ltr'><strong>sanctissime,</strong></span> <span class='ocrx_word' id='word_1_307' title='bbox 2599 1961 2726 2002; x_wconf 86' lang='lat' dir='ltr'><strong>vere</strong></span> <span class='ocrx_word' id='word_1_308' title='bbox 2748 1945 2918 2001; x_wconf 89' lang='lat' dir='ltr'><strong>Deum</strong></span> <span class='ocrx_word' id='word_1_309' title='bbox 2954 1947 3325 2005; x_wconf 87' lang='lat' dir='ltr'><strong>etbominem.</strong></span> 
     </span>
    </p>
   </div>
   <div class='ocr_carea' id='block_1_50' title="bbox 1951 2122 3473 2184">
    <p class='ocr_par' dir='ltr' id='par_1_50' title="bbox 1951 2122 3473 2184">
     <span class='ocr_line' id='line_1_50' title="bbox 1951 2122 3473 2184; baseline 0.004 -6"><span class='ocrx_word' id='word_1_310' title='bbox 1951 2127 1992 2178; x_wconf 92' lang='grc' dir='ltr'>Ο</span> <span class='ocrx_word' id='word_1_311' title='bbox 2025 2123 2266 2179; x_wconf 84' lang='lat' dir='ltr'><strong>Verbum</strong></span> <span class='ocrx_word' id='word_1_312' title='bbox 2300 2123 2479 2178; x_wconf 89' lang='lat' dir='ltr'><strong>simile</strong></span> <span class='ocrx_word' id='word_1_313' title='bbox 2513 2122 2664 2178; x_wconf 92' lang='lat' dir='ltr'><strong>Patri</strong></span> <span class='ocrx_word' id='word_1_314' title='bbox 2695 2130 2749 2180; x_wconf 89' lang='lat' dir='ltr'><strong>et</strong></span> <span class='ocrx_word' id='word_1_315' title='bbox 2782 2124 3139 2181; x_wconf 77' lang='lat' dir='ltr'><strong>ineﬂabiliter</strong></span> <span class='ocrx_word' id='word_1_316' title='bbox 3169 2137 3356 2182; x_wconf 91' lang='lat' dir='ltr'><strong>natum</strong></span> <span class='ocrx_word' id='word_1_317' title='bbox 3404 2129 3473 2184; x_wconf 92' lang='lat' dir='ltr'><strong>de</strong></span> 
     </span>
    </p>
   </div>
   <div class='ocr_carea' id='block_1_51' title="bbox 1885 2213 3469 2289">
    <p class='ocr_par' dir='ltr' id='par_1_51' title="bbox 1885 2213 3469 2289">
     <span class='ocr_line' id='line_1_51' title="bbox 1885 2213 3469 2289; baseline 0.002 -19"><span class='ocrx_word' id='word_1_318' title='bbox 1885 2214 2132 2287; x_wconf 78' lang='lat' dir='ltr'><strong>Virgine,</strong></span> <span class='ocrx_word' id='word_1_319' title='bbox 2157 2215 2443 2268; x_wconf 86' lang='lat' dir='ltr'><strong>hominum</strong></span> <span class='ocrx_word' id='word_1_320' title='bbox 2464 2222 2718 2269; x_wconf 83' lang='lat' dir='ltr'><strong>naturam</strong></span> <span class='ocrx_word' id='word_1_321' title='bbox 2735 2213 3032 2280; x_wconf 85' lang='lat' dir='ltr'><strong>deillcasti,</strong></span> <span class='ocrx_word' id='word_1_322' title='bbox 3054 2225 3109 2272; x_wconf 89' lang='lat' dir='ltr'><strong>et</strong></span> <span class='ocrx_word' id='word_1_323' title='bbox 3126 2229 3469 2289; x_wconf 88' lang='lat' dir='ltr'><strong>assumptum</strong></span> 
     </span>
    </p>
   </div>
   <div class='ocr_carea' id='block_1_52' title="bbox 1885 2308 3472 2382">
    <p class='ocr_par' dir='ltr' id='par_1_52' title="bbox 1885 2308 3472 2382">
     <span class='ocr_line' id='line_1_52' title="bbox 1885 2308 3472 2382; baseline 0.002 -16"><span class='ocrx_word' id='word_1_324' title='bbox 1885 2312 1940 2366; x_wconf 91' lang='lat' dir='ltr'><strong>in</strong></span> <span class='ocrx_word' id='word_1_325' title='bbox 1968 2309 2141 2382; x_wconf 75' lang='lat' dir='ltr'><strong>gloria</strong></span> <span class='ocrx_word' id='word_1_326' title='bbox 2179 2324 2368 2378; x_wconf 83' lang='lat' dir='ltr'><strong>pacem</strong></span> <span class='ocrx_word' id='word_1_327' title='bbox 2415 2308 2617 2362; x_wconf 84' lang='lat' dir='ltr'><strong>dedisti</strong></span> <span class='ocrx_word' id='word_1_328' title='bbox 2657 2309 2948 2379; x_wconf 90' lang='lat' dir='ltr'><strong>discipulis</strong></span> <span class='ocrx_word' id='word_1_329' title='bbox 2987 2310 3098 2368; x_wconf 89' lang='lat' dir='ltr'><strong>tuis</strong></span> <span class='ocrx_word' id='word_1_330' title='bbox 3128 2320 3182 2368; x_wconf 89' lang='lat' dir='ltr'><strong>et</strong></span> <span class='ocrx_word' id='word_1_331' title='bbox 3222 2321 3276 2369; x_wconf 87' lang='lat' dir='ltr'><strong>te</strong></span> <span class='ocrx_word' id='word_1_332' title='bbox 3315 2315 3472 2370; x_wconf 80' lang='lat' dir='ltr'><strong>valde</strong></span> 
     </span>
    </p>
   </div>
   <div class='ocr_carea' id='block_1_53' title="bbox 1885 2399 3016 2471">
    <p class='ocr_par' dir='ltr' id='par_1_53' title="bbox 1885 2399 3016 2471">
     <span class='ocr_line' id='line_1_53' title="bbox 1885 2399 3016 2471; baseline -0.003 -13"><span class='ocrx_word' id='word_1_333' title='bbox 1885 2403 2200 2458; x_wconf 86' lang='lat' dir='ltr'><strong>misericors</strong></span> <span class='ocrx_word' id='word_1_334' title='bbox 2238 2399 2543 2471; x_wconf 80' lang='lat' dir='ltr'><strong>praestitisti</strong></span> <span class='ocrx_word' id='word_1_335' title='bbox 2569 2415 2698 2470; x_wconf 77' lang='lat' dir='ltr'><strong>erga</strong></span> <span class='ocrx_word' id='word_1_336' title='bbox 2727 2399 3016 2456; x_wconf 86' lang='lat' dir='ltr'><strong>mundum.</strong></span> 
     </span>
    </p>
   </div>
   <div class='ocr_carea' id='block_1_54' title="bbox 2221 2490 3136 2562">
    <p class='ocr_par' dir='ltr' id='par_1_54' title="bbox 2221 2490 3136 2562">
     <span class='ocr_line' id='line_1_54' title="bbox 2221 2490 3136 2562; baseline 0.002 -16"><span class='ocrx_word' id='word_1_337' title='bbox 2221 2492 2382 2547; x_wconf 83' lang='lat' dir='ltr'><strong>Pueri</strong></span> <span class='ocrx_word' id='word_1_338' title='bbox 2419 2491 2767 2547; x_wconf 71' lang='lat' dir='ltr'><strong>Hebraeorum</strong></span> <span class='ocrx_word' id='word_1_339' title='bbox 2801 2492 2856 2546; x_wconf 77' lang='lat' dir='ltr'><strong>in</strong></span> <span class='ocrx_word' id='word_1_340' title='bbox 2897 2490 3136 2562; x_wconf 75' lang='lat' dir='ltr'><strong>fornace.</strong></span> 
     </span>
    </p>
   </div>
   <div class='ocr_carea' id='block_1_55' title="bbox 1956 2584 3473 2656">
    <p class='ocr_par' dir='ltr' id='par_1_55' title="bbox 1956 2584 3473 2656">
     <span class='ocr_line' id='line_1_55' title="bbox 1956 2584 3473 2656; baseline 0.003 -16"><span class='ocrx_word' id='word_1_341' title='bbox 1956 2584 2252 2640; x_wconf 85' lang='lat' dir='ltr'><strong>Tormenta</strong></span> <span class='ocrx_word' id='word_1_342' title='bbox 2302 2593 2650 2656; x_wconf 87' lang='lat' dir='ltr'><strong>mortemque</strong></span> <span class='ocrx_word' id='word_1_343' title='bbox 2691 2600 2890 2656; x_wconf 88' lang='lat' dir='ltr'><strong>passus</strong></span> <span class='ocrx_word' id='word_1_344' title='bbox 2941 2601 3021 2652; x_wconf 87' lang='lat' dir='ltr'><strong>es,</strong></span> <span class='ocrx_word' id='word_1_345' title='bbox 3083 2596 3138 2643; x_wconf 90' lang='lat' dir='ltr'><strong>et</strong></span> <span class='ocrx_word' id='word_1_346' title='bbox 3175 2587 3340 2643; x_wconf 85' lang='lat' dir='ltr'><strong>tertia</strong></span> <span class='ocrx_word' id='word_1_347' title='bbox 3384 2588 3473 2645; x_wconf 80' lang='lat' dir='ltr'><strong>die</strong></span> 
     </span>
    </p>
   </div>
   <div class='ocr_carea' id='block_1_56' title="bbox 1885 2669 3475 2748">
    <p class='ocr_par' dir='ltr' id='par_1_56' title="bbox 1885 2669 3475 2748">
     <span class='ocr_line' id='line_1_56' title="bbox 1885 2669 3475 2748; baseline 0.002 -16"><span class='ocrx_word' id='word_1_348' title='bbox 1885 2675 2024 2732; x_wconf 86' lang='lat' dir='ltr'><strong>sicut</strong></span> <span class='ocrx_word' id='word_1_349' title='bbox 2053 2678 2390 2748; x_wconf 64' lang='lat' dir='ltr'><strong>praedixeras</strong></span> <span class='ocrx_word' id='word_1_350' title='bbox 2422 2677 2778 2732; x_wconf 73' lang='lat' dir='ltr'><strong>rcsurrexisti</strong></span> <span class='ocrx_word' id='word_1_351' title='bbox 2819 2686 2875 2733; x_wconf 90' lang='lat' dir='ltr'><strong>et</strong></span> <span class='ocrx_word' id='word_1_352' title='bbox 2898 2669 3156 2734; x_wconf 63' lang='lat' dir='ltr'><strong>reversus</strong></span> <span class='ocrx_word' id='word_1_353' title='bbox 3183 2695 3241 2734; x_wconf 88' lang='lat' dir='ltr'><strong>es</strong></span> <span class='ocrx_word' id='word_1_354' title='bbox 3271 2679 3340 2736; x_wconf 88' lang='lat' dir='ltr'><strong>ad</strong></span> <span class='ocrx_word' id='word_1_355' title='bbox 3369 2680 3475 2735; x_wconf 91' lang='lat' dir='ltr'><strong>Pa-</strong></span> 
     </span>
    </p>
   </div>
   <div class='ocr_carea' id='block_1_57' title="bbox 1887 2767 3474 2840">
    <p class='ocr_par' dir='ltr' id='par_1_57' title="bbox 1887 2767 3474 2840">
     <span class='ocr_line' id='line_1_57' title="bbox 1887 2767 3474 2840; baseline 0.004 -18"><span class='ocrx_word' id='word_1_356' title='bbox 1887 2778 2020 2822; x_wconf 91' lang='lat' dir='ltr'><strong>trem</strong></span> <span class='ocrx_word' id='word_1_357' title='bbox 2049 2769 2102 2822; x_wconf 91' lang='lat' dir='ltr'><strong>in</strong></span> <span class='ocrx_word' id='word_1_358' title='bbox 2138 2768 2364 2833; x_wconf 62' lang='lat' dir='ltr'><strong>caelum,</strong></span> <span class='ocrx_word' id='word_1_359' title='bbox 2386 2767 2744 2824; x_wconf 79' lang='lat' dir='ltr'><strong>cantantibus</strong></span> <span class='ocrx_word' id='word_1_360' title='bbox 2777 2767 3072 2840; x_wconf 83' lang='lat' dir='ltr'><strong>discipulis</strong></span> <span class='ocrx_word' id='word_1_361' title='bbox 3104 2786 3118 2823; x_wconf 91' lang='lat'><strong>:</strong></span> <span class='ocrx_word' id='word_1_362' title='bbox 3145 2769 3474 2829; x_wconf 86' lang='lat' dir='ltr'><strong>Benedictus</strong></span> 
     </span>
    </p>
   </div>
   <div class='ocr_carea' id='block_1_58' title="bbox 1884 2858 2262 2924">
    <p class='ocr_par' dir='ltr' id='par_1_58' title="bbox 1884 2858 2262 2924">
     <span class='ocr_line' id='line_1_58' title="bbox 1884 2858 2262 2924; baseline 0.005 -10"><span class='ocrx_word' id='word_1_363' title='bbox 1884 2875 1965 2924; x_wconf 91' lang='lat' dir='ltr'><strong>es,</strong></span> <span class='ocrx_word' id='word_1_364' title='bbox 2010 2858 2262 2916; x_wconf 87' lang='lat' dir='ltr'><strong>Domine.</strong></span> 
     </span>
    </p>
   </div>
   <div class='ocr_carea' id='block_1_59' title="bbox 1956 2949 3472 3024">
    <p class='ocr_par' dir='ltr' id='par_1_59' title="bbox 1956 2949 3472 3024">
     <span class='ocr_line' id='line_1_59' title="bbox 1956 2949 3472 3024; baseline 0.003 -21"><span class='ocrx_word' id='word_1_365' title='bbox 1956 2949 2157 3006; x_wconf 88' lang='lat' dir='ltr'><strong>Emitte</strong></span> <span class='ocrx_word' id='word_1_366' title='bbox 2201 2951 2384 3014; x_wconf 87' lang='lat' dir='ltr'><strong>nobis,</strong></span> <span class='ocrx_word' id='word_1_367' title='bbox 2417 2950 2809 3017; x_wconf 87' lang='lat' dir='ltr'><strong>omisericors,</strong></span> <span class='ocrx_word' id='word_1_368' title='bbox 2845 2952 3257 3010; x_wconf 78' lang='lat' dir='ltr'><strong>sanctissimum</strong></span> <span class='ocrx_word' id='word_1_369' title='bbox 3295 2953 3472 3024; x_wconf 89' lang='lat' dir='ltr'><strong>Spiri-</strong></span> 
     </span>
    </p>
   </div>
   <div class='ocr_carea' id='block_1_60' title="bbox 193 3039 1781 3142">
    <p class='ocr_par' dir='ltr' id='par_1_60' title="bbox 193 3039 1781 3111">
     <span class='ocr_line' id='line_1_60' title="bbox 193 3039 1781 3111; baseline -0.001 -18"><span class='ocrx_word' id='word_1_370' title='bbox 193 3040 308 3104; x_wconf 85' lang='grc' dir='ltr'>λον,</span> <span class='ocrx_word' id='word_1_371' title='bbox 346 3041 648 3111; x_wconf 75' lang='grc' dir='ltr'>οἰκτίρμον,</span> <span class='ocrx_word' id='word_1_372' title='bbox 686 3041 734 3092; x_wconf 80' lang='lat' dir='ltr'><strong>ol</strong></span> <span class='ocrx_word' id='word_1_373' title='bbox 773 3041 927 3109; x_wconf 67' lang='grc' dir='ltr'>σοφοὶ</span> <span class='ocrx_word' id='word_1_374' title='bbox 963 3039 1204 3110; x_wconf 72' lang='grc' dir='ltr'>μαθηταὶ</span> <span class='ocrx_word' id='word_1_375' title='bbox 1247 3039 1438 3104; x_wconf 78' lang='grc' dir='ltr'>ἐϐόων,</span> <span class='ocrx_word' id='word_1_376' title='bbox 1467 3040 1527 3093; x_wconf 91' lang='grc' dir='ltr'><strong>τὸ</strong></span> <span class='ocrx_word' id='word_1_377' title='bbox 1564 3041 1781 3110; x_wconf 72' lang='grc' dir='ltr'>σοφίζον</span> 
     </span>
    </p>
   </div>
   <div class='ocr_carea' id='block_1_61' title="bbox 1911 3039 3474 3142">
    <p class='ocr_par' dir='ltr' id='par_1_61' title="bbox 1913 3042 3474 3116">
     <span class='ocr_line' id='line_1_61' title="bbox 1913 3042 3474 3116; baseline 0.005 -24"><span class='ocrx_word' id='word_1_378' title='bbox 1913 3057 1999 3096; x_wconf 93' lang='lat' dir='ltr'><strong>nm</strong></span> <span class='ocrx_word' id='word_1_379' title='bbox 2020 3043 2493 3113; x_wconf 86' lang='lat' dir='ltr'><strong>tuum,sapientes</strong></span> <span class='ocrx_word' id='word_1_380' title='bbox 2521 3042 2838 3098; x_wconf 83' lang='lat' dir='ltr'><strong>clamabant</strong></span> <span class='ocrx_word' id='word_1_381' title='bbox 2862 3042 3252 3116; x_wconf 83' lang='lat' dir='ltr'><strong>discipuli,qui</strong></span> <span class='ocrx_word' id='word_1_382' title='bbox 3278 3045 3474 3102; x_wconf 79' lang='lat' dir='ltr'><strong>doceat</strong></span> 
     </span>
    </p>
   </div>
   <div class='ocr_carea' id='block_1_62' title="bbox 195 3130 1673 3202">
    <p class='ocr_par' dir='ltr' id='par_1_62' title="bbox 195 3130 1673 3202">
     <span class='ocr_line' id='line_1_62' title="bbox 195 3130 1673 3202; baseline 0 -17"><span class='ocrx_word' id='word_1_383' title='bbox 195 3134 291 3185; x_wconf 66' lang='grc' dir='ltr'>καὶ</span> <span class='ocrx_word' id='word_1_384' title='bbox 312 3131 585 3197; x_wconf 78' lang='grc' dir='ltr'>συνετῑζον</span> <span class='ocrx_word' id='word_1_385' title='bbox 619 3131 883 3197; x_wconf 73' lang='grc' dir='ltr'>ἅπαντας,</span> <span class='ocrx_word' id='word_1_386' title='bbox 909 3132 1036 3195; x_wconf 81' lang='grc' dir='ltr'>τοὺς</span> <span class='ocrx_word' id='word_1_387' title='bbox 1065 3131 1245 3184; x_wconf 81' lang='grc' dir='ltr'>πίστει</span> <span class='ocrx_word' id='word_1_388' title='bbox 1271 3148 1328 3183; x_wconf 87' lang='grc' dir='ltr'><strong>σε</strong></span> <span class='ocrx_word' id='word_1_389' title='bbox 1352 3130 1673 3202; x_wconf 83' lang='grc' dir='ltr'>ὖμνοῦντας.</span> 
     </span>
    </p>
   </div>
   <div class='ocr_carea' id='block_1_63' title="bbox 268 3306 1784 3379">
    <p class='ocr_par' dir='ltr' id='par_1_63' title="bbox 268 3306 1784 3379">
     <span class='ocr_line' id='line_1_63' title="bbox 268 3306 1784 3379; baseline 0.001 -19"><span class='ocrx_word' id='word_1_390' title='bbox 268 3307 469 3378; x_wconf 78' lang='grc' dir='ltr'>Χεῖρας</span> <span class='ocrx_word' id='word_1_391' title='bbox 494 3307 820 3379; x_wconf 76' lang='grc' dir='ltr'>κρατήσατε,</span> <span class='ocrx_word' id='word_1_392' title='bbox 852 3306 1086 3377; x_wconf 73' lang='grc' dir='ltr'>τάἐθνη,</span> <span class='ocrx_word' id='word_1_393' title='bbox 1123 3307 1426 3373; x_wconf 76' lang='grc' dir='ltr'>ἀλαλάξατε</span> <span class='ocrx_word' id='word_1_394' title='bbox 1460 3307 1576 3379; x_wconf 88' lang='grc' dir='ltr'><strong>Θεῷ</strong></span> <span class='ocrx_word' id='word_1_395' title='bbox 1605 3309 1662 3360; x_wconf 78' lang='grc' dir='ltr'>ἐν</span> <span class='ocrx_word' id='word_1_396' title='bbox 1683 3308 1784 3361; x_wconf 73' lang='grc' dir='ltr'><strong>εὐ-</strong></span> 
     </span>
    </p>
   </div>
   <div class='ocr_carea' id='block_1_64' title="bbox 198 3397 1789 3470">
    <p class='ocr_par' dir='ltr' id='par_1_64' title="bbox 198 3397 1789 3470">
     <span class='ocr_line' id='line_1_64' title="bbox 198 3397 1789 3470; baseline 0 -19"><span class='ocrx_word' id='word_1_397' title='bbox 198 3398 472 3469; x_wconf 78' lang='grc' dir='ltr'>φροσύνῃ’</span> <span class='ocrx_word' id='word_1_398' title='bbox 512 3397 790 3467; x_wconf 80' lang='grc' dir='ltr'>ἀνελήφθη</span> <span class='ocrx_word' id='word_1_399' title='bbox 835 3397 944 3450; x_wconf 80' lang='grc' dir='ltr'>ἰδοὺ</span> <span class='ocrx_word' id='word_1_400' title='bbox 976 3397 1070 3450; x_wconf 71' lang='grc' dir='ltr'>καὶ</span> <span class='ocrx_word' id='word_1_401' title='bbox 1105 3397 1348 3465; x_wconf 83' lang='grc' dir='ltr'>κάθηται</span> <span class='ocrx_word' id='word_1_402' title='bbox 1371 3397 1430 3449; x_wconf 85' lang='grc' dir='ltr'>ὲν</span> <span class='ocrx_word' id='word_1_403' title='bbox 1453 3397 1576 3470; x_wconf 81' lang='grc' dir='ltr'>δόξῃ</span> <span class='ocrx_word' id='word_1_404' title='bbox 1610 3399 1667 3450; x_wconf 84' lang='grc' dir='ltr'>ὲν</span> <span class='ocrx_word' id='word_1_405' title='bbox 1699 3399 1789 3451; x_wconf 81' lang='grc' dir='ltr'>δε-</span> 
     </span>
    </p>
   </div>
   <div class='ocr_carea' id='block_1_65' title="bbox 198 3487 1606 3560">
    <p class='ocr_par' dir='ltr' id='par_1_65' title="bbox 198 3487 1606 3560">
     <span class='ocr_line' id='line_1_65' title="bbox 198 3487 1606 3560; baseline 0.002 -21"><span class='ocrx_word' id='word_1_406' title='bbox 198 3489 290 3560; x_wconf 75' lang='grc' dir='ltr'>ξιᾷ</span> <span class='ocrx_word' id='word_1_407' title='bbox 327 3490 400 3551; x_wconf 86' lang='grc' dir='ltr'>ὼς</span> <span class='ocrx_word' id='word_1_408' title='bbox 429 3487 714 3557; x_wconf 81' lang='grc' dir='ltr'>σύνθρονος</span> <span class='ocrx_word' id='word_1_409' title='bbox 742 3487 835 3540; x_wconf 80' lang='grc' dir='ltr'>τοῦ</span> <span class='ocrx_word' id='word_1_410' title='bbox 867 3487 1080 3556; x_wconf 86' lang='grc' dir='ltr'>Πατρὸς</span> <span class='ocrx_word' id='word_1_411' title='bbox 1107 3489 1186 3550; x_wconf 68' lang='grc' dir='ltr'>εἰς</span> <span class='ocrx_word' id='word_1_412' title='bbox 1232 3487 1360 3550; x_wconf 84' lang='grc' dir='ltr'>τοὺς</span> <span class='ocrx_word' id='word_1_413' title='bbox 1385 3487 1606 3551; x_wconf 74' lang='grc' dir='ltr'>αἰῶνας.</span> 
     </span>
    </p>
   </div>
   <div class='ocr_carea' id='block_1_66' title="bbox 270 3661 1788 3734">
    <p class='ocr_par' dir='ltr' id='par_1_66' title="bbox 270 3661 1788 3734">
     <span class='ocr_line' id='line_1_66' title="bbox 270 3661 1788 3734; baseline -0.003 -14"><span class='ocrx_word' id='word_1_414' title='bbox 270 3668 518 3728; x_wconf 79' lang='grc' dir='ltr'>Κόλπους</span> <span class='ocrx_word' id='word_1_415' title='bbox 547 3664 834 3734; x_wconf 78' lang='grc' dir='ltr'>πατρῴους</span> <span class='ocrx_word' id='word_1_416' title='bbox 865 3663 940 3733; x_wconf 78' lang='grc' dir='ltr'>μὴ</span> <span class='ocrx_word' id='word_1_417' title='bbox 966 3661 1212 3724; x_wconf 83' lang='grc' dir='ltr'>κενώσας</span> <span class='ocrx_word' id='word_1_418' title='bbox 1237 3663 1295 3715; x_wconf 77' lang='grc' dir='ltr'>ὲν</span> <span class='ocrx_word' id='word_1_419' title='bbox 1315 3663 1428 3725; x_wconf 86' lang='grc' dir='ltr'>τοῖς</span> <span class='ocrx_word' id='word_1_420' title='bbox 1450 3661 1672 3724; x_wconf 70' lang='grc' dir='ltr'>κόλποις</span> <span class='ocrx_word' id='word_1_421' title='bbox 1694 3678 1788 3715; x_wconf 84' lang='grc' dir='ltr'><strong>σου</strong></span> 
     </span>
    </p>
   </div>
   <div class='ocr_carea' id='block_1_67' title="bbox 195 3754 1786 3827">
    <p class='ocr_par' dir='ltr' id='par_1_67' title="bbox 195 3754 1786 3827">
     <span class='ocr_line' id='line_1_67' title="bbox 195 3754 1786 3827; baseline -0.003 -13"><span class='ocrx_word' id='word_1_422' title='bbox 195 3762 411 3826; x_wconf 78' lang='grc' dir='ltr'>ὁΛὸγος</span> <span class='ocrx_word' id='word_1_423' title='bbox 432 3756 708 3826; x_wconf 83' lang='grc' dir='ltr'>άνεκλίθη,</span> <span class='ocrx_word' id='word_1_424' title='bbox 741 3756 965 3823; x_wconf 83' lang='grc' dir='ltr'>ἀλογίας</span> <span class='ocrx_word' id='word_1_425' title='bbox 987 3756 1135 3825; x_wconf 74' lang='grc' dir='ltr'>ἡμᾶς</span> <span class='ocrx_word' id='word_1_426' title='bbox 1167 3754 1490 3827; x_wconf 77' lang='grc' dir='ltr'>ῥυσάμενος,</span> <span class='ocrx_word' id='word_1_427' title='bbox 1520 3755 1786 3826; x_wconf 81' lang='grc' dir='ltr'>Παρθένε,</span> 
     </span>
    </p>
   </div>
   <div class='ocr_carea' id='block_1_68' title="bbox 197 3832 1576 3921">
    <p class='ocr_par' dir='ltr' id='par_1_68' title="bbox 197 3832 1576 3921">
     <span class='ocr_line' id='line_1_68' title="bbox 197 3832 1576 3921; baseline -0.004 -16"><span class='ocrx_word' id='word_1_428' title='bbox 197 3853 323 3913; x_wconf 74' lang='grc' dir='ltr'>τοὺς</span> <span class='ocrx_word' id='word_1_429' title='bbox 346 3832 738 3921; x_wconf 71' lang='grc' dir='ltr'>μελῳδοῦντας,</span> <span class='ocrx_word' id='word_1_430' title='bbox 771 3846 942 3918; x_wconf 80' lang='grc' dir='ltr'>Κύριε</span> <span class='ocrx_word' id='word_1_431' title='bbox 961 3850 988 3900; x_wconf 89' lang='grc' dir='ltr'><strong>ό</strong></span> <span class='ocrx_word' id='word_1_432' title='bbox 1013 3847 1168 3912; x_wconf 85' lang='grc' dir='ltr'>Θεὸς,</span> <span class='ocrx_word' id='word_1_433' title='bbox 1186 3846 1478 3918; x_wconf 81' lang='grc' dir='ltr'>εὐλογητὸς</span> <span class='ocrx_word' id='word_1_434' title='bbox 1507 3842 1576 3900; x_wconf 74' lang='grc' dir='ltr'>ετ.</span> 
     </span>
    </p>
   </div>
   <div class='ocr_carea' id='block_1_69' title="bbox 609 3939 1392 4008">
    <p class='ocr_par' dir='ltr' id='par_1_69' title="bbox 609 3939 1392 4008">
     <span class='ocr_line' id='line_1_69' title="bbox 609 3939 1392 4008; baseline -0.001 -14"><span class='ocrx_word' id='word_1_435' title='bbox 609 3941 1074 4006; x_wconf 78' lang='grc' dir='ltr'>Ἑπταπλασίως</span> <span class='ocrx_word' id='word_1_436' title='bbox 1115 3939 1392 4008; x_wconf 81' lang='grc' dir='ltr'>κάμινον.</span> 
     </span>
    </p>
   </div>
   <div class='ocr_carea' id='block_1_70' title="bbox 286 4029 1792 4106">
    <p class='ocr_par' dir='ltr' id='par_1_70' title="bbox 286 4029 1792 4106">
     <span class='ocr_line' id='line_1_70' title="bbox 286 4029 1792 4106; baseline -0.003 -17"><span class='ocrx_word' id='word_1_437' title='bbox 286 4037 344 4090; x_wconf 90' lang='lat' dir='ltr'><strong>&#39;O</strong></span> <span class='ocrx_word' id='word_1_438' title='bbox 374 4034 702 4106; x_wconf 67' lang='grc' dir='ltr'>μορφωθεὶς,</span> <span class='ocrx_word' id='word_1_439' title='bbox 747 4033 823 4095; x_wconf 86' lang='grc' dir='ltr'>ὡς</span> <span class='ocrx_word' id='word_1_440' title='bbox 851 4031 1184 4101; x_wconf 86' lang='grc' dir='ltr'>γέγραπται,</span> <span class='ocrx_word' id='word_1_441' title='bbox 1218 4031 1356 4102; x_wconf 80' lang='grc' dir='ltr'>ὑπὲρ</span> <span class='ocrx_word' id='word_1_442' title='bbox 1389 4030 1512 4084; x_wconf 80' lang='grc' dir='ltr'>νοῦν</span> <span class='ocrx_word' id='word_1_443' title='bbox 1536 4031 1598 4085; x_wconf 90' lang='grc' dir='ltr'><strong>τὸ</strong></span> <span class='ocrx_word' id='word_1_444' title='bbox 1637 4029 1792 4084; x_wconf 85' lang='grc' dir='ltr'>ἀλλό-</span> 
     </span>
    </p>
   </div>
   <div class='ocr_carea' id='block_1_71' title="bbox 198 4122 1791 4200">
    <p class='ocr_par' dir='ltr' id='par_1_71' title="bbox 198 4122 1791 4200">
     <span class='ocr_line' id='line_1_71' title="bbox 198 4122 1791 4200; baseline -0.006 -17"><span class='ocrx_word' id='word_1_445' title='bbox 198 4147 371 4200; x_wconf 81' lang='grc' dir='ltr'>τριον,</span> <span class='ocrx_word' id='word_1_446' title='bbox 406 4131 500 4181; x_wconf 78' lang='grc' dir='ltr'>καὶ</span> <span class='ocrx_word' id='word_1_447' title='bbox 528 4127 617 4180; x_wconf 82' lang='grc' dir='ltr'><strong>δίἀ</strong></span> <span class='ocrx_word' id='word_1_448' title='bbox 660 4125 848 4179; x_wconf 81' lang='grc' dir='ltr'>παθῶν</span> <span class='ocrx_word' id='word_1_449' title='bbox 878 4126 1014 4178; x_wconf 79' lang='grc' dir='ltr'>πᾶσι</span> <span class='ocrx_word' id='word_1_450' title='bbox 1048 4124 1260 4186; x_wconf 82' lang='grc' dir='ltr'>πιστοῖς</span> <span class='ocrx_word' id='word_1_451' title='bbox 1293 4123 1562 4178; x_wconf 88' lang='grc' dir='ltr'>ἀπάθειαν</span> <span class='ocrx_word' id='word_1_452' title='bbox 1602 4122 1791 4192; x_wconf 84' lang='grc' dir='ltr'>σαφῶς</span> 
     </span>
    </p>
   </div>
   <div class='ocr_carea' id='block_1_72' title="bbox 199 4214 1791 4292">
    <p class='ocr_par' dir='ltr' id='par_1_72' title="bbox 199 4214 1791 4292">
     <span class='ocr_line' id='line_1_72' title="bbox 199 4214 1791 4292; baseline -0.005 -18"><span class='ocrx_word' id='word_1_453' title='bbox 199 4221 609 4292; x_wconf 83' lang='grc' dir='ltr'>δωρησάμενος,</span> <span class='ocrx_word' id='word_1_454' title='bbox 644 4219 752 4271; x_wconf 86' lang='grc' dir='ltr'><strong>ἀπὸ</strong></span> <span class='ocrx_word' id='word_1_455' title='bbox 786 4219 885 4286; x_wconf 78' lang='grc' dir='ltr'><strong>τῆς</strong></span> <span class='ocrx_word' id='word_1_456' title='bbox 933 4217 1033 4286; x_wconf 80' lang='grc' dir='ltr'><strong>γῆς</strong></span> <span class='ocrx_word' id='word_1_457' title='bbox 1093 4215 1381 4286; x_wconf 84' lang='grc' dir='ltr'>ἀνέρχεται</span> <span class='ocrx_word' id='word_1_458' title='bbox 1412 4214 1506 4268; x_wconf 81' lang='grc' dir='ltr'>νῦν</span> <span class='ocrx_word' id='word_1_459' title='bbox 1557 4217 1791 4285; x_wconf 79' lang='grc' dir='ltr'>ἐμφανι-</span> 
     </span>
    </p>
   </div>
   <div class='ocr_carea' id='block_1_73' title="bbox 1887 3133 3472 3210">
    <p class='ocr_par' dir='ltr' id='par_1_73' title="bbox 1887 3133 3472 3210">
     <span class='ocr_line' id='line_1_73' title="bbox 1887 3133 3472 3210; baseline 0.004 -22"><span class='ocrx_word' id='word_1_460' title='bbox 1887 3150 2079 3192; x_wconf 88' lang='lat' dir='ltr'><strong>omnes</strong></span> <span class='ocrx_word' id='word_1_461' title='bbox 2106 3133 2161 3188; x_wconf 91' lang='lat' dir='ltr'><strong>in</strong></span> <span class='ocrx_word' id='word_1_462' title='bbox 2199 3140 2252 3190; x_wconf 94' lang='lat' dir='ltr'><strong>te</strong></span> <span class='ocrx_word' id='word_1_463' title='bbox 2279 3135 2568 3191; x_wconf 86' lang='lat' dir='ltr'><strong>credentes</strong></span> <span class='ocrx_word' id='word_1_464' title='bbox 2594 3149 2782 3198; x_wconf 82' lang='lat' dir='ltr'><strong>veram</strong></span> <span class='ocrx_word' id='word_1_465' title='bbox 2815 3136 3126 3196; x_wconf 87' lang='lat' dir='ltr'><strong>doctrinam</strong></span> <span class='ocrx_word' id='word_1_466' title='bbox 3167 3146 3222 3194; x_wconf 91' lang='lat' dir='ltr'><strong>et</strong></span> <span class='ocrx_word' id='word_1_467' title='bbox 3250 3140 3472 3210; x_wconf 86' lang='lat' dir='ltr'><strong>sapien-</strong></span> 
     </span>
    </p>
   </div>
   <div class='ocr_carea' id='block_1_74' title="bbox 1887 3229 2043 3283">
    <p class='ocr_par' dir='ltr' id='par_1_74' title="bbox 1887 3229 2043 3283">
     <span class='ocr_line' id='line_1_74' title="bbox 1887 3229 2043 3283; baseline 0 -1"><span class='ocrx_word' id='word_1_468' title='bbox 1887 3229 2043 3283; x_wconf 91' lang='lat' dir='ltr'><strong>tiam.</strong></span> 
     </span>
    </p>
   </div>
   <div class='ocr_carea' id='block_1_75' title="bbox 1960 3315 3469 3386">
    <p class='ocr_par' dir='ltr' id='par_1_75' title="bbox 1960 3315 3469 3386">
     <span class='ocr_line' id='line_1_75' title="bbox 1960 3315 3469 3386; baseline 0.003 -14"><span class='ocrx_word' id='word_1_469' title='bbox 1960 3316 2191 3384; x_wconf 85' lang='lat' dir='ltr'><strong>Gentes,</strong></span> <span class='ocrx_word' id='word_1_470' title='bbox 2224 3316 2468 3386; x_wconf 90' lang='lat' dir='ltr'><strong>plaudite</strong></span> <span class='ocrx_word' id='word_1_471' title='bbox 2485 3315 2764 3380; x_wconf 86' lang='lat' dir='ltr'><strong>manibus,</strong></span> <span class='ocrx_word' id='word_1_472' title='bbox 2787 3325 3010 3374; x_wconf 86' lang='lat' dir='ltr'><strong>cantate</strong></span> <span class='ocrx_word' id='word_1_473' title='bbox 3040 3320 3148 3375; x_wconf 84' lang='lat' dir='ltr'><strong>Deo</strong></span> <span class='ocrx_word' id='word_1_474' title='bbox 3179 3319 3233 3374; x_wconf 92' lang='lat' dir='ltr'><strong>in</strong></span> <span class='ocrx_word' id='word_1_475' title='bbox 3263 3321 3469 3377; x_wconf 65' lang='lat' dir='ltr'><strong>laetitia.</strong></span> 
     </span>
    </p>
   </div>
   <div class='ocr_carea' id='block_1_76' title="bbox 1888 3403 3471 3479">
    <p class='ocr_par' dir='ltr' id='par_1_76' title="bbox 1888 3403 3471 3479">
     <span class='ocr_line' id='line_1_76' title="bbox 1888 3403 3471 3479; baseline 0.003 -19"><span class='ocrx_word' id='word_1_476' title='bbox 1888 3406 2028 3463; x_wconf 90' lang='lat' dir='ltr'><strong>Ecce</strong></span> <span class='ocrx_word' id='word_1_477' title='bbox 2043 3406 2188 3462; x_wconf 88' lang='lat' dir='ltr'><strong>enim</strong></span> <span class='ocrx_word' id='word_1_478' title='bbox 2205 3414 2534 3474; x_wconf 88' lang='lat' dir='ltr'><strong>assumptus</strong></span> <span class='ocrx_word' id='word_1_479' title='bbox 2549 3413 2634 3460; x_wconf 88' lang='lat' dir='ltr'><strong>est</strong></span> <span class='ocrx_word' id='word_1_480' title='bbox 2666 3403 2926 3475; x_wconf 88' lang='lat' dir='ltr'><strong>sedetque</strong></span> <span class='ocrx_word' id='word_1_481' title='bbox 2951 3405 3205 3464; x_wconf 89' lang='lat' dir='ltr'><strong>Christus</strong></span> <span class='ocrx_word' id='word_1_482' title='bbox 3229 3410 3471 3479; x_wconf 81' lang='lat' dir='ltr'><strong>ingloria</strong></span> 
     </span>
    </p>
   </div>
   <div class='ocr_carea' id='block_1_77' title="bbox 1889 3493 3470 3572">
    <p class='ocr_par' dir='ltr' id='par_1_77' title="bbox 1889 3493 3470 3572">
     <span class='ocr_line' id='line_1_77' title="bbox 1889 3493 3470 3572; baseline 0.004 -22"><span class='ocrx_word' id='word_1_483' title='bbox 1889 3497 1955 3550; x_wconf 88' lang='lat' dir='ltr'><strong>ad</strong></span> <span class='ocrx_word' id='word_1_484' title='bbox 2003 3495 2284 3550; x_wconf 82' lang='lat' dir='ltr'><strong>dexteram</strong></span> <span class='ocrx_word' id='word_1_485' title='bbox 2344 3493 2527 3550; x_wconf 88' lang='lat' dir='ltr'><strong>Patris</strong></span> <span class='ocrx_word' id='word_1_486' title='bbox 2574 3494 2822 3566; x_wconf 88' lang='lat' dir='ltr'><strong>ejusdem</strong></span> <span class='ocrx_word' id='word_1_487' title='bbox 2866 3497 3045 3552; x_wconf 84' lang='lat' dir='ltr'><strong>thrOni</strong></span> <span class='ocrx_word' id='word_1_488' title='bbox 3092 3499 3367 3572; x_wconf 83' lang='lat' dir='ltr'><strong>particeps</strong></span> <span class='ocrx_word' id='word_1_489' title='bbox 3413 3503 3470 3557; x_wconf 91' lang='lat' dir='ltr'><strong>in</strong></span> 
     </span>
    </p>
   </div>
   <div class='ocr_carea' id='block_1_78' title="bbox 1888 3595 2175 3641">
    <p class='ocr_par' dir='ltr' id='par_1_78' title="bbox 1888 3595 2175 3641">
     <span class='ocr_line' id='line_1_78' title="bbox 1888 3595 2175 3641; baseline -0.003 0"><span class='ocrx_word' id='word_1_490' title='bbox 1888 3595 2175 3641; x_wconf 63' lang='lat' dir='ltr'><strong>aeternum.</strong></span> 
     </span>
    </p>
   </div>
   <div class='ocr_carea' id='block_1_79' title="bbox 1959 3673 3469 3748">
    <p class='ocr_par' dir='ltr' id='par_1_79' title="bbox 1959 3673 3469 3748">
     <span class='ocr_line' id='line_1_79' title="bbox 1959 3673 3469 3748; baseline 0.005 -16"><span class='ocrx_word' id='word_1_491' title='bbox 1959 3677 2078 3733; x_wconf 82' lang='lat' dir='ltr'><strong>Non</strong></span> <span class='ocrx_word' id='word_1_492' title='bbox 2104 3677 2402 3748; x_wconf 81' lang='lat' dir='ltr'><strong>reliquerat</strong></span> <span class='ocrx_word' id='word_1_493' title='bbox 2427 3675 2616 3731; x_wconf 89' lang='lat' dir='ltr'><strong>sinum</strong></span> <span class='ocrx_word' id='word_1_494' title='bbox 2653 3673 2838 3732; x_wconf 84' lang='lat' dir='ltr'><strong>Patris</strong></span> <span class='ocrx_word' id='word_1_495' title='bbox 2884 3680 3212 3736; x_wconf 84' lang='lat' dir='ltr'><strong>recumbens</strong></span> <span class='ocrx_word' id='word_1_496' title='bbox 3249 3683 3304 3737; x_wconf 90' lang='lat' dir='ltr'><strong>in</strong></span> <span class='ocrx_word' id='word_1_497' title='bbox 3343 3684 3469 3740; x_wconf 90' lang='lat' dir='ltr'><strong>sinu</strong></span> 
     </span>
    </p>
   </div>
   <div class='ocr_carea' id='block_1_80' title="bbox 1891 3767 3474 3840">
    <p class='ocr_par' dir='ltr' id='par_1_80' title="bbox 1891 3767 3474 3840">
     <span class='ocr_line' id='line_1_80' title="bbox 1891 3767 3474 3840; baseline 0.005 -18"><span class='ocrx_word' id='word_1_498' title='bbox 1891 3777 1984 3822; x_wconf 90' lang='lat' dir='ltr'><strong>tuo</strong></span> <span class='ocrx_word' id='word_1_499' title='bbox 2013 3767 2253 3823; x_wconf 81' lang='lat' dir='ltr'><strong>Verbum</strong></span> <span class='ocrx_word' id='word_1_500' title='bbox 2285 3767 2431 3836; x_wconf 90' lang='lat' dir='ltr'><strong>quod</strong></span> <span class='ocrx_word' id='word_1_501' title='bbox 2474 3781 2577 3821; x_wconf 92' lang='lat' dir='ltr'><strong>nos</strong></span> <span class='ocrx_word' id='word_1_502' title='bbox 2600 3769 2670 3823; x_wconf 88' lang='lat' dir='ltr'><strong>ab</strong></span> <span class='ocrx_word' id='word_1_503' title='bbox 2701 3769 2917 3824; x_wconf 88' lang='lat' dir='ltr'><strong>insania</strong></span> <span class='ocrx_word' id='word_1_504' title='bbox 2947 3771 3309 3840; x_wconf 78' lang='lat' dir='ltr'><strong>cupiditatum</strong></span> <span class='ocrx_word' id='word_1_505' title='bbox 3345 3774 3474 3831; x_wconf 81' lang='lat' dir='ltr'><strong>lihe-</strong></span> 
     </span>
    </p>
   </div>
   <div class='ocr_carea' id='block_1_81' title="bbox 1893 3857 3350 3926">
    <p class='ocr_par' dir='ltr' id='par_1_81' title="bbox 1893 3857 3350 3926">
     <span class='ocr_line' id='line_1_81' title="bbox 1893 3857 3350 3926; baseline 0.003 -12"><span class='ocrx_word' id='word_1_506' title='bbox 1893 3862 2064 3926; x_wconf 87' lang='lat' dir='ltr'><strong>ravit;</strong></span> <span class='ocrx_word' id='word_1_507' title='bbox 2093 3857 2212 3914; x_wconf 88' lang='lat' dir='ltr'><strong>ideo</strong></span> <span class='ocrx_word' id='word_1_508' title='bbox 2245 3859 2554 3915; x_wconf 85' lang='lat' dir='ltr'><strong>clamamus</strong></span> <span class='ocrx_word' id='word_1_509' title='bbox 2586 3860 2960 3916; x_wconf 87' lang='lat' dir='ltr'><strong>:Benedictus</strong></span> <span class='ocrx_word' id='word_1_510' title='bbox 2981 3877 3063 3926; x_wconf 87' lang='lat' dir='ltr'><strong>es,</strong></span> <span class='ocrx_word' id='word_1_511' title='bbox 3101 3877 3134 3917; x_wconf 95' lang='lat' dir='ltr'><strong>o</strong></span> <span class='ocrx_word' id='word_1_512' title='bbox 3183 3863 3350 3920; x_wconf 85' lang='lat' dir='ltr'><strong>Deus.</strong></span> 
     </span>
    </p>
   </div>
   <div class='ocr_carea' id='block_1_82' title="bbox 2159 3953 3222 4026">
    <p class='ocr_par' dir='ltr' id='par_1_82' title="bbox 2159 3953 3222 4026">
     <span class='ocr_line' id='line_1_82' title="bbox 2159 3953 3222 4026; baseline 0.002 -17"><span class='ocrx_word' id='word_1_513' title='bbox 2159 3953 2411 4009; x_wconf 72' lang='lat' dir='ltr'><strong>Cominus</strong></span> <span class='ocrx_word' id='word_1_514' title='bbox 2440 3956 2685 4022; x_wconf 75' lang='lat' dir='ltr'><strong>septuplo</strong></span> <span class='ocrx_word' id='word_1_515' title='bbox 2717 3955 2996 4010; x_wconf 84' lang='lat' dir='ltr'><strong>ardentior</strong></span> <span class='ocrx_word' id='word_1_516' title='bbox 3021 3957 3222 4026; x_wconf 77' lang='lat' dir='ltr'><strong>factus.</strong></span> 
     </span>
    </p>
   </div>
   <div class='ocr_carea' id='block_1_83' title="bbox 1963 4042 3472 4117">
    <p class='ocr_par' dir='ltr' id='par_1_83' title="bbox 1963 4042 3472 4117">
     <span class='ocr_line' id='line_1_83' title="bbox 1963 4042 3472 4117; baseline 0.005 -20"><span class='ocrx_word' id='word_1_517' title='bbox 1963 4044 2066 4112; x_wconf 86' lang='lat' dir='ltr'><strong>Qui</strong></span> <span class='ocrx_word' id='word_1_518' title='bbox 2103 4042 2366 4098; x_wconf 85' lang='lat' dir='ltr'><strong>iuetl&#39;abili</strong></span> <span class='ocrx_word' id='word_1_519' title='bbox 2405 4044 2569 4097; x_wconf 88' lang='lat' dir='ltr'><strong>modo</strong></span> <span class='ocrx_word' id='word_1_520' title='bbox 2601 4043 2836 4099; x_wconf 69' lang='lat' dir='ltr'><strong>formam</strong></span> <span class='ocrx_word' id='word_1_521' title='bbox 2879 4055 2940 4100; x_wconf 93' lang='lat' dir='ltr'><strong>ut</strong></span> <span class='ocrx_word' id='word_1_522' title='bbox 2981 4047 3243 4117; x_wconf 87' lang='lat' dir='ltr'><strong>scriptum</strong></span> <span class='ocrx_word' id='word_1_523' title='bbox 3271 4057 3357 4105; x_wconf 87' lang='lat' dir='ltr'><strong>est</strong></span> <span class='ocrx_word' id='word_1_524' title='bbox 3390 4050 3472 4105; x_wconf 89' lang='lat' dir='ltr'><strong>in-</strong></span> 
     </span>
    </p>
   </div>
   <div class='ocr_carea' id='block_1_84' title="bbox 1890 4135 3467 4209">
    <p class='ocr_par' dir='ltr' id='par_1_84' title="bbox 1890 4135 3467 4209">
     <span class='ocr_line' id='line_1_84' title="bbox 1890 4135 3467 4209; baseline 0.005 -19"><span class='ocrx_word' id='word_1_525' title='bbox 1890 4135 2084 4191; x_wconf 87' lang='lat' dir='ltr'><strong>duerat</strong></span> <span class='ocrx_word' id='word_1_526' title='bbox 2108 4150 2216 4190; x_wconf 93' lang='lat' dir='ltr'><strong>non</strong></span> <span class='ocrx_word' id='word_1_527' title='bbox 2256 4150 2435 4200; x_wconf 89' lang='lat' dir='ltr'><strong>suam,</strong></span> <span class='ocrx_word' id='word_1_528' title='bbox 2471 4137 2820 4202; x_wconf 88' lang='lat' dir='ltr'><strong>nunc,nobis</strong></span> <span class='ocrx_word' id='word_1_529' title='bbox 2841 4153 2938 4208; x_wconf 89' lang='lat' dir='ltr'><strong>per</strong></span> <span class='ocrx_word' id='word_1_530' title='bbox 2969 4140 3280 4209; x_wconf 87' lang='lat' dir='ltr'><strong>passionem</strong></span> <span class='ocrx_word' id='word_1_531' title='bbox 3311 4157 3467 4198; x_wconf 90' lang='lat' dir='ltr'><strong>suam</strong></span> 
     </span>
    </p>
   </div>
   <div class='ocr_carea' id='block_1_85' title="bbox 1891 4226 3472 4300">
    <p class='ocr_par' dir='ltr' id='par_1_85' title="bbox 1891 4226 3472 4300">
     <span class='ocr_line' id='line_1_85' title="bbox 1891 4226 3472 4300; baseline 0.003 -18"><span class='ocrx_word' id='word_1_532' title='bbox 1891 4227 2161 4282; x_wconf 86' lang='lat' dir='ltr'><strong>malorum</strong></span> <span class='ocrx_word' id='word_1_533' title='bbox 2194 4226 2512 4295; x_wconf 80' lang='lat' dir='ltr'><strong>expertibus</strong></span> <span class='ocrx_word' id='word_1_534' title='bbox 2558 4226 2742 4293; x_wconf 83' lang='lat' dir='ltr'><strong>factis,</strong></span> <span class='ocrx_word' id='word_1_535' title='bbox 2785 4231 2963 4300; x_wconf 81' lang='lat' dir='ltr'><strong>surgit</strong></span> <span class='ocrx_word' id='word_1_536' title='bbox 2994 4230 3062 4285; x_wconf 88' lang='lat' dir='ltr'><strong>de</strong></span> <span class='ocrx_word' id='word_1_537' title='bbox 3106 4238 3270 4296; x_wconf 88' lang='lat' dir='ltr'><strong>terra,</strong></span> <span class='ocrx_word' id='word_1_538' title='bbox 3305 4233 3472 4300; x_wconf 80' lang='lat' dir='ltr'><strong>glori-</strong></span> 
     </span>
    </p>
   </div>
   <div class='ocr_carea' id='block_1_86' title="bbox 201 4306 1781 4390">
    <p class='ocr_par' dir='ltr' id='par_1_86' title="bbox 201 4306 1781 4381">
     <span class='ocr_line' id='line_1_86' title="bbox 201 4306 1781 4381; baseline -0.003 -16"><span class='ocrx_word' id='word_1_539' title='bbox 201 4313 393 4381; x_wconf 77' lang='grc' dir='ltr'>σθῆναι</span> <span class='ocrx_word' id='word_1_540' title='bbox 445 4312 538 4365; x_wconf 76' lang='grc' dir='ltr'>τοῦ</span> <span class='ocrx_word' id='word_1_541' title='bbox 572 4310 783 4379; x_wconf 84' lang='grc' dir='ltr'>Πατρὸς</span> <span class='ocrx_word' id='word_1_542' title='bbox 811 4309 888 4378; x_wconf 85' lang='grc' dir='ltr'>τῷ</span> <span class='ocrx_word' id='word_1_543' title='bbox 914 4307 1210 4379; x_wconf 87' lang='grc' dir='ltr'>προσώπῳ,</span> <span class='ocrx_word' id='word_1_544' title='bbox 1249 4307 1540 4376; x_wconf 82' lang='grc' dir='ltr'>Ἀγγέλων,</span> <span class='ocrx_word' id='word_1_545' title='bbox 1567 4306 1781 4376; x_wconf 83' lang='grc' dir='ltr'>Θρόνων</span> 
     </span>
    </p>
   </div>
   <div class='ocr_carea' id='block_1_87' title="bbox 1911 4306 3470 4390">
    <p class='ocr_par' dir='ltr' id='par_1_87' title="bbox 1911 4316 3470 4390">
     <span class='ocr_line' id='line_1_87' title="bbox 1911 4316 3470 4390; baseline 0.005 -20"><span class='ocrx_word' id='word_1_546' title='bbox 1911 4316 2140 4373; x_wconf 88' lang='lat' dir='ltr'><strong>icandus</strong></span> <span class='ocrx_word' id='word_1_547' title='bbox 2188 4327 2314 4370; x_wconf 88' lang='lat' dir='ltr'><strong>ante</strong></span> <span class='ocrx_word' id='word_1_548' title='bbox 2369 4317 2562 4372; x_wconf 81' lang='lat' dir='ltr'><strong>faciem</strong></span> <span class='ocrx_word' id='word_1_549' title='bbox 2628 4318 2844 4384; x_wconf 90' lang='lat' dir='ltr'><strong>Patris,</strong></span> <span class='ocrx_word' id='word_1_550' title='bbox 2896 4319 3016 4390; x_wconf 79' lang='lat' dir='ltr'><strong>ejus</strong></span> <span class='ocrx_word' id='word_1_551' title='bbox 3062 4323 3470 4380; x_wconf 82' lang='lat' dir='ltr'><strong>celebrantibus</strong></span> 
     </span>
    </p>
   </div>
   <div class='ocr_carea' id='block_1_88' title="bbox 196 4400 1548 4476">
    <p class='ocr_par' dir='ltr' id='par_1_88' title="bbox 196 4400 1548 4476">
     <span class='ocr_line' id='line_1_88' title="bbox 196 4400 1548 4476; baseline -0.004 -18"><span class='ocrx_word' id='word_1_552' title='bbox 196 4405 556 4476; x_wconf 82' lang='grc' dir='ltr'>Κυριοτήτων</span> <span class='ocrx_word' id='word_1_553' title='bbox 584 4403 746 4456; x_wconf 79' lang='grc' dir='ltr'>αὑτὸν</span> <span class='ocrx_word' id='word_1_554' title='bbox 767 4400 1188 4470; x_wconf 79' lang='grc' dir='ltr'>δοξολογούντων</span> <span class='ocrx_word' id='word_1_555' title='bbox 1220 4401 1298 4463; x_wconf 78' lang='grc' dir='ltr'>εις</span> <span class='ocrx_word' id='word_1_556' title='bbox 1323 4400 1548 4462; x_wconf 85' lang='grc' dir='ltr'>πάντας.</span> 
     </span>
    </p>
   </div>
   <div class='ocr_carea' id='block_1_89' title="bbox 225 4601 1785 4675">
    <p class='ocr_par' dir='ltr' id='par_1_89' title="bbox 225 4601 1785 4675">
     <span class='ocr_line' id='line_1_89' title="bbox 225 4601 1785 4675; baseline -0.003 -17"><span class='ocrx_word' id='word_1_557' title='bbox 225 4626 236 4636; x_wconf 92' lang='grc'><strong>·</strong></span> <span class='ocrx_word' id='word_1_558' title='bbox 274 4604 760 4675; x_wconf 82' lang='grc' dir='ltr'>Λευχειμονοῦντες</span> <span class='ocrx_word' id='word_1_559' title='bbox 817 4603 1038 4670; x_wconf 81' lang='grc' dir='ltr'>ἄγγελοι</span> <span class='ocrx_word' id='word_1_560' title='bbox 1097 4601 1412 4665; x_wconf 86' lang='grc' dir='ltr'>ἀποστόλοις</span> <span class='ocrx_word' id='word_1_561' title='bbox 1460 4603 1785 4673; x_wconf 83' lang='grc' dir='ltr'>ἐπέστησαν,</span> 
     </span>
    </p>
   </div>
   <div class='ocr_carea' id='block_1_90' title="bbox 202 4695 1792 4766">
    <p class='ocr_par' dir='ltr' id='par_1_90' title="bbox 202 4695 1792 4766">
     <span class='ocr_line' id='line_1_90' title="bbox 202 4695 1792 4766; baseline -0.004 -14"><span class='ocrx_word' id='word_1_562' title='bbox 202 4698 674 4766; x_wconf 76' lang='grc' dir='ltr'>ὲπαπορουμένοις</span> <span class='ocrx_word' id='word_1_563' title='bbox 721 4696 796 4765; x_wconf 80' lang='grc' dir='ltr'>τῷ</span> <span class='ocrx_word' id='word_1_564' title='bbox 849 4695 1021 4765; x_wconf 80' lang='grc' dir='ltr'>καινῷ</span> <span class='ocrx_word' id='word_1_565' title='bbox 1051 4695 1286 4764; x_wconf 82' lang='grc' dir='ltr'>θεάματι</span> <span class='ocrx_word' id='word_1_566' title='bbox 1313 4696 1412 4761; x_wconf 76' lang='grc' dir='ltr'>τῆς</span> <span class='ocrx_word' id='word_1_567' title='bbox 1445 4696 1542 4764; x_wconf 82' lang='grc' dir='ltr'><strong>σῆς</strong></span> <span class='ocrx_word' id='word_1_568' title='bbox 1589 4695 1792 4764; x_wconf 84' lang='grc' dir='ltr'>ἀναλή-</span> 
     </span>
    </p>
   </div>
   <div class='ocr_carea' id='block_1_91' title="bbox 201 4784 1793 4861">
    <p class='ocr_par' dir='ltr' id='par_1_91' title="bbox 201 4784 1793 4861">
     <span class='ocr_line' id='line_1_91' title="bbox 201 4784 1793 4861; baseline -0.004 -19"><span class='ocrx_word' id='word_1_569' title='bbox 201 4792 373 4861; x_wconf 75' lang='grc' dir='ltr'>ψεως,</span> <span class='ocrx_word' id='word_1_570' title='bbox 403 4788 676 4855; x_wconf 80' lang='grc' dir='ltr'>λέγοντες.</span> <span class='ocrx_word' id='word_1_571' title='bbox 713 4787 903 4854; x_wconf 80' lang='grc' dir='ltr'>Ὑμεῖς</span> <span class='ocrx_word' id='word_1_572' title='bbox 929 4785 981 4838; x_wconf 77' lang='grc' dir='ltr'>τί</span> <span class='ocrx_word' id='word_1_573' title='bbox 1008 4785 1346 4848; x_wconf 76' lang='grc' dir='ltr'>ἀτενίζοντες</span> <span class='ocrx_word' id='word_1_574' title='bbox 1365 4784 1538 4849; x_wconf 71' lang='grc' dir='ltr'>οὕτως</span> <span class='ocrx_word' id='word_1_575' title='bbox 1566 4785 1793 4856; x_wconf 81' lang='grc' dir='ltr'>θαμϐεἰ-</span> 
     </span>
    </p>
   </div>
   <div class='ocr_carea' id='block_1_92' title="bbox 203 4873 1791 4949">
    <p class='ocr_par' dir='ltr' id='par_1_92' title="bbox 203 4873 1791 4949">
     <span class='ocr_line' id='line_1_92' title="bbox 203 4873 1791 4949; baseline -0.003 -13"><span class='ocrx_word' id='word_1_576' title='bbox 203 4883 301 4936; x_wconf 87' lang='grc' dir='ltr'><strong>σθε</strong></span> <span class='ocrx_word' id='word_1_577' title='bbox 329 4884 409 4944; x_wconf 86' lang='grc' dir='ltr'>εἰς</span> <span class='ocrx_word' id='word_1_578' title='bbox 440 4879 500 4932; x_wconf 90' lang='grc' dir='ltr'><strong>τὸ</strong></span> <span class='ocrx_word' id='word_1_579' title='bbox 521 4879 654 4949; x_wconf 73' lang='grc' dir='ltr'>ὕψος</span> <span class='ocrx_word' id='word_1_580' title='bbox 679 4895 698 4940; x_wconf 75' lang='grc' dir='ltr'>ς·</span> <span class='ocrx_word' id='word_1_581' title='bbox 739 4880 944 4948; x_wconf 82' lang='grc' dir='ltr'>Ἰησοῦς</span> <span class='ocrx_word' id='word_1_582' title='bbox 1003 4873 1158 4943; x_wconf 75' lang='grc' dir='ltr'>οὗτος</span> <span class='ocrx_word' id='word_1_583' title='bbox 1181 4879 1342 4934; x_wconf 86' lang='grc' dir='ltr'>πάλιν</span> <span class='ocrx_word' id='word_1_584' title='bbox 1392 4879 1692 4946; x_wconf 77' lang='grc' dir='ltr'>ἐλεύσεται,</span> <span class='ocrx_word' id='word_1_585' title='bbox 1733 4879 1791 4933; x_wconf 86' lang='grc' dir='ltr'>ὃν</span> 
     </span>
    </p>
   </div>
   <div class='ocr_carea' id='block_1_93' title="bbox 201 4969 1084 5045">
    <p class='ocr_par' dir='ltr' id='par_1_93' title="bbox 201 4969 1084 5045">
     <span class='ocr_line' id='line_1_93' title="bbox 201 4969 1084 5045; baseline -0.007 -18"><span class='ocrx_word' id='word_1_586' title='bbox 201 4973 405 5045; x_wconf 76' lang='grc' dir='ltr'>τρόπον</span> <span class='ocrx_word' id='word_1_587' title='bbox 431 4971 616 5042; x_wconf 81' lang='grc' dir='ltr'>ὁρᾶτε,</span> <span class='ocrx_word' id='word_1_588' title='bbox 651 4972 828 5040; x_wconf 84' lang='grc' dir='ltr'>κρῖναι</span> <span class='ocrx_word' id='word_1_589' title='bbox 860 4969 1084 5038; x_wconf 85' lang='grc' dir='ltr'>κόσμον.</span> 
     </span>
    </p>
   </div>
   <div class='ocr_carea' id='block_1_94' title="bbox 282 5144 1790 5216">
    <p class='ocr_par' dir='ltr' id='par_1_94' title="bbox 282 5144 1790 5216">
     <span class='ocr_line' id='line_1_94' title="bbox 282 5144 1790 5216; baseline -0.001 -16"><span class='ocrx_word' id='word_1_590' title='bbox 282 5148 468 5202; x_wconf 79' lang='grc' dir='ltr'>Πάντα</span> <span class='ocrx_word' id='word_1_591' title='bbox 526 5145 842 5216; x_wconf 85' lang='grc' dir='ltr'>πληρώσας,</span> <span class='ocrx_word' id='word_1_592' title='bbox 892 5144 1086 5216; x_wconf 83' lang='grc' dir='ltr'>Κύριε,</span> <span class='ocrx_word' id='word_1_593' title='bbox 1147 5146 1222 5210; x_wconf 86' lang='grc' dir='ltr'>ὡς</span> <span class='ocrx_word' id='word_1_594' title='bbox 1263 5147 1394 5210; x_wconf 79' lang='grc' dir='ltr'>Θεὸς</span> <span class='ocrx_word' id='word_1_595' title='bbox 1453 5146 1790 5212; x_wconf 83' lang='grc' dir='ltr'>ἀδιάστατος,</span> 
     </span>
    </p>
   </div>
   <div class='ocr_carea' id='block_1_95' title="bbox 195 5238 1794 5311">
    <p class='ocr_par' dir='ltr' id='par_1_95' title="bbox 195 5238 1794 5311">
     <span class='ocr_line' id='line_1_95' title="bbox 195 5238 1794 5311; baseline -0.001 -17"><span class='ocrx_word' id='word_1_596' title='bbox 195 5241 336 5311; x_wconf 81' lang='grc' dir='ltr'>πρὸς</span> <span class='ocrx_word' id='word_1_597' title='bbox 363 5241 490 5302; x_wconf 75' lang='grc' dir='ltr'>τοὺς</span> <span class='ocrx_word' id='word_1_598' title='bbox 538 5239 799 5309; x_wconf 82' lang='grc' dir='ltr'>οὐρανοὺς</span> <span class='ocrx_word' id='word_1_599' title='bbox 844 5238 983 5308; x_wconf 83' lang='grc' dir='ltr'>μετὰ</span> <span class='ocrx_word' id='word_1_600' title='bbox 1021 5238 1219 5308; x_wconf 79' lang='grc' dir='ltr'>σαρκὸς</span> <span class='ocrx_word' id='word_1_601' title='bbox 1287 5239 1612 5308; x_wconf 82' lang='grc' dir='ltr'>άνέδραμες,</span> <span class='ocrx_word' id='word_1_602' title='bbox 1661 5241 1794 5293; x_wconf 79' lang='grc' dir='ltr'>καθ-</span> 
     </span>
    </p>
   </div>
   <div class='ocr_carea' id='block_1_96' title="bbox 206 5328 1795 5400">
    <p class='ocr_par' dir='ltr' id='par_1_96' title="bbox 206 5328 1795 5400">
     <span class='ocr_line' id='line_1_96' title="bbox 206 5328 1795 5400; baseline -0.001 -16"><span class='ocrx_word' id='word_1_603' title='bbox 206 5329 595 5399; x_wconf 81' lang='grc' dir='ltr'>υποταγέντων</span> <span class='ocrx_word' id='word_1_604' title='bbox 637 5345 714 5382; x_wconf 83' lang='grc' dir='ltr'><strong>σοι</strong></span> <span class='ocrx_word' id='word_1_605' title='bbox 750 5328 1060 5397; x_wconf 84' lang='grc' dir='ltr'>ἀγγελικῶν</span> <span class='ocrx_word' id='word_1_606' title='bbox 1086 5329 1388 5399; x_wconf 85' lang='grc' dir='ltr'>δυνάμεων,</span> <span class='ocrx_word' id='word_1_607' title='bbox 1411 5330 1506 5382; x_wconf 69' lang='grc' dir='ltr'><strong>καὶ</strong></span> <span class='ocrx_word' id='word_1_608' title='bbox 1530 5346 1795 5400; x_wconf 81' lang='grc' dir='ltr'>χαρμονι-</span> 
     </span>
    </p>
   </div>
   <div class='ocr_carea' id='block_1_97' title="bbox 208 5420 1796 5496">
    <p class='ocr_par' dir='ltr' id='par_1_97' title="bbox 208 5420 1796 5496">
     <span class='ocr_line' id='line_1_97' title="bbox 208 5420 1796 5496; baseline -0.004 -16"><span class='ocrx_word' id='word_1_609' title='bbox 208 5427 324 5489; x_wconf 65' lang='grc' dir='ltr'><strong>κῶς</strong></span> <span class='ocrx_word' id='word_1_610' title='bbox 348 5426 454 5477; x_wconf 87' lang='grc' dir='ltr'><strong>τῶν</strong></span> <span class='ocrx_word' id='word_1_611' title='bbox 487 5421 748 5495; x_wconf 85' lang='grc' dir='ltr'>μαθητῶν</span> <span class='ocrx_word' id='word_1_612' title='bbox 772 5421 1155 5496; x_wconf 64' lang='grc' dir='ltr'>ἀνυμνούντων</span> <span class='ocrx_word' id='word_1_613' title='bbox 1185 5422 1277 5476; x_wconf 72' lang='grc' dir='ltr'><strong>καὶ</strong></span> <span class='ocrx_word' id='word_1_614' title='bbox 1311 5421 1462 5493; x_wconf 74' lang='grc' dir='ltr'>φόϐῳ</span> <span class='ocrx_word' id='word_1_615' title='bbox 1496 5420 1796 5492; x_wconf 83' lang='grc' dir='ltr'>μελῳδούν-</span> 
     </span>
    </p>
   </div>
   <div class='ocr_carea' id='block_1_98' title="bbox 210 5513 896 5586">
    <p class='ocr_par' dir='ltr' id='par_1_98' title="bbox 210 5513 896 5586">
     <span class='ocr_line' id='line_1_98' title="bbox 210 5513 896 5586; baseline -0.006 -15"><span class='ocrx_word' id='word_1_616' title='bbox 210 5535 322 5571; x_wconf 83' lang='grc' dir='ltr'><strong>των</strong></span> <span class='ocrx_word' id='word_1_617' title='bbox 337 5534 350 5546; x_wconf 83' lang='lat'>&#39;</span> <span class='ocrx_word' id='word_1_618' title='bbox 368 5515 574 5586; x_wconf 82' lang='grc' dir='ltr'>Ὶερεῖς,</span> <span class='ocrx_word' id='word_1_619' title='bbox 609 5513 896 5579; x_wconf 75' lang='grc' dir='ltr'>εὐλογεῖτε.</span> 
     </span>
    </p>
   </div>
   <div class='ocr_carea' id='block_1_99' title="bbox 283 5619 1796 5690">
    <p class='ocr_par' dir='ltr' id='par_1_99' title="bbox 283 5619 1796 5690">
     <span class='ocr_line' id='line_1_99' title="bbox 283 5619 1796 5690; baseline -0.003 -14"><span class='ocrx_word' id='word_1_620' title='bbox 283 5622 598 5690; x_wconf 82' lang='grc' dir='ltr'>Θεοκυῆτορ</span> <span class='ocrx_word' id='word_1_621' title='bbox 627 5620 888 5685; x_wconf 77' lang='grc' dir='ltr'>πάναγνε,</span> <span class='ocrx_word' id='word_1_622' title='bbox 928 5620 1025 5688; x_wconf 72' lang='grc' dir='ltr'>τῆς</span> <span class='ocrx_word' id='word_1_623' title='bbox 1057 5619 1234 5689; x_wconf 75' lang='grc' dir='ltr'>ψυχῆς</span> <span class='ocrx_word' id='word_1_624' title='bbox 1263 5637 1365 5688; x_wconf 87' lang='grc' dir='ltr'><strong>μου</strong></span> <span class='ocrx_word' id='word_1_625' title='bbox 1387 5620 1455 5672; x_wconf 82' lang='grc' dir='ltr'>τὰ</span> <span class='ocrx_word' id='word_1_626' title='bbox 1486 5619 1796 5689; x_wconf 83' lang='grc' dir='ltr'>τραύματα,</span> 
     </span>
    </p>
   </div>
   <div class='ocr_carea' id='block_1_100' title="bbox 1813 4410 3472 4485">
    <p class='ocr_par' dir='ltr' id='par_1_100' title="bbox 1813 4410 3472 4485">
     <span class='ocr_line' id='line_1_100' title="bbox 1813 4410 3472 4485; baseline 0.004 -22"><span class='ocrx_word' id='word_1_627' title='bbox 1813 4415 1868 4475; x_wconf 86' lang='lat' dir='ltr'><strong>D</strong></span> <span class='ocrx_word' id='word_1_628' title='bbox 1893 4411 2124 4481; x_wconf 78' lang='lat' dir='ltr'><strong>gloriam</strong></span> <span class='ocrx_word' id='word_1_629' title='bbox 2155 4426 2252 4480; x_wconf 89' lang='lat' dir='ltr'><strong>per</strong></span> <span class='ocrx_word' id='word_1_630' title='bbox 2279 4425 2442 4466; x_wconf 88' lang='lat' dir='ltr'><strong>omne</strong></span> <span class='ocrx_word' id='word_1_631' title='bbox 2480 4411 2702 4466; x_wconf 70' lang='lat' dir='ltr'><strong>szeclum</strong></span> <span class='ocrx_word' id='word_1_632' title='bbox 2730 4410 2993 4480; x_wconf 78' lang='lat' dir='ltr'><strong>Thronis,</strong></span> <span class='ocrx_word' id='word_1_633' title='bbox 3029 4413 3253 4485; x_wconf 78' lang='lat' dir='ltr'><strong>Angelis</strong></span> <span class='ocrx_word' id='word_1_634' title='bbox 3282 4423 3336 4470; x_wconf 88' lang='lat' dir='ltr'><strong>et</strong></span> <span class='ocrx_word' id='word_1_635' title='bbox 3370 4417 3472 4470; x_wconf 86' lang='lat' dir='ltr'><strong>Do-</strong></span> 
     </span>
    </p>
   </div>
   <div class='ocr_carea' id='block_1_101' title="bbox 1894 4502 2306 4556">
    <p class='ocr_par' dir='ltr' id='par_1_101' title="bbox 1894 4502 2306 4556">
     <span class='ocr_line' id='line_1_101' title="bbox 1894 4502 2306 4556; baseline 0 -1"><span class='ocrx_word' id='word_1_636' title='bbox 1894 4502 2306 4556; x_wconf 88' lang='lat' dir='ltr'><strong>minationibus.</strong></span> 
     </span>
    </p>
   </div>
   <div class='ocr_carea' id='block_1_102' title="bbox 1968 4591 3470 4667">
    <p class='ocr_par' dir='ltr' id='par_1_102' title="bbox 1968 4591 3470 4667">
     <span class='ocr_line' id='line_1_102' title="bbox 1968 4591 3470 4667; baseline 0.006 -23"><span class='ocrx_word' id='word_1_637' title='bbox 1968 4591 2132 4647; x_wconf 86' lang='lat' dir='ltr'><strong>Vesle</strong></span> <span class='ocrx_word' id='word_1_638' title='bbox 2183 4592 2413 4647; x_wconf 89' lang='lat' dir='ltr'><strong>candida</strong></span> <span class='ocrx_word' id='word_1_639' title='bbox 2449 4601 2826 4662; x_wconf 88' lang='lat' dir='ltr'><strong>apparuerunt</strong></span> <span class='ocrx_word' id='word_1_640' title='bbox 2857 4595 3033 4666; x_wconf 81' lang='lat' dir='ltr'><strong>angeli</strong></span> <span class='ocrx_word' id='word_1_641' title='bbox 3081 4597 3346 4666; x_wconf 83' lang='lat' dir='ltr'><strong>apostolis</strong></span> <span class='ocrx_word' id='word_1_642' title='bbox 3379 4599 3470 4667; x_wconf 82' lang='lat' dir='ltr'><strong>qui</strong></span> 
     </span>
    </p>
   </div>
   <div class='ocr_carea' id='block_1_103' title="bbox 1895 4679 3472 4750">
    <p class='ocr_par' dir='ltr' id='par_1_103' title="bbox 1895 4679 3472 4750">
     <span class='ocr_line' id='line_1_103' title="bbox 1895 4679 3472 4750; baseline 0.003 -17"><span class='ocrx_word' id='word_1_643' title='bbox 1895 4680 2020 4733; x_wconf 78' lang='lat' dir='ltr'><strong>novi</strong></span> <span class='ocrx_word' id='word_1_644' title='bbox 2053 4679 2394 4734; x_wconf 89' lang='lat' dir='ltr'><strong>ascensionis</strong></span> <span class='ocrx_word' id='word_1_645' title='bbox 2435 4689 2539 4734; x_wconf 72' lang='lat' dir='ltr'><strong>tute</strong></span> <span class='ocrx_word' id='word_1_646' title='bbox 2569 4681 2868 4750; x_wconf 85' lang='lat' dir='ltr'><strong>spectaculi</strong></span> <span class='ocrx_word' id='word_1_647' title='bbox 2902 4690 3092 4750; x_wconf 89' lang='lat' dir='ltr'><strong>testes,</strong></span> <span class='ocrx_word' id='word_1_648' title='bbox 3124 4685 3242 4739; x_wconf 85' lang='lat' dir='ltr'><strong>suis</strong></span> <span class='ocrx_word' id='word_1_649' title='bbox 3271 4699 3377 4740; x_wconf 88' lang='lat' dir='ltr'><strong>non</strong></span> <span class='ocrx_word' id='word_1_650' title='bbox 3409 4686 3472 4738; x_wconf 80' lang='lat' dir='ltr'><strong>fi-</strong></span> 
     </span>
    </p>
   </div>
   <div class='ocr_carea' id='block_1_104' title="bbox 1896 4771 3470 4847">
    <p class='ocr_par' dir='ltr' id='par_1_104' title="bbox 1896 4771 3470 4847">
     <span class='ocr_line' id='line_1_104' title="bbox 1896 4771 3470 4847; baseline 0.004 -21"><span class='ocrx_word' id='word_1_651' title='bbox 1896 4772 2027 4826; x_wconf 90' lang='lat' dir='ltr'><strong>dere</strong></span> <span class='ocrx_word' id='word_1_652' title='bbox 2066 4773 2245 4828; x_wconf 92' lang='lat' dir='ltr'><strong>oculis</strong></span> <span class='ocrx_word' id='word_1_653' title='bbox 2274 4771 2620 4836; x_wconf 86' lang='lat' dir='ltr'><strong>videbantur,</strong></span> <span class='ocrx_word' id='word_1_654' title='bbox 2666 4772 3035 4845; x_wconf 83' lang='lat' dir='ltr'><strong>dixeruntque</strong></span> <span class='ocrx_word' id='word_1_655' title='bbox 3078 4776 3181 4840; x_wconf 85' lang='lat' dir='ltr'><strong>eis,</strong></span> <span class='ocrx_word' id='word_1_656' title='bbox 3216 4776 3298 4832; x_wconf 83' lang='lat' dir='ltr'><strong>Ad</strong></span> <span class='ocrx_word' id='word_1_657' title='bbox 3339 4779 3470 4847; x_wconf 80' lang='lat' dir='ltr'><strong>quid</strong></span> 
     </span>
    </p>
   </div>
   <div class='ocr_carea' id='block_1_105' title="bbox 1896 4864 3471 4934">
    <p class='ocr_par' dir='ltr' id='par_1_105' title="bbox 1896 4864 3471 4934">
     <span class='ocr_line' id='line_1_105' title="bbox 1896 4864 3471 4934; baseline 0.004 -18"><span class='ocrx_word' id='word_1_658' title='bbox 1896 4864 2111 4918; x_wconf 83' lang='lat' dir='ltr'><strong>attoniti</strong></span> <span class='ocrx_word' id='word_1_659' title='bbox 2153 4864 2404 4934; x_wconf 90' lang='lat' dir='ltr'><strong>aspicitis</strong></span> <span class='ocrx_word' id='word_1_660' title='bbox 2464 4866 2520 4919; x_wconf 93' lang='lat' dir='ltr'><strong>in</strong></span> <span class='ocrx_word' id='word_1_661' title='bbox 2555 4865 2789 4920; x_wconf 81' lang='lat' dir='ltr'><strong>coelum?</strong></span> <span class='ocrx_word' id='word_1_662' title='bbox 2836 4868 2992 4934; x_wconf 84' lang='lat' dir='ltr'><strong>sicut</strong></span> <span class='ocrx_word' id='word_1_663' title='bbox 3041 4867 3237 4924; x_wconf 85' lang='lat' dir='ltr'><strong>videtis</strong></span> <span class='ocrx_word' id='word_1_664' title='bbox 3284 4867 3471 4926; x_wconf 73' lang='lat' dir='ltr'><strong>Iesum</strong></span> 
     </span>
    </p>
   </div>
   <div class='ocr_carea' id='block_1_106' title="bbox 1898 4955 3505 5028">
    <p class='ocr_par' dir='ltr' id='par_1_106' title="bbox 1898 4955 3505 5028">
     <span class='ocr_line' id='line_1_106' title="bbox 1898 4955 3505 5028; baseline 0.002 -20"><span class='ocrx_word' id='word_1_665' title='bbox 1898 4955 2420 5020; x_wconf 86' lang='lat' dir='ltr'><strong>ascendentem,sic</strong></span> <span class='ocrx_word' id='word_1_666' title='bbox 2480 4970 2700 5012; x_wconf 88' lang='lat' dir='ltr'><strong>rursum</strong></span> <span class='ocrx_word' id='word_1_667' title='bbox 2752 4957 2939 5011; x_wconf 89' lang='lat' dir='ltr'><strong>veniet</strong></span> <span class='ocrx_word' id='word_1_668' title='bbox 2996 4958 3066 5012; x_wconf 92' lang='lat' dir='ltr'><strong>ad</strong></span> <span class='ocrx_word' id='word_1_669' title='bbox 3111 4958 3505 5028; x_wconf 87' lang='lat' dir='ltr'><strong>judicandmn--</strong></span> 
     </span>
    </p>
   </div>
   <div class='ocr_carea' id='block_1_107' title="bbox 1897 5047 2180 5101">
    <p class='ocr_par' dir='ltr' id='par_1_107' title="bbox 1897 5047 2180 5101">
     <span class='ocr_line' id='line_1_107' title="bbox 1897 5047 2180 5101; baseline 0.004 -2"><span class='ocrx_word' id='word_1_670' title='bbox 1897 5047 2180 5101; x_wconf 83' lang='lat' dir='ltr'><strong>mundum.</strong></span> 
     </span>
    </p>
   </div>
   <div class='ocr_carea' id='block_1_108' title="bbox 1968 5137 3472 5209">
    <p class='ocr_par' dir='ltr' id='par_1_108' title="bbox 1968 5137 3472 5209">
     <span class='ocr_line' id='line_1_108' title="bbox 1968 5137 3472 5209; baseline 0.002 -16"><span class='ocrx_word' id='word_1_671' title='bbox 1968 5139 2177 5194; x_wconf 82' lang='lat' dir='ltr'><strong>Cuncta</strong></span> <span class='ocrx_word' id='word_1_672' title='bbox 2203 5149 2261 5194; x_wconf 90' lang='lat' dir='ltr'><strong>ut</strong></span> <span class='ocrx_word' id='word_1_673' title='bbox 2291 5139 2433 5194; x_wconf 88' lang='lat' dir='ltr'><strong>Deus</strong></span> <span class='ocrx_word' id='word_1_674' title='bbox 2464 5137 2710 5194; x_wconf 83' lang='lat' dir='ltr'><strong>inﬁnitus</strong></span> <span class='ocrx_word' id='word_1_675' title='bbox 2727 5140 2964 5209; x_wconf 88' lang='lat' dir='ltr'><strong>replens,</strong></span> <span class='ocrx_word' id='word_1_676' title='bbox 2999 5141 3244 5208; x_wconf 90' lang='lat' dir='ltr'><strong>Domine,</strong></span> <span class='ocrx_word' id='word_1_677' title='bbox 3273 5143 3472 5197; x_wconf 70' lang='lat' dir='ltr'><strong>omium</strong></span> 
     </span>
    </p>
   </div>
   <div class='ocr_carea' id='block_1_109' title="bbox 1899 5231 3474 5290">
    <p class='ocr_par' dir='ltr' id='par_1_109' title="bbox 1899 5231 3474 5290">
     <span class='ocr_line' id='line_1_109' title="bbox 1899 5231 3474 5290; baseline 0.002 -4"><span class='ocrx_word' id='word_1_678' title='bbox 1899 5247 2024 5286; x_wconf 90' lang='lat' dir='ltr'><strong>cum</strong></span> <span class='ocrx_word' id='word_1_679' title='bbox 2083 5245 2249 5286; x_wconf 90' lang='lat' dir='ltr'><strong>carne</strong></span> <span class='ocrx_word' id='word_1_680' title='bbox 2297 5238 2506 5285; x_wconf 80' lang='lat' dir='ltr'><strong>nostra</strong></span> <span class='ocrx_word' id='word_1_681' title='bbox 2545 5231 2879 5287; x_wconf 86' lang='lat' dir='ltr'><strong>conscendis</strong></span> <span class='ocrx_word' id='word_1_682' title='bbox 2933 5231 3193 5290; x_wconf 84' lang='lat' dir='ltr'><strong>demissis</strong></span> <span class='ocrx_word' id='word_1_683' title='bbox 3245 5244 3370 5289; x_wconf 92' lang='lat' dir='ltr'><strong>ante</strong></span> <span class='ocrx_word' id='word_1_684' title='bbox 3421 5245 3474 5290; x_wconf 92' lang='lat' dir='ltr'><strong>te</strong></span> 
     </span>
    </p>
   </div>
   <div class='ocr_carea' id='block_1_110' title="bbox 1898 5323 3478 5394">
    <p class='ocr_par' dir='ltr' id='par_1_110' title="bbox 1898 5323 3478 5394">
     <span class='ocr_line' id='line_1_110' title="bbox 1898 5323 3478 5394; baseline 0.003 -15"><span class='ocrx_word' id='word_1_685' title='bbox 1898 5323 2142 5379; x_wconf 90' lang='lat' dir='ltr'><strong>vultibus</strong></span> <span class='ocrx_word' id='word_1_686' title='bbox 2177 5323 2592 5378; x_wconf 87' lang='lat' dir='ltr'><strong>ministratoriis</strong></span> <span class='ocrx_word' id='word_1_687' title='bbox 2623 5324 2890 5393; x_wconf 75' lang='lat' dir='ltr'><strong>angelicis</strong></span> <span class='ocrx_word' id='word_1_688' title='bbox 2917 5327 3287 5394; x_wconf 85' lang='lat' dir='ltr'><strong>potestatibus</strong></span> <span class='ocrx_word' id='word_1_689' title='bbox 3310 5329 3478 5383; x_wconf 61' lang='lat' dir='ltr'><strong>latis-</strong></span> 
     </span>
    </p>
   </div>
   <div class='ocr_carea' id='block_1_111' title="bbox 1904 5415 3471 5486">
    <p class='ocr_par' dir='ltr' id='par_1_111' title="bbox 1904 5415 3471 5486">
     <span class='ocr_line' id='line_1_111' title="bbox 1904 5415 3471 5486; baseline 0.003 -16"><span class='ocrx_word' id='word_1_690' title='bbox 1904 5431 2010 5485; x_wconf 87' lang='lat' dir='ltr'><strong>que</strong></span> <span class='ocrx_word' id='word_1_691' title='bbox 2065 5423 2119 5469; x_wconf 88' lang='lat' dir='ltr'><strong>te</strong></span> <span class='ocrx_word' id='word_1_692' title='bbox 2186 5415 2598 5470; x_wconf 82' lang='lat' dir='ltr'><strong>celebrantibus</strong></span> <span class='ocrx_word' id='word_1_693' title='bbox 2663 5417 2929 5486; x_wconf 89' lang='lat' dir='ltr'><strong>apostolis</strong></span> <span class='ocrx_word' id='word_1_694' title='bbox 2987 5427 3042 5472; x_wconf 89' lang='lat' dir='ltr'><strong>et</strong></span> <span class='ocrx_word' id='word_1_695' title='bbox 3106 5419 3409 5476; x_wconf 89' lang='lat' dir='ltr'><strong>dicentibus</strong></span> <span class='ocrx_word' id='word_1_696' title='bbox 3458 5439 3471 5474; x_wconf 92' lang='lat'>:</span> 
     </span>
    </p>
   </div>
   <div class='ocr_carea' id='block_1_112' title="bbox 1904 5503 2873 5571">
    <p class='ocr_par' dir='ltr' id='par_1_112' title="bbox 1904 5503 2873 5571">
     <span class='ocr_line' id='line_1_112' title="bbox 1904 5503 2873 5571; baseline 0 -10"><span class='ocrx_word' id='word_1_697' title='bbox 1904 5504 2251 5571; x_wconf 87' lang='lat' dir='ltr'><strong>Sacerdotes,</strong></span> <span class='ocrx_word' id='word_1_698' title='bbox 2284 5505 2592 5560; x_wconf 71' lang='lat' dir='ltr'><strong>henedicxte</strong></span> <span class='ocrx_word' id='word_1_699' title='bbox 2619 5503 2873 5561; x_wconf 87' lang='lat' dir='ltr'><strong>Domino.</strong></span> 
     </span>
    </p>
   </div>
   <div class='ocr_carea' id='block_1_113' title="bbox 1977 5612 3476 5682">
    <p class='ocr_par' dir='ltr' id='par_1_113' title="bbox 1977 5612 3476 5682">
     <span class='ocr_line' id='line_1_113' title="bbox 1977 5612 3476 5682; baseline 0.001 -12"><span class='ocrx_word' id='word_1_700' title='bbox 1977 5614 2339 5670; x_wconf 86' lang='lat' dir='ltr'><strong>Sanetissima</strong></span> <span class='ocrx_word' id='word_1_701' title='bbox 2361 5612 2454 5668; x_wconf 91' lang='lat' dir='ltr'><strong>Dei</strong></span> <span class='ocrx_word' id='word_1_702' title='bbox 2478 5613 2668 5676; x_wconf 76' lang='lat' dir='ltr'><strong>Mater,</strong></span> <span class='ocrx_word' id='word_1_703' title='bbox 2704 5615 2900 5668; x_wconf 65' lang='lat' dir='ltr'><strong>animae</strong></span> <span class='ocrx_word' id='word_1_704' title='bbox 2930 5629 3063 5671; x_wconf 66' lang='lat' dir='ltr'><strong>mea:</strong></span> <span class='ocrx_word' id='word_1_705' title='bbox 3083 5617 3202 5672; x_wconf 89' lang='lat' dir='ltr'><strong>dele</strong></span> <span class='ocrx_word' id='word_1_706' title='bbox 3226 5618 3476 5682; x_wconf 86' lang='lat' dir='ltr'><strong>vulnera,</strong></span> 
     </span>
    </p>
   </div>
   <div class='ocr_carea' id='block_1_114' title="bbox 208 5703 1781 5785">
    <p class='ocr_par' dir='ltr' id='par_1_114' title="bbox 208 5711 1781 5785">
     <span class='ocr_line' id='line_1_114' title="bbox 208 5711 1781 5785; baseline -0.004 -14"><span class='ocrx_word' id='word_1_707' title='bbox 208 5718 307 5772; x_wconf 76' lang='grc' dir='ltr'><strong>καὶ</strong></span> <span class='ocrx_word' id='word_1_708' title='bbox 333 5714 431 5785; x_wconf 81' lang='grc' dir='ltr'>τῆς</span> <span class='ocrx_word' id='word_1_709' title='bbox 461 5711 733 5784; x_wconf 75' lang='grc' dir='ltr'>ἁμαρτεας</span> <span class='ocrx_word' id='word_1_710' title='bbox 777 5712 871 5774; x_wconf 75' lang='grc' dir='ltr'>τὰς</span> <span class='ocrx_word' id='word_1_711' title='bbox 899 5712 1060 5772; x_wconf 73' lang='grc' dir='ltr'>οὐλὰς</span> <span class='ocrx_word' id='word_1_712' title='bbox 1100 5711 1402 5781; x_wconf 76' lang='grc' dir='ltr'>ἑξάλειψο),</span> <span class='ocrx_word' id='word_1_713' title='bbox 1435 5713 1635 5783; x_wconf 83' lang='grc' dir='ltr'>πηγαῖς</span> <span class='ocrx_word' id='word_1_714' title='bbox 1667 5712 1781 5765; x_wconf 83' lang='grc' dir='ltr'><strong>ἀπο</strong></span> 
     </span>
    </p>
   </div>
   <div class='ocr_carea' id='block_1_115' title="bbox 1911 5703 3478 5785">
    <p class='ocr_par' dir='ltr' id='par_1_115' title="bbox 1911 5703 3478 5784">
     <span class='ocr_line' id='line_1_115' title="bbox 1911 5703 3478 5784; baseline 0.004 -26"><span class='ocrx_word' id='word_1_715' title='bbox 1911 5705 2022 5761; x_wconf 76' lang='lat' dir='ltr'><strong>lava</strong></span> <span class='ocrx_word' id='word_1_716' title='bbox 2056 5719 2322 5784; x_wconf 82' lang='lat' dir='ltr'><strong>aquarum</strong></span> <span class='ocrx_word' id='word_1_717' title='bbox 2385 5703 2536 5759; x_wconf 79' lang='lat' dir='ltr'><strong>fonte</strong></span> <span class='ocrx_word' id='word_1_718' title='bbox 2565 5717 2686 5774; x_wconf 64' lang='lat' dir='ltr'><strong>qua:</strong></span> <span class='ocrx_word' id='word_1_719' title='bbox 2714 5705 3022 5760; x_wconf 84' lang='lat' dir='ltr'><strong>scaturiunt</strong></span> <span class='ocrx_word' id='word_1_720' title='bbox 3057 5709 3124 5764; x_wconf 89' lang='lat' dir='ltr'><strong>de</strong></span> <span class='ocrx_word' id='word_1_721' title='bbox 3165 5706 3331 5766; x_wconf 88' lang='lat' dir='ltr'><strong>latere</strong></span> <span class='ocrx_word' id='word_1_722' title='bbox 3357 5706 3478 5764; x_wconf 61' lang='lat' dir='ltr'><strong>ltilii</strong></span> 
     </span>
    </p>
   </div>
  </div>
