3964 6322
1140 113 1172 128 κ.

449 251 592 315 3975

1269 245 1324 305 S.
1359 242 1774 304 SOPHRONII
1809 238 2314 302 PATRIARCILE
2350 236 2758 298 HIEROSUL.

3586 228 3722 291 3976

442 367 698 436 jungens,
753 355 911 412 illum
969 353 1295 412 extollmnus
1353 354 1827 424 gloriﬁcemusque
1865 362 2066 409 νουσα.

2173 347 2353 410 επτῶς
2381 349 2493 409 τοῖς
2517 346 2786 418 οὐρανοῖς,
2817 341 2992 415 τούτῳ
3013 339 3414 414 μεγαλωσύνην
3443 340 3542 394 καὶ
3570 337 3722 405 δόξαν

451 461 662 506 rantes.

524 543 763 616 Repulsa
810 542 870 598 in
920 540 1068 595 Eden
1117 546 1311 594 natura
1360 539 1481 594 visa
1529 537 1699 593 estin
1737 531 2023 589 altissimis

451 638 647 692 sedens
675 632 1004 689 mirabiliter
1043 646 1208 700 super
1240 630 1498 684 thronum
1522 627 1705 682 Patris
1731 626 1832 691 tui,
1866 624 2023 680 Chri-

451 738 558 788 ste,
599 736 652 781 et
683 725 928 796 undique
953 724 1272 792 suscipiens
1314 721 1664 776 adorationes
1696 715 2043 786 Angelorum,

453 817 937 887 Arrhangelornm,
977 814 1346 879 Thronorum,
1372 812 1706 868 Potestatum
1733 817 1788 865 et
1844 805 2030 861 Domi-

454 911 741 966 nationum
770 928 782 964 :
813 909 985 979 gloria
1030 907 1139 962 Deo
1170 916 1359 961 nostro
1401 907 1474 960 ita
1511 905 1565 958 in
1604 918 1722 959 eam
1755 899 2024 955 benefico.

526 1004 886 1069 Exspectate,
934 999 1146 1066 inquis,
1203 1011 1237 1050 ο
1278 995 1554 1059 Verbum,
1601 991 1886 1061 discipulis
1920 987 2042 1068 tuis!

455 1094 526 1149 ob
563 1091 943 1146 ascensionem
990 1099 1136 1141 tuam
1181 1087 1397 1142 mmstis
1437 1109 1448 1142 :
1493 1084 1675 1140 sedete
1709 1088 2032 1148 exspectan-

458 1196 539 1238 tes
582 1196 755 1252 usque
781 1180 906 1234 dum
968 1179 1150 1232 veniat
1190 1177 1256 1230 ad
1313 1191 1410 1231 vos
1447 1173 1752 1228 Paraclitus
1811 1170 2032 1224 divinus

457 1278 582 1330 fons
620 1274 860 1328 onmium
934 1271 1327 1324 charismatum
1372 1266 1718 1329 indelieiens;
1779 1263 1866 1316 ille
1923 1273 2034 1330 quo

457 1369 650 1424 melior
681 1381 838 1418 nemo
868 1363 1084 1416 docebit
1114 1377 1208 1416 vos
1237 1361 1443 1416 omnia.

636 1455 716 1508 Tu
744 1452 1002 1523 fortitudo
1036 1452 1271 1504 omnium
1312 1453 1366 1502 in
1394 1457 1441 1503 te
1464 1446 1865 1517 conﬁdentiam.

530 1546 636 1610 Tu,
668 1545 918 1606 Domine,
975 1552 1224 1597 naturam
1252 1541 1365 1610 jam
1397 1540 1815 1595 condemnatam
1851 1545 2032 1588 trans-

459 1633 950 1705 gressionibusque
1009 1633 1339 1686 maculatam
1391 1643 1558 1700 super
1587 1628 1810 1700 angelos
1851 1632 2037 1694 utpote

459 1726 777 1780 misericors
817 1723 1090 1779 extulisti.

461 1907 714 1971 Domine,
743 1905 960 1976 angelis
989 1915 1046 1960 ut
1077 1922 1235 1961 suum
1264 1905 1584 1960 Creatonem
1613 1915 1677 1956 ac
1709 1899 1899 1956 Deum.

527 2083 822 2154 Postquam
883 2085 938 2139 in
980 2084 1181 2140 coelum
1231 2079 1555 2143 ascendisti,
1599 2077 1825 2144 misisti,
1871 2076 2040 2133 ocle-

461 2179 827 2243 meutissime,
881 2177 1150 2247 apostolis
1232 2175 1342 2230 tuis
1390 2173 1738 2229 Paracletum
1774 2168 2040 2241 Spiritum

461 2271 708 2327 veritatis
739 2271 833 2340 qui
865 2270 1089 2324 doceret
1122 2285 1241 2324 eos.

528 2361 770 2418 Verbum
797 2362 864 2416 de
897 2372 947 2417 te
988 2373 1272 2430 assumpta
1303 2375 1468 2414 carne
1501 2357 1652 2414 venit
1679 2356 1746 2412 ad
1779 2370 1902 2421 nos,
1939 2354 2042 2408 im-

463 2455 760 2518 maculata,
812 2469 911 2508 sua
948 2463 1126 2507 motus
1165 2451 1563 2529 misericordia,
1621 2458 1681 2504 ut
1715 2464 1815 2503 nos
1863 2446 2042 2518 primo

464 2557 763 2616 parentum
797 2556 1113 2599 nostrorum
1149 2553 1374 2614 peccato
1401 2544 1582 2614 lapsos
1607 2544 1876 2600 reticeret.

767 2633 832 2686 In
866 2633 1256 2688 intolerabilem
1288 2635 1460 2702 ignem
1496 2632 1725 2686 detrusi.

524 2726 773 2781 Peractis
821 2726 1080 2780 omnibus
1119 2741 1242 2795 quae
1293 2724 1767 2793 prmordinaveras
1817 2730 2043 2794 propter

466 2827 710 2872 nostram
747 2816 1330 2884 salutem,assnmptus
1364 2830 1442 2876 es,
1475 2813 1728 2879 Domine,
1751 2813 1804 2866 in
1843 2812 2039 2881 gloria,

465 2908 782 2961 videntibus
823 2918 873 2959 te
922 2905 1214 2975 discipulis
1256 2916 1310 2960 et
1359 2921 1482 2959 cum
1535 2914 1773 2958 tremore
1821 2903 2043 2957 concla-

2128 438 2279 508 φόϐῳ
2309 436 2691 507 προσάξωμεν.
3499 486 3502 488 ν

2212 529 2278 582 Ἠ
2312 528 2632 583 ἀπωσθεῖσα
2671 527 2834 597 φύσις
2865 529 2925 581 ὲν
2956 527 3122 600 Ἐδὲμ
3167 526 3479 596 καθορᾶται
3525 523 3589 576 ἐν
3618 524 3723 586 τοῖς

2132 620 2380 691 ὑψίστοις
2413 620 2591 692 θρόνῳ
2613 619 2870 690 πατρικῷ
2900 619 3223 690 ὲνιδρυμένη
3250 613 3602 686 παραδόξως,
3634 614 3722 665 καὶ

2133 712 2592 784 προσκυνουμένη
2606 712 2836 766 πάντοτε
2869 709 3282 778 ὑπὸἋγγέλων.
3309 708 3403 760 ὑπ’
3421 704 3715 776 ’Δρχαγγέο

2133 803 2261 868 λων,
2275 803 2512 872 Θρόνων,
2527 802 2841 870 Δυνάμεων,
2859 801 3069 872 ’Λρχῶν
3090 817 3103 829 ⁸
3125 800 3254 864 δόξα
3268 798 3346 868 τῷ
3363 797 3724 866 εὑδοκήσαντι

2135 897 2308 959 οὕτως
2337 897 2485 967 μόνῳ
2519 896 2639 966 θεῷ
2667 895 2846 966 ήμῶν.

2222 988 2445 1058 Ὁρᾶτε,
2483 987 2640 1060 ἔφης,
2675 987 2839 1056 Δόγε,
2876 985 3144 1058 μαθηταῖς
3173 984 3535 1054 λυπουμένοις
3552 984 3622 1051 τῇ
3663 983 3727 1050 σῇ

2139 1079 2312 1150 ἀνόδῳ
2335 1096 2347 1109 ·
2379 1079 2620 1149 κάθησθε
2673 1079 3078 1150 προσμένοντες
3128 1078 3186 1129 ἑν
3223 1077 3402 1128 πίστει
3457 1076 3566 1136 ἕως
3601 1073 3730 1146 ἔλθῃ

2140 1171 2282 1235 θεῖος
2311 1172 2446 1242 πρὸς
2485 1172 2630 1241 ὑμᾶς
2660 1170 3022 1242 Παράκλητος
3057 1172 3123 1221 ὲκ
3165 1169 3273 1220 τῶν
3321 1167 3594 1236 ὑψίστων,
3624 1163 3730 1216 τῶν

2140 1264 2496 1334 χαρισμάτων
2557 1261 2776 1316 πάντων
2831 1262 2863 1331 ἡ
2898 1260 3128 1329 ἄφθονος
3174 1261 3323 1330 πηγή
3346 1275 3361 1290 ·
3393 1252 3555 1320 οὗτος
3588 1257 3732 1321 ὑμᾶς

2057 1371 2061 1374 ·
2141 1355 2341 1420 διδάξει
2361 1355 2432 1409 τά
2462 1354 2640 1408 πάντα
2668 1354 2745 1416 ὡς
2771 1352 3137 1422 ὑπεράγαθος.

2326 1448 2396 1502 Τὸ
2429 1445 2736 1516 στερέωμα
2768 1443 2887 1498 τῶν
2906 1443 3006 1498 ἐπὶ
3036 1443 3136 1498 σοὶ
3159 1442 3558 1496 πεποιθότων.

2215 1539 2328 1610 Τὴν
2358 1541 2690 1611 κατάκριτον
2712 1539 2807 1593 καὶ
2833 1536 3148 1608 παραϐάσει
3178 1534 3482 1606 φθαρεῖσαν
3527 1535 3740 1604 ἀνήγα-

2145 1650 2261 1702 γες,
2295 1633 2562 1697 Δέσποτα,
2587 1631 2751 1702 φύσιν
2778 1630 3084 1701 ἀνθρώπων
3123 1629 3382 1698 ὑπεράνω
3407 1625 3521 1680 τῶν
3564 1624 3740 1693 ἀγγέ-

2069 1707 2114 1766 B
2141 1725 2272 1786 λων,
2301 1725 2378 1787 ὼς
2405 1723 2800 1794 εὑσπλαγχνος.

530 1816 668 1871 Cum
704 1816 879 1886 gloria
916 1815 1115 1869 coelum
1146 1812 1546 1877 conscendisti,
1581 1808 1936 1864 laudantibus
1967 1813 2039 1872 te,
2101 1867 2113 1876 ,

2225 1815 2587 1886 Ἀνελήλυθας
2619 1817 2758 1886 πρὸς
2779 1815 3007 1886 οὐρανὸν
3033 1813 3174 1884 μετά
3203 1812 3385 1882 δόξης,
3415 1810 3741 1881 ὑμνούντων

2144 1922 2226 1969 σε,
2242 1905 2439 1974 Κύριε,
2463 1905 2575 1960 τῶν
2601 1906 2910 1974 ἀσωμάτων
2933 1903 3010 1967 ὡς
3049 1903 3160 1957 τῶν
3193 1903 3330 1956 ὅλων
3364 1900 3611 1970 Ποιητὴν
3643 1899 3737 1952 καὶ

2141 1995 2275 2050 Θεδν
2299 1995 2504 2050 αὑτῶν.

2215 2087 2320 2142 Τὸν
2337 2086 2719 2159 Παράκλητον,
2739 2087 2842 2158 τῆς
2855 2086 3114 2159 ἀληθείας
3135 2087 3195 2140 τὸ
3215 2085 3465 2156 Πνεῦμα,
3484 2084 3736 2138 ἀπέστει-

2141 2180 2260 2246 λας,
2289 2181 2560 2245 Δέσποτα,
2587 2181 2701 2243 τοῖς
2736 2179 3004 2250 μαθηταῖς
3035 2195 3162 2242 σου,¹
3185 2177 3430 2232 ἀνελθὼν
3460 2179 3543 2240 είς
3568 2177 3734 2248 0'59:-

2142 2272 2288 2336 νοὺς,
2316 2270 2654 2342 ὑπεράγαθε.

2212 2365 2643 2436 Σωματούμενος
2668 2367 2734 2419 ὲκ
2777 2364 2873 2418 σοῦ
2901 2363 3174 2436 προῆλθεν
3201 2363 3231 2417 ὁ
3259 2363 3460 2431 Λόγος,
3510 2363 3613 2432 τὴν
3649 2361 3736 2415 ἔκ-

2143 2472 2262 2508 πτω
2272 2472 2372 2519 σιν,
2399 2454 2658 2525 ἀχραντε,
2679 2453 2790 2507 τῶν
2806 2452 3168 2525 προπατόρων
3193 2451 3284 2506 δια
3301 2451 3594 2521 σπλάγχνα
3617 2452 3736 2504 οἰκ·

2141 2542 2354 2614 τιρμῶν
2387 2543 2614 2614 ἀνορθού
2625 2560 2808 2614 μενος.

2507 2636 2808 2698 Ἀστέκτφ
2851 2633 2996 2702 πυρί
3030 2633 3376 2699 ἐνωθέιτες.

2214 2727 2402 2779 Πᾶσαν
2431 2727 2459 2779 ό
2491 2724 2624 2788 Θεὸς
2646 2725 3013 2796 ἐκπληρώσας
3043 2724 3142 2795 τὴν
3167 2725 3310 2793 ὑπὲρ
3340 2725 3374 2792 ἡ
3386 2722 3507 2792 μῶν
3536 2723 3732 2775 οἰκονο-

2147 2817 2278 2889 μίαν
2304 2817 2634 2888 άνελήφθης,
2664 2814 3024 2887 καθορώντων
3063 2817 3174 2868 τῶν
3199 2814 3462 2885 μαθητῶν
3497 2831 3620 2880 σου,
3646 2814 3736 2867 καὶ

2143 2909 2293 2981 φόϐῳ
2318 2907 2565 2980 βοώντων
2593 2926 2696 2974 σοι,
2715 2907 3022 2978 Εὑλογεῖτε,
3048 2909 3228 2962 πάντα
3250 2908 3318 2960 τὰ
3333 2907 3498 2978 ἔργα,
3516 2906 3611 2960 τὸν
3627 2905 3734 2959 Κύ-

467 2999 746 3052 mamibus
769 2994 993 3050 :Omnia
1010 3011 1176 3065 opera
1199 2994 1436 3060 Domini,
1461 2995 1768 3050 benedicite
1785 2993 2038 3047 Domino.
2070 3039 2114 3098 Γ
2150 3017 2282 3072 ρων,

538 3091 653 3146 Viri
685 3091 916 3156 Galilati,
947 3090 1205 3144 dicebant
1235 3091 1438 3160 angeli,
1472 3090 1602 3158 quid
1645 3090 1724 3145 si:
1759 3088 2042 3143 attenditis
2071 3081 2116 3101 “⁴

475 3183 543 3237 ad
606 3183 895 3236 Dominum
955 3192 1195 3236 vestrum
1258 3181 1312 3235 in
1385 3181 1588 3235 cmlum
1649 3187 2042 3245 revertentem;

468 3286 630 3341 quem
662 3273 744 3326 sic
776 3270 973 3326 videtis
1008 3285 1203 3325 rursus
1229 3270 1409 3324 veniet
1438 3272 1505 3324 ad
1541 3269 1901 3339 judicandam
1923 3282 2046 3322 om-

470 3378 595 3418 nem
623 3373 956 3422 creaturam.
984 3361 1316 3417 constitutus
1341 3361 1589 3415 omnium
1621 3360 1811 3431 judex.

541 3453 586 3506 ι)
608 3455 698 3523 qui
728 3454 928 3508 ccelum
958 3453 1289 3508 conscendis
1313 3467 1438 3507 cum
1467 3451 1639 3522 gloria
1664 3452 1810 3506 nube
1832 3459 2046 3513 vectus,

471 3547 661 3600 emitte
707 3545 1050 3615 nobisjuxta
1084 3544 1416 3615 promissum
1453 3552 1608 3598 tuum
1660 3542 1924 3612 Spiritum
1959 3555 2048 3596 re—

471 3648 642 3701 ctum,
673 3637 939 3707 Spiritum
960 3638 1228 3702 divinum,
1275 3636 1534 3706 Spiritum
1581 3634 1876 3688 indivisum
1914 3648 1944 3686 a
1973 3640 2046 3698 te,

472 3727 784 3782 ciamabant
817 3727 988 3782 divini
1013 3726 1268 3798 apostoli,
1299 3736 1357 3780 ut
1386 3737 1438 3780 te
1461 3740 1558 3796 per
1587 3739 1749 3778 omne
1786 3722 2048 3779 sarculum

474 3820 780 3874 laudemus.

543 3913 763 3983 Eligens
799 3912 907 3968 sibi
944 3911 1314 3968 habitaculum
1359 3925 1425 3964 ex
1476 3917 1552 3974 te,
1582 3909 1747 3978 Virgo
1799 3908 2050 3977 innupta,

475 4021 696 4061 carnem
725 4005 960 4074 sumpsit
1001 4004 1264 4060 inell’abili
1290 3999 1672 4056 misericordia
1703 4019 1718 4068 ;
1760 4001 1874 4055 sola
1906 3999 2050 4054 enim

479 4095 712 4150 ﬁliorum
745 4095 1031 4148 hominum
1072 4095 1243 4148 electa
1283 4109 1343 4148 es
1373 4091 1725 4146 immaculata
1770 4100 1830 4145 ut
1863 4091 2055 4144 imma-

477 4185 645 4240 culati
680 4186 840 4240 lieres
889 4188 1103 4239 domus.

797 4271 948 4326 Nova
978 4285 1028 4327 et
1065 4273 1224 4343 digna
1258 4271 1364 4326 Deo
1395 4271 1638 4324 miranda
1667 4287 1766 4324 res.

552 4364 656 4430 Qui
692 4365 907 4418 medios
927 4364 1080 4418 inter
1113 4363 1315 4417 laetitiae
1340 4373 1540 4417 camus
1569 4361 1812 4416 ascendit
1853 4362 1906 4415 in
1944 4375 2054 4416 ete-
2079 4365 2133 4425 D

479 4457 592 4510 lum
625 4473 745 4509 cum
788 4454 983 4526 gloria,
1007 4465 1063 4508 ut
1093 4454 1222 4508 olim
1274 4453 1608 4523 praadixerat
1645 4455 1929 4523 propheta,
1963 4453 2054 4506 ille

479 4557 563 4602 est
618 4545 880 4600 Dominus
933 4554 986 4598 et
1031 4546 1173 4600 Deus
1224 4545 1512 4610 omnium;
1563 4556 1773 4614 gentes,
1813 4546 2051 4614 psallite,

481 4637 697 4708 psallite
734 4639 785 4690 in
821 4636 926 4692 (ide
976 4646 1029 4690 et
1078 4645 1316 4698 tremore
1359 4628 1733 4706 gloriﬁcantes
1775 4637 1868 4707 qui
1903 4637 2054 4692 inve-

479 4730 751 4800 stigabilia
779 4739 832 4784 et
861 4731 1249 4784 inenarrabilia
1283 4729 1432 4783 fecit.

548 4822 826 4877 Tristibus
889 4821 1028 4876 dixit
1085 4820 1500 4892 discipulis:Si
1579 4822 1844 4877 obediens
1903 4821 2052 4876 Patri

483 4929 602 4967 meo
651 4913 744 4982 qui
797 4929 882 4967 me
918 4913 1070 4967 misit
1114 4912 1342 4966 discedo
1388 4927 1418 4965 a
1455 4911 1633 4978 vobis,
1685 4912 1798 4966 haec
1835 4927 1940 4967 non
1999 4915 2051 4966 in

481 5011 746 5057 aeternum
769 5005 872 5058 erit
903 5003 1178 5073 separatio
1202 5020 1216 5069 ;
1239 5003 1386 5058 abite
1427 5018 1524 5073 per
1550 5012 1725 5058 totum
1753 5004 2051 5071 mundum;

483 5097 634 5149 illum
668 5098 860 5151 docete
897 5096 1026 5165 quia
1065 5111 1165 5166 ego
1198 5111 1319 5152 sum
1350 5109 1474 5150 vere
1505 5095 1649 5151 Deus
1679 5097 1770 5164 qui
1809 5094 1906 5152 feci
1933 5111 2055 5166 quae

481 5187 716 5243 audistis
743 5195 796 5241 et
823 5187 1060 5243 vidistis.

549 5277 688 5331 Pace
710 5277 834 5330 data
865 5278 1142 5341 omnibus,
1171 5278 1342 5334 nubes
1361 5286 1432 5344 te,
1456 5278 1694 5344 Christe,
1728 5280 1969 5348 sust-epit
2000 5286 2054 5332 et

480 5377 798 5438 assumptus
855 5384 914 5424 es
960 5368 1027 5424 de
1085 5380 1228 5425 terra
1285 5371 1602 5427 videntibus
1654 5381 1708 5427 te
1763 5371 2054 5440 discipulis

483 5461 744 5524 cunctis;
779 5468 831 5513 et
864 5460 916 5513 in
958 5461 1156 5516 caelum
1205 5463 1416 5518 assides
1449 5463 1594 5517 Patri
1653 5479 1820 5533 super
1860 5478 2053 5518 omnes

484 5546 904 5620 Principatuset
940 5552 1265 5608 Potestates.

2222 3091 2446 3162 Ἀνδρες
2471 3088 2689 3161 άληθῶς
2718 3088 3013 3155 Γαλιλαῖοι,
3035 3087 3088 3140 τί
3105 3087 3449 3151 ἐνατενίζετε
3494 3090 3642 3141 οὕτω
3664 3086 3740 3159 τῷ

2146 3182 2392 3252 Δεσπότῃ
2418 3181 2554 3252 πρὸς
2581 3181 2844 3252 οὐρανοὺς
2880 3180 3252 3252 ἀνερχομένῳ,
3281 3179 3467 3248 ελεγον
3491 3181 3542 3233 οί
3575 3183 3736 3249 ἀγγε-

2147 3276 2232 3327 λοι
2258 3291 2273 3340 ;
2321 3274 2417 3326 Ὃν
2443 3274 2628 3343 ὁρᾶτε,
2662 3271 2825 3324 πάλιν
2863 3265 3018 3334 οὗτος
3051 3269 3236 3340 μέλλει
3265 3269 3529 3339 ἔρχεσθαι
3559 3272 3738 3340 κρῖναι

2148 3367 2332 3419 πᾶσαν
2365 3363 2566 3427 κτίσιν,
2606 3363 2804 3433 κριτὴς
2836 3363 3058 3416 πάντων
3093 3361 3377 3432 ὑπάρχων.

2221 3456 2445 3526 Πνεῦμα
2473 3455 2534 3508 τὸ
2563 3454 2740 3518 εὑθὲς,
2767 3453 2991 3524 Πνεῦμα
3025 3453 3188 3517 θεῖον,
3223 3451 3445 3522 Πνεῦμα
3472 3452 3534 3506 to
3579 3453 3739 3506 συνόν

2152 3567 2234 3602 σοι
2280 3548 2617 3620 άμερίστως,
2676 3547 2751 3610 ὼς
2799 3546 3065 3616 ὑπέσχου,
3095 3545 3315 3615 πέμψον
3366 3545 3523 3615 ημῖν,
3555 3547 3584 3597 ό
3622 3549 3739 3609 ταῖς

2150 3641 2403 3710 νεφέλαις
2427 3639 2556 3712 δόξῃ
2627 3638 3018 3709 ἐποχούμενος,
3053 3636 3190 3689 Θεοῦ
3230 3636 3393 3704 Λόγε,
3430 3636 3566 3689 θεῖοι
3605 3637 3741 3690 ἁπό-

2155 3729 2331 3784 στολοι
2357 3729 2612 3803 ἔκραζον,
2644 3731 2793 3793 ὅπως
2835 3746 2894 3782 σε
2923 3729 3182 3800 ὑμνῶμεν
3233 3729 3315 3791 είς
3360 3727 3570 3792 πάντας
3617 3729 3742 3792 τοὺς

2153 3824 2378 3887 αἰῶνας.
3383 3865 3392 3878 .

2237 3916 2332 3967 Ἐκ
2363 3913 2456 3967 σοῦ
2489 3913 2581 3966 τοῦ
2609 3913 2742 3965 Θεοῦ
2765 3915 2799 3983 ἡ
2834 3911 2994 3980 σοφία
3015 3907 3162 3964 οἷκον
3189 3911 3357 3981 ἑαυτῇ
3381 3911 3741 3982 δομησαμενη

2156 4004 2470 4076 ὲσαρκὼθη,
2502 4006 2800 4075 ἀπορρήτῳ
2844 4003 3276 4069 συγκαταϐάσει,
3326 4002 3475 4073 Κόρη
3509 4003 3741 4072 ἀπειρό-

2155 4113 2303 4166 γαμε
2324 4113 2336 4126 ·
2367 4097 2432 4148 σὺ
2463 4095 2572 4165 γὰρ
2599 4095 2733 4166 μόνη
2762 4095 2984 4149 πάντων
3010 4093 3217 4162 γενεῶν
3243 4091 3528 4158 ὲκλέλεξαι
3572 4094 3740 4163 1:980-

2160 4205 2251 4259 ρος
2283 4186 2524 4258 ἀφθόρου
2547 4188 2626 4248 είς
2650 4185 2938 4239 κατοικίαν
2969 4185 3174 4253 Λόγου.

2471 4277 2694 4332 Καινὸν
2721 4277 2918 4346 θαῦμα
2957 4275 3055 4330 καί
3081 4275 3427 4345 θεοπρεπὲς.

2239 4368 2298 4421 ὐ
2339 4367 2480 4440 μετά
2541 4367 2702 4439 δόξης
2758 4370 2815 4421 ἐν
2845 4367 3150 4439 ἀλαλαγμῷ
3198 4368 3586 4439 ἀνερχόμενος,
3613 4368 3689 4430 ὡς
3716 4368 3743 4420 ό

2161 4461 2448 4531 προφήτης
2471 4458 2640 4512 πάλαι
2693 4461 2878 4529 φησὶν,
2914 4453 3070 4522 οὗτος
3112 4459 3329 4513 πάντων
3382 4458 3591 4528 Κύριός
3630 4461 3742 4512 ἐστι

2161 4557 2254 4606 καὶ
2282 4553 2558 4621 Δεσπότης
2575 4569 2587 4583 ’
2607 4552 2832 4622 ψάλατε,
2871 4553 3018 4622 ἔθνη,
3039 4552 3213 4624 τούτῳ
3237 4543 3294 4604 ὲν
3311 4551 3492 4605 πίστει
3513 4552 3741 4622 ψάλατε,

2161 4645 2254 4695 καὶ
2286 4643 2476 4714 τρόμῳ
2510 4643 2678 4696 αὑτὸν
2697 4643 3027 4710 δοξολογεῖτε
3049 4643 3141 4696 τὸν
3173 4645 3550 4714 ἐργασάμενον
3571 4644 3742 4706 ἀνεξι-

2161 4736 2385 4805 χνίαστα
2411 4736 2505 4789 καὶ
2537 4735 2846 4805 ἀπόρρητα.

2229 4826 2586 4892 Κατηφιῶσιν
2617 4825 2720 4893 ἔφη
2752 4825 3045 4894 μαθηταῖς,
3094 4825 3168 4878 υὺ
3200 4826 3508 4898 χωρίζομαι
3539 4825 3617 4888 εἰς
3655 4825 3742 4877 τὸν

2162 4915 2336 4971 αἰῶνα
2359 4917 2494 4978 ὅλως
2518 4917 2694 4985 ὑμῶν,
2713 4918 2759 4968 εἰ
2791 4917 2886 4969 καὶ
2917 4916 3054 4987 πρὸς
3081 4916 3172 4971 τὸν
3199 4917 3492 4987 πέμψαντα
3526 4917 3741 4985 Πατέρα

2163 5007 2395 5075 ὑπάγω·
2455 5008 2657 5072 ἄπιτε,
2697 5008 2900 5077 κόσμον
2963 5007 3084 5061 ὃλον
3140 5008 3524 5078 μαθητεύσατε
3575 5009 3739 5076 γιν.ἐ.-

2164 5115 2314 5151 σκειν
2346 5097 2478 5152 Θεὸν
2509 5098 2760 5168 ἀληθινόν
2790 5115 2878 5169 με,
2917 5099 3009 5152 τὸν
3031 5100 3407 5171 ἐργασάμενον
3445 5100 3481 5153 ἃ
3517 5100 3741 5154 ἐθεάσα-

2164 5190 2256 5242 σθε
2290 5191 2382 5242 καὶ
2413 5190 2702 5258 ἠκούσατε.

2235 5280 2472 5349 Εἰρήνην
2526 5282 2690 5333 πᾶσιν
2742 5279 2969 5358 ἔφησας,
3033 5283 3259 5353 Χριστὲ,
3297 5286 3392 5336 καὶ
3441 5286 3640 5355 νεφέλη
3683 5302 3738 5337 σε

2164 5369 2511 5422 ὑπολαϐοῦσα
2544 5365 2696 5432 αὖθις
2728 5371 2925 5438 φωτὸς,
2969 5372 3188 5425 πάντων
3219 5372 3599 5443 καθορώντων,
3635 5375 3739 5426 ἀπὸ

2163 5463 2266 5532 γῆς
2289 5460 2576 5531 άνυψώθης
2597 5477 2609 5490 ·
2642 5463 2732 5513 καὶ
2754 5462 2993 5516 ἀνελθὼν
3029 5466 3291 5520 ἐπέκεινα
3314 5467 3574 5530 ὲκάθισας
3602 5466 3740 5521 ἁπά-

2165 5571 2264 5624 σης
2295 5553 2495 5623 Ἀρχῆς
2531 5553 2911 5618 καὶἙξουσίας
2935 5573 2947 5585 ο
2987 5557 3067 5610 διὸ
3113 5558 3390 5628 ὑμνοῦμεν
3420 5558 3520 5630 τὴν
3574 5558 3740 5612 πόλει·

2167 5645 2400 5714 ύμνητον
2418 5641 2543 5694 δυνά
2554 5643 2730 5694 ςτείαν
2757 5659 2868 5697 σου.
