3964 6322
205 321 333 398 3977

1621 326 2030 391 TRIODIUM.

3311 305 3450 383 3978

267 450 446 513 Φωτδς
475 447 683 519 δοχεῖον
712 446 892 515 φαίνει
924 464 1001 507 σε,
1040 446 1201 515 ἁγνὴ,
1226 448 1335 499 όὲκ
1362 442 1455 498 σοῦ
1484 443 1771 512 ἀτρέπτως

1949 436 2115 495 Lucis
2142 444 2196 495 te
2243 434 2651 510 receptaculum
2699 435 2963 504 ostendit,
2990 450 3024 492 ο
3070 434 3448 503 immaculata,

206 542 504 615 σαρκωθεὶς
530 540 785 611 ἀρρήτως
815 538 950 602 Θεός
978 556 992 569 ·
1052 540 1112 593 ὲν
1149 536 1369 606 σταυρῷ
1424 534 1647 604 seeae;
1677 530 1772 585 τοῦ

1913 537 2023 587 lens
2073 531 2168 600 qui
2226 522 2487 587 ineffabili
2517 531 2682 587 modo
2714 531 2784 586 de
2830 538 2885 585 te
2936 529 3262 585 incarnatus
3313 536 3448 584 est:

214 637 378 702 Ἀδὰμ
406 632 503 702 τὴν
532 630 744 689 οὐσίαν.
776 628 871 684 καὶ
895 632 952 684 ὲν
980 632 1195 700 νεκροῖς
1241 624 1585 698 πρωτότοκος
1616 622 1774 692 γενό-

1913 623 2128 677 xaltasti
2188 621 2335 677 enim
2394 622 2447 675 in
2497 628 2663 677 eruce
2727 621 2918 675 Adami
2978 620 3344 709 substantiam
3396 626 3453 671 et

204 744 380 798 μενος,
404 726 498 777 καὶ
538 724 714 793 μένων
739 722 873 785 Θεὸς
904 724 963 774 ὲν
1001 724 1114 784 τοῖς
1150 719 1416 788 ὑψίστοις,
1448 716 1565 787 ἅμα
1598 713 1775 784 Πατρί

1913 722 2057 768 ictus
2088 726 2150 766 es
2176 711 2575 781 primogenitus
2588 727 2657 768 cx
2682 711 2949 777 mortuis,
2980 725 3208 767 manens
3226 710 3280 765 in
3310 712 3452 766 coelo

203 833 259 871 τε
292 816 386 869 καὶ
414 812 544 883 θείῳ
578 811 857 882 Πνεύματι
885 810 1262 879 δοξαζόμενος.

621 987 685 1041 '0
714 986 1063 1055 καθήμενος¹
1077 984 1148 1039 ἐν
1187 985 1362 1052 δόξῃ.

276 1082 332 1137 Ὁ
365 1058 781 1152 ἀπρόσιτος
817 1077 1000 1147 φύσιν,
1034 1075 1293 1148 προσιτός
1332 1091 1423 1145 μοι
1461 1071 1775 1142 γενόμενος,

193 1183 273 1241 ὡς
314 1176 411 1247 ἐμὲ
440 1173 697 1243 φορέσας,
725 1171 857 1240 ὅλην
886 1186 989 1239 μου
1016 1168 1117 1238 τὴν
1138 1166 1298 1236 φύσιν
1327 1164 1665 1234 ἐλάμπρυνε,
1683 1158 1778 1213 καὶ

195 1269 265 1337 τῇ
291 1263 460 1321 αὑτοῦ
489 1260 758 1333 ἀναλήψει
789 1257 1115 1313 ἀνεϐίϐασεν
1136 1255 1394 1328 ὑπεράνω
1431 1253 1653 1321 ἀπάσης
1678 1247 1779 1319 ἀρ·-

198 1359 302 1429 χῆς
338 1357 434 1411 καὶ
454 1354 760 1423 δυνάμεως.

275 1446 612 1517 Διφρελάτης
637 1445 666 1497 ό
707 1440 896 1505 Ἠλίας
931 1439 1023 1493 τὸν
1060 1438 1253 1509 αἰθέρα
1276 1436 1549 1507 διήρχετο,
1577 1447 1779 1503 προτυ-

200 1540 318 1593 πῶν
333 1557 426 1592 σου
453 1536 643 1601 πάλαι,
670 1534 809 1603 Δόγε
826 1532 920 1587 τοῦ
943 1530 1100 1596 Θεοῦ,
1125 1530 1225 1599 τὴν
1247 1525 1515 1595 ἀνάληψιν
1530 1540 1544 1553 ·
1571 1523 1647 1585 ὡς
1670 1521 1779 1592 γὰρ

202 1632 263 1682 ὲν
294 1629 522 1699 ἀρματι,
549 1627 691 1679 Σῶτε
702 1642 754 1695 ρ,
779 1621 978 1695 ὲποχού
986 1630 1167 1692 μενος,
1199 1621 1266 1690 τῇ
1280 1616 1478 1688 νεφέλῃ
1496 1614 1634 1685 πρὸς
1654 1614 1779 1676 τοὺς

199 1720 503 1793 πατρικοὺς
530 1718 760 1780 κόλπους
792 1714 1055 1784 ἔφθασας.

265 1810 540 1881 Μαθητῶν
578 1806 936 1871 ἀτενιζόντων
988 1805 1049 1857 τὸ
1096 1801 1324 1874 φρικτὸν
1373 1801 1473 1871 τῆς
1500 1797 1785 1868 ὲπάρσεως
1815 1799 1858 1854 Β

197 1903 294 1954 καὶ
317 1898 793 1969 ἐκπληττομένων,
833 1896 968 1948 θεῖοι
1010 1890 1489 1964 προσεφθέγγοντο
1518 1885 1742 1956 ἄγγελοι
1765 1901 1780 1917 ⁶

201 2008 227 2044 e
244 1990 468 2060 Ἄνδρες
492 1989 648 2056 ὑμεῖς
675 1986 969 2049 Γαλιλαῖοι,
1000 1983 1183 2046 καθὼς
1201 1982 1452 2053 βλέπετε,
1473 1975 1646 2040 οὕτως
1661 1974 1781 2046 ἥξει

198 2081 363 2135 πάλιν
394 2080 423 2133 ό
450 2080 614 2143 αὑτὸς
637 2080 821 2149 κρῖναι
854 2064 1123 2138 ἅπαντας.
1158 2093 1177 2125 ι

287 2171 675 2232 Ἀναπλάττεις
694 2169 1078 2240 συντριϐεῖσαν
1102 2165 1198 2219 καὶ
1224 2162 1404 2234 φθορᾷ
1429 2157 1785 2227 ὑποκύψασαν

200 2263 302 2334 τὴν
337 2261 587 2333 βροτείαν
615 2259 799 2329 φύσιν,
826 2261 1081 2329 ἀχραντε,
1108 2254 1240 2308 Θεὸν
1263 2250 1664 2323 σωματώσασα,
1691 2246 1787 2301 καὶ

204 2355 346 2425 ὑπὲρ
377 2352 540 2424 φύσιν
586 2350 844 2414 τεκοῦσα,
880 2349 1224 2421 ἀπειρόγαμε
1247 2361 1262 2375 ·
1366 2343 1781 2414 κραυγάζομεν·

199 2446 363 2512 Δόξα,
396 2444 619 2517 Χριστέ.

504 2533 730 2600 Παῖδας
760 2532 1000 2603 εὐαγεῖς
1030 2532 1101 2585 ἐν
1124 2528 1201 2599 τῇ
1238 2530 1489 2599 καμίνῳ.

285 2627 343 2680 '0
373 2625 687 2698 περιπατῶν
709 2625 801 2678 ἐπὶ
836 2622 1121 2694 πτερύγων
1165 2621 1383 2690 ἀνέμων
1427 2614 1625 2688 νεφέλῃ
1686 2616 1787 2669 ἐπει

199 2717 330 2788 οχού
339 2732 519 2788 μενος,
544 2714 640 2769 νῦν
655 2712 1096 2783 ἀναλαμϐἀνεται
1119 2711 1198 2774 εις
1218 2710 1287 2763 τὰ
1318 2707 1637 2779 ἐπουράνια,
1660 2704 1788 2759 ἔνθα

200 2808 421 2879 ὑπῆρχε
466 2806 768 2877 πρότερον,
826 2804 921 2857 καὶ¹
960 2803 1051 2856 τὸν
1098 2799 1458 2869 Παράκλητον
1511 2797 1789 2867 ἐκπέμπει

206 2900 480 2974 μαθηταί,
506 2896 805 2967 ἀνυμνοῦσι
840 2895 938 2948 καὶ
965 2893 1337 2968 ὑπερυψοῦσιν
1368 2890 1531 2944 αὑτὸν
1559 2890 1639 2953 είς
1662 2889 1789 2952 τοὺς

202 2994 429 3056 αίῶνας.

276 3087 412 3138 Σταυ
422 3084 511 3155 ρὸν
530 3083 625 3136 καὶ
638 3083 816 3151 ταφὴν
839 3078 1244 3148 καθυπομείνας
1268 3075 1431 3147 βουλή
1440 3091 1521 3127 σει
1536 3072 1787 3142 ἀνέστης,

202 3175 603 3244 παντοδύναμε,
635 3174 730 3227 καὶ
755 3175 865 3236 τοῖς
898 3168 1154 3240 ἀγαπῶσι
1179 3185 1236 3222 σε
1267 3169 1362 3221 ἐπὶ
1380 3167 1788 3234 τεσσαράκοντα

202 3268 421 3339 ἡμέρας
449 3265 812 3334 ὀπτανόμενος
851 3261 1192 3334 ὲχαροποίεις
1232 3257 1464 3321 αὑτούς·
1506 3251 1607 3310 εἶθ’
1646 3253 1790 3307 οὑτω

202 3377 265 3410 τε
295 3358 493 3420 αὐτοὺς
524 3354 846 3424 εὐλογήσας,
891 3352 1028 3423 πρὸς
1060 3350 1151 3403 τὸν
1193 3348 1284 3402 σὺν
1314 3347 1533 3417 Πατέρα
1563 3344 1791 3414 ἀνῆλθες

205 3447 356 3514 μετά
375 3447 556 3517 δόξης.

275 3538 509 3609 “uilem;
538 3534 727 3603 σαφῶς
759 3534 829 3587 τὰ
846 3534 987 3604 ὑπὲρ
1007 3532 1182 3602 λόγον,
1201 3531 1230 3584 ό
1248 3531 1439 3596 Λόγος,
1457 3528 1585 3592 τοὺς
1611 3524 1792 3589 θεολό-

202 3648 336 3699 γους
363 3628 696 3697 ἀναϐέϐηκε,
716 3625 950 3696 ’πέμψας
976 3625 1073 3688 ὡς,
1092 3623 1362 3693 ὑπέσχετο
1407 3621 1501 3674 ἐπὶ
1543 3619 1793 3690 μαθητὰς

200 3711 370 3774 αὑτοῦ
398 3718 460 3770 τὸ
484 3715 829 3787 παντουργὸν
866 3716 962 3769 καὶ
1007 3714 1299 3785 σύνθρονον
1326 3711 1589 3781 Πνεῦμαο
1627 3709 1793 3781 βοών-

199 3829 314 3864 των
346 3808 496 3879 αὑτῷ
521 3824 536 3839 ’
567 3808 671 3862 Τὸν
705 3807 911 3878 Κύριον
929 3806 1174 3875 ὑμνεῖτε,
1208 3805 1278 3859 τὰ
1314 3803 1472 3873 ἔργα,
1496 3803 1589 3856 καὶ
1627 3802 1795 3871 ὑπερ-

202 3901 343 3973 ιδψοῦ
353 3917 429 3958 τε.

294 4079 362 4136 Ἦ
392 4080 536 4150 πύλη
565 4077 704 4133 Θεοῦ
731 4079 764 4147 ἡ
792 4075 1180 4146 κεκλεισμένη,
1208 4074 1277 4144 ἢν
1309 4072 1464 4144 μόνος
1506 4068 1795 4125 διῶδευοεν

197 4177 232 4229 ὁ
265 4174 554 4243 ’Ὕψιστοῇ
589 4170 769 4225 ἴθυνον
803 4168 942 4240 πρὸς
979 4166 1195 4238 τρίϐους
1228 4182 1293 4236 με
1335 4164 1507 4229 θείας,
1550 4162 1646 4213 καὶ
1679 4160 1798 4213 διά-

201 4269 384 4335 νοιξον
419 4269 518 4339 τῆς
549 4264 827 4336 σωτηρίας
858 4261 1035 4325 πύλας
1058 4277 1169 4330 μοι,
1209 4257 1578 4328 Θεοχαρίτωτε
1598 4270 1614 4284 ο
1659 4253 1797 4322 πρὸς

202 4363 268 4415 σὲ
299 4362 412 4432 γὰρ
440 4357 796 4428 καταφεύγω,
819 4352 1087 4426 Παρθένε,
1110 4352 1246 4423 μόνη
1269 4347 1678 4421 προστασίατοῦ
1704 4347 1795 4416 γέ·

207 4469 330 4515 δους
353 4451 462 4504 τῶν
490 4447 817 4519 ἀνθρώπων.

564 4540 745 4605 Λίθος
781 4536 1210 4607 ἀχειρότμητος
1234 4528 1431 4601 ὄρους.

279 4633 430 4695 Ἕως
460 4631 528 4685 ἂν
555 4629 873 4701 ἐνδύσησθε,
905 4628 1041 4699 ἔφης
1067 4628 1182 4689 τοῖς
1210 4623 1498 4695 μαθηταῖς,
1522 4620 1708 4685 σθένος
1736 4620 1795 4685 ἐξ

199 4727 401 4797 ὕψους,
435 4723 676 4792 κάθησθε
702 4722 838 4792 ὁμοῦ
868 4718 1196 4789 συνηγμένοι
1216 4733 1229 4745 ’
1255 4715 1367 4785 ἐγὼ
1396 4716 1504 4786 γὰρ
1536 4713 1638 4786 ἠδη
1662 4714 1811 4767 ἀνα-’

196 4817 578 4889 λαμϐάνομαι,
608 4816 704 4869 καὶ
736 4814 831 4867 τοῦ
859 4813 1071 4884 Πατρός
1089 4810 1181 4864 τὸν
1203 4807 1492 4880 σύνθρονον
1512 4802 1794 4860 ἀποστελῶ

199 4910 339 4980 ὑμῖν
365 4907 748 4978 Παράκλητον.

273 4998 446 5053 Δεῦτε
487 4998 765 5069 μυστικῶς
798 4995 1145 5059 συνελθόντες
1173 4994 1375 5056 πάντες
1396 4994 1474 5055 είς
1502 4988 1635 5061 ὕψος
1663 4988 1796 5043 θεω-

203 5092 375 5161 ρίας,
393 5091 606 5159 ὄμμασι
637 5089 946 5160 κατίδωμεν
974 5086 1092 5149 νοὸς
1124 5083 1504 5154 ἀναληφθέντα
1530 5080 1627 5135 καὶ
1658 5081 1792 5133 καθ-

197 5182 469 5252 εζόμενον
506 5183 571 5234 ὲκ
603 5180 795 5247 δεξιῶν
830 5180 906 5244 ὡς
947 5179 1237 5250 σύνθρονον
1266 5175 1478 5246 Πατρδς
1501 5172 1595 5253 Ιτὸν
1620 5172 1793 5241 Λόγον

194 5275 296 5327 τὸν
325 5273 518 5326 ἀΐδιον.

275 5364 471 5428 Ἥλιος
500 5366 566 5418 ὲκ
593 5365 766 5434 τάφου
805 5365 1007 5435 ὡραῖος
1034 5361 1380 5427 ὲξανατείλας
1422 5361 1450 5413 ὁ
1488 5358 1789 5429 Δεσπότης,

192 5457 398 5527 ὥσπερ
463 5455 833 5526 σελασφόρους
893 5456 1119 5517 ἀκτῖνας
1168 5455 1235 5523 τῇ
1290 5451 1582 5520 οἰκουμένῃ
1640 5449 1789 5520 πάσῃ

190 5544 515 5613 ἐξέλαμψεν
536 5544 663 5609 τοὺς
684 5544 1022 5606 ἀποστόλους
1045 5542 1355 5611 φαίνοντας,
1386 5538 1482 5592 καὶ
1497 5538 1594 5609 τὴν
1622 5538 1791 5607 ἀχλὺν

188 5632 630 5698 ἀποδιώκοντας.

266 5726 462 5779 Φεῖσαί
483 5743 610 5797 μου,
628 5726 854 5795 Χριστὲ,
888 5725 965 5777 ὅτ’
991 5723 1057 5776 ἂν
1085 5725 1247 5794 Ελοῃς
1272 5727 1451 5792 κρῖναι
1471 5723 1559 5776 τὸν
1587 5722 1789 5791 κόσμον

532 5821 802 5876 Par-nou
838 5820 953 5874 (in.
996 5816 1364 5875 LXXXVII.

1765 4543 1776 4554 '
1819 4452 1868 4511 Ι)

1880 800 2022 856 Deus
2082 817 2187 856 una
2228 817 2351 856 eum
2413 799 2574 858 Patre
2609 812 2665 857 et
2705 801 2909 872 Spiritu
2942 811 3134 859 saneto
3176 802 3455 874 conglori-

1880 894 2093 950 lleatus.
2555 892 2581 921 ⁵

2420 986 2617 1043 Sedens
2650 987 2705 1041 in
2735 986 2929 1058 gloria.

1950 1077 2052 1144 Qui
2094 1087 2347 1132 naturam
2376 1077 2543 1134 habet
2582 1079 3058 1143 inaccessibllcm,
3107 1074 3238 1133 mihi
3273 1087 3453 1132 tamen

1881 1169 2224 1224 accessibilis
2258 1168 2472 1236 factus,
2505 1183 2574 1225 eo
2602 1169 2751 1240 quod
2780 1168 3084 1239 portaverit
3137 1181 3245 1234 me,
3279 1182 3452 1222 nteant

1880 1260 2181 1325 illustravit
2241 1268 2496 1315 naturam
2550 1275 2715 1331 quam
2776 1262 3103 1315 ascensione
3155 1273 3255 1313 sua
3289 1272 3457 1326 supra

1889 1352 2295 1408 dominationes
2323 1358 2732 1421 potestatesque
2762 1351 3077 1407 collocavit.

1951 1441 2095 1496 Elias
2123 1441 2250 1496 olim
2279 1457 2444 1497 curru
2480 1449 2671 1497 vectus
2700 1449 2848 1496 tuam
2878 1456 2975 1511 per
3029 1455 3153 1495 aera
3190 1439 3461 1517 ﬁguravit,

1882 1532 2118 1587 Verbum
2182 1532 2298 1601 Dei,
2322 1534 2736 1601 ascensionem;
2783 1534 2926 1589 nube
2975 1532 3147 1595 enim,
3179 1532 3449 1595 Salvator,

1881 1626 2039 1695 quasi
2078 1641 2243 1681 curru
2269 1637 2455 1684 vectus
2484 1626 2776 1697 pervenisti
2806 1626 2863 1680 in
2900 1628 3080 1681 sinum
3114 1625 3312 1680 Patris.

1961 1800 2322 1872 Stupentibus
2352 1801 2644 1871 discipulis
2693 1801 2761 1856 ad
2794 1802 3170 1858 ascensionem
3216 1801 3460 1872 Hagistrl

1889 1894 1998 1959 sui,
2062 1894 2318 1962 illamque
2395 1889 2877 1949 considerantibus
2953 1892 3212 1948 dixerunt
3285 1890 3463 1962 angeli

1890 1984 1981 2038 Dei
2009 2002 2021 2038 ε
2049 2005 2067 2037 ι
2097 1983 2214 2039 Viri
2246 1984 2475 2051 Galiltei,
2505 1985 2650 2039 sicut
2680 1998 2830 2038 nunc
2863 1984 3249 2039 ascendentem
3282 1982 3458 2048 illum,

1887 2078 1967 2133 sic
1998 2075 2417 2134 descendentem
2460 2076 2720 2132 videbitis
2758 2075 2825 2130 ad
2861 2090 3054 2130 omnes
3074 2073 3456 2144 jndicaudos.»

1964 2170 2106 2225 Daus
2133 2168 2240 2224 Deo
2276 2182 2478 2238 corpus
2523 2177 2580 2223 et
2631 2183 2797 2237 supra
2850 2176 3098 2222 naturam
3153 2166 3464 2237 parturiens

1891 2261 2087 2324 Deum,
2125 2262 2378 2329 innupta,
2415 2259 2707 2315 humanam
2759 2273 3049 2329 regeneras
3080 2266 3331 2312 naturam
3357 2257 3463 2310 hu-

1888 2352 2149 2406 miliatam
2179 2351 2405 2419 labeque
2427 2349 2683 2404 infectam
2730 2350 2939 2418 peccati
2970 2366 2983 2403 :
3031 2349 3155 2405 huic
3176 2348 3181 2353 ’
3200 2348 3339 2404 Filio
3368 2360 3461 2405 tuo
3490 2422 3495 2427 _

1890 2445 2209 2505 clamamus,
2239 2438 2421 2495 Gloria
2453 2440 2547 2494 tibi
2586 2441 2680 2502 sit,
2713 2439 2947 2494 Christe.

2013 2553 2016 2557 λ
2101 2528 2327 2585 Sancto:
2362 2528 2642 2582 laudemus
2683 2542 2873 2595 pueros
2898 2528 2954 2582 in
2983 2526 3232 2597 fornace:

1960 2620 2065 2688 Qui
2113 2619 2360 2674 ambulat
2410 2634 2577 2690 super
2606 2634 2815 2690 pennas
2870 2627 3153 2676 ventorum
3193 2620 3467 2677 nubecula

1893 2723 2107 2779 vectus,
2138 2729 2282 2768 nunc
2310 2713 2508 2783 repetit
2544 2712 2744 2766 caelum
2789 2711 2877 2768 ubi
2903 2723 3029 2768 ante
3066 2713 3311 2777 sedebat,
3343 2714 3469 2767 mit-

1894 2809 2068 2876 titque
2151 2805 2493 2860 Paracletum
2565 2804 2852 2876 discipulis
2919 2804 3272 2861 laudantibus
3324 2808 3471 2860 emt-

1893 2899 2249 2971 tantibusque
2282 2898 2431 2953 illum
2463 2899 2725 2955 saeculum
2757 2912 2852 2971 per
2874 2913 3056 2954 omne.

1937 3080 2192 3135 .Crucem
2223 3089 2564 3151 mortemque
2590 3076 2900 3136 voluntarie
2930 3086 3128 3150 passus
3157 3076 3468 3142 surrexisti,

1893 3170 2262 3240 omnip0tens,
2287 3179 2343 3224 et
2365 3179 2417 3226 te
2442 3170 2713 3227 visibilem
2734 3171 2986 3241 praebens
2998 3185 3094 3242 per
3108 3169 3467 3241 quadraginta

1893 3262 2009 3316 dies
2039 3264 2350 3318 amantibus
2382 3270 2435 3317 te
2465 3262 2771 3332 discipulis,
2800 3261 3087 3317 laetiﬁcasti
3116 3279 3233 3328 eos;
3273 3262 3471 3318 deinde

1894 3354 2018 3408 data
2085 3352 2193 3407 illis
2250 3352 2650 3421 benedictione,
2723 3367 2847 3408 cum
2899 3353 3074 3423 gloria
3129 3354 3197 3408 ad
3253 3352 3469 3409 Putrem

1896 3452 2046 3497 tuum
2076 3442 2392 3498 ascendisti.

1967 3535 2264 3605 Postquam
2299 3549 2362 3589 ea
2398 3550 2520 3605 quae
2568 3550 2730 3590 omne
2760 3537 2988 3592 verbum
3025 3542 3286 3606 superant
3317 3536 3473 3590 theo-

1896 3630 2080 3697 logos,
2125 3644 2159 3683 ο
2205 3625 2481 3689 Verbum.
2543 3628 2811 3684 edocuisti
2869 3614 3267 3699 diSeipulisque
3314 3628 3471 3697 juxta

1897 3719 2225 3791 promissum
2299 3719 2498 3775 misisti
2546 3718 2819 3791 Spiritum
2869 3727 3122 3776 sanctmn
3182 3726 3361 3777 tecum
3416 3722 3470 3776 in
3525 3784 3541 3795 ‘

1897 3812 2095 3867 throno
2128 3811 2461 3867 assidentem
2495 3819 2551 3867 et
2572 3800 2680 3881 per
2711 3828 2871 3884 quem
2904 3812 3087 3868 omnia
3126 3811 3266 3867 facta
3316 3823 3468 3873 sunt.

1897 3898 2272 3959 clamantibus.
2291 3903 2418 3967 illis,
2449 3901 2625 3974 Opera
2650 3903 2887 3971 Domini,
2914 3904 3149 3960 exaltatc
3179 3902 3470 3959 Dominum

1897 4002 1951 4049 et
1976 3994 2285 4052 benedicite
2320 3995 2424 4051 illi.

1968 4084 2100 4151 Quae
2124 4095 2280 4157 porta
2304 4103 2364 4144 es
2388 4087 2575 4145 clausa
2607 4101 2702 4157 per
2726 4100 2890 4159 quam
2918 4089 3070 4144 solus
3094 4088 3349 4145 transivit
3376 4090 3469 4144 Al»

1899 4176 2168 4243 tissimus,
2217 4177 2393 4249 dirige
2429 4194 2516 4236 me
2561 4194 2657 4250 per
2695 4180 2920 4235 semitas
2953 4178 3166 4235 Domini
3217 4188 3273 4237 et
3317 4194 3468 4251 apert

1900 4263 2033 4317 mihi
2060 4264 2290 4334 januam
2354 4267 2585 4335 salutis;
2624 4268 2690 4325 ad
2718 4279 2769 4325 te
2793 4270 2938 4326 enim
2966 4269 3248 4343 confugio.
3283 4272 3470 4342 Virgo,

1901 4356 2121 4411 unicum
2161 4359 2380 4429 generis
2418 4358 2642 4415 humani
2673 4361 3009 4431 prasidium.

2036 4535 2199 4604 Lapis
2226 4539 2419 4593 mantis
2451 4552 2554 4591 non
2585 4540 3328 4597 manuhominnmabsciasus.

1966 4628 2152 4683 Donec
2185 4630 2489 4685 induamini
2539 4632 2741 4686 virtute
2777 4648 2840 4688 ex
2879 4635 3012 4698 alto,
3058 4635 3248 4705 inquis
3299 4636 3468 4690 disci-

1900 4719 2070 4789 pulis,
2098 4719 2285 4777 sedete
2314 4733 2424 4775 una
2449 4723 2761 4793 congregati;
2786 4739 2915 4780 ecce
2945 4725 3091 4780 enim
3130 4727 3327 4782 carlum
3377 4743 3468 4783 rc.-

1897 4820 2024 4880 peto
2057 4821 2112 4866 et
2141 4811 2359 4867 mittam
2380 4813 2539 4869 vobis
2578 4812 2925 4872 Paracletum
2955 4816 3289 4874 assidentem
3318 4816 3470 4877 Patri

1892 4918 2060 4975 super
2082 4904 2335 4960 eumdem
2362 4908 2646 4961 thronum.

1963 4974 2204 5067 agamus
2232 4997 2359 5050 dum
2383 4996 2547 5053 simul
2573 5006 2924 5070 assurgentes
2954 5000 3185 5070 mystice
3206 5002 3259 5055 in
3295 5002 3466 5057 altum

1893 5085 2403 5155 contemplationis.
2439 5087 2640 5142 mentis
2669 5088 2846 5144 oculis
2883 5088 3195 5145 intueamur
3226 5090 3462 5148 Verbum

1892 5184 2161 5230 aeternum
2200 5175 2347 5245 quod
2381 5178 2630 5233 ascendit
2657 5180 2977 5252 assidetque
3018 5181 3200 5255 Patris
3229 5182 3297 5238 ad
3331 5182 3467 5239 dex—

1892 5276 2089 5323 teram.

1965 5361 2208 5433 Surgens
2240 5361 2545 5418 matutinus
2579 5372 2638 5417 ut
2671 5362 2758 5421 sol
2794 5366 2863 5422 de
2901 5367 3135 5433 tumulo,
3164 5367 3336 5423 radiis
3359 5367 3470 5422 tuis

1891 5468 2106 5509 onmem
2138 5454 2454 5511 illuminasti
2489 5455 2753 5512 mundum
2783 5472 2879 5527 per
2916 5459 3195 5527 apostolos
3223 5458 3471 5515 veritatis

1893 5545 2097 5600 lumine
2119 5546 2366 5602 lucentes
2397 5546 2773 5619 pellentesque
2806 5549 3079 5607 tenebras.

1965 5723 2136 5780 Parce
2170 5724 2324 5792 mihi,
2364 5741 2397 5780 ο
2427 5727 2663 5797 Christe,
2699 5744 2824 5787 cum
2856 5728 3184 5787 veneris‘ad
3209 5730 3470 5802 judican—

2986 5823 3101 5885 125
