3964 6322
634 310 643 317 ι

518 325 663 391 31179

1393 325 1453 384 S.
1493 320 1909 383 SOPHIlUNll
1952 320 2454 380 ΡΑΤΙΠΛΒΟΗΈ
2498 321 2900 382 illliKOSOL.

3679 318 3800 377 ς’ίιίο

519 444 646 494 dum
697 440 979 504 unmdum,
1031 455 1128 508 per
1163 438 1308 493 illius
1342 453 1531 508 preces
1590 452 1710 505 qua:
1766 444 1819 489 te
1846 436 2101 507 peperit;

2225 435 2351 488 ,ιετά
2378 435 2556 504 δόξης,
2588 435 2747 488 λῦσον
2769 436 2869 504 τὴν
2892 434 3056 503 ἀχλὺν
3081 434 3176 502 τῆς
3204 432 3386 501 ψυχῆς
3422 448 3530 501 μου
3561 433 3680 492 ταῖς
3704 448 3799 482 zz:-

518 532 648 599 l'nga
699 532 897 584 utentis
947 546 1079 584 mea:
1114 530 1388 592 tenebras.
1434 529 1786 598 cmlcstisque
1821 528 1973 597 regni
2031 527 2106 580 tui

536 624 619 675 l'ac
657 640 741 676 mc
769 622 1060 677 hmredcm.

707 714 789 764 Ad
815 722 862 767 te
903 729 1057 767 mane
1082 712 1329 782 confugio
1361 714 1485 782 quia
1513 712 1812 766 misericors
1848 726 1921 766 es.

603 802 666 857 Vi
699 806 892 859 mortis
922 806 1189 875 dirempta
1220 806 1463 875 potentia
1504 814 1598 858 tua
1649 822 1678 860 e
1721 804 1936 858 tumulo
1978 819 2105 859 sur-

502 898 744 962 ‘rexisti,
779 896 1018 960 Clniste,
1046 904 1168 966 post
1202 905 1317 952 tres
1355 879 1494 961 dies,
1518 908 1571 951 et
1606 912 1728 950 eum
1765 897 1940 966 gloria
1986 912 2099 951 coa-

530 987 640 1038 Ιιιιιι
703 987 1100 1053 conscendisti,
1159 987 1565 1042 celebrantibus
1622 998 1673 1042 te
1722 987 2014 1057 discipulis
2048 998 2105 1041 ut

524 1076 696 1132 Deum
729 1095 856 1150 erga
886 1079 1137 1134 homines
1181 1078 1497 1148 benignum.

594 1171 671 1227 Ne
707 1187 804 1224 nos
845 1171 1125 1240 relinquas
1173 1171 1471 1241 orphanos,
1509 1186 1542 1224 o
1572 1172 1725 1226 valde
1760 1172 2096 1226 misericors.

512 1262 615 1317 Iaed
640 1262 781 1316 sicut
802 1259 1102 1329 promisisti
1131 1259 1284 1313 mitte
1310 1257 1574 1328 Spiritum
1606 1266 1792 1323 tuum;
1824 1259 1905 1312 sic
1932 1258 1999 1311 ad
2028 1269 2100 1322 le,

524 1356 665 1406 hanc
694 1351 967 1414 Salvator,
1011 1349 1323 1404 clamabant
1369 1349 1625 1419 discipuli
1666 1349 1747 1403 tui
1795 1364 1920 1403 cum
1954 1350 2101 1404 vide-

510 1451 652 1496 -runt
698 1451 750 1496 te
778 1440 846 1495 de
870 1449 1018 1496 terra
1064 1440 1122 1494 in
1167 1440 1370 1494 cmlum
1409 1438 1816 1494 ascendentem.
1950 1432 1955 1437 ’

601 1532 742 1588 Ecce
772 1546 919 1586 nunc
973 1543 1240 1586 venturus
1270 1539 1355 1586 est
1402 1545 1570 1600 super
1617 1538 1816 1584 terram
1861 1528 2098 1599 Spiritus

523 1632 749 1678 sanctus
782 1624 887 1679 sub
919 1622 1211 1691 ignitarnm
1244 1622 1427 1691 specie
1488 1621 1798 1690 linguarum
1836 1630 1895 1673 ut
1928 1618 2093 1676 Verbi

524 1713 779 1782 discipuli
813 1726 1048 1781 quorum
1089 1717 1283 1763 natura
1323 1725 1353 1764 e
1380 1711 1495 1763 luto
1542 1709 1678 1762 facta
1740 1715 1826 1763 est
1860 1709 1964 1762 viri
2000 1723 2098 1778 ap-

2214 530 2358 593 σίαις
2380 531 2475 599 τῆς
2512 529 2794 597 κυησάσης
2826 544 2883 579 σε
2903 544 2916 558 “
2952 526 3043 580 καὶ
3077 525 3418 595 κληρονόμον
3452 524 3687 593 ποίησον
3713 522 3798 590 τῆς

2209 622 2462 691 οὐρανίου
2505 620 2783 689 βασιλείας
2809 635 2923 670 σου.

2350 714 2503 782 Πρὸς
2532 713 2606 766 σὲ
2634 709 2873 779 ὀρθρίζὶιι
2920 709 3027 763 τὸν
3053 709 3127 763 δι’
3167 709 3670 776 abundant-(ar.

2280 806 2525 860 Θανάτου
2553 802 2749 871 κράτος
2786 799 2903 871 θείᾳ
2927 799 3218 869 δυναστείᾳ
3234 797 3483 852 καθελὼν
3513 799 3801 866 ὲξακιέστης

2207 898 2509 969 τριήμερος
2538 933 2553 956 ,
2591 893 2799 966 Χριστέ
2861 910 2986 963 μου,
3049 891 3143 944 καὶ
3194 890 3328 960 πρὸς
3364 890 3641 958 οὐρανοὺς
3678 892 3803 959 μετὰ

2206 992 2365 1062 δόξης
2388 989 2638 1061 ἀνῆλθες,
2670 988 2778 1041 τῶν
2806 986 2914 1043 σῶν
2961 983 3218 1056 μαθητῶν
3252 981 3648 1052 ἀνυμνούντων
3677 982 3801 1034 Θεόν

2211 1101 2267 1136 σε
2303 1084 2397 1136 καὶ
2425 1081 2832 1151 φιλάνθρωπον.

2291 1176 2469 1245 Ἥμᾶς
2495 1171 2570 1245 μὴ
2599 1173 2762 1243 λίπῃς
2788 1171 3082 1242 ὀρφανοὺς,
3100 1168 3409 1240 οἰκτίρμονθ
3454 1169 3535 1231 ὡς
3573 1169 3807 1238 utinm

2204 1265 2259 1318 δὲ
2292 1265 2506 1335 πέμψον
2535 1263 2594 1317 τὸ
2625 1263 2779 1332 ἆγιόν
2812 1280 2904 1316 σον
2938 1260 3186 1330 Πνεῦμα,
3220 1262 3271 1313 oi.
3299 1260 3384 1313 σοὶ
3408 1259 3685 1330 μαθηταὶ,
3709 1263 3812 1314 Au-

2205 1356 2410 1427 τρωτὰ,
2438 1353 2845 1425 προσεφώνουν,
2889 1352 3053 1422 ἡνίκα
3075 1353 3139 1405 ὲκ
3166 1353 3270 1422 γῆς
3294 1350 3672 1421 ἀνερχόμενον
3703 1352 3807 1404 ἴδον

2207 1464 2288 1516 σε,
2324 1448 2695 1518 φιλάνθρωπε.

2289 1540 2423 1593 Ἰδοὺ
2450 1541 2510 1593 τὸ
2545 1540 2770 1610 Πνεῦμα
2822 1541 3005 1612 μέλλει
3038 1544 3285 1597 κατιέναι
3340 1542 3436 1596 ἐπὶ
3489 1543 3596 1610 γῆς
3621 1540 3720 1594 νῦν
3754 1544 3805 1593 ὲν

2205 1632 2481 1700 γλώσσαις
2510 1635 2788 1704 πυρίναις,
2819 1633 2969 1697 ὅπως
2988 1634 3138 1706 δείξῃ
3160 1634 3420 1705 πυρίνους
3452 1633 3651 1701 σαφῶς
3683 1634 3808 1696 τοὺς

2207 1722 2465 1793 πηλίνους
2494 1722 2792 1791 τοῦΛόγου
2826 1725 3056 1786 σεπτιιὺς
3084 1722 3354 1794 μαθητάς,
3409 1721 3806 1790 καταγγέλλον-

524 1813 748 1874 pareant
812 1805 966 1875 igniti
1017 1803 1085 1858 ad
1143 1802 1548 1872 praedicandum
1621 1802 1774 1855 illum
1841 1808 2098 1871 (aliquam

2225 1831 2300 1877 τας
2332 1815 2517 1869 τοῦτον
2541 1814 2617 1878 ὠς
2646 1816 3051 1886 φιλάνθρωπον.

523 1894 805 1949 hominum
845 1902 1143 1949 amantem.
1208 1916 1219 1923 ·
1822 1952 1825 1955 ι
1873 1940 1879 1946 .

594 1986 656 2041 In
717 1986 1050 2041 assumendo
1108 1986 1389 2041 hominum
1444 1997 1698 2043 naturam
1746 2004 1815 2044 ex
1866 2001 1929 2042 ea
1982 2003 2103 2057 qua:

514 2076 755 2131 nescivit
820 2078 1019 2142 virum,
1079 2077 1350 2148 impulsus
1414 2078 1814 2142 misericordia,
1884 2078 2100 2134 ﬁrmum

519 2164 723 2221 dedisti
802 2167 1118 2236 praesidium
1180 2177 1233 2221 et
1287 2169 1628 2225 delensionis
1677 2186 1894 2225 murum
1938 2169 2100 2224 nobis

518 2258 915 2313 conﬁtentibus
943 2267 997 2313 te
1029 2258 1198 2313 Deum
1237 2260 1634 2330 hominumque
1710 2269 2036 2316 amatorem.

698 2348 773 2401 Ob
801 2349 969 2402 zelum
1019 2365 1115 2416 pro
1147 2350 1346 2419 legibus
1390 2353 1584 2418 patriis
1608 2351 1892 2405 laudandi.

593 2440 668 2494 lis
700 2455 797 2509 per
839 2438 1173 2494 incﬂ‘abilem
1202 2441 1637 2495 misericordiam
1669 2451 1818 2495 tuam
1848 2441 2101 2496 adunatis

519 2548 644 2602 qua:
704 2531 1051 2601 disjttnxerat
1106 2541 1389 2600 peceatqu
1453 2540 1508 2585 et
1563 2532 1854 2587 interfecto
1920 2518 2102 2587 morte

508 2637 681 2691 quam
710 2622 771 2674 in
813 2638 981 2675 carne
1020 2622 1241 2675 subiisti
1277 2620 1454 2684 hoste,
1499 2636 1625 2675 cum
1656 2623 1830 2693 gloria
1861 2632 2098 2677 reverte-

515 2716 592 2769 ris
621 2716 686 2766 ad
720 2712 935 2766 Patrem
967 2728 1075 2766 non
1119 2724 1242 2766 ante
1274 2714 1550 2775 relictum.
1593 2716 1957 2771 clamantibus
1983 2716 2100 2771 dis—

517 2805 735 2875 cipulis.
768 2803 943 2873 Opera
975 2803 1211 2869 Domini,
1237 2805 1539 2860 heuedicite
1568 2804 1815 2860 Domino.

588 2897 844 2951 Misct'lus
890 2911 1079 2952 eorum
1117 2912 1256 2965 quos
1303 2898 1580 2963 amavisti,
1622 2900 1716 2952 sed
1747 2914 1888 2965 quos
1912 2900 2098 2967 perdi-

518 2987 943 3042 deraterutlelis
983 2986 1182 3052 hostis,
1227 2988 1295 3042 de
1327 2998 1514 3043 monte.
1563 2987 1847 3043 Olivarmn
1887 2992 1940 3044 in
1986 3006 2101 3046 coc-

517 3080 628 3133 lum
653 3077 975 3141 ascendisti,
1003 3076 1314 3131 videntibus
1335 3076 1619 3146 discipulis
1640 3078 2099 3133 et-demirantihus

512 3187 584 3222 eo
637 3170 780 3238 quod
834 3168 1011 3222 nubes
1057 3168 1200 3222 sicut
1244 3169 1475 3222 thronus
1527 3167 1822 3223 Cherubim
1870 3179 1922 3224 te
1973 3186 2095 3225 cum

517 3278 749 3332 corpore
775 3270 1115 3331 susceperat;
1163 3261 1375 3315 idcirco
1406 3260 1842 3316 te'Salvatorem
1872 3278 1998 3316 cum
2018 3265 2099 3319 eis

516 3356 920 3410 eollaudamus.

589 3447 705 3501 Non
748 3464 845 3502 vos
891 3447 1197 3515 relinquam
1245 3436 1521 3515 orphanos
1572 3447 1713 3501 filios
1757 3458 1810 3502 ct
1853 3448 2098 3503 haercdes

518 3541 670 3609 regni
716 3538 979 3604 mei,osed
1019 3523 1143 3592 cuin
1185 3537 1252 3591 ad
1291 3539 1490 3593 coelum
1542 3554 1845 3608 pervenero
1884 3542 2097 3594 mittam

519 3632 584 3685 ad
631 3645 728 3686 vos
770 3645 837 3685 ex
892 3632 1001 3685 alto
1051 3629 1396 3685 Paracletum
1456 3629 1548 3699 qui
1601 3631 1931 3709 vosdoceat
1977 3649 2100 3701 qua:

518 3734 732 3781 mentes
795 3732 1008 3779 vestras
1055 3734 1343 3795 superant,
1408 3723 1608 3793 ignitos
1633 3723 1728 3793 qui
1786 3740 1884 3779 vos
1935 3725 2099 3780 faciat

518 3816 575 3869 iu
602 3824 781 3870 vestra
813 3812 998 3882 fragili
1025 3824 1244 3880 natura,
1278 3814 1558 3869 clamabas
1602 3812 1923 3883 discipulis,
1952 3815 2097 3870 unde

518 3924 646 3963 cum
675 3908 787 3963 illis
826 3918 877 3963 te
911 3907 963 3961 in
993 3914 1259 3961 internum
1285 3906 1593 3961 laudamus.

589 3999 791 4053 Practer
813 4007 1022 4052 natura:
1048 3995 1505 4052 consuetudinem
1541 3992 1908 4067 paris,Virgo,
1935 3994 2096 4050 dato-

519 4108 630 4147 rem
680 4091 836 4161 legis,
883 4091 1162 4145 tollentem
1206 4103 1329 4157 qua:
1391 4088 1631 4143 obscura
1677 4094 1806 4149 sunt
1857 4089 1910 4142 in
1978 4088 2097 4158 lege

510 4195 573 4239 et
616 4184 1024 4255 impertientem
1074 4182 1231 4237 nobis
1277 4168 1399 4250 qum
1427 4180 1701 4235 illuminat
1743 4180 2092 4242 charilatem;

520 4277 640 4332 ideo
680 4291 767 4330 me
813 4275 917 4329 sub
954 4275 1071 4344 lege
1108 4273 1313 4342 peccati
1349 4272 1628 4343 alligatum
1661 4270 1856 4334 libera,
1901 4288 1933 4323 υ
1967 4269 2092 4323 Vir-

516 4381 605 4438 go,
634 4376 691 4420 ut
727 4365 952 4435 psallam
981 4380 993 4416 :
1032 4362 1211 4435 Opera
1241 4362 1478 4426 Domini,
1513 4361 1817 4417 benedicite
1840 4360 2091 4415 Domino.

1006 4539 1119 4595 Nec
1170 4541 1361 4611 suﬂicit
1417 4541 1624 4611 lingua.

590 4632 810 4704 Egentis
838 4632 1241 4704 deperditaalue
1267 4634 1525 4688 misertus
1556 4640 1850 4694 creatum,
1877 4639 1939 4685 ut
1978 4645 2107 4685 vere

518 4725 816 4779 miserator
850 4724 1024 4788 solus,
1070 4723 1355 4778 hominum
1411 4723 1640 4778 induisti
1716 4732 1994 4786 naturam,
2051 4729 2106 4776 et

519 4814 646 4869 [uti
693 4831 790 4885 per
836 4814 1156 4871 Passionem
1188 4823 1338 4871 tuam
1398 4815 1642 4885 alligato,
1694 4813 1760 4867 ad
1800 4811 2017 4868 Patrem
2050 4812 2105 4865 in

521 4914 687 4964 altum
719 4911 1045 4975 ascendisti,
1108 4910 1350 4976 Christe,
1401 4910 1588 4963 omnia
1643 4908 1864 4977 replens
1926 4906 2104 4978 gloria

518 5014 635 5059 tua.
1750 5061 1755 5066 .

587 5094 730 5161 Quid
774 5093 1045 5152 confracti
1096 5097 1232 5152 estis
1270 5096 1474 5160 animo,
1517 5095 1649 5166 quid
1707 5103 1931 5165 stupore
1980 5110 2104 5164 per-

521 5188 657 5243 enisi
681 5186 706 5240 ί
734 5188 1044 5242 clamabant
1100 5188 1366 5259 apostolis
1394 5187 1573 5257 angeli
1622 5195 1833 5241 stantes
1857 5200 1983 5240 cum
2024 5186 2103 5238 eis

518 5294 573 5333 tn
627 5288 810 5332 monte
849 5297 861 5332 :
900 5281 987 5334 hic
1019 5278 1179 5336 Jesus
1231 5293 1391 5349 quem
1440 5279 1639 5333 videtis
1691 5279 2102 5341 ascendentem,

521 5373 609 5423 ille
662 5370 715 5423 in
764 5371 933 5424 multa
961 5372 1135 5442 gloria
1165 5386 1361 5425 rursus
1386 5371 1569 5425 veniet
1609 5370 1674 5423 ad
1734 5368 2099 5440 iudicandum

520 5463 787 5517 mundum
824 5472 878 5517 et
908 5464 1382 5533 unicuiquejuxta
1414 5477 1578 5531 opera
1630 5460 2097 5516 distribuendum.

593 5555 637 5610 Ο
694 5557 786 5626 qui
834 5558 1044 5614 sanctis
1109 5557 1394 5627 discipulis
1447 5556 1556 5609 tuis
1624 5570 1815 5624 pacem
1873 5553 2100 5618 dedisti,

524 5656 789 5710 praestans
823 5648 947 5701 illos
987 5649 1286 5701 emissione
1312 5647 1547 5715 Spiritus
1585 5647 1663 5698 tui
1712 5644 1923 5711 felices,
1967 5643 2099 5700 Ver-

520 5736 645 5788 bum
681 5737 771 5790 Dei
808 5740 1144 5805 misericors,
1191 5742 1342 5794 salva
1378 5754 1477 5793 nos
1514 5738 1581 5792 ab
1617 5737 1818 5793 ictibus
1862 5739 2095 5804 inimici,

2276 1993 2539 2063 Βροτείαν
2564 1994 2728 2063 φύσιν
2774 1995 2837 2046 ἐκ
2863 1993 2963 2063 τῆς
2992 1993 3358 2062 ἀπειράνδρου
3409 1992 3800 2061 ἐνδυσάμενος,

2206 2084 2367 2152 Λόγε,
2400 2084 2469 2137 δι’
2505 2085 2680 2154 ἄκραν
2714 2082 3140 2154 εὐσπλαγχνίαν,
3174 2082 3398 2153 βεϐαίαν
3431 2084 3569 2151 ἡμῖν
3597 2081 3801 2148 ταύτην

2205 2174 2442 2238 δέδωκας
2475 2176 2685 2244 σκέπην
2715 2174 2809 2228 καὶ
2844 2177 3022 2245 τεῖχος
3059 2174 3146 2228 ἀεὶ
3167 2215 3182 2240 ,
3222 2175 3337 2237 τοῖς
3380 2172 3550 2226 εἰδόσι
3580 2173 3714 2226 Θεὸν
3743 2189 3801 2224 σε

2206 2267 2300 2319 καὶ
2330 2265 2738 2337 φιλάνθρωπον.
3234 2250 3241 2251 7

2475 2358 2691 2426 Νόμων
2737 2356 3028 2426 πατρῴων
3055 2360 3109 2411 οὶ
3138 2358 3530 2427 μακαριστοί.

2278 2447 2359 2500 Τά
2390 2448 2658 2502 διεστῶτα
2700 2449 3000 2518 ἀγαθότητι
3061 2448 3425 2517 ὲπισυνάψας,
3465 2448 3611 2514 Λόγε
3678 2462 3804 2498 παν-

2206 2556 2306 2592 υπε
2319 2539 2545 2609 ράγαθε,
2570 2542 2665 2593 καὶ
2695 2539 2943 2601 πατάξας
2974 2539 3064 2591 τὸν
3095 2539 3354 2607 πολέμιον
3398 2536 3477 2607 τῷ
3501 2537 3667 2590 πάθει
3705 2536 3801 2606 τῆς

2206 2632 2409 2701 σαρκός
2444 2647 2558 2693 σου,
2594 2631 2731 2700 πρὸς
2770 2632 2863 2683 τὸν
2894 2629 3147 2701 Πατέρα,
3192 2629 3361 2699 ὅνπερ
3412 2630 3473 2682 οὒ
3510 2628 3802 2690 κατέλιπες

2204 2738 2357 2784 ποτε,
2382 2721 2521 2792 μετὰ
2549 2721 2707 2792 δόξης
2730 2722 3055 2792 ὰνέδραμες,
3087 2721 3197 2773 τῶν
3228 2720 3492 2790 μαθητῶν
3525 2720 3799 2789 βοώντων,

2203 2815 2309 2868 Τὸν
2338 2813 2541 2884 Κύριον
2575 2813 2815 2884 ὑμνεῖτε,
2846 2814 2916 2868 τά
2941 2812 3100 2884 ἔργα.

2275 2905 2626 2976 Κατελεήσας
2655 2903 2750 2966 οὓς
2780 2905 3076 2976 ἠγάπησας
3098 2904 3556 2970 κεκακωμένους,
3592 2904 3797 2971 Σῶτερ,

2204 2996 2400 3067 ἐχθροῦ
2427 2996 2722 3066 δεινότητι,
2742 2994 2971 3049 Ἐλαιῶν
2992 2994 3052 3059 ἐξ
3083 2995 3265 3064 ὅρους,
3284 2996 3558 3059 Δέσποτα,
3590 2994 3801 3064 βλεπόν-

2201 3107 2307 3143 των
2327 3086 2632 3159 ὰνελήφθης
2664 3086 2776 3140 τῶν
2811 3086 3071 3156 μαθητῶν
3102 3104 3219 3154 σου,
3239 3085 3357 3150 πῶς
3401 3086 3548 3157 μετὰ
3577 3087 3797 3157 σαρκὶς,

2204 3179 2618 3249 θαυμαζόντων,
2650 3178 2711 3231 σὲ
2732 3177 2928 3247 νεφέλη
2954 3176 3214 3244 ὑπέλαϐε,
3233 3175 3560 3247 χερουσικδς
3592 3178 3672 3239 ὡς
3690 3176 3799 3247 θρό-

2203 3290 2292 3336 νος
2312 3289 2324 3301 '
2358 3272 2438 3326 διό
2469 3289 2529 3325 σε
2562 3273 2658 3325 σὺν
2688 3272 2873 3334 αὐτοῖς
2908 3268 3264 3340 εὐλογοῦμεν.

2270 3455 2344 3508 Οὐ
2373 3454 2686 3523 καταλείψω
2714 3453 2985 3524 ὀρφανοὺς
3020 3452 3187 3522 ὑμᾶς,
3214 3451 3322 3503 υἱοὶ
3353 3449 3449 3503 καὶ⁸
3468 3449 3799 3520 κληρονόμοι

2199 3548 2299 3617 τῆς
2333 3547 2608 3618 βασιλείας
2634 3562 2734 3615 μου
2755 3563 2769 3576 ο
2797 3542 3038 3597 ἀνελθὼν
3060 3542 3118 3596 δὲ
3145 3542 3254 3622 τὸν,
3271 3541 3641 3613 Παράκλητον
3663 3541 3798 3594 ἁπο-

2204 3636 2373 3690 στελῶ
2409 3636 2467 3702 ἐξ
2509 3636 2676 3704 ὕψους
2706 3677 2720 3700 ,
2753 3635 2899 3703 ὑμᾶς
2948 3632 3189 3704 μυοῦντα
3221 3633 3292 3685 τὰ
3320 3634 3461 3702 ὑπὲρ
3486 3631 3797 3700 κατάληψιν

2201 3732 2294 3782 καὶ
2317 3723 2464 3791 νοῦν,
2496 3728 2590 3781 καὶ
2614 3726 2875 3796 πυρίνους
2904 3722 3220 3777 δεικνύοντα
3255 3722 3475 3793 μεθέξει
3509 3723 3640 3784 τοὺς
3690 3737 3798 3788 πη-

2186 3820 2398 3890 λίνους,
2426 3818 2585 3880 ἐϐόας
2616 3818 2887 3889 μαθηταῖς
2925 3832 3041 3879 σου,
3064 3815 3351 3885 οἰκτίρμον
3373 3827 3389 3843 ⁸
3421 3812 3547 3867 ὅθεν
3584 3814 3684 3868 σὺν
3706 3814 3800 3866 ab“

2198 3912 2311 3974 τοῖς
2336 3928 2394 3964 σε
2426 3910 2703 3980 ύμνοῦμεν
2730 3913 2811 3972 είς
2832 3910 3064 3972 αἰῶνας.

2267 4004 2533 4075 Νομίμων
2561 4003 2705 4072 δίχα,
2726 4002 2901 4073 Κόρη,
2925 4003 3141 4071 φύσεων
3161 3999 3254 4052 τὸν
3275 3998 3575 4067 νομοδότην
3596 3998 3799 4058 τίκτεις

2200 4093 2365 4163 νόμου
2403 4091 2693 4161 ἐξαίροντα
2729 4090 2787 4142 τὸ
2822 4088 3076 4152 σκιῶδες,
3103 4089 3198 4140 καὶ
3223 4087 3323 4155 τῆς
3347 4085 3573 4155 χάριτος
3601 4083 3801 4155 δωροῦ·

2202 4200 2362 4253 μενον
2395 4182 2457 4236 τὸ
2489 4182 2692 4251 φέγγος
2712 4199 2726 4213 ·
2759 4181 2837 4233 διὸ
2867 4180 2946 4249 τῷ
2975 4180 3126 4250 νόμῳ
3153 4177 3235 4248 τῷ
3263 4176 3365 4246 τῆς
3400 4176 3681 4247 ἁμαρτίας
3709 4191 3794 4245 με,

2197 4273 2616 4345 ἁγνὴ,χαλεπῶς
2636 4272 2730 4326 νῦν
2751 4271 3120 4343 τροπούμενον
3142 4268 3535 4340 ὲλευθέρωσον,
3551 4266 3793 4340 ipsum.

2197 4368 2299 4421 Τὸν
2318 4368 2523 4437 Κύριον
2550 4367 2791 4435 ὑμνεῖτε,
2829 4364 2897 4417 τά
2919 4363 3076 4434 ἔργα.

2638 4544 2869 4614 Ἁπορεῒ
2898 4541 3068 4597 πᾶσα
3092 4540 3364 4612 γλῶσσα.

2289 4635 2673 4707 Ἦπορημένην
2719 4636 2813 4687 καί
2837 4634 3232 4705 κεκακωμένην
3282 4633 3385 4699 τὴν
3439 4630 3619 4685 κτίσιν
3664 4648 3794 4686 κατ-

2210 4729 2467 4799 ηλέησας,
2505 4728 2665 4798 μόνος
2690 4726 2766 4790 ὼς
2797 4726 3059 4796 ὑπάρχων
3086 4724 3335 4794 ἐλεήμων
3356 4724 3453 4776 καὶ
3473 4722 3792 4793 οἰκτίρμων

2211 4822 2392 4892 σάρκα
2409 4819 2756 4891 ἀνθρωπίνην
2779 4817 3035 4888 εἴληφας,
3056 4817 3151 4870 καὶ
3177 4815 3267 4868 διὰ
3300 4813 3514 4877 πάθους
3537 4814 3631 4866 τὸν
3656 4816 3796 4881 laxa-

2214 4912 2303 4983 ρὺν
2329 4910 2633 4982 δεσμεύσας
2663 4910 2989 4980 ἁνέδραμες,
3020 4909 3244 4979 Χριστὲ,
3274 4905 3388 4961 ἄνω
3417 4905 3557 4976 πρὸς
3576 4906 3670 4959 τὸν
3698 4907 3797 4959 Πι-

2208 5002 2362 5072 τέρα,
2387 5000 2683 5071 πληρώσας
2715 4999 2969 5070 δόξηςτὰ
2999 4998 3312 5068 σύμπαντα.

2277 5092 2343 5143 Τί
2378 5090 2671 5160 ἁθυμεῖτες
2699 5088 2753 5141 τί
2784 5088 2840 5141 δὲ
2868 5086 3270 5159 ὲκθαμϐεῖσθες
3311 5084 3486 5160 ἐβόων
3533 5087 3647 5147 τοῖς
3674 5085 3794 5137 ἁπο-

2211 5185 2420 5246 στόλοις
2469 5182 2693 5250 ἄγγελοι
2743 5181 3023 5251 ἱστάμενοι
3081 5180 3180 5232 σῦν
3207 5158 3420 5239 τούτοις
3453 5179 3515 5230 ὲν
3547 5176 3626 5247 τῷ
3650 5176 3757 5240 opst
3777 5194 3788 5203 -

2207 5271 2360 5338 οὗτος
2405 5275 2607 5345 Ἰησοῦς
2624 5275 2682 5327 ὃν
2707 5273 2933 5343 βλέπετε
2964 5270 3364 5340 ἀναληφθέντα,
3388 5267 3568 5332 οὕτως
3592 5269 3653 5322 ὲν
3676 5269 3792 5339 δέξῃ

2210 5367 2371 5421 πάλιν
2402 5366 2679 5420 ἐλεύσεται
2716 5364 2905 5434 πολλῇ,
2935 5364 3120 5432 κρῖναι
3154 5362 3254 5430 τὴν
3296 5358 3655 5430 οἰκουμένην,
3706 5360 3789 5409 aui.

2211 5460 2345 5511 πᾶσι
2377 5461 2558 5528 νεῖμαι
2588 5457 2655 5509 τά
2684 5456 2827 5521 ἄξια.

2292 5547 2349 5599 '0
2374 5546 2471 5616 τὴν
2505 5546 2731 5615 εἰρήνην
2753 5544 2876 5606 δοὺς
2905 5545 3015 5605 τοῖς
3058 5544 3222 5609 ἱεροῖς
3258 5532 3533 5610 μα’θηταῖς
3567 5556 3685 5599 σευ,
3718 5535 3789 5605 τῷ

2208 5638 2346 5690 Πνεύ
2356 5635 2485 5706 μοιτί
2500 5653 2590 5701 σου
2614 5636 2819 5695 πάντας
2836 5632 3160 5703 εὐλογήσας,
3174 5630 3459 5701 οίκτίρμον
3480 5629 3621 5682 Θεοῦ
3638 5628 3788 5692 Δότε.

2209 5733 2270 5782 ἐκ
2302 5732 2393 5783 τοῦ
2444 5729 2679 5800 πονηροῦ
2734 5728 3070 5796 συντήρησον
3110 5722 3304 5795 [ἡμᾶς]
3333 5720 3786 5795 ἁπαρατῴτονς·
