3964 6322
511 384 657 447 3983
1371 380 1430 437 S.
1473 377 1882 437 ΞΟῘἮΠΟΝΗ
1932 376 2436 436 ΡΛΤῐῖΙΑῐὶίῖἷίςῖἶ
2472 375 2874 434 IiiEi‘tOLZOL.
3657 374 3784 436 37221

509 495 742 556 concha,
771 492 1125 561 synthronus,
1161 502 1318 559 myax
1351 497 1407 542 et
1454 489 1554 542 alia
1587 489 1828 557 ejusdem
1870 492 2077 560 generis

2192 504 2389 556 στηκεν
2425 489 2454 555 ή
2494 488 2687 554 κόγχη,
2723 485 2781 536 τὸ
2815 483 3119 552 σύνθρονον,
3168 485 3196 535 ὁ
3225 483 3403 554 μύαξ,
3435 488 3538 538 καὶ
3593 489 3654 541 τὰ
3684 509 3782 543 ωι-

511 586 766 638 habeanl.
803 581 1044 636 Ecclesia
1105 581 1176 633 ita
1233 581 1564 644 nominatur,
1623 582 1766 649 quod
1800 582 1850 634 in
1907 597 1968 635 ea
2005 596 2089 635 or-

509 673 728 726 thodoxi
783 681 1181 741 congregantur
1223 679 1278 724 et
1323 680 1722 736 convocantur;
1777 672 2089 740 complexus

505 778 720 832 quoque
763 772 1006 824 vocatur,
1048 763 1174 829 quia
1225 761 1493 814 mirabilia
1545 761 1636 814 Dei
1671 763 1721 816 in
1778 778 1836 815 se
1889 763 2083 827 habet;

505 856 730 918 concha,
759 855 910 923 juxta
948 852 1452 906 Bethlehemiticum
1482 853 1749 906 stabulum
1781 862 1831 906 et
1860 854 2084 921 spelun-

507 957 624 995 Cum
673 942 726 994 in
779 958 890 1023 qua
936 941 1180 1009 sepultus
1235 949 1317 994 est
1388 940 1682 1007 Dominus;
1752 944 2084 1012 synthronus

507 1043 666 1104 typus
699 1043 779 1087 cst
813 1034 991 1087 throni
1027 1033 1285 1096 caelestis,
1319 1035 1368 1086 in
1405 1048 1587 1102 quem,
1617 1049 1736 1086 cum
1767 1050 1929 1088 carne
1959 1051 2080 1096 sua,

505 1135 814 1191 assumptus
861 1124 1036 1177 victor
1122 1124 1282 1189 hujus
1341 1125 1524 1177 mundi
1577 1135 1631 1178 et
1691 1141 1797 1194 quo
1865 1127 2078 1178 insedit.

507 1213 847 1282 Synthrouus
909 1217 1106 1269 dicitur
1183 1227 1240 1270 et
1293 1231 1398 1270 non
1455 1217 1780 1286 simpliciter
1831 1218 2078 1282 thronus,

504 1307 631 1372 quia
672 1305 841 1360 Filius
882 1322 1003 1360 cum
1055 1304 1221 1360 Patre
1253 1306 1304 1359 in
1342 1323 1406 1360 eo
1450 1309 1736 1372 consedit;
1773 1310 1950 1362 caeteri
1986 1324 2080 1360 an-

505 1409 610 1450 tcm
652 1399 937 1465 synthroni
988 1399 1246 1452 honorem
1313 1398 1574 1463 indicant,
1618 1415 1780 1470 quem
1813 1410 1935 1470 post
1992 1415 2078 1454 re-

501 1493 896 1544 surrectionem
943 1505 1096 1544 suam
1139 1501 1542 1558 consequentur
1562 1490 1696 1558 justi
1719 1491 1871 1562 juxta
1909 1492 2076 1546 illud:

507 1599 524 1628 ι
567 1581 676 1647 1⁴Ϊςο
729 1580 863 1642 dixi,
910 1579 988 1631 Dii
1044 1579 1245 1633 estis’.
1289 1596 1307 1628 ι
1375 1579 1673 1632 Consident
1735 1580 2075 1641 sacerdotes,

502 1670 724 1735 perinde
748 1685 810 1722 ac
835 1670 876 1723 si
899 1685 1021 1722 cum
1047 1668 1267 1722 Christo
1291 1670 1535 1722 crurilixi
1587 1678 1771 1722 essent
1803 1683 1926 1722 cum
1959 1684 2079 1737 pas-

502 1762 748 1814 sionibus
789 1760 905 1813 suis
948 1770 1002 1813 et
1033 1759 1322 1813 desideriis
1351 1775 1366 1822 ;
1407 1759 1643 1811 ministri
1674 1772 1802 1812 vero
1832 1759 1882 1811 in
1913 1773 2078 1828 ange-

2188 575 2348 628 αῦτα’
2387 575 2680 644 Ἐκκλησία
2702 575 2916 642 λέγεται
2933 574 3008 636 ὡς
3031 578 3086 626 ἐν
3107 576 3278 646 ταύτῃ
3305 582 3781 646 συναγειμμέςέων

2187 668 2282 720 καὶ
2308 668 2652 736 καλουμένων
2675 668 2782 719 τῶν
2811 666 3125 735 ὀρθοδόξων·
3161 668 3497 736 ὀνομάζεται
3553 672 3610 724 δὲ
3645 691 3781 741 περι.

2187 759 2304 830 οχὴ,
2327 758 2513 827 ὥσπερ
2538 758 2733 828 ἔχουσα
2766 758 2831 809 τὰ
2867 755 2960 808 τοῦ
2987 755 3123 808 θεοῦ
3158 758 3482 826 τεράστειον
3519 759 3696 828 κόγχη
3735 762 3780 813 5':

2190 849 2328 900 κατὰ
2348 848 2407 899 τὸ
2436 848 2494 900 ὲν
2519 847 2766 915 Βηθλεέμ
2798 846 3084 914 σπήλαιον,
3119 847 3213 897 καὶ
3245 849 3392 900 κατὰ
3429 848 3491 898 τδ
3523 852 3784 916 σπήλαιον

2187 939 2316 993 ἔνθα
2362 940 2568 1008 ἐτάφη·
2602 939 2664 990 τὸ
2693 937 2978 1006 σύνθρονόν
3008 939 3124 989 ἐστι
3159 929 3331 1000 τύπος
3370 939 3473 991 τοῦ
3524 945 3783 993 Δεσποτι-

2189 1031 2287 1085 κοῦ
2324 1033 2536 1103 θρόνον,
2573 1034 2632 1083 ἐν
2660 1023 2704 1098 ᾧ
2748 1032 2974 1099 νικήσας
3006 1030 3096 1082 τὸν
3137 1031 3341 1100 κόσμον
3377 1032 3529 1102 μετὰ
3586 1037 3786 1102 σαρκές

2184 1123 2480 1194 ἀνελήφθη,
2500 1125 2591 1176 καὶ
2625 1125 2682 1174 ἐν
2714 1121 2861 1190 αὐτῷ
2883 1121 3128 1172 ἐκάθισε·
3154 1120 3450 1192 σύνθρονον
3473 1124 3534 1175 δὲ
3571 1123 3781 1190 λέγεται

2183 1215 2278 1267 καὶ
2298 1213 2357 1266 οὑ
2379 1213 2585 1284 θρόνος,
2603 1213 2690 1264 διὰ
2713 1211 2771 1263 τὸ
2795 1210 3228 1277 συγκαθέζεσθαι
3250 1211 3340 1264 τὸν
3373 1211 3507 1264 Υἰον
3535 1216 3678 1283 μετὰ
3693 1215 3780 1266 τοῦ

2184 1304 2396 1376 Πατρός
2418 1321 2430 1334 ·
2457 1305 2524 1356 τὰ
2565 1303 2727 1364 λοιπὰ
2763 1301 3029 1371 σύνθρονα
3084 1301 3306 1371 δηλοῦσι
3352 1303 3456 1373 τὴν
3487 1305 3688 1373 τιμὴν,
3719 1309 3781 1376 ἣν

2188 1397 2329 1466 μετὰ
2357 1397 2454 1466 τὴν
2476 1397 2773 1448 ἀνάστασιν
2802 1394 3108 1462 ὀψείλουσίν
3149 1383 3451 1446 ἀπολαϐεῖν
3475 1397 3525 1446 οἱ
3559 1394 3776 1448 δίκαιοι·

2182 1490 2323 1542 κατὰ
2348 1489 2430 1554 τὸ,
2461 1487 2632 1557 «Ἐγὼ
2653 1485 2784 1540 εἶπα
2801 1501 2815 1517 ⁸
2843 1487 2966 1539 Θεοί
2983 1487 3131 1538 ἐστε·
3158 1505 3175 1536 ι
3201 1487 3711 1554 συγκαθέζονταιδέ
3732 1495 3778 1542 οἱ

2184 1583 2347 1652 ίερεῖς
2363 1581 2438 1645 ὡς
2453 1581 2529 1649 τῷ
2554 1579 2775 1650 Χριστῷ
2793 1567 3298 1647 συνσταυρωθέντες
3324 1577 3426 1630 σὺν
3455 1579 3571 1640 τοῖς
3596 1579 3778 1647 παθή-

2188 1691 2318 1743 μασι
2350 1675 2444 1726 καὶ
2471 1675 2592 1736 ταῖς
2620 1670 2961 1740 ἐπιθυμίαις,
3002 1669 3112 1721 τῶν
3148 1668 3414 1722 διακόνων
3467 1669 3775 1739 ἱσταμένων

2181 1767 2260 1826 εἰς
2299 1765 2468 1816 τύπον
2507 1764 2613 1816 τῶν
2635 1762 2898 1830 ἀγγέλων·
2922 1761 3051 1828 ἁγία
3069 1759 3325 1828 τράπεζα
3345 1759 3502 1828 δηλοῖ
3528 1759 3595 1812 τὸ
3621 1760 3774 1827 ἅγιον

502 1851 676 1902 lorum
711 1853 927 1903 modum
961 1859 1162 1903 astant.
1219 1848 1404 1902 Mensa
1436 1861 1627 1902 saneta
1660 1859 1906 1903 sanctum
1961 1863 2074 1902 mo-

2184 1856 2465 1924 μνημεῖον,
2525 1856 2582 1906 ἐν
2629 1845 2674 1920 ᾧ
2725 1851 2902 1919 ἐτάφη
2929 1852 3000 1919 -ή
3058 1851 3113 1900 δὲ
3143 1849 3273 1916 ἁγία
3316 1849 3584 1916 πρόθεσις
3613 1850 3641 1899 ὁ
3676 1851 3766 1899 τοῦ

503 1948 821 1990 numentum
897 1939 1089 2000 refert,
1149 1936 1201 1988 in
1253 1951 1360 2003 quo
1407 1935 1650 2002 sepultus
1707 1947 1833 2001 est;
1885 1945 2074 1988 sancta

497 2027 772 2100 prothesis
795 2024 1087 2079 calvariam
1122 2024 1221 2076 loci
1250 2025 1300 2076 in
1339 2038 1445 2092 quo
1475 2022 1771 2077 cruciﬁxus
1798 2031 1882 2076 est
1908 2039 1922 2074 :
1956 2022 2077 2074 ideo

496 2113 846 2177 sacriﬁcatur
869 2118 922 2173 in
956 2129 1064 2180 ea;
1107 2115 1365 2190 cibarius,
1399 2112 1452 2164 in
1492 2112 1708 2192 modum
1763 2109 2078 2164 Noemiticze

495 2228 636 2267 arca:
670 2207 773 2282 [rib
837 2225 865 2262 a
902 2209 1084 2263 ciboto
1114 2202 1286 2274 (ar-ca)
1326 2212 1374 2254 et
1407 2203 1550 2254 etim
1582 2200 1652 2253 ab
1692 2198 1908 2253 horario
1932 2196 2078 2251 ordi-

498 2303 648 2376 nato]
686 2301 1029 2371 desumitur;
1055 2298 1358 2352 convoluta'
1390 2304 1570 2347 autem
1597 2290 1860 2345 columna:
1880 2289 1944 2342 ad
1964 2287 2078 2341 imi-

498 2397 753 2451 tatiOucm
827 2402 1061 2463 quatuor
1136 2390 1450 2444 animalium
1522 2383 1848 2452 accipienda:
1927 2391 2076 2443 sunt,

496 2505 616 2558 quae
651 2486 784 2539 vidit
823 2486 1106 2553 propheta.

568 2603 620 2656 5.
677 2601 861 2654 Allare
901 2599 981 2653 sic
1021 2597 1353 2658 nominatur,
1402 2593 1485 2645 vel
1514 2591 1670 2658 juxta
1715 2589 1990 2644 caelestem
2022 2595 2076 2641 et

497 2692 834 2763 spiritualem
896 2702 1070 2744 aram.
1126 2687 1198 2738 ita
1232 2695 1288 2737 ut
1339 2683 1653 2738 sacerdotes
1686 2679 1888 2732 terreni
1925 2680 2072 2731 hier-

497 2784 716 2840 archias
775 2785 1166 2848 repraesentem
1249 2771 1556 2842 spirituales
1631 2781 1685 2824 et
1748 2769 2075 2822 immateria-

494 2877 596 2940 les,
649 2889 768 2941 qua:
818 2881 967 2923 more
1027 2866 1166 2938 ignis
1217 2864 1458 2918 ardentis
1532 2861 1935 2930 splendescunt,
1991 2861 2073 2911 vel

491 2971 645 3036 juxta
670 2978 883 3018 sacrum
901 2960 1104 3015 Chrisd
1127 2966 1567 3018 monumentum,
1600 2953 1654 3006 in
1687 2968 1796 3021 quo
1815 2952 1986 3005 Filius
2014 2966 2074 3003 se

500 3059 775 3112 victimam
825 3054 934 3106 Deo
981 3049 1128 3105 Patri
1177 3047 1398 3102 obtulit.
1449 3046 1607 3116 Man
1648 3044 1866 3115 (volutae
1909 3057 2074 3110 super

2179 1945 2416 2014 Κρανίου
2447 1947 2608 2005 τόπος
2649 1945 2707 1994 ἐν
2735 1935 2778 2008 ᾧ
2812 1939 3128 2011 ἐσταυρώθη
3155 1957 3169 1970 '
3201 1939 3296 1992 καὶ
3321 1939 3410 1991 διὰ
3443 1938 3609 1989 τοῦτο
3644 1938 3767 1989 0'35-

2189 2051 2279 2085 ται
2309 2037 2367 2086 ἐν
2398 2033 2547 2102 αὐτῷ
2567 2049 2579 2061 ·
2606 2034 2634 2084 ὁ
2664 2029 2934 2100 κυὸώριὸς
2972 2032 3118 2081 ἐστιν
3148 2029 3223 2090 εἰς
3254 2025 3426 2079 τύπον
3455 2027 3558 2095 τῆς
3598 2027 3767 2079 κιϐω-

2178 2124 2273 2177 τοῦ
2303 2123 2396 2177 τοῦ
2440 2124 2562 2177 Νῶε
2592 2139 2604 2153 ·
2639 2122 2699 2174 τὸ
2725 2121 2823 2191 μὲν
2845 2123 2953 2189 γὰρ
2980 2119 3081 2172 κὶϐ
3115 2118 3368 2181 κιϐωτὸς,
3417 2119 3481 2171 τὸ
3504 2114 3564 2171 δὲ
3593 2118 3768 2185 ὥρων

2186 2215 2433 2270 τουτέστι
2473 2211 2712 2277 διάταξις
2773 2209 2940 2263 αὐτοῦ
2966 2226 2980 2238 ·
3011 2208 3082 2261 τὰ
3111 2209 3168 2261 δὲ
3235 2210 3573 2279 παρακιόνια
3628 2215 3767 2260 κατὰ

2180 2307 2411 2378 μίμησιν
2436 2305 2544 2356 τῶν
2572 2303 2851 2373 τεσσάρων
2872 2299 3025 2364 ζώων
3066 2298 3174 2352 τῶν
3196 2297 3473 2377 ὀφθέντων
3511 2299 3594 2370 τῷ
3629 2317 3766 2370 προο

2180 2397 2345 2468 φήτιι·

2246 2622 2313 2672 γ.
2335 2603 2727 2671 Θυσιαστήριον
2757 2599 2975 2667 λέγεται
3005 2597 3148 2652 κατὰ
3197 2598 3260 2649 τὸ
3283 2596 3613 2668 ἐπουράνιον
3637 2635 3646 2646 .
3675 2597 3766 2650 καὶ

2176 2697 2369 2768 νοερὸν
2419 2692 2804 2762 θυσιαστήριον
2845 2693 2904 2743 ἐν
3027 2689 3382 2741 ἁντιτυποῦσι
3416 2689 3517 2751 τὰς
3568 2692 3761 2758 νοερᾶς

2175 2790 2268 2840 καὶ
2301 2785 2500 2847 ἀΰλους
2552 2783 2838 2854 ἱεραρχίας
2865 2782 2916 2833 οἱ
2959 2779 3136 2832 ἐνυλοι
3190 2780 3388 2849 ἱερεῖς·
3422 2777 3656 2840 τούτους
3705 2779 3761 2830 δδ

2173 2877 2314 2933 εἶναι
2346 2878 2419 2940 ὡς
2451 2876 2562 2946 πῦρ
2594 2876 2789 2944 φλέγον
2823 2887 2837 2901 ⁸
2873 2872 3074 2944 ἢκατὰ
3101 2870 3162 2924 τὸ
3204 2871 3361 2938 ἅγιον
3405 2871 3601 2940 μνῆμα
3629 2872 3763 2940 Χριο

2175 2971 2321 3034 στοῦ,
2344 2971 2402 3021 ἐν
2519 2967 2711 3019 θυσίαν
2741 2965 2934 3038 ἐαυτὸν.
2957 2964 3311 3034 προσήγαγεν
3350 2962 3430 3030 τῷ
3487 2962 3615 3032 Θεῷ
3664 2964 3759 3014 καὶ

2174 3061 2347 3127 Πατρὶ
2374 3059 2402 3110 ό
2424 3056 2677 3128 Χριστός.
2708 3054 2868 3118 Μύαξ
2901 3055 2930 3104 ὁ
2957 3053 3143 3107 ἐπάνω
3172 3051 3268 3104 τοῦ
3295 3051 3565 3122 βήματος,
3603 3052 3768 3114 τύπος

496 3148 611 3218 ara)
692 3147 926 3214 primum
999 3142 1193 3210 ﬁgurat
1253 3138 1490 3199 caalum,
1541 3145 1596 3189 et
1653 3134 1760 3186 alia
1816 3131 2070 3186 Ecclesia:

2184 3153 2264 3204 τοῦ
2306 3149 2524 3220 πρώτου
2559 3147 2790 3219 ούρανοῦ
2821 3163 2834 3176 ο
2866 3147 2927 3198 τὸ
2959 3145 3015 3198 δέ
3056 3145 3240 3198 λοιπὸν
3271 3145 3462 3208 στέγος
3489 3145 3592 3214 τῆς
3653 3145 3768 3197 Ἐκ-

498 3249 769 3294 structura
793 3241 1141 3303 reprazsentat
1163 3230 1560 3283 ﬁrmamentum
1597 3225 1831 3290 visibile,
1870 3233 1924 3277 ct
1953 3237 2070 3290 quae

499 3331 635 3386 infra
693 3341 952 3385 succensa
986 3335 1112 3380 sunt
1162 3321 1486 3377 candelabra
1537 3319 1799 3372 rationem
1838 3316 2074 3369 siderum

478 3425 728 3489 habent;
773 3423 969 3490 gradus
996 3415 1271 3472 caelestem
1321 3412 1600 3466 imitantur
1648 3423 1822 3471 aram,
1855 3417 1910 3460 et
1931 3406 2075 3460 sicut

497 3517 696 3573 ibidem
738 3513 1051 3566 ministrant
1081 3506 1258 3576 angeli
1295 3503 1412 3566 Dei,
1441 3504 1523 3557 sic
1565 3512 1619 3556 et
1649 3499 1856 3554 terreni
1885 3511 2074 3552 sacer--

497 3611 650 3662 dotes
693 3607 744 3657 in
797 3602 1055 3673 gradibus
1091 3606 1268 3653 astant
1319 3603 1374 3650 et
1402 3594 1627 3648 Domino
1672 3591 1878 3646 cultum
1926 3587 2076 3642 debi-

499 3711 610 3752 tum
641 3711 854 3765 semper
882 3693 1143 3746 tribuunt.
1188 3688 1394 3743 Idcirco
1433 3682 1688 3739 cenvenit
1737 3678 2072 3734 sacerdotem

496 3808 620 3846 csse
646 3791 826 3858 ignem
867 3787 1171 3846 ardentem,
1230 3773 1791 3848 irreprehensibilem,
1821 3772 1889 3824 ab
1927 3767 2073 3822 onuti

500 3882 711 3938 macula
747 3891 802 3934 et
831 3875 1224 3946 improbatioue
1271 3870 1496 3923 liberum
1525 3883 1540 3931 ;
1593 3863 1902 3918 sacerdotes
1929 3859 2074 3912 enim

496 3972 949 4040 arehaugclorum
1005 3967 1179 4019 vicem
1225 3967 1436 4032 gerunt,
1508 3967 1564 4010 et
1621 3950 2074 4023 quemadmodum

497 4038 785 4132 Serapbim
837 4059 1129 4115 carbonem
1189 4053 1435 4121 suscepit
1482 4059 1538 4104 ct
1565 4045 1788 4100 tradidit
1849 4040 2002 4095 Isaiae
2031 4038 2075 4103 ",

496 4162 575 4216 sic
609 4131 927 4214 sacerdotes
957 4156 1178 4205 sumunt
1209 4161 1422 4215 panem,
1453 4143 1504 4196 id
1535 4151 1618 4194 est
1641 4152 1833 4206 corpus
1864 4131 2075 4188 Domini

497 4265 552 4309 et
616 4253 746 4305 dant
779 4245 996 4317 populo.
1030 4241 1106 4296 Ne
1137 4240 1258 4309 quis
1307 4237 1471 4306 igitur
1489 4233 1743 4301 opinetur
1777 4229 1973 4297 liguras
2003 4237 2080 4276 re-

498 4341 911 4414 pra'sentativas
967 4343 1178 4388 tantum
1240 4342 1363 4383 esse
1419 4333 1638 4381 sanctas
1717 4319 1962 4388 corporis
2023 4321 2079 4368 et

498 4406 781 4505 sanguinis
815 4425 1055 4492 Christi;
1086 4431 1171 4478 ast
1201 4421 1388 4476 credat
1417 4418 1644 4487 quisque
1683 4426 1875 4482 panem
1910 4416 1963 4459 et
1997 4406 2078 4505 vi-

2175 3243 2402 3314 κλησίας
2434 3243 2513 3304 είς
2536 3241 2704 3294 τύπον
2733 3238 2828 3292 τοῦ
2857 3238 3184 3307 φαινομένου
3212 3237 3470 3306 οὐρανοῦ,
3492 3239 3596 3300 τὰς
3624 3255 3760 3290 καν-

2173 3335 2334 3405 δήλας
2379 3331 2743 3403 ὑφαπτούσας
2785 3329 3028 3383 κάτωθεν
3061 3330 3184 3398 ἕχον
3211 3329 3334 3380 ἀντὶ
3363 3327 3475 3382 τῶν
3498 3329 3766 3399 ἀστέρων·

2174 3427 2234 3479 τὸ
2261 3426 2318 3478 δὲ
2361 3423 2511 3494 βῆμά
2545 3423 2665 3474 ἐστι
2710 3421 2853 3474 κατὰ
2886 3421 3118 3490 μίμησιν
3150 3419 3245 3472 τοῦ
3295 3419 3629 3489 ἐπουρανίου
3675 3419 3766 3470 θυ-

2177 3513 2517 3581 σιαστηρίου·
2559 3512 2655 3565 καὶ
2699 3511 2888 3582 ὥσπερ
2933 3509 3343 3579 λειτουργοῦσιν
3395 3510 3625 3577 ἄγγελοι
3670 3510 3767 3561 τοῦ

2169 3604 2332 3669 Θεοῦ,
2381 3604 2553 3667 οὕτως
2601 3606 2659 3657 ἐν
2704 3603 2782 3674 τῷ
2817 3604 2959 3674 ἁγίῳ
3009 3605 3214 3674 βήματι
3276 3603 3527 3656 ἵστανται
3582 3604 3678 3656 καὶ
3719 3603 3768 3653 οἱ

2175 3697 2348 3751 ἔνυλοι
2380 3698 2544 3766 ἱερεῖς
2574 3696 2924 3766 παρεστῶτες
2963 3696 3059 3748 καὶ
3087 3693 3440 3764 λατρεύοντες
3462 3694 3537 3764 τῷ
3583 3695 3769 3764 Κυρίῳ

2175 3788 2495 3851 διαπαντός·
2519 3789 2610 3840 καὶ
2635 3788 2724 3841 διὰ
2759 3787 2916 3840 τοῦτο
2939 3787 3168 3856 ἁρμόζει
3198 3786 3290 3838 τὸν
3347 3786 3624 3856 ίερέα,·ὠς
3660 3787 3768 3856 πῦρ

2177 3882 2372 3950 φλέγον
2401 3878 2568 3945 εἶναι,
2603 3879 2855 3950 καθάπερ
2881 3895 2939 3930 τε
2980 3879 3075 3931 καὶ
3105 3877 3393 3946 ἄμεμπτον
3431 3878 3540 3929 ἀπὸ
3570 3878 3769 3940 παντὸς

2187 3969 2361 4038 ῥύπου
2395 3969 2488 4021 καὶ
2516 3967 2731 4037 μώμου·
2765 3968 2816 4019 οἱ
2846 3968 3012 4036 ἱερεῖς
3031 3964 3346 4033 ὁμοιοῦνται
3379 3966 3765 4034 ἁρχαγγέλοις·

2176 4060 2209 4129 ἢ
2235 4059 2341 4132 γὰρ
2357 4058 2544 4128 ὥσπερ
2572 4058 2820 4128 Σεραφὶμ
2845 4055 3003 4108 ἔλαϐε
3024 4055 3115 4107 τὸν
3154 4053 3402 4123 ἄνθρακα
3428 4057 3528 4107 καὶ
3563 4056 3766 4108 δ-δωκι

2177 4152 2257 4222 τῷ
2300 4150 2520 4220 Ἡσαΐᾳ,
2551 4148 2724 4209 οὕτως
2757 4147 2854 4202 καὶ
2883 4149 2934 4200 οἱ
2968 4148 3131 4217 ἱερεῖς
3174 4145 3517 4214 λαμϐάνουσι
3538 4147 3638 4199 ,τὸν
3670 4148 3766 4217 ἆρ-

2179 4260 2268 4295 τον
2315 4243 2436 4313 ἦτοι
2468 4241 2530 4293 τὸ
2567 4239 2896 4293 Δεσποτικὸν
2933 4239 3094 4308 σῶμα
3151 4239 3245 4291 καὶ
3295 4238 3501 4291 διδόασι
3534 4239 3614 4309 τῷ
3636 4239 3766 4308 λαῷ.

2179 4334 2383 4403 Μηδεὶς
2430 4332 2524 4386 οὖν
2588 4331 2814 4385 δοκείτω
2866 4331 3133 4384 ἀντίτυπα
3202 4325 3343 4382 εἷναι
3405 4331 3473 4383 τά
3519 4330 3651 4397 ἅγια
3677 4331 3765 4384 τοῦ

2183 4425 2434 4494 σώματος
2470 4422 2564 4476 καὶ
2600 4423 2834 4492 αἵματος
2875 4420 2969 4474 τοῦ
2999 4420 3261 4490 Χριστοῦ,
3317 4421 3459 4475 ἀλλὰ
3483 4423 3577 4474 τὸν
3608 4425 3766 4493 ἄρτον

499 4496 631 4583 num
645 4525 886 4579 oblatum
905 4517 1150 4574 converti
1171 4516 1222 4568 in
1244 4527 1439 4582 corpus
1453 4520 1508 4564 et
1522 4507 1837 4574 sanguinem
1857 4496 2077 4554 Christi.

2185 4516 2394 4568 καὶτὸν
2428 4510 2570 4567 οἶνον
2620 4514 2922 4566 πιστευέτω
2956 4512 3404 4582 προσφερόμενον
3436 4513 3768 4583 μεταϐάλλεο

502 4620 620 4673 Alia
657 4613 971 4685 explicatio.
1029 4607 1244 4665 Gradus
1293 4604 1533 4674 (podium
1590 4597 1797 4653 scilicet
1836 4586 2072 4685 sacrum)

499 4721 584 4765 est
641 4683 884 4762 elevatus
947 4709 1001 4756 et
1052 4701 1151 4754 sub
1218 4695 1444 4766 pedibus
1520 4691 1714 4754 locus;
1780 4683 2072 4740 secundam

501 4802 703 4859 Christi
751 4799 955 4853 indicat
989 4789 1360 4863 prmsentiam,
1388 4785 1480 4854 qui
1526 4781 1770 4837 insidens
1809 4774 2074 4846 judicabit

503 4899 656 4950 viros
690 4901 742 4945 et
773 4898 1033 4945 mortuos.

571 4987 626 5039 4.
665 4983 906 5038 Ornatus
951 4978 1007 5031 ﬁt
1032 4977 1183 5043 juxta
1213 4985 1426 5026 sacrum
1470 4976 1524 5022 et
1569 4964 1794 5034 legalem
1831 4959 2070 5024 cultum;

499 5078 705 5136 Christi
731 5071 974 5130 crucilixi
1013 5053 1241 5122 inertem
1261 5063 1313 5116 in
1331 5073 1492 5114 cruce
1518 5064 1836 5110 exornatam
1859 5053 2085 5106 deumn-

500 5179 659 5236 strat,
674 5169 786 5222 sive
811 5159 1092 5218 Veialuinis
1110 5156 1336 5209 lormam
1356 5150 1537 5215 refert;
1559 5146 1781 5201 cancelli
1802 5145 1864 5197 ad
1879 5156 2083 5196 morem

502 5262 871 5319 cancellormu
899 5246 1274 5318 sunlscpulcri
1300 5261 1316 5310 ;
1348 5256 1512 5311 Opera
1531 5253 1680 5292 antica
1722 5252 1841 5306 quae
1874 5233 2074 5302 simpli-

502 5371 619 5412 cem
636 5355 940 5420 ingressum
960 5343 1226 5403 adiuntnt,
1249 5335 1424 5390 locum
1440 5331 1702 5385 orationis
1726 5329 1985 5390 iudicant,
2015 5325 2081 5378 ab

503 5448 728 5502 introitu
800 5439 1055 5511 populum
1129 5429 1456 5487 exteriorem
1508 5425 1784 5484 cohibent,
1851 5420 2080 5472 interius

554 5627 574 5659 ²
608 5627 746 5679 Psal.
800 5637 985 5684 mm,
1013 5620 1066 5673 6.
1129 5619 1148 5650 ⁸
1182 5618 1287 5671 lsa.
1324 5630 1396 5679 rt,
1431 5614 1485 5668 6.

2181 4607 2304 4660 σθαι
2357 4607 2434 4669 εἰς
2469 4607 2626 4676 σῶμα
2663 4605 2758 4658 καὶ
2794 4599 2933 4674 αἷμα
2981 4605 3216 4675 Χριστοῦ
3249 4605 3348 4672 (Ι).
3410 4604 3648 4666 Ἀλλωςο
3701 4607 3768 4658 το

2182 4695 2329 4766 βῆμα
2359 4696 2476 4748 ἐστὶ⁸
2501 4695 2664 4757 τόπος
2699 4693 3028 4763 ὑπόδαθροςσ
3063 4692 3404 4746 ύποδεικνύει
3439 4693 3498 4745 δὲ
3524 4694 3625 4762 τὴν
3657 4694 3766 4746 δευ.

2179 4789 2345 4859 τέραν
2396 4787 2704 4860 παρουσίαν
2729 4826 2744 4851 ,
2777 4787 2866 4839 διὰ
2899 4787 2960 4838 τὸ
3005 4787 3242 4840 καθέντα
3288 4787 3347 4837 ἐν
3375 4785 3513 4855 αὐτῇ
3562 4787 3771 4854 μέλλειν

2180 4882 2360 4950 κρῖναι
2374 4879 2581 4944 ζῶντας
2597 4878 2690 4930 καὶ
2711 4879 2959 4948 νεκρούς.

2250 4970 2312 5023 δ’.
2344 4970 2639 5040 Κοσμητὴς
2706 4969 2825 5020 ἐστὶ
2869 4969 3012 5020 κατὰ
3062 4968 3124 5020 τὸ
3180 4966 3405 5033 νομικὸν
3457 4968 3552 5020 καὶ
3616 4970 3764 5036 ἅγιον

2195 5062 2443 5130 κόσμιον,
2496 5063 2758 5131 ἐμφαῖνον
2816 5059 2910 5112 τοῦ
2958 5059 3380 5131 σταυρωθέντος
3414 5061 3660 5128 Χριστοῦ
3714 5062 3768 5114 τὸ

2191 5152 2580 5221 ἐκσφράγισμα
2616 5151 2699 5204 διὰ
2730 5151 2964 5221 σταυροῦ
2999 5149 3405 5219 κοσμούμενον,
3432 5151 3467 5219 ἦ
3495 5153 3577 5213 εἰς
3607 5152 3767 5204 τύπον

2190 5245 2218 5295 ὁ
2243 5245 2526 5313 κοσμητὴς
2551 5242 2644 5295 τοῦ
2668 5242 3158 5312 καταπετάσματος
3187 5258 3201 5269 ·
3232 5241 3594 5310 τακάγκελλα
3625 5243 3766 5296 ἀντί·
3827 5260 3835 5268 ·

2189 5350 2333 5384 τυπα
2392 5333 2500 5384 τῶν
2559 5333 2651 5385 τοῦ
2707 5331 2880 5401 τάφου
2919 5331 3256 5400 καγκέλλων·
3301 5332 3482 5400 χαλκᾶ
3511 5333 3566 5385 δὲ
3601 5333 3689 5385 διὰ
3712 5332 3764 5382 τὸ

2192 5423 2266 5490 μή
2313 5421 2656 5490 εἰσέρχεσθαί
2685 5439 2806 5475 τινα
2839 5421 3025 5484 ἁπλῶς
3057 5439 3072 5453 ο
3105 5419 3326 5489 δηλοῦσι
3361 5421 3417 5473 δέ
3466 5423 3562 5475 καὶ
3611 5423 3764 5475 τόπον

603 5782 678 5842 ιι)
711 5777 1094 5832 .\:.imadrcrt¢
1127 5772 1444 5842 praeclarum
1488 5769 1550 5823 de
1576 5767 1677 5821 SS.
1716 5765 2052 5819 Eucharistia
2095 5765 2482 5819 testimonium.
