  <div class='ocr_page' id='page_1' title='image "/cluster/home/n/w/nwhite01/storage/ocr_20150623/87 pars.3/pst.000005712915/609.png"; bbox 0 0 3964 6322; ppageno 0'>
   <div class='ocr_carea' id='block_1_1' title="bbox 505 361 642 452">
    <p class='ocr_par' dir='ltr' id='par_1_1' title="bbox 505 361 642 452">
     <span class='ocr_line' id='line_1_1' title="bbox 505 361 642 452; baseline -0.007 0"><span class='ocrx_word' id='word_1_1' title='bbox 505 361 642 452; x_wconf 65' lang='lat'><strong>3937</strong></span> 
     </span>
    </p>
   </div>
   <div class='ocr_carea' id='block_1_2' title="bbox 1409 384 2899 472">
    <p class='ocr_par' dir='ltr' id='par_1_2' title="bbox 1409 384 2899 472">
     <span class='ocr_line' id='line_1_2' title="bbox 1409 384 2899 472; baseline -0.003 -24"><span class='ocrx_word' id='word_1_2' title='bbox 1409 389 1472 449; x_wconf 82' lang='lat' dir='ltr'><strong>S.</strong></span> <span class='ocrx_word' id='word_1_3' title='bbox 1510 386 1926 447; x_wconf 81' lang='lat' dir='ltr'><strong>SOPHRONII</strong></span> <span class='ocrx_word' id='word_1_4' title='bbox 1962 386 2466 472; x_wconf 70' lang='grc' dir='ltr'><strong>ΡΑΤΒῘΑΒαῌιΕ</strong></span> <span class='ocrx_word' id='word_1_5' title='bbox 2496 384 2899 445; x_wconf 78' lang='lat' dir='ltr'><strong>HIEROSOL.</strong></span> 
     </span>
    </p>
   </div>
   <div class='ocr_carea' id='block_1_3' title="bbox 3647 381 3781 444">
    <p class='ocr_par' dir='ltr' id='par_1_3' title="bbox 3647 381 3781 444">
     <span class='ocr_line' id='line_1_3' title="bbox 3647 381 3781 444; baseline -0.015 0"><span class='ocrx_word' id='word_1_6' title='bbox 3647 381 3781 444; x_wconf 60' lang='lat'><strong>395.8</strong></span> 
     </span>
    </p>
   </div>
   <div class='ocr_carea' id='block_1_4' title="bbox 509 491 2120 569">
    <p class='ocr_par' dir='ltr' id='par_1_4' title="bbox 509 493 2120 561">
     <span class='ocr_line' id='line_1_4' title="bbox 509 493 2120 561; baseline 0.001 -15"><span class='ocrx_word' id='word_1_7' title='bbox 509 497 698 553; x_wconf 73' lang='lat' dir='ltr'><strong>iilusus</strong></span> <span class='ocrx_word' id='word_1_8' title='bbox 728 495 910 561; x_wconf 82' lang='lat' dir='ltr'><strong>fuerit,</strong></span> <span class='ocrx_word' id='word_1_9' title='bbox 943 510 971 549; x_wconf 87' lang='lat' dir='ltr'><strong>a</strong></span> <span class='ocrx_word' id='word_1_10' title='bbox 1002 493 1234 552; x_wconf 88' lang='lat' dir='ltr'><strong>Domino</strong></span> <span class='ocrx_word' id='word_1_11' title='bbox 1261 505 1439 549; x_wconf 86' lang='lat' dir='ltr'><strong>autem</strong></span> <span class='ocrx_word' id='word_1_12' title='bbox 1477 495 1816 551; x_wconf 85' lang='lat' dir='ltr'><strong>benedictus.</strong></span> <span class='ocrx_word' id='word_1_13' title='bbox 1861 496 2084 550; x_wconf 89' lang='lat' dir='ltr'><strong>Summa</strong></span> <span class='ocrx_word' id='word_1_14' title='bbox 2114 545 2120 554; x_wconf 79' lang='grc'>,</span> 
     </span>
    </p>
   </div>
   <div class='ocr_carea' id='block_1_5' title="bbox 2213 491 3780 569">
    <p class='ocr_par' dir='ltr' id='par_1_5' title="bbox 2213 491 3780 569">
     <span class='ocr_line' id='line_1_5' title="bbox 2213 491 3780 569; baseline -0.003 -23"><span class='ocrx_word' id='word_1_15' title='bbox 2213 493 2490 547; x_wconf 83' lang='grc' dir='ltr'>ιποστόλου</span> <span class='ocrx_word' id='word_1_16' title='bbox 2547 493 2740 562; x_wconf 89' lang='grc' dir='ltr'>τιμίαν</span> <span class='ocrx_word' id='word_1_17' title='bbox 2793 495 2992 563; x_wconf 75' lang='grc' dir='ltr'>χάραν,</span> <span class='ocrx_word' id='word_1_18' title='bbox 3045 492 3111 564; x_wconf 74' lang='grc' dir='ltr'>ἣν</span> <span class='ocrx_word' id='word_1_19' title='bbox 3159 491 3470 562; x_wconf 75' lang='grc' dir='ltr'>ἁποκαρεὶς</span> <span class='ocrx_word' id='word_1_20' title='bbox 3511 491 3636 569; x_wconf 43' lang='grc' dir='ltr'>,ὑπό</span> <span class='ocrx_word' id='word_1_21' title='bbox 3679 491 3780 543; x_wconf 72' lang='grc' dir='ltr'><strong>τῶν</strong></span> 
     </span>
    </p>
   </div>
   <div class='ocr_carea' id='block_1_6' title="bbox 506 587 2082 658">
    <p class='ocr_par' dir='ltr' id='par_1_6' title="bbox 506 587 2082 658">
     <span class='ocr_line' id='line_1_6' title="bbox 506 587 2082 658; baseline -0.002 -17"><span class='ocrx_word' id='word_1_22' title='bbox 506 602 536 641; x_wconf 87' lang='lat' dir='ltr'><strong>e</strong></span> <span class='ocrx_word' id='word_1_23' title='bbox 580 589 862 644; x_wconf 76' lang='lat' dir='ltr'><strong>duodecim</strong></span> <span class='ocrx_word' id='word_1_24' title='bbox 897 588 1184 658; x_wconf 90' lang='lat' dir='ltr'><strong>lapidibus,</strong></span> <span class='ocrx_word' id='word_1_25' title='bbox 1223 589 1288 642; x_wconf 88' lang='lat' dir='ltr'><strong>ad</strong></span> <span class='ocrx_word' id='word_1_26' title='bbox 1323 587 1466 641; x_wconf 82' lang='lat' dir='ltr'><strong>Petri</strong></span> <span class='ocrx_word' id='word_1_27' title='bbox 1505 587 1886 652; x_wconf 90' lang='lat' dir='ltr'><strong>imitationem,</strong></span> <span class='ocrx_word' id='word_1_28' title='bbox 1916 587 2082 655; x_wconf 79' lang='lat' dir='ltr'><strong>ignita</strong></span> 
     </span>
    </p>
   </div>
   <div class='ocr_carea' id='block_1_7' title="bbox 508 679 2080 750">
    <p class='ocr_par' dir='ltr' id='par_1_7' title="bbox 508 679 2080 750">
     <span class='ocr_line' id='line_1_7' title="bbox 508 679 2080 750; baseline 0.003 -20"><span class='ocrx_word' id='word_1_29' title='bbox 508 680 692 748; x_wconf 75' lang='lat' dir='ltr'><strong>specie</strong></span> <span class='ocrx_word' id='word_1_30' title='bbox 741 681 792 732; x_wconf 91' lang='lat' dir='ltr'><strong>in</strong></span> <span class='ocrx_word' id='word_1_31' title='bbox 849 679 1130 735; x_wconf 81' lang='lat' dir='ltr'><strong>sacerdote</strong></span> <span class='ocrx_word' id='word_1_32' title='bbox 1183 679 1547 750; x_wconf 76' lang='lat' dir='ltr'><strong>fulget,juxta</strong></span> <span class='ocrx_word' id='word_1_33' title='bbox 1590 679 1714 734; x_wconf 91' lang='lat' dir='ltr'><strong>illud</strong></span> <span class='ocrx_word' id='word_1_34' title='bbox 1755 680 2080 748; x_wconf 66' lang='lat' dir='ltr'><strong>Prophetce:</strong></span> 
     </span>
    </p>
   </div>
   <div class='ocr_carea' id='block_1_8' title="bbox 513 768 2083 842">
    <p class='ocr_par' dir='ltr' id='par_1_8' title="bbox 513 768 2083 842">
     <span class='ocr_line' id='line_1_8' title="bbox 513 768 2083 842; baseline 0.001 -22"><span class='ocrx_word' id='word_1_35' title='bbox 513 785 534 810; x_wconf 81' lang='grc' dir='ltr'><strong><em>σ</em></strong></span> <span class='ocrx_word' id='word_1_36' title='bbox 570 768 672 836; x_wconf 80' lang='lat' dir='ltr'><strong>Qui</strong></span> <span class='ocrx_word' id='word_1_37' title='bbox 731 769 859 824; x_wconf 81' lang='lat' dir='ltr'><strong>facit</strong></span> <span class='ocrx_word' id='word_1_38' title='bbox 886 771 1105 842; x_wconf 78' lang='lat' dir='ltr'><strong>angelos</strong></span> <span class='ocrx_word' id='word_1_39' title='bbox 1141 785 1268 826; x_wconf 89' lang='lat' dir='ltr'><strong>suos</strong></span> <span class='ocrx_word' id='word_1_40' title='bbox 1315 769 1620 838; x_wconf 81' lang='lat' dir='ltr'><strong>spiritus’;</strong></span> <span class='ocrx_word' id='word_1_41' title='bbox 1659 789 1677 820; x_wconf 74' lang='grc' dir='ltr'><strong>ι</strong></span> <span class='ocrx_word' id='word_1_42' title='bbox 1721 780 1775 822; x_wconf 88' lang='lat' dir='ltr'><strong>et</strong></span> <span class='ocrx_word' id='word_1_43' title='bbox 1826 769 2020 824; x_wconf 83' lang='lat' dir='ltr'><strong>iterum</strong></span> <span class='ocrx_word' id='word_1_44' title='bbox 2068 785 2083 822; x_wconf 90' lang='lat'><strong>:</strong></span> 
     </span>
    </p>
   </div>
   <div class='ocr_carea' id='block_1_9' title="bbox 513 859 2086 929">
    <p class='ocr_par' dir='ltr' id='par_1_9' title="bbox 513 859 2086 929">
     <span class='ocr_line' id='line_1_9' title="bbox 513 859 2086 929; baseline 0.003 -20"><span class='ocrx_word' id='word_1_45' title='bbox 513 881 532 909; x_wconf 76' lang='grc' dir='ltr'><strong>ι</strong></span> <span class='ocrx_word' id='word_1_46' title='bbox 570 859 701 926; x_wconf 86' lang='lat' dir='ltr'><strong>Quis</strong></span> <span class='ocrx_word' id='word_1_47' title='bbox 725 859 832 924; x_wconf 86' lang='lat' dir='ltr'><strong>ille,</strong></span> <span class='ocrx_word' id='word_1_48' title='bbox 853 860 942 929; x_wconf 83' lang='lat' dir='ltr'><strong>qui</strong></span> <span class='ocrx_word' id='word_1_49' title='bbox 961 864 1108 915; x_wconf 85' lang='lat' dir='ltr'><strong>venit</strong></span> <span class='ocrx_word' id='word_1_50' title='bbox 1127 877 1190 916; x_wconf 76' lang='lat' dir='ltr'><strong>ex</strong></span> <span class='ocrx_word' id='word_1_51' title='bbox 1209 860 1376 915; x_wconf 87' lang='lat' dir='ltr'><strong>Edom</strong></span> <span class='ocrx_word' id='word_1_52' title='bbox 1390 860 1498 914; x_wconf 75' lang='lat' dir='ltr'><strong>&quot;?i</strong></span> <span class='ocrx_word' id='word_1_53' title='bbox 1525 859 1623 914; x_wconf 81' lang='lat' dir='ltr'><strong>Hic</strong></span> <span class='ocrx_word' id='word_1_54' title='bbox 1645 860 1786 914; x_wconf 76' lang='lat' dir='ltr'><strong>enim</strong></span> <span class='ocrx_word' id='word_1_55' title='bbox 1815 862 2086 914; x_wconf 78' lang='lat' dir='ltr'><strong>coccineus</strong></span> 
     </span>
    </p>
   </div>
   <div class='ocr_carea' id='block_1_10' title="bbox 509 951 2084 1023">
    <p class='ocr_par' dir='ltr' id='par_1_10' title="bbox 509 951 2084 1023">
     <span class='ocr_line' id='line_1_10' title="bbox 509 951 2084 1023; baseline 0.001 -21"><span class='ocrx_word' id='word_1_56' title='bbox 509 961 768 1020; x_wconf 80' lang='lat' dir='ltr'><strong>vocatur;</strong></span> <span class='ocrx_word' id='word_1_57' title='bbox 799 955 1043 1022; x_wconf 82' lang='lat' dir='ltr'><strong>profecto</strong></span> <span class='ocrx_word' id='word_1_58' title='bbox 1070 952 1324 1009; x_wconf 86' lang='lat' dir='ltr'><strong>Christus</strong></span> <span class='ocrx_word' id='word_1_59' title='bbox 1351 953 1403 1007; x_wconf 93' lang='lat' dir='ltr'><strong>in</strong></span> <span class='ocrx_word' id='word_1_60' title='bbox 1428 951 1690 1008; x_wconf 84' lang='lat' dir='ltr'><strong>Passione</strong></span> <span class='ocrx_word' id='word_1_61' title='bbox 1712 968 1806 1006; x_wconf 90' lang='lat' dir='ltr'><strong>sua</strong></span> <span class='ocrx_word' id='word_1_62' title='bbox 1837 953 2084 1023; x_wconf 81' lang='lat' dir='ltr'><strong>chlamy-</strong></span> 
     </span>
    </p>
   </div>
   <div class='ocr_carea' id='block_1_11' title="bbox 509 1043 2086 1113">
    <p class='ocr_par' dir='ltr' id='par_1_11' title="bbox 509 1043 2086 1113">
     <span class='ocr_line' id='line_1_11' title="bbox 509 1043 2086 1113; baseline 0 -17"><span class='ocrx_word' id='word_1_63' title='bbox 509 1045 631 1096; x_wconf 86' lang='lat' dir='ltr'><strong>dem</strong></span> <span class='ocrx_word' id='word_1_64' title='bbox 685 1043 994 1098; x_wconf 77' lang='lat' dir='ltr'><strong>coccineum</strong></span> <span class='ocrx_word' id='word_1_65' title='bbox 1051 1045 1306 1113; x_wconf 73' lang='lat' dir='ltr'><strong>portavit.</strong></span> <span class='ocrx_word' id='word_1_66' title='bbox 1361 1043 1683 1100; x_wconf 81' lang='lat' dir='ltr'><strong>Sacerdotes</strong></span> <span class='ocrx_word' id='word_1_67' title='bbox 1733 1058 1863 1098; x_wconf 81' lang='lat' dir='ltr'><strong>vero</strong></span> <span class='ocrx_word' id='word_1_68' title='bbox 1909 1043 2086 1097; x_wconf 87' lang='lat' dir='ltr'><strong>locum</strong></span> 
     </span>
    </p>
   </div>
   <div class='ocr_carea' id='block_1_12' title="bbox 512 1135 2092 1206">
    <p class='ocr_par' dir='ltr' id='par_1_12' title="bbox 512 1135 2092 1206">
     <span class='ocr_line' id='line_1_12' title="bbox 512 1135 2092 1206; baseline 0.001 -18"><span class='ocrx_word' id='word_1_69' title='bbox 512 1135 794 1206; x_wconf 83' lang='lat' dir='ltr'><strong>Scrapltici</strong></span> <span class='ocrx_word' id='word_1_70' title='bbox 830 1139 978 1192; x_wconf 82' lang='lat' dir='ltr'><strong>chori</strong></span> <span class='ocrx_word' id='word_1_71' title='bbox 1002 1147 1183 1193; x_wconf 66' lang='lat' dir='ltr'><strong>tenent</strong></span> <span class='ocrx_word' id='word_1_72' title='bbox 1215 1150 1267 1194; x_wconf 88' lang='lat' dir='ltr'><strong>ct</strong></span> <span class='ocrx_word' id='word_1_73' title='bbox 1298 1139 1452 1194; x_wconf 84' lang='lat' dir='ltr'><strong>stolis</strong></span> <span class='ocrx_word' id='word_1_74' title='bbox 1481 1139 1594 1193; x_wconf 87' lang='lat' dir='ltr'><strong>suis</strong></span> <span class='ocrx_word' id='word_1_75' title='bbox 1617 1137 1816 1191; x_wconf 84' lang='lat' dir='ltr'><strong>obtecti</strong></span> <span class='ocrx_word' id='word_1_76' title='bbox 1841 1145 1967 1189; x_wconf 90' lang='lat' dir='ltr'><strong>sunt</strong></span> <span class='ocrx_word' id='word_1_77' title='bbox 1995 1151 2092 1190; x_wconf 83' lang='lat' dir='ltr'><strong>ve-</strong></span> 
     </span>
    </p>
   </div>
   <div class='ocr_carea' id='block_1_13' title="bbox 512 1227 2092 1301">
    <p class='ocr_par' dir='ltr' id='par_1_13' title="bbox 512 1227 2092 1301">
     <span class='ocr_line' id='line_1_13' title="bbox 512 1227 2092 1301; baseline -0.001 -19"><span class='ocrx_word' id='word_1_78' title='bbox 512 1230 608 1284; x_wconf 77' lang='lat' dir='ltr'><strong>luti</strong></span> <span class='ocrx_word' id='word_1_79' title='bbox 655 1233 874 1298; x_wconf 88' lang='lat' dir='ltr'><strong>pennis;</strong></span> <span class='ocrx_word' id='word_1_80' title='bbox 923 1232 1131 1286; x_wconf 88' lang='lat' dir='ltr'><strong>duabus</strong></span> <span class='ocrx_word' id='word_1_81' title='bbox 1174 1232 1444 1286; x_wconf 87' lang='lat' dir='ltr'><strong>labiorum</strong></span> <span class='ocrx_word' id='word_1_82' title='bbox 1482 1231 1583 1284; x_wconf 89' lang='lat' dir='ltr'><strong>alis</strong></span> <span class='ocrx_word' id='word_1_83' title='bbox 1628 1231 1883 1301; x_wconf 83' lang='lat' dir='ltr'><strong>hymnum</strong></span> <span class='ocrx_word' id='word_1_84' title='bbox 1925 1227 2092 1282; x_wconf 72' lang='lat' dir='ltr'><strong>cccle-</strong></span> 
     </span>
    </p>
   </div>
   <div class='ocr_carea' id='block_1_14' title="bbox 512 1319 2090 1392">
    <p class='ocr_par' dir='ltr' id='par_1_14' title="bbox 512 1319 2090 1392">
     <span class='ocr_line' id='line_1_14' title="bbox 512 1319 2090 1392; baseline -0.002 -17"><span class='ocrx_word' id='word_1_85' title='bbox 512 1334 651 1376; x_wconf 88' lang='lat' dir='ltr'><strong>stem</strong></span> <span class='ocrx_word' id='word_1_86' title='bbox 701 1333 922 1386; x_wconf 89' lang='lat' dir='ltr'><strong>canunt,</strong></span> <span class='ocrx_word' id='word_1_87' title='bbox 976 1339 1230 1378; x_wconf 89' lang='lat' dir='ltr'><strong>manuum</strong></span> <span class='ocrx_word' id='word_1_88' title='bbox 1290 1332 1467 1378; x_wconf 88' lang='lat' dir='ltr'><strong>autem</strong></span> <span class='ocrx_word' id='word_1_89' title='bbox 1525 1322 1716 1392; x_wconf 90' lang='lat' dir='ltr'><strong>capulo</strong></span> <span class='ocrx_word' id='word_1_90' title='bbox 1753 1319 2090 1390; x_wconf 89' lang='lat' dir='ltr'><strong>spiritualem</strong></span> 
     </span>
    </p>
   </div>
   <div class='ocr_carea' id='block_1_15' title="bbox 515 1414 1878 1488">
    <p class='ocr_par' dir='ltr' id='par_1_15' title="bbox 515 1414 1878 1488">
     <span class='ocr_line' id='line_1_15' title="bbox 515 1414 1878 1488; baseline -0.002 -18"><span class='ocrx_word' id='word_1_91' title='bbox 515 1419 692 1487; x_wconf 79' lang='lat' dir='ltr'><strong>ignem</strong></span> <span class='ocrx_word' id='word_1_92' title='bbox 727 1419 1006 1474; x_wconf 88' lang='lat' dir='ltr'><strong>Christum</strong></span> <span class='ocrx_word' id='word_1_93' title='bbox 1045 1419 1376 1488; x_wconf 81' lang='lat' dir='ltr'><strong>accipientes</strong></span> <span class='ocrx_word' id='word_1_94' title='bbox 1403 1418 1455 1471; x_wconf 90' lang='lat' dir='ltr'><strong>in</strong></span> <span class='ocrx_word' id='word_1_95' title='bbox 1494 1417 1650 1470; x_wconf 84' lang='lat' dir='ltr'><strong>altari</strong></span> <span class='ocrx_word' id='word_1_96' title='bbox 1677 1414 1878 1470; x_wconf 84' lang='lat' dir='ltr'><strong>ferunt.</strong></span> 
     </span>
    </p>
   </div>
   <div class='ocr_carea' id='block_1_16' title="bbox 2181 582 3782 654">
    <p class='ocr_par' dir='ltr' id='par_1_16' title="bbox 2181 582 3782 654">
     <span class='ocr_line' id='line_1_16' title="bbox 2181 582 3782 654; baseline -0.002 -17"><span class='ocrx_word' id='word_1_97' title='bbox 2181 584 2550 637; x_wconf 77' lang='grc' dir='ltr'><strong>ἀπειθούντων</strong></span> <span class='ocrx_word' id='word_1_98' title='bbox 2573 583 2892 649; x_wconf 79' lang='grc' dir='ltr'>ὲνεπαίζετο</span> <span class='ocrx_word' id='word_1_99' title='bbox 2917 599 2932 613; x_wconf 90' lang='grc'><strong>·</strong></span> <span class='ocrx_word' id='word_1_100' title='bbox 2984 583 3199 652; x_wconf 71' lang='grc' dir='ltr'>ταύτην</span> <span class='ocrx_word' id='word_1_101' title='bbox 3219 583 3536 654; x_wconf 81' lang='grc' dir='ltr'>ηὐλόγησεν</span> <span class='ocrx_word' id='word_1_102' title='bbox 3569 582 3601 634; x_wconf 88' lang='grc' dir='ltr'><strong>ό</strong></span> <span class='ocrx_word' id='word_1_103' title='bbox 3651 583 3782 650; x_wconf 82' lang='grc' dir='ltr'>Χρι-</span> 
     </span>
    </p>
   </div>
   <div class='ocr_carea' id='block_1_17' title="bbox 2185 673 3781 749">
    <p class='ocr_par' dir='ltr' id='par_1_17' title="bbox 2185 673 3781 749">
     <span class='ocr_line' id='line_1_17' title="bbox 2185 673 3781 749; baseline -0.003 -19"><span class='ocrx_word' id='word_1_104' title='bbox 2185 677 2330 740; x_wconf 84' lang='grc' dir='ltr'>στός.</span> <span class='ocrx_word' id='word_1_105' title='bbox 2395 677 2623 749; x_wconf 72' lang='grc' dir='ltr'>Κορυνρὴ</span> <span class='ocrx_word' id='word_1_106' title='bbox 2678 676 2734 728; x_wconf 71' lang='grc' dir='ltr'>δὲ</span> <span class='ocrx_word' id='word_1_107' title='bbox 2794 676 2890 728; x_wconf 84' lang='grc' dir='ltr'>τοῦ</span> <span class='ocrx_word' id='word_1_108' title='bbox 2936 675 3336 740; x_wconf 84' lang='grc' dir='ltr'>δωδεκαλίθου,</span> <span class='ocrx_word' id='word_1_109' title='bbox 3404 674 3490 738; x_wconf 85' lang='grc' dir='ltr'>ὡς</span> <span class='ocrx_word' id='word_1_110' title='bbox 3552 673 3702 727; x_wconf 79' lang='grc' dir='ltr'>ἔστιν</span> <span class='ocrx_word' id='word_1_111' title='bbox 3753 673 3781 725; x_wconf 75' lang='grc' dir='ltr'><strong>ὁ</strong></span> 
     </span>
    </p>
   </div>
   <div class='ocr_carea' id='block_1_18' title="bbox 2185 763 3783 840">
    <p class='ocr_par' dir='ltr' id='par_1_18' title="bbox 2185 763 3783 840">
     <span class='ocr_line' id='line_1_18' title="bbox 2185 763 3783 840; baseline -0.003 -19"><span class='ocrx_word' id='word_1_112' title='bbox 2185 769 2481 830; x_wconf 70' lang='grc' dir='ltr'>ἀπόστολος</span> <span class='ocrx_word' id='word_1_113' title='bbox 2537 769 2741 840; x_wconf 77' lang='grc' dir='ltr'><strong>Πέτρος</strong></span> <span class='ocrx_word' id='word_1_114' title='bbox 2773 807 2788 831; x_wconf 88' lang='grc'><em>,</em></span> <span class='ocrx_word' id='word_1_115' title='bbox 2857 765 3149 838; x_wconf 81' lang='grc' dir='ltr'>πυροειδὴς</span> <span class='ocrx_word' id='word_1_116' title='bbox 3217 766 3365 827; x_wconf 82' lang='grc' dir='ltr'>ίστδς</span> <span class='ocrx_word' id='word_1_117' title='bbox 3426 763 3525 817; x_wconf 78' lang='grc' dir='ltr'>τοῦ</span> <span class='ocrx_word' id='word_1_118' title='bbox 3598 764 3783 834; x_wconf 78' lang='grc' dir='ltr'>ἱερέως</span> 
     </span>
    </p>
   </div>
   <div class='ocr_carea' id='block_1_19' title="bbox 2187 855 3787 932">
    <p class='ocr_par' dir='ltr' id='par_1_19' title="bbox 2187 855 3787 932">
     <span class='ocr_line' id='line_1_19' title="bbox 2187 855 3787 932; baseline -0.003 -19"><span class='ocrx_word' id='word_1_119' title='bbox 2187 865 2331 915; x_wconf 70' lang='grc' dir='ltr'>κατά</span> <span class='ocrx_word' id='word_1_120' title='bbox 2382 861 2472 914; x_wconf 70' lang='grc' dir='ltr'>τὸν</span> <span class='ocrx_word' id='word_1_121' title='bbox 2529 863 2836 932; x_wconf 69' lang='grc' dir='ltr'>προφήτην,</span> <span class='ocrx_word' id='word_1_122' title='bbox 2898 879 2918 912; x_wconf 75' lang='lat' dir='ltr'><strong>t</strong></span> <span class='ocrx_word' id='word_1_123' title='bbox 2993 859 3052 914; x_wconf 90' lang='grc' dir='ltr'>Ὁ</span> <span class='ocrx_word' id='word_1_124' title='bbox 3119 857 3292 912; x_wconf 85' lang='grc' dir='ltr'>ποιῶν</span> <span class='ocrx_word' id='word_1_125' title='bbox 3337 857 3474 920; x_wconf 78' lang='grc' dir='ltr'>τοὺς</span> <span class='ocrx_word' id='word_1_126' title='bbox 3519 855 3787 925; x_wconf 74' lang='grc' dir='ltr'>ἀγγέλους</span> 
     </span>
    </p>
   </div>
   <div class='ocr_carea' id='block_1_20' title="bbox 2193 943 3791 1021">
    <p class='ocr_par' dir='ltr' id='par_1_20' title="bbox 2193 943 3791 1021">
     <span class='ocr_line' id='line_1_20' title="bbox 2193 943 3791 1021; baseline -0.004 -14"><span class='ocrx_word' id='word_1_127' title='bbox 2193 951 2360 1008; x_wconf 78' lang='grc' dir='ltr'>αὐτοῦ</span> <span class='ocrx_word' id='word_1_128' title='bbox 2415 953 2701 1021; x_wconf 59' lang='grc' dir='ltr'>πεεύματα</span> <span class='ocrx_word' id='word_1_129' title='bbox 2726 969 2742 984; x_wconf 80' lang='grc' dir='ltr'><strong><em>ο</em></strong></span> <span class='ocrx_word' id='word_1_130' title='bbox 2777 953 2910 1006; x_wconf 75' lang='grc' dir='ltr'><strong>»καὶ</strong></span> <span class='ocrx_word' id='word_1_131' title='bbox 2953 951 3138 1018; x_wconf 75' lang='grc' dir='ltr'>πάλιν,</span> <span class='ocrx_word' id='word_1_132' title='bbox 3199 970 3219 1002; x_wconf 72' lang='grc' dir='ltr'><strong>ι</strong></span> <span class='ocrx_word' id='word_1_133' title='bbox 3265 949 3364 1015; x_wconf 85' lang='grc' dir='ltr'><strong>Τίς</strong></span> <span class='ocrx_word' id='word_1_134' title='bbox 3404 943 3571 1013; x_wconf 70' lang='grc' dir='ltr'>οὗτος</span> <span class='ocrx_word' id='word_1_135' title='bbox 3619 949 3648 1001; x_wconf 83' lang='grc' dir='ltr'>ὁ</span> <span class='ocrx_word' id='word_1_136' title='bbox 3689 965 3791 1000; x_wconf 75' lang='grc' dir='ltr'>πα-</span> 
     </span>
    </p>
   </div>
   <div class='ocr_carea' id='block_1_21' title="bbox 2204 1041 3790 1117">
    <p class='ocr_par' dir='ltr' id='par_1_21' title="bbox 2204 1041 3790 1117">
     <span class='ocr_line' id='line_1_21' title="bbox 2204 1041 3790 1117; baseline -0.007 -16"><span class='ocrx_word' id='word_1_137' title='bbox 2204 1046 2566 1117; x_wconf 81' lang='grc' dir='ltr'>ραγενόμενος</span> <span class='ocrx_word' id='word_1_138' title='bbox 2591 1045 2650 1112; x_wconf 77' lang='grc' dir='ltr'>ἐξ</span> <span class='ocrx_word' id='word_1_139' title='bbox 2691 1045 2871 1117; x_wconf 84' lang='grc' dir='ltr'>Ἐδώμ</span> <span class='ocrx_word' id='word_1_140' title='bbox 2897 1063 2912 1112; x_wconf 90' lang='lat'><strong>;</strong></span> <span class='ocrx_word' id='word_1_141' title='bbox 2956 1064 2973 1096; x_wconf 76' lang='grc' dir='ltr'><strong>ι</strong></span> <span class='ocrx_word' id='word_1_142' title='bbox 2998 1044 3027 1098; x_wconf 85' lang='grc' dir='ltr'><strong>ὅ</strong></span> <span class='ocrx_word' id='word_1_143' title='bbox 3057 1045 3274 1114; x_wconf 86' lang='grc' dir='ltr'>λέγεται</span> <span class='ocrx_word' id='word_1_144' title='bbox 3319 1043 3619 1097; x_wconf 77' lang='grc' dir='ltr'><em>κόκκινον</em></span> <span class='ocrx_word' id='word_1_145' title='bbox 3645 1055 3658 1068; x_wconf 92' lang='grc'><strong>·</strong></span> <span class='ocrx_word' id='word_1_146' title='bbox 3700 1041 3790 1096; x_wconf 77' lang='grc' dir='ltr'><strong>καὶ</strong></span> 
     </span>
    </p>
   </div>
   <div class='ocr_carea' id='block_1_22' title="bbox 2200 1131 3792 1208">
    <p class='ocr_par' dir='ltr' id='par_1_22' title="bbox 2200 1131 3792 1208">
     <span class='ocr_line' id='line_1_22' title="bbox 2200 1131 3792 1208; baseline -0.007 -16"><span class='ocrx_word' id='word_1_147' title='bbox 2200 1138 2362 1193; x_wconf 77' lang='grc' dir='ltr'>πάλιν</span> <span class='ocrx_word' id='word_1_148' title='bbox 2388 1140 2472 1192; x_wconf 82' lang='grc' dir='ltr'>ὅτι</span> <span class='ocrx_word' id='word_1_149' title='bbox 2506 1137 2756 1208; x_wconf 77' lang='grc' dir='ltr'><strong>χλαμύδα</strong></span> <span class='ocrx_word' id='word_1_150' title='bbox 2783 1136 3046 1207; x_wconf 77' lang='grc' dir='ltr'>κοκκίνην</span> <span class='ocrx_word' id='word_1_151' title='bbox 3079 1138 3338 1206; x_wconf 82' lang='grc' dir='ltr'>ὲφόρεσεν</span> <span class='ocrx_word' id='word_1_152' title='bbox 3381 1136 3408 1188; x_wconf 82' lang='grc' dir='ltr'><strong>ὀ</strong></span> <span class='ocrx_word' id='word_1_153' title='bbox 3461 1131 3714 1201; x_wconf 67' lang='grc' dir='ltr'>Χριστὸς</span> <span class='ocrx_word' id='word_1_154' title='bbox 3735 1133 3792 1183; x_wconf 77' lang='grc' dir='ltr'>ἒν</span> 
     </span>
    </p>
   </div>
   <div class='ocr_carea' id='block_1_23' title="bbox 2201 1222 3794 1300">
    <p class='ocr_par' dir='ltr' id='par_1_23' title="bbox 2201 1222 3794 1300">
     <span class='ocr_line' id='line_1_23' title="bbox 2201 1222 3794 1300; baseline -0.005 -18"><span class='ocrx_word' id='word_1_155' title='bbox 2201 1229 2280 1300; x_wconf 84' lang='grc' dir='ltr'>τῷ</span> <span class='ocrx_word' id='word_1_156' title='bbox 2307 1228 2502 1282; x_wconf 82' lang='grc' dir='ltr'><strong>πάθει·</strong></span> <span class='ocrx_word' id='word_1_157' title='bbox 2536 1229 2584 1281; x_wconf 85' lang='grc' dir='ltr'>οἱ</span> <span class='ocrx_word' id='word_1_158' title='bbox 2640 1227 3006 1299; x_wconf 75' lang='grc' dir='ltr'>πρεσϐύτεροι</span> <span class='ocrx_word' id='word_1_159' title='bbox 3055 1227 3196 1282; x_wconf 77' lang='grc' dir='ltr'>κατὰ</span> <span class='ocrx_word' id='word_1_160' title='bbox 3250 1227 3486 1296; x_wconf 80' lang='grc' dir='ltr'>μίμησιν</span> <span class='ocrx_word' id='word_1_161' title='bbox 3535 1222 3794 1292; x_wconf 60' lang='grc' dir='ltr'>Σεριεμίμ</span> 
     </span>
    </p>
   </div>
   <div class='ocr_carea' id='block_1_24' title="bbox 2202 1311 3796 1389">
    <p class='ocr_par' dir='ltr' id='par_1_24' title="bbox 2202 1311 3796 1389">
     <span class='ocr_line' id='line_1_24' title="bbox 2202 1311 3796 1389; baseline -0.006 -17"><span class='ocrx_word' id='word_1_162' title='bbox 2202 1321 2326 1384; x_wconf 85' lang='grc' dir='ltr'>εἰσι,</span> <span class='ocrx_word' id='word_1_163' title='bbox 2353 1321 2474 1381; x_wconf 81' lang='grc' dir='ltr'>ταῖς</span> <span class='ocrx_word' id='word_1_164' title='bbox 2522 1323 2620 1389; x_wconf 81' lang='grc' dir='ltr'><strong>μὲν</strong></span> <span class='ocrx_word' id='word_1_165' title='bbox 2661 1317 2872 1381; x_wconf 80' lang='grc' dir='ltr'><strong>στολαῖς</strong></span> <span class='ocrx_word' id='word_1_166' title='bbox 2901 1317 3060 1388; x_wconf 79' lang='grc' dir='ltr'>δίκην</span> <span class='ocrx_word' id='word_1_167' title='bbox 3100 1315 3316 1386; x_wconf 69' lang='grc' dir='ltr'>πτερῶν</span> <span class='ocrx_word' id='word_1_168' title='bbox 3347 1311 3796 1378; x_wconf 79' lang='grc' dir='ltr'>κατακεκαλυμ-</span> 
     </span>
    </p>
   </div>
   <div class='ocr_carea' id='block_1_25' title="bbox 2207 1400 3796 1481">
    <p class='ocr_par' dir='ltr' id='par_1_25' title="bbox 2207 1400 3796 1481">
     <span class='ocr_line' id='line_1_25' title="bbox 2207 1400 3796 1481; baseline -0.007 -19"><span class='ocrx_word' id='word_1_169' title='bbox 2207 1409 2380 1481; x_wconf 89' lang='grc' dir='ltr'>μένοι,</span> <span class='ocrx_word' id='word_1_170' title='bbox 2409 1411 2530 1472; x_wconf 85' lang='grc' dir='ltr'>ταῖς</span> <span class='ocrx_word' id='word_1_171' title='bbox 2582 1409 2701 1460; x_wconf 80' lang='grc' dir='ltr'>δυσὶ</span> <span class='ocrx_word' id='word_1_172' title='bbox 2759 1407 2984 1478; x_wconf 80' lang='grc' dir='ltr'><strong>πτέρυξι</strong></span> <span class='ocrx_word' id='word_1_173' title='bbox 3039 1406 3148 1460; x_wconf 86' lang='grc' dir='ltr'><strong>τῶν</strong></span> <span class='ocrx_word' id='word_1_174' title='bbox 3188 1404 3415 1474; x_wconf 87' lang='grc' dir='ltr'>χειλέων</span> <span class='ocrx_word' id='word_1_175' title='bbox 3463 1403 3560 1456; x_wconf 76' lang='grc' dir='ltr'><strong>τὸν</strong></span> <span class='ocrx_word' id='word_1_176' title='bbox 3623 1400 3796 1469; x_wconf 71' lang='grc' dir='ltr'>ὕμνον</span> 
     </span>
    </p>
   </div>
   <div class='ocr_carea' id='block_1_26' title="bbox 517 1491 3796 1581">
    <p class='ocr_par' dir='ltr' id='par_1_26' title="bbox 517 1491 3796 1581">
     <span class='ocr_line' id='line_1_26' title="bbox 517 1491 3796 1581; baseline -0.008 -14"><span class='ocrx_word' id='word_1_177' title='bbox 517 1511 767 1580; x_wconf 80' lang='grc' dir='ltr'>βοῶντες,</span> <span class='ocrx_word' id='word_1_178' title='bbox 805 1512 898 1564; x_wconf 78' lang='grc' dir='ltr'>καὶ</span> <span class='ocrx_word' id='word_1_179' title='bbox 981 1512 1300 1581; x_wconf 78' lang='grc' dir='ltr'>κατέχοντες</span> <span class='ocrx_word' id='word_1_180' title='bbox 1355 1509 1446 1563; x_wconf 70' lang='grc' dir='ltr'><strong>τὸν</strong></span> <span class='ocrx_word' id='word_1_181' title='bbox 1494 1507 1684 1580; x_wconf 76' lang='grc' dir='ltr'>νοητὸν</span> <span class='ocrx_word' id='word_1_182' title='bbox 1765 1505 2016 1576; x_wconf 81' lang='grc' dir='ltr'>ἄνθρακα</span> <span class='ocrx_word' id='word_1_183' title='bbox 2048 1502 2284 1576; x_wconf 76' lang='grc' dir='ltr'>Χριστὸν</span> <span class='ocrx_word' id='word_1_184' title='bbox 2318 1544 2332 1568; x_wconf 84' lang='grc'><em>,</em></span> <span class='ocrx_word' id='word_1_185' title='bbox 2383 1505 2441 1556; x_wconf 78' lang='grc' dir='ltr'>ἐν</span> <span class='ocrx_word' id='word_1_186' title='bbox 2493 1500 2570 1572; x_wconf 81' lang='grc' dir='ltr'>τῷ</span> <span class='ocrx_word' id='word_1_187' title='bbox 2648 1498 3016 1570; x_wconf 74' lang='grc' dir='ltr'><strong>θυσιαστηρίῳ</strong></span> <span class='ocrx_word' id='word_1_188' title='bbox 3068 1499 3135 1567; x_wconf 82' lang='grc' dir='ltr'>τῇ</span> <span class='ocrx_word' id='word_1_189' title='bbox 3191 1495 3370 1550; x_wconf 78' lang='grc' dir='ltr'>λαδίδι</span> <span class='ocrx_word' id='word_1_190' title='bbox 3441 1495 3546 1562; x_wconf 84' lang='grc' dir='ltr'>τῆς</span> <span class='ocrx_word' id='word_1_191' title='bbox 3611 1491 3796 1562; x_wconf 62' lang='grc' dir='ltr'>χειρδς</span> 
     </span>
    </p>
   </div>
   <div class='ocr_carea' id='block_1_27' title="bbox 517 1621 1260 1678">
    <p class='ocr_par' dir='ltr' id='par_1_27' title="bbox 517 1621 1260 1678">
     <span class='ocr_line' id='line_1_27' title="bbox 517 1621 1260 1678; baseline -0.007 -20"><span class='ocrx_word' id='word_1_192' title='bbox 517 1621 793 1678; x_wconf 77' lang='grc' dir='ltr'>φεροντες.</span> <span class='ocrx_word' id='word_1_193' title='bbox 1253 1669 1260 1674; x_wconf 90' lang='lat'>_</span> 
     </span>
    </p>
   </div>
   <div class='ocr_carea' id='block_1_28' title="bbox 587 1697 2092 1768">
    <p class='ocr_par' dir='ltr' id='par_1_28' title="bbox 587 1697 2092 1768">
     <span class='ocr_line' id='line_1_28' title="bbox 587 1697 2092 1768; baseline -0.001 -17"><span class='ocrx_word' id='word_1_194' title='bbox 587 1701 642 1755; x_wconf 88' lang='lat'><strong>7.</strong></span> <span class='ocrx_word' id='word_1_195' title='bbox 691 1699 934 1766; x_wconf 88' lang='lat' dir='ltr'><strong>Diaconi,</strong></span> <span class='ocrx_word' id='word_1_196' title='bbox 968 1700 1022 1754; x_wconf 92' lang='lat' dir='ltr'><strong>in</strong></span> <span class='ocrx_word' id='word_1_197' title='bbox 1065 1699 1282 1752; x_wconf 89' lang='lat' dir='ltr'><strong>modum</strong></span> <span class='ocrx_word' id='word_1_198' title='bbox 1325 1697 1695 1768; x_wconf 81' lang='lat' dir='ltr'><strong>angelicarum</strong></span> <span class='ocrx_word' id='word_1_199' title='bbox 1735 1705 2092 1766; x_wconf 85' lang='lat' dir='ltr'><strong>potestatum,</strong></span> 
     </span>
    </p>
   </div>
   <div class='ocr_carea' id='block_1_29' title="bbox 519 1780 2092 1858">
    <p class='ocr_par' dir='ltr' id='par_1_29' title="bbox 519 1780 2092 1858">
     <span class='ocr_line' id='line_1_29' title="bbox 519 1780 2092 1858; baseline 0.001 -17"><span class='ocrx_word' id='word_1_200' title='bbox 519 1790 682 1846; x_wconf 79' lang='lat' dir='ltr'><strong>veluti</strong></span> <span class='ocrx_word' id='word_1_201' title='bbox 720 1791 1194 1844; x_wconf 81' lang='lat' dir='ltr'><strong>administratores</strong></span> <span class='ocrx_word' id='word_1_202' title='bbox 1232 1780 1455 1858; x_wconf 84' lang='lat' dir='ltr'><strong>spiritus</strong></span> <span class='ocrx_word' id='word_1_203' title='bbox 1490 1789 1603 1842; x_wconf 87' lang='lat' dir='ltr'><strong>suis</strong></span> <span class='ocrx_word' id='word_1_204' title='bbox 1633 1787 1925 1844; x_wconf 86' lang='lat' dir='ltr'><strong>subtilibus</strong></span> <span class='ocrx_word' id='word_1_205' title='bbox 1971 1787 2092 1852; x_wconf 86' lang='lat' dir='ltr'><strong>alis,</strong></span> 
     </span>
    </p>
   </div>
   <div class='ocr_carea' id='block_1_30' title="bbox 521 1878 2100 1938">
    <p class='ocr_par' dir='ltr' id='par_1_30' title="bbox 521 1878 2100 1938">
     <span class='ocr_line' id='line_1_30' title="bbox 521 1878 2100 1938; baseline -0.003 0"><span class='ocrx_word' id='word_1_206' title='bbox 521 1887 592 1938; x_wconf 89' lang='lat' dir='ltr'><strong>ita</strong></span> <span class='ocrx_word' id='word_1_207' title='bbox 618 1883 802 1938; x_wconf 83' lang='lat' dir='ltr'><strong>linteis</strong></span> <span class='ocrx_word' id='word_1_208' title='bbox 825 1883 1064 1936; x_wconf 81' lang='lat' dir='ltr'><strong>vestibus</strong></span> <span class='ocrx_word' id='word_1_209' title='bbox 1089 1883 1446 1936; x_wconf 88' lang='lat' dir='ltr'><strong>inservientcs</strong></span> <span class='ocrx_word' id='word_1_210' title='bbox 1464 1881 1877 1935; x_wconf 80' lang='lat' dir='ltr'><strong>circumvolant.</strong></span> <span class='ocrx_word' id='word_1_211' title='bbox 1900 1878 2100 1934; x_wconf 80' lang='lat' dir='ltr'><strong>Sancta</strong></span> 
     </span>
    </p>
   </div>
   <div class='ocr_carea' id='block_1_31' title="bbox 519 1967 2098 2043">
    <p class='ocr_par' dir='ltr' id='par_1_31' title="bbox 519 1967 2098 2043">
     <span class='ocr_line' id='line_1_31' title="bbox 519 1967 2098 2043; baseline -0.003 -17"><span class='ocrx_word' id='word_1_212' title='bbox 519 1974 750 2043; x_wconf 75' lang='lat' dir='ltr'><strong>phalanx</strong></span> <span class='ocrx_word' id='word_1_213' title='bbox 794 1971 1127 2035; x_wconf 83' lang='lat' dir='ltr'><strong>nmninalttt‘,</strong></span> <span class='ocrx_word' id='word_1_214' title='bbox 1166 1971 1289 2040; x_wconf 86' lang='lat' dir='ltr'><strong>quia</strong></span> <span class='ocrx_word' id='word_1_215' title='bbox 1335 1970 1509 2041; x_wconf 77' lang='lat' dir='ltr'><strong>gratia</strong></span> <span class='ocrx_word' id='word_1_216' title='bbox 1536 1968 1632 2023; x_wconf 85' lang='lat' dir='ltr'><strong>Dei</strong></span> <span class='ocrx_word' id='word_1_217' title='bbox 1669 1969 1724 2028; x_wconf 82' lang='lat' dir='ltr'><strong>in</strong></span> <span class='ocrx_word' id='word_1_218' title='bbox 1758 1967 1846 2021; x_wconf 90' lang='lat' dir='ltr'><strong>illa</strong></span> <span class='ocrx_word' id='word_1_219' title='bbox 1879 1967 2098 2033; x_wconf 85' lang='lat' dir='ltr'><strong>adstat;</strong></span> 
     </span>
    </p>
   </div>
   <div class='ocr_carea' id='block_1_32' title="bbox 519 2059 2100 2135">
    <p class='ocr_par' dir='ltr' id='par_1_32' title="bbox 519 2059 2100 2135">
     <span class='ocr_line' id='line_1_32' title="bbox 519 2059 2100 2135; baseline -0.006 -13"><span class='ocrx_word' id='word_1_220' title='bbox 519 2069 624 2124; x_wconf 82' lang='lat' dir='ltr'><strong>albi</strong></span> <span class='ocrx_word' id='word_1_221' title='bbox 680 2059 882 2122; x_wconf 79' lang='lat' dir='ltr'><strong>coleris</strong></span> <span class='ocrx_word' id='word_1_222' title='bbox 913 2074 1017 2128; x_wconf 89' lang='lat' dir='ltr'><strong>est,</strong></span> <span class='ocrx_word' id='word_1_223' title='bbox 1045 2065 1172 2135; x_wconf 86' lang='lat' dir='ltr'><strong>quia</strong></span> <span class='ocrx_word' id='word_1_224' title='bbox 1220 2079 1350 2119; x_wconf 91' lang='lat' dir='ltr'><strong>caro</strong></span> <span class='ocrx_word' id='word_1_225' title='bbox 1392 2063 1594 2118; x_wconf 89' lang='lat' dir='ltr'><strong>Christi</strong></span> <span class='ocrx_word' id='word_1_226' title='bbox 1643 2060 2100 2130; x_wconf 89' lang='lat' dir='ltr'><strong>quemadmodum</strong></span> 
     </span>
    </p>
   </div>
   <div class='ocr_carea' id='block_1_33' title="bbox 517 2153 2104 2222">
    <p class='ocr_par' dir='ltr' id='par_1_33' title="bbox 517 2153 2104 2222">
     <span class='ocr_line' id='line_1_33' title="bbox 517 2153 2104 2222; baseline -0.007 -5"><span class='ocrx_word' id='word_1_227' title='bbox 517 2176 647 2217; x_wconf 90' lang='lat' dir='ltr'><strong>caro</strong></span> <span class='ocrx_word' id='word_1_228' title='bbox 680 2159 944 2222; x_wconf 87' lang='lat' dir='ltr'><strong>humana,</strong></span> <span class='ocrx_word' id='word_1_229' title='bbox 999 2156 1098 2212; x_wconf 90' lang='lat' dir='ltr'><strong>fuit</strong></span> <span class='ocrx_word' id='word_1_230' title='bbox 1139 2157 1298 2222; x_wconf 87' lang='lat' dir='ltr'><strong>alba;</strong></span> <span class='ocrx_word' id='word_1_231' title='bbox 1327 2155 1623 2208; x_wconf 83' lang='lat' dir='ltr'><strong>masclmlas</strong></span> <span class='ocrx_word' id='word_1_232' title='bbox 1662 2153 1848 2219; x_wconf 89' lang='lat' dir='ltr'><strong>habet,</strong></span> <span class='ocrx_word' id='word_1_233' title='bbox 1881 2161 2104 2222; x_wconf 88' lang='lat' dir='ltr'><strong>propter</strong></span> 
     </span>
    </p>
   </div>
   <div class='ocr_carea' id='block_1_34' title="bbox 520 2243 2098 2329">
    <p class='ocr_par' dir='ltr' id='par_1_34' title="bbox 520 2243 2098 2329">
     <span class='ocr_line' id='line_1_34' title="bbox 520 2243 2098 2329; baseline -0.006 -25"><span class='ocrx_word' id='word_1_234' title='bbox 520 2253 660 2305; x_wconf 85' lang='lat' dir='ltr'><strong>latus</strong></span> <span class='ocrx_word' id='word_1_235' title='bbox 707 2249 1009 2320; x_wconf 81' lang='lat' dir='ltr'><strong>perfossum</strong></span> <span class='ocrx_word' id='word_1_236' title='bbox 1045 2248 1254 2329; x_wconf 77' lang='lat' dir='ltr'><strong>lancea.</strong></span> <span class='ocrx_word' id='word_1_237' title='bbox 1295 2245 1542 2310; x_wconf 57' lang='lat' dir='ltr'><strong>Manica‘,</strong></span> <span class='ocrx_word' id='word_1_238' title='bbox 1575 2243 1790 2298; x_wconf 89' lang='lat' dir='ltr'><strong>vincula</strong></span> <span class='ocrx_word' id='word_1_239' title='bbox 1840 2257 2098 2298; x_wconf 89' lang='lat' dir='ltr'><strong>manuum</strong></span> 
     </span>
    </p>
   </div>
   <div class='ocr_carea' id='block_1_35' title="bbox 519 2333 2100 2414">
    <p class='ocr_par' dir='ltr' id='par_1_35' title="bbox 519 2333 2100 2414">
     <span class='ocr_line' id='line_1_35' title="bbox 519 2333 2100 2414; baseline -0.008 -15"><span class='ocrx_word' id='word_1_240' title='bbox 519 2345 637 2414; x_wconf 82' lang='lat' dir='ltr'><strong>ejus</strong></span> <span class='ocrx_word' id='word_1_241' title='bbox 685 2339 964 2405; x_wconf 88' lang='lat' dir='ltr'><strong>simulant,</strong></span> <span class='ocrx_word' id='word_1_242' title='bbox 999 2339 1195 2408; x_wconf 90' lang='lat' dir='ltr'><strong>quibus</strong></span> <span class='ocrx_word' id='word_1_243' title='bbox 1222 2337 1288 2392; x_wconf 89' lang='lat' dir='ltr'><strong>ad</strong></span> <span class='ocrx_word' id='word_1_244' title='bbox 1331 2337 1542 2391; x_wconf 83' lang='lat' dir='ltr'><strong>Annam</strong></span> <span class='ocrx_word' id='word_1_245' title='bbox 1579 2345 1636 2391; x_wconf 88' lang='lat' dir='ltr'><strong>et</strong></span> <span class='ocrx_word' id='word_1_246' title='bbox 1677 2333 1937 2404; x_wconf 87' lang='lat' dir='ltr'><strong>Caipham</strong></span> <span class='ocrx_word' id='word_1_247' title='bbox 1972 2347 2100 2403; x_wconf 89' lang='lat' dir='ltr'><strong>per-</strong></span> 
     </span>
    </p>
   </div>
   <div class='ocr_carea' id='block_1_36' title="bbox 521 2425 2098 2502">
    <p class='ocr_par' dir='ltr' id='par_1_36' title="bbox 521 2425 2098 2502">
     <span class='ocr_line' id='line_1_36' title="bbox 521 2425 2098 2502; baseline -0.006 -12"><span class='ocrx_word' id='word_1_248' title='bbox 521 2442 714 2492; x_wconf 82' lang='lat' dir='ltr'><strong>ductus</strong></span> <span class='ocrx_word' id='word_1_249' title='bbox 752 2435 881 2499; x_wconf 86' lang='lat' dir='ltr'><strong>fuit;</strong></span> <span class='ocrx_word' id='word_1_250' title='bbox 911 2450 1014 2490; x_wconf 88' lang='lat' dir='ltr'><strong>non</strong></span> <span class='ocrx_word' id='word_1_251' title='bbox 1047 2434 1191 2489; x_wconf 87' lang='lat' dir='ltr'><strong>enim</strong></span> <span class='ocrx_word' id='word_1_252' title='bbox 1223 2448 1250 2485; x_wconf 91' lang='lat' dir='ltr'><strong>a</strong></span> <span class='ocrx_word' id='word_1_253' title='bbox 1286 2441 1457 2502; x_wconf 81' lang='lat' dir='ltr'><strong>tergo,</strong></span> <span class='ocrx_word' id='word_1_254' title='bbox 1483 2429 1579 2486; x_wconf 89' lang='lat' dir='ltr'><strong>sed</strong></span> <span class='ocrx_word' id='word_1_255' title='bbox 1611 2439 1738 2484; x_wconf 90' lang='lat' dir='ltr'><strong>ante</strong></span> <span class='ocrx_word' id='word_1_256' title='bbox 1766 2437 1952 2497; x_wconf 89' lang='lat' dir='ltr'><strong>pectus</strong></span> <span class='ocrx_word' id='word_1_257' title='bbox 1973 2425 2098 2481; x_wconf 87' lang='lat' dir='ltr'><strong>alli-</strong></span> 
     </span>
    </p>
   </div>
   <div class='ocr_carea' id='block_1_37' title="bbox 522 2517 2104 2597">
    <p class='ocr_par' dir='ltr' id='par_1_37' title="bbox 522 2517 2104 2597">
     <span class='ocr_line' id='line_1_37' title="bbox 522 2517 2104 2597; baseline -0.007 -13"><span class='ocrx_word' id='word_1_258' title='bbox 522 2541 678 2597; x_wconf 66' lang='lat' dir='ltr'><strong>gatus</strong></span> <span class='ocrx_word' id='word_1_259' title='bbox 724 2537 862 2584; x_wconf 89' lang='lat' dir='ltr'><strong>crat.</strong></span> <span class='ocrx_word' id='word_1_260' title='bbox 907 2527 1089 2583; x_wconf 72' lang='lat' dir='ltr'><strong>Sacrm</strong></span> <span class='ocrx_word' id='word_1_261' title='bbox 1136 2535 1314 2580; x_wconf 90' lang='lat' dir='ltr'><strong>autem</strong></span> <span class='ocrx_word' id='word_1_262' title='bbox 1353 2523 1594 2579; x_wconf 81' lang='lat' dir='ltr'><strong>cohortis</strong></span> <span class='ocrx_word' id='word_1_263' title='bbox 1625 2521 1986 2590; x_wconf 82' lang='lat' dir='ltr'><strong>anacolapha,</strong></span> <span class='ocrx_word' id='word_1_264' title='bbox 2023 2517 2104 2574; x_wconf 82' lang='lat' dir='ltr'><strong>lo-</strong></span> 
     </span>
    </p>
   </div>
   <div class='ocr_carea' id='block_1_38' title="bbox 521 2611 2103 2689">
    <p class='ocr_par' dir='ltr' id='par_1_38' title="bbox 521 2611 2103 2689">
     <span class='ocr_line' id='line_1_38' title="bbox 521 2611 2103 2689; baseline -0.004 -18"><span class='ocrx_word' id='word_1_265' title='bbox 521 2639 640 2676; x_wconf 76' lang='grc' dir='ltr'>ιιιηι</span> <span class='ocrx_word' id='word_1_266' title='bbox 686 2621 852 2675; x_wconf 76' lang='lat' dir='ltr'><strong>habet</strong></span> <span class='ocrx_word' id='word_1_267' title='bbox 889 2617 1090 2689; x_wconf 77' lang='lat' dir='ltr'><strong>Cinguli</strong></span> <span class='ocrx_word' id='word_1_268' title='bbox 1125 2631 1316 2672; x_wconf 87' lang='lat' dir='ltr'><strong>sensus</strong></span> <span class='ocrx_word' id='word_1_269' title='bbox 1358 2613 1682 2669; x_wconf 90' lang='lat' dir='ltr'><strong>cohibentis.</strong></span> <span class='ocrx_word' id='word_1_270' title='bbox 1718 2611 1968 2681; x_wconf 85' lang='lat' dir='ltr'><strong>Cingitur</strong></span> <span class='ocrx_word' id='word_1_271' title='bbox 2012 2625 2103 2666; x_wconf 88' lang='lat' dir='ltr'><strong>sa-</strong></span> 
     </span>
    </p>
   </div>
   <div class='ocr_carea' id='block_1_39' title="bbox 519 2703 2104 2782">
    <p class='ocr_par' dir='ltr' id='par_1_39' title="bbox 519 2703 2104 2782">
     <span class='ocr_line' id='line_1_39' title="bbox 519 2703 2104 2782; baseline -0.011 -9"><span class='ocrx_word' id='word_1_272' title='bbox 519 2717 744 2780; x_wconf 80' lang='lat' dir='ltr'><strong>ccrdus,</strong></span> <span class='ocrx_word' id='word_1_273' title='bbox 807 2703 932 2782; x_wconf 89' lang='lat' dir='ltr'><strong>quia</strong></span> <span class='ocrx_word' id='word_1_274' title='bbox 1001 2707 1304 2780; x_wconf 86' lang='lat' dir='ltr'><strong>spiritualia</strong></span> <span class='ocrx_word' id='word_1_275' title='bbox 1379 2705 1597 2777; x_wconf 83' lang='lat' dir='ltr'><strong>perﬁcit</strong></span> <span class='ocrx_word' id='word_1_276' title='bbox 1654 2716 1710 2759; x_wconf 88' lang='lat' dir='ltr'><strong>et</strong></span> <span class='ocrx_word' id='word_1_277' title='bbox 1777 2703 2104 2773; x_wconf 87' lang='lat' dir='ltr'><strong>simpliciter</strong></span> 
     </span>
    </p>
   </div>
   <div class='ocr_carea' id='block_1_40' title="bbox 523 2795 2096 2872">
    <p class='ocr_par' dir='ltr' id='par_1_40' title="bbox 523 2795 2096 2872">
     <span class='ocr_line' id='line_1_40' title="bbox 523 2795 2096 2872; baseline -0.008 -12"><span class='ocrx_word' id='word_1_278' title='bbox 523 2805 803 2860; x_wconf 85' lang='lat' dir='ltr'><strong>rationalia</strong></span> <span class='ocrx_word' id='word_1_279' title='bbox 827 2802 1171 2872; x_wconf 81' lang='lat' dir='ltr'><strong>constringit.</strong></span> <span class='ocrx_word' id='word_1_280' title='bbox 1199 2799 1402 2854; x_wconf 89' lang='lat' dir='ltr'><strong>Penula</strong></span> <span class='ocrx_word' id='word_1_281' title='bbox 1424 2810 1505 2853; x_wconf 91' lang='lat' dir='ltr'><strong>est</strong></span> <span class='ocrx_word' id='word_1_282' title='bbox 1534 2797 1702 2852; x_wconf 82' lang='lat' dir='ltr'><strong>vestis</strong></span> <span class='ocrx_word' id='word_1_283' title='bbox 1727 2795 2096 2858; x_wconf 88' lang='lat' dir='ltr'><strong>iuconsntilis,</strong></span> 
     </span>
    </p>
   </div>
   <div class='ocr_carea' id='block_1_41' title="bbox 519 2887 2102 2970">
    <p class='ocr_par' dir='ltr' id='par_1_41' title="bbox 519 2887 2102 2970">
     <span class='ocr_line' id='line_1_41' title="bbox 519 2887 2102 2970; baseline -0.008 -18"><span class='ocrx_word' id='word_1_284' title='bbox 519 2915 640 2970; x_wconf 73' lang='lat' dir='ltr'><strong>qua:</strong></span> <span class='ocrx_word' id='word_1_285' title='bbox 688 2914 716 2952; x_wconf 89' lang='lat' dir='ltr'><strong>a</strong></span> <span class='ocrx_word' id='word_1_286' title='bbox 775 2895 983 2966; x_wconf 83' lang='lat' dir='ltr'><strong>Spiritu</strong></span> <span class='ocrx_word' id='word_1_287' title='bbox 1033 2901 1226 2950; x_wconf 88' lang='lat' dir='ltr'><strong>sancto</strong></span> <span class='ocrx_word' id='word_1_288' title='bbox 1257 2891 1538 2962; x_wconf 88' lang='lat' dir='ltr'><strong>apparuit;</strong></span> <span class='ocrx_word' id='word_1_289' title='bbox 1576 2890 1818 2960; x_wconf 83' lang='lat' dir='ltr'><strong>chlamys</strong></span> <span class='ocrx_word' id='word_1_290' title='bbox 1847 2887 2102 2941; x_wconf 87' lang='lat' dir='ltr'><strong>coccinea</strong></span> 
     </span>
    </p>
   </div>
   <div class='ocr_carea' id='block_1_42' title="bbox 519 2980 2100 3051">
    <p class='ocr_par' dir='ltr' id='par_1_42' title="bbox 519 2980 2100 3051">
     <span class='ocr_line' id='line_1_42' title="bbox 519 2980 2100 3051; baseline -0.011 -4"><span class='ocrx_word' id='word_1_291' title='bbox 519 3002 626 3048; x_wconf 86' lang='lat' dir='ltr'><strong>est.</strong></span> <span class='ocrx_word' id='word_1_292' title='bbox 659 2989 972 3045; x_wconf 83' lang='lat' dir='ltr'><strong>Enchirium</strong></span> <span class='ocrx_word' id='word_1_293' title='bbox 1019 2985 1220 3040; x_wconf 88' lang='lat' dir='ltr'><strong>lineum</strong></span> <span class='ocrx_word' id='word_1_294' title='bbox 1271 2993 1390 3044; x_wconf 87' lang='lat' dir='ltr'><strong>est;</strong></span> <span class='ocrx_word' id='word_1_295' title='bbox 1434 2981 1477 3035; x_wconf 91' lang='lat' dir='ltr'><strong>si</strong></span> <span class='ocrx_word' id='word_1_296' title='bbox 1527 2980 1720 3051; x_wconf 86' lang='lat' dir='ltr'><strong>penula</strong></span> <span class='ocrx_word' id='word_1_297' title='bbox 1772 2991 2100 3048; x_wconf 89' lang='lat' dir='ltr'><strong>purpureum</strong></span> 
     </span>
    </p>
   </div>
   <div class='ocr_carea' id='block_1_43' title="bbox 509 3075 2100 3156">
    <p class='ocr_par' dir='ltr' id='par_1_43' title="bbox 509 3075 2100 3156">
     <span class='ocr_line' id='line_1_43' title="bbox 509 3075 2100 3156; baseline -0.011 -17"><span class='ocrx_word' id='word_1_298' title='bbox 509 3087 683 3156; x_wconf 75' lang='lat' dir='ltr'><strong>habet</strong></span> <span class='ocrx_word' id='word_1_299' title='bbox 729 3081 996 3144; x_wconf 89' lang='lat' dir='ltr'><strong>colorem,</strong></span> <span class='ocrx_word' id='word_1_300' title='bbox 1053 3077 1183 3132; x_wconf 89' lang='lat' dir='ltr'><strong>illud</strong></span> <span class='ocrx_word' id='word_1_301' title='bbox 1239 3075 1544 3142; x_wconf 73' lang='lat' dir='ltr'><strong>‘Scripturse</strong></span> <span class='ocrx_word' id='word_1_302' title='bbox 1595 3079 2100 3125; x_wconf 82' lang='lat' dir='ltr'><strong>commemoratur:</strong></span> 
     </span>
    </p>
   </div>
   <div class='ocr_carea' id='block_1_44' title="bbox 525 3160 2172 3258">
    <p class='ocr_par' dir='ltr' id='par_1_44' title="bbox 525 3160 2172 3258">
     <span class='ocr_line' id='line_1_44' title="bbox 525 3160 2172 3258; baseline -0.012 -28"><span class='ocrx_word' id='word_1_303' title='bbox 525 3198 543 3230; x_wconf 76' lang='grc' dir='ltr'><strong>ι</strong></span> <span class='ocrx_word' id='word_1_304' title='bbox 567 3175 749 3243; x_wconf 82' lang='lat' dir='ltr'><strong>Quare</strong></span> <span class='ocrx_word' id='word_1_305' title='bbox 798 3171 959 3228; x_wconf 79' lang='lat' dir='ltr'><strong>rubra</strong></span> <span class='ocrx_word' id='word_1_306' title='bbox 985 3178 1113 3226; x_wconf 86' lang='lat' dir='ltr'><strong>sunt</strong></span> <span class='ocrx_word' id='word_1_307' title='bbox 1138 3169 1460 3222; x_wconf 84' lang='lat' dir='ltr'><strong>vestimenta</strong></span> <span class='ocrx_word' id='word_1_308' title='bbox 1497 3174 1585 3218; x_wconf 91' lang='lat' dir='ltr'><strong>tua</strong></span> <span class='ocrx_word' id='word_1_309' title='bbox 1607 3163 1687 3216; x_wconf 58' lang='lat' dir='ltr'><strong>“li</strong></span> <span class='ocrx_word' id='word_1_310' title='bbox 1727 3181 1745 3213; x_wconf 74' lang='grc' dir='ltr'><strong>ι</strong></span> <span class='ocrx_word' id='word_1_311' title='bbox 1783 3160 1876 3216; x_wconf 79' lang='lat' dir='ltr'><strong>Sin</strong></span> <span class='ocrx_word' id='word_1_312' title='bbox 1919 3170 2101 3214; x_wconf 89' lang='lat' dir='ltr'><strong>autem</strong></span> <span class='ocrx_word' id='word_1_313' title='bbox 2130 3199 2172 3258; x_wconf 64' lang='grc' dir='ltr'>Ο</span> 
     </span>
    </p>
   </div>
   <div class='ocr_carea' id='block_1_45' title="bbox 521 3252 2104 3336">
    <p class='ocr_par' dir='ltr' id='par_1_45' title="bbox 521 3252 2104 3336">
     <span class='ocr_line' id='line_1_45' title="bbox 521 3252 2104 3336; baseline -0.011 -15"><span class='ocrx_word' id='word_1_314' title='bbox 521 3270 724 3336; x_wconf 87' lang='lat' dir='ltr'><strong>album,</strong></span> <span class='ocrx_word' id='word_1_315' title='bbox 771 3265 1128 3322; x_wconf 90' lang='lat' dir='ltr'><strong>mutationem</strong></span> <span class='ocrx_word' id='word_1_316' title='bbox 1167 3261 1407 3324; x_wconf 88' lang='lat' dir='ltr'><strong>indicat;</strong></span> <span class='ocrx_word' id='word_1_317' title='bbox 1439 3257 1664 3330; x_wconf 83' lang='lat' dir='ltr'><strong>angelus</strong></span> <span class='ocrx_word' id='word_1_318' title='bbox 1694 3256 1839 3310; x_wconf 92' lang='lat' dir='ltr'><strong>enim</strong></span> <span class='ocrx_word' id='word_1_319' title='bbox 1879 3255 1931 3307; x_wconf 86' lang='lat' dir='ltr'><strong>in</strong></span> <span class='ocrx_word' id='word_1_320' title='bbox 1966 3252 2104 3306; x_wconf 84' lang='lat' dir='ltr'><strong>albis</strong></span> 
     </span>
    </p>
   </div>
   <div class='ocr_carea' id='block_1_46' title="bbox 523 3342 2108 3432">
    <p class='ocr_par' dir='ltr' id='par_1_46' title="bbox 523 3342 2108 3432">
     <span class='ocr_line' id='line_1_46' title="bbox 523 3342 2108 3432; baseline -0.011 -17"><span class='ocrx_word' id='word_1_321' title='bbox 523 3362 771 3432; x_wconf 85' lang='lat' dir='ltr'><strong>apparuit</strong></span> <span class='ocrx_word' id='word_1_322' title='bbox 812 3357 1154 3420; x_wconf 88' lang='lat' dir='ltr'><strong>mulieribus,</strong></span> <span class='ocrx_word' id='word_1_323' title='bbox 1204 3361 1260 3410; x_wconf 90' lang='lat' dir='ltr'><strong>et</strong></span> <span class='ocrx_word' id='word_1_324' title='bbox 1303 3352 1646 3424; x_wconf 86' lang='lat' dir='ltr'><strong>splendorem</strong></span> <span class='ocrx_word' id='word_1_325' title='bbox 1688 3342 2108 3404; x_wconf 84' lang='lat' dir='ltr'><strong>resurrectionis</strong></span> 
     </span>
    </p>
   </div>
   <div class='ocr_carea' id='block_1_47' title="bbox 522 3435 2106 3524">
    <p class='ocr_par' dir='ltr' id='par_1_47' title="bbox 522 3435 2106 3524">
     <span class='ocr_line' id='line_1_47' title="bbox 522 3435 2106 3524; baseline -0.012 -15"><span class='ocrx_word' id='word_1_326' title='bbox 522 3450 980 3524; x_wconf 76' lang='lat' dir='ltr'><strong>prannonstravit,</strong></span> <span class='ocrx_word' id='word_1_327' title='bbox 1013 3450 1081 3504; x_wconf 88' lang='lat' dir='ltr'><strong>ad</strong></span> <span class='ocrx_word' id='word_1_328' title='bbox 1111 3461 1274 3518; x_wconf 87' lang='lat' dir='ltr'><strong>quam</strong></span> <span class='ocrx_word' id='word_1_329' title='bbox 1337 3435 1566 3515; x_wconf 76' lang='lat' dir='ltr'><strong>populus</strong></span> <span class='ocrx_word' id='word_1_330' title='bbox 1617 3441 1872 3498; x_wconf 84' lang='lat' dir='ltr'><strong>intendit.</strong></span> <span class='ocrx_word' id='word_1_331' title='bbox 1906 3436 2106 3491; x_wconf 78' lang='lat' dir='ltr'><strong>llume-</strong></span> 
     </span>
    </p>
   </div>
   <div class='ocr_carea' id='block_1_48' title="bbox 523 3529 2110 3612">
    <p class='ocr_par' dir='ltr' id='par_1_48' title="bbox 523 3529 2110 3612">
     <span class='ocr_line' id='line_1_48' title="bbox 523 3529 2110 3612; baseline -0.014 -9"><span class='ocrx_word' id='word_1_332' title='bbox 523 3547 658 3612; x_wconf 84' lang='lat' dir='ltr'><strong>rale,</strong></span> <span class='ocrx_word' id='word_1_333' title='bbox 692 3544 1076 3599; x_wconf 84' lang='lat' dir='ltr'><strong>vestimentum</strong></span> <span class='ocrx_word' id='word_1_334' title='bbox 1109 3539 1343 3595; x_wconf 83' lang='lat' dir='ltr'><strong>Aaronis</strong></span> <span class='ocrx_word' id='word_1_335' title='bbox 1377 3536 1566 3601; x_wconf 82' lang='lat' dir='ltr'><strong>refert,</strong></span> <span class='ocrx_word' id='word_1_336' title='bbox 1601 3549 1708 3604; x_wconf 83' lang='lat' dir='ltr'><strong>quo</strong></span> <span class='ocrx_word' id='word_1_337' title='bbox 1744 3531 1843 3586; x_wconf 86' lang='lat' dir='ltr'><strong>sub</strong></span> <span class='ocrx_word' id='word_1_338' title='bbox 1871 3531 1988 3599; x_wconf 76' lang='lat' dir='ltr'><strong>lege</strong></span> <span class='ocrx_word' id='word_1_339' title='bbox 2025 3529 2110 3581; x_wconf 81' lang='lat' dir='ltr'><strong>in-</strong></span> 
     </span>
    </p>
   </div>
   <div class='ocr_carea' id='block_1_49' title="bbox 522 3624 2107 3703">
    <p class='ocr_par' dir='ltr' id='par_1_49' title="bbox 522 3624 2107 3703">
     <span class='ocr_line' id='line_1_49' title="bbox 522 3624 2107 3703; baseline -0.011 -10"><span class='ocrx_word' id='word_1_340' title='bbox 522 3639 824 3694; x_wconf 83' lang='lat' dir='ltr'><strong>duebantur</strong></span> <span class='ocrx_word' id='word_1_341' title='bbox 863 3636 1207 3700; x_wconf 84' lang='lat' dir='ltr'><strong>sacerdotes;</strong></span> <span class='ocrx_word' id='word_1_342' title='bbox 1257 3647 1482 3703; x_wconf 87' lang='lat' dir='ltr'><strong>parvum</strong></span> <span class='ocrx_word' id='word_1_343' title='bbox 1535 3643 1662 3684; x_wconf 73' lang='lat' dir='ltr'><strong>vero</strong></span> <span class='ocrx_word' id='word_1_344' title='bbox 1713 3627 1778 3681; x_wconf 90' lang='lat' dir='ltr'><strong>ad</strong></span> <span class='ocrx_word' id='word_1_345' title='bbox 1827 3624 2107 3680; x_wconf 88' lang='lat' dir='ltr'><strong>sinistram</strong></span> 
     </span>
    </p>
   </div>
   <div class='ocr_carea' id='block_1_50' title="bbox 524 3731 1132 3788">
    <p class='ocr_par' dir='ltr' id='par_1_50' title="bbox 524 3731 1132 3788">
     <span class='ocr_line' id='line_1_50' title="bbox 524 3731 1132 3788; baseline -0.003 0"><span class='ocrx_word' id='word_1_346' title='bbox 524 3732 800 3788; x_wconf 87' lang='lat' dir='ltr'><strong>habebant</strong></span> <span class='ocrx_word' id='word_1_347' title='bbox 833 3731 1132 3786; x_wconf 88' lang='lat' dir='ltr'><strong>sudarium.</strong></span> 
     </span>
    </p>
   </div>
   <div class='ocr_carea' id='block_1_51' title="bbox 595 3983 2106 4071">
    <p class='ocr_par' dir='ltr' id='par_1_51' title="bbox 595 3983 2106 4071">
     <span class='ocr_line' id='line_1_51' title="bbox 595 3983 2106 4071; baseline -0.014 -12"><span class='ocrx_word' id='word_1_348' title='bbox 595 4003 651 4060; x_wconf 91' lang='lat'><strong>8.</strong></span> <span class='ocrx_word' id='word_1_349' title='bbox 695 3997 1206 4071; x_wconf 65' lang='lat' dir='ltr'><strong>Sacrreophalangis</strong></span> <span class='ocrx_word' id='word_1_350' title='bbox 1251 4003 1472 4050; x_wconf 87' lang='lat' dir='ltr'><strong>tonsura</strong></span> <span class='ocrx_word' id='word_1_351' title='bbox 1499 4033 1514 4057; x_wconf 92' lang='lat'><strong>,</strong></span> <span class='ocrx_word' id='word_1_352' title='bbox 1569 3988 1732 4043; x_wconf 83' lang='lat' dir='ltr'><strong>veluti</strong></span> <span class='ocrx_word' id='word_1_353' title='bbox 1781 3983 2106 4064; x_wconf 83' lang='lat' dir='ltr'><strong>sacerdotis,</strong></span> 
     </span>
    </p>
   </div>
   <div class='ocr_carea' id='block_1_52' title="bbox 527 4074 2112 4168">
    <p class='ocr_par' dir='ltr' id='par_1_52' title="bbox 527 4074 2112 4168">
     <span class='ocr_line' id='line_1_52' title="bbox 527 4074 2112 4168; baseline -0.016 -14"><span class='ocrx_word' id='word_1_354' title='bbox 527 4098 772 4168; x_wconf 84' lang='lat' dir='ltr'><strong>spineam</strong></span> <span class='ocrx_word' id='word_1_355' title='bbox 831 4093 1040 4148; x_wconf 85' lang='lat' dir='ltr'><strong>Domini</strong></span> <span class='ocrx_word' id='word_1_356' title='bbox 1080 4089 1252 4145; x_wconf 75' lang='lat' dir='ltr'><strong>nostri</strong></span> <span class='ocrx_word' id='word_1_357' title='bbox 1287 4101 1542 4142; x_wconf 87' lang='lat' dir='ltr'><strong>coronam</strong></span> <span class='ocrx_word' id='word_1_358' title='bbox 1579 4074 1941 4137; x_wconf 78' lang='lat' dir='ltr'><strong>demonstrat.</strong></span> <span class='ocrx_word' id='word_1_359' title='bbox 1989 4077 2112 4147; x_wconf 80' lang='lat' dir='ltr'><strong>Epi-</strong></span> 
     </span>
    </p>
   </div>
   <div class='ocr_carea' id='block_1_53' title="bbox 529 4163 2108 4254">
    <p class='ocr_par' dir='ltr' id='par_1_53' title="bbox 529 4163 2108 4254">
     <span class='ocr_line' id='line_1_53' title="bbox 529 4163 2108 4254; baseline -0.015 -11"><span class='ocrx_word' id='word_1_360' title='bbox 529 4188 770 4243; x_wconf 78' lang='lat' dir='ltr'><strong>trullium</strong></span> <span class='ocrx_word' id='word_1_361' title='bbox 805 4183 998 4254; x_wconf 85' lang='lat' dir='ltr'><strong>capitis</strong></span> <span class='ocrx_word' id='word_1_362' title='bbox 1013 4181 1132 4252; x_wconf 85' lang='lat' dir='ltr'><strong>ejus</strong></span> <span class='ocrx_word' id='word_1_363' title='bbox 1165 4180 1566 4235; x_wconf 85' lang='lat' dir='ltr'><strong>firmamentum</strong></span> <span class='ocrx_word' id='word_1_364' title='bbox 1588 4163 1866 4229; x_wconf 77' lang='lat' dir='ltr'><strong>cherubiei</strong></span> <span class='ocrx_word' id='word_1_365' title='bbox 1899 4168 2108 4228; x_wconf 69' lang='lat' dir='ltr'><strong>throni;</strong></span> 
     </span>
    </p>
   </div>
   <div class='ocr_carea' id='block_1_54' title="bbox 532 4261 2157 4342">
    <p class='ocr_par' dir='ltr' id='par_1_54' title="bbox 532 4261 2157 4342">
     <span class='ocr_line' id='line_1_54' title="bbox 532 4261 2157 4342; baseline -0.01 -10"><span class='ocrx_word' id='word_1_366' title='bbox 532 4300 550 4332; x_wconf 74' lang='grc' dir='ltr'><strong>ι</strong></span> <span class='ocrx_word' id='word_1_367' title='bbox 588 4277 880 4336; x_wconf 88' lang='lat' dir='ltr'><strong>Cherubim</strong></span> <span class='ocrx_word' id='word_1_368' title='bbox 912 4275 1055 4331; x_wconf 90' lang='lat' dir='ltr'><strong>enim</strong></span> <span class='ocrx_word' id='word_1_369' title='bbox 1089 4274 1427 4342; x_wconf 84' lang='lat' dir='ltr'><strong>requiescent</strong></span> <span class='ocrx_word' id='word_1_370' title='bbox 1451 4283 1614 4337; x_wconf 83' lang='lat' dir='ltr'><strong>super</strong></span> <span class='ocrx_word' id='word_1_371' title='bbox 1643 4275 1804 4334; x_wconf 90' lang='lat' dir='ltr'><strong>caput</strong></span> <span class='ocrx_word' id='word_1_372' title='bbox 1827 4261 1942 4333; x_wconf 86' lang='lat' dir='ltr'><strong>ejus</strong></span> <span class='ocrx_word' id='word_1_373' title='bbox 1973 4263 2012 4293; x_wconf 85' lang='lat'>”</span> <span class='ocrx_word' id='word_1_374' title='bbox 2045 4279 2058 4316; x_wconf 92' lang='lat'><strong>:</strong></span> <span class='ocrx_word' id='word_1_375' title='bbox 2088 4279 2106 4312; x_wconf 76' lang='grc' dir='ltr'><strong>ι</strong></span> <span class='ocrx_word' id='word_1_376' title='bbox 2146 4307 2157 4316; x_wconf 93' lang='grc'>.</span> 
     </span>
    </p>
   </div>
   <div class='ocr_carea' id='block_1_55' title="bbox 503 4355 2114 4442">
    <p class='ocr_par' dir='ltr' id='par_1_55' title="bbox 503 4355 2114 4442">
     <span class='ocr_line' id='line_1_55' title="bbox 503 4355 2114 4442; baseline -0.014 -14"><span class='ocrx_word' id='word_1_377' title='bbox 503 4375 593 4428; x_wconf 86' lang='lat' dir='ltr'><strong>.ad</strong></span> <span class='ocrx_word' id='word_1_378' title='bbox 619 4370 934 4442; x_wconf 77' lang='lat' dir='ltr'><strong>angelorum</strong></span> <span class='ocrx_word' id='word_1_379' title='bbox 971 4367 1230 4420; x_wconf 85' lang='lat' dir='ltr'><strong>visionem</strong></span> <span class='ocrx_word' id='word_1_380' title='bbox 1263 4360 1682 4416; x_wconf 88' lang='lat' dir='ltr'><strong>alludit.Tuuica</strong></span> <span class='ocrx_word' id='word_1_381' title='bbox 1713 4357 1830 4410; x_wconf 89' lang='lat' dir='ltr'><strong>alba</strong></span> <span class='ocrx_word' id='word_1_382' title='bbox 1867 4367 1949 4410; x_wconf 87' lang='lat' dir='ltr'><strong>est</strong></span> <span class='ocrx_word' id='word_1_383' title='bbox 1972 4355 2114 4408; x_wconf 85' lang='lat' dir='ltr'><strong>sicut</strong></span> 
     </span>
    </p>
   </div>
   <div class='ocr_carea' id='block_1_56' title="bbox 529 4446 2115 4536">
    <p class='ocr_par' dir='ltr' id='par_1_56' title="bbox 529 4446 2115 4536">
     <span class='ocr_line' id='line_1_56' title="bbox 529 4446 2115 4536; baseline -0.014 -16"><span class='ocrx_word' id='word_1_384' title='bbox 529 4463 753 4536; x_wconf 81' lang='lat' dir='ltr'><strong>angelis;</strong></span> <span class='ocrx_word' id='word_1_385' title='bbox 788 4460 1026 4516; x_wconf 85' lang='lat' dir='ltr'><strong>orarium</strong></span> <span class='ocrx_word' id='word_1_386' title='bbox 1083 4457 1306 4526; x_wconf 75' lang='lat' dir='ltr'><strong>angelos</strong></span> <span class='ocrx_word' id='word_1_387' title='bbox 1361 4453 1640 4516; x_wconf 88' lang='lat' dir='ltr'><strong>imitatur;</strong></span> <span class='ocrx_word' id='word_1_388' title='bbox 1678 4450 1800 4504; x_wconf 83' lang='lat' dir='ltr'><strong>ideo</strong></span> <span class='ocrx_word' id='word_1_389' title='bbox 1844 4449 1906 4503; x_wconf 89' lang='lat' dir='ltr'><strong>ad</strong></span> <span class='ocrx_word' id='word_1_390' title='bbox 1951 4446 2115 4518; x_wconf 81' lang='lat' dir='ltr'><strong>pedes</strong></span> 
     </span>
    </p>
   </div>
   <div class='ocr_carea' id='block_1_57' title="bbox 2273 1683 3797 1757">
    <p class='ocr_par' dir='ltr' id='par_1_57' title="bbox 2273 1683 3797 1757">
     <span class='ocr_line' id='line_1_57' title="bbox 2273 1683 3797 1757; baseline -0.004 -12"><span class='ocrx_word' id='word_1_391' title='bbox 2273 1691 2340 1757; x_wconf 86' lang='grc' dir='ltr'><strong>ζ’.</strong></span> <span class='ocrx_word' id='word_1_392' title='bbox 2373 1692 2438 1745; x_wconf 85' lang='grc' dir='ltr'><strong>Οἱ</strong></span> <span class='ocrx_word' id='word_1_393' title='bbox 2475 1691 2532 1744; x_wconf 84' lang='grc' dir='ltr'>δὲ</span> <span class='ocrx_word' id='word_1_394' title='bbox 2563 1690 2800 1744; x_wconf 84' lang='grc' dir='ltr'>διάκονοι</span> <span class='ocrx_word' id='word_1_395' title='bbox 2828 1687 2906 1751; x_wconf 86' lang='grc' dir='ltr'><strong>είς</strong></span> <span class='ocrx_word' id='word_1_396' title='bbox 2940 1685 3110 1740; x_wconf 80' lang='grc' dir='ltr'>τύπον</span> <span class='ocrx_word' id='word_1_397' title='bbox 3144 1685 3252 1739; x_wconf 84' lang='grc' dir='ltr'><strong>τῶν</strong></span> <span class='ocrx_word' id='word_1_398' title='bbox 3282 1683 3608 1752; x_wconf 80' lang='grc' dir='ltr'>ἁγγελικῶν</span> <span class='ocrx_word' id='word_1_399' title='bbox 3639 1685 3797 1739; x_wconf 65' lang='lat' dir='ltr'><strong>ﬁuvi-</strong></span> 
     </span>
    </p>
   </div>
   <div class='ocr_carea' id='block_1_58' title="bbox 2207 1772 3793 1856">
    <p class='ocr_par' dir='ltr' id='par_1_58' title="bbox 2207 1772 3793 1856">
     <span class='ocr_line' id='line_1_58' title="bbox 2207 1772 3793 1856; baseline -0.008 -21"><span class='ocrx_word' id='word_1_400' title='bbox 2207 1799 2352 1850; x_wconf 85' lang='grc' dir='ltr'>μεων</span> <span class='ocrx_word' id='word_1_401' title='bbox 2375 1783 2496 1844; x_wconf 85' lang='grc' dir='ltr'>ταῖς</span> <span class='ocrx_word' id='word_1_402' title='bbox 2524 1780 2748 1856; x_wconf 82' lang='grc' dir='ltr'>λεπταῖς</span> <span class='ocrx_word' id='word_1_403' title='bbox 2781 1777 2892 1830; x_wconf 84' lang='grc' dir='ltr'>τῶν</span> <span class='ocrx_word' id='word_1_404' title='bbox 2925 1775 3090 1829; x_wconf 80' lang='grc' dir='ltr'>λινῶν</span> <span class='ocrx_word' id='word_1_405' title='bbox 3121 1775 3376 1846; x_wconf 81' lang='grc' dir='ltr'>ὡραρίων</span> <span class='ocrx_word' id='word_1_406' title='bbox 3405 1772 3677 1844; x_wconf 78' lang='grc' dir='ltr'>πτέρυξιν</span> <span class='ocrx_word' id='word_1_407' title='bbox 3723 1773 3793 1832; x_wconf 79' lang='grc' dir='ltr'><strong>ὡς</strong></span> 
     </span>
    </p>
   </div>
   <div class='ocr_carea' id='block_1_59' title="bbox 2205 1864 3788 1944">
    <p class='ocr_par' dir='ltr' id='par_1_59' title="bbox 2205 1864 3788 1944">
     <span class='ocr_line' id='line_1_59' title="bbox 2205 1864 3788 1944; baseline -0.005 -20"><span class='ocrx_word' id='word_1_408' title='bbox 2205 1873 2554 1944; x_wconf 76' lang='grc' dir='ltr'>λειτουργικᾶ</span> <span class='ocrx_word' id='word_1_409' title='bbox 2601 1870 2892 1940; x_wconf 85' lang='grc' dir='ltr'>πνεύματα</span> <span class='ocrx_word' id='word_1_410' title='bbox 2928 1869 3011 1932; x_wconf 83' lang='grc' dir='ltr'><strong>είς</strong></span> <span class='ocrx_word' id='word_1_411' title='bbox 3057 1865 3334 1922; x_wconf 83' lang='grc' dir='ltr'>διακονίαν</span> <span class='ocrx_word' id='word_1_412' title='bbox 3375 1864 3788 1936; x_wconf 69' lang='grc' dir='ltr'>περιτρέχωσι.</span> 
     </span>
    </p>
   </div>
   <div class='ocr_carea' id='block_1_60' title="bbox 2203 1953 3792 2035">
    <p class='ocr_par' dir='ltr' id='par_1_60' title="bbox 2203 1953 3792 2035">
     <span class='ocr_line' id='line_1_60' title="bbox 2203 1953 3792 2035; baseline -0.008 -17"><span class='ocrx_word' id='word_1_413' title='bbox 2203 1967 2487 2035; x_wconf 83' lang='grc' dir='ltr'>Στιχὰριον</span> <span class='ocrx_word' id='word_1_414' title='bbox 2523 1964 2742 2032; x_wconf 86' lang='grc' dir='ltr'>λέγεται</span> <span class='ocrx_word' id='word_1_415' title='bbox 2775 1962 2911 2014; x_wconf 83' lang='grc' dir='ltr'>διότι</span> <span class='ocrx_word' id='word_1_416' title='bbox 2939 1960 3174 2030; x_wconf 69' lang='grc' dir='ltr'>ἕστηκεν</span> <span class='ocrx_word' id='word_1_417' title='bbox 3220 1961 3252 2029; x_wconf 76' lang='grc' dir='ltr'>ἡ</span> <span class='ocrx_word' id='word_1_418' title='bbox 3306 1958 3473 2029; x_wconf 76' lang='grc' dir='ltr'>χάρις</span> <span class='ocrx_word' id='word_1_419' title='bbox 3525 1956 3627 2009; x_wconf 73' lang='grc' dir='ltr'>τοῦ</span> <span class='ocrx_word' id='word_1_420' title='bbox 3658 1953 3792 2007; x_wconf 84' lang='grc' dir='ltr'><strong>Θεοῦ</strong></span> 
     </span>
    </p>
   </div>
   <div class='ocr_carea' id='block_1_61' title="bbox 2204 2043 3794 2122">
    <p class='ocr_par' dir='ltr' id='par_1_61' title="bbox 2204 2043 3794 2122">
     <span class='ocr_line' id='line_1_61' title="bbox 2204 2043 3794 2122; baseline -0.006 -18"><span class='ocrx_word' id='word_1_421' title='bbox 2204 2051 2426 2122; x_wconf 84' lang='grc' dir='ltr'>ἐναύτῷ</span> <span class='ocrx_word' id='word_1_422' title='bbox 2455 2069 2470 2082; x_wconf 77' lang='grc' dir='ltr'><strong>ο</strong></span> <span class='ocrx_word' id='word_1_423' title='bbox 2498 2051 2666 2114; x_wconf 84' lang='grc' dir='ltr'>τύπος</span> <span class='ocrx_word' id='word_1_424' title='bbox 2697 2049 2753 2102; x_wconf 84' lang='grc' dir='ltr'><strong>δέ</strong></span> <span class='ocrx_word' id='word_1_425' title='bbox 2785 2052 2900 2103; x_wconf 82' lang='grc' dir='ltr'>ἐστι</span> <span class='ocrx_word' id='word_1_426' title='bbox 2930 2049 3032 2118; x_wconf 82' lang='grc' dir='ltr'>τῆς</span> <span class='ocrx_word' id='word_1_427' title='bbox 3069 2049 3274 2119; x_wconf 62' lang='grc' dir='ltr'>σαρκὲς</span> <span class='ocrx_word' id='word_1_428' title='bbox 3304 2047 3398 2098; x_wconf 80' lang='grc' dir='ltr'>τοῦ</span> <span class='ocrx_word' id='word_1_429' title='bbox 3434 2043 3678 2109; x_wconf 80' lang='grc' dir='ltr'>Χριστοῦ</span> <span class='ocrx_word' id='word_1_430' title='bbox 3720 2043 3794 2104; x_wconf 84' lang='grc' dir='ltr'>ὠς</span> 
     </span>
    </p>
   </div>
   <div class='ocr_carea' id='block_1_62' title="bbox 2202 2131 3795 2211">
    <p class='ocr_par' dir='ltr' id='par_1_62' title="bbox 2202 2131 3795 2211">
     <span class='ocr_line' id='line_1_62' title="bbox 2202 2131 3795 2211; baseline -0.007 -14"><span class='ocrx_word' id='word_1_431' title='bbox 2202 2144 2416 2208; x_wconf 81' lang='grc' dir='ltr'>λευκὸν,</span> <span class='ocrx_word' id='word_1_432' title='bbox 2447 2141 2629 2205; x_wconf 83' lang='grc' dir='ltr'>καθὼς</span> <span class='ocrx_word' id='word_1_433' title='bbox 2667 2140 2764 2194; x_wconf 87' lang='grc' dir='ltr'><strong>καί</strong></span> <span class='ocrx_word' id='word_1_434' title='bbox 2797 2142 2830 2211; x_wconf 81' lang='grc' dir='ltr'><strong>ἡ</strong></span> <span class='ocrx_word' id='word_1_435' title='bbox 2865 2139 3182 2210; x_wconf 77' lang='grc' dir='ltr'>ἀνθρωπίνη</span> <span class='ocrx_word' id='word_1_436' title='bbox 3217 2137 3358 2208; x_wconf 79' lang='grc' dir='ltr'>σάρξ</span> <span class='ocrx_word' id='word_1_437' title='bbox 3389 2153 3403 2167; x_wconf 88' lang='grc'><strong>·</strong></span> <span class='ocrx_word' id='word_1_438' title='bbox 3439 2137 3556 2206; x_wconf 78' lang='grc' dir='ltr'>ἔχει</span> <span class='ocrx_word' id='word_1_439' title='bbox 3593 2131 3650 2186; x_wconf 82' lang='grc' dir='ltr'>δὲ</span> <span class='ocrx_word' id='word_1_440' title='bbox 3696 2134 3795 2187; x_wconf 74' lang='grc' dir='ltr'>καὶ</span> 
     </span>
    </p>
   </div>
   <div class='ocr_carea' id='block_1_63' title="bbox 2207 2227 3788 2309">
    <p class='ocr_par' dir='ltr' id='par_1_63' title="bbox 2207 2227 3788 2309">
     <span class='ocr_line' id='line_1_63' title="bbox 2207 2227 3788 2309; baseline -0.008 -19"><span class='ocrx_word' id='word_1_441' title='bbox 2207 2235 2491 2309; x_wconf 81' lang='grc' dir='ltr'><strong>μασχάλας</strong></span> <span class='ocrx_word' id='word_1_442' title='bbox 2527 2233 2616 2287; x_wconf 83' lang='grc' dir='ltr'>διὰ</span> <span class='ocrx_word' id='word_1_443' title='bbox 2643 2233 2741 2305; x_wconf 84' lang='grc' dir='ltr'><strong>τὴν</strong></span> <span class='ocrx_word' id='word_1_444' title='bbox 2778 2235 2843 2285; x_wconf 85' lang='grc' dir='ltr'>ὲκ</span> <span class='ocrx_word' id='word_1_445' title='bbox 2879 2231 3083 2301; x_wconf 81' lang='grc' dir='ltr'>λόγχης</span> <span class='ocrx_word' id='word_1_446' title='bbox 3117 2230 3480 2298; x_wconf 79' lang='grc' dir='ltr'>κεντηθεῖσαν</span> <span class='ocrx_word' id='word_1_447' title='bbox 3525 2227 3788 2296; x_wconf 68' lang='grc' dir='ltr'>πλευρὰν.</span> 
     </span>
    </p>
   </div>
   <div class='ocr_carea' id='block_1_64' title="bbox 2205 2319 3794 2395">
    <p class='ocr_par' dir='ltr' id='par_1_64' title="bbox 2205 2319 3794 2395">
     <span class='ocr_line' id='line_1_64' title="bbox 2205 2319 3794 2395; baseline -0.009 -13"><span class='ocrx_word' id='word_1_448' title='bbox 2205 2329 2245 2382; x_wconf 85' lang='grc' dir='ltr'>Τ</span> <span class='ocrx_word' id='word_1_449' title='bbox 2251 2329 2286 2382; x_wconf 69' lang='grc' dir='ltr'>ἂι</span> <span class='ocrx_word' id='word_1_450' title='bbox 2315 2331 2396 2389; x_wconf 80' lang='grc' dir='ltr'><strong>εἰς</strong></span> <span class='ocrx_word' id='word_1_451' title='bbox 2430 2325 2497 2379; x_wconf 80' lang='grc' dir='ltr'><strong>τὰ</strong></span> <span class='ocrx_word' id='word_1_452' title='bbox 2533 2327 2762 2395; x_wconf 72' lang='grc' dir='ltr'>μκνίκια</span> <span class='ocrx_word' id='word_1_453' title='bbox 2810 2323 2986 2394; x_wconf 83' lang='grc' dir='ltr'>λωρία</span> <span class='ocrx_word' id='word_1_454' title='bbox 3029 2321 3340 2376; x_wconf 83' lang='grc' dir='ltr'>δεικνύουσι</span> <span class='ocrx_word' id='word_1_455' title='bbox 3369 2319 3440 2372; x_wconf 66' lang='grc' dir='ltr'>τὰ</span> <span class='ocrx_word' id='word_1_456' title='bbox 3471 2319 3654 2388; x_wconf 68' lang='grc' dir='ltr'>δεσμὰ</span> <span class='ocrx_word' id='word_1_457' title='bbox 3689 2319 3794 2370; x_wconf 76' lang='grc' dir='ltr'>τῶν</span> 
     </span>
    </p>
   </div>
   <div class='ocr_carea' id='block_1_65' title="bbox 2203 2409 3794 2492">
    <p class='ocr_par' dir='ltr' id='par_1_65' title="bbox 2203 2409 3794 2492">
     <span class='ocr_line' id='line_1_65' title="bbox 2203 2409 3794 2492; baseline -0.008 -19"><span class='ocrx_word' id='word_1_458' title='bbox 2203 2419 2400 2492; x_wconf 79' lang='grc' dir='ltr'>χειρῶν</span> <span class='ocrx_word' id='word_1_459' title='bbox 2442 2417 2632 2480; x_wconf 77' lang='grc' dir='ltr'>αὐτοῦ,</span> <span class='ocrx_word' id='word_1_460' title='bbox 2659 2417 2726 2470; x_wconf 81' lang='grc' dir='ltr'>δι’</span> <span class='ocrx_word' id='word_1_461' title='bbox 2754 2409 2828 2470; x_wconf 79' lang='grc' dir='ltr'>ὧν</span> <span class='ocrx_word' id='word_1_462' title='bbox 2864 2417 3154 2484; x_wconf 80' lang='grc' dir='ltr'>ἀπήγαγον</span> <span class='ocrx_word' id='word_1_463' title='bbox 3194 2414 3360 2468; x_wconf 73' lang='grc' dir='ltr'>αὐτὸν</span> <span class='ocrx_word' id='word_1_464' title='bbox 3411 2412 3554 2482; x_wconf 68' lang='grc' dir='ltr'>πρὸς</span> <span class='ocrx_word' id='word_1_465' title='bbox 3595 2414 3794 2464; x_wconf 69' lang='grc' dir='ltr'>’Ἅνναν</span> 
     </span>
    </p>
   </div>
   <div class='ocr_carea' id='block_1_66' title="bbox 2203 2501 3792 2579">
    <p class='ocr_par' dir='ltr' id='par_1_66' title="bbox 2203 2501 3792 2579">
     <span class='ocr_line' id='line_1_66' title="bbox 2203 2501 3792 2579; baseline -0.008 -13"><span class='ocrx_word' id='word_1_466' title='bbox 2203 2514 2296 2566; x_wconf 76' lang='grc' dir='ltr'>καὶ</span> <span class='ocrx_word' id='word_1_467' title='bbox 2330 2512 2612 2579; x_wconf 74' lang='grc' dir='ltr'><strong>Καϊάφαν·</strong></span> <span class='ocrx_word' id='word_1_468' title='bbox 2657 2511 2717 2562; x_wconf 78' lang='grc' dir='ltr'><strong>οὐ</strong></span> <span class='ocrx_word' id='word_1_469' title='bbox 2751 2508 2860 2578; x_wconf 84' lang='grc' dir='ltr'><strong>γὰρ</strong></span> <span class='ocrx_word' id='word_1_470' title='bbox 2888 2507 3131 2572; x_wconf 75' lang='grc' dir='ltr'>ὄπισθεν,</span> <span class='ocrx_word' id='word_1_471' title='bbox 3166 2505 3281 2560; x_wconf 85' lang='grc' dir='ltr'>ἀλλ’</span> <span class='ocrx_word' id='word_1_472' title='bbox 3315 2504 3640 2576; x_wconf 82' lang='grc' dir='ltr'>ἔμπροσθεν</span> <span class='ocrx_word' id='word_1_473' title='bbox 3675 2501 3792 2570; x_wconf 74' lang='grc' dir='ltr'>ἕδη-</span> 
     </span>
    </p>
   </div>
   <div class='ocr_carea' id='block_1_67' title="bbox 2205 2594 3792 2668">
    <p class='ocr_par' dir='ltr' id='par_1_67' title="bbox 2205 2594 3792 2668">
     <span class='ocr_line' id='line_1_67' title="bbox 2205 2594 3792 2668; baseline -0.017 -9"><span class='ocrx_word' id='word_1_474' title='bbox 2205 2621 2308 2660; x_wconf 92' lang='grc' dir='ltr'><strong>σαν</strong></span> <span class='ocrx_word' id='word_1_475' title='bbox 2342 2602 2529 2657; x_wconf 78' lang='grc' dir='ltr'>αὐτόν.</span> <span class='ocrx_word' id='word_1_476' title='bbox 2574 2599 2916 2668; x_wconf 71' lang='grc' dir='ltr'>Ἀνακολαφὴ</span> <span class='ocrx_word' id='word_1_477' title='bbox 2947 2597 3042 2650; x_wconf 83' lang='grc' dir='ltr'>τοῦ</span> <span class='ocrx_word' id='word_1_478' title='bbox 3087 2597 3364 2668; x_wconf 84' lang='grc' dir='ltr'>στιχαρίου</span> <span class='ocrx_word' id='word_1_479' title='bbox 3421 2596 3546 2650; x_wconf 74' lang='grc' dir='ltr'>ἀντὶ</span> <span class='ocrx_word' id='word_1_480' title='bbox 3573 2595 3676 2662; x_wconf 68' lang='grc' dir='ltr'>τῆς</span> <span class='ocrx_word' id='word_1_481' title='bbox 3710 2594 3792 2646; x_wconf 73' lang='grc' dir='ltr'><strong>αξ-</strong></span> 
     </span>
    </p>
   </div>
   <div class='ocr_carea' id='block_1_68' title="bbox 2208 2683 3794 2770">
    <p class='ocr_par' dir='ltr' id='par_1_68' title="bbox 2208 2683 3794 2770">
     <span class='ocr_line' id='line_1_68' title="bbox 2208 2683 3794 2770; baseline -0.009 -17"><span class='ocrx_word' id='word_1_482' title='bbox 2208 2699 2409 2770; x_wconf 83' lang='grc' dir='ltr'>σθητῆς</span> <span class='ocrx_word' id='word_1_483' title='bbox 2437 2696 2634 2768; x_wconf 71' lang='grc' dir='ltr'>ζώνης.</span> <span class='ocrx_word' id='word_1_484' title='bbox 2675 2696 2748 2748; x_wconf 79' lang='grc' dir='ltr'>Τὸ</span> <span class='ocrx_word' id='word_1_485' title='bbox 2773 2692 3075 2759; x_wconf 81' lang='grc' dir='ltr'>ζώννυσθαι</span> <span class='ocrx_word' id='word_1_486' title='bbox 3115 2691 3210 2744; x_wconf 80' lang='grc' dir='ltr'><strong>τὸν</strong></span> <span class='ocrx_word' id='word_1_487' title='bbox 3255 2691 3408 2760; x_wconf 81' lang='grc' dir='ltr'>ἱερέα</span> <span class='ocrx_word' id='word_1_488' title='bbox 3437 2689 3529 2742; x_wconf 65' lang='grc' dir='ltr'><strong>διὰ</strong></span> <span class='ocrx_word' id='word_1_489' title='bbox 3555 2689 3620 2740; x_wconf 74' lang='grc' dir='ltr'>τὸ</span> <span class='ocrx_word' id='word_1_490' title='bbox 3659 2683 3794 2740; x_wconf 76' lang='grc' dir='ltr'>εἶναι</span> 
     </span>
    </p>
   </div>
   <div class='ocr_carea' id='block_1_69' title="bbox 2206 2778 3793 2858">
    <p class='ocr_par' dir='ltr' id='par_1_69' title="bbox 2206 2778 3793 2858">
     <span class='ocr_line' id='line_1_69' title="bbox 2206 2778 3793 2858; baseline -0.013 -11"><span class='ocrx_word' id='word_1_491' title='bbox 2206 2792 2370 2847; x_wconf 74' lang='grc' dir='ltr'>αὐτὸν</span> <span class='ocrx_word' id='word_1_492' title='bbox 2401 2793 2459 2842; x_wconf 83' lang='grc' dir='ltr'><strong>ἐν</strong></span> <span class='ocrx_word' id='word_1_493' title='bbox 2483 2789 2830 2858; x_wconf 81' lang='grc' dir='ltr'>πνευματικῇ</span> <span class='ocrx_word' id='word_1_494' title='bbox 2881 2785 3136 2854; x_wconf 83' lang='grc' dir='ltr'>διαγωγῇ</span> <span class='ocrx_word' id='word_1_495' title='bbox 3163 2781 3557 2849; x_wconf 80' lang='grc' dir='ltr'>διεζωσμένον,</span> <span class='ocrx_word' id='word_1_496' title='bbox 3589 2779 3686 2831; x_wconf 77' lang='grc' dir='ltr'><strong>καὶ</strong></span> <span class='ocrx_word' id='word_1_497' title='bbox 3735 2778 3793 2828; x_wconf 69' lang='grc' dir='ltr'><strong>τδ</strong></span> 
     </span>
    </p>
   </div>
   <div class='ocr_carea' id='block_1_70' title="bbox 2204 2872 3794 2957">
    <p class='ocr_par' dir='ltr' id='par_1_70' title="bbox 2204 2872 3794 2957">
     <span class='ocr_line' id='line_1_70' title="bbox 2204 2872 3794 2957; baseline -0.009 -21"><span class='ocrx_word' id='word_1_498' title='bbox 2204 2883 2420 2957; x_wconf 68' lang='grc' dir='ltr'>λογικὸν</span> <span class='ocrx_word' id='word_1_499' title='bbox 2456 2879 2620 2935; x_wconf 79' lang='grc' dir='ltr'>αὐτοῦ</span> <span class='ocrx_word' id='word_1_500' title='bbox 2657 2876 3137 2950; x_wconf 74' lang='grc' dir='ltr'>περισφίγγεσθαι.</span> <span class='ocrx_word' id='word_1_501' title='bbox 3162 2873 3236 2927; x_wconf 86' lang='grc' dir='ltr'><strong>Τὸ</strong></span> <span class='ocrx_word' id='word_1_502' title='bbox 3269 2873 3546 2944; x_wconf 81' lang='grc' dir='ltr'>φελώνιόν</span> <span class='ocrx_word' id='word_1_503' title='bbox 3587 2873 3738 2924; x_wconf 75' lang='grc' dir='ltr'>ἐστιν</span> <span class='ocrx_word' id='word_1_504' title='bbox 3765 2872 3794 2922; x_wconf 85' lang='grc' dir='ltr'><strong>ό</strong></span> 
     </span>
    </p>
   </div>
   <div class='ocr_carea' id='block_1_71' title="bbox 2203 2964 3793 3046">
    <p class='ocr_par' dir='ltr' id='par_1_71' title="bbox 2203 2964 3793 3046">
     <span class='ocr_line' id='line_1_71' title="bbox 2203 2964 3793 3046; baseline -0.01 -17"><span class='ocrx_word' id='word_1_505' title='bbox 2203 2974 2372 3046; x_wconf 85' lang='grc' dir='ltr'>χιτὼν</span> <span class='ocrx_word' id='word_1_506' title='bbox 2399 2975 2426 3027; x_wconf 88' lang='grc' dir='ltr'>ὁ</span> <span class='ocrx_word' id='word_1_507' title='bbox 2468 2972 2712 3046; x_wconf 74' lang='grc' dir='ltr'>ἄρῤαφος</span> <span class='ocrx_word' id='word_1_508' title='bbox 2735 2973 2762 3024; x_wconf 87' lang='grc' dir='ltr'>ὁ</span> <span class='ocrx_word' id='word_1_509' title='bbox 2789 2973 2854 3024; x_wconf 84' lang='grc' dir='ltr'>ὲκ</span> <span class='ocrx_word' id='word_1_510' title='bbox 2908 2969 3000 3024; x_wconf 81' lang='grc' dir='ltr'>τοῦ</span> <span class='ocrx_word' id='word_1_511' title='bbox 3047 2968 3204 3036; x_wconf 84' lang='grc' dir='ltr'>ἁγίου</span> <span class='ocrx_word' id='word_1_512' title='bbox 3235 2965 3564 3034; x_wconf 87' lang='grc' dir='ltr'>Πνεύματος</span> <span class='ocrx_word' id='word_1_513' title='bbox 3591 2964 3793 3030; x_wconf 64' lang='grc' dir='ltr'>ἐκφαν-</span> 
     </span>
    </p>
   </div>
   <div class='ocr_carea' id='block_1_72' title="bbox 2205 3053 3794 3135">
    <p class='ocr_par' dir='ltr' id='par_1_72' title="bbox 2205 3053 3794 3135">
     <span class='ocr_line' id='line_1_72' title="bbox 2205 3053 3794 3135; baseline -0.011 -13"><span class='ocrx_word' id='word_1_514' title='bbox 2205 3069 2340 3134; x_wconf 79' lang='grc' dir='ltr'>θεὶς,</span> <span class='ocrx_word' id='word_1_515' title='bbox 2375 3068 2494 3121; x_wconf 75' lang='grc' dir='ltr'>ἐστι</span> <span class='ocrx_word' id='word_1_516' title='bbox 2545 3066 2602 3118; x_wconf 81' lang='grc' dir='ltr'><strong>δὲ</strong></span> <span class='ocrx_word' id='word_1_517' title='bbox 2635 3067 2669 3135; x_wconf 80' lang='grc' dir='ltr'><strong>ἡ</strong></span> <span class='ocrx_word' id='word_1_518' title='bbox 2701 3063 2929 3134; x_wconf 83' lang='grc' dir='ltr'>κοκκίνη</span> <span class='ocrx_word' id='word_1_519' title='bbox 2983 3060 3219 3133; x_wconf 85' lang='grc' dir='ltr'>χλαμύς.</span> <span class='ocrx_word' id='word_1_520' title='bbox 3271 3059 3346 3113; x_wconf 74' lang='grc' dir='ltr'>Τὸ</span> <span class='ocrx_word' id='word_1_521' title='bbox 3401 3057 3686 3128; x_wconf 72' lang='grc' dir='ltr'>ἐγχείριον</span> <span class='ocrx_word' id='word_1_522' title='bbox 3736 3053 3794 3105; x_wconf 82' lang='grc' dir='ltr'><strong>τδ</strong></span> 
     </span>
    </p>
   </div>
   <div class='ocr_carea' id='block_1_73' title="bbox 2205 3145 3789 3225">
    <p class='ocr_par' dir='ltr' id='par_1_73' title="bbox 2205 3145 3789 3225">
     <span class='ocr_line' id='line_1_73' title="bbox 2205 3145 3789 3225; baseline -0.01 -11"><span class='ocrx_word' id='word_1_523' title='bbox 2205 3161 2414 3214; x_wconf 81' lang='grc' dir='ltr'>λέντιόν</span> <span class='ocrx_word' id='word_1_524' title='bbox 2473 3161 2592 3212; x_wconf 81' lang='grc' dir='ltr'>ἐστι</span> <span class='ocrx_word' id='word_1_525' title='bbox 2625 3175 2638 3188; x_wconf 74' lang='grc' dir='ltr'><strong>ο</strong></span> <span class='ocrx_word' id='word_1_526' title='bbox 2677 3159 2727 3210; x_wconf 81' lang='grc' dir='ltr'><strong>εί</strong></span> <span class='ocrx_word' id='word_1_527' title='bbox 2773 3158 2890 3210; x_wconf 77' lang='grc' dir='ltr'>ἐστι</span> <span class='ocrx_word' id='word_1_528' title='bbox 2935 3151 3430 3225; x_wconf 81' lang='grc' dir='ltr'>στιχαροφελώνιον</span> <span class='ocrx_word' id='word_1_529' title='bbox 3481 3145 3789 3218; x_wconf 54' lang='grc' dir='ltr'>πυφειδὲς.</span> 
     </span>
    </p>
   </div>
   <div class='ocr_carea' id='block_1_74' title="bbox 2208 3237 3795 3322">
    <p class='ocr_par' dir='ltr' id='par_1_74' title="bbox 2208 3237 3795 3322">
     <span class='ocr_line' id='line_1_74' title="bbox 2208 3237 3795 3322; baseline -0.012 -15"><span class='ocrx_word' id='word_1_530' title='bbox 2208 3254 2297 3308; x_wconf 63' lang='grc' dir='ltr'><strong>διὰ</strong></span> <span class='ocrx_word' id='word_1_531' title='bbox 2331 3255 2394 3306; x_wconf 80' lang='grc' dir='ltr'><strong>τὸ</strong></span> <span class='ocrx_word' id='word_1_532' title='bbox 2427 3253 2608 3322; x_wconf 82' lang='grc' dir='ltr'>λέγειν</span> <span class='ocrx_word' id='word_1_533' title='bbox 2633 3251 2731 3321; x_wconf 78' lang='grc' dir='ltr'><strong>τὴν</strong></span> <span class='ocrx_word' id='word_1_534' title='bbox 2763 3251 2986 3322; x_wconf 71' lang='grc' dir='ltr'>Γραφήν</span> <span class='ocrx_word' id='word_1_535' title='bbox 3015 3265 3030 3278; x_wconf 90' lang='grc'><strong>·</strong></span> <span class='ocrx_word' id='word_1_536' title='bbox 3067 3266 3088 3298; x_wconf 75' lang='grc' dir='ltr'><strong>ι</strong></span> <span class='ocrx_word' id='word_1_537' title='bbox 3124 3247 3221 3300; x_wconf 79' lang='grc' dir='ltr'><strong>Διὰ</strong></span> <span class='ocrx_word' id='word_1_538' title='bbox 3271 3245 3321 3296; x_wconf 89' lang='grc' dir='ltr'><strong>τί</strong></span> <span class='ocrx_word' id='word_1_539' title='bbox 3351 3259 3446 3296; x_wconf 84' lang='grc' dir='ltr'><strong>σου</strong></span> <span class='ocrx_word' id='word_1_540' title='bbox 3480 3238 3692 3312; x_wconf 67' lang='grc' dir='ltr'>ἐρυθρὰ</span> <span class='ocrx_word' id='word_1_541' title='bbox 3729 3237 3795 3289; x_wconf 62' lang='grc' dir='ltr'>τὰ</span> 
     </span>
    </p>
   </div>
   <div class='ocr_carea' id='block_1_75' title="bbox 2213 3331 3795 3416">
    <p class='ocr_par' dir='ltr' id='par_1_75' title="bbox 2213 3331 3795 3416">
     <span class='ocr_line' id='line_1_75' title="bbox 2213 3331 3795 3416; baseline -0.013 -16"><span class='ocrx_word' id='word_1_542' title='bbox 2213 3346 2436 3416; x_wconf 81' lang='grc' dir='ltr'>ίμάτια;</span> <span class='ocrx_word' id='word_1_543' title='bbox 2475 3362 2491 3394; x_wconf 71' lang='grc' dir='ltr'><strong>ι</strong></span> <span class='ocrx_word' id='word_1_544' title='bbox 2528 3343 2663 3396; x_wconf 79' lang='grc' dir='ltr'>εἰδὲ</span> <span class='ocrx_word' id='word_1_545' title='bbox 2714 3341 2886 3394; x_wconf 86' lang='grc' dir='ltr'>λευκά</span> <span class='ocrx_word' id='word_1_546' title='bbox 2931 3341 3060 3402; x_wconf 90' lang='grc' dir='ltr'>εἱσι,</span> <span class='ocrx_word' id='word_1_547' title='bbox 3105 3335 3416 3390; x_wconf 71' lang='grc' dir='ltr'>διεκνύουσι</span> <span class='ocrx_word' id='word_1_548' title='bbox 3470 3331 3574 3400; x_wconf 81' lang='grc' dir='ltr'><strong>τὴν</strong></span> <span class='ocrx_word' id='word_1_549' title='bbox 3633 3344 3795 3400; x_wconf 83' lang='grc' dir='ltr'>μετα-</span> 
     </span>
    </p>
   </div>
   <div class='ocr_carea' id='block_1_76' title="bbox 2213 3413 3797 3510">
    <p class='ocr_par' dir='ltr' id='par_1_76' title="bbox 2213 3413 3797 3510">
     <span class='ocr_line' id='line_1_76' title="bbox 2213 3413 3797 3510; baseline -0.013 -19"><span class='ocrx_word' id='word_1_550' title='bbox 2213 3413 2520 3508; x_wconf 83' lang='grc' dir='ltr'>μόρφωσιν,</span> <span class='ocrx_word' id='word_1_551' title='bbox 2548 3433 2646 3486; x_wconf 79' lang='grc' dir='ltr'>καὶ</span> <span class='ocrx_word' id='word_1_552' title='bbox 2697 3434 2780 3510; x_wconf 82' lang='grc' dir='ltr'>ὅτι</span> <span class='ocrx_word' id='word_1_553' title='bbox 2821 3431 2850 3482; x_wconf 81' lang='grc' dir='ltr'>ὁ</span> <span class='ocrx_word' id='word_1_554' title='bbox 2887 3429 3120 3500; x_wconf 81' lang='grc' dir='ltr'>ἅγγελος</span> <span class='ocrx_word' id='word_1_555' title='bbox 3173 3427 3348 3496; x_wconf 74' lang='grc' dir='ltr'>ἐφάνη</span> <span class='ocrx_word' id='word_1_556' title='bbox 3397 3427 3522 3486; x_wconf 85' lang='grc' dir='ltr'>ταῖς</span> <span class='ocrx_word' id='word_1_557' title='bbox 3578 3413 3797 3488; x_wconf 73' lang='grc' dir='ltr'>γυναιξὶ</span> 
     </span>
    </p>
   </div>
   <div class='ocr_carea' id='block_1_77' title="bbox 2208 3513 3796 3593">
    <p class='ocr_par' dir='ltr' id='par_1_77' title="bbox 2208 3513 3796 3593">
     <span class='ocr_line' id='line_1_77' title="bbox 2208 3513 3796 3593; baseline -0.011 -13"><span class='ocrx_word' id='word_1_558' title='bbox 2208 3529 2422 3593; x_wconf 59' lang='grc' dir='ltr'>λευκὸς,</span> <span class='ocrx_word' id='word_1_559' title='bbox 2460 3525 2729 3580; x_wconf 79' lang='grc' dir='ltr'>δεικνύων</span> <span class='ocrx_word' id='word_1_560' title='bbox 2757 3523 2845 3578; x_wconf 85' lang='grc' dir='ltr'>διὰ</span> <span class='ocrx_word' id='word_1_561' title='bbox 2874 3523 2973 3592; x_wconf 81' lang='grc' dir='ltr'>τῆς</span> <span class='ocrx_word' id='word_1_562' title='bbox 3011 3521 3336 3589; x_wconf 79' lang='grc' dir='ltr'>λευκότητος</span> <span class='ocrx_word' id='word_1_563' title='bbox 3367 3515 3471 3586; x_wconf 78' lang='grc' dir='ltr'>τὴν</span> <span class='ocrx_word' id='word_1_564' title='bbox 3529 3513 3796 3584; x_wconf 68' lang='grc' dir='ltr'>ἑλλαμψιν</span> 
     </span>
    </p>
   </div>
   <div class='ocr_carea' id='block_1_78' title="bbox 2209 3603 3793 3692">
    <p class='ocr_par' dir='ltr' id='par_1_78' title="bbox 2209 3603 3793 3692">
     <span class='ocr_line' id='line_1_78' title="bbox 2209 3603 3793 3692; baseline -0.011 -18"><span class='ocrx_word' id='word_1_565' title='bbox 2209 3623 2308 3692; x_wconf 81' lang='grc' dir='ltr'><strong>τῆς</strong></span> <span class='ocrx_word' id='word_1_566' title='bbox 2363 3618 2750 3680; x_wconf 81' lang='grc' dir='ltr'>ἀναστάσεως·</span> <span class='ocrx_word' id='word_1_567' title='bbox 2785 3617 2814 3668; x_wconf 85' lang='grc' dir='ltr'>ὁ</span> <span class='ocrx_word' id='word_1_568' title='bbox 2844 3614 2904 3670; x_wconf 84' lang='grc' dir='ltr'>δὲ</span> <span class='ocrx_word' id='word_1_569' title='bbox 2964 3612 3212 3683; x_wconf 81' lang='grc' dir='ltr'>κάλαμός</span> <span class='ocrx_word' id='word_1_570' title='bbox 3268 3614 3386 3663; x_wconf 82' lang='grc' dir='ltr'>ἐστι</span> <span class='ocrx_word' id='word_1_571' title='bbox 3441 3606 3652 3668; x_wconf 71' lang='grc' dir='ltr'>παντὸς</span> <span class='ocrx_word' id='word_1_572' title='bbox 3701 3603 3793 3658; x_wconf 73' lang='grc' dir='ltr'>τοῦ</span> 
     </span>
    </p>
   </div>
   <div class='ocr_carea' id='block_1_79' title="bbox 2209 3693 3794 3779">
    <p class='ocr_par' dir='ltr' id='par_1_79' title="bbox 2209 3693 3794 3779">
     <span class='ocr_line' id='line_1_79' title="bbox 2209 3693 3794 3779; baseline -0.013 -13"><span class='ocrx_word' id='word_1_573' title='bbox 2209 3710 2362 3766; x_wconf 77' lang='grc' dir='ltr'>λαοῦ.</span> <span class='ocrx_word' id='word_1_574' title='bbox 2398 3711 2472 3764; x_wconf 85' lang='grc' dir='ltr'>Τὸ</span> <span class='ocrx_word' id='word_1_575' title='bbox 2517 3709 2830 3779; x_wconf 70' lang='grc' dir='ltr'>ὠμοτρόριον</span> <span class='ocrx_word' id='word_1_576' title='bbox 2861 3705 2982 3758; x_wconf 75' lang='grc' dir='ltr'>ἐστὶ</span> <span class='ocrx_word' id='word_1_577' title='bbox 3021 3701 3161 3758; x_wconf 78' lang='grc' dir='ltr'>κατὰ</span> <span class='ocrx_word' id='word_1_578' title='bbox 3183 3701 3278 3770; x_wconf 80' lang='grc' dir='ltr'><strong>τὴν</strong></span> <span class='ocrx_word' id='word_1_579' title='bbox 3319 3701 3521 3769; x_wconf 87' lang='grc' dir='ltr'>στολην</span> <span class='ocrx_word' id='word_1_580' title='bbox 3557 3693 3794 3768; x_wconf 81' lang='grc' dir='ltr'><strong>’Δαρὼν,</strong></span> 
     </span>
    </p>
   </div>
   <div class='ocr_carea' id='block_1_80' title="bbox 2211 3787 3790 3874">
    <p class='ocr_par' dir='ltr' id='par_1_80' title="bbox 2211 3787 3790 3874">
     <span class='ocr_line' id='line_1_80' title="bbox 2211 3787 3790 3874; baseline -0.012 -16"><span class='ocrx_word' id='word_1_581' title='bbox 2211 3809 2348 3874; x_wconf 80' lang='grc' dir='ltr'>ὅπερ</span> <span class='ocrx_word' id='word_1_582' title='bbox 2381 3803 2612 3872; x_wconf 77' lang='grc' dir='ltr'>ἐφόρουν</span> <span class='ocrx_word' id='word_1_583' title='bbox 2636 3803 2686 3854; x_wconf 84' lang='grc' dir='ltr'>οἱ</span> <span class='ocrx_word' id='word_1_584' title='bbox 2708 3803 2766 3853; x_wconf 82' lang='grc' dir='ltr'>ὲν</span> <span class='ocrx_word' id='word_1_585' title='bbox 2791 3798 2942 3868; x_wconf 80' lang='grc' dir='ltr'>νόμῳ</span> <span class='ocrx_word' id='word_1_586' title='bbox 2974 3795 3278 3867; x_wconf 74' lang='grc' dir='ltr'>ἀρχιερεῖς,</span> <span class='ocrx_word' id='word_1_587' title='bbox 3315 3791 3580 3860; x_wconf 72' lang='grc' dir='ltr'>σουδάρια</span> <span class='ocrx_word' id='word_1_588' title='bbox 3621 3787 3790 3860; x_wconf 77' lang='grc' dir='ltr'>μικρὰ</span> 
     </span>
    </p>
   </div>
   <div class='ocr_carea' id='block_1_81' title="bbox 2211 3887 3288 3968">
    <p class='ocr_par' dir='ltr' id='par_1_81' title="bbox 2211 3887 3288 3968">
     <span class='ocr_line' id='line_1_81' title="bbox 2211 3887 3288 3968; baseline -0.012 -18"><span class='ocrx_word' id='word_1_589' title='bbox 2211 3899 2268 3950; x_wconf 83' lang='grc' dir='ltr'><strong>ὲν</strong></span> <span class='ocrx_word' id='word_1_590' title='bbox 2297 3896 2376 3968; x_wconf 78' lang='grc' dir='ltr'>τῷ</span> <span class='ocrx_word' id='word_1_591' title='bbox 2405 3893 2673 3962; x_wconf 81' lang='grc' dir='ltr'>εὐωνύμῳ</span> <span class='ocrx_word' id='word_1_592' title='bbox 2706 3891 2864 3961; x_wconf 82' lang='grc' dir='ltr'>μέρει</span> <span class='ocrx_word' id='word_1_593' title='bbox 2889 3887 3288 3960; x_wconf 87' lang='grc' dir='ltr'>περιτιθέντες.</span> 
     </span>
    </p>
   </div>
   <div class='ocr_carea' id='block_1_82' title="bbox 2281 3969 3790 4057">
    <p class='ocr_par' dir='ltr' id='par_1_82' title="bbox 2281 3969 3790 4057">
     <span class='ocr_line' id='line_1_82' title="bbox 2281 3969 3790 4057; baseline -0.017 -12"><span class='ocrx_word' id='word_1_594' title='bbox 2281 3988 2354 4057; x_wconf 79' lang='grc' dir='ltr'><strong>η’.</strong></span> <span class='ocrx_word' id='word_1_595' title='bbox 2401 3989 2465 4041; x_wconf 87' lang='grc' dir='ltr'><strong>Ἦ</strong></span> <span class='ocrx_word' id='word_1_596' title='bbox 2518 3985 2694 4055; x_wconf 66' lang='grc' dir='ltr'>κουρέι</span> <span class='ocrx_word' id='word_1_597' title='bbox 2751 3982 2922 4051; x_wconf 71' lang='grc' dir='ltr'>δηλοῖ,</span> <span class='ocrx_word' id='word_1_598' title='bbox 2959 3980 3036 4036; x_wconf 79' lang='lat' dir='ltr'><strong>ti):</strong></span> <span class='ocrx_word' id='word_1_599' title='bbox 3091 3977 3187 4030; x_wconf 71' lang='grc' dir='ltr'>καὶ</span> <span class='ocrx_word' id='word_1_600' title='bbox 3235 3973 3330 4028; x_wconf 79' lang='grc' dir='ltr'><strong>τοῦ</strong></span> <span class='ocrx_word' id='word_1_601' title='bbox 3383 3972 3605 4044; x_wconf 83' lang='grc' dir='ltr'>ἱερέως,</span> <span class='ocrx_word' id='word_1_602' title='bbox 3656 3969 3790 4024; x_wconf 82' lang='grc' dir='ltr'>διότι</span> 
     </span>
    </p>
   </div>
   <div class='ocr_carea' id='block_1_83' title="bbox 2215 4059 3795 4148">
    <p class='ocr_par' dir='ltr' id='par_1_83' title="bbox 2215 4059 3795 4148">
     <span class='ocr_line' id='line_1_83' title="bbox 2215 4059 3795 4148; baseline -0.013 -14"><span class='ocrx_word' id='word_1_603' title='bbox 2215 4081 2482 4148; x_wconf 79' lang='grc' dir='ltr'>στέφανον</span> <span class='ocrx_word' id='word_1_604' title='bbox 2512 4076 2571 4140; x_wconf 78' lang='grc' dir='ltr'><strong>ἐξ</strong></span> <span class='ocrx_word' id='word_1_605' title='bbox 2601 4071 2854 4129; x_wconf 80' lang='grc' dir='ltr'>ἀκανθῶν</span> <span class='ocrx_word' id='word_1_606' title='bbox 2883 4070 3088 4138; x_wconf 71' lang='grc' dir='ltr'>ἔθηκαν</span> <span class='ocrx_word' id='word_1_607' title='bbox 3114 4068 3206 4120; x_wconf 71' lang='grc' dir='ltr'><strong>ἐπὶ</strong></span> <span class='ocrx_word' id='word_1_608' title='bbox 3223 4069 3322 4136; x_wconf 77' lang='grc' dir='ltr'>τὴν</span> <span class='ocrx_word' id='word_1_609' title='bbox 3340 4065 3590 4134; x_wconf 74' lang='grc' dir='ltr'>κεφαλὴν</span> <span class='ocrx_word' id='word_1_610' title='bbox 3613 4059 3795 4115; x_wconf 74' lang='grc' dir='ltr'>αὑτοῦ.</span> 
     </span>
    </p>
   </div>
   <div class='ocr_carea' id='block_1_84' title="bbox 2213 4147 3795 4238">
    <p class='ocr_par' dir='ltr' id='par_1_84' title="bbox 2213 4147 3795 4238">
     <span class='ocr_line' id='line_1_84' title="bbox 2213 4147 3795 4238; baseline -0.015 -13"><span class='ocrx_word' id='word_1_611' title='bbox 2213 4173 2286 4225; x_wconf 75' lang='grc' dir='ltr'><strong>Τὸ</strong></span> <span class='ocrx_word' id='word_1_612' title='bbox 2320 4147 2697 4238; x_wconf 72' lang='grc' dir='ltr'>ἑπιτρούλλιον</span> <span class='ocrx_word' id='word_1_613' title='bbox 2725 4165 2824 4235; x_wconf 77' lang='grc' dir='ltr'><strong>τῆς</strong></span> <span class='ocrx_word' id='word_1_614' title='bbox 2853 4159 3102 4228; x_wconf 79' lang='grc' dir='ltr'>κεφαλῆς</span> <span class='ocrx_word' id='word_1_615' title='bbox 3127 4155 3319 4218; x_wconf 82' lang='grc' dir='ltr'>αὑτοῦ,</span> <span class='ocrx_word' id='word_1_616' title='bbox 3351 4153 3647 4224; x_wconf 73' lang='grc' dir='ltr'>ἑδραίωμα</span> <span class='ocrx_word' id='word_1_617' title='bbox 3705 4147 3795 4202; x_wconf 76' lang='grc' dir='ltr'>τοῦ</span> 
     </span>
    </p>
   </div>
   <div class='ocr_carea' id='block_1_85' title="bbox 2212 4240 3798 4334">
    <p class='ocr_par' dir='ltr' id='par_1_85' title="bbox 2212 4240 3798 4334">
     <span class='ocr_line' id='line_1_85' title="bbox 2212 4240 3798 4334; baseline -0.015 -18"><span class='ocrx_word' id='word_1_618' title='bbox 2212 4257 2537 4334; x_wconf 73' lang='grc' dir='ltr'>χερουϐικοῦ</span> <span class='ocrx_word' id='word_1_619' title='bbox 2560 4257 2750 4329; x_wconf 79' lang='grc' dir='ltr'>θρόνου</span> <span class='ocrx_word' id='word_1_620' title='bbox 2779 4271 2794 4284; x_wconf 90' lang='grc'><strong>·</strong></span> <span class='ocrx_word' id='word_1_621' title='bbox 2831 4272 2849 4304; x_wconf 81' lang='lat' dir='ltr'><strong>t</strong></span> <span class='ocrx_word' id='word_1_622' title='bbox 2905 4248 3388 4305; x_wconf 86' lang='grc' dir='ltr'>Ἐπαναπαύσεται</span> <span class='ocrx_word' id='word_1_623' title='bbox 3424 4245 3535 4314; x_wconf 74' lang='grc' dir='ltr'>γὰρ</span> <span class='ocrx_word' id='word_1_624' title='bbox 3589 4245 3676 4305; x_wconf 86' lang='grc' dir='ltr'>εἰς</span> <span class='ocrx_word' id='word_1_625' title='bbox 3706 4240 3798 4310; x_wconf 72' lang='grc' dir='ltr'><strong>τὴν</strong></span> 
     </span>
    </p>
   </div>
   <div class='ocr_carea' id='block_1_86' title="bbox 2215 4335 3799 4420">
    <p class='ocr_par' dir='ltr' id='par_1_86' title="bbox 2215 4335 3799 4420">
     <span class='ocr_line' id='line_1_86' title="bbox 2215 4335 3799 4420; baseline -0.014 -14"><span class='ocrx_word' id='word_1_626' title='bbox 2215 4350 2457 4420; x_wconf 76' lang='grc' dir='ltr'>κεφαλὴν</span> <span class='ocrx_word' id='word_1_627' title='bbox 2476 4347 2641 4403; x_wconf 77' lang='grc' dir='ltr'>αὐτοῦ</span> <span class='ocrx_word' id='word_1_628' title='bbox 2669 4348 2736 4400; x_wconf 84' lang='grc' dir='ltr'><strong>τὰ</strong></span> <span class='ocrx_word' id='word_1_629' title='bbox 2767 4343 3050 4415; x_wconf 80' lang='grc' dir='ltr'>Χερουϐίμ</span> <span class='ocrx_word' id='word_1_630' title='bbox 3075 4358 3092 4372; x_wconf 76' lang='grc' dir='ltr'><strong>ο</strong></span> <span class='ocrx_word' id='word_1_631' title='bbox 3131 4361 3148 4390; x_wconf 73' lang='grc' dir='ltr'><strong>ι</strong></span> <span class='ocrx_word' id='word_1_632' title='bbox 3179 4339 3328 4408; x_wconf 82' lang='grc' dir='ltr'>δηλοῖ</span> <span class='ocrx_word' id='word_1_633' title='bbox 3347 4337 3406 4390; x_wconf 80' lang='grc' dir='ltr'>δὲ</span> <span class='ocrx_word' id='word_1_634' title='bbox 3443 4339 3542 4390; x_wconf 74' lang='grc' dir='ltr'><strong>καὶ</strong></span> <span class='ocrx_word' id='word_1_635' title='bbox 3555 4335 3799 4402; x_wconf 78' lang='grc' dir='ltr'>ἀγγέλων</span> 
     </span>
    </p>
   </div>
   <div class='ocr_carea' id='block_1_87' title="bbox 2217 4422 3800 4513">
    <p class='ocr_par' dir='ltr' id='par_1_87' title="bbox 2217 4422 3800 4513">
     <span class='ocr_line' id='line_1_87' title="bbox 2217 4422 3800 4513; baseline -0.015 -15"><span class='ocrx_word' id='word_1_636' title='bbox 2217 4444 2478 4513; x_wconf 83' lang='grc' dir='ltr'>θεωρίαν.</span> <span class='ocrx_word' id='word_1_637' title='bbox 2509 4441 2583 4495; x_wconf 82' lang='grc' dir='ltr'>Τὸ</span> <span class='ocrx_word' id='word_1_638' title='bbox 2605 4440 2662 4492; x_wconf 85' lang='grc' dir='ltr'>δὲ</span> <span class='ocrx_word' id='word_1_639' title='bbox 2687 4438 2969 4508; x_wconf 80' lang='grc' dir='ltr'>στιχόιριον</span> <span class='ocrx_word' id='word_1_640' title='bbox 2990 4435 3278 4504; x_wconf 79' lang='grc' dir='ltr'>λευχεῖμον</span> <span class='ocrx_word' id='word_1_641' title='bbox 3305 4431 3384 4492; x_wconf 83' lang='grc' dir='ltr'>ὡς</span> <span class='ocrx_word' id='word_1_642' title='bbox 3441 4428 3708 4495; x_wconf 75' lang='grc' dir='ltr'>ἀγγέλου.</span> <span class='ocrx_word' id='word_1_643' title='bbox 3734 4422 3800 4475; x_wconf 79' lang='grc' dir='ltr'><strong>Τὸ</strong></span> 
     </span>
    </p>
   </div>
   <div class='ocr_carea' id='block_1_88' title="bbox 529 4520 2120 4620">
    <p class='ocr_par' dir='ltr' id='par_1_88' title="bbox 529 4520 2104 4620">
     <span class='ocr_line' id='line_1_88' title="bbox 529 4520 2104 4620; baseline -0.011 -9"><span class='ocrx_word' id='word_1_644' title='bbox 529 4520 721 4615; x_wconf 79' lang='lat' dir='ltr'><strong>delluit</strong></span> <span class='ocrx_word' id='word_1_645' title='bbox 751 4565 807 4611; x_wconf 81' lang='lat' dir='ltr'><strong>et</strong></span> <span class='ocrx_word' id='word_1_646' title='bbox 835 4555 1061 4610; x_wconf 88' lang='lat' dir='ltr'><strong>sinistro</strong></span> <span class='ocrx_word' id='word_1_647' title='bbox 1085 4549 1470 4620; x_wconf 84' lang='lat' dir='ltr'><strong>superponitur</strong></span> <span class='ocrx_word' id='word_1_648' title='bbox 1519 4548 1777 4610; x_wconf 87' lang='lat' dir='ltr'><strong>humero;</strong></span> <span class='ocrx_word' id='word_1_649' title='bbox 1828 4543 1936 4596; x_wconf 88' lang='lat' dir='ltr'><strong>duo</strong></span> <span class='ocrx_word' id='word_1_650' title='bbox 2001 4539 2104 4594; x_wconf 87' lang='lat' dir='ltr'><strong>Te-</strong></span> 
     </span>
    </p>
   </div>
   <div class='ocr_carea' id='block_1_89' title="bbox 2213 4520 3803 4620">
    <p class='ocr_par' dir='ltr' id='par_1_89' title="bbox 2216 4520 3803 4606">
     <span class='ocr_line' id='line_1_89' title="bbox 2216 4520 3803 4606; baseline -0.014 -16"><span class='ocrx_word' id='word_1_651' title='bbox 2216 4537 2272 4590; x_wconf 84' lang='grc' dir='ltr'>δὲ</span> <span class='ocrx_word' id='word_1_652' title='bbox 2297 4535 2538 4606; x_wconf 84' lang='grc' dir='ltr'>ὡρὰριον</span> <span class='ocrx_word' id='word_1_653' title='bbox 2559 4535 2638 4596; x_wconf 86' lang='grc' dir='ltr'>εἰς</span> <span class='ocrx_word' id='word_1_654' title='bbox 2669 4531 2838 4586; x_wconf 83' lang='grc' dir='ltr'>τύπον</span> <span class='ocrx_word' id='word_1_655' title='bbox 2865 4529 2974 4582; x_wconf 82' lang='grc' dir='ltr'><strong>τῶν</strong></span> <span class='ocrx_word' id='word_1_656' title='bbox 3000 4525 3218 4595; x_wconf 85' lang='grc' dir='ltr'>πτερῶν</span> <span class='ocrx_word' id='word_1_657' title='bbox 3244 4522 3518 4591; x_wconf 80' lang='grc' dir='ltr'>ἀγγέλων,</span> <span class='ocrx_word' id='word_1_658' title='bbox 3536 4520 3677 4572; x_wconf 69' lang='grc' dir='ltr'>διότι</span> <span class='ocrx_word' id='word_1_659' title='bbox 3710 4534 3803 4568; x_wconf 70' lang='lat' dir='ltr'><strong>xa-</strong></span> 
     </span>
    </p>
   </div>
   <div class='ocr_carea' id='block_1_90' title="bbox 527 4632 2109 4718">
    <p class='ocr_par' dir='ltr' id='par_1_90' title="bbox 527 4632 2109 4718">
     <span class='ocr_line' id='line_1_90' title="bbox 527 4632 2109 4718; baseline -0.015 -11"><span class='ocrx_word' id='word_1_660' title='bbox 527 4659 798 4707; x_wconf 89' lang='lat' dir='ltr'><strong>stamenta</strong></span> <span class='ocrx_word' id='word_1_661' title='bbox 844 4647 1150 4718; x_wconf 78' lang='lat' dir='ltr'><strong>significat;</strong></span> <span class='ocrx_word' id='word_1_662' title='bbox 1195 4641 1402 4698; x_wconf 81' lang='lat' dir='ltr'><strong>Novum</strong></span> <span class='ocrx_word' id='word_1_663' title='bbox 1438 4655 1466 4693; x_wconf 89' lang='lat' dir='ltr'><strong>a</strong></span> <span class='ocrx_word' id='word_1_664' title='bbox 1512 4639 1688 4694; x_wconf 89' lang='lat' dir='ltr'><strong>fronte</strong></span> <span class='ocrx_word' id='word_1_665' title='bbox 1734 4645 1838 4700; x_wconf 88' lang='lat' dir='ltr'><strong>est,</strong></span> <span class='ocrx_word' id='word_1_666' title='bbox 1888 4632 2050 4688; x_wconf 86' lang='lat' dir='ltr'><strong>Vetus</strong></span> <span class='ocrx_word' id='word_1_667' title='bbox 2079 4649 2109 4686; x_wconf 88' lang='lat' dir='ltr'><strong>a</strong></span> 
     </span>
    </p>
   </div>
   <div class='ocr_carea' id='block_1_91' title="bbox 529 4725 2109 4816">
    <p class='ocr_par' dir='ltr' id='par_1_91' title="bbox 529 4725 2109 4816">
     <span class='ocr_line' id='line_1_91' title="bbox 529 4725 2109 4816; baseline -0.013 -16"><span class='ocrx_word' id='word_1_668' title='bbox 529 4757 682 4816; x_wconf 81' lang='lat' dir='ltr'><strong>tergo</strong></span> <span class='ocrx_word' id='word_1_669' title='bbox 713 4758 727 4796; x_wconf 90' lang='lat'><strong>:</strong></span> <span class='ocrx_word' id='word_1_670' title='bbox 759 4745 925 4796; x_wconf 87' lang='lat' dir='ltr'><strong>vestis</strong></span> <span class='ocrx_word' id='word_1_671' title='bbox 963 4751 1144 4795; x_wconf 87' lang='lat' dir='ltr'><strong>autem</strong></span> <span class='ocrx_word' id='word_1_672' title='bbox 1171 4739 1428 4801; x_wconf 71' lang='lat' dir='ltr'><strong>cohzeret,</strong></span> <span class='ocrx_word' id='word_1_673' title='bbox 1461 4747 1585 4786; x_wconf 88' lang='lat' dir='ltr'><strong>nam</strong></span> <span class='ocrx_word' id='word_1_674' title='bbox 1630 4731 1674 4786; x_wconf 92' lang='lat' dir='ltr'><strong>si</strong></span> <span class='ocrx_word' id='word_1_675' title='bbox 1711 4728 1966 4788; x_wconf 75' lang='lat' dir='ltr'><strong>Vetusct</strong></span> <span class='ocrx_word' id='word_1_676' title='bbox 1996 4725 2109 4781; x_wconf 79' lang='lat' dir='ltr'><strong>No-</strong></span> 
     </span>
    </p>
   </div>
   <div class='ocr_carea' id='block_1_92' title="bbox 531 4821 2111 4897">
    <p class='ocr_par' dir='ltr' id='par_1_92' title="bbox 531 4821 2111 4897">
     <span class='ocr_line' id='line_1_92' title="bbox 531 4821 2111 4897; baseline -0.011 -7"><span class='ocrx_word' id='word_1_677' title='bbox 531 4857 654 4892; x_wconf 80' lang='lat' dir='ltr'><strong>\IIIII</strong></span> <span class='ocrx_word' id='word_1_678' title='bbox 685 4835 1094 4892; x_wconf 80' lang='lat' dir='ltr'><strong>TeStamentum</strong></span> <span class='ocrx_word' id='word_1_679' title='bbox 1130 4833 1270 4886; x_wconf 89' lang='lat' dir='ltr'><strong>inter</strong></span> <span class='ocrx_word' id='word_1_680' title='bbox 1304 4843 1365 4884; x_wconf 88' lang='lat' dir='ltr'><strong>se</strong></span> <span class='ocrx_word' id='word_1_681' title='bbox 1396 4825 1686 4897; x_wconf 84' lang='lat' dir='ltr'><strong>conjuncta</strong></span> <span class='ocrx_word' id='word_1_682' title='bbox 1722 4839 1826 4877; x_wconf 88' lang='lat' dir='ltr'><strong>non</strong></span> <span class='ocrx_word' id='word_1_683' title='bbox 1864 4821 2111 4883; x_wconf 84' lang='lat' dir='ltr'><strong>fuissent,</strong></span> 
     </span>
    </p>
   </div>
   <div class='ocr_carea' id='block_1_93' title="bbox 532 4919 2114 4994">
    <p class='ocr_par' dir='ltr' id='par_1_93' title="bbox 532 4919 2114 4994">
     <span class='ocr_line' id='line_1_93' title="bbox 532 4919 2114 4994; baseline -0.011 -9"><span class='ocrx_word' id='word_1_684' title='bbox 532 4931 674 4985; x_wconf 87' lang='lat' dir='ltr'><strong>mdla</strong></span> <span class='ocrx_word' id='word_1_685' title='bbox 720 4931 934 4984; x_wconf 83' lang='lat' dir='ltr'><strong>adesset</strong></span> <span class='ocrx_word' id='word_1_686' title='bbox 1003 4923 1361 4982; x_wconf 81' lang='lat' dir='ltr'><strong>continuitas.</strong></span> <span class='ocrx_word' id='word_1_687' title='bbox 1419 4919 1675 4994; x_wconf 49' lang='lat' dir='ltr'><strong>.Manipuli</strong></span> <span class='ocrx_word' id='word_1_688' title='bbox 1733 4931 1869 4986; x_wconf 83' lang='lat' dir='ltr'><strong>quos</strong></span> <span class='ocrx_word' id='word_1_689' title='bbox 1915 4921 2114 4984; x_wconf 77' lang='lat' dir='ltr'><strong>gerunt.</strong></span> 
     </span>
    </p>
   </div>
   <div class='ocr_carea' id='block_1_94' title="bbox 529 5014 1854 5088">
    <p class='ocr_par' dir='ltr' id='par_1_94' title="bbox 529 5014 1854 5088">
     <span class='ocr_line' id='line_1_94' title="bbox 529 5014 1854 5088; baseline -0.013 -10"><span class='ocrx_word' id='word_1_690' title='bbox 529 5023 770 5088; x_wconf 84' lang='lat' dir='ltr'><strong>diaconi,</strong></span> <span class='ocrx_word' id='word_1_691' title='bbox 799 5020 1017 5077; x_wconf 81' lang='lat' dir='ltr'><strong>sudaria</strong></span> <span class='ocrx_word' id='word_1_692' title='bbox 1043 5017 1288 5088; x_wconf 87' lang='lat' dir='ltr'><strong>corporis</strong></span> <span class='ocrx_word' id='word_1_693' title='bbox 1315 5014 1682 5085; x_wconf 85' lang='lat' dir='ltr'><strong>apostolorum</strong></span> <span class='ocrx_word' id='word_1_694' title='bbox 1710 5018 1854 5064; x_wconf 86' lang='lat' dir='ltr'><strong>sunt.</strong></span> 
     </span>
    </p>
   </div>
   <div class='ocr_carea' id='block_1_95' title="bbox 607 5189 2120 5267">
    <p class='ocr_par' dir='ltr' id='par_1_95' title="bbox 607 5189 2120 5267">
     <span class='ocr_line' id='line_1_95' title="bbox 607 5189 2120 5267; baseline -0.009 -15"><span class='ocrx_word' id='word_1_695' title='bbox 607 5199 730 5254; x_wconf 69' lang='lat' dir='ltr'><strong>llaec</strong></span> <span class='ocrx_word' id='word_1_696' title='bbox 763 5213 888 5254; x_wconf 93' lang='lat' dir='ltr'><strong>cum</strong></span> <span class='ocrx_word' id='word_1_697' title='bbox 928 5197 1218 5267; x_wconf 74' lang='lat' dir='ltr'><strong>explanata</strong></span> <span class='ocrx_word' id='word_1_698' title='bbox 1251 5197 1362 5251; x_wconf 68' lang='lat' dir='ltr'><strong>s’nt</strong></span> <span class='ocrx_word' id='word_1_699' title='bbox 1386 5235 1398 5258; x_wconf 86' lang='lat'><strong>,</strong></span> <span class='ocrx_word' id='word_1_700' title='bbox 1427 5193 1540 5262; x_wconf 86' lang='lat' dir='ltr'><strong>jam</strong></span> <span class='ocrx_word' id='word_1_701' title='bbox 1586 5195 1652 5246; x_wconf 91' lang='lat' dir='ltr'><strong>de</strong></span> <span class='ocrx_word' id='word_1_702' title='bbox 1684 5190 1902 5246; x_wconf 82' lang='lat' dir='ltr'><strong>vietima</strong></span> <span class='ocrx_word' id='word_1_703' title='bbox 1936 5189 2120 5241; x_wconf 84' lang='lat' dir='ltr'><strong>dicen-</strong></span> 
     </span>
    </p>
   </div>
   <div class='ocr_carea' id='block_1_96' title="bbox 533 5280 2122 5360">
    <p class='ocr_par' dir='ltr' id='par_1_96' title="bbox 533 5280 2122 5360">
     <span class='ocr_line' id='line_1_96' title="bbox 533 5280 2122 5360; baseline -0.008 -13"><span class='ocrx_word' id='word_1_704' title='bbox 533 5298 656 5349; x_wconf 89' lang='lat' dir='ltr'><strong>dunt</strong></span> <span class='ocrx_word' id='word_1_705' title='bbox 691 5303 793 5358; x_wconf 86' lang='lat' dir='ltr'><strong>est,</strong></span> <span class='ocrx_word' id='word_1_706' title='bbox 827 5307 947 5360; x_wconf 72' lang='lat' dir='ltr'><strong>qua:</strong></span> <span class='ocrx_word' id='word_1_707' title='bbox 974 5307 1002 5344; x_wconf 91' lang='lat' dir='ltr'><strong>a</strong></span> <span class='ocrx_word' id='word_1_708' title='bbox 1045 5290 1419 5346; x_wconf 84' lang='lat' dir='ltr'><strong>sacerdotibus</strong></span> <span class='ocrx_word' id='word_1_709' title='bbox 1461 5285 1822 5340; x_wconf 80' lang='lat' dir='ltr'><strong>sacrificatur.</strong></span> <span class='ocrx_word' id='word_1_710' title='bbox 1859 5280 2122 5336; x_wconf 88' lang='lat' dir='ltr'><strong>Dominus</strong></span> 
     </span>
    </p>
   </div>
   <div class='ocr_carea' id='block_1_97' title="bbox 535 5374 2120 5452">
    <p class='ocr_par' dir='ltr' id='par_1_97' title="bbox 535 5374 2120 5452">
     <span class='ocr_line' id='line_1_97' title="bbox 535 5374 2120 5452; baseline -0.008 -12"><span class='ocrx_word' id='word_1_711' title='bbox 535 5397 719 5441; x_wconf 80' lang='lat' dir='ltr'><strong>n05tcr</strong></span> <span class='ocrx_word' id='word_1_712' title='bbox 744 5383 902 5440; x_wconf 79' lang='lat' dir='ltr'><strong>Jesns</strong></span> <span class='ocrx_word' id='word_1_713' title='bbox 934 5383 1208 5448; x_wconf 85' lang='lat' dir='ltr'><strong>Christus,</strong></span> <span class='ocrx_word' id='word_1_714' title='bbox 1243 5382 1332 5452; x_wconf 87' lang='lat' dir='ltr'><strong>qui</strong></span> <span class='ocrx_word' id='word_1_715' title='bbox 1365 5397 1462 5450; x_wconf 89' lang='lat' dir='ltr'><strong>pro</strong></span> <span class='ocrx_word' id='word_1_716' title='bbox 1498 5378 1680 5432; x_wconf 89' lang='lat' dir='ltr'><strong>mundi</strong></span> <span class='ocrx_word' id='word_1_717' title='bbox 1717 5378 1824 5430; x_wconf 83' lang='lat' dir='ltr'><strong>vita</strong></span> <span class='ocrx_word' id='word_1_718' title='bbox 1854 5385 1907 5428; x_wconf 89' lang='lat' dir='ltr'><strong>et</strong></span> <span class='ocrx_word' id='word_1_719' title='bbox 1947 5374 2120 5428; x_wconf 88' lang='lat' dir='ltr'><strong>salute</strong></span> 
     </span>
    </p>
   </div>
   <div class='ocr_carea' id='block_1_98' title="bbox 533 5467 2117 5548">
    <p class='ocr_par' dir='ltr' id='par_1_98' title="bbox 533 5467 2117 5548">
     <span class='ocr_line' id='line_1_98' title="bbox 533 5467 2117 5548; baseline -0.01 -12"><span class='ocrx_word' id='word_1_720' title='bbox 533 5481 873 5536; x_wconf 83' lang='lat' dir='ltr'><strong>sacrificatus</strong></span> <span class='ocrx_word' id='word_1_721' title='bbox 895 5487 1001 5540; x_wconf 77' lang='lat' dir='ltr'><strong>est,</strong></span> <span class='ocrx_word' id='word_1_722' title='bbox 1046 5478 1289 5548; x_wconf 88' lang='lat' dir='ltr'><strong>quotidie</strong></span> <span class='ocrx_word' id='word_1_723' title='bbox 1319 5484 1372 5528; x_wconf 90' lang='lat' dir='ltr'><strong>et</strong></span> <span class='ocrx_word' id='word_1_724' title='bbox 1419 5489 1526 5542; x_wconf 81' lang='lat' dir='ltr'><strong>quo</strong></span> <span class='ocrx_word' id='word_1_725' title='bbox 1555 5473 1712 5526; x_wconf 90' lang='lat' dir='ltr'><strong>modo</strong></span> <span class='ocrx_word' id='word_1_726' title='bbox 1757 5471 1810 5523; x_wconf 91' lang='lat' dir='ltr'><strong>in</strong></span> <span class='ocrx_word' id='word_1_727' title='bbox 1851 5467 2117 5522; x_wconf 65' lang='lat' dir='ltr'><strong>Calvaria:</strong></span> 
     </span>
    </p>
   </div>
   <div class='ocr_carea' id='block_1_99' title="bbox 535 5559 2108 5636">
    <p class='ocr_par' dir='ltr' id='par_1_99' title="bbox 535 5559 2108 5636">
     <span class='ocr_line' id='line_1_99' title="bbox 535 5559 2108 5636; baseline -0.011 -7"><span class='ocrx_word' id='word_1_728' title='bbox 535 5574 655 5629; x_wconf 67' lang='lat' dir='ltr'><strong>loco</strong></span> <span class='ocrx_word' id='word_1_729' title='bbox 685 5573 977 5628; x_wconf 78' lang='lat' dir='ltr'><strong>crucifixus</strong></span> <span class='ocrx_word' id='word_1_730' title='bbox 1001 5581 1105 5635; x_wconf 85' lang='lat' dir='ltr'><strong>est,</strong></span> <span class='ocrx_word' id='word_1_731' title='bbox 1143 5572 1214 5626; x_wconf 91' lang='lat' dir='ltr'><strong>ita</strong></span> <span class='ocrx_word' id='word_1_732' title='bbox 1245 5572 1297 5624; x_wconf 90' lang='lat' dir='ltr'><strong>in</strong></span> <span class='ocrx_word' id='word_1_733' title='bbox 1319 5581 1502 5623; x_wconf 85' lang='lat' dir='ltr'><strong>saneta</strong></span> <span class='ocrx_word' id='word_1_734' title='bbox 1535 5565 1771 5636; x_wconf 81' lang='lat' dir='ltr'><strong>prothesi</strong></span> <span class='ocrx_word' id='word_1_735' title='bbox 1804 5580 1832 5617; x_wconf 89' lang='lat' dir='ltr'><strong>a</strong></span> <span class='ocrx_word' id='word_1_736' title='bbox 1863 5559 2108 5617; x_wconf 53' lang='lat' dir='ltr'><strong>sacerdo.</strong></span> 
     </span>
    </p>
   </div>
   <div class='ocr_carea' id='block_1_100' title="bbox 541 5658 2118 5727">
    <p class='ocr_par' dir='ltr' id='par_1_100' title="bbox 541 5658 2118 5727">
     <span class='ocr_line' id='line_1_100' title="bbox 541 5658 2118 5727; baseline -0.005 -12"><span class='ocrx_word' id='word_1_737' title='bbox 541 5663 680 5718; x_wconf 67' lang='lat' dir='ltr'><strong>tibus</strong></span> <span class='ocrx_word' id='word_1_738' title='bbox 706 5665 1078 5727; x_wconf 82' lang='lat' dir='ltr'><strong>sacrificatur;</strong></span> <span class='ocrx_word' id='word_1_739' title='bbox 1103 5677 1222 5716; x_wconf 86' lang='lat' dir='ltr'><strong>cum</strong></span> <span class='ocrx_word' id='word_1_740' title='bbox 1245 5663 1428 5716; x_wconf 79' lang='lat' dir='ltr'><strong>lancea</strong></span> <span class='ocrx_word' id='word_1_741' title='bbox 1456 5658 1815 5722; x_wconf 85' lang='lat' dir='ltr'><strong>sacrificatur,</strong></span> <span class='ocrx_word' id='word_1_742' title='bbox 1845 5672 1908 5710; x_wconf 90' lang='lat' dir='ltr'><strong>uc</strong></span> <span class='ocrx_word' id='word_1_743' title='bbox 1939 5659 2118 5708; x_wconf 86' lang='lat' dir='ltr'><strong>forsan</strong></span> 
     </span>
    </p>
   </div>
   <div class='ocr_carea' id='block_1_101' title="bbox 657 5833 1068 5900">
    <p class='ocr_par' dir='ltr' id='par_1_101' title="bbox 657 5833 1068 5900">
     <span class='ocr_line' id='line_1_101' title="bbox 657 5833 1068 5900; baseline 0.002 -10"><span class='ocrx_word' id='word_1_744' title='bbox 657 5833 840 5890; x_wconf 60' lang='lat' dir='ltr'><strong>9Psnl.</strong></span> <span class='ocrx_word' id='word_1_745' title='bbox 877 5855 905 5889; x_wconf 85' lang='lat' dir='ltr'><strong>t‘.</strong></span> <span class='ocrx_word' id='word_1_746' title='bbox 934 5857 990 5900; x_wconf 73' lang='grc' dir='ltr'>ιε,</span> <span class='ocrx_word' id='word_1_747' title='bbox 1026 5842 1068 5891; x_wconf 83' lang='lat' dir='ltr'><strong>&quot;t.</strong></span> 
     </span>
    </p>
   </div>
   <div class='ocr_carea' id='block_1_102' title="bbox 2219 4607 3803 4702">
    <p class='ocr_par' dir='ltr' id='par_1_102' title="bbox 2219 4607 3803 4702">
     <span class='ocr_line' id='line_1_102' title="bbox 2219 4607 3803 4702; baseline -0.013 -21"><span class='ocrx_word' id='word_1_748' title='bbox 2219 4627 2474 4701; x_wconf 80' lang='grc' dir='ltr'>ταχὲεται</span> <span class='ocrx_word' id='word_1_749' title='bbox 2499 4625 2602 4688; x_wconf 75' lang='grc' dir='ltr'>ἓως</span> <span class='ocrx_word' id='word_1_750' title='bbox 2633 4623 2742 4676; x_wconf 84' lang='grc' dir='ltr'><strong>τῶν</strong></span> <span class='ocrx_word' id='word_1_751' title='bbox 2768 4619 2965 4702; x_wconf 77' lang='grc' dir='ltr'>ποδῶν,</span> <span class='ocrx_word' id='word_1_752' title='bbox 2991 4620 3085 4672; x_wconf 70' lang='grc' dir='ltr'>καὶ</span> <span class='ocrx_word' id='word_1_753' title='bbox 3127 4615 3400 4696; x_wconf 79' lang='grc' dir='ltr'>ἐπίκειται</span> <span class='ocrx_word' id='word_1_754' title='bbox 3425 4613 3507 4682; x_wconf 80' lang='grc' dir='ltr'><strong>τῷ</strong></span> <span class='ocrx_word' id='word_1_755' title='bbox 3532 4607 3803 4681; x_wconf 81' lang='grc' dir='ltr'>ἀριστερῷ</span> 
     </span>
    </p>
   </div>
   <div class='ocr_carea' id='block_1_103' title="bbox 2219 4703 3804 4792">
    <p class='ocr_par' dir='ltr' id='par_1_103' title="bbox 2219 4703 3804 4792">
     <span class='ocr_line' id='line_1_103' title="bbox 2219 4703 3804 4792; baseline -0.013 -18"><span class='ocrx_word' id='word_1_756' title='bbox 2219 4720 2376 4792; x_wconf 79' lang='grc' dir='ltr'>ὤμῳ,</span> <span class='ocrx_word' id='word_1_757' title='bbox 2417 4717 2620 4790; x_wconf 81' lang='grc' dir='ltr'>μηνύον</span> <span class='ocrx_word' id='word_1_758' title='bbox 2662 4714 2760 4778; x_wconf 79' lang='grc' dir='ltr'><strong>τὰς</strong></span> <span class='ocrx_word' id='word_1_759' title='bbox 2790 4713 2881 4766; x_wconf 92' lang='grc' dir='ltr'><strong>δύο</strong></span> <span class='ocrx_word' id='word_1_760' title='bbox 2911 4711 3215 4781; x_wconf 79' lang='grc' dir='ltr'>Διαθήκας,·</span> <span class='ocrx_word' id='word_1_761' title='bbox 3246 4708 3346 4774; x_wconf 78' lang='grc' dir='ltr'><strong>τὴν</strong></span> <span class='ocrx_word' id='word_1_762' title='bbox 3390 4705 3490 4776; x_wconf 76' lang='grc' dir='ltr'>μὲν</span> <span class='ocrx_word' id='word_1_763' title='bbox 3531 4704 3682 4756; x_wconf 79' lang='grc' dir='ltr'>Νέαν</span> <span class='ocrx_word' id='word_1_764' title='bbox 3711 4703 3804 4771; x_wconf 69' lang='lat' dir='ltr'><strong>Ep-</strong></span> 
     </span>
    </p>
   </div>
   <div class='ocr_carea' id='block_1_104' title="bbox 2221 4795 3802 4882">
    <p class='ocr_par' dir='ltr' id='par_1_104' title="bbox 2221 4795 3802 4882">
     <span class='ocr_line' id='line_1_104' title="bbox 2221 4795 3802 4882; baseline -0.012 -18"><span class='ocrx_word' id='word_1_765' title='bbox 2221 4811 2480 4882; x_wconf 88' lang='grc' dir='ltr'>προσθεν,</span> <span class='ocrx_word' id='word_1_766' title='bbox 2517 4809 2616 4880; x_wconf 78' lang='grc' dir='ltr'>τὴν</span> <span class='ocrx_word' id='word_1_767' title='bbox 2645 4807 2700 4860; x_wconf 80' lang='grc' dir='ltr'><strong>δὲ</strong></span> <span class='ocrx_word' id='word_1_768' title='bbox 2756 4805 3000 4859; x_wconf 78' lang='grc' dir='ltr'>Παλαιὰν</span> <span class='ocrx_word' id='word_1_769' title='bbox 3038 4800 3262 4854; x_wconf 76' lang='grc' dir='ltr'>ὄπισθεν</span> <span class='ocrx_word' id='word_1_770' title='bbox 3287 4817 3302 4831; x_wconf 87' lang='grc'><strong>·</strong></span> <span class='ocrx_word' id='word_1_771' title='bbox 3329 4797 3421 4851; x_wconf 78' lang='grc' dir='ltr'>διὰ</span> <span class='ocrx_word' id='word_1_772' title='bbox 3447 4797 3612 4850; x_wconf 79' lang='grc' dir='ltr'>τοῦτο</span> <span class='ocrx_word' id='word_1_773' title='bbox 3648 4797 3706 4848; x_wconf 79' lang='grc' dir='ltr'>ὲν</span> <span class='ocrx_word' id='word_1_774' title='bbox 3744 4795 3802 4860; x_wconf 76' lang='grc' dir='ltr'>τῇ</span> 
     </span>
    </p>
   </div>
   <div class='ocr_carea' id='block_1_105' title="bbox 2219 4887 3802 4970">
    <p class='ocr_par' dir='ltr' id='par_1_105' title="bbox 2219 4887 3802 4970">
     <span class='ocr_line' id='line_1_105' title="bbox 2219 4887 3802 4970; baseline -0.015 -14"><span class='ocrx_word' id='word_1_775' title='bbox 2219 4899 2498 4970; x_wconf 67' lang='grc' dir='ltr'>κοινωνίᾳ,</span> <span class='ocrx_word' id='word_1_776' title='bbox 2523 4899 2616 4950; x_wconf 75' lang='grc' dir='ltr'><strong>ἐὰν</strong></span> <span class='ocrx_word' id='word_1_777' title='bbox 2651 4896 2724 4968; x_wconf 83' lang='grc' dir='ltr'>μὴ</span> <span class='ocrx_word' id='word_1_778' title='bbox 2774 4895 2916 4966; x_wconf 78' lang='grc' dir='ltr'>μίξει</span> <span class='ocrx_word' id='word_1_779' title='bbox 2955 4897 3052 4964; x_wconf 79' lang='grc' dir='ltr'><strong>τὴν</strong></span> <span class='ocrx_word' id='word_1_780' title='bbox 3089 4890 3334 4970; x_wconf 74' lang='grc' dir='ltr'>Παλαιὰν</span> <span class='ocrx_word' id='word_1_781' title='bbox 3379 4889 3478 4942; x_wconf 75' lang='grc' dir='ltr'><strong>καὶ</strong></span> <span class='ocrx_word' id='word_1_782' title='bbox 3510 4889 3613 4956; x_wconf 84' lang='grc' dir='ltr'>τὴν</span> <span class='ocrx_word' id='word_1_783' title='bbox 3643 4887 3802 4944; x_wconf 69' lang='grc' dir='ltr'>Νέαν,</span> 
     </span>
    </p>
   </div>
   <div class='ocr_carea' id='block_1_106' title="bbox 2225 4961 3805 5057">
    <p class='ocr_par' dir='ltr' id='par_1_106' title="bbox 2225 4978 3805 5057">
     <span class='ocr_line' id='line_1_106' title="bbox 2225 4978 3805 5057; baseline -0.01 -12"><span class='ocrx_word' id='word_1_784' title='bbox 2225 4995 2285 5046; x_wconf 74' lang='grc' dir='ltr'><strong>οὐ</strong></span> <span class='ocrx_word' id='word_1_785' title='bbox 2317 4992 2582 5045; x_wconf 87' lang='grc' dir='ltr'>κοινωνεῖ.</span> <span class='ocrx_word' id='word_1_786' title='bbox 2614 4990 2692 5040; x_wconf 66' lang='lat' dir='ltr'><strong>T1</strong></span> <span class='ocrx_word' id='word_1_787' title='bbox 2719 4986 3016 5057; x_wconf 74' lang='grc' dir='ltr'>ἐγχειρίδια</span> <span class='ocrx_word' id='word_1_788' title='bbox 3052 4983 3195 5053; x_wconf 76' lang='grc' dir='ltr'>ἅπερ</span> <span class='ocrx_word' id='word_1_789' title='bbox 3229 4982 3598 5052; x_wconf 73' lang='grc' dir='ltr'>βαστάζουσιν</span> <span class='ocrx_word' id='word_1_790' title='bbox 3620 4981 3670 5033; x_wconf 80' lang='grc' dir='ltr'>οἱ</span> <span class='ocrx_word' id='word_1_791' title='bbox 3699 4978 3805 5030; x_wconf 67' lang='grc' dir='ltr'>διά·</span> 
     </span>
    </p>
   </div>
   <div class='ocr_carea' id='block_1_107' title="bbox 2229 5070 3801 5150">
    <p class='ocr_par' dir='ltr' id='par_1_107' title="bbox 2229 5070 3801 5150">
     <span class='ocr_line' id='line_1_107' title="bbox 2229 5070 3801 5150; baseline -0.011 -10"><span class='ocrx_word' id='word_1_792' title='bbox 2229 5101 2396 5148; x_wconf 78' lang='grc' dir='ltr'>κῡνοι,</span> <span class='ocrx_word' id='word_1_793' title='bbox 2428 5084 2534 5135; x_wconf 77' lang='grc' dir='ltr'>εἰσὶ</span> <span class='ocrx_word' id='word_1_794' title='bbox 2581 5081 2648 5134; x_wconf 71' lang='grc' dir='ltr'>τὰ</span> <span class='ocrx_word' id='word_1_795' title='bbox 2685 5079 2945 5150; x_wconf 77' lang='grc' dir='ltr'>σουδάρια</span> <span class='ocrx_word' id='word_1_796' title='bbox 2977 5075 3072 5135; x_wconf 76' lang='grc' dir='ltr'>τοῦ</span> <span class='ocrx_word' id='word_1_797' title='bbox 3101 5075 3312 5144; x_wconf 71' lang='grc' dir='ltr'>χρωτὸς</span> <span class='ocrx_word' id='word_1_798' title='bbox 3329 5072 3438 5126; x_wconf 80' lang='grc' dir='ltr'>τῶν</span> <span class='ocrx_word' id='word_1_799' title='bbox 3467 5070 3801 5125; x_wconf 74' lang='grc' dir='ltr'>ἁποττόλων.</span> 
     </span>
    </p>
   </div>
   <div class='ocr_carea' id='block_1_108' title="bbox 2310 5167 3799 5246">
    <p class='ocr_par' dir='ltr' id='par_1_108' title="bbox 2310 5167 3799 5246">
     <span class='ocr_line' id='line_1_108' title="bbox 2310 5167 3799 5246; baseline -0.012 -16"><span class='ocrx_word' id='word_1_800' title='bbox 2310 5175 2528 5246; x_wconf 85' lang='grc' dir='ltr'>Ἐπειδὴ</span> <span class='ocrx_word' id='word_1_801' title='bbox 2549 5175 2680 5244; x_wconf 75' lang='grc' dir='ltr'>γοῦν</span> <span class='ocrx_word' id='word_1_802' title='bbox 2703 5173 2874 5228; x_wconf 79' lang='grc' dir='ltr'>ταῦτα</span> <span class='ocrx_word' id='word_1_803' title='bbox 2892 5172 3034 5225; x_wconf 78' lang='grc' dir='ltr'>οὕτω</span> <span class='ocrx_word' id='word_1_804' title='bbox 3061 5167 3541 5239; x_wconf 81' lang='grc' dir='ltr'>προδιακέκριται,</span> <span class='ocrx_word' id='word_1_805' title='bbox 3559 5167 3799 5236; x_wconf 53' lang='grc' dir='ltr'>εἴπωμι)</span> 
     </span>
    </p>
   </div>
   <div class='ocr_carea' id='block_1_109' title="bbox 2227 5255 3803 5343">
    <p class='ocr_par' dir='ltr' id='par_1_109' title="bbox 2227 5255 3803 5343">
     <span class='ocr_line' id='line_1_109' title="bbox 2227 5255 3803 5343; baseline -0.016 -13"><span class='ocrx_word' id='word_1_806' title='bbox 2227 5278 2322 5331; x_wconf 75' lang='grc' dir='ltr'>καὶ</span> <span class='ocrx_word' id='word_1_807' title='bbox 2373 5274 2501 5343; x_wconf 68' lang='grc' dir='ltr'>περὶ</span> <span class='ocrx_word' id='word_1_808' title='bbox 2547 5270 2640 5324; x_wconf 84' lang='grc' dir='ltr'>τοῦ</span> <span class='ocrx_word' id='word_1_809' title='bbox 2705 5269 2959 5338; x_wconf 73' lang='grc' dir='ltr'>σώματος</span> <span class='ocrx_word' id='word_1_810' title='bbox 3007 5265 3100 5319; x_wconf 76' lang='grc' dir='ltr'>τοῦ</span> <span class='ocrx_word' id='word_1_811' title='bbox 3155 5263 3422 5332; x_wconf 77' lang='grc' dir='ltr'>θυομένου</span> <span class='ocrx_word' id='word_1_812' title='bbox 3485 5258 3645 5330; x_wconf 71' lang='grc' dir='ltr'>παρὰ</span> <span class='ocrx_word' id='word_1_813' title='bbox 3704 5255 3803 5308; x_wconf 85' lang='grc' dir='ltr'><strong>τῶν</strong></span> 
     </span>
    </p>
   </div>
   <div class='ocr_carea' id='block_1_110' title="bbox 2231 5351 3800 5440">
    <p class='ocr_par' dir='ltr' id='par_1_110' title="bbox 2231 5351 3800 5440">
     <span class='ocr_line' id='line_1_110' title="bbox 2231 5351 3800 5440; baseline -0.016 -17"><span class='ocrx_word' id='word_1_814' title='bbox 2231 5369 2440 5440; x_wconf 85' lang='grc' dir='ltr'>ἱερέων.</span> <span class='ocrx_word' id='word_1_815' title='bbox 2473 5363 2674 5436; x_wconf 80' lang='grc' dir='ltr'>Κύριος</span> <span class='ocrx_word' id='word_1_816' title='bbox 2696 5362 2854 5434; x_wconf 73' lang='grc' dir='ltr'>ἡμῶν</span> <span class='ocrx_word' id='word_1_817' title='bbox 2893 5357 3102 5430; x_wconf 78' lang='grc' dir='ltr'>Ἰησοῦς</span> <span class='ocrx_word' id='word_1_818' title='bbox 3132 5355 3369 5426; x_wconf 81' lang='grc' dir='ltr'>Χριστὸς</span> <span class='ocrx_word' id='word_1_819' title='bbox 3417 5353 3542 5406; x_wconf 78' lang='grc' dir='ltr'>καθ’</span> <span class='ocrx_word' id='word_1_820' title='bbox 3573 5351 3800 5418; x_wconf 69' lang='grc' dir='ltr'>ἑκάστην</span> 
     </span>
    </p>
   </div>
   <div class='ocr_carea' id='block_1_111' title="bbox 2226 5445 3798 5530">
    <p class='ocr_par' dir='ltr' id='par_1_111' title="bbox 2226 5445 3798 5530">
     <span class='ocr_line' id='line_1_111' title="bbox 2226 5445 3798 5530; baseline -0.015 -14"><span class='ocrx_word' id='word_1_821' title='bbox 2226 5459 2636 5530; x_wconf 77' lang='grc' dir='ltr'>καταθυόμενος</span> <span class='ocrx_word' id='word_1_822' title='bbox 2663 5457 2789 5525; x_wconf 63' lang='grc' dir='ltr'>περὶ</span> <span class='ocrx_word' id='word_1_823' title='bbox 2813 5455 2909 5523; x_wconf 82' lang='grc' dir='ltr'>τῆς</span> <span class='ocrx_word' id='word_1_824' title='bbox 2947 5450 3042 5504; x_wconf 74' lang='grc' dir='ltr'>τοῦ</span> <span class='ocrx_word' id='word_1_825' title='bbox 3075 5450 3284 5518; x_wconf 79' lang='grc' dir='ltr'>κόσμου</span> <span class='ocrx_word' id='word_1_826' title='bbox 3323 5445 3475 5514; x_wconf 75' lang='grc' dir='ltr'>ζωῆς</span> <span class='ocrx_word' id='word_1_827' title='bbox 3507 5446 3603 5498; x_wconf 71' lang='grc' dir='ltr'>καὶ</span> <span class='ocrx_word' id='word_1_828' title='bbox 3639 5456 3798 5506; x_wconf 67' lang='grc' dir='ltr'>σωτηι</span> 
     </span>
    </p>
   </div>
   <div class='ocr_carea' id='block_1_112' title="bbox 2231 5536 3796 5628">
    <p class='ocr_par' dir='ltr' id='par_1_112' title="bbox 2231 5536 3796 5628">
     <span class='ocr_line' id='line_1_112' title="bbox 2231 5536 3796 5628; baseline -0.015 -19"><span class='ocrx_word' id='word_1_829' title='bbox 2231 5556 2371 5628; x_wconf 83' lang='grc' dir='ltr'>ρίας,</span> <span class='ocrx_word' id='word_1_830' title='bbox 2402 5555 2476 5616; x_wconf 77' lang='grc' dir='ltr'>ὡς</span> <span class='ocrx_word' id='word_1_831' title='bbox 2510 5557 2567 5606; x_wconf 79' lang='grc' dir='ltr'><strong>ἐν</strong></span> <span class='ocrx_word' id='word_1_832' title='bbox 2605 5548 2843 5620; x_wconf 78' lang='grc' dir='ltr'>Κρανίου</span> <span class='ocrx_word' id='word_1_833' title='bbox 2858 5548 3007 5614; x_wconf 82' lang='grc' dir='ltr'>τόπῳ</span> <span class='ocrx_word' id='word_1_834' title='bbox 3038 5541 3404 5615; x_wconf 72' lang='grc' dir='ltr'>σταυρωθεὶς,</span> <span class='ocrx_word' id='word_1_835' title='bbox 3427 5538 3608 5600; x_wconf 76' lang='grc' dir='ltr'>οὕτως</span> <span class='ocrx_word' id='word_1_836' title='bbox 3629 5537 3722 5590; x_wconf 73' lang='grc' dir='ltr'><strong>καὶ</strong></span> <span class='ocrx_word' id='word_1_837' title='bbox 3748 5536 3796 5586; x_wconf 78' lang='grc' dir='ltr'>ἐν</span> 
     </span>
    </p>
   </div>
   <div class='ocr_carea' id='block_1_113' title="bbox 2226 5632 3798 5720">
    <p class='ocr_par' dir='ltr' id='par_1_113' title="bbox 2226 5632 3798 5720">
     <span class='ocr_line' id='line_1_113' title="bbox 2226 5632 3798 5720; baseline -0.013 -17"><span class='ocrx_word' id='word_1_838' title='bbox 2226 5653 2292 5720; x_wconf 82' lang='grc' dir='ltr'>τῇ</span> <span class='ocrx_word' id='word_1_839' title='bbox 2324 5649 2452 5718; x_wconf 61' lang='grc' dir='ltr'>ἁγίᾳ.</span> <span class='ocrx_word' id='word_1_840' title='bbox 2507 5645 2761 5717; x_wconf 68' lang='grc' dir='ltr'>προθέσει</span> <span class='ocrx_word' id='word_1_841' title='bbox 2811 5642 2958 5708; x_wconf 67' lang='grc' dir='ltr'>παρὰ</span> <span class='ocrx_word' id='word_1_842' title='bbox 3010 5639 3100 5690; x_wconf 70' lang='grc' dir='ltr'>τοῦ</span> <span class='ocrx_word' id='word_1_843' title='bbox 3135 5636 3327 5707; x_wconf 71' lang='grc' dir='ltr'>ἱερέως</span> <span class='ocrx_word' id='word_1_844' title='bbox 3362 5651 3374 5662; x_wconf 82' lang='lat'><strong><em>°</em></strong></span> <span class='ocrx_word' id='word_1_845' title='bbox 3420 5635 3564 5704; x_wconf 76' lang='grc' dir='ltr'>μετὰ</span> <span class='ocrx_word' id='word_1_846' title='bbox 3620 5632 3798 5698; x_wconf 57' lang='grc' dir='ltr'>λόγχης</span> 
     </span>
    </p>
   </div>
   <div class='ocr_carea' id='block_1_114' title="bbox 1112 5829 2463 5904">
    <p class='ocr_par' dir='ltr' id='par_1_114' title="bbox 1112 5829 2463 5904">
     <span class='ocr_line' id='line_1_114' title="bbox 1112 5829 2463 5904; baseline -0.01 -12"><span class='ocrx_word' id='word_1_847' title='bbox 1112 5843 1150 5863; x_wconf 77' lang='grc'><strong>⁸³·</strong></span> <span class='ocrx_word' id='word_1_848' title='bbox 1203 5839 1304 5892; x_wconf 81' lang='lat' dir='ltr'><strong>lsa.</strong></span> <span class='ocrx_word' id='word_1_849' title='bbox 1343 5854 1494 5904; x_wconf 66' lang='lat' dir='ltr'><strong>mn,</strong></span> <span class='ocrx_word' id='word_1_850' title='bbox 1537 5840 1580 5890; x_wconf 77' lang='grc' dir='ltr'><strong>ι.</strong></span> <span class='ocrx_word' id='word_1_851' title='bbox 1655 5837 1694 5868; x_wconf 87' lang='grc'><strong>¹⁰</strong></span> <span class='ocrx_word' id='word_1_852' title='bbox 1732 5835 1857 5889; x_wconf 74' lang='lat' dir='ltr'><strong>ibid.</strong></span> <span class='ocrx_word' id='word_1_853' title='bbox 1890 5833 1942 5888; x_wconf 75' lang='grc'><strong>2.</strong></span> <span class='ocrx_word' id='word_1_854' title='bbox 2025 5833 2062 5864; x_wconf 86' lang='grc'>¹¹</span> <span class='ocrx_word' id='word_1_855' title='bbox 2104 5831 2298 5888; x_wconf 58' lang='grc' dir='ltr'>περι-ιι.</span> <span class='ocrx_word' id='word_1_856' title='bbox 2330 5844 2382 5895; x_wconf 79' lang='lat' dir='ltr'><strong>x,</strong></span> <span class='ocrx_word' id='word_1_857' title='bbox 2424 5829 2463 5879; x_wconf 94' lang='lat' dir='ltr'><strong>l.</strong></span> 
     </span>
    </p>
   </div>
  </div>
