3898 6320
166 385 321 446 338‘.)

1257 382 1862 444 COMMENTARIUS
1900 382 2389 441 LiTURGICUS.

3301 371 3438 430 3990

150 494 245 558 δὲ,
273 494 360 547 ἵνα
386 493 461 565 μὴ
494 492 961 563 ἐπιλανθανόμεθα
977 492 1076 562 τῆς
1095 494 1150 545 ὲν
1169 494 1247 565 τῷ
1282 493 1421 564 ἁγίῳ
1452 493 1615 546 πάθει
1650 495 1745 547 τοῦ

1871 494 2012 561 quod
2049 493 2099 545 in
2137 499 2324 547 saneta
2358 490 2534 543 crucis
2585 484 3077 556 passioneslancea
3130 479 3433 550 perfossum

150 582 402 655 σταυροῦ
446 581 586 652 μετὰ
619 584 818 654 λόγχης
864 582 1119 653 νυγείσης
1152 582 1422 652 ἀχράντου
1478 582 1741 654 πλευρᾶς,

149 676 329 746 ὀπηνὶ
357 674 605 738 καύθέως
628 674 850 745 ἐξῆλθεν
884 669 1023 743 αἷμα
1067 673 1161 725 καὶ
1214 672 1379 743 ὕδωρ,
1411 673 1492 736 εἰς
1530 674 1742 743 ἁφθαρτ⁸

153 765 286 817 σίαν
322 765 414 817 καὶ
438 765 743 818 ἀνάπλασιν
792 764 887 817 τοῦ
932 765 1154 828 παντὸς,
1184 768 1327 829 ἂπερ
1384 765 1686 837 προσφέρει
1718 770 1746 819 6

156 856 347 925 ἱερεὺς
376 855 569 909 θυσίαν
602 856 744 927 ὑπὲρ
783 854 878 907 τοῦ
913 854 1065 908 λαοῦ.

234 943 304 1000 θ’.
337 945 411 997 Τὸ
454 945 585 1014 γοῦν
618 947 1028 1016 προσαγόμενον
1063 945 1280 1010 πολλοῖς
1328 948 1589 1019 ὀνόμασιν
1627 949 1746 1002 ὀνο-

161 1034 404 1104 μάζεται
430 1052 443 1066 ’
472 1035 717 1089 καλεῖται
741 1034 850 1106 γὰρ
883 1035 1123 1103 εὐλογία,
1156 1040 1466 1109 προσφορὰ,
1503 1039 1743 1110 ἀπαρχὴ,

156 1126 329 1195 ἄρτος
349 1141 363 1155 ·
382 1124 601 1192 εὐλογία
629 1126 727 1196 μὲν
752 1125 826 1188 ὡς
849 1125 947 1192 τῆς
982 1127 1118 1196 ἀρᾶς
1154 1127 1263 1180 τῶν
1300 1130 1747 1201 πρωτοπλάστων

156 1218 444 1289 ἀναίρεσις
479 1235 490 1247 ·
527 1217 811 1287 προσφορὰ
828 1217 907 1281 δὲ,
934 1218 1009 1281 ὡς
1038 1218 1098 1283 ἐξ
1127 1219 1248 1272 ὅλου
1283 1220 1374 1273 τοῦ
1405 1220 1744 1293 ἀνθρωπείου

157 1307 507 1376 φυράματος,
525 1301 611 1359 οἷα
638 1307 735 1377 τῆς
755 1307 1064 1377 φιλοτιμίας
1077 1308 1154 1380 τῷ
1169 1310 1289 1379 Θεῷ
1320 1311 1638 1384 καὶΚτίστῃ
1667 1314 1746 1376 είς

128 1388 230 1451 ’τὰ
260 1398 371 1451 τῶν
392 1398 564 1465 ἁγίων
587 1398 756 1466 Ἀγια
781 1399 1236 1471 προσηνέχθημεν
1268 1418 1279 1431 ’
1312 1403 1642 1475 ἀπαρχὴ·δὲ,
1673 1405 1758 1468 ὡς,

159 1490 386 1544 πάντων
422 1489 497 1560 τῷ
520 1490 639 1560 Θεῷ
668 1493 1191 1562 προσενηνεγμένων
1215 1495 1560 1565 τυγχάνουσα
1592 1496 1748 1570 ἱερω-

156 1582 300 1652 τέρα
324 1584 418 1635 καὶ
442 1583 713 1653 ἀνωτέρα.
752 1583 953 1652 "Apro;
986 1583 1042 1636 δὲ
1089 1584 1332 1652 λέγεται,
1364 1586 1440 1649 ὡς
1468 1588 1557 1640 τὸν
1586 1590 1749 1660 οὐρά-

159 1691 278 1726 νιον
321 1674 485 1744 ἄρτον
529 1675 897 1746 παραδηλοῦν,
963 1666 1340 1747 τροφηὴμῶν
1393 1680 1747 1751 μεταλαμϐα-

160 1763 365 1815 νόντων
390 1766 697 1836 γινόμενον.

1852 584 1953 636 fuit
1979 566 2588 646 Ιτιιιιε,ὀι›1ἰνίεεσιιιιιιο;
2615 577 2741 630 ind-2
2762 575 2931 627 exivit
2952 573 3172 642 sanguis
3201 581 3254 626 et
3283 586 3443 641 aqua,

1853 677 1917 728 ad
1980 674 2439 742 incorruptionem
2495 679 2551 723 et
2610 668 2959 721 refectionem
3020 666 3177 735 hujus
3229 664 3433 729 mundi,

1858 766 2000 836 quod
2033 764 2292 822 sacerdos
2323 762 2482 817 oﬁ'crt
2518 758 2847 815 sacriﬁcium
2878 773 2973 826 pro
3002 755 3218 825 populo.

1932 945 1983 1001 9.
2022 946 2177 1001 Actio
2204 952 2389 1000 sancta
2423 942 2608 998 multis
2638 940 2942 1011 appellatur
2966 937 3316 992 nominibus:
3355 951 3448 988 vo-

1860 1047 2017 1092 catur
2060 1036 2389 1101 benedictio,
2442 1034 2661 1098 oblatio,
2712 1031 2993 1102 primitim,
3046 1030 3202 1099 panis
3243 1028 3450 1082 :bcne-

1857 1128 2042 1190 dictio,
2075 1128 2148 1181 uti
2199 1133 2635 1196 protoparentum
2686 1122 3118 1179 maledictionem
3165 1120 3446 1180 adimcns;

1858 1221 2080 1288 oblatio,
2117 1222 2241 1290 quia
2284 1219 2433 1284 illud,
2484 1218 2624 1287 quod
2666 1218 2719 1272 in
2769 1226 2881 1271 toto
2911 1215 3191 1269 hominum
3255 1226 3454 1282 genere

1858 1313 2120 1381 optimum
2162 1313 2440 1374 habemus,
2469 1310 2690 1364 honoris
2716 1309 2888 1377 gratia
2913 1308 3024 1362 Deo
3057 1304 3302 1361 Creatori
3359 1319 3456 1356 no-

1864 1416 1977 1458 stro
2010 1405 2062 1459 in
2113 1403 2440 1459 sacriﬁcium
2468 1403 2869 1456 sanctissimum
2916 1398 3229 1457 oﬁ'erimus;
3257 1395 3450 1464 primi-

1811 1480 1823 1494 ’
1864 1486 1971 1557 tim,
2009 1497 2150 1564 quod
2185 1496 2315 1550 nihil
2342 1496 2605 1554 sanctius.
2656 1494 2786 1548 nihil
2825 1494 3174 1563 prmstantins
3204 1490 3314 1544 Deo
3359 1489 3454 1541 de—

1863 1585 2003 1638 ferre
2034 1600 2337 1649 possumus.
2375 1584 2767 1648 Panisdieitnr,
2803 1584 2924 1652 quia
2953 1598 3143 1651 panem
3169 1581 3452 1636 cmlestem

1861 1674 2199 1734 rnanilestat.
2231 1676 2373 1744 quod
2409 1676 2564 1730 nobis
2596 1676 3019 1744 suscipientibus
3058 1673 3110 1726 in
3158 1671 3455 1725 manduca-

1865 1765 2065 1818 tionem
2099 1766 2355 1820 traditur.

238 1857 311 1909 Τὸ
335 1857 391 1910 δὲ
432 1859 828 1927 σφραγίζεσθαι
848 1860 946 1929 τὴν
984 1866 1302 1934 προσφορὰν
1331 1864 1359 1916 6
1391 1864 1564 1935 μέγας
1587 1863 1752 1918 Βασί-

1925 1852 2267 1908 Oblationem
2304 1856 2519 1923 signare
2565 1868 2792 1922 magnus
2834 1866 2932 1906 nos
2966 1840 3151 1905 docuit
3180 1847 3449 1909 Basilius;

161 1948 312 2012 λειος
365 1950 679 2019 παρέδωκεν
708 1968 720 1982 ·
753 1951 1186 2022 προσκομίζεται
1240 1957 1272 2024 ἡ
1330 1956 1619 2026 προσφορά
1665 1956 1753 2010 διὰ

162 2040 229 2091 τδ
260 2042 536 2092 κοινωνεῖν
593 2040 683 2092 τὸν
712 2041 839 2093 λαὸν
884 2042 1116 2096 ἕκαστον
1154 2044 1349 2116 μερίδα
1378 2060 1391 2073 ⁸
1434 2045 1481 2097 εί
1521 2044 1578 2097 δὲ
1618 2045 1758 2115 πληο

164 2129 318 2182 θύνει
355 2131 383 2182 ὁ
411 2130 584 2200 ὄχλος,
619 2131 723 2203 χρὴ
783 2132 1025 2202 μελίζειν
1076 2134 1172 2198 τὰς
1208 2136 1457 2204 μερίδας,
1487 2137 1756 2208 προκομί-

166 2218 354 2285 ζοντες
381 2222 472 2274 τὸν
499 2223 664 2291 ἄρτον
697 2225 790 2276 καὶ
826 2225 1177 2291 ἀποτιθέντες
1195 2228 1357 2281 αὐτὸν
1382 2229 1441 2280 ὲν
1464 2228 1542 2296 τῷ
1564 2228 1755 2299 δίσκῳ,

166 2312 246 2376 ὼς
259 2315 316 2365 εν
331 2315 531 2386 νεφέλῃ
551 2353 565 2375 ,
582 2316 811 2385 λέγομεν
829 2315 1026 2380 οὕτως·
1057 2336 1077 2371 ι
1113 2318 1201 2382 Ὠς
1222 2320 1491 2389 πρόϐατον
1512 2321 1603 2374 ἐπὶ
1622 2338 1759 2389 σφα-

171 2402 456 2472 γὴνῆχθη.
485 2422 502 2453 ι
553 2404 615 2455 Ἡ
648 2405 902 2473 πρόθεσις
937 2406 1258 2476 ίσοδύναμος
1291 2408 1501 2476 πέφυκε
1518 2412 1631 2472 τοῖς
1654 2410 1761 2463 τῶν

168 2494 347 2560 ἁγίων
388 2494 619 2562 ’Λγίοις,
654 2496 926 2565 μᾶλλονδὲ
956 2500 1049 2551 καὶ
1070 2498 1207 2552 πολὺ
1244 2500 1446 2569 ταύτης
1474 2501 1698 2570 μείζων·
1728 2502 1759 2573 ἢ

171 2584 393 2638 καὶτοῦ
440 2586 706 2655 σπηλαίου
751 2588 851 2657 τῆς
885 2588 1133 2661 Βηθλεέμ
1161 2606 1173 2618 ⁶
1213 2590 1246 2658 ἢ
1291 2591 1353 2643 τὸ
1409 2592 1761 2662 ἐστρωμένον

172 2673 437 2742 ἀνώγεον,
466 2677 523 2729 ἐν
547 2669 592 2744 ᾧ
621 2677 1015 2748 συνδειπνήσας
1050 2681 1079 2732 6
1122 2679 1327 2750 Κύριος
1348 2682 1460 2743 τοῖς
1491 2682 1763 2751 μαθηταῖς

114 2798 127 2803 -
175 2766 303 2836 ἔφη*
342 2786 359 2817 ι
402 2766 571 2821 Τοῦτο
602 2771 805 2823 ποιεῖτε
837 2772 918 2833 εἱς
949 2771 1049 2842 τὴν
1078 2771 1218 2841 ἐμὴν
1245 2772 1551 2843 ἀνάμνησιν
1587 2790 1599 2802 ·
1642 2792 1657 2823 ι
1679 2772 1767 2829 λέ-

172 2875 263 2925 γει
288 2858 364 2911 δέ’
392 2877 411 2910 ι
446 2860 539 2922 Ei;
564 2860 658 2913 τὸν
686 2861 860 2915 αἰῶνα
889 2864 1029 2917 κατὰ
1059 2863 1155 2933 τὴν
1178 2861 1332 2927 τάξιν
1359 2864 1712 2936 Μελχισεδέκ.
1742 2885 1758 2916 ι

186 2951 345 3005 Ἀλλὰ
378 2952 460 3015 τίς
496 2954 530 3024 ή
573 2953 722 3019 τάξις
762 2954 1124 3029 Μελχισεδὲκ,
1157 2954 1254 3010 καὶ
1314 2957 1364 3010 τί
1409 2957 1539 3029 παρ’
1594 2957 1762 3011 αὐτοῦ

172 3043 634 3114 προσφερόμενα;
684 3045 848 3116 ἄρτεος
891 3047 987 3099 καὶ
1032 3043 1174 3111 οἶνος
1225 3045 1306 3112 οἷς
1356 3049 1448 3101 τὸν
1510 3047 1763 3121 Ἀϐραὰμ

171 3132 440 3197 ἐδεξιοῦτο
465 3149 478 3164 ·
520 3137 567 3187 εἱ
595 3130 685 3189 οὖν
716 3136 774 3200 ἐξ
794 3136 987 3208 ἑτέρας
1020 3138 1191 3209 φυλῆς
1215 3140 1241 3191 ὁ
1272 3139 1631 3217 Μελχισεδὲκ,
1664 3140 1763 3194 τύ-

174 3240 277 3286 πος
311 3224 366 3277 δὲ
393 3225 487 3278 τοῦ
520 3226 758 3297 Χριστοῦ
808 3230 901 3282 καὶ
953 3228 1226 3297 λογίζεται
1275 3233 1369 3284 καὶ
1417 3233 1758 3297 πιστεύεται,

172 3315 498 3386 ὲκὸἐὸληται
540 3318 649 3388 ἄρα
700 3320 733 3389 ἡ
795 3320 1055 3390 Λευῖτικὴ
1111 3320 1377 3391 ἱερωσύνη
1409 3337 1422 3352 ο
1459 3322 1664 3392 ταύτης
1705 3322 1764 3375 δὲ

172 3406 600 3477 ὲκὸαλλομένης,
627 3410 841 3480 ἀνάγκη
883 3412 1031 3466 πᾶσά
1064 3413 1214 3465 ἐστιν
1257 3414 1358 3465 καὶ
1386 3412 1483 3465 τοῦ
1513 3413 1754 3467 παλαιοῦ

174 3498 341 3568 νόμου
369 3502 463 3553 καὶ
486 3499 742 3567 λατρείας
772 3500 1029 3568 γενέσθαι
1064 3502 1375 3572 μετάθεσιν.

249 3589 302 3646 ι’.
333 3590 466 3660 Περὶ
497 3591 552 3643 δὲ
583 3594 681 3661 τῆς
710 3592 988 3662 ἡμετέρας
1014 3582 1270 3664 λατρείας
1304 3595 1471 3664 φησίν
1500 3613 1513 3626 ·
1557 3614 1574 3646 ι
1629 3596 1760 3650 ’ῐὸοὐ

174 3679 433 3750 θυμίαμά
484 3698 573 3750 μοι
618 3682 990 3752 προσφέρεται
1024 3684 1083 3735 ὲν
1130 3685 1281 3759 πάσῃ
1304 3689 1370 3756 τῇ
1423 3689 1492 3755 γῇ
1528 3702 1541 3715 ⁸
1573 3686 1763 3757 ὥσπερ

173 3771 283 3842 γὰρ
304 3771 671 3842 ὁύπερούσιος
693 3774 827 3836 Θεὸς
856 3774 1041 3844 σάρκα
1068 3776 1133 3828 ἐκ
1158 3776 1257 3845 τῆς
1289 3767 1565 3846 Παρθένὸυ
1594 3795 1761 3850 προσ-

174 3862 475 3933 λαϐόμενος
517 3866 575 3917 ὲν
609 3866 739 3935 ’μιᾷ
780 3866 1077 3919 ὑποστάσει
1112 3867 1317 3932 τέλειος
1363 3865 1431 3940 ἦν
1482 3870 1611 3931 Θεὸς
1665 3870 1761 3923 καὶ⁸

174 3953 379 4019 τέλειος
427 3956 733 4026 ἄνθρωπος,
768 3958 954 4027 ὅμοιος
992 3960 1149 4030 ἡμῶν
1179 3962 1320 4014 κατὰ
1370 3964 1550 4016 πάντα
1589 3965 1758 4033 χωρὶς

173 4046 472 4117 ἁμαρτίας,
500 4046 642 4100 οὕτω
698 4049 793 4102 καὶ
831 4049 894 4103 τὸ
935 4050 1120 4104 καινὸν
1176 4051 1343 4121 σῶμα
1376 4052 1451 4115 ὡς
1501 4052 1566 4105 ἔκ
1614 4069 1757 4115 τινος

174 4136 384 4201 κοιλίας
440 4138 530 4191 καὶ
560 4139 829 4209 αἱμάτων,
864 4141 960 4194 καὶ
1028 4142 1230 4212 σαρκὸς
1280 4141 1370 4195 τοῦ
1424 4143 1757 4220 παρθενικοῦ

176 4225 447 4295 σώματος,
472 4228 568 4282 τού
588 4231 709 4283 ὅλου
728 4232 919 4302 ἄρτου,
945 4232 1109 4303 φημὶ,
1142 4232 1294 4303 παρά
1321 4231 1418 4285 τοῦ
1451 4233 1699 4287 διακόνου
1722 4233 1753 4302 ἢ

174 4318 269 4371 καὶ
296 4319 389 4372 τοῦ
423 4321 613 4391 ἱερέως
660 4323 1006 4394 διατέμνεται
1053 4325 1259 4396 σιδήρῳ
1300 4326 1429 4389 τινὶ,
1465 4324 1522 4378 ὃν
1551 4326 1761 4397 λόγχην

174 4408 444 4476 λέγουσιν,
478 4411 612 4483 ὅπερ
670 4415 929 4485 ἀνωτέρω
973 4414 1188 4487 εἴρηται
1215 4431 1228 4445 ·
1257 4417 1352 4469 καὶ
1380 4412 1559 4478 οὕτως
1628 4416 1757 4468 ἰδιο-

1862 1949 2001 2001 hanc
2022 1957 2198 1999 antem
2225 1946 2497 2008 deferunt,
2532 1954 2587 1999 ιιι
2607 1945 2978 2013 unusquisque
3000 1943 3239 2011 epopulo
3262 1955 3453 2010 qnam-

1863 2040 1984 2092 dam
2016 2040 2066 2091 in
2097 2038 2476 2092 communione
2505 2046 2709 2105 partem
2737 2036 2961 2104 recipiat
2986 2052 2998 2087 :
3025 2033 3071 2086 si
3107 2031 3262 2087 turba
3290 2031 3453 2086 fuerit

1864 2130 2243 2192 abundantior,
2272 2130 2569 2183 dividenda:
2598 2136 2725 2183 sunt
2750 2128 2878 2195 ipsa:
2901 2136 3108 2197 partes.
3161 2124 3451 2179 Portamus

1856 2197 2129 2289 partemin
2153 2220 2305 2272 disco
2330 2219 2634 2288 populoque
2662 2219 3003 2287 apponimns,
3034 2220 3177 2272 sicut
3203 2217 3256 2270 in
3286 2217 3449 2280 nube,

1866 2298 2105 2364 dicentes
2135 2334 2143 2367 :
2175 2330 2191 2362 ι
2218 2314 2368 2367 Sicut
2390 2327 2560 2381 agnus
2583 2312 2647 2365 ad
2666 2312 2994 2365 occisionem
3023 2311 3217 2364 ductus
3239 2325 3296 2365 es
3327 2311 3447 2363 ιν.»

1868 2398 2145 2455 Prothesis
2180 2404 2448 2463 eamdem;
2482 2403 2591 2456 imo
2622 2401 2790 2456 multo
2826 2400 3083 2473 majorem
3140 2403 3297 2456 habet
3346 2402 3453 2454 vir-

1870 2501 2035 2545 tutem
2080 2508 2239 2561 quam
2300 2493 2498 2548 Sancta
2549 2505 2893 2561 sanctorum;
2949 2493 3451 2548 Bethiehemiticatn

1871 2582 2070 2636 indicat
2107 2584 2446 2652 speluncam,
2490 2585 2570 2639 vel
2600 2586 2942 2664 c'mnacnlnm
2982 2596 3237 2650 stratum,
3266 2586 3317 2638 in
3347 2603 3454 2655 qun

1869 2684 1991 2745 post
2021 2692 2230 2731 rmnam
2269 2676 2528 2734 Dominus
2576 2678 2689 2733 suis
2734 2679 2871 2733 dixit
2916 2678 3196 2748 discipulis
3233 2698 3245 2734 :
3287 2699 3305 2731 ι
3344 2680 3453 2731 lloc

1871 2764 2030 2819 facite
2077 2767 2129 2818 in
2171 2781 2345 2821 meam
2405 2767 2977 2822 commemorationem
3011 2768 3077 2831 “,
3120 2788 3155 2821 »η
3182 2769 3234 2822 id
3270 2778 3356 2824 est
3400 2770 3451 2823 in

1872 2868 2154 2923 a~ternum,
2191 2860 2485 2913 secundum
2540 2862 2784 2914 ordinem
2846 2862 3275 2916 Melchisedech.
3316 2863 3451 2930 QuEd

1872 2958 1954 3001 est
1973 2951 2105 3003 ordo
2136 2949 2526 3006 Melchisedech
2563 2959 2616 3005 et
2643 2953 2770 3020 quid
2800 2955 2865 3007 ab
2898 2953 3013 3022 ipso
3046 2953 3146 3007 fuit
3172 2954 3455 3009 oblatum?

1873 3041 2031 3095 Panis
2058 3053 2109 3094 et
2140 3043 2321 3096 vinum
2352 3043 2550 3112 quibus
2585 3044 2955 3099 Abrahamum
2983 3046 3262 3116 suscepit;
3311 3047 3354 3099 si
3385 3064 3449 3101 ex

1874 3132 2173 3202 alienigena
2220 3134 2360 3187 tribu
2419 3131 3034 3199 fuerit'Melchisedech,
3091 3138 3143 3191 in
3188 3139 3287 3192 hoc
3321 3138 3453 3206 ﬁgu-

1874 3239 1984 3277 ram
2012 3225 2214 3281 Christi
2246 3226 2414 3282 fuisse
2441 3236 2659 3298 putatur
2687 3236 2741 3283 ct
2773 3228 3033 3283 creditur.
3064 3228 3156 3282 Sic
3181 3229 3452 3298 respuitur

1868 3314 2229 3367 sacerdotium
2266 3315 2587 3380 Leviticnm,
2638 3331 2744 3385 quo
2770 3318 2994 3387 reiecto,
3034 3332 3258 3373 necesse
3293 3330 3450 3374 estut

1872 3405 1952 3459 lex
1990 3415 2042 3459 et
2073 3405 2251 3461 cultus
2284 3410 2543 3479 antiquus
2574 3418 2972 3476 permutentur.

1936 3605 2020 3657 lt).
2055 3602 2128 3658 De
2161 3616 2347 3660 nostro
2374 3615 2555 3662 autem
2581 3607 2727 3663 cultu
2773 3609 2973 3663 dicitur
3005 3626 3017 3662 :
3049 3626 3066 3660 ι
3108 3610 3245 3664 Ecce
3278 3611 3451 3664 sacri—

1872 3697 2052 3750 licium
2081 3698 2210 3751 tnihi
2244 3696 2470 3754 oﬂ‘ertur
2493 3702 2546 3754 in
2578 3702 2725 3754 Omni
2766 3710 2909 3756 terra
2943 3702 3008 3756 ".
3053 3721 3072 3753 ι
3124 3704 3273 3757 Sicut
3303 3704 3446 3757 enim

1872 3789 2253 3843 immaterialis
2300 3789 2445 3846 Dens
2501 3806 2724 3846 carnem
2763 3807 2793 3847 e
2829 3793 3053 3864 Virgine
3098 3795 3363 3862 suscepit,
3397 3808 3449 3849 et

1869 3880 1920 3932 in
1957 3881 2356 3951 nnahypostasi
2402 3882 2679 3952 perfectus
2730 3883 2868 3940 Deus
2916 3897 3034 3940 erat
3083 3898 3136 3940 et
3179 3887 3450 3957 perfectus

1871 3972 2054 4036 homo,
2097 3974 2251 4028 nobis
2312 3975 2363 4028 in
2403 3976 2656 4030 omnibus
2714 3976 2911 4033 similis
2949 3977 3153 4056 ab‘sqne
3204 3989 3447 4046 peccato,

1867 4060 1938 4113 ita
1962 4071 2016 4114 et
2047 4076 2245 4116 novum
2271 4078 2470 4131 corpus
2501 4080 2567 4119 ex
2593 4063 2871 4130 cujusdam
2900 4076 3054 4120 utero
3076 4074 3127 4120 ct
3163 4068 3443 4136 sanguine,

1865 4164 2194 4220 carnemque
2232 4154 2298 4207 de
2330 4152 2548 4226 Virgine
2589 4155 2953 4224 desutnptam,
3003 4156 3054 4212 id
3083 4166 3165 4212 est
3207 4174 3271 4212 ex
3317 4163 3446 4214 snh-

1863 4245 2060 4298 Stantia
2088 4245 2241 4314 panis
2262 4286 2277 4313 ,
2312 4247 2573 4302 diaconus
2598 4256 2649 4302 et
2696 4251 2951 4304 sacerdos
2972 4249 3245 4304 dissecant
3281 4252 3444 4311 ferro,

1863 4334 2074 4389 scilicet
2095 4335 2306 4401 lancea,
2325 4337 2393 4393 de
2421 4353 2524 4407 qua
2550 4353 2712 4407 supra
2739 4341 2969 4409 quaestio
2999 4340 3120 4395 fuit.
3148 4339 3259 4395 llnc
3290 4342 3448 4395 modo

1864 4425 2203 4495 bypostatiee
2228 4437 2573 4484 consecrant.
2605 4429 2769 4485 Panis
2790 4431 2935 4486 enim
2984 4431 3035 4484 in
3079 4433 3320 4501 prothcsi
3358 4432 3448 4501 ja-

176 4503 551 4566 ῡποστατικῶς
606 4506 669 4557 ἐκ
717 4504 881 4575 μέσου
912 4505 1115 4575 ταύτης
1160 4508 1543 4578 ἀφιεροῦνται·
1578 4508 1754 4560 τοίνυν

1868 4530 1971 4582 cet,
2004 4527 2088 4572 ast
2128 4518 2216 4572 ille
2253 4531 2475 4589 apparet
2520 4523 2769 4590 expians.
2816 4521 2920 4588 Qui
2956 4533 3122 4576 totam
3168 4524 3444 4577 hominum

176 4591 334 4658 ἄρτος
376 4594 474 4661 τῆς
528 4596 856 4665 προθέσεως,
883 4598 981 4650 εἰτ’
1025 4595 1118 4652 οὖν
1168 4598 1196 4650 6
1242 4600 1751 4670 ἀποκαθαιρὸμενος

178 4684 449 4750 ἐμφαίνει,
481 4688 562 4739 ὅτι
602 4689 834 4741 ἀνέλαϐε
879 4690 939 4742 τὸ
978 4689 1207 4761 φύραμα
1230 4691 1359 4761 ὅλης
1381 4692 1479 4761 τῆς
1536 4691 1753 4761 ἀνθρω-

178 4772 335 4843 πίνης
367 4775 580 4845 φύσεως
606 4780 701 4832 καὶ
732 4781 1081 4854 προσηνέχθη
1105 4781 1179 4845 ὡς
1212 4784 1461 4854 ἀπαρχὴ,
1485 4784 1580 4837 καὶ
1604 4784 1753 4848 ἐξαί-

178 4879 328 4933 ρετον
347 4866 717 4937 ὀλοκάρπωμα
733 4869 811 4939 τῷ
837 4852 956 4939 Θεῷ
979 4872 1073 4924 καὶ
1097 4873 1293 4940 Πατρίο
1326 4871 1377 4925 ὁ’
1395 4852 1603 4943 μέντοι
1632 4874 1753 4928 διά-

176 4957 385 5027 κονοςῆ
416 4959 445 5010 ὁ
494 4960 670 5028 ἱερεὺς
712 4961 1009 5031 ἑτοιμάσας
1068 4966 1165 5017 σὺν
1200 4966 1347 5035 αὐτῴ
1406 4969 1501 5021 καὶ
1531 4968 1590 5020 τὸ
1625 4967 1751 5037 μὲλ-

180 5047 267 5098 λον
292 5048 671 5104 ἀποτελεῖσθαι
702 5052 1036 5105 Δεσποτικὸν
1067 5049 1208 5124 αἷμα
1231 5058 1289 5107 ἐν
1322 5057 1401 5129 τῷ
1421 5062 1754 5129 προσήκοντι

180 5139 385 5205 πάθους
415 5144 594 5214 καιρῷ
626 5143 713 5197 διὰ
741 5145 840 5214 τῆς
864 5148 959 5198 τοῦ
984 5146 1252 5210 ζωοποιοῦ
1283 5149 1600 5219 Πνεύματος
1631 5154 1752 5206 ἐπι⁴

178 5224 497 5302 φοιτήσεως,
554 5234 750 5305 ἀφίησι
795 5236 1023 5307 ταύτην¹
1063 5240 1122 5290 ἐν
1176 5241 1239 5311 τῇ
1299 5241 1593 5310 προθέσει,
1649 5244 1751 5314 τὴν

177 5322 337 5394 εὐχὴν
366 5326 710 5394 ἐπιλέγοντος
742 5328 838 5381 τοῦ
885 5329 1078 5399 ἱερέως
1105 5347 1119 5362 °
1154 5325 1310 5396 οὗτος
1338 5334 1395 5385 δὲ
1440 5336 1469 5387 ὁ
1500 5336 1560 5387 1:6
1586 5335 1748 5406 σῶμα
1802 5330 1811 5335 ”

177 5415 473 5485 διατέμνων
501 5419 611 5471 ἀπὸ
638 5419 741 5489 τῆς
764 5420 1015 5488 εὐλογίας
1035 5422 1125 5475 τὸν
1150 5425 1380 5492 ἄγγελον
1406 5428 1657 5497 μιμεῖται
1684 5432 1751 5498 τῇ

181 5506 437 5577 Παρθένῳ
457 5509 536 5571 τὸ,
569 5510 760 5577 Χαῖρε,
800 5514 1339 5585 προσφθεγξάμενον’
1374 5516 1752 5590 οὐτωτοιγαρ·

180 5595 271 5648 οὐν
304 5598 522 5664 άφίεται
556 5596 640 5651 ’τὸ
674 5603 815 5654 θεῖον
871 5604 1026 5674 σῶμα
1060 5606 1115 5655 ἐν
1155 5610 1218 5676 τῇ
1254 5608 1511 5676 προθέσει
1562 5608 1750 5681 ὥσπερ

258 5777 318 5809 ⁸⁸⁸
352 5776 452 5830 15.2.
495 5794 609 5841 rm,
644 5780 693 5831 7.

775 5784 817 5811 ¹²
842 5780 1252 5852 Luc.xxn,19.
1308 5789 1344 5817 ’³
1376 5787 1606 5842 Μιιίιιςιι.
1637 5803 1675 5854 ι,
1715 5791 1792 5843 ιι.

1865 4621 2115 4662 naturam
2141 4612 2399 4680 suscepit,
2426 4613 2476 4666 in
2499 4614 2764 4681 primitias
2785 4615 3020 4683 seipsum
3054 4614 3232 4669 defert
3262 4616 3369 4669 Deo
3392 4628 3445 4672 et

1867 4700 2008 4754 Patri
2036 4710 2091 4755 et
2117 4702 2168 4755 in
2201 4702 2428 4757 eleCtum
2464 4719 2495 4757 e
2521 4704 2787 4759 fructibus
2812 4705 3071 4761 omnibus
3088 4708 3441 4763 sacriﬁcium.

1863 4793 2115 4845 Attamen
2149 4793 2429 4858 diaconus,
2456 4792 2536 4847 vel
2560 4794 2812 4849 sacerdos
2844 4812 2964 4849 cum
2996 4796 3107 4860 illo,
3148 4813 3233 4851 res
3268 4810 3444 4864 parat,

1864 4891 1921 4933 ut
1944 4882 2278 4937 convenienti
2302 4883 2845 4954 Passionistempore,
2863 4901 2957 4954 per
2972 4888 3257 4941 adventum
3275 4887 3447 4958 Spiri-

1867 4982 1954 5028 tus
2001 4975 2323 5032 viviﬁcantis
2364 4975 2674 5046 perﬁciatur
2729 4979 2951 5048 sanguis
2991 4978 3219 5032 Domini.
3264 4980 3341 5034 [te
3390 4982 3442 5035 in

1866 5065 2106 5133 prothesi
2154 5066 2346 5135 posita,
2386 5066 2780 5121 invocationem
2818 5066 2951 5122 facit.
2990 5070 3269 5125 sacerdos.
3300 5070 3437 5125 Cum

1864 5175 1892 5210 a
1927 5158 2223 5213 benedictis
2262 5174 2459 5228 corpus
2505 5158 2712 5219 Domini
2750 5170 2985 5230 separat,
3021 5162 3269 5232 angelum
3318 5163 3441 5217 imi-

1865 5256 2029 5314 tatur,
2063 5249 2152 5318 qui
2188 5249 2389 5320 Virgini
2444 5251 2555 5305 Ave
2611 5252 3007 5308 nuntiavit.$ie
3027 5256 3167 5307 enim
3193 5255 3244 5309 in
3274 5257 3442 5309 altare

1864 5338 2015 5392 adest
2075 5339 2315 5394 divinum
2386 5358 2625 5412 c0rpns,
2696 5345 3150 5412 quemadmodum
3229 5346 3327 5400 fuit
3383 5348 3436 5400 in

1869 5430 2208 5495 Bcthlehem,
2243 5433 2330 5487 ubi
2373 5444 2533 5490 natus
2581 5444 2663 5490 est
2698 5436 2983 5499 Christus;
3037 5438 3227 5491 eodem
3280 5440 3439 5491 modo

1867 5538 1972 5589 quo
1993 5518 2161 5579 fuitin
2181 5523 2471 5589 Nazareth,
2492 5544 2597 5597 quo
2617 5528 2718 5583 fuit
2743 5531 2797 5583 in
2817 5529 3197 5599 Capharnanm
3222 5570 3235 5593 ,
3270 5530 3350 5583 vel
3379 5540 3438 5583 ut

1867 5615 2190 5684 simpliciter
2226 5618 2425 5686 dicam,
2473 5631 2683 5691 tempus
2713 5623 2934 5692 triginta
2986 5639 3248 5677 annorum
3294 5624 3435 5692 quod
