3964 6322
1619 272 1808 296 agr,“
1818 276 1823 279 -
1834 276 1881 309 ⁸-
1900 276 1915 288 ι

500 369 630 434 9931

1307 385 1367 446 S.
1402 387 1815 450 SUPHRONII
1857 391 2360 453 PATRIARCHE
2397 394 2797 458 HIEROSOL.

1942 282 1951 293 ι
1978 288 2005 293 -.
2023 284 2107 293 .-ι-ο
2128 278 2275 296 -υνδμαῗ
2296 278 2383 296 ,λιες

3630 398 3763 463 3992

499 497 623 538 ante
660 484 981 553 baptismum
1018 497 1072 543 et
1136 493 1573 558 praedicationem
1626 501 1857 568 ellluxit,
1899 507 2073 560 adim-

2176 506 2235 557 ἐν
2270 504 2539 576 Βηθλεέμ,
2571 505 2701 559 ἔνθα
2755 503 3081 576 γεγέννηται
3120 507 3150 561 6
3204 508 3448 580 Χριστός
3480 523 3494 538 ⁸
3528 509 3665 580 ὀμοῦ
3704 511 3755 565 δι

498 575 608 644 plet
640 578 967 645 propthesis,

571 836 656 932 ll.
685 839 729 890 A
769 853 982 898 summo
1010 848 1267 914 pontiﬁce
1317 852 1628 924 assignatur
1679 868 1923 929 tempus,
1964 876 2073 932 quo

497 927 704 995 primus
760 934 1104 990 sacerdotum
1151 955 1239 995 res
1285 941 1500 1000 divinas
1540 927 1805 1018 incipiat.—
1835 927 2073 1020 'l‘etupus

497 1019 625 1073 illud
656 1021 858 1077 indicat
892 1024 1059 1082 Isaias
1090 1032 1380 1099 propheta,
1418 1050 1538 1089 cum
1562 1040 1900 1095 nativitatem
1927 1019 2072 1098 Prm-

494 1109 741 1167 cursoris
774 1121 829 1168 et
862 1115 1154 1173 adventum
1208 1119 1411 1180 Christi
1447 1133 1769 1197 annuntiat;
1819 1118 1928 1199 lira:
1965 1147 2071 1187 cat-

496 1204 628 1256 teris
656 1205 799 1263 enim
833 1209 1048 1264 vatibus
1078 1219 1291 1281 tempus
1328 1215 1460 1271 illud
1493 1222 1795 1288 peroptiute
1820 1222 2068 1294 designa-

490 1293 569 1386 vit
596 1294 785 1352 Isaias.
813 1298 885 1352 De
916 1297 1125 1356 Joanne
1159 1305 1375 1373 quidem
1413 1311 1663 1377 praedixit
1691 1331 1705 1367 :
1744 1330 1763 1367 ι
1795 1293 2070 1386 Εεοοίοεο

493 1384 648 1477 mitto
674 1387 928 1458 angelum
957 1405 1137 1447 meum
1158 1404 1285 1452 ante
1313 1397 1505 1454 faciem
1539 1410 1704 1470 tuam,
1736 1405 1825 1474 qui
1862 1384 2069 1477 pratpa-

493 1476 635 1533 rubii.
665 1478 805 1533 viam
854 1492 998 1537 tuam
1046 1496 1172 1541 ante
1205 1497 1257 1543 te
1287 1490 1351 1554 ιδ,
1383 1509 1402 1543 ι
1431 1500 1494 1562 et
1537 1505 1733 1551 cattera
1777 1476 1897 1566 qua:
1927 1476 2068 1555 vati-

491 1569 706 1625 cinatus
740 1579 857 1639 est;
906 1573 974 1628 de
1013 1574 1234 1634 Christo
1282 1591 1462 1636 autem
1501 1596 1519 1634 :
1556 1598 1574 1633 ι
1608 1585 1748 1642 Ecce
1801 1585 1964 1656 Virgo
2011 1590 2065 1645 in

491 1673 648 1715 utero
695 1662 914 1724 habebit
941 1664 1009 1732 ⁸⁸,
1047 1686 1067 1721 ι
1105 1683 1446 1743 quacunque
1474 1677 1540 1729 de
1568 1678 2068 1751 passione,'sepul-

493 1760 614 1805 tura
650 1763 703 1807 et
736 1761 1139 1827 resurrectione
1177 1773 1400 1819 ventura
1446 1770 1679 1837 aperuit.
1713 1768 1773 1825 In
1806 1772 1897 1827 illo
1932 1782 2069 1829 tem-

2172 595 2267 648 καὶ
2294 595 2370 658 ὡς
2397 597 2457 648 ἐν
2486 596 2552 666 τῇ
2577 595 2854 666 Ναζαρὲτ,
2876 595 2910 666 ἢ
2936 594 3012 660 ώς
3041 599 3099 652 ἐν
3127 600 3193 669 τῇ
3219 599 3630 671 Καπερναοὺμ,
3668 602 3759 655 καί

2173 683 2361 748 ἁπλῶς
2394 686 2573 738 εἰπεῖν
2593 684 2688 738 τὸν
2719 687 3115 758 τριακονταετῆ
3144 689 3341 759 χρόνον
3382 689 3485 743 τὸν
3513 691 3627 762 προ
3664 691 3755 745 τοῦ

2173 774 2549 847 βαπτίσματος
2566 776 2660 829 καὶ
2677 777 2775 847 τῆς
2794 777 3124 849 διατριδῆςή
3140 779 3398 849 πρόθεσις
3422 782 3757 852 ἀποπληροῖ.

2244 872 2333 927 ια’,
2362 866 2578 925 Δίδοται
2604 868 2633 920 6
2654 866 2847 937 καιρὸς
2872 866 3025 936 παρά
3045 866 3141 920 τοῦ
3166 868 3476 939 ἀρχιερέως
3491 870 3575 940 τῷ
3607 869 3757 939 nptia-

2167 973 2246 1028 τῳ
2266 956 2372 1011 τῶν
2397 957 2587 1028 ἱερέων
2643 957 2892 1028 μέλλοντι
2935 957 3204 1029 ἄρχεσθαι
3249 959 3349 1029 τῆς
3373 958 3531 1022 θείας
3588 978 3761 1030 μυστ-

2167 1047 2410 1117 αγωγίας
2438 1064 2452 1079 ·
2494 1041 2652 1114 οὗτος
2696 1049 2755 1103 δὲ
2785 1051 2814 1102 6
2857 1049 3051 1121 καιρὸς
3106 1050 3435 1120 σχηματίζει
3474 1051 3575 1104 τὸν
3633 1052 3762 1119 περὶ

2166 1139 2262 1193 τοῦ
2303 1141 2585 1212 προφήτου
2643 1140 2867 1194 Ἡσαΐου
2923 1134 3352 1211 άναφωνηθέντα
3406 1142 3613 1211 καιρὸν
3660 1142 3761 1209 τῆς

2168 1230 2483 1302 Προδρόμου
2545 1230 2792 1284 Ἰωάννου
2834 1233 3160 1301 γεννήσεως.
3219 1231 3314 1284 καὶ
3365 1231 3461 1284 τοῦ
3512 1232 3759 1301 Χριστοῦ

2168 1321 2307 1393 πρὸς
2335 1322 2482 1390 Wa?
2512 1312 2804 1391 ὲπιδημίίῖίς
2829 1337 2845 1352 ·
2893 1320 3218 1390 ἀμφοτέρων
3244 1321 3353 1392 γὰρ
3393 1320 3615 1373 τούτων
3660 1321 3764 1390 τῆς

2166 1413 2476 1482 γεννήσεως
2525 1411 2618 1464 τὸν
2668 1411 2859 1481 καιρὸν
2909 1409 3050 1481 μετὰ
3096 1411 3206 1465 τῶν
3252 1411 3430 1465 ἄλλων
3472 1410 3764 1481 θεηγόρων

2178 1503 2405 1565 Ἡσαΐας
2480 1500 2844 1573 ἁριδηλότατσ.
2926 1503 3354 1572 προεφήτευσεν.
3450 1504 3594 1573 Περὶ
3662 1503 3763 1571 μὲν

2165 1593 2258 1647 τὸν
2306 1592 2564 1662 Ἰωάννην
2621 1589 2796 1655 οὕτως
2825 1586 3000 1644 εἶπεν·
3062 1591 3227 1645 «Ἰδοὺ
3282 1589 3397 1660 ἐγὼ
3430 1591 3763 1645 ἀποστέλλω

2166 1680 2258 1734 τδν
2283 1680 2517 1749 ἄγγελόν
2546 1695 2650 1751 μου
2682 1678 2791 1750 πρὸ
2836 1678 3131 1750 προσώπου
3158 1695 3278 1743 σου,
3310 1678 3372 1743 ὃς
3395 1666 3759 1733 καῖεασιιιευά⁹

2170 1788 2254 1825 σει
2281 1771 2379 1843 τὴν
2410 1770 2530 1824 ὁδόν
2564 1786 2658 1823 σου
2713 1769 3024 1840 ἔμπροσθέν
3048 1788 3194 1824 σουσι
3249 1770 3345 1824 καὶ
3379 1773 3428 1824 τ’
3459 1770 3603 1824 ἄλλα
3658 1772 3762 1823 ὅσα

490 1859 625 1912 pore
678 1847 1014 1905 manifestari
1067 1852 1257 1908 debuit
1315 1859 1675 1931 mysterium,
1736 1865 1881 1933 quod
1942 1877 2069 1923 ante

2175 1867 2303 1934 περὶ
2366 1861 2533 1916 αὐτοῦ
2580 1860 2980 1932 προηγόρευσε.
3051 1861 3186 1931 Περὶ
3252 1862 3310 1915 δὲ
3348 1861 3447 1915 τοῦ
3485 1860 3752 1932 Χριστοῦ·

490 1937 936 1993 constitutionem
1014 1944 1199 1998 mundi
1261 1947 1638 2006 absconditum
1705 1953 1901 2011 fuerat.
1961 1957 2064 2024 Qui

491 2024 704 2080 initium
736 2043 905 2085 sacrae
928 2031 1162 2104 liturgiaa
1191 2034 1323 2092 facit
1342 2041 1620 2109 sacerdos,
1647 2043 1873 2116 ﬁguram
1903 2048 2068 2104 refert

489 2116 716 2177 Joannis
782 2121 1146 2183 Praecursoris
1198 2137 1253 2185 et
1298 2131 1555 2200 Baptistae
1625 2136 2064 2205 praedicationem

490 2212 836 2282 suscipientis
869 2226 922 2271 et
940 2219 1209 2276 dicentis:
1240 2221 1652 2281 «Patnitentiam
1678 2227 1849 2297 agite;
1878 2244 2068 2299 approo

490 2305 775 2375 pinquavit
818 2309 962 2365 enim
1016 2324 1243 2381 regnum
1300 2315 1657 2372 caelorum".
1718 2338 1737 2371 ι
1795 2318 2066 2376 Diaconus

488 2412 639 2463 vero,
669 2398 1078 2471 sicutangclus,
1111 2404 1241 2460 dicit
1273 2421 1288 2459 :
1327 2423 1346 2459 ι
1369 2404 1526 2475 Jube,
1565 2406 1803 2476 domine,
1842 2410 2066 2466 benedi-

490 2504 648 2557 cere;
689 2509 707 2542 ι
744 2494 973 2560 requirit
1002 2511 1029 2548 a
1062 2498 1369 2566 sacerdote,
1407 2499 1459 2554 id
1486 2509 1570 2558 est
1598 2517 1627 2555 a
1656 2500 1972 2570 Divinitate,
2007 2513 2068 2558 ut

493 2593 679 2636 sancta
715 2585 969 2654 mysteria
1022 2588 1394 2655 perﬁciantur.
1427 2590 1529 2657 Qui
1570 2593 1940 2664 interpellatus
1971 2595 2069 2650 fuit

490 2674 745 2728 sacerdos
786 2685 842 2727 ut
879 2676 1279 2732 sanctissimam
1315 2680 1635 2737 Trinitatem
1677 2685 1729 2738 in
1774 2686 2068 2753 perfectio-

492 2779 615 2818 nem
662 2764 1038 2834 mysteriorum
1086 2767 1321 2834 invocet,
1355 2771 1489 2825 dicit
1523 2790 1537 2827 :
1573 2791 1592 2825 ι
1622 2771 1970 2831 Benedictum
1997 2779 2068 2834 sit

496 2868 755 2922 regnum;
800 2871 818 2904 ι
860 2855 1088 2924 populus
1114 2868 1293 2913 autem
1343 2861 1461 2916 vice
1492 2879 1586 2918 sua
1638 2866 1898 2922 divinitus
1946 2883 2068 2937 per-

496 2953 758 3010 mutatus,
785 2949 1242 3016 quemadmodum
1283 2954 1513 3023 apostoli
1550 2958 1921 3015 transl‘ormati
1947 2960 2067 3016 fue-

491 3042 638 3103 runt,
668 3052 791 3092 cum
822 3040 1018 3106 gaudio
1043 3048 1101 3095 et
1145 3042 1342 3098 timore
1388 3048 1679 3116 respondet
1714 3067 1728 3104 :
1772 3068 1791 3101 ι
1832 3050 2057 3118 Δωρίῳ

494 3127 547 3182 id
578 3137 660 3182 cst
690 3148 702 3183 :
736 3130 949 3183 veritas.
977 3128 1193 3200 incepta
1218 3131 1331 3201 jam
1366 3149 1520 3189 sacra
1553 3138 1767 3194 actione
1795 3149 1850 3194 et
1890 3142 2062 3210 prima

494 3222 744 3285 oratione
786 3222 1047 3291 perlecta,
1099 3223 1351 3292 leguntur
1375 3228 1622 3295 quaedam
1658 3242 1723 3283 ex
1765 3232 2065 3299 prophetis,

492 3324 558 3365 eo
585 3309 690 3383 line
720 3321 778 3365 ut
813 3320 1155 3380 perspectum
1200 3313 1272 3369 sit
1305 3315 1560 3384 praedicta
1608 3332 1758 3372 suam
1807 3320 2066 3376 habuisse

489 3403 858 3473 impletionetn
876 3414 931 3459 et
947 3404 1112 3460 Vetus
1128 3408 1875 3478 praecessisse'l‘estameutunt
1898 3430 1911 3469 ι
1932 3429 2068 3469 unus

494 3507 578 3550 est
607 3495 905 3564 legislator,
930 3498 1023 3568 qui
1053 3498 1105 3554 in
1134 3499 1337 3555 ultimis
1361 3502 1551 3558 diebus
1578 3504 1853 3583 apparuit,

2174 1975 2193 2009 t
2217 1955 2348 2011 Ἰδοὺ
2372 1956 2406 2026 ἡ
2437 1953 2712 2025 Παρθένος
2733 1956 2791 2008 ἐν
2814 1952 3013 2026 γαστρὶ
3039 1953 3202 2021 ἕξει-ι
3245 1954 3341 2007 καὶ
3372 1955 3478 2008 ὅσα
3501 1955 3635 2022 περὶ
3661 1952 3755 2005 τοῦ

2171 2049 2384 2113 πάθους
2412 2047 2506 2101 καὶ
2529 2047 2628 2118 τῆς
2666 2046 2846 2117 ταφῆς
2872 2048 2970 2100 καὶ
2998 2046 3100 2116 τῆς
3124 2046 3481 2109 ἀναστάσεως
3513 2044 3755 2115 προηγό-

2170 2157 2385 2213 ρευσενο
2420 2140 2478 2195 ἐν
2490 2139 2667 2210 τούτῳ
2687 2138 2798 2210 γὰρ
2819 2137 2897 2209 τῷ
2914 2136 3094 2208 καιρῷ
3117 2138 3210 2191 καὶ
3228 2139 3262 2207 ἡ
3281 2135 3377 2189 τοῦ
3394 2139 3755 2206 ἀποκεκρυμ-

2171 2232 2331 2303 μένου
2370 2229 2670 2302 μυστηρίου
2700 2228 2807 2300 πρὸ
2836 2226 3144 2296 καταϐολῆς
3174 2225 3383 2296 κόσμου
3420 2226 3750 2295 φανέρωσις.

2166 2324 2228 2376 τὸ
2256 2321 2427 2394 πέρας
2450 2318 2752 2385 ἐνεδέξατοο
2788 2320 2817 2372 6
2846 2318 2904 2372 δὲ
2949 2318 3129 2389 ἱερεὺς
3156 2320 3185 2371 6
3234 2320 3337 2387 τὴν
3388 2314 3612 2386 ἔναρξιν
3651 2314 3755 2383 τῆς

2168 2416 2319 2478 θείας
2347 2413 2694 2485 λειτουργίας
2726 2410 3073 2482 ποιούμενος,
3108 2410 3292 2463 εἰκόνα
3316 2408 3473 2479 φέρει
3494 2408 3593 2460 τοῦ
3617 2408 3754 2478 Προ-

2166 2505 2368 2577 δρόμου
2409 2504 2656 2558 Ἰωάννου
2695 2501 2790 2555 τοῦ
2840 2500 3170 2562 Βαπτιστοΰ,
3221 2499 3751 2569 προκαταρξαμένου

2167 2597 2261 2651 τοῦ
2286 2595 2639 2666 κηρύγματος
2656 2595 2758 2647 καί,
2786 2592 3038 2660 λέγοντος
3056 2607 3071 2621 ⁸
3104 2608 3123 2641 ι
3156 2591 3481 2644 Μετανοεῖτε
3506 2603 3520 2615 °
3555 2588 3751 2657 ἦγγικε

2169 2688 2276 2758 γὰρ
2304 2688 2337 2756 ή
2370 2685 2615 2756 βασιλεία
2637 2683 2744 2737 τῶν
2764 2682 3061 2754 οὐρανῶν.»
3097 2681 3260 2749 Λέγει
3286 2677 3381 2732 οὖν
3402 2682 3432 2732 6
3460 2678 3709 2740 διάκονος
3736 2695 3750 2710 ·

2175 2798 2195 2831 ι
2220 2778 2547 2847 Εὑλόγησον,
2584 2775 2838 2840 δέσποτα,
2863 2793 2880 2823 ι
2930 2771 3248 2841 αἰτούμενος
3282 2769 3421 2838 ὑπὲρ
3463 2769 3566 2837 τῆς
3604 2768 3753 2829 Θείας

2172 2866 2562 2940 μυσταγωγίας
2592 2864 2729 2934 πρὸς
2752 2863 2844 2916 τὸν
2872 2863 3046 2933 ἱερέα,
3087 2859 3334 2913 τουτέστι
3361 2857 3500 2928 πρὸς
3524 2857 3627 2926 τὴν
3640 2856 3753 2909 056-

2166 2974 2324 3027 τητασ
2344 2956 2438 3010 καὶ
2458 2953 2929 3026 προσκαλούμενος
2944 2955 2973 3005 6
2985 2952 3163 3024 ἱερεὺς
3176 2950 3271 3005 τοῦ
3288 2950 3543 3019 ἐπιφοιτῆ
3551 2966 3643 3001 σαι
3660 2949 3753 3017 τὴν

2167 3049 2328 3118 ἁγίαν
2360 3048 2563 3118 Τριάδα
2587 3049 2699 3109 τοῖς
2732 3045 3074 3116 μυστηρίοις,
3095 3042 3275 3113 λέγει’
3298 3062 3317 3093 ι
3346 3038 3752 3110 Εὐλογημένηή

2173 3140 2438 3212 βασιλεία·
2470 3162 2490 3192 ι
2527 3142 2556 3194 6
2585 3138 2642 3193 δὲ
2662 3138 2786 3202 λαὸς
2811 3138 3123 3200 ἀλλοιωθεὶς
3158 3136 3257 3207 τὴν
3275 3135 3424 3188 θείαν
3443 3133 3749 3197 ἀλλοίωσιν,

2170 3232 2248 3296 ώς
2267 3234 2358 3285 ἐπὶ
2384 3232 2486 3297 τῆς
2538 3227 3018 3302 μεταμορφώσεως
3050 3230 3099 3281 οἰ
3136 3225 3454 3289 ἀπόστολοι,
3497 3224 3641 3295 μετὰ
3666 3240 3754 3292 κα·

2174 3327 2272 3396 ρᾶς
2291 3324 2382 3377 καὶ
2403 3322 2568 3391 φόϐου
2586 3321 2940 3391 ἀποκρίνεται
2971 3335 3018 3370 ⁸(
3056 3319 3111 3370 Ἀ
3122 3318 3246 3389 μήν’
3279 3337 3299 3369 ι
3321 3316 3597 3376 τουτέστι,
3626 3315 3753 3383 ἀλή-

2172 3417 2313 3470 θεια.
2331 3415 2667 3485 Ἀρχομένης
2687 3413 2743 3466 δέ
2763 3412 2862 3482 τῆς
2876 3411 3026 3473 θείας
3053 3410 3360 3481 ἱερουργίας
3382 3407 3753 3480 παραλέγεται

2184 3508 2324 3578 μετά
2374 3508 2472 3577 τὴν
2513 3505 2743 3575 πρώτην
2784 3505 3004 3573 αἴτησιν
3053 3502 3123 3556 τὰ
3152 3501 3489 3572 προφητικά,
3514 3500 3634 3568 ἅμα
3658 3501 3752 3568 μὲν

489 3588 566 3651 ώς
593 3592 1057 3662 προανακηρυκτά
1103 3594 1172 3647 τὰ
1197 3593 1562 3663 ἀναφανέντα,
1603 3596 1720 3667 άμα
1767 3598 1824 3651 δὲ
1872 3599 1969 3652 καὶ
2005 3599 2080 3665 ὡς
2118 3600 2584 3674 προηγησαμένης
2632 3600 2731 3669 τῆς
2757 3598 3002 3655 Παλαιᾶς
3049 3595 3349 3666 Διαθήκης·
3389 3588 3472 3655 εἷς
3523 3591 3747 3663 νομοθέ-

489 3698 610 3750 της,
641 3676 798 3744 οὗτος
814 3683 842 3734 6
860 3682 1145 3753 γεννηθεὶς
1171 3684 1261 3737 ἐπ’
1278 3684 1524 3755 ἐσχάτων
1540 3685 1649 3738 τῶν
1671 3687 1894 3758 ἡμερῶν
1919 3688 2311 3760 ἐχρημάτισεν.

563 3773 651 3827 l2.
690 3772 979 3828 Sciendum
997 3776 1250 3857 estquod
1281 3776 1438 3831 initio
1462 3776 1721 3848 cujusque
1743 3777 1921 3846 oliicii,
1954 3781 2069 3835 sive

498 3864 748 3919 matutini
779 3865 895 3921 sive
922 3866 1169 3930 serotini,
1200 3866 1378 3934 primo
1419 3878 1694 3921 canuntur
1733 3869 1923 3938 psalmi
1959 3868 2068 3923 Ve-

495 3957 629 4012 teris
683 3956 1018 4012 'l‘estamenti
1054 3974 1068 4011 :
1102 3956 1297 4013 deinde
1334 3958 1533 4014 cantici
1585 3959 1719 4031 legis
1759 3963 1972 4032 gratias,
2012 3974 2070 4017 ut

490 4063 681 4104 omnes
731 4057 1064 4118 cognoscant
1110 4065 1277 4103 unum
1306 4064 1428 4106 esse
1457 4060 1513 4106 et
1539 4053 1788 4107 eumdem
1817 4052 1986 4107 Deum
2017 4064 2070 4109 ct

462 4142 782 4198 'DOminum
812 4141 1112 4207 Christum,
1150 4142 1242 4213 qui
1279 4157 1415 4197 nova
1463 4152 1518 4199 et
1569 4154 1753 4200 vetera
1803 4146 2064 4203 condidit.

492 4233 721 4304 Expleta
773 4234 948 4303 prima
1007 4235 1277 4298 oratione,
1302 4235 1379 4289 uti
1413 4235 1525 4306 jam
1576 4236 1779 4293 dictum
1822 4236 1946 4304 fuit,
1979 4254 2075 4293 ca-

495 4339 700 4380 nuntur
759 4327 1089 4394 antipltonat,
1123 4326 1298 4395 primo
1345 4338 1403 4382 ut
1448 4344 1607 4384 omne
1654 4330 1853 4393 bonum
1900 4331 2071 4386 conli-

2247 3781 2332 3853 ιβ’.
2367 3779 2487 3851 Χρὴ
2515 3780 2571 3833 δέ
2601 3778 2896 3849 γινώσκειν
2919 3778 3002 3832 ὅτι
3051 3779 3110 3828 ἐν
3129 3777 3270 3847 ἀρχῇ
3303 3776 3493 3845 πάσης
3519 3773 3750 3843 ἑωθινῆς

2174 3889 2235 3925 τε
2264 3872 2358 3926 καὶ
2381 3871 2641 3941 λυχνικῆς
2670 3869 2912 3939 τελετῆς,
2943 3867 3160 3938 πρῶτον
3190 3867 3291 3936 τῆς
3325 3867 3574 3928 Παλαιᾶς
3611 3866 3737 3936 dari).-

2175 3964 2361 4017 λονται
2384 3964 2432 4016 οἱ
2454 3961 2684 4032 ψαλμοὶ,
2713 3955 2836 4012 εἶτα
2861 3959 2960 4027 τῆς
2983 3959 3111 4032 νέας
3155 3959 3384 4030 χάριτος
3428 3957 3674 4028 ᾅσματα,
3706 3956 3769 4008 ἶν’

2178 4055 2353 4124 ἔχοιεν
2384 4053 2587 4106 εἰδέναι
2617 4052 2842 4113 πάντες,
2886 4050 2962 4113 ώς
2984 4043 3064 4113 εἷς
3091 4050 3183 4101 καὶ
3214 4048 3377 4111 αὐτὸς
3424 4049 3455 4101 ὀ
3496 4047 3632 4110 Θεὸς
3663 4048 3755 4103 καὶ

2177 4145 2456 4215 Δεσπότης
2473 4143 2621 4197 ἐστὶν
2636 4145 2663 4196 6
2682 4140 2854 4195 ταῦτα
2868 4143 3096 4195 κάκεῖνα
3111 4140 3481 4210 νομοθετήσας
3500 4140 3752 4209 Χριστός.

2178 4238 2432 4311 ’ᾼδονται
2455 4233 2764 4305 τοιγαροῦν,
2801 4232 2875 4296 ώς
2929 4230 3167 4302 εἴρηται,
3219 4230 3358 4301 μετὰ
3387 4232 3487 4301 τὴν
3532 4231 3754 4301 πρώτην

2177 4318 2392 4398 αἴτησιν
2423 4327 2491 4379 τὰ
2525 4324 2824 4392 ἀντίφωνα,
2868 4321 3086 4393 πρῶτον
3124 4321 3223 4391 μὲν
3241 4323 3671 4391 προτρεπᾶμενα
3698 4321 3753 4371 τέ

496 4431 757 4491 teaturet
788 4421 1068 4477 deferatur
1096 4420 1346 4490 Domino,
1375 4421 1467 4492 qui
1486 4421 1715 4477 salutem
1749 4423 1932 4492 generi
1961 4423 2063 4481 ltu-

2175 4422 2375 4492 ἀγαθὸν
2401 4421 2463 4474 τὸ
2489 4417 2929 4489 ἐξομολογεῖσθαι
2949 4416 3027 4486 τῷ
3058 4415 3250 4487 Κυρίῳ
3275 4415 3355 4485 τῷ
3381 4416 3637 4486 τεχθέντι
3670 4418 3754 4467 ἐπὶ

492 4530 655 4570 mauo
712 4514 939 4581 tribuit;
985 4515 1181 4571 deinde.
1236 4530 1428 4585 magna
1486 4530 1621 4570 voce
1674 4517 2062 4586 proclamant:

499 4617 520 4657 ε
554 4600 817 4656 Dominus
853 4604 1118 4673 regnavit,
1155 4621 1174 4655 ι
1206 4604 1257 4658 id
1293 4613 1421 4658 est:
1456 4605 1628 4674 Magis
1654 4613 1844 4674 regnat
1884 4604 2068 4658 Domi-

501 4709 626 4758 nus,
666 4691 779 4747 Rex
833 4702 959 4747 ante
1010 4693 1231 4763 sarcula,
1265 4695 1353 4762 qtti
1405 4696 1663 4751 humilem
1721 4712 1936 4755 carnem
1975 4713 2121 4767 ιιοςικ

494 4796 664 4840 stram
707 4785 884 4841 induit
919 4794 971 4839 et
1006 4800 1226 4840 carnem
1251 4787 1391 4842 hanc
1413 4788 1664 4842 virtutem
1697 4789 2071 4857 proclamavit,

495 4878 598 4932 etsi
658 4877 946 4954 plerisque
982 4878 1033 4931 in
1077 4893 1238 4933 cruce
1290 4879 1582 4947 ignominia
1632 4882 1947 4949 apparuerit
2015 4890 2070 4934 et

496 4973 614 5038 ipse
643 4970 899 5024 habuerit
928 4970 1069 5023 servi
1108 4959 1432 5040 cognomen.
1466 4969 1618 5026 Sicut
1651 4988 1740 5026 rex
1788 4972 1877 5041 qui
1920 4981 2074 5041 pote-

495 5068 688 5114 staletu
719 5071 773 5113 et
798 5058 1051 5112 virtutem
1079 5059 1132 5113 in
1169 5075 1230 5113 se
1276 5060 1393 5128 ipso
1436 5061 1619 5125 habet,
1660 5068 1713 5115 et
1745 5060 1828 5114 his
1873 5062 1939 5114 ad
1976 5062 2075 5114 de-

496 5166 529 5220 p
567 5150 777 5207 Ileudos
830 5150 1078 5215 inimicos
1129 5167 1233 5213 non
1278 5153 1446 5206 utitur
1476 5193 1490 5216 ,
1520 5155 1694 5207 serius
1728 5142 1908 5207 autt-ut
1944 5168 2068 5208 cum

493 5242 741 5297 subditos
778 5242 965 5297 ulcisci
1006 5243 1260 5306 voluerit,
1308 5245 1553 5313 exsurgit
1594 5255 1649 5298 et
1679 5248 1903 5314 parvulo
1929 5260 2073 5314 quo-

497 5336 618 5387 dam
660 5335 763 5387 ιυιο
789 5335 970 5392 hostes
1003 5335 1267 5399 confodit,
1291 5345 1347 5390 et
1378 5337 1429 5390 in
1456 5337 1706 5407 abyssum
1747 5337 2068 5405 perditionis

495 5426 758 5491 dettudit,
784 5428 851 5482 ab
882 5428 1137 5484 omnibus
1176 5428 1463 5499 tyrannide
1494 5427 1754 5493 liberatis,
1791 5430 1887 5482 has
1921 5430 2072 5482 audit

497 5534 659 5572 voers
691 5535 703 5569 :
748 5536 764 5569 ι
804 5516 955 5573 Nunc.
994 5524 1239 5591 regnavit
1274 5522 1531 5577 Dominus
1558 5531 1765 5582 noster,
1798 5535 1942 5573 nunc
1968 5519 2075 5573 vir-

500 5621 668 5675 tutem
708 5613 923 5671 induit:
968 5633 986 5664 ι
1027 5613 1313 5677 consilium
1360 5613 1477 5683 ejus
1540 5625 1592 5668 et
1644 5614 1863 5667 ultionis
1922 5612 2068 5666 desi-

598 5784 771 5839 "luto
807 5788 1035 5842 t‘slulaclt.
1086 5805 1163 5855 ιιι,
1201 5791 1219 5842 l
1255 5808 1267 5859 ;
1306 5798 1432 5849 an.
1486 5808 1578 5859 \‘ll,
1611 5792 1699 5859 Ξῖ.

1783 5798 1822 5825 ’³
1859 5792 1959 5848 lsa.
1997 5809 2086 5857 vn,
2128 5792 2219 5857 ll;
2257 5791 2445 5845 Mullh.
2490 5807 2526 5854 t,
2563 5790 2653 5845 :13.

2175 4512 2452 4582 σωτηρίαν
2478 4508 2683 4572 παντὸς
2720 4506 2815 4561 τοῦ
2859 4506 3205 4578 ἀνθρωπίνου
3237 4506 3452 4575 γένους·
3503 4506 3753 4577 δεύτερον

2170 4604 2508 4676 κηρύττοντα
2542 4598 2943 4672 μεγαλοφώνως
2964 4600 3047 4664 τὸ,
3094 4619 3113 4652 ι
3163 4600 3222 4653 '0
3242 4600 3446 4670 Κύριος
3471 4600 3753 4652 ἐδασελευ-

2176 4713 2320 4758 σεν,ι
2343 4694 2609 4759 τουτέστι,
2639 4692 2735 4748 νῦν
2761 4691 3023 4762 μειζόνως
3054 4690 3329 4762 βασιλεύει
3362 4692 3393 4743 6
3417 4690 3527 4761 πρὸ
3548 4690 3757 4744 uicinum

2179 4785 2435 4858 βασιλεὺς
2478 4783 2707 4855 Κύριος,
2734 4782 3096 4851 ἐνδυσάμενος
3141 4786 3240 4851 τὴν
3267 4780 3532 4850 ταπεινὴν
3557 4779 3757 4845 ταύτην

2181 4879 2362 4949 σάρκα
2385 4876 2565 4947 ἡμῶν,
2596 4876 2662 4946 ἢν
2692 4875 2787 4928 καὶ
2827 4874 3060 4944 δύναμιν
3099 4873 3538 4944 προσηγόρευσε,
3594 4873 3757 4925 διαθά-

2175 4989 2282 5041 περ
2308 4970 2404 5041 τὴν
2430 4966 2693 5022 δοκοῦσαν
2717 4969 2831 5030 τοῖς
2862 4967 3073 5029 πολλοῖς
3105 4967 3371 5036 αἰσχύνην
3416 4964 3517 5035 τὴν
3543 4966 3639 5017 ἐπὶ
3666 4962 3753 5015 τοῦ

2176 5061 2435 5131 σταυροῦ,
2462 5057 2650 5123 ᾃοῦλον
2671 5059 2835 5113 αὐτὸν
2868 5057 3226 5126 ἐπωνόμασεν
3253 5072 3267 5086 ο
3297 5054 3492 5122 ῶσπερ
3519 5056 3631 5126 γὰρ
3662 5056 3756 5124 βα-

2177 5154 2360 5218 σιλεύς
2396 5170 2482 5217 τις
2499 5155 2587 5207 ἀεὶ
2622 5151 2721 5225 μὲν
2748 5151 2810 5204 τὸ
2832 5151 3041 5219 κράτος
3086 5148 3181 5201 καὶ
3208 5147 3310 5216 τὴν
3346 5147 3584 5217 δύναμιν
3620 5147 3753 5216 ἔχων

2175 5247 2232 5298 ἐν
2257 5245 2457 5314 ἐαυτῷ,
2488 5246 2582 5299 καὶ
2616 5244 2690 5314 μὴ
2733 5240 3076 5313 κεχρημένος
3108 5240 3322 5301 τούτοις
3367 5240 3510 5309 πρὸς
3540 5240 3752 5306 ἄμυναν

2177 5336 2285 5388 τῶν
2306 5335 2538 5405 ἐχθρῶν,
2566 5332 2793 5403 ὕστερον
2829 5332 2885 5384 δὲ
2918 5331 3089 5384 θέλων
3130 5330 3419 5397 ἐκδικῆσαι
3468 5331 3598 5390 τοὺς
3654 5328 3752 5379 ὐπ-

2177 5427 2397 5497 ηκόους,
2428 5424 2720 5487 διαναστὰς
2738 5425 2795 5476 ἐν
2827 5422 3045 5494 σμικρῷ
3078 5440 3183 5477 τινι
3211 5423 3362 5492 ὅπλῳ
3410 5421 3606 5492 θραύει
3636 5425 3752 5481 τοὺς

2182 5519 2497 5589 πολεμίους·
2544 5518 2639 5571 καὶ
2675 5516 2827 5587 βυθῷ
2858 5515 3133 5579 ἀπωλείας
3184 5515 3410 5597 “cod-top;
3457 5514 3744 5585 παραδοὺς,

2179 5610 2368 5666 ἀκούει
2417 5609 2569 5680 παρὰ
2619 5608 2836 5661 πάντων
2876 5606 2983 5659 τῶν
3014 5606 3499 5677 ἐλευθερωθέντων
3524 5608 3620 5675 τῆς
3667 5620 3746 5655 τυ-

2736 5789 2776 5819 ¹⁶
2807 5786 2994 5839 Matth.
3023 5802 3102 5849 tu,
3126 5785 3180 5838 9..
