3964 6322
253 337 401 400 3993

1322 344 1931 409 COMMENTARIUS
1968 347 2468 408 LITURGICUS.

3340 320 3353 330 ’
3393 342 3535 407 3994

257 448 529 520 ραννίδος,
556 467 574 499 ι
603 447 719 501 Νῦν
742 447 1135 505 ἐϐασίλευσενό
1153 453 1437 525 Δεσπότης
1461 456 1758 524 ἡμῶν,›νῦν
1774 460 1849 511 ὲν-

1957 455 2164 510 devium
2197 470 2422 525 regnum
2445 463 2501 509 et
2536 453 2791 508 virtutem
2835 452 3145 520 appellant:
3186 451 3267 505 sic
3314 460 3368 507 et
3410 469 3536 523 pto-

255 540 494 596 εδύσατο
514 538 769 609 δύναμιν-
800 559 820 591 t
848 540 947 612 τὴν
980 540 1177 613 βουλὴν
1197 544 1363 597 αὐτοῦ
1391 546 1483 599 καὶ
1505 545 1603 616 τὴν
1622 545 1840 617 θέλησιν

222 690 233 701 ί
257 632 362 699 τῆς
381 630 734 700 ἐκδικήσεως,
760 629 1041 701 βασιλείαν
1065 633 1160 686 καὶ
1176 632 1408 702 δύναμιν
1429 634 1833 707 ὀνομαζόντων·

259 720 439 785 οὕτως
468 721 560 772 καὶ
582 721 611 772 6
642 721 937 792 Προφήτης
955 724 1209 796 προορῶν
1231 726 1329 797 τὴν
1352 727 1410 780 ὲν
1442 728 1606 797 σαρκὶ
1632 745 1842 799 παρουο

263 814 388 866 σίαν
409 813 503 866 τοῦ
543 812 680 866 Θεοῦ
727 816 931 882 Λόγου,
963 816 1054 870 τὸν
1075 819 1269 889 χρόνον
1306 821 1399 873 καὶ
1428 820 1527 890 τὴν
1565 822 1848 891 ἐκδίκησιν

259 902 360 956 τοῦ
393 903 741 975 ἀνθρωπίνου
772 906 983 973 γένους,
1016 908 1117 977 τήν
1145 924 1205 960 τε
1253 908 1347 961 τοῦ
1394 909 1591 980 ἐχθροῦ
1627 911 1848 964 καὶτῶν

212 992 217 997 ’
265 997 366 1049 σὺν
402 996 552 1066 αύτῷ
599 996 871 1066 δαιμόνων
915 998 1235 1063 κατάλυσιν,
1268 998 1348 1054 ἔτι
1378 1017 1442 1070 γε
1471 1003 1581 1072 μὴν
1611 1002 1708 1055 καὶ
1740 1002 1845 1056 τοῦ·

262 1087 501 1142 θανάτου
532 1089 824 1160 νέκρωσιν,
879 1093 975 1143 καὶ
1008 1091 1108 1161 τὴν
1128 1093 1236 1145 τῶν
1266 1094 1398 1163 παρ’
1465 1094 1632 1148 αὐτοῦ
1696 1113 1838 1149 κατ-

262 1179 543 1248 εχομένων
575 1180 911 1252 ἐλευθερίαν,
943 1182 1039 1235 καὶ
1062 1184 1229 1237 οίονεὶ
1250 1188 1313 1255 τῇ
1348 1188 1715 1257 γεννήσειτοῦ
1744 1188 1858 1240 Κυ-

265 1274 387 1339 ρόυ
413 1271 605 1340 παρὼν
646 1271 726 1340 τῷ
757 1273 1026 1345 σπηλαίῳ,
1065 1275 1183 1339 tam
1212 1277 1327 1330 Νῦν
1355 1277 1854 1344 ἐδασίλευσεν,ἐξεα

263 1355 539 1428 φὼνησεν,
564 1379 582 1410 t
604 1360 700 1414 καὶ
729 1379 748 1411 ι
771 1362 887 1415 Νῦν
909 1361 1195 1416 ἐνεδύσατο
1216 1364 1471 1436 δύναμιν·
1486 1385 1505 1417 ι
1529 1368 1629 1437 ούχ
1655 1368 1730 1431 ὡς
1753 1369 1853 1439 ούχ

265 1447 623 1519 ὑπάρχουσαν
660 1453 793 1522 παρ’
832 1451 1001 1523 αὐτῷ,
1044 1453 1159 1506 ἀλλ’
1181 1453 1256 1517 ὡς
1303 1455 1389 1508 άεὶ
1413 1455 1515 1525 μὲν
1553 1458 1844 1525 συνοῦσαν,

263 1541 346 1602 εἰς
380 1541 767 1613 προορώμενον
819 1542 878 1596 δὲ
939 1543 1134 1612 καιρὸν
1170 1545 1581 1617 ταμιευομένην
1644 1548 1847 1619 ἐκλάμ-

1948 549 2132 619 pheta,
2188 562 2312 603 cum
2382 548 2719 618 praevidisset
2780 544 2939 600 Verbi
2982 544 3077 598 Dei
3112 545 3453 614 praesentiam
3482 548 3533 600 itt

1951 655 2117 694 carne
2149 645 2407 704 humana,
2442 648 2652 704 tempus
2685 637 2977 691 ulciscendi
3014 651 3185 705 genus
3217 636 3533 699 humanum,

1952 730 2127 784 hostis
2167 737 2222 783 et
2272 728 2733 787 consociatorum,
2770 726 3161 780 daemoniorum
3216 725 3534 780 dissolutio.

1958 840 2105 887 nem,
2138 823 2330 878 mortis
2364 837 2585 891 quoque
2613 820 3113 885 mortiﬁcationem,
3140 829 3196 874 et
3228 819 3532 873 libertatem

1954 929 2139 969 eorum
2187 927 2324 983 quos
2353 912 2684 976 detinuerat,
2726 910 2826 964 etsi
2872 920 3082 963 tantum
3128 909 3194 962 ad
3221 907 3531 977 speluncam

1956 1006 2252 1062 nativitatis
2300 1004 2512 1059 Domini
2557 1002 2830 1068 adfuerit,
2866 1002 2979 1072 jam
3026 1001 3154 1055 illud
3197 1001 3529 1070 praecinuit:

1961 1096 2141 1151 «Nunc
2161 1095 2428 1164 regnavit,
2447 1108 2588 1147 nunc
2606 1095 2859 1148 virtutem
2888 1094 3060 1146 imluit
3079 1109 3127 1157 ς»
3155 1108 3259 1145 non
3279 1106 3343 1144 eo
3369 1105 3533 1146 sensu

1955 1201 2020 1242 ac
2047 1187 2092 1242 si
2125 1186 2389 1256 inciperet
2416 1186 2588 1238 virtus
2620 1184 2673 1237 in
2707 1183 2815 1250 illo,
2846 1185 2941 1238 sed
2967 1194 3223 1252 tauquam
3243 1182 3530 1245 inhaerens,

1953 1280 2021 1332 ad
2101 1278 2388 1346 pra-visum
2454 1285 2511 1330 et
2574 1276 2889 1343 adaptatum
2960 1286 3172 1343 tempus
3231 1281 3530 1326 reservata.

1954 1370 2257 1424 Consuevit
2302 1369 2543 1438 Spiritus
2573 1367 2746 1421 sancti
2781 1367 2975 1435 gratia,
3010 1381 3130 1431 quae
3169 1364 3353 1419 omnia
3399 1378 3534 1416 cou-

1952 1464 2155 1529 firmat,
2221 1463 2404 1517 futura
2463 1471 2722 1531 tanquam
2778 1461 3069 1530 praesentia
3125 1460 3205 1512 vel
3258 1458 3531 1526 praeterita

1950 1554 2298 1610 annuntiare.

260 1634 385 1703 ψαι,
450 1635 652 1688 ΕΓῶθεν
681 1636 738 1689 δὲ
778 1639 812 1709 ή
841 1636 938 1690 τοῦ
974 1637 1295 1709 Πνεύματος
1325 1642 1487 1711 χάρις
1534 1641 1568 1710 ἡ
1620 1642 1841 1708 πάντως
1865 1643 2161 1719 βεϐαιοῦσα
2206 1650 2277 1705 τά
2326 1651 2590 1722 μέλλοντα
2629 1646 2706 1712 ὡς
2751 1643 3025 1701 ἐνεστῶτα
3064 1641 3157 1696 καὶ
3185 1636 3531 1711 γεγενημένα

260 1725 682 1797 ἁνακηρὲττειν.

338 1821 427 1883 ιγ’.
469 1815 833 1869 Συντέτακται
859 1816 917 1870 δέ
942 1815 1021 1887 τῷ
1047 1816 1191 1871 τέλει
1223 1817 1319 1872 τοῦ
1345 1819 1564 1890 πρώτου
1590 1822 1831 1891 ἀντιφώ-

2025 1816 2123 1883 l5.~
2161 1828 2356 1883 Prinne
2401 1825 2709 1898 antiphonaa
2744 1824 2997 1894 adjicitur
3040 1843 3063 1880 τ

259 1925 356 1963 νου
374 1907 485 1972 τὺ,‹
505 1908 640 1971 Ταῖς
668 1907 987 1978 πρεσϐείαις
1009 1910 1106 1979 τῆς
1123 1909 1389 1964 Θεοτόκου
1421 1911 1595 1965 σῶσον
1613 1910 1762 1984 ἡμᾶς
1782 1930 1795 1945 ο
1825 1935 1846 1967 ι

258 2000 405 2063 τίνος
430 1998 610 2070 χάριν,
645 1999 679 2069 ἢ
718 2000 936 2061 πάντως
965 1998 1259 2069 βεϐαιοῦσα
1286 2000 1358 2054 τὰ
1389 2002 1656 2074 πρότερον
1685 2006 1840 2076 εἰρη-

264 2092 403 2162 μένα
469 2090 621 2161 παρὰ
654 2089 820 2145 αὑτοῦ
872 2089 1046 2143 τύπου
1106 2095 1237 2162 περὶ
1293 2092 1393 2163 τῆς
1434 2094 1848 2164 Ἀειπαρθένου;

262 2182 371 2238 Τοῦ
398 2184 652 2254 δευτέρου
669 2184 727 2237 δὲ
755 2184 818 2236 τὸ
844 2184 1125 2254 ἐφύμνιον,
1164 2202 1183 2236 ε
1213 2186 1348 2249 Ταῖς
1388 2187 1707 2257 πρεσϐείαις
1740 2183 1849 2241 τῶν

260 2274 436 2344 ἁγίων
466 2287 615 2327 σουοι
638 2274 760 2327 ἐπεὶ
782 2274 890 2344 γὰρ
919 2273 1060 2345 ὑπὲρ
1084 2274 1193 2328 τῶν
1225 2274 1412 2346 ψυχῶν
1441 2277 1533 2329 καὶ
1553 2264 1839 2349 συγχωρή-

261 2383 402 2428 σεως
424 2367 788 2436 πταισμάτων
824 2364 924 2435 τὴν
955 2365 1109 2439 θείαν
1136 2365 1400 2436 τελοῦμεν
1436 2368 1850 2437 μυσταγωγίαν,

257 2457 488 2519 εἰκότως
514 2457 589 2520 ὠς
614 2456 927 2527 ὑπερτέραν
950 2456 1116 2510 οὖσαν
1139 2456 1238 2528 τὴν
1277 2458 1415 2511 Θεοῦ
1450 2460 1682 2529 Μητέρα
1716 2462 1854 2514 πάν-

260 2566 374 2602 των
398 2548 508 2600 τῶν
537 2547 729 2615 ἁγίων,
761 2549 794 2619 ἢ
827 2550 924 2602 καὶ
960 2548 1142 2602 αὐτῶν
1180 2548 1290 2601 τῶν
1316 2550 1659 2619 ἐπουρανίων
1690 2552 1852 2606 δυνά-

267 2657 438 2708 μεων,
467 2641 548 2700 είς
581 2639 791 2692 ἱκεσίαν
820 2638 1316 2710 προσκαλούμεθαο
1357 2636 1479 2693 εἷτα
1507 2643 1634 2706 τοὺς
1664 2645 1855 2714 εὐαρε-

263 2731 568 2800 στήσαντας
587 2729 661 2799 τῷ
677 2730 880 2801 ταύτης
896 2731 1032 2801 mp.
1053 2731 1129 2784 Τδ
1146 2732 1220 2798 δὲ,
1239 2751 1257 2785 t
1279 2732 1337 2786 '0
1356 2732 1649 2804 μονογενὴς
1666 2733 1811 2798 Υἱὸς,
1827 2753 1845 2785 t

260 2822 419 2892 παρά
465 2819 561 2873 τοῦ
620 2820 883 2891 βασιλέως
953 2823 1336 2878 Ἰουστινιανοῦ
1397 2825 1831 2895 ἐμπειρώνηται’

260 2914 405 2984 ὅπερ
451 2913 745 2977 δείκνυσιν,
797 2913 875 2976 ὡς
923 2917 951 2969 ὁ
977 2914 1108 2979 Υἱὸς
1136 2915 1234 2968 τοῦ
1269 2914 1405 2969 Θεοῦ
1438 2917 1727 2986 ἀτρέπτως
1756 2917 1853 2970 καὶ

262 3004 554 3075 ἅνθρωπος
573 3005 943 3078 ἐχρημάτισεν
970 3008 1063 3061 ἐπὶ
1111 3008 1358 3079 σωτηρίᾳ
1383 3008 1478 3062 τοῦ
1508 3008 1851 3080 ἀνθρωπίνου

184 3120 193 3127 ·
262 3098 482 3164 γένους.

3125 1844 3145 1876 σ
3200 1821 3306 1879 Per
3363 1825 3537 1879 inter-

1957 1921 2260 1974 cessionem
2313 1921 2404 1974 Dei
2450 1918 2769 1984 Genitrtcis,
2800 1919 2950 1973 salva
2986 1932 3104 1972 nos.
3145 1937 3163 1969 ο
3202 1917 3428 1983 Quare?
3473 1917 3538 1972 Ut

1958 2012 2069 2075 illa,
2112 2025 2233 2081 quae
2276 2026 2493 2080 semper
2537 2012 2690 2079 virgo
2730 2010 3055 2079 permansit,
3100 2008 3366 2079 postulata
3400 2024 3536 2063 cou-

1959 2106 2158 2158 firtnet.
2193 2104 2391 2159 Deinde
2430 2104 2495 2158 ad
2540 2104 2701 2158 finem
2738 2104 2923 2174 hymni
2956 2102 3193 2167 canitur,
3263 2120 3282 2152 ι
3320 2117 3414 2171 per
3450 2102 3536 2154 iu-

1957 2191 2343 2247 tercessionem
2401 2200 2718 2244 sanctorum
2772 2199 3013 2244 tuorum.
3052 2208 3072 2242 t
3141 2190 3354 2244 Etenim
3412 2202 3535 2241 cum

1957 2297 2053 2353 pro
2108 2283 2410 2336 animarum
2467 2282 2643 2336 salute
2697 2290 2753 2335 et
2807 2294 3152 2350 peccatorum
3215 2279 3537 2335 remissione

1957 2387 2112 2427 sacra
2150 2373 2491 2428 celebramus
2521 2372 2799 2443 mysteria,
2836 2373 3408 2426 convenientissimunt
3455 2380 3538 2426 est

1956 2476 2013 2519 ut
2036 2466 2289 2519 omnibus
2319 2463 2523 2518 sanctis
2543 2472 2596 2517 et
2617 2460 2934 2517 caelestibus
2964 2461 3258 2516 virtutibus
3290 2462 3539 2528 superio-

1956 2572 2068 2611 rem
2108 2556 2335 2610 Matrem
2365 2555 2458 2609 Dei
2491 2556 2543 2609 in
2589 2553 2921 2622 adjutorium
2965 2553 3311 2616 invocemus,
3343 2553 3538 2607 deinde

1959 2649 2078 2701 illus
2110 2648 2198 2717 qui
2233 2646 2372 2701 Ftlio
2403 2646 2523 2713 ejus
2566 2660 2728 2716 quant
2762 2646 3000 2698 maxime
3032 2644 3371 2714 placuerunt.
3399 2643 3535 2697 Illud

1961 2758 1980 2790 ι
2016 2739 2332 2808 Unigcnitus
2361 2737 2588 2801 Filius,t
2623 2736 2691 2789 ab
2720 2735 3052 2804 imperatore
3077 2731 3386 2788 Iustiniano
3407 2748 3535 2802 pro-

1917 2858 1923 2863 -
1954 2832 2259 2894 clamatur;
2293 2828 2531 2883 ostendit
2560 2825 3060 2881 incommutabilem
3090 2824 3286 2879 Filium
3311 2825 3403 2879 Dei
3442 2827 3540 2880 ho-

1958 2925 2155 2977 tninem
2189 2919 2394 2975 factum
2421 2919 2590 2974 fuisse
2614 2932 2712 2988 pro
2734 2918 2910 2972 salute
2939 2917 3158 2987 generis
3191 2917 3437 2971 humani.

351 3188 409 3242 ,ο
442 3189 619 3257 ιερεὺς
654 3187 937 3259 ἐξέρχεται
991 3188 1278 3260 βαστάζων
1298 3192 1357 3246 τδ
1384 3191 1741 3260 Εὐαγγέλιον,
1770 3191 1845 3255 ὡς

2008 3190 2298 3261 Egreditur
2316 3187 2571 3245 sacerdos
2590 3186 2836 3242 deferens
2846 3185 3192 3256 Evangelium
3226 3184 3368 3239 sicut
3393 3183 3544 3239 Chri-

260 3282 292 3334 6
325 3281 557 3351 Χριστὸς
573 3282 662 3333 τὸν
694 3280 944 3350 σταυρόνο
995 3282 1046 3334 εἰ
1089 3282 1145 3336 δὲ
1189 3285 1218 3336 6
1254 3283 1503 3347 διάκονος
1542 3284 1823 3352 βαστάζει,

267 3375 520 3443 μιμεῖται
547 3371 641 3426 τὸν
669 3373 1082 3444 άγγαρευθέντα
1106 3375 1352 3445 Σίμωνα.
1410 3376 1495 3429 Τά
1534 3376 1703 3448 κηρία
1726 3377 1847 3446 ὀψι-

266 3464 500 3518 κεύοντα
530 3466 585 3517 ἐν
610 3466 676 3535 τῇ
707 3465 920 3536 εἰσόδῳ,
977 3465 1285 3521 δεικνύουσι
1313 3467 1373 3521 τὸ
1414 3466 1557 3520 θεῖον
1591 3467 1728 3537 φῶς.
1777 3468 1849 3520 Ἠ

270 3556 456 3627 μέντοι
486 3556 691 3619 εἴσοδος
736 3555 831 3609 τοῦ
867 3557 1172 3627 ἀρχιερέως
1204 3557 1302 3627 τὴν
1328 3558 1423 3610 ἐπὶ
1452 3558 1546 3612 τοῦ
1584 3558 1849 3630 Ἰορδάνου

264 3646 538 3711 ανάδειξιν
586 3646 682 3700 τοῦ
746 3647 984 3716 Χριστοῦ
1037 3648 1134 3701 καὶ
1155 3648 1291 3701 Θεοῦ
1323 3648 1498 3719 ἡμῶν·
1539 3649 1701 3720 μέχρι
1742 3649 1852 3720 γάρ

264 3733 495 3798 ταύτης,
530 3736 579 3787 εί
607 3734 705 3788 καὶ
730 3730 798 3805 ἦν
839 3738 1153 3808 ἀρχιερεὺς,
1195 3737 1314 3791 ἀλλ’
1358 3739 1479 3808 ούχὶ
1510 3740 1646 3792 πᾶσι
1692 3739 1851 3809 δῆλος

265 3824 365 3880 καὶ
408 3824 706 3896 γνώριμος,
738 3824 862 3878 οὐδὲ
892 3829 971 3889 είς
1004 3828 1167 3897 μέσον
1232 3826 1409 3891 ἑστὼς
1456 3829 1550 3881 καὶ
1581 3830 1725 3883 κατά
1752 3830 1852 3901 τὴν

267 3918 525 3988 ὑπερφυῆ
562 3919 653 3970 καὶ
673 3917 891 3984 ἐξαίσια
919 3918 1113 3972 τελῶψ
1138 3917 1256 3972 ἀλλ’
1284 3920 1313 3972 6
1336 3918 1428 3971 τὸν
1456 3919 1649 3990 καιρὸν
1671 3918 1854 3991 λαχὼν

270 4009 452 4079 ἱερεὺς
479 4009 555 4070 ὡς
580 4010 887 4081 πρόδρομος
944 4011 1168 4079 ἐνήργει
1191 4009 1255 4063 τὸ
1299 4009 1390 4063 διά
1440 4012 1728 4079 μετανοίας
1766 4013 1856 4083 βά-

238 4118 504 4172 σπτισμαο
541 4102 602 4166 ὃς
637 4102 948 4156 εἰσελθόντα
973 4101 1098 4155 ἰδὼν
1134 4102 1228 4156 τὸν
1256 4103 1537 4175 ἀρχιερέα,
1594 4103 1856 4174 μεθίσταο

266 4211 361 4247 ται
384 4209 399 4225 ·
426 4195 706 4264 μονονουχὶ
743 4194 1011 4265 ταῦτατῷ
1046 4195 1268 4266 Ἰωάννῃ
1303 4194 1676 4265 φθεγγόμενος
1721 4196 1857 4267 πρὸς

269 4288 465 4340 ἑαυτόν
486 4306 530 4338 ἰ
559 4287 759 4340 Τοῦτον
784 4288 865 4341 δεῖ
895 4287 1244 4352 αὐξάνεσθαι,
1274 4288 1482 4340 ἐκεῖνον
1509 4287 1568 4340 δὲ
1595 4287 1851 4342 ἐλαττοῦ-

270 4375 423 4440 σθαι,
450 4375 546 4429 καὶ
574 4375 735 4439 εὐθὺς
787 4379 1109 4448 παραχωρεῖ
1146 4376 1225 4447 τῷ
1269 4377 1515 4447 ἀρχιερεῖ
1531 4376 1599 4430 τά
1634 4378 1859 4446 μείζονα

263 4467 687 4537 τελεσιουργείν.

1947 3292 2068 3338 stus
2090 3298 2306 3363 erucem
2344 3280 2639 3347 hajulnvit;
2675 3278 2719 3332 si
2752 3279 3012 3332 diaconus
3037 3276 3228 3338 defert,
3259 3275 3537 3330 Simonem

1951 3375 2294 3444 angariatum
2368 3374 2631 3425 imitatur.
2695 3368 2795 3435 Qui
2845 3369 2900 3422 in
2962 3369 3184 3422 introitu
3226 3368 3409 3423 lucent
3460 3384 3549 3422 ce-

1955 3465 2053 3532 rei,
2076 3463 2311 3526 diviuaut
2330 3462 2502 3516 lucent
2530 3461 2787 3515 indicant.
2812 3460 3071 3514 lntroitus
3097 3469 3276 3513 autem
3310 3459 3531 3523 pontifi-

1952 3557 2050 3620 cis,
2077 3554 2353 3608 t:hristict
2379 3554 2469 3607 Dei
2502 3553 2669 3605 nostri
2695 3550 3198 3605 manifestationem
3244 3551 3312 3606 ad
3342 3550 3543 3605 larda-

1956 3662 2100 3714 nem;
2117 3660 2285 3713 usque
2303 3645 2368 3697 ad
2388 3643 2886 3697 manifestationcm
2908 3642 3181 3707 illam,etst
3195 3642 3357 3695 fuertt
3375 3644 3553 3712 μοι.ιί-

1953 3740 2076 3805 fex,
2116 3748 2171 3791 at
2203 3752 2307 3791 non
2329 3736 2579 3792 omnibus
2596 3744 2849 3788 ostensus
2879 3742 2932 3787 et
2972 3735 3213 3800 agnitus,
3233 3743 3289 3788 et
3308 3735 3546 3787 nondum

1955 3840 2185 3886 steterat
2236 3829 2289 3884 in
2321 3829 2498 3887 medio
2532 3836 2591 3882 ut
2625 3827 3060 3898 supernaturalia
3121 3837 3176 3881 et
3197 3824 3544 3881 sanctissima

1954 3918 2263 3993 perliceret.
2315 3919 2416 3986 Qui
2464 3920 2637 3974 vicem
2716 3918 3087 3974 Praecursoris
3157 3925 3307 3971 tenet
3361 3929 3549 3970 sacer-

1959 4014 2078 4076 dos,
2110 4022 2167 4065 ut
2205 4011 2272 4065 ad
2292 4009 2619 4079 baptismum
2645 4008 2979 4077 paenitentiae
3010 4007 3232 4073 excitet,
3259 4004 3546 4059 introeun-

1963 4116 2069 4159 tem
2144 4104 2451 4174 poutilicem
2533 4100 2724 4155 videns
2796 4101 3047 4167 recedit,
3099 4109 3156 4153 et
3208 4099 3344 4153 nihil
3398 4097 3545 4150 aliud

1962 4198 2065 4250 nisi
2119 4196 2283 4250 verba
2323 4193 2549 4251 Joannis
2609 4192 2928 4262 sibimetipsi
2953 4192 3111 4262 quasi
3152 4192 3357 4245 refert:
3396 4188 3550 4242 llnnc

1968 4298 2184 4358 oportet
2206 4301 2477 4353 crescere,
2499 4302 2587 4341 me
2603 4293 2782 4341 autem
2810 4285 2977 4340 minui
2993 4286 3034 4318 ¹⁷
3059 4300 3075 4350 ;
3108 4283 3399 4351 statimque
3419 4281 3550 4335 sinit

1965 4388 2025 4429 ut
2057 4374 2299 4445 pontifex
2331 4376 2537 4446 majora
2568 4374 2839 4444 perllciat.

344 4556 423 4611 ιδ’.
480 4523 747 4622 Ιέαστάζει
787 4558 848 4612 δὲ
874 4559 903 4610 6
946 4559 1194 4623 διάκονος
1233 4563 1295 4616 τὸ
1314 4563 1471 4633 ἆγιον
1506 4565 1849 4633 Εὐαγγέλιον

2033 4553 2120 4607 14.
2160 4551 2429 4606 Diacomts
2470 4559 2723 4604 sanctum
2770 4547 3147 4618 Evangelium,
3204 4545 3346 4601 sicut
3387 4548 3543 4615 jussa

264 4648 346 4710 ὡς
376 4646 530 4701 θείαν
556 4648 808 4701 κέλευσιν
835 4647 930 4701 τοῦ
961 4646 1227 4719 βασιλέως
1259 4654 1372 4716 τοῖς
1401 4656 1725 4725 στρατηγοῖς
1757 4652 1851 4706 τοῦ

269 4736 467 4790 πιστοῦ
524 4737 656 4791 λαοῦ
691 4738 987 4807 προσάγων
1044 4741 1198 4806 αὐτὸ,
1252 4741 1347 4796 τοῦ
1404 4744 1594 4814 ἱερέως
1626 4742 1853 4796 ὄπισθεν

266 4829 574 4899 ἐρχομένου
607 4830 701 4884 καὶ⁵
755 4830 847 4884 διὰ
874 4831 977 4901 τῆς
1008 4832 1204 4902 στολῆς
1234 4834 1424 4900 αὐτοῦ,
1477 4834 1552 4896 ὡς
1585 4835 1846 4905 καύχημα

263 4924 329 4974 ἐν
380 4922 714 4977 ταπεινώσει
770 4924 1035 4994 καρδίας,
1090 4926 1353 4995 φέροντος
1397 4930 1465 4980 τὰ
1520 4931 1699 4981 πάντα
1752 4928 1853 4996 τῆς

267 5013 657 5083 σταυρώσεως.
676 5011 872 5069 Εἷταοὶ
890 5016 1092 5085 ψάλται
1106 5018 1200 5072 ἀνέ
1207 5035 1430 5088 ρχονται
1454 5020 1512 5071 ὲν
1523 5019 1599 5089 τῷ
1620 5019 1854 5090 ἄμϐωνι,

263 5100 530 5171 ψάλλουσι
565 5106 621 5158 δέ
650 5104 730 5167 τὸ,
775 5104 940 5157 Δεῦτε
961 5147 975 5169 ,
1002 5106 1461 5178 άγαλλιασώμεθα
1486 5108 1564 5178 τῷ
1589 5109 1796 5178 Κυρίῳ·
1834 5128 1853 5160 ι

261 5197 443 5265 τούτῳ
475 5198 830 5267 συμφωνοῦσι
855 5202 954 5253 καὶ
974 5202 1024 5254 οἱ
1048 5203 1220 5264 κάτω,
1249 5202 1435 5255 δεικνύ
1449 5219 1561 5265 ιτες
1590 5201 1689 5273 τὴν
1718 5218 1859 5269 συμο-

261 5290 477 5360 (ρωνίαν
504 5292 617 5345 τῶν
643 5293 890 5360 ἀγγέλων
904 5294 998 5347 καὶ
1026 5294 1134 5348 τῶν
1153 5295 1476 5363 ἀνθρώπων·
1503 5294 1856 5363 συμφωνοῦσι

260 5382 321 5434 δὲ
339 5381 510 5451 τούτῳ
529 5382 703 5435 καὶ-οἱ
732 5384 1052 5437 ἀπόστολοιο
1074 5385 1238 5455 οἱμὲν
1254 5386 1364 5455 γάρ
1395 5385 1581 5453 ἔλεγον
1631 5406 1648 5435 ι
1668 5386 1855 5443 Δεῦτε.

261 5472 583 5543 εὑρήκαμεν
627 5474 718 5527 τὸν
770 5473 1105 5545 ποθούμενον
1140 5493 1152 5506 ·
1201 5494 1219 5527 ι
1251 5477 1298 5528 οἱ
1331 5475 1409 5528 δὲ·
1450 5495 1469 5527 t
1504 5476 1705 5545 Ἔρχου
1760 5477 1858 5527 καί

262 5566 398 5624 $53.3
418 5560 643 5629 ἾΙλΟον,
667 5567 824 5636 φησὶ,
852 5567 947 5619 καὶ
965 5566 1093 5639 παρ’
1110 5566 1259 5637 αύτῴ
1282 5567 1503 5639 ἔμειναν
1520 5568 1616 5637 τὴν
1642 5567 1853 5638 ἡμέραν

337 5740 381 5773 ¹¹⁷
416 5741 570 5799 Joau.
603 5757 686 5811 ut,
713 5743 799 5797 50.

1961 4644 2158 4700 Stttttmi
2211 4642 2356 4712 regis
2386 4642 2454 4695 ad
2481 4643 2647 4695 duces
2683 4640 2860 4710 p0puli
2900 4639 3094 4703 ﬁdelis,
3128 4638 3375 4708 profert;
3417 4639 3546 4691 Still-

1962 4738 2208 4805 sequitur
2263 4746 2444 4789 autent
2504 4735 2785 4798 sacerdos,
2837 4744 2892 4789 et
2938 4743 3052 4788 toto
3096 4742 3357 4802 apparatu
3423 4745 3545 4791 suo,

1963 4828 2054 4897 qui
2096 4827 2148 4879 iu
2187 4827 2349 4880 corde
2399 4824 2588 4879 humili
2636 4825 2959 4895 glorificatio
2990 4834 3111 4890 'est,
3145 4824 3323 4877 omnia
3371 4823 3553 4879 cruris

1966 4919 2218 4989 adjuncta
2267 4918 2451 4970 refert.
2489 4915 2697 4969 Deinde
2740 4916 2791 4968 itt
2837 4916 3122 4969 ambouem
3170 4913 3391 4967 veniunt
3420 4926 3550 4965 can-

1966 5018 2187 5069 tutores,
2208 5017 2549 5075 caduntque:
2580 5024 2598 5056 ι
2633 5006 2841 5070 Venite,
2874 5004 3213 5060 exsulteutus
3235 5001 3486 5054 Domino.
3520 5018 3538 5051 ι

1961 5099 2063 5165 Qui
2094 5098 2232 5152 infra
2262 5107 2428 5160 stant,
2462 5095 2781 5155 cunciuunt,
2804 5105 2857 5148 et
2887 5103 3151 5149 concentu
3196 5105 3295 5145 suo
3321 5092 3546 5157 angelo-

1963 5205 2081 5242 rum
2101 5199 2155 5243 et
2175 5188 2448 5240 hominum
2470 5187 2847 5257 symphoniam
2873 5186 3224 5249 adumbrant;
3249 5183 3446 5251 quibus
3461 5182 3555 5234 ad-

1962 5279 2280 5334 numerandi
2332 5288 2457 5332 sunt
2506 5278 2759 5346 apostoli.
2812 5276 2877 5330 Hi
2926 5279 3219 5331 dixerunt:
3256 5291 3275 5325 ι
3327 5271 3543 5334 Venite,

1967 5373 2355 5427 desideratum.
2388 5371 2731 5437 invenimus;
2779 5389 2797 5422 ι
2836 5370 2909 5423 illi
2964 5379 3145 5422 autem
3181 5383 3195 5419 :
3239 5383 3258 5418 ι
3303 5364 3435 5418 Vetti
3494 5375 3551 5415 et

1967 5468 2117 5520 vide;
2141 5485 2159 5518 t
2185 5496 2259 5507 —
2292 5486 2309 5515 ι
2351 5466 2650 5529 Venerunt,
2682 5475 2740 5517 et
2784 5463 2926 5517 diem
2953 5460 3098 5513 illaut
3133 5472 3257 5513 cum
3301 5456 3393 5509 illo
3422 5468 3549 5523 per-

1965 5572 2301 5637 tttattscruut,
2329 5570 2407 5615 »ει
2434 5570 2624 5611 caetera
2646 5572 2763 5624 qua:
2787 5552 3107 5624 simpliciter
3130 5549 3196 5603 ad
3222 5548 3550 5618 baptismum
