3964 6322
297 278 442 344 3997
1368 303 1976 372 COMMENTARIUS
2011 289 2500 376 LITURGICUS.
3431 331 3572 390 3993

300 390 605 463 συνθρόνῳ,
633 392 897 455 δεικνύων
954 398 982 451 ὀ
1012 399 1306 473 ἀρχιερεὺς
1329 407 1408 477 τῷ
1449 407 1563 480 λαῷ
1589 411 1686 483 τὴν
1717 412 1864 468 θείαν

1974 431 2206 484 utunqne
2226 419 2521 474 extendens
2543 419 2700 476 tertio
2727 422 3033 482 sacerdotes
3057 427 3234 496 signal
3259 429 3398 486 sicut
3414 431 3570 487 Chri-

299 480 747 574 μεταμόρφωσιν,
781 487 1030 551 ἐκτείνας
1056 491 1153 562 τὴν
1183 497 1340 566 χεῖρα
1373 480 1664 569 σφραγίζει
1695 505 1881 574 τρίτον

291 573 424 638 τοὺς
459 576 648 646 ἱερεῖς,
674 581 861 646 καθὼς
915 585 944 637 ὁ
987 586 1224 656 Χριστὸς
1251 591 1376 654 τοὺς
1408 591 1574 646 αὑτοῦ
1609 573 1881 668 μαθητάς.

367 665 454 730 ιζ’.
490 668 595 721 Τοῦ
615 671 671 723 δὲ
697 670 996 743 Τρισαγίου
1027 678 1431 749 πληρωθέντος,
1459 665 1754 754 σφραγίξει
1791 689 1883 742 τὸν

295 756 422 853 λαον
447 761 475 813 ὁ
501 755 680 832 ίερεὶίς
708 763 900 834 λέγων,
939 789 956 820 ι
985 769 1191 842 Εἰρήνη
1221 774 1376 836 πᾶσι,
1404 777 1686 832 »τουτέστι
1719 780 1882 853 Εἰρη-

293 847 482 902 νεύετε
509 852 568 902 ὲν
599 853 852 923 ἀλλήλοις
885 861 1353 932 παριστάμενοιὲν
1375 867 1440 936 τῇ
1461 865 1582 938 θείᾳ
1605 869 1876 942 τραπέζῃ,

399 939 453 992 δὲ
487 944 724 1012 σφραγὶς
775 945 843 1016 ἢν
901 948 1061 1002 εἴωθε
1121 956 1296 1006 ποιεῖν
1323 955 1350 1007 ὁ
1387 956 1678 1029 ἀρχιερεὺς
1712 961 1771 1012 ὲν
1801 938 1878 1031 τῶ

291 1030 434 1085 τέλει
462 1034 554 1086 τοῦ
585 1036 902 1106 Τρισαγίου,
967 1044 1048 1105 εἰς
1100 1043 1384 1114 πλήρωσιν
1437 1049 1537 1118 μὲν
1571 1051 1666 1103 καὶ
1713 1053 1877 1106 οἱονεὶ

297 1120 693 1194 ἑκσφράγισμα
753 1127 864 1180 τῶν
916 1133 1046 1200 περὶ
1105 1134 1343 1204 Χριστοῦ
1379 1141 1876 1210 προηγορευμένων

291 1211 652 1280 προφητικῶν
678 1217 872 1284 φωνῶν
930 1223 1398 1292 χαρακτηρίζεται
1424 1241 1440 1256 ο
1489 1227 1522 1297 ὴ
1570 1231 1680 1299 γὰρ
1705 1229 1872 1284 αὐτοῦ

287 1301 379 1355 διά
430 1305 631 1374 σαρκὸς
682 1309 954 1379 παρουσία
1003 1317 1239 1381 σφραγὶς
1285 1315 1502 1384 ἐγένετο
1535 1321 1910 1391 ὲπικυροῦσα·

292 1391 365 1442 τά
405 1392 496 1444 ὑπ’
530 1395 754 1456 ἐκείνων
788 1403 1244 1474 προηγορευμένα
1301 1406 1376 1468 ὡς
1405 1407 1618 1480 ἀληθῆ·
1648 1410 1786 1481 αὓτη
1814 1412 1870 1465 δὲ

287 1485 385 1536 καὶ
414 1485 496 1548 εἰς
531 1487 704 1558 ἀρχὴν
722 1489 830 1542 τῶν
853 1491 1178 1564 θεοπρεπῶν
1197 1495 1376 1567 ἔργων
1407 1499 1502 1552 καὶ
1523 1499 1617 1552 τοῦ
1651 1501 1749 1556 ἀνθ
1759 1519 1870 1573 ρω-

287 1576 447 1630 πίνου
507 1581 700 1649 γένους
755 1585 1062 1639 ἀνάπλασιν
1119 1581 1419 1643 τέτακταιῖ
1477 1593 1705 1662 ἀρκέσει
1748 1596 1866 1666 est;

287 1671 526 1740 σφραγὶς
557 1674 651 1726 καὶ
709 1676 790 1740 είς
839 1679 1083 1750 εἰρήνην,
1133 1681 1256 1751 ἥτις
1305 1683 1402 1746 τὰς
1453 1685 1575 1738 τότε
1630 1688 1864 1758 μερικάς

1988 515 2106 560 Stus
2163 506 2481 575 discipulos.

2060 679 2148 732 l7.
2183 678 2435 748 Trisagio
2492 683 2753 751 perfecto,
2801 689 3054 756 populum
3107 691 3286 758 signat
3313 697 3566 752 sacerdos

1983 769 2251 826 dicendo:
2281 789 2299 822 ι
2368 771 2477 828 Pax
2530 777 2814 843 munibus,
2853 798 2871 830 ›
2915 780 3095 845 idest,
3137 797 3326 851 pacem
3359 785 3427 839 ad
3479 785 3567 840 in-

1983 861 2155 915 vicem
2183 863 2431 918 habeatis
2449 866 2538 934 qui
2571 869 2733 921 statis
2762 871 2828 922 ad
2858 886 3102 926 mensam
3127 874 3366 930 Domini.
3387 878 3561 942 Quam

1982 954 2047 1004 ad
2079 952 2241 1008 finem
2276 953 2505 1024 Trisagii
2568 957 2748 1012 facere
2780 965 3066 1016 consuevit
3096 967 3337 1021 noutifex
3369 969 3559 1039 signa-

1977 1046 2208 1110 tionem,
2272 1046 2506 1102 intendit
2543 1051 2986 1121 adimpletionem
3046 1068 3100 1110 et
3138 1057 3374 1126 sigillum
3431 1076 3560 1128 pro-

1980 1137 2286 1206 phetiarnm
2319 1139 2383 1192 de
2412 1137 2668 1209 Christo;
2699 1147 2839 1210 quod
2877 1147 3022 1199 enim
3051 1147 3302 1204 Christus
3325 1151 3377 1204 in
3395 1167 3560 1207 carne

1977 1229 2314 1298 apparuerit,
2353 1229 2563 1286 ﬁrmata
2595 1243 2641 1286 et
2704 1235 2984 1305 obsignata
3015 1248 3140 1291 sunt
3164 1231 3283 1308 (νισι
3310 1240 3376 1295 de
3410 1241 3562 1296 Chri-

1975 1326 2062 1369 sto
2093 1315 2308 1372 fuerant
2347 1321 2666 1386 vaticinata;
2738 1326 3020 1380 ordiuatur
3079 1323 3297 1398 quoque
3327 1329 3394 1382 ad
3449 1330 3556 1384 iui-

1979 1407 2110 1462 tium
2135 1423 2358 1475 Operum
2395 1411 2700 1466 divinorum
2735 1424 2788 1467 et
2819 1415 2886 1469 ad
2919 1417 3204 1472 hominum
3234 1420 3558 1488 redemptio-

1975 1515 2119 1553 nem.
2160 1501 2239 1556 Ad
2269 1516 2454 1569 pacem
2493 1505 2658 1558 etiam
2691 1505 2830 1559 valet
2885 1507 3140 1576 signatio,
3183 1526 3303 1578 quae
3357 1512 3556 1568 divisas

1973 1585 2222 1646 dissolvit
2245 1602 2539 1661 potestates
2565 1605 2619 1650 et
2655 1609 2844 1664 gentes
2869 1599 3024 1668 longe
3049 1601 3264 1670 lateque
3303 1618 3555 1659 remune-

1969 1683 2151 1736 ravit:
2185 1685 2462 1736 terrestria
2497 1694 2551 1739 et
2589 1687 2832 1740 caelestia
2905 1689 2959 1741 in
2997 1690 3259 1744 unitatem
3295 1693 3557 1745 cooduxit

280 1762 460 1833 ἀρχὰς
515 1765 802 1831 κατέλυσε,
861 1771 952 1822 καὶ
1017 1775 1128 1836 τοῖς
1163 1775 1326 1842 ἐγγὺς
1359 1777 1600 1839 καὶτοῖς
1643 1781 1861 1850 μακρὰν

1969 1771 2340 1842 Christus,qui
2371 1773 2531 1828 Pater
2559 1777 2708 1843 pacis
2742 1789 2967 1833 vocatur
2997 1781 3138 1834 ¹¹·²².
3167 1781 3414 1850 Deposito
3452 1781 3557 1837 Ve-

280 1853 495 1908 ἔθνεσιν
525 1857 830 1929 ὲϐράϐευσε
851 1877 866 1892 ο
910 1862 1043 1934 πρὸς
1065 1864 1120 1917 δὲ
1152 1867 1220 1918 τά
1249 1868 1482 1938 ἐπίγεια,
1506 1871 1602 1923 καὶ
1635 1870 1864 1942 οὐράνια

277 1946 308 1996 ὁ
339 1946 572 2014 Χριστὸς
597 1949 624 2001 ὁ
650 1949 750 2018 τῆς
800 1952 1024 2023 εἰρήνης
1073 1955 1262 2026 Πατὴρ
1297 1959 1376 2021 εις
1409 1958 1641 2027 ἑνότητα
1691 1961 1867 2032 ἤγαγε

277 2033 380 2088 καὶ
411 2035 546 2103 μετά
567 2037 628 2090 τὸ
655 2039 874 2094 καθίσαι
905 2041 1042 2110 μετά
1075 2044 1170 2112 τῆς
1191 2045 1431 2110 "alata;
1463 2048 1715 2112 καὶΝέας
1744 2051 1868 2104 Ata-

278 2125 457 2196 θήκης
485 2168 500 2189 ,
551 2129 982 2196 ἀναγινώσκεται
1033 2135 1094 2186 τὸ
1156 2135 1451 2206 λεγόμενον
1503 2128 1866 2212 προκείμενον

276 2219 625 2288 φερωνύμως
654 2221 960 2291 ὀνομασθέν
987 2240 1000 2254 ⁸
1031 2226 1318 2295 πρόκειται
1369 2229 1479 2301 γάρ
1507 2229 1726 2283 πάντων
1749 2231 1860 2286 τῶν

277 2310 628 2378 συμϐολαίων
675 2314 773 2385 τῆς
821 2315 1047 2386 χάριτος
1066 2318 1166 2388 τῆς
1203 2320 1327 2384 νέας
1355 2337 1366 2348 ·
1402 2317 1716 2391 μηνύειοῦν
1764 2325 1863 2393 τὴν

273 2400 388 2454 τῶν
431 2406 729 2476 προφητῶν
791 2407 1176 2479 ὲκφαντορίαν,
1227 2413 1324 2483 τὴν
1377 2417 1722 2484 προμήνυσιν
1759 2417 1872 2486 τῆς.

273 2499 584 2565 παρουσίας
616 2501 860 2572 Χριστοῦ
887 2504 977 2557 τοῦ
1003 2505 1160 2562 Θεοῦ.
1197 2506 1351 2561 Μετά
1375 2505 1551 2561 ταῦτα
1576 2508 1864 2578 ἀνέρχεται

271 2593 304 2644 ὁ
355 2591 567 2656 Παῦλος
611 2592 804 2666 ὥσπερ
851 2613 934 2658 τις
1001 2597 1361 2667 στρατιώτης,
1401 2599 1497 2650 καὶ⁹
1525 2599 1625 2668 τὴν
1649 2599 1861 2652 οἰκείαν

271 2681 628 2737 διδασκαλίαν
660 2684 739 2755 τῷ
803 2686 1001 2756 πλήθει
1031 2687 1330 2759 διατρανοῖ,
1375 2689 1546 2761 ἤγουν
1575 2691 1688 2744 τῶν
1720 2691 1861 2744 ἀπο-

274 2775 548 2829 στολικῶν
569 2777 914 2848 πραγμάτων
943 2779 1276 2848 ἀνάγνωσιν,
1299 2781 1391 2834 καὶ
1408 2781 1515 2834 τῶν
1530 2781 1864 2836 Ἐπιστολῶν

1967 1873 2080 1918 tere
2109 1862 2480 1930 Testamento,
2515 1871 2758 1936 quaedam
2788 1886 2816 1924 e
2846 1870 3013 1934 Novo,
3047 1889 3075 1926 e
3107 1873 3352 1940 symbolo
3372 1875 3558 1943 gratia:

1965 1955 2219 2022 leguntur
2247 1972 2260 2009 :
2295 1968 2630 2030 evanescunt
2658 1961 2803 2013 enim
2841 1963 3118 2030 pl‘OpllCltn
3145 1978 3268 2016 cum
3305 1963 3556 2019 Christus

1968 2047 2080 2113 ipse
2110 2045 2330 2114 prodiit.
2366 2026 2634 2102 Praecedit
2669 2026 2892 2114 Paulus,
2945 2026 3204 2119 tauquam
3256 2052 3410 2106 miles
3443 2053 3556 2106 for-

1970 2137 2212 2192 tissimus
2234 2147 2290 2192 et
2340 2139 2639 2194 doctrinam
2676 2156 2831 2195 suam
2869 2142 3197 2196 multitudini
3259 2143 3552 2210 explanat;

1969 2228 2218 2296 leguntur
2259 2227 2423 2284 Actus
2448 2229 2835 2298 apostolorum,
2869 2241 2924 2284 et
2969 2242 3225 2299 excerpta
3284 2230 3552 2298 Epistola-

1973 2305 2116 2388 rum,
2157 2321 2294 2376 etin
2331 2321 2436 2376 line
2491 2321 2884 2390 promissiones
2945 2321 3150 2377 Christi
3211 2323 3304 2376 Dei
3361 2323 3554 2378 nostri.

1971 2409 2029 2466 In
2057 2413 2140 2466 his
2173 2422 2280 2466 stat
2310 2413 2482 2466 virtus
2507 2415 2566 2466 ’ct
2621 2413 2946 2468 inconcussa
2985 2395 3238 2467 veritatis
3299 2415 3548 2468 lirmitas.

1959 2504 2041 2560 Ad
2077 2506 2348 2575 apostolos
2381 2504 2517 2559 dixit
2546 2523 2558 2558 :
2591 2522 2610 2552 ‹
2656 2503 2846 2558 Venite
2869 2513 2990 2572 post
3026 2519 3110 2558 me
3147 2514 3201 2558 et
3234 2503 3424 2558 faciam
3453 2519 3554 2560 vos

1962 2599 2266 2666 piscatores
2306 2596 2585 2650 hominum
2617 2595 2700 2662 ¹³;
2749 2615 2768 2648 ι
2827 2597 2984 2650 adest
3017 2611 3159 2650 nunc
3214 2596 3372 2656 hora,
3441 2608 3549 2664 qna

1963 2688 2264 2758 piscatores
2287 2698 2341 2740 et
2369 2687 2632 2740 illitterati
2661 2688 2918 2742 mundum
2948 2689 3261 2742 universum
3293 2703 3360 2743 ex
3390 2703 3543 2742 erro-

1965 2781 2041 2833 ris
2075 2779 2274 2848 ahyssu
2301 2777 2626 2832 eduxerunt.

281 2865 472 2925 αὐτῶν
518 2870 818 2941 παρίστησι
865 2869 967 2943 τὴν
1021 2871 1276 2943 ἐκλογὴν,
1333 2872 1428 2925 καὶ
1483 2871 1543 2924 τὸ
1581 2871 1732 2936 τέλος
1762 2871 1872 2925 τῶν
1905 2869 2256 2940 ὑποσχέσεων
2301 2866 2541 2938 Χριστοῦ
2599 2865 2696 2921 τοῦ
2733 2867 2870 2922 Θεοῦ
2919 2871 3111 2940 ἡμῶν·
3142 2869 3203 2934 ἐξ
3225 2866 3359 2940 ὧνή
3388 2869 3552 2922 δύνα-

275 2961 579 3029 μιςτούτου
614 2965 708 3018 καὶ
741 2965 801 3018 τὸ
825 2966 1167 3021 ἀδιάπτωτον
1217 2969 1316 3038 τῆς
1364 2967 1624 3038 ἀληθείας
1665 2965 2014 3019 συνίσταται·
2075 2963 2181 3036 ἐφη
2226 2962 2282 3016 δὲ
2311 2963 2448 3034 πρὸς
2501 2963 2724 3028 αὐτοὺς,
2779 2981 2798 3014 ι
2861 2962 3028 3015 Δεῦτε
3076 2963 3252 3016 ὀπίσω
3311 2979 3415 3032 μου
3459 2963 3554 3030 καὶ

273 3058 495 3128 ποιήσω
526 3059 670 3128 ὑμᾶς
701 3053 876 3122 ἁλιεῖς
939 3059 1280 3132 ἀνθρώπωνο
1321 3079 1340 3113 ι
1377 3062 1480 3134 ὅρα
1521 3061 1702 3114 τοίνυν
1737 3059 1858 3122 πῶς
1887 3061 1981 3114 τὸν
2012 3059 2218 3130 κόσμον
2239 3057 2360 3112 ὅλον
2397 3055 2723 3128 ἐζώγρησαν
2764 3059 2828 3111 ὲκ
2878 3057 2972 3110 τοῦ
3005 3056 3170 3127 βυθοῦ
3197 3058 3297 3126 τῆς
3335 3055 3554 3124 πλάνης

272 3149 374 3201 καὶ
401 3149 450 3202 oi
483 3149 655 3215 ἁλιεῖς
677 3153 768 3204 καὶ
783 3150 1164 3222 ἀγράμματοι.
1200 3201 1204 3205 λ

351 3245 439 3310 ιη’.
475 3235 606 3294 Εἶτα
666 3243 806 3311 μετά
854 3245 954 3314 τὴν
1010 3245 1318 3313 ἀνάγνωσιν
1337 3245 1431 3300 τοῦ
1447 3245 1796 3310 ’Λποστόλου,
1835 3243 1864 3298 ὁ
1891 3247 1934 3303 C

272 3329 442 3383 Δαϐὶδ
479 3330 596 3401 ᾅδει
621 3331 682 3386 τὸ
711 3333 1081 3400 Ἀλ.1ηλούϊα
1105 3351 1118 3364 ο
1137 3335 1288 3405 δηλοί
1313 3335 1372 3388 τὸ
1394 3337 1493 3406 μὲν
1521 3336 1624 3400 ἄλ,
1655 3336 1856 3405 ὲφάνηο

273 3420 338 3474 τὸ
367 3421 426 3474 δὲ
482 3421 584 3490 ill,
617 3424 645 3476 ὁ
679 3422 810 3487 Θεός
832 3439 844 3453 ’
866 3424 926 3476 τὸ
951 3425 1112 3489 οῧϊα,
1145 3428 1345 3479 αἰνεῖτε
1370 3427 1463 3480 τὸν
1493 3425 1676 3491 ζῶντα
1701 3425 1856 3481 Θεόν.

270 3540 346 3552 --
374 3513 448 3565 Τὸ
479 3513 793 3583 ὼμοφὸριον
841 3517 1161 3588 ἀφαιρεῖται
1215 3518 1310 3572 τοῦ
1357 3519 1664 3589 ἀρχιερέως
1689 3521 1766 3583 εἰς
1797 3521 1859 3572 τὸ

273 3602 504 3673 ἔσχατον
529 3596 910 3672 ’.4.1ληλοῦιῖι,
966 3609 1045 3669 είς
1077 3607 1354 3672 ἀπόδειξιν
1376 3608 1470 3662 τοῦ
1499 3608 1857 3680 πληρωθῆναι

272 3693 366 3746 τὸν
399 3693 584 3764 νόμον,
617 3697 826 3750 καὶτοῦ
858 3697 948 3751 τὸν
977 3699 1242 3771 ἀρχιερέα
1270 3703 1576 3771 ἱερουργεῖν
1599 3703 1698 3766 τὴν
1731 3701 1856 3756 νέαν

270 3786 458 3856 χάριν.
503 3786 561 3840 '0
593 3789 963 3858 δὲ’θυμιατδς,
1019 3794 1046 3844 ὁ
1071 3793 1129 3844 ἐν
1162 3791 1241 3862 τῷ
1277 3793 1455 3864 καιρῷ
1501 3793 1596 3846 τοῦ
1635 3794 1856 3862 Ἀλλη-

270 3878 454 3932 λούῖα
479 3879 617 3948 μετά
647 3880 992 3952 θυμιάματος
1023 3883 1362 3955 κινούμενος,
1391 3886 1490 3955 τὴν
1520 3887 1680 3956 χάριν
1706 3886 1859 3955 δηλοῖ

271 3971 368 4024 τοῦ
397 3971 555 4040 ἁγίου
581 3973 900 4046 Πνεύματος
935 3977 1030 4048 τὴν
1081 3977 1376 4048 δεδομένην
1423 3981 1536 4042 τοῖς
1584 3978 1858 4048 μαθηταῖς

271 4062 364 4115 ὅτε
393 4062 616 4127 τούτους
670 4066 957 4120 ἀπέστειλε
990 4067 1084 4121 τοῦ
1137 4069 1286 4122 tam
1341 4071 1521 4122 πᾶσαν
1569 4071 1726 4123 νόσον
1763 4071 1858 4124 καὶ

273 4152 456 4204 πᾶσαν
505 4153 782 4222 μαλακίαν
837 4157 896 4210 ὲν
935 4155 1170 4228 Ἰσραήλ.
1207 4159 1362 4212 Μετά
1410 4159 1471 4212 τὸ
1498 4158 1860 4226 Ἀλληλούῖα

271 4243 454 4297 λαϐὼν
475 4246 504 4298 ὁ
539 4247 720 4318 ἱερεὺς
753 4248 786 4319 ἢ
816 4250 844 4302 ὁ
874 4249 1123 4314 διάκονος
1188 4251 1250 4304 τὸ
1292 4251 1564 4324 ἄχραντον
1606 4251 1858 4320 Εὐαγγέ-

272 4333 412 4401 λιον,
435 4337 512 4401 ὡς
539 4339 768 4408 ἄγγελος
797 4342 1151 4406 ἀποσταλεὶς,
1187 4343 1328 4414 μετά
1357 4347 1455 4416 τῆς
1485 4344 1635 4408 θείας
1664 4343 1858 4402 κελεύο.

273 4441 416 4490 σεως
453 4427 743 4498 ἀνέρχεται
799 4433 880 4495 εἰς
935 4432 1028 4486 τὸν
1084 4433 1313 4502 ἀμϐωνα
1365 4435 1457 4486 καὶ
1519 4433 1722 4503 πληροῖ
1753 4430 1852 4503 τὴν

216 4583 223 4588 η
271 4501 612 4587 προφητείαν
626 4517 850 4572 Ἡσαΐου
883 4521 983 4594 τὴν
1005 4521 1291 4590 λέγουσαν,
1321 4541 1340 4573 ι
1365 4523 1483 4576 Ἐπ’
1509 4523 1671 4593 ὅρους
1703 4523 1858 4578 πεδι-

2041 3238 2128 3293 l8.
2165 3238 2296 3292 Post
2345 3236 2698 3306 apostolicam
2761 3236 3070 3299 lectionem,
3131 3237 3281 3291 canit
3335 3237 3550 3292 David:

1961 3331 2210 3384 Alleluia.
2271 3327 2360 3391 Al,
2402 3327 2694 3398 significat,
2736 3327 3022 3396 apparuit;
3087 3327 3172 3392 Et,
3229 3329 3402 3395 Deus;
3440 3332 3552 3394 uia,

1962 3425 2207 3480 Laudale
2241 3425 2408 3480 Deum
2440 3425 2644 3478 vivum.
2682 3452 2751 3462 —-
2780 3423 2862 3475 Ad
2915 3421 3160 3476 ultimum
3199 3420 3429 3474 Alleluia
3457 3435 3554 3475 au-

1963 3517 2139 3572 fertur
2198 3513 2480 3570 humerale
2529 3529 2558 3568 a
2628 3505 3000 3580 pontiﬁee'ut
3065 3511 3410 3564 manifestum
3462 3511 3557 3566 fiat

1961 3609 2130 3678 legem
2163 3605 2442 3674 adimpleri
2475 3613 2530 3664 et
2578 3618 2606 3656 a
2675 3601 2930 3672 pontifice
2989 3617 3182 3655 novam
3239 3603 3552 3656 consecrari

1971 3699 2225 3770 gratiam.
2268 3697 2420 3764 Quod
2446 3710 2542 3764 per
2581 3694 2813 3748 Alleluia
2868 3704 3087 3749 cantum
3146 3709 3273 3747 cum
3328 3694 3554 3746 incenso

1963 3799 2213 3845 movetur
2277 3786 2607 3842 thuribulum
2645 3826 2660 3850 ,
2736 3785 2966 3855 gratiam
3058 3784 3296 3852 Spiritus
3376 3786 3548 3839 sanC'i

1968 3881 2231 3951 apostolis
2259 3879 2512 3934 collatam
2541 3878 2834 3949 significat,
2869 3895 2971 3944 qua
3007 3877 3235 3930 inunissi
3287 3886 3419 3931 sunt
3451 3877 3554 3930 dis-

1961 3972 2124 4043 cipuli
2157 3981 2216 4026 ut
2239 3985 2432 4026 omnes
2461 3971 2682 4024 morbos
2713 3980 2767 4025 et
2795 3969 3168 4056 mollitiemin
3200 3969 3363 4024 Israel
3399 3970 3553 4025 tolle-

1962 4076 2104 4120 rent.
2164 4065 2286 4119 Post
2329 4062 2562 4116 Alleluia
2625 4071 2872 4117 sanctum
2931 4062 3280 4132 EVaItgelium
3326 4061 3554 4128 suscipit

1961 4157 2218 4214 sacerdos
2243 4157 2324 4212 vel
2355 4157 2646 4236 diaconus,
2679 4165 2732 4210 et
2783 4155 2923 4209 sicut
2959 4156 3184 4223 angelus
3225 4153 3434 4207 Dmnitti
3471 4154 3553 4206 di-

1961 4252 2080 4305 vina
2111 4250 2396 4320 perliciens
2439 4248 2713 4310 mandata,
2773 4247 3116 4316 progreditur
3173 4247 3224 4298 iu
3265 4245 3548 4298 ambouem

1959 4355 2014 4400 et
2063 4343 2206 4398 hanc
2255 4341 2597 4412 prophetiam
2647 4339 2799 4394 Isaia:
2845 4340 3106 4408 adimplet
3144 4356 3158 4393 :
3197 4359 3214 4390 ι
3269 4339 3321 4392 In
3358 4336 3547 4390 collem

1961 4437 2144 4506 pOnite
2204 4433 2417 4506 signum
2459 4434 2527 4487 “.
2560 4451 2578 4484 ι
2638 4432 2773 4486 Cum
2825 4432 3062 4488 ﬁdelium
3145 4432 3306 4485 turba
3361 4445 3546 4484 manus

1959 4525 2222 4588 extendit,
2248 4523 2453 4594 gratias
2475 4523 2584 4578 Deo
2611 4537 2708 4591 pro
2733 4522 2970 4589 acceptis
2997 4523 3336 4576 mirabilibus
3363 4521 3547 4576 refert.

269 4607 364 4659 νοῦ
419 4607 586 4679 ἄρατε
632 4615 880 4681 σημεῖον.
910 4632 928 4664 ι
979 4613 1044 4666 Ἠ
1080 4612 1303 4677 ἐκτασις
1348 4613 1458 4666 τῶν
1511 4613 1714 4686 χειρῶν
1754 4615 1848 4668 τοῦ

1969 4615 2095 4670 Cum
2129 4589 2362 4667 trem’ore
2398 4613 2593 4666 librum
2645 4612 2819 4680 aperit
2867 4611 3124 4664 sacerdos
3183 4623 3235 4663 ct
3295 4611 3549 4664 mandata

269 4697 512 4770 πλήθους
567 4703 806 4758 δείκνυσι
857 4705 958 4776 τὴν
1013 4706 1370 4777 εὐχαριστίαν
1413 4707 1489 4772 ὡς
1529 4707 1854 4775 ἀξιωθέντος

264 4791 528 4846 τοιούτων
581 4779 901 4866 θαυμάτων.
949 4797 1007 4852 '0
1039 4798 1098 4852 δὲ
1151 4801 1329 4868 ἱερεὺς
1378 4800 1714 4854 ἀναπτύσσει
1753 4801 1852 4870 τὴν

265 4883 520 4936 κέλευσιν
581 4889 722 4957 μετὰ
773 4891 998 4960 φρίκης,
1033 4891 1127 4944 καὶ
1166 4892 1492 4961 ἀναγγέλλει
1537 4893 1745 4964 ταύτην
1773 4893 1852 4964 τῷ

262 4973 409 5045 λαῷ·
445 4979 586 5046 μετᾶ
639 4980 800 5052 σιγῆς
862 4983 1191 5053 ἱσταμένων»
1219 4985 1405 5049 καθὼς
1454 4987 1695 5058 Μωῦσῆς
1752 4987 1847 5040 καὶ

277 5061 468 5128 Ἠλίας
498 5068 593 5120 καὶ
623 5069 823 5135 πάντες
874 5073 924 5125 οἱ
975 5075 1276 5146 προφῆται,
1311 5076 1631 5148 ὁμιλοῦντος
1660 5077 1846 5142 αὐτοῖς

259 5154 366 5210 τοῦ,
387 5156 546 5224 Θεοῦ,
571 5161 666 5213 καὶ
691 5165 802 5226 τοῖς
829 5164 1147 5230 ἀποστόλοις
1186 5167 1486 5236 λέγοντος,ι
1510 5167 1652 5234 Ἑγώ
1683 5171 1799 5240 εἰμι
1821 5174 1848 5225 ὁ

261 5247 510 5318 ποιμὴνὸ
540 5250 721 5315 καλός.
753 5273 770 5304 ι
795 5254 949 5308 Μετά
974 5256 1140 5326 δὲτὴν
1169 5259 1476 5328 ἀνάγνωσιν
1508 5261 1714 5324 πτύξας
1749 5261 1848 5315 αύ-

260 5338 362 5410 την
416 5341 444 5393 ὁ
487 5343 777 5412 ἀναγνοὺς,
834 5349 1159 5419 μετέρχεται
1185 5351 1360 5416 διδοὺς
1413 5353 1580 5405 πᾶσιν
1607 5353 1684 5416 ὡς
1709 5355 1846 5416 υἱοῖς

260 5429 604 5494 ἀσπάζεσθαι
660 5435 856 5504 αὐτὴν.
884 5436 958 5490 Τὸ
1013 5437 1351 5508 Εὐαγγέλιὸν
1379 5442 1502 5493 ἐστι
1551 5442 1848 5512 μηνυτικδν

259 5519 364 5590 τῆς
405 5526 712 5593 παρουσίας
768 5528 1005 5594 Χριστοῦ
1072 5531 1202 5585 Υἱοῦ
1247 5533 1338 5585 τοῦ
1393 5533 1552 5598 Θεοῦ,
1607 5535 1730 5587 καθ’
1783 5539 1848 5607 ἣν

368 5705 485 5736 “'"
517 5706 619 5762 lsa.
645 5725 719 5774 Ix,
744 5711 797 5766 6.

881 5712 924 5743 ⁸³
957 5711 1118 5766 “allii
1169 5729 1238 5776 tv,
1274 5713 1352 5766 l9.
1437 5712 1474 5740 λλ
1511 5711 1609 5764 Iszt.
1640 5728 1759 5776 un,
1796 5712 1847 5763 ἓ.

1963 4705 2157 4775 popqu
2202 4702 2425 4768 eﬂ‘atnr;
2481 4719 2602 4758 cum
2639 4703 2859 4758 silentio
2914 4713 3058 4757 astat
3090 4702 3548 4764 lideliumcaztus,

1962 4799 2414 4870 quemadmodum
2449 4797 2682 4868 Moyses,
2726 4797 2876 4851 Elias
2917 4807 2972 4850 et
3005 4797 3282 4866 prophetae
3337 4809 3548 4858 omnes,

1963 4906 2085 4946 cum
2117 4891 2430 4960 loqueretur
2466 4891 2604 4944 Deus
2631 4891 2697 4944 ad
2723 4891 2848 4945 illos
2869 4899 2920 4942 et
2955 4891 3164 4944 diceret
3198 4888 3349 4960 illis;
3389 4903 3409 4935 ι
3441 4885 3550 4954 Ego

1956 5000 2072 5038 sum
2117 4986 2288 5039 bonus
2310 4994 2494 5052 pastor
2513 4985 2582 5036 ”.
2619 5001 2638 5034 ι
2690 4983 2948 5038 Lectione
3009 4982 3300 5052 completa,
3353 4978 3549 5033 librum

1956 5063 2439 5128 sanctum'claudit
2472 5075 2640 5128 lector
2666 5084 2720 5128 et
2763 5073 3018 5128 omnibus
3053 5073 3292 5126 filialitcr
3311 5071 3544 5125 deoscu-

1959 5167 2174 5220 Iaudum
2201 5165 2372 5220 defert
2404 5183 2417 5219 :
2450 5164 2804 5234 Evangeliutn
2839 5167 2982 5219 enim
3019 5175 3425 5219 monumentum
3466 5176 3548 5217 est

1961 5259 2266 5328 praesentiaf
2288 5258 2490 5312 Christi
2517 5256 2636 5310 Filii
2667 5259 2782 5321 Dei,
2815 5274 2921 5328 quo
2949 5274 3052 5312 non
3090 5259 3138 5311 in
3169 5257 3550 5326 mnigtnatibus

1955 5353 2048 5405 sed
2069 5349 2926 5419 rcaliterapparuitnobis;docet
2951 5351 3110 5404 verba
3136 5358 3190 5403 et
3219 5359 3367 5418 gesta
3387 5347 3549 5401 Chri-

1957 5449 2047 5508 sti,
2070 5443 2186 5512 ejus
2216 5447 2282 5496 ad
2319 5459 2416 5498 nos
2440 5443 2714 5507 mandata,
2759 5442 3088 5512 passionem,
3132 5442 3465 5510 sepulturam
3495 5453 3549 5496 et

1960 5537 2446 5600 resurrectionmu;
2472 5534 2828 5589 detuirat-ulis
2849 5549 2976 5586 vero
2996 5533 3198 5587 Christi
3227 5548 3392 5602 paucn
3409 5535 3547 5588 scri-

1916 5713 2132 5768 "J-iou.
2168 5732 2218 5783 χ,
2254 5719 2330 5770 ll.
