3964 6322
423 247 560 311 3999

1272 253 1332 314 s.
1364 253 1783 315 SOPHRONII
1823 249 2327 312 PATRIARCHA:
2369 236 2775 314 HIEBOSOL.

3552 242 3703 305 1000

424 362 648 421 psrrttnl
697 353 1060 425 evangelista,
1121 355 1295 428 magis
1346 372 1412 413 ea
1468 358 1623 428 quasi
1684 356 2046 421 transeundo,

2131 357 2300 428 ὒράθη
2335 359 2463 428 ἡμῖν
2484 359 2545 410 ού
2572 357 2638 410 δι’
2670 357 3032 426 αἰνιγμάτων,
3064 355 3180 410 ἀλλ’
3221 352 3491 426 ἐμφανῶς
3515 367 3529 380 ·
3550 344 3709 420 δηλοτ

425 440 737 496 indicarunt

2112 442 2206 499 οῦν
2253 447 2419 499 αὐτοῦ
2476 446 2570 499 τοῦ
2628 447 2865 518 Χριστοῦ
2915 449 3040 510 τοὺς
3079 446 3296 514 λόγους,
3324 444 3431 506 τάς
3456 439 3701 502 ἐντολὰς,

424 532 550 592 τοὺς
572 530 769 600 νόμους
803 529 897 594 οὓς
953 534 1086 602 ἡμῖν
1144 532 1320 597 ἔθετο,
1358 535 1425 588 τά
1470 536 1637 606 πάθη,
1667 539 1766 606 τὴν
1801 533 2001 603 ταφὴν,
2029 531 2127 604 τὴν
2160 535 2481 601 ἀνάστασιν,
2531 535 2626 587 καὶ
2691 534 2860 603 αὐτὴν
2897 535 2997 604 τὴν
3045 535 3357 600 ἀνάγνωσιν
3384 548 3397 560 ·
3452 529 3562 583 τῶν
3588 531 3703 597 γάρ

427 620 733 690 θαυμάτων
775 621 825 674 οί
866 623 1256 691 εὐαγγελισταὶ
1298 624 1514 694 ὀλίγους
1556 627 1882 696 ἐποιήσαντο
1919 624 2133 693 λόγους.
2193 624 2274 676 ἑνὶ
2320 624 2530 694 ῥήματι
2594 621 2771 693 πλήθη
2807 622 3010 693 ἀπειρα
3044 623 3338 692 θαυμάτων
3372 616 3710 690 παραδηλῶ-

428 729 642 775 σαντες.

505 803 590 857 l9.
642 802 883 867 Quatuor
936 803 1225 874 Evangelia
1274 808 1599 861 ordinantur
1658 806 1725 861 ad
1776 806 2004 861 formam

430 906 663 961 quatuor
698 893 1034 961 animalium,
1067 898 1261 966 quibus
1294 899 1455 963 Deus,
1484 898 1667 953 mundi
1700 907 1896 963 rector,
1932 898 2010 950 in-

432 984 573 1036 siJet
600 994 655 1037 et
690 994 775 1038 est
813 1000 977 1054 super
1002 985 1317 1041 Cherubim.
1367 987 1559 1043 Facies
1607 998 1841 1058 quatuor
1892 990 2010 1043 ani-

338 1084 341 1087 ‘
437 1073 653 1126 malium
696 1075 903 1129 similes
959 1085 1110 1140 sunt,
1145 1078 1317 1146 prima
1355 1078 1503 1144 bovi,
1540 1081 1773 1133 secunda
1822 1078 2008 1145 vitulo,

2189 801 2276 855 t0'.
2298 801 2555 868 Τέσσαρα
2589 797 2645 851 δὲ
2669 797 2737 851 τὰ
2750 797 3057 866 Εὑαγγὲλια
3085 796 3225 850 κατά
3252 796 3321 850 τά
3342 798 3715 868 τετράμορζα

2116 888 2252 957 ζῶα,
2282 892 2338 943 ὲν
2368 884 2449 953 οἷς
2470 889 2705 959 κάθηται
2743 889 2771 941 ὁ
2802 887 2912 941 τῶν
2944 887 3082 940 ὅλων
3123 886 3278 950 Θεὸς,
3313 888 3456 956 πρὸς
3487 887 3547 939 ὃν
3572 888 3716 940 ἁνα-

2117 980 2346 1050 φέρεται
2371 979 2398 1031 ὁ
2428 978 2736 1046 καθήμενος
2767 977 2863 1029 ἐπὶ
2881 976 3003 1034 ,τῶν
3031 976 3344 1047 Χερουϐίμο
3366 969 3443 1029 ὧν
3458 976 3715 1045 τέσσαρα

2119 1070 2420 1140 φαινόμενα
2480 1068 2771 1139 πρόσωπα,
2829 1067 2891 1121 τὸ
2925 1066 3143 1139 πρῶτον
3184 1067 3371 1136 ὅμοιον
3409 1066 3612 1127 λέοντι,
3649 1069 3715 1118 τὸ

439 1165 595 1217 tertia
626 1165 828 1218 homini
859 1175 913 1219 et
940 1178 1133 1236 quarta
1157 1169 1351 1238 aquilae
1387 1186 1402 1223 :
1434 1169 1609 1237 prima
1642 1169 1806 1237 igitur
1849 1168 2017 1224 facies

2131 1158 2368 1228 ίεύτερον
2392 1158 2579 1227 ὅμοιον
2607 1158 2813 1227 μόσχῳ,
2872 1160 2934 1209 τὸ
2965 1157 3148 1228 τρίτον
3184 1157 3370 1225 ὅμοιον
3403 1156 3714 1226 ἀνθρώπῳ,

438 1254 705 1307 actionem
735 1265 788 1307 et
813 1255 1100 1325 imperium
1140 1259 1438 1327 exprimit;
1470 1260 1730 1326 secunda,
1764 1260 2014 1314 ordinem

2116 1250 2181 1303 τὸ
2234 1249 2494 1319 τέταρτον
2519 1249 2704 1318 ὅμοιον
2750 1248 2894 1319 ἀετῷ
2920 1266 2934 1281 ·
2977 1247 3037 1301 τὺ
3073 1250 3173 1319 μὲν
3219 1248 3315 1302 οῦν
3360 1248 3583 1319 πρῶτον
3610 1248 3716 1300 τοῦ

439 1344 830 1398 sacerdotalem
868 1345 1195 1415 adumbrat;
1220 1340 1400 1416 tertia,
1451 1350 1737 1404 humanam
1771 1350 1864 1404 Dei
1886 1364 2022 1419 prae-

2131 1341 2370 1411 λέγοντος
2412 1341 2473 1394 τὸ
2533 1339 2850 1412 ἔμπρακτον
2881 1340 3047 1394 αὑτοῦ
3100 1340 3195 1393 καὶ
3236 1339 3571 1410 ἡγεμονικὸν
3601 1357 3718 1410 χα-

440 1435 668 1488 sentiam
687 1445 738 1490 et
759 1435 1252 1495 manifestationem
1283 1441 1578 1510 describit;
1600 1437 1815 1511 quarta,
1838 1442 2017 1511 aquila

2131 1431 2481 1503 ρακτηρίζειο
2516 1432 2577 1486 τὸ
2621 1432 2677 1485 δὲ
2729 1431 2980 1501 δεύτερον
3031 1430 3129 1501 τὴν
3167 1431 3525 1503 ίερουργικὴν
3552 1428 3718 1494 τάξιν

444 1525 665 1589 volans,
700 1526 947 1597 Spiritus
964 1531 1138 1584 sancti
1164 1533 1598 1600 supervenientis
1614 1534 1869 1588 virtutem
1887 1549 2018 1603 ape-

2131 1524 2380 1594 ὲμφαίνει
2399 1541 2412 1555 ’
2441 1524 2504 1578 τὸ
2536 1525 2723 1596 τρίτον
2745 1525 2844 1593 τὴν
2875 1523 3017 1577 κατά
3050 1522 3340 1593 ἄνθρωπον
3364 1521 3534 1577 αὐτοῦ
3564 1538 3718 1592 παρ·

442 1616 535 1672 rit.
585 1618 935 1690 Evangelium
968 1624 1263 1677 secundum
1308 1621 1571 1679 Joannem
1614 1624 1814 1680 Christi
1851 1627 2020 1695 impe-

2131 1617 2310 1670 ουσίαν
2343 1623 2437 1670 καὶ
2465 1617 2774 1686 φανέρωσιν
2794 1616 3119 1687 διαγράφει·
3143 1615 3203 1668 τὸ
3232 1615 3496 1685 τέταρτον
3521 1615 3716 1682 ὅμοιον

444 1709 605 1775 rium,
653 1712 921 1766 actionem
945 1723 1001 1767 et
1048 1717 1415 1783 receptionem
1467 1718 1693 1786 exponit
1722 1735 1736 1783 ;
1765 1718 2020 1772 scribitur

2131 1708 2267 1778 ἀετῷ
2288 1708 2573 1778 πετομένῳ
2599 1706 2699 1777 τὴν
2730 1706 2827 1759 τοῦ
2860 1707 3014 1775 ἁγίου
3042 1705 3181 1758 Πνεύ
3191 1722 3357 1775 ματος
3390 1701 3715 1773 ἐφιπταμέ-

443 1802 589 1853 enim
623 1818 636 1854 :
673 1819 690 1851 t
726 1800 783 1854 ln
810 1802 1079 1873 principio
1117 1817 1238 1860 erat
1264 1806 1498 1860 Verbum
1522 1808 1589 1861 “.
1623 1826 1642 1860 ι
1668 1808 2017 1879 Evangelium

2131 1815 2220 1866 νην
2251 1798 2479 1869 δύναμιν
2506 1799 2813 1869 σασηνίζει.
2844 1799 2919 1851 Τδ
2973 1799 3070 1869 μὲν
3117 1793 3211 1851 οὖν
3268 1797 3414 1851 κατὰ
3448 1798 3714 1865 Ἰωάννην

442 1892 742 1945 secundum
769 1892 993 1959 Lucam,
1016 1897 1306 1951 sacerdotii
1338 1899 1562 1968 ﬁguram
1582 1900 1861 1967 exprimit,
1894 1915 2018 1953 cum

2131 1889 2456 1958 Εὑαγγέλιον
2476 1890 2575 1958 τὴν
2600 1889 2707 1943 ἀπὸ
2738 1888 2831 1942 τοῦ
2891 1889 3105 1960 [ἰατρὸς
3153 1888 3494 1959 ἡγεμονικὴν
3538 1886 3711 1939 αὑτοῦ

447 1997 473 2033 a
494 1979 759 2036 Zacharia
792 1987 1091 2050 sacerdote,
1117 1987 1396 2043 incensum
1430 1986 1735 2054 deferente,
1772 1990 2020 2058 incipiat,

446 2068 732 2127 Mattharus
765 2077 1171 2144 generationem
1202 2077 1357 2153 juxta
1381 2094 1596 2132 carnem
1638 2089 1857 2133 narrat:
1889 2099 1907 2130 ι
1936 2076 2020 2133 Li-

445 2160 545 2214 ber
564 2165 930 2230 generationis
955 2164 1084 2222 Jesu
1117 2166 1347 2234 Christi,
1385 2188 1404 2221 ι
1429 2169 1682 2224 videlicet
1721 2170 1881 2224 habet
1910 2167 2022 2224 for-

408 2264 591 2335 ‘mam
629 2253 918 2310 humanam
976 2256 1200 2313 Christi.
1255 2257 1472 2314 Marcus
1508 2271 1687 2314 autem
1737 2276 1857 2313 cum
1908 2276 2028 2329 pro-

446 2344 668 2411 phetico
682 2347 896 2414 spiritu,
916 2350 1058 2422 quia
1082 2351 1408 2406 sublimibus
1430 2352 1495 2405 ad
1520 2353 1768 2406 homines
1787 2352 2023 2417 devenit,

448 2434 664 2488 initium
692 2451 845 2490 suum
868 2437 1013 2503 fecit,
1049 2441 1233 2494 dicens
1263 2458 1277 2495 :
1315 2439 1562 2493 «Initium
1597 2439 1892 2509 Evangelii,
1927 2442 2028 2494 sic-

448 2531 510 2575 ut
545 2524 805 2593 scriptum
843 2537 929 2582 est
972 2528 1025 2582 in
1067 2530 1367 2598 prophetis,
1406 2547 1425 2580 ›
1460 2530 1716 2599 aligerum
1741 2527 2022 2599 Evangelii

449 2613 738 2684 imaginem
762 2619 1022 2673 ostendit.

2123 1983 2217 2035 καὶ
2251 1979 2565 2051 πρακτικὴν
2583 1980 2676 2031 καί¹
2699 1978 2912 2045 ἔνδοξον
2930 1979 3184 2047 γέννησιν
3208 1980 3481 2049 διηγεῖται
3508 1995 3524 2008 ·
3565 1976 3708 2047 γρά-

2119 2089 2208 2141 φει
2231 2072 2364 2142 γὰρ,
2398 2089 2416 2122 ι
2437 2069 2527 2123 Ἐν
2560 2073 2700 2143 ἀρχῇ
2715 2067 2824 2142 ἦνό
2849 2071 3072 2139 Λόγος.»
3102 2071 3175 2124 Τὸ
3202 2070 3261 2123 δὲ
3290 2069 3434 2123 κατὰ
3463 2071 3709 2129 Λουκᾶν,

2119 2163 2322 2218 τδντοῦ
2356 2164 2676 2235 ίεραρχικοῦ
2725 2166 3072 2236 χαρακτῆρος
3108 2163 3278 2218 τύπον
3331 2165 3703 2236 παρίστησιν·

2120 2253 2230 2308 ἀπὸ
2263 2253 2371 2324 γὰρ
2394 2254 2490 2307 τοῦ
2530 2253 2804 2324 Ζαχαρίου
2869 2255 3060 2324 ἱερέως
3112 2254 3418 2325 θυμιῶντος
3442 2256 3705 2325 ἄρχεται·

2123 2344 2399 2408 Ματθατος
2428 2345 2486 2398 δὲ
2515 2346 2614 2416 τὴν
2642 2345 2783 2398 κατὰ
2813 2346 2991 2415 σάρκα
3024 2346 3283 2416 γέννησιν
3298 2344 3465 2398 αὑτοῦ
3494 2345 3711 2415 διηγεῖ-

2120 2452 2231 2490 ται·
2266 2455 2285 2488 ι
2308 2436 2499 2499 Βίὸλος
2521 2439 2789 2505 γενέσεως
2828 2436 3003 2506 Ἰησοῦ
3036 2438 3274 2509 Χριστοῦ
3303 2455 3315 2466 ·
3356 2456 3375 2490 ι
3414 2437 3708 2508 ἀνθρωπὸ-

2125 2543 2332 2597 μορφον
2358 2526 2415 2580 δὲ
2432 2528 2592 2581 τοῦτο
2637 2528 2698 2580 τὸ
2733 2529 3087 2595 Εὐαγγέλιον.
3112 2529 3339 2600 Μάρκος
3381 2529 3440 2582 δὲ
3474 2529 3587 2582 ἀπὸ
3612 2527 3708 2580 τοῦ

2122 2617 2469 2690 προφητικοῦ
2532 2618 2848 2690 Πνεύματος
2895 2619 2989 2673 τοῦ
3031 2620 3092 2685 ἐξ
3124 2619 3292 2689 ὕψους
3315 2621 3568 2682 ἐπιόντος
3594 2620 3706 2681 τοῖς

446 2707 872 2780 ἀνθρώποιςτὴν
896 2709 1070 2781 ἀρχὴν
1121 2710 1418 2777 ἐποιήσατο
1460 2709 1669 2781 λέγων’
1708 2731 1728 2765 t
1772 2712 1945 2784 Ἀρχὴ
1971 2710 2066 2765 τοῦ
2100 2711 2467 2789 Εὐαγγελίου,
2540 2714 2617 2775 ὼς
2675 2712 2992 2783 γέγραπται
3042 2713 3101 2764 ἐν
3153 2712 3506 2782 προφήταις·
3545 2731 3563 2761 ι
3609 2708 3706 2779 τὴν

449 2800 735 2871 πτερωτὴν
778 2801 965 2854 εἰκόνα
1006 2802 1102 2856 τοῦ
1159 2802 1495 2871 Εὐαγγελὼυ
1538 2803 1627 2857 διὰ
1675 2803 1870 2857 τούτου
1914 2804 2149 2867 δεικνύς.
2476 2819 2485 2826 ·

511 2891 605 2944 20.
639 2892 770 2958 Qua:
794 2894 1167 2963 evangelicam
1208 2895 1494 2951 lectionem
1554 2897 1905 2965 subsequitur
1941 2898 2033 2951 be-

2206 2902 2275 2949 x'.
2315 2895 2389 2948 Τὸ
2425 2895 2566 2964 μετά
2584 2895 2681 2964 τὴν
2715 2894 3024 2963 ἀνάγνωσιν
3056 2895 3149 2950 τοῦ
3176 2894 3514 2963 Εύαγγελίοο
3535 2912 3710 2965 σφρα-

450 2983 691 3039 nedictio
722 2985 1000 3053 pontiﬁcis
1039 2984 1181 3040 facta
1225 2986 1279 3040 in
1314 2985 1589 3055 populum.
1619 2987 1856 3041 ostendit
1886 2986 2033 3040 lutu-

450 3090 566 3128 ram
599 3073 799 3128 Christi
833 3076 1176 3143 praesentiam
1198 3091 1340 3131 anno
1364 3074 1582 3141 30,000
1612 3076 1751 3143 fore,
1784 3078 2033 3133 testimo-

452 3167 603 3219 nium
690 3164 834 3218 enim
921 3165 1213 3237 digitorum
1293 3167 1472 3223 sexies
1550 3168 1789 3237 quinque
1865 3168 2030 3223 millia

451 3256 676 3309 indicat.
714 3254 844 3322 Qua:
907 3267 1028 3325 post
1083 3257 1266 3311 divina
1325 3255 1616 3328 Evangelia
1673 3259 1809 3313 liunt
1848 3259 2031 3327 lectio,

455 3362 650 3415 preces
700 3360 755 3401 et
823 3346 1239 3415 postulationes,
1302 3364 1476 3419 usque
1535 3349 1601 3405 ad
1667 3349 2032 3407 Cherubicum

451 3439 745 3501 canticum,
782 3439 943 3491 trium
995 3448 1297 3508 tetnporum
1354 3440 1658 3495 doctrinam
1692 3439 1893 3495 Christi
1926 3442 2032 3496 Do-

455 3528 583 3580 mini
633 3530 802 3583 nostri
844 3529 1100 3596 innuuut,
1133 3540 1187 3585 et
1204 3530 1532 3587 catechesim
1549 3547 1668 3602 quas
1694 3532 1760 3587 ad
1785 3540 2030 3587 sanctum

452 3631 719 3689 praeparat
769 3621 1119 3692 baptismum,
1179 3638 1302 3678 cum
1349 3623 1749 3687 catechumeni,
1794 3632 1850 3677 et
1900 3638 2030 3678 nou-

453 3710 580 3763 dnm
614 3710 816 3764 initiati
857 3721 913 3765 et
955 3711 1141 3766 divino
1186 3713 1424 3767 nondum
1483 3713 1688 3781 dignati
1745 3714 2031 3781 baptismo,

454 3816 482 3854 a
511 3802 716 3856 sanctis
749 3800 955 3857 Christi
982 3803 1258 3873 mysteriis
1289 3803 1573 3857 recedunt.
1599 3800 1730 3868 Quae
1761 3803 2030 3856 interdum

451 3891 808 3946 eﬂ'unduntnr
837 3908 1052 3961 preces,
1086 3895 1222 3948 ﬁunt
1277 3908 1376 3962 pro
1431 3894 1865 3953 catechumenis.
1938 3907 2033 3961 pro

453 3984 702 4039 ﬁdelibus
731 3995 785 4041 et
808 4000 905 4056 pro
932 3985 1239 4040 sacerdote.
1269 3985 1634 4038 Atlmirahiles
1671 3987 1815 4039 enim
1849 3983 2034 4038 Patres

452 4074 856 4141 intellexerunt,
892 4075 1082 4144 quales
1126 4090 1248 4130 esse
1279 4075 1511 4129 debeant
1543 4078 1722 4129 anima
1754 4085 1809 4129 et
1841 4091 2033 4128 manus

454 4165 801 4233 suscipientis
827 4167 1230 4221 sanctissimum
1252 4182 1452 4234 corpus
1478 4165 1677 4220 Christi
1709 4165 1801 4221 Dei
1826 4168 2027 4233 nostri;

454 4261 510 4307 et
549 4255 671 4321 quia
723 4269 820 4307 cor
849 4254 1038 4321 purius
1084 4268 1206 4308 esse
1236 4264 1451 4323 oportet
1479 4268 1640 4324 quam
1698 4256 1829 4309 solis
1857 4256 2017 4322 radii,

457 4345 525 4399 ad
570 4346 785 4399 veniam
846 4356 1190 4415 peccatorum
1244 4355 1298 4399 et
1340 4347 1724 4416 benignitatem
1790 4348 2025 4400 divinam

457 4436 879 4501 com-iliandam,
916 4436 1192 4491 orationes
1253 4438 1371 4491 lieri
1422 4448 1750 4494 statuerunt.
1827 4437 2027 4491 Eiliton

431 4529 750 4593 ,devolvnnt
773 4530 1010 4596 diaconi,
1040 4529 1497 4599 quemadmodum
1525 4528 1724 4597 Joseph
1775 4540 1830 4583 et
1866 4528 2028 4583 Nico-

459 4623 646 4675 demus
694 4620 939 4676 fecerunt
967 4638 1089 4676 cum
1127 4623 1422 4693 sepelirent
1477 4622 1783 4675 Dominum.
1831 4620 2038 4675 Dicitur

458 4725 640 4769 autem
670 4732 683 4767 :
724 4733 743 4766 ι
783 4714 1200 4779 Calechumeni,
1239 4714 1555 4783 procedite;
1587 4724 1724 4766 i‘ter
1748 4714 2032 4783 repetitur,

459 4807 584 4873 quia
628 4826 646 4859 ι
682 4805 738 4859 ln
785 4822 880 4861 ore
935 4807 1165 4860 duorum
1223 4806 1305 4859 vel
1363 4806 1523 4859 triunt
1594 4806 1812 4859 testium
1866 4806 2033 4859 stahit

457 4912 619 4953 Omne
654 4898 963 4952 verbum".
1007 4916 1025 4949 ›
1056 4897 1191 4952 Ctun
1240 4894 1530 4951 inclinatus
1581 4907 1702 4951 orat
1751 4898 2025 4962 sacerdos,

462 4989 877 5045 summissionem
896 4990 1249 5042 demonstrat.
1267 4985 1470 5043 Deinde
1504 4988 1703 5042 clamat
1726 4987 1984 5041 diaconus
2011 5004 2025 5039 :

463 5084 756 5151 Sapientia,
786 5086 834 5137 id
863 5094 968 5148 est,
1002 5084 1181 5136 divina
1213 5100 1232 5148 ;
1265 5085 1465 5137 clamat
1521 5097 1738 5153 quoque
1774 5083 2033 5137 sacerdos

461 5180 526 5232 ad
559 5178 767 5232 licunt:
806 5195 823 5227 ι
871 5176 938 5230 Ut
967 5192 1062 5244 per
1111 5186 1430 5244 potestatem
1472 5187 1658 5239 tuam;
1692 5194 1713 5227 ι
1749 5186 1803 5229 et
1844 5184 2036 5229 canta-

468 5281 632 5332 torcs,
660 5269 882 5337 angelos
916 5270 1212 5334 imitantes,
1231 5269 1484 5338 populum
1509 5268 1577 5324 ad
1605 5270 1874 5323 canticum
1895 5265 2040 5321 Che-

469 5360 713 5414 rubicum
738 5368 1085 5414 convertunt.
1122 5360 1323 5415 Omnes
1355 5361 1673 5415 atlltOrlatur
1705 5358 2041 5413 Chcrubicus

2135 2988 2288 3056 γίσαι
2321 2987 2414 3040 τὸν
2440 2987 2569 3040 λαὸν
2596 2986 2687 3038 τὸν
2734 2986 3019 3057 ἀρχιερέα,
3076 2987 3416 3041 ὑποδεικνύει
3445 2989 3547 3057 τὴν
3583 2988 3708 3058 μέλι

2134 3076 2334 3129 λουσαν
2382 3076 2686 3145 παρουσίαν
2731 3074 2952 3128 ἔσεσθαι
3012 3077 3071 3128 ὲν
3138 3075 3218 3148 τῷ
3268 3082 3393 3144 ςφέ
3427 3078 3560 3141 ἔτει,
3610 3077 3705 3144 τῆς

2130 3167 2363 3237 ψηφίδῡς
2412 3166 2521 3219 τῶν
2576 3165 2856 3219 δακτύλων
2905 3166 3278 3235 ὲμφαινούσης
3322 3168 3506 3233 ἑξάκις
3560 3167 3705 3236 χίλια

2134 3259 2320 3312 πέντε.
2365 3257 2427 3311 Ἦ
2467 3257 2524 3310 δὲ
2551 3259 2698 3327 μετὰ
2727 3258 2838 3312 τῶν
2876 3258 3036 3312 θείων
3076 3259 3428 3328 [εὐαγγελίων
3467 3261 3706 3326 avarum.

2136 3365 2238 3412 σις,
2276 3348 2436 3420 εὐχαὶ
2461 3350 2557 3401 καὶ
2588 3350 2833 3418 αἰτήσεις
2871 3351 2999 3421 ἇαρι
3032 3350 3485 3420 τοῦ’χερου6ικοῦ
3514 3350 3702 3421 ὕμνου,

2133 3437 2231 3508 τὴν
2260 3439 2355 3490 ἐπὶ
2378 3439 2527 3508 τρισί⁸
2572 3439 2787 3508 χρόνοις
2809 3439 3155 3492 διδασκαλίαν
3178 3440 3582 3509 ὑπεμφαίνουσι
3613 3439 3702 3493 τοῦ
3752 3444 3759 3449 ’

2133 3527 2370 3598 Χριστοῦ
2430 3528 2524 3580 καὶ
2563 3528 2697 3582 Θεοῦ
2746 3528 2933 3598 ἡμῶν,
2978 3531 3070 3583 καὶ
3120 3528 3217 3600 τὴν
3255 3530 3393 3599 πρὸς
3446 3532 3509 3583 τὸ
3556 3530 3704 3598 ἅγιον

2136 3620 2423 3691 βάπτισμα
2451 3621 2919 3690 εύτρεπιζομένην
2954 3623 3277 3691 κατήχησιν,
3327 3623 3414 3674 ὅτε
3445 3622 3510 3691 δὴ
3541 3623 3633 3674 καὶ
3656 3622 3706 3674 οί

2134 3711 2537 3782 κατηχούμενοι
2577 3712 2652 3772 ὼς
2681 3712 2922 3782 ἀμύητοι
2954 3715 3047 3765 καὶ
3080 3714 3293 3783 μήποτε
3343 3712 3707 3777 καταξιωθέν-

2132 3821 2225 3867 τες
2271 3802 2366 3856 τοῦ
2419 3802 2567 3855 θείου
2606 3803 2985 3874 βαπτίσματος
3032 3806 3126 3858 καὶ
3158 3805 3265 3858 τῶν
3313 3803 3407 3857 τοῦ
3471 3804 3703 3876 Χριστοῦ

2137 3894 2458 3964 μυστηρίων
2495 3894 2831 3964 ἐξέρχονται.
2884 3895 2951 3946 Ai
2991 3894 3044 3947 δὲ
3076 3898 3134 3948 ὲν
3164 3895 3239 3964 τῷ
3274 3896 3480 3965 μεταξὺ
3507 3895 3705 3950 τούτων

2134 3986 2423 4056 γινόμεναι
2463 3987 2638 4056 εὐχαὶ,
2679 3986 2820 4056 ὑπὲρ
2851 3986 3032 4039 αὐτῶν
3060 4004 3119 4039 τε
3170 3988 3411 4056 γίνονται
3444 3987 3552 4041 τῶν
3577 4005 3706 4042 κατ-

2134 4077 2491 4146 ηχουμένων,
2551 4075 2796 4141 πιστῶν,
2850 4079 2942 4129 καὶ
2992 4076 3159 4131 αὐτοῦ
3218 4076 3313 4130 τοῦ
3367 4078 3702 4149 ἀρχιερέωςο

2136 4166 2443 4230 ἐννοοῦντες
2463 4166 2570 4239 γὰρ
2590 4168 2638 4220 οί
2665 4166 2945 4220 θεσπέσιοι
2964 4168 3211 4237 Πατέρες
3234 4168 3424 4221 ὁποίαν
3441 4165 3581 4221 εἶναι
3605 4172 3706 4239 χρὴ

2133 4256 2232 4328 τὴν
2260 4257 2438 4327 ψυχὴν
2457 4257 2551 4310 καὶ
2582 4256 2680 4328 τὴν
2706 4260 2866 4328 χείρα
2889 4258 2983 4312 τοῦ
3008 4260 3293 4329 μέλλοντος
3318 4261 3589 4315 ἅπτεσθαι
3614 4262 3704 4314 τοῦ

2140 4348 2524 4416 παναχράντου
2562 4348 2817 4419 σώματος
2842 4351 3082 4421 Χριστοῦ
3111 4352 3205 4405 τοῦ
3236 4352 3371 4405 Θεοῦ
3403 4353 3586 4422 ἡμῶν.
3618 4356 3706 4407 καὶ

2133 4437 2209 4500 ὡς
2238 4437 2631 4509 καθαρωτέραν
2665 4438 2775 4491 τῶν
2823 4438 3072 4509 ἡλιακῶν
3122 4441 3363 4493 ἀκτίνων
3392 4442 3475 4495 δεῖ
3509 4441 3706 4510 ταύτην

2135 4531 2446 4599 τυγχάνειν,
2504 4530 2627 4592 τὰς·
2667 4530 2807 4599 ὑπὲρ
2886 4530 2987 4600 τῆς
3053 4533 3456 4602 συγχωρήσεως
3511 4532 3706 4585 τούτων

2136 4621 2301 4690 εύχάς
2327 4620 2416 4674 διὰ
2437 4620 2852 4692 φιλανθρωπίαν
2880 4621 3017 4674 Θεοῦ
3044 4622 3311 4692 ἐσομένην
3344 4622 3611 4689 ἐξέθεντο.
3644 4625 3702 4675 οε

2135 4712 2373 4766 διάκονοι
2399 4712 2630 4766 ἁπλοῦσι
2657 4712 2719 4765 τὸ
2747 4711 2966 4778 εἱλιτδν,
2998 4711 3078 4775 ὡς
3120 4712 3317 4784 Ἰωσὴφ
3354 4713 3451 4766 καὶ
3477 4714 3705 4784 Νικόδη-

2138 4822 2238 4875 μος
2290 4805 2577 4876 μέλλοντες
2615 4806 2710 4860 καὶ
2753 4805 2919 4859 αὑτὸν
2946 4805 3296 4876 ἐνταφιάζειν
3343 4806 3435 4859 τὸν
3486 4807 3706 4876 Κύριον.

2133 4898 2366 4964 Λέγεται
2398 4896 2453 4949 δὲ
2487 4897 2567 4961 τὸ,
2599 4915 2617 4939 ι
2646 4899 2708 4949 υἱ
2739 4896 3153 4967 κατηχούμενοι,
3187 4897 3537 4968 προέ).θετε,ι
3571 4897 3702 4967 τρὶς,

2135 4992 2223 5043 ἵνα
2247 4989 2341 5042 ἐπὶ
2368 4985 2632 5059 στόματος
2647 4988 2794 5059 δύοῆ
2833 4990 3003 5055 τριῶν
3029 4989 3321 5060 μαρτύρων
3380 4988 3554 5060 σταθῇ
3603 4989 3702 5040 πᾶν

2135 5081 2304 5151 ῥῆμα.
2324 5079 2532 5132 Κλίνων
2562 5079 2749 5131 ἑαυτὸν
2771 5081 2799 5131 ὁ
2822 5080 3000 5149 ἱερεὺς
3020 5081 3077 5131 ὲν
3096 5081 3161 5149 τῇ
3191 5080 3325 5148 εὐχῇ
3357 5078 3599 5130 δείκνυσι
3613 5077 3703 5145 τὴν

2133 5171 2397 5225 δουλείαν.
2428 5166 2561 5223 Εἶτα
2584 5173 2753 5237 φωνεῖ
2781 5171 2808 5222 ό
2828 5170 3098 5233 διάκονος,
3129 5187 3148 5220 ι
3186 5168 3381 5239 Σοφία,
3419 5167 3699 5228 ιτουτέστι,

2135 5263 2235 5317 Θεέ
2251 5278 2265 5293 ⁶
2297 5262 2395 5333 βοᾷ
2410 5265 2437 5315 ὁ
2461 5262 2638 5332 ἱερεὺς
2665 5261 2799 5331 πρὸς
2815 5261 2908 5314 τὸν
2929 5261 3113 5326 Θεὸν,ι
3127 5260 3312 5323 Ὅπως
3338 5261 3444 5313 ὑπδ
3463 5258 3556 5311 τοῦ
3575 5254 3697 5326 κρά-

2134 5372 2260 5418 τους
2308 5371 2403 5408 σου
2428 5369 2443 5383 ·
2486 5373 2505 5406 ι
2543 5349 2660 5406 εἶτα
2690 5355 2738 5407 οἱ
2769 5352 2967 5419 ψάλται
3024 5352 3098 5416 ὡς
3147 5351 3418 5421 μελισσῶν
3470 5346 3701 5416 ἀγγέλων

466 5461 656 5506 cautus
689 5460 741 5503 ut
769 5452 834 5503 ad
869 5450 1025 5504 linem
1073 5467 1241 5519 usque
1276 5450 1505 5506 actionis
1560 5450 1834 5505 attentiori
1867 5457 2044 5502 astcnt

2141 5446 2507 5520 προτρέπουσι
2533 5446 2623 5500 τὸν
2654 5446 2782 5500 λαδν
2820 5448 2901 5509 εἰς
2929 5446 3020 5498 τὸν
3050 5443 3371 5514 χεροτϐικδν
3421 5441 3611 5511 ὕμνον.
3650 5435 3701 5491 ’0

541 5632 581 5661 ²“
609 5628 762 5683 ιίιιεὶιι.
806 5646 841 5695 t,
869 5630 912 5682 l.
992 5632 1032 5660 ²⁷
1070 5630 1221 5684 llcut.
1259 5645 1388 5692 xm,
1432 5629 1486 5684 6.
