3964 6322
372 260 509 326 6001
1437 275 1904 340 ΟΟΜΜΕΝΤΑΒ

2012 286 2043 342 5
2084 286 2367 347 LITURG
2380 287 2570 348 ICUS.
3362 316 3365 317 '
3495 295 3639 358 4(Ὂὲ

369 375 424 427 δὲ
454 374 778 445 χερουδικδς
804 373 976 447 ῦμνος
1004 379 1447 449 παρακελεύεται
1479 387 1691 450 πάντας
1714 389 1902 443 ὲντεῦθ

2012 394 2042 453 ι
2068 398 2259 461 menti,
2289 406 2562 452 terrenam
2587 396 2851 467 abjiciant
2877 398 3318 467 sollicitudinem,
3342 406 3495 473 quasi
3523 425 3636 459 ma-

367 466 462 518 καὶ
500 465 661 536 μέχρι
695 466 789 518 τοῦ
821 466 1008 530 τέλους
1039 469 1139 539 τῆς
1175 470 1485 541 ίερουργὴς
1512 478 1908 545 προσεκτικὼτε

2059 503 2223 557 gnum
2264 489 2590 557 recipientes
2634 507 2817 561 regem
2861 506 2958 559 per
3000 493 3330 548 sanctissimi
3387 498 3638 564 corporis

364 570 462 625 ρον
494 555 641 625 ἔχειν
676 557 769 609 τὸν
797 558 942 621 νοῦν,
973 556 1158 613 πᾶσαν
1190 559 1453 633 βιωτικὴν
1502 566 1778 638 μέριμναν
1801 570 1908 623 κάτι

2057 577 2175 647 ejus
2199 581 2690 649 participationem.
2734 580 2870 636 Dum
2903 591 3213 639 cantatores
3255 599 3376 638 cum
3439 588 3636 655 populo

361 646 620 713 ἀφέντες,
645 646 723 710 ὡς
759 647 985 717 βασιλέα
1040 650 1327 719 μέλλοντες
1370 655 1543 723 μέγαν
1590 658 1908 730 ὑποδέχεσθε

2056 669 2305 723 eumdem
2363 678 2568 726 canunt
2601 672 2893 739 canticum,
2945 673 3358 728 demonstratur
3413 675 3633 744 angelos

360 737 452 791 διὰ
506 739 868 809 μεταλήψεως
899 739 995 793 τοῦ
1028 741 1184 810 ἁγίου
1239 745 1497 815 σώματος
1545 749 1734 804 αὐτοῦ.
1768 750 1861 807 Ἑν
1890 753 1908 807 ἱ

2057 758 2110 811 in
2140 759 2372 815 excelsis
2401 761 2713 816 concinere.
3631 759 3641 769 ’

362 829 654 923 ῖῴξλέγειν
677 832 799 897 τοὺς
824 832 1036 902 ψάλτας
1058 835 1148 889 τὸν
1175 836 1336 891 αὐτὸν
1362 836 1533 908 ὕμνον
1562 841 1683 911 ἅμα
1704 842 1781 914 τῷ
1810 844 1944 916 λαῷ,
1991 851 2318 921 σημαίνεται
2358 852 2440 905 ὅτι
2498 852 2593 906 καὶ
2623 852 2673 905 οί
2728 852 2951 922 ἄγγελοι
3013 852 3403 923 συνψάλλουσιν
3426 855 3485 907 ὲν
3518 856 3631 919 τοῖς

359 921 630 989 ὑψίστοις.

431 1007 538 1064 κα’.
580 1011 654 1064 Τὸ
684 1014 1112 1083 σκευοφυλάκιον
1138 1017 1197 1071 ὲν
1290 1017 1498 1086 γίνεται
1525 1024 1558 1092 ή
1582 1027 1908 1094 προσκομιδί

2012 1063 2015 1068 ν
2127 1008 2213 1082 ἐι.
2246 1028 2551 1099 Apparatus
2582 1044 2691 1101 quo
2750 1030 3032 1100 perﬁcitur
3074 1031 3401 1089 sacriﬁcium
3432 1051 3625 1107 reprae-

356 1100 616 1170 ὲμφαίνει
638 1102 730 1154 τὸν
760 1103 857 1157 τοῦ
895 1106 1134 1175 Κρανίου
1163 1110 1345 1173 τόπον,
1376 1109 1560 1175 καθὼς
1586 1116 1908 1185 προετυπώθ

2056 1127 2237 1174 sentat
2262 1119 2529 1175 Calvariae
2552 1100 2753 1187 locum,
2783 1136 2942 1189 quem
2984 1121 3259 1177 Abraham
3311 1100 3626 1196 prmﬁgura-

352 1190 436 1261 τῷ
478 1191 730 1261 ’Δόραὰμ
746 1193 843 1246 ὅτε
871 1193 1155 1260 ἐστοίὸαζε
1193 1198 1264 1251 τὰ
1309 1199 1462 1268 ξύλα,
1503 1204 1599 1256 καὶ
1660 1204 1824 1276 ἔθηκε
1854 1208 1908 1260 τὸ

2015 1215 2023 1223 '
2050 1210 2150 1274 vit,
2171 1226 2292 1265 rum
2311 1221 2528 1280 pararet
2555 1211 2722 1281 ligna,
2748 1210 2858 1265 lilio
2881 1213 3183 1279 imponeret
3210 1222 3264 1267 et
3296 1215 3506 1270 luctlum
3545 1234 3626 1270 sa-

353 1285 494 1345 υἱὺν,
525 1283 622 1336 καὶ
654 1284 925 1354 ἀνήνεγκε
954 1285 1047 1339 τὸν
1072 1288 1247 1357 κριόν.
1285 1289 1492 1361 Ἱερεύς
1522 1293 1683 1363 μόνος
1716 1296 1908 1365 ίστάμε

2048 1302 2334 1356 criﬁcavit.
2374 1301 2662 1369 Sacerdos,
2696 1303 2788 1372 qui
2852 1302 3081 1357 solusﬁn
3110 1303 3310 1372 templo
3337 1313 3464 1369 stat,
3497 1307 3623 1362 dum

353 1390 447 1435 νος
476 1374 533 1425 ὲν
560 1372 640 1442 τῷ
664 1373 779 1442 ναῷ
804 1374 899 1427 τοῦ
928 1376 1254 1447 χερουῶκοῦ
1274 1378 1444 1446 ῦμνου
1464 1383 1908 1455 ᾁδομένου,’τύπο

2040 1397 2255 1448 canitur
2278 1395 2515 1466 hymnus
2536 1395 2905 1458 Cherubicus.
2960 1395 3189 1466 ﬁguram
3250 1399 3391 1467 gerit
3444 1397 3624 1454 Patris

352 1462 593 1517 δεικνύει
628 1464 722 1518 τοῦ
755 1466 971 1538 Πατρὺς
998 1469 1357 1540 ἐκδεχομένου
1392 1473 1492 1546 τὴν
1520 1476 1616 1530 τοῦ
1648 1478 1779 1532 Υἱοῦ
1807 1497 1908 1551 προ

2039 1462 2420 1556 εωιεειίεξιιυί
2455 1485 2651 1540 Filium
2678 1462 3068 1542 advenientem
3097 1462 3329 1559 colligit.
3356 1487 3620 1556 Flahella,

350 1552 587 1607 ἐλευσιν.
640 1555 721 1607 Τά
760 1557 973 1626 ριπίδια
1030 1558 1111 1622 είς
1152 1562 1318 1616 τόπον
1359 1565 1468 1618 τῶν
1521 1568 1805 1641 Χερουϐὶμ
1841 1589 1908 1625 κα

2039 1587 2257 1645 sceptra
2287 1552 2562 1647 et—gladii,
2591 1588 2649 1632 ut
2688 1577 2929 1648 symbola
2976 1552 3257 1648 dignitatis
3305 1584 3488 1652 regim,
3522 1552 3620 1637 de;

348 1640 463 1693 τῶν
495 1642 749 1713 Σεραφὶμ
782 1646 1178 1715 προηγοῦνται,
1213 1648 1402 1703 καὶτὰ
1434 1652 1710 1726 σκῆπτρα,
1754 1640 1850 1710 καὶ
1879 1675 1908 1710 α

2039 1640 2287 1722 feruntur
2319 1640 2580 1723 invlocum
2607 1640 2903 1724 Clte'rubim
2926 1679 2981 1724 et
3011 1640 3322 1739 Sveraphim.
3348 1640 3449 1738 διιί
3478 1688 3616 1741 pra:-

351 1734 619 1826 ρομφαίαι
694 1734 772 1798 ὡς
841 1735 1087 1805 σύμϐολα
1169 1738 1458 1808 βασιλέως.
1531 1746 1904 1815 Ἀρχιδιάκονο

2042 1758 2302 1813 tereundo
2326 1765 2505 1826 portat
2557 1756 2860 1821 homerale,
2910 1758 3000 1812 hic
3040 1734 3619 1816 archidiaconus-imi-

351 1820 642 1892 βαστάζων
673 1825 735 1877 τὸ
777 1825 1089 1899 ὼμοφόριον
1124 1829 1418 1902 διέρχεται,
1446 1834 1520 1897 ὼς
1555 1836 1799 1904 ἄγγελοι,
1838 1836 1907 1907 βα

2042 1856 2199 1903 tatur
2223 1847 2489 1919 angelos;
2528 1847 2975 1923 evanescitenim
3010 1850 3214 1913 veteris
3264 1851 3397 1922 legis
3420 1855 3617 1923 gratia,

354 1913 572 1975 στάζων
624 1913 724 1983 τὴν
771 1915 1013 1972 παλαιὰν
1066 1920 1231 1990 χάριν
1280 1920 1643 1990 όψικεύουσαν
1673 1925 1774 1996 τήν
1807 1926 1908 1979 νέαι

2036 1952 2158 1991 cum
2190 1952 2345 1993 novae
2374 1937 2506 2007 legis
2529 1922 3076 2007 apparuit.'Diaconi
3109 1955 3207 1995 ceu
3239 1939 3396 1996 alites
3422 1942 3474 1995 in
3495 1957 3618 1995 cor-

347 2003 536 2073 χάριν.
556 2004 807 2060 Διάκονοι
828 2007 903 2071 ὡς
932 2010 1157 2076 νεφέλαι
1186 2012 1327 2082 μετὰ
1350 2012 1603 2084 σώματος
1633 2017 1931 2088 προέρχον-

343 2112 441 2148 ται
469 2095 545 2160 ὡς
577 2097 677 2167 τῆς
707 2097 963 2165 θεότητος
989 2101 1483 2173 ἑπαναπαυομένης
1513 2104 1589 2170 ὡς
1620 2107 1713 2160 ἐπὶ
1739 2107 1928 2177 θρόνου

342 2187 554 2258 ὑψηλοῦ
584 2189 695 2243 τῶν
722 2190 1027 2263 Χερουὸίμ.
1057 2194 1140 2249 Τὰ
1172 2189 1313 2265 ἅγια
1351 2196 1459 2250 ἀπὸ
1486 2197 1587 2268 τῆς
1616 2198 1929 2270 προθέσεως

226 2297 235 2303 ·
342 2277 455 2342 ῑως
480 2277 574 2333 τοῦ
611 2279 1001 2354 θυσιαστηρίου
1053 2287 1437 2359 προέρχονται,
1480 2291 1563 2353 εἰς
1611 2291 1782 2344 τύπον
1826 2293 1926 2360 τῆς

339 2370 443 2423 τοῦ
477 2373 682 2443 κόσμου
708 2372 983 2446 διαγωγῆς
1020 2377 1121 2431 τοῦ
1162 2377 1405 2451 Χριστοῦ
1457 2381 1562 2445 ἓως
1590 2383 1691 2454 τῆς
1743 2382 1924 2452 ταφῆς

340 2461 514 2516 αὐτοῦ
535 2479 550 2494 ·
585 2463 682 2517 καὶ
710 2463 793 2517 ὅτι
818 2465 848 2517 ὁ
869 2464 1003 2529 Θεὸς
1038 2467 1203 2532 αὐτὸς
1239 2470 1333 2523 καὶ
1358 2470 1614 2542 ὡδήγησε
1654 2473 1782 2537 τοὺς
1809 2473 1928 2525 Μά-

337 2567 477 2620 γους
506 2550 634 2605 ἰδεῖν
659 2552 762 2624 τήν
791 2555 851 2607 ὲν
891 2556 1057 2626 σαρκὶ
1080 2557 1245 2611 αὐτοῦ
1294 2559 1432 2630 πρὸς
1459 2561 1610 2631 ἡμᾶς
1657 2561 1926 2631 σωτήριον

339 2640 642 2711 ἐπιδημίαν
663 2656 680 2675 ⁶
713 2642 866 2709 δηλοί
891 2644 946 2698 δὲ
965 2645 1060 2698 καὶ
1092 2646 1191 2718 τὴν
1219 2648 1329 2702 ἀπὸ
1360 2648 1630 2721 Βηθανίας
1669 2649 1805 2721 πρὸς
1827 2649 1926 2720 τὴν

352 2729 709 2805 Ἰερουσαλήμ
728 2733 822 2787 τοῦ
861 2735 1071 2806 Κυρίου
1095 2736 1440 2794 είσέλευσιν..
1550 2740 1777 2795 Λείπει.

761 2937 802 2960 δ,

2035 2039 2186 2094 pore,
2221 2026 2541 2095 procedunt,
2597 2040 2750 2080 more
2799 2023 3124 2091 Cheruhim,
3178 2028 3271 2096 qui
3316 2028 3371 2082 in
3419 2030 3616 2086 throno

2004 2186 2009 2192 .
2037 2114 2407 2182 quiescentem
2434 2115 2782 2170 Divinitatem
2812 2126 3052 2185 portant,
3096 2130 3280 2173 saneta
3316 2133 3347 2172 e
3371 2121 3613 2186 prothesl

2036 2205 2087 2258 in
2134 2206 2306 2260 altare
2354 2205 2693 2272 deferuntur,
2738 2214 2797 2260 ut
2847 2205 3116 2274 ﬁguretur
3166 2209 3450 2263 terrestris
3499 2211 3610 2264 vita

2031 2295 2226 2349 Christi
2248 2311 2278 2349 e
2302 2297 2526 2365 praesepi
2551 2297 2616 2350 ad
2630 2296 2972 2365 sepulcrum;
3006 2296 3152 2353 Deus
3184 2313 3399 2368 quoque
3426 2299 3611 2370 Magos

2029 2389 2286 2442 conduxit
2310 2400 2366 2441 ut
2390 2390 2678 2442 adventum
2709 2388 3007 2443 Salvatoris
3038 2390 3087 2442 in
3140 2404 3305 2444 carne
3338 2391 3608 2456 viderent;

2008 2479 2338 2557 Iostenditur
2363 2478 2525 2532 etiam
2557 2477 2769 2533 Domini
2795 2478 3048 2535 introitus
3070 2493 3102 2534 a
3132 2478 3394 2533 Bethania
3432 2480 3486 2535 in
3516 2480 3609 2537 Je-

2034 2570 2362 2626 rusalem....
2389 2568 2594 2626 thera
2610 2570 2999 2624 desiderantur.

1040 3123 1454 3216 SANCTI
1532 3120 2295 3214 SOPHORONII
2375 3116 2913 3258 ORATIO.

1519 3304 1719 3374 (GOAR.
1758 3308 1959 3364 Bilual.
2002 3308 2170 3364 Grec.
2206 3327 2257 3378 ι).
2296 3309 2446 3379 456.)

361 3621 593 3692 Ποίημα
621 3619 965 3690 Σωφροοοίου
1000 3618 1369 3689 πατριάρχου
1419 3615 1866 3687 Ἰεροσολύμων.
1930 3617 1976 3679 C

402 3752 576 3823 Τριάς
630 3750 944 3823 ύπερούσιε,
973 3747 1308 3819 ὑπεράγαθε,
1348 3747 1605 3819 ύπέρθεε,
1641 3744 1907 3801 παντοδύ-

324 3858 491 3913 ναμε,
511 3841 944 3905 παντεπίσκοπε,
958 3840 1180 3912 ἀόρατε,
1215 3838 1586 3909 ἀκατάληπτε,
1605 3835 1908 3925 δημιουργὲ

326 3933 439 3986 τῶν
471 3933 672 4003 νοερῶν
722 3932 942 3997 ούσιῶν,
990 3933 1087 3985 καὶ
1140 3930 1250 3984 τῶν
1292 3929 1527 3999 λογικῶν
1580 3929 1819 3998 φύσεων,
1871 3928 1906 3998 ή

308 4025 567 4095 ’ἔμφυτος
599 4023 895 4095 ἀγαθότης,
919 4023 981 4077 τὸ
1009 4006 1217 4093 φῶςτδ
1254 4021 1570 4093 ἀπρόσιτον,
1588 4020 1649 4074 τὸ
1674 4012 1906 4089 φωτίζον

324 4116 508 4168 πάντα
533 4114 821 4184 ἄνθρωπον
864 4113 1165 4186 ἐρχόμενον
1194 4114 1277 4177 εις
1304 4115 1394 4167 τὸν
1418 4112 1622 4180 κόσμον
1643 4128 1659 4143 ο
1688 4110 1904 4181 λάμψον

323 4205 497 4274 κάμοὶ
519 4202 598 4273 τῷ
636 4203 843 4273 ἀναξίῳ
875 4202 1049 4272 δούλῳ
1081 4219 1199 4267 σου,
1234 4199 1470 4270 φώτισόν
1518 4215 1621 4271 μου
1658 4200 1756 4268 τῆς
1785 4197 1904 4250 δια-

323 4294 473 4359 νοίας
521 4296 589 4348 τὰ
622 4295 850 4365 ὄμματα
872 4333 888 4360 ,
926 4278 1091 4355 ’ὅπως
1128 4293 1437 4363 ἀνυμνῆσαι
1492 4290 1750 4360 τολμήσω
1802 4286 1902 4359 τὴν

322 4384 563 4456 ἄμετρον
589 4384 911 4455 εὐεργεσίαν
934 4383 1026 4436 καὶ
1059 4384 1314 4451 δύναμιν.
1357 4382 1767 4453 Εὐπρόσδεκτος
1805 4396 1902 4449 γε·

322 4475 499 4529 νέσθω
525 4477 557 4546 ή
589 4479 723 4546 παρ’
750 4474 887 4545 ἐμοῦ
919 4475 1105 4547 δέησις
1134 4474 1223 4533 διὰ
1249 4474 1340 4527 τὸν
1366 4473 1697 4544 παρεστῶτα
1735 4471 1863 4525 λαόν
1881 4487 1897 4502 ·

319 4567 471 4629 ὅπως
503 4566 571 4619 τὰ
621 4565 1073 4638 πλημμελήματά
1106 4583 1209 4637 μου
1259 4564 1335 4637 μὴ
1356 4564 1677 4619 κωλύσωσιν
1710 4561 1899 4617 ἐνθάδε

324 4656 731 4725 παραγενέσθαι
772 4655 833 4708 τὸ
864 4655 1020 4722 ἆγιόν
1051 4671 1146 4708 σου
1180 4655 1428 4726 Πνεῦμα.
1477 4654 1639 4708 Ἀλλὰ
1685 4652 1897 4724 συγχώ-

323 4746 489 4816 ρησόν
519 4762 609 4815 μοι
635 4744 1023 4814 ἅκατακρίτως
1054 4743 1187 4815 βοᾷν
1212 4761 1297 4797 σοι
1331 4744 1426 4799 καὶ
1455 4743 1748 4812 λέγεινκαὶ
1778 4743 1894 4808 νῦν,

319 4836 658 4907 ύπεράγαθε,
708 4836 1017 4907 Δοξάζομέν
1067 4853 1150 4900 σε,
1201 4834 1476 4903 Δέσποτα,
1526 4835 1894 4906 φιλάνθρωπε,

2114 3608 2262 3681 Opus
2287 3606 2573 3677 Sophronit'
2608 3604 2931 3671 patriorum
2967 3613 3483 3683 Hierosolymorum.

2085 3740 2333 3796 Trinitas
2360 3739 2933 3809 supersubstantialis,
2950 3756 3078 3797 vere
3106 3743 3270 3810 bona,
3320 3761 3451 3802 vere
3507 3750 3591 3804 dl-

2013 3836 2161 3898 vina,
2221 3834 2585 3902 omnipotens,
2615 3832 2800 3888 omnia
2853 3848 3112 3899 cernens,
3143 3835 3447 3903 invisi-bilis,
3502 3840 3589 3894 in-

2013 3926 2430 3995 comprehensa,
2449 3924 2878 3980 substantlarum
2911 3925 3355 3981 intellectualinm
3378 3938 3593 3985 naturae

2011 4015 2217 4086 Opil‘ex,
2261 4017 2477 4071 bonitas
2528 4015 2715 4080 insita,
2768 4015 2950 4093 lumen
2999 4016 3336 4073 inaccessum
3366 4035 3584 4076 omnem

2011 4107 2285 4161 hominem
2327 4107 2631 4161 venientem
2666 4106 2718 4160 in
2753 4106 2900 4161 hunc
2933 4109 3191 4163 mundum
3226 4110 3581 4167 illuminans:

2010 4198 2211 4253 irradia
2259 4210 2478 4268 quoque
2499 4197 2631 4251 mihi
2661 4212 2823 4253 servo
2862 4208 2952 4252 tuo
2984 4200 3228 4269 indigno,
3260 4214 3315 4254 et
3384 4202 3586 4258 mentis

2008 4308 2145 4347 mea:
2175 4293 2360 4347 oculos
2420 4292 2648 4359 illustra,
2681 4303 2741 4346 ut
2790 4293 3114 4349 immensum
3156 4294 3477 4350 beneﬁcium
3526 4308 3580 4352 et

2011 4381 2261 4436 virtutem
2299 4381 2580 4436 celebrare
2601 4380 2889 4459 aggrediar
2917 4398 2933 4447 ;
2962 4393 3181 4454 accepta
3236 4383 3327 4438 ﬁat
3360 4394 3582 4453 propter

2007 4482 2276 4526 astantem
2309 4471 2562 4542 populum
2596 4486 2715 4527 mea
2760 4473 3110 4543 supplicatio,
3142 4490 3209 4530 ne
3262 4476 3366 4531 huc
3413 4478 3583 4533 adve-

2005 4563 2242 4618 nientem
2277 4563 2539 4632 Spiritum
2579 4571 2727 4615 tuum
2775 4573 3022 4618 sanctum
3053 4576 3273 4635 peccata
3300 4582 3417 4622 mea
3441 4582 3582 4636 prte-

2005 4653 2267 4723 pediaut:
2305 4653 2399 4709 sed
2429 4663 2482 4707 et
2514 4653 2767 4722 permitte
2800 4654 2930 4709 mihi
2965 4656 3237 4726 inculpate
3269 4658 3337 4713 ad
3373 4668 3425 4713 te
3463 4659 3578 4713 cla-

2004 4761 2179 4809 mare,
2210 4744 2691 4814 etdicere:Super
2728 4760 2918 4800 omnes
2960 4747 3121 4811 bone,
3186 4746 3467 4801 laudamus
3498 4757 3579 4815 te,

2003 4837 2237 4907 benigne
2270 4835 2523 4899 Domine,
2564 4837 2931 4906 omnipotens,
2981 4852 3075 4890 rex
3130 4846 3350 4902 aeterne,
3388 4839 3576 4893 lauda-

318 4926 727 4997 παντοκράτορ.
762 4925 1058 4996 προαιώνιε
1104 4925 1351 4997 βασιλεῦ,
1381 4923 1678 4995 δοξάζομέν
1713 4941 1773 4977 σε
1803 4924 1896 4977 τὸν

2012 4940 2126 4978 mus
2158 4934 2210 4978 te
2234 4922 2575 4989 Creatorem,
2605 4931 2662 4978 et
2710 4925 2894 4979 mundi
2927 4924 3212 4993 Opiﬁcem.
3263 4925 3574 4982 Laudamus

316 5019 581 5089 κτίστην,
615 5018 707 5070 καὶ
732 5017 1073 5088 Δημιουργὸν
1112 5017 1207 5071 τοῦ
1254 5018 1477 5082 παντός·
1512 5015 1807 5085 δοξάζομεν
1834 5030 1893 5067 σε

2012 5030 2071 5078 κ’,
2103 5031 2169 5069 ex
2193 5026 2368 5069 matre
2426 5015 2547 5069 sine
2609 5024 2784 5083 patre,
2820 5028 2876 5070 et
2906 5031 2972 5072 ex
3024 5027 3181 5085 patre
3234 5019 3352 5073 sine
3399 5032 3577 5077 matre

313 5110 411 5162 τὸν
441 5109 692 5177 ἀπάτορα
724 5109 789 5160 ὲκ
843 5107 1070 5178 μητρὸς,
1122 5109 1218 5160 καὶ
1255 5107 1507 5177 διμήτορα
1549 5109 1613 5159 ἐκ
1663 5103 1893 5175 πατρός.

327 5200 419 5253 Ἐν
449 5200 558 5269 γὰρ
586 5201 652 5269 τῇ
702 5195 1050 5269 προλαϐούσῃ
1082 5199 1266 5268 ἑορτῇ,
1310 5195 1503 5265 νήπιόν
1529 5210 1594 5248 σε
1635 5193 1853 5262 εἴδομεν
1875 5205 1891 5221 ο

313 5293 375 5344 ἒν
412 5290 471 5343 δὲ
490 5291 555 5360 τῇ
594 5288 867 5359 παρούσῃ,
902 5287 1107 5340 τέλειόν
1147 5304 1207 5340 σε
1236 5286 1451 5359 ὁρῶμεν
1475 5286 1568 5339 τὸν
1588 5286 1651 5338 ὲκ
1680 5282 1890 5337 τελείου

312 5382 521 5435 τέλειον
555 5378 889 5445 ἐπιφανέντα
941 5377 1075 5430 Θεὸν
1124 5377 1304 5448 ήμῶν.
1358 5378 1607 5447 Σήμερον
1647 5375 1757 5446 γὰρ
1791 5375 1892 5443 τῆς

313 5471 509 5541 ἑορτῆς
541 5470 674 5539 ἡμῖν
706 5467 910 5535 ἐπέστη
934 5466 1147 5537 καιρὸς,
1172 5469 1265 5520 καὶ
1292 5467 1452 5537 χορὸς
1476 5466 1650 5534 ἁγίων
1686 5464 1889 5533 ἐκκλη-

242 5612 247 5619 .
314 5561 490 5625 σιάζει
518 5561 677 5629 ήμῖν·
712 5557 802 5608 καὶ
827 5554 1050 5623 ἄγγελοι
1085 5557 1221 5624 μετὰ
1252 5554 1556 5625 ἀνθρώπων
1595 5554 1888 5621 συνεορτά-

309 5651 484 5716 ζουσι.
510 5651 758 5720 Σήμερον
781 5646 940 5715 γὰρὴ
968 5645 1128 5715 χάρις
1163 5646 1255 5698 τοῦ
1277 5647 1432 5714 ἁγίου
1470 5644 1804 5714 Πνεύματος,
1832 5647 1889 5699 ὲν

1998 5113 2206 5158 natum.
2236 5102 2445 5158 Praevia
2477 5117 2713 5171 namque
2752 5104 2890 5160 festo
2914 5104 3175 5162 infantem
3209 5117 3260 5163 te
3293 5109 3521 5163 vidimus
3552 5126 3565 5171 :

1998 5194 2052 5247 in
2094 5195 2344 5262 presenti
2373 5208 2501 5248 vero
2542 5193 2847 5264 perfectum
2891 5208 2941 5254 te
2988 5197 3284 5264 cernimus,
3324 5213 3389 5252 ex
3446 5213 3570 5267 per-
3668 5266 3683 5281 .

1996 5281 2139 5338 fecto
2164 5283 2331 5338 Deum
2355 5293 2597 5339 nostrum
2631 5280 2932 5354 perlectum
2986 5290 3183 5342 mundo
3199 5288 3574 5343 manifestum.

1999 5374 2174 5429 Hodie
2205 5374 2425 5440 etenim,
2468 5374 2724 5430 festivum
2781 5385 2989 5446 tempus
3025 5378 3198 5444 adest,
3254 5387 3579 5433 et-sanctn-

1995 5479 2116 5518 rum
2148 5465 2347 5519 chorus
2382 5464 2663 5520 nobiscum
2690 5466 2964 5529 convenit,
2997 5476 3052 5519 et
3074 5468 3249 5535 angeli
3301 5482 3421 5521 cum
3471 5468 3577 5522 ιω-

1999 5553 2237 5609 minibus
2272 5552 2542 5608 celebrem
2574 5553 2716 5608 diem
2754 5562 2918 5623 agunt
2943 5568 2957 5606 :
2985 5567 3107 5605 nam
3137 5553 3297 5608 hodie
3327 5552 3569 5622 Spiritus

1996 5643 2169 5697 sancti
2208 5644 2405 5714 gratia,
2444 5643 2497 5698 in
2528 5644 2785 5699 columbae
2816 5644 2989 5697 forma
3038 5657 3200 5712 super
3243 5658 3413 5715 aquas
3462 5651 3564 5706 ad-
