3896 6306
444 278 585 340 4003

1280 275 1339 333 S.
1377 272 1794 334 SOPHRONII
1826 268 2329 332 PATRIARCIME
2362 270 2768 333 HIEROSOL.

3606 270 3719 331 ιίῖζί

445 393 612 449 venit.
642 387 829 445 Oritur
868 385 1031 442 hodie
1072 384 1163 440 Sol
1220 399 1474 439 occasum
1525 386 1793 448 nesciens,
1822 396 1877 438 et
1915 384 2018 437 Do-

2143 385 2253 439 ιῖδει
2293 390 2621 459 περιστερᾶς
2651 390 2763 450 τοῖς
2807 387 2990 442 ὕδασιν
3019 388 3383 456 ὲπεςροίτησε.
3414 385 3673 455 Σήμερον
3701 393 3719 440 Ξ

444 482 576 537 mini
607 480 724 534 luce
770 477 1001 532 mundus
1036 475 1400 546 perfunditur.
1449 475 1620 530 Hodie
1676 476 1799 528 luna
1835 476 2024 527 lucidis

447 570 615 625 radiis
637 567 839 622 mundo
866 564 1107 634 clIulget.
1134 563 1443 619 Rutilantes
1469 564 1629 619 hodie
1662 564 1830 619 stella:
1848 564 2025 632 splen-

447 662 576 716 dorc
605 659 740 712 lucis
762 660 948 711 orbein
1001 656 1299 710 illustrant.
1334 654 1509 709 llodie
1555 654 1727 709 nubes
1765 655 2028 708 imbribus

390 770 395 775 '
443 751 671 821 iustitiae
739 748 1134 802 humanitatem
1186 747 1405 801 ctelitus
1455 745 1717 801 irrorant.
1750 744 2027 798 lnereatns

439 843 611 897 hodie
663 840 895 908 prOpria:
921 849 1189 893 creatum
1246 838 1426 891 manui
1467 845 1658 906 sponte
1685 836 2024 905 supponitur.

448 934 622 989 Hodie
642 932 900 1002 propheta
933 931 1322 984 etPra-enrsor
1371 928 1437 983 ad
1458 928 1747 982 Dominum
1776 925 2021 991 accedit:

446 1024 542 1078 sed
586 1031 641 1076 et
692 1032 930 1075 tremore
984 1018 1298 1086 corripitur,
1350 1032 1581 1072 cernens
1621 1017 1713 1070 Dei
1751 1031 1876 1084 erga
1931 1030 2027 1067 nos

447 1115 901 1168 eomlesceusum.
943 1108 1116 1163 Hodie
1142 1108 1397 1161 Jordanis
1455 1105 1653 1161 ﬂuenta
1705 1107 1758 1159 in
1794 1106 2029 1159 mediea-

450 1214 651 1267 menta,
704 1201 918 1255 Domini
980 1199 1266 1267 praesentia
1341 1205 1753 1251 convertuntur.
1791 1195 2032 1265 Mystitis

348 1308 357 1314 '
451 1296 611 1349 hodie
651 1293 867 1347 liuentis
904 1290 1370 1357 omnisirrigatur
1416 1299 1631 1341 natura.
1677 1285 1847 1341 Hodie
1878 1301 2025 1339 mor-

451 1387 642 1441 talium
667 1384 896 1439 crimina
949 1382 1204 1437 .lordanis
1250 1381 1388 1434 unda
1422 1380 1825 1449 absterguntur.
1862 1377 2032 1430 Hodie

452 1476 738 1546 paradisus
770 1473 1084 1528 hominibus
1117 1472 1362 1539 aperitur
1410 1479 1462 1524 et
1503 1469 1593 1522 Sol
1618 1468 1845 1537 justitize
1876 1466 2031 1520 nobis

452 1567 659 1623 illucet.
686 1564 861 1619 Hodie
897 1563 1094 1633 pepulo
1142 1561 1402 1622 Mosaico,
1456 1561 1668 1614 Domini
1724 1558 2029 1628 praesentia,

453 1671 643 1713 amara
667 1654 1007 1709 convertitur
1038 1650 1387 1720 aqua.Hodie
1410 1650 1581 1704 veteri
1613 1649 1757 1701 lnetu
1793 1647 2031 1708 liberati,

2130 477 2321 541 ἇδυτος
2343 480 2497 549 ἥλιος
2521 480 2786 544 ἀνᾶειλε,
2817 480 2911 533 καὶ
2938 481 2965 530 6
2992 481 3199 548 κόσμος
3224 477 3305 547 τῷ
3338 478 3501 546 φωτὶ
3534 479 3718 546 Κυρξισ

2135 570 2565 638 καταυγάζεται.
2632 571 2881 640 Σήμερον
2934 570 2966 638 ή
3007 569 3205 639 σελήνη
3258 567 3574 636 λαμπραῖς
3619 572 3719 630 ταῖς

2131 663 2314 714 ἀκτῖσι
2347 662 2425 733 τῷ
2492 664 2684 733 κόσμῳ
2736 660 3309 729 συνεκλαμττρύνεται.
3371 659 3641 729 Σήμερον
3684 663 3720 711 si

2131 750 2442 817 φωτοειδείς
2471 750 2723 821 ἀστέρες,
2752 753 2819 820 τῇ
2849 749 3167 819 φαιδρότητι
3197 748 3297 816 τῆς
3332 747 3625 814 λάμψεως

2131 842 2459 917 οἰκουμένην
2476 840 2901 906 καλλωπίζουσι.
2931 841 3180 911 Σήμερον
3224 840 3282 891 αἰ
3311 838 3558 907 νεφέλαι
3589 839 3727 889 ὑετὲσο

2134 932 2486 1002 δικαιοσύνης
2524 936 2591 1002 τῇ
2626 933 3005 1003 ἀνθρωπότητι
3039 930 3339 1001 οὐρανόθεν
3390 929 3729 999 δροσίζουτ..

2134 1023 2382 1093 Σήμερον
2410 1026 2438 1075 6
2466 1024 2720 1086 ἄκτιστος
2749 1023 2855 1076 ὑπὸ
2887 1023 2981 1075 τοῦ
3012 1023 3144 1075 ίδίου
3174 1021 3543 1088 πλάσματος,
3578 1020 3732 1088 ﬁguli

2134 1112 2546 1182 χειροθετεῖται.
2579 1113 2826 1182 Σήμερον
2860 1114 2889 1164 6
2931 1112 3219 1180 προφήτης
3261 1113 3363 1164 καὶ
3417 1111 3733 1180 Πρὸδρομκ

2134 1200 2212 1270 τῷ
2236 1202 2482 1270 Δεσπότῃ
2510 1202 2877 1271 προσέρχεται
2899 1217 2912 1228 ·
2948 1200 3084 1251 ἀλλὰ
3112 1200 3308 1269 τρόμῳ
3362 1199 3731 1269 παρίσταταη

2135 1290 2276 1359 ὁρῶν
2315 1288 2450 1341 Θεοῦ
2502 1289 2640 1359 πρὸς
2673 1290 2821 1358 ἡμᾶς
2874 1287 3309 1355 συγκαταϐασιν.
3354 1287 3630 1355 Σήμερον
3676 1286 3735 1336 τᾶ

2136 1382 2231 1435 τοῦ
2294 1382 2564 1451 Ἰορδάνου
2613 1380 2829 1449 νάματα
2879 1381 2959 1445 εἰς
2995 1382 3201 1448 ἰάματα
3236 1377 3644 1447 μεταποιεῖται
3675 1381 3731 1444 τῇ

2136 1472 2230 1525 τοῦ
2265 1473 2472 1543 Κυρίου
2508 1470 2805 1542 παρουσίᾳ.
2855 1471 3102 1539 Σήμερον
3150 1469 3400 1537 ῥείθροις
3447 1470 3735 1535 μυστικῶς

2139 1568 2291 1618 πᾶσα
2316 1566 2349 1634 ή
2374 1565 2552 1627 κτίσις
2570 1562 2879 1633 ἀρδεύεται.
2911 1562 3158 1630 Σήμερον
3186 1560 3258 1611 τὰ
3286 1559 3405 1611 τῶν
3430 1559 3733 1629 ἀνθρώπων

2145 1654 2464 1723 πταίσματα
2496 1655 2606 1715 τοῖς
2639 1651 2793 1705 ὕδασι
2835 1649 2931 1702 τοῦ
2990 1651 3258 1720 Ἰορδάνου
3308 1650 3731 1718 ἁπαλείςονται.

455 1749 795 1801 velutnovus
827 1742 995 1797 Israel
1043 1741 1272 1796 salutem
1306 1741 1446 1794 nacti
1501 1754 1710 1793 sumus.
1748 1737 1917 1792 Hodie
1959 1748 2036 1789 te-

2143 1745 2389 1815 Σήμερον
2415 1745 2443 1796 6
2466 1742 2793 1811 παράδεισος
2817 1742 3090 1811 ὴνέῳκται
3116 1744 3232 1803 τοῖς
3263 1740 3619 1808 ἀνθρώποις,
3651 1746 3734 1794 καὶ

455 1836 642 1893 nebris
691 1835 926 1902 exempti
976 1833 1157 1886 divina
1213 1831 1333 1884 luce
1385 1830 1835 1899 splendescimns.
1867 1828 2035 1883 Hodie

454 1928 667 1984 Domini
698 1926 1042 1997 apparitione
1074 1922 1252 1991 caligo
1300 1923 1484 1976 mundi
1527 1930 1880 1991 expurgatur.
1918 1919 2040 1973 Om-

456 2022 541 2077 nis
584 2019 743 2075 hodie
795 2027 1049 2070 creatura
1096 2028 1329 2084 superne
1363 2013 1643 2069 scintillat.
1692 2012 1857 2066 Error
1878 2011 2038 2064 hodie

458 2110 776 2167 dissolvitur
800 2127 817 2165 :
845 2117 901 2161 et
925 2108 1068 2160 viam
1099 2105 1291 2159 salutis
1315 2105 1531 2159 Domini
1564 2109 1830 2159 adventus
1854 2118 2041 2173 opera-

458 2215 566 2258 tnr.
594 2202 765 2257 Hodie
798 2215 1030 2269 superna
1060 2214 1181 2251 cum
1208 2197 1398 2251 inferis
1429 2197 1572 2250 diem
1602 2196 1799 2251 festum
1829 2205 1994 2266 agunt
2020 2211 2035 2247 :

455 2306 509 2351 et
532 2294 700 2350 infera
730 2306 852 2347 cum
896 2288 1145 2359 superuis
1201 2298 1610 2343 conversantur.
1670 2287 1840 2341 Hodie
1887 2301 2040 2340 sacer

455 2396 514 2443 et
542 2398 772 2440 sonorus
801 2382 1039 2436 ﬁdelium
1095 2390 1392 2435 conventus
1444 2377 1702 2433 exsultat.
1735 2376 1903 2431 Hodie
1934 2376 2038 2429 Du-

459 2476 638 2531 tninus
665 2475 730 2528 ad
760 2474 1090 2541 baptismum
1135 2468 1432 2530 contendit,
1485 2477 1543 2521 ut
1591 2467 1643 2520 in
1674 2466 1840 2519 altum
1872 2479 2041 2532 genus

459 2569 756 2621 humanum
791 2561 1026 2615 attollat.
1055 2558 1288 2611 lnllexus
1312 2557 1570 2612 Dominus
1618 2556 1780 2610 hodie
1823 2557 2041 2623 proprio

458 2656 661 2711 famulo
704 2653 1102 2713 iuelinatur,ut
1145 2663 1243 2701 nos
1285 2647 1563 2701 servitutis
1590 2645 1719 2714 jugo
1756 2646 2041 2713 depressos

458 2740 859 2813 erigat..llodie
894 2739 1158 2791 cwlorum
1190 2750 1412 2805 regnum
1457 2734 1919 2801 comparavimus,
1955 2749 2040 2785 re-

458 2836 549 2905 gni
579 2831 723 2886 enim
756 2831 965 2883 Domini
1001 2844 1105 2882 non
1136 2828 1242 2881 erit
1272 2826 1416 2881 ﬁnis.
1462 2825 1629 2879 Terra
1659 2834 1712 2879 et
1760 2840 1907 2878 mare
1945 2825 2042 2877 ho-

463 2924 551 2977 die
586 2922 693 2976 sibi
728 2918 915 2973 mundi
942 2918 1199 2989 gaudium
1227 2917 1530 2970 diviserunt
1552 2927 1634 2970 :et
1670 2915 1851 2969 lzelitia
1885 2931 2041 2968 mun-

460 3018 561 3071 dus
591 3012 828 3081 repletus
860 3020 965 3064 est.
1008 3007 1277 3062 Viderunt
1309 3018 1362 3060 te
1393 3022 1568 3075 aqua),
1593 3006 1755 3070 Deus,
1790 3007 2042 3062 viderunt

2142 1837 2170 1888 6
2196 1834 2295 1904 τῆς
2318 1834 2664 1902 δικαιοσύνης
2695 1833 2886 1895 ’Ἥλιος
2927 1832 3266 1898 καταυγάζει
3301 1834 3469 1902 ἡμῖν.
3497 1834 3731 1901 Σήμερη

2140 1925 2202 1977 τὸ
2231 1924 2425 1995 πικρὸν
2460 1923 2625 1992 ὕδωρ,
2661 1924 2723 1975 τὸ
2758 1924 2851 1976 ἐπὶ
2879 1923 3186 1985 Μωῦσὲως,
3218 1924 3299 1992 τῷ
3333 1923 3461 1993 λαῴ
3510 1926 3590 1986 είς
3614 1925 3732 1990 73.9-

2143 2017 2352 2088 κύτητα
2385 2018 2764 2085 μεταποιεῖται
2790 2018 2855 2084 τῇ
2897 2013 2991 2067 τοῦ
3036 2013 3243 2083 Κυρίου
3279 2016 3601 2084 «musa-1..
3644 2015 3736 2083 Σή-

2146 2126 2311 2180 μερον
2339 2110 2432 2163 τοῦ
2463 2107 2695 2161 παλαιοῦ
2720 2106 2920 2180 θρήνου
2942 2106 3378 2176 ἀπηλλάγημεν,
3408 2109 3515 2161 καὶ
3533 2108 3735 2170 eos»;

2157 2201 2377 2270 Ἰσραὴλ
2403 2198 2767 2268 διεσώθημεν.
2808 2192 3057 2268 Σήμέρον
3102 2196 3199 2249 τοῦ
3229 2197 3476 2261 σκότους
3505 2198 3733 2269 ἐλυτρὼο

2144 2293 2211 2361 οη
2221 2309 2342 2361 μεν,
2375 2292 2470 2345 καὶ
2496 2289 2575 2360 τῷ
2600 2292 2740 2359 φωτὶ
2764 2291 2862 2359 τῆς
2882 2289 3215 2356 θεογνωσίας
3239 2288 3733 2358 καταυγαζόμεϐι.

2144 2383 2389 2453 Σήμερον
2413 2383 2446 2451 ή
2476 2381 2646 2450 ἀχλὺς
2693 2379 2787 2432 τοῦ
2816 2380 3022 2448 κόσμου
3056 2377 3399 2450 καθαίρεται
3433 2382 3507 2448 τῇ
3550 2381 3735 2447 ἐπιφα-

2150 2470 2268 2542 νείᾳ
2290 2469 2385 2522 τοῦ
2407 2470 2544 2523 Θεοῦ
2597 2469 2773 2539 ήμῶν.
2806 2469 3052 2539 Σήμερον
3085 2467 3567 2537 λαμπαδοφεγτεῖ
3598 2473 3734 2523 πᾶσι

2144 2562 2178 2630 ή
2203 2560 2383 2624 κτίσις
2406 2559 2635 2615 ἄνωθεν.
2664 2560 2914 2629 Σήμερον
2946 2562 2980 2626 ἡ
3012 2557 3190 2627 πλάνη
3231 2560 3627 2628 κατήργηται,
3652 2559 3735 2611 καὶ

2140 2651 2263 2705 »ὁδὸν
2315 2653 2447 2722 ήμίν
2508 2651 2784 2720 σωτηρίας
2843 2648 3135 2719 ἐργάζεται
3210 2649 3247 2718 ἡ
3289 2646 3398 2701 τοῦ
3466 2651 3733 2702 Δεσπότνιυ

2143 2743 2454 2804 ὲπέλευσις.
2489 2742 2740 2811 Σήμερον
2772 2740 2839 2793 τὰ
2886 2739 3000 2794 ἄνω
3021 2742 3132 2802 τοῖς
3162 2740 3319 2792 κάτω
3359 2741 3733 2811 συνεορτάζει,

2145 2833 2238 2885 καὶ
2264 2833 2331 2886 τά
2379 2832 2531 2884 κάτω
2570 2834 2685 2894 τοῖς
2718 2830 2837 2884 ἄνω
2884 2829 3182 2899 συνομιλεῖ.
3240 2831 3515 2901 Σήμερον
3549 2834 3585 2900 ἡ
3626 2832 3735 2901 ἱερά

2145 2923 2529 2994 μεγαλόφωνος
2578 2922 2688 2976 τῶν
2715 2920 3011 2991 ὀρθοδόξων
3054 2922 3374 2991 πανήγυρις
3422 2921 3732 2990 ἀγάλλεται.

2141 3017 2390 3086 Σήμερον
2420 3017 2450 3068 6
2491 3014 2769 3082 Δεσπότης
2803 3013 2938 3083 πρὸς
2983 3012 3045 3064 τὸ
3093 3011 3390 3081 βάπτισμα
3435 3014 3734 3081 ἐπείγεται,

461 3114 514 3158 te
577 3117 752 3171 aqum,
814 3110 870 3155 et
916 3100 1236 3153 timuerunt.
1295 3096 1549 3152 Jordanis
1597 3112 1892 3153 conversus
1956 3108 2039 3152 est

2144 3106 2234 3158 ἵνα
2263 3103 2571 3175 ἀναϐιϐάσῃ
2594 3103 2729 3172 πρὸς
2760 3101 2894 3171 ὕψος
2917 3101 2979 3155 τὸ
3016 3101 3389 3172 ἀνθρώπινον.
3424 3104 3679 3174 Σήμερον
3712 3109 3735 3156 6

468 3205 798 3253 retrorsum,
852 3191 1029 3259 ignem
1099 3186 1330 3242 Deitatis
1371 3188 1603 3243 intuitus
1678 3189 2037 3258 corporaliter

463 3285 907 3345 descendentem,
930 3290 983 3333 et
1008 3280 1060 3343 in
1098 3295 1155 3333 se
1177 3280 1596 3334 subintrantcm.
1630 3278 1882 3334 Jordanis
1906 3294 2036 3333 con-

462 3388 653 3428 versus
709 3382 791 3425 est
828 3383 1150 3436 retrorsum,
1184 3368 1450 3439 Spiritum
1490 3382 1745 3426 sanctum
1792 3382 2037 3426 contem-

466 3462 643 3531 platus
671 3461 723 3513 in
743 3460 1009 3514 columba:
1040 3459 1213 3513 forma
1246 3459 1636 3523 demissum,et
1664 3461 1756 3513 tibi
1802 3461 2038 3514 circum-

462 3552 801 3607 volitantem.
816 3547 1069 3602 Jordanis
1082 3562 1376 3602 conversus
1391 3558 1475 3602 est
1495 3558 1787 3602 retrorsum
1797 3550 2038 3613 ,edoctus

464 3639 632 3695 Deum
683 3636 1035 3700 invisibilem,
1091 3636 1357 3691 visibilem
1410 3636 1612 3691 factum
1663 3656 1678 3692 :
1726 3639 2038 3693 Creatorem

463 3734 829 3792 incarnatum,
904 3728 1188 3783 Dominum
1247 3730 1300 3782 in
1351 3730 1494 3784 servi
1573 3729 1758 3783 habitu
1820 3730 2043 3784 demon-

466 3832 717 3878 stratum.
736 3820 991 3876 Iordanis
1020 3834 1322 3875 conversus
1350 3829 1437 3873 est
1466 3827 1787 3885 retrorsum,
1807 3830 1862 3873 et
1888 3835 2044 3873 mun-

466 3922 549 3968 tes
575 3911 1005 3973 exsultaverunt,
1034 3911 1199 3965 Deum
1226 3909 1481 3964 in-carue
1511 3920 1816 3964 cernentes.
1843 3907 2041 3963 Vocem

466 4007 631 4059 etiam
659 4005 925 4060 dederunt
954 4004 1150 4069 nubes,
1177 4001 1461 4056 admiratae
1487 4015 1611 4055 eum
1635 4001 1726 4070 qui
1744 4002 2042 4066 adveniret,

467 4099 648 4151 lumen
702 4098 770 4150 de
814 4096 1044 4159 lumine,
1084 4094 1253 4148 Deum
1283 4108 1471 4147 verum
1513 4093 1577 4146 de
1609 4092 1720 4147 Deo
1754 4108 1905 4149 vero.
1939 4094 2044 4147 Do-

469 4189 726 4242 Ininieam
758 4188 1130 4241 celebritatem
1160 4185 1321 4239 hodie
1364 4186 1418 4237 in
1450 4183 1688 4238 Jordane
1712 4184 2045 4252 contempla-

468 4296 589 4332 mur
617 4297 631 4332 :
662 4280 836 4347 ipsum
873 4293 1025 4339 vero,
1067 4275 1524 4345 transgressionis
1555 4285 1805 4341 mortem,
1844 4277 2048 4329 erroris

465 4368 770 4434 stimulum,
801 4368 996 4420 inferni
1025 4380 1248 4429 nexum,
1279 4365 1332 4418 in
1351 4362 1587 4419 Iordane
1621 4364 2045 4434 demergentem,

2139 3193 2367 3266 ἀκλινὴς
2418 3193 2498 3263 τῷ
2534 3193 2650 3262 ἰδίῳ
2685 3194 2875 3263 οἰκέτῃ
2918 3192 3295 3256 ὑποκλίνεται,
3340 3192 3439 3246 ἵνα
3488 3196 3643 3264 ἡμᾶς
3681 3197 3736 3248 ἐι

2138 3279 2238 3349 τῆς
2280 3279 2525 3342 δουλείας
2569 3277 2937 3350 ἐλευθερώσῃ.
2970 3278 3222 3349 Σήμερον
3248 3279 3549 3349 βασιλείαν
3578 3286 3738 3355 οὐρα-

2144 3373 2249 3424 νῶν
2273 3371 2608 3442 ὠνησάμεθα
2634 3389 2648 3401 ·
2677 3371 2779 3438 τῆς
2818 3373 2927 3440 γὰρ
2968 3370 3250 3440 βασιλείας
3279 3370 3380 3423 τοῦ
3414 3373 3630 3444 Κυρίου
3645 3375 3736 3425 οὐκ

2143 3463 2296 3516 ἔσται
2342 3463 2516 3525 τέλος.
2579 3464 2826 3531 Σήμερον
2875 3462 2947 3532 γῆ
3007 3461 3103 3513 καὶ
3156 3460 3433 3523 Θάλασσα,
3495 3462 3598 3532 τὴν
3650 3461 3735 3514 rei

2148 3555 2355 3623 κόσμου
2385 3553 2559 3623 χαράν
2589 3552 2942 3623 ἐμερίσαντο,
2982 3553 3077 3606 καὶ
3102 3554 3131 3605 ὁ
3154 3552 3364 3620 κόσμος
3389 3552 3735 3622 εὐφροσύνης

2147 3645 2507 3716 πεπλήρωται
2527 3661 2540 3674 ·
2591 3643 2802 3696 εἷδοσάν
2831 3660 2892 3696 σε
2940 3642 3112 3697 ὕδατα
3136 3681 3152 3705 ,
3174 3645 3203 3694 6
3228 3642 3402 3705 Θεὸς,
3435 3644 3657 3696 είδοσιίν
3686 3660 3738 3694 σε

2148 3736 2340 3801 ὕδατα,
2364 3736 2459 3788 καὶ
2511 3734 2885 3805 ἐφοϐήθησαν.
2929 3733 2989 3786 Ὀ
3036 3733 3311 3804 Ἰορδάνης
3357 3736 3621 3803 ἐστράφη
3668 3736 3740 3795 εἰς

2148 3828 2215 3881 τὰ
2255 3826 2438 3881 ὀπίσω
2478 3825 2818 3895 Θεασάμενος
2843 3823 2904 3877 τὸ
2937 3823 3052 3893 πῦρ
3082 3825 3179 3893 τῆς
3212 3824 3477 3893 θεότητος
3500 3841 3739 3893 σωματι-

2153 3918 2267 3980 κῶς
2298 3916 2720 3986 κατερχόμενον,
2754 3916 2850 3968 καὶ
2900 3916 3284 3985 εἰσερχόμενον
3315 3915 3409 3966 ἐπ’
3462 3917 3623 3968 αὐτό.
3686 3916 3737 3967 ὐ

2162 4006 2434 4076 Ἰορδάνης
2468 4005 2716 4075 ἐστράφη
2745 4007 2836 4067 ἐίς
2865 4004 2932 4057 τὰ
2959 4006 3138 4056 ὀπίσω
3164 4004 3391 4075 θεωρῶν
3424 4005 3491 4057 τὸ
3517 4004 3739 4073 Πνεῦμα

2150 4097 2211 4151 τὸ
2253 4098 2409 4166 ἅγιον
2463 4099 2521 4150 ὲν
2565 4096 2696 4149 εῖδει
2747 4098 3082 4167 περιστερᾶς
3146 4096 3599 4164 κατερχόμενον,
3653 4100 3741 4149 nl

2153 4187 2591 4257 περιιπτάμενόν
2650 4203 2754 4238 σοι.
2822 4187 2878 4238 '0
2935 4184 3205 4255 Ἰορδάνης
3238 4187 3499 4256 ἐστράφη
3532 4189 3616 4248 εἰς
3678 4188 3740 4238 τὰ

2151 4281 2354 4343 ὀπίσω,
2405 4278 2548 4348 ὁρῶν
2591 4278 2683 4330 τὸν
2721 4276 2952 4348 ἀόρατον
2997 4278 3297 4347 ὁραθέντα,
3348 4278 3447 4329 τὸν
3500 4280 3737 4345 κτίστην

2154 4368 2544 4438 σαρκωθέντα,
2610 4367 2703 4421 τὸν
2750 4367 3029 4435 Δεσπότην
3084 4366 3142 4419 ἐν
3173 4365 3373 4418 Δούλου
3405 4371 3620 4437 μορφῇ.
3685 4368 3738 4417 ’0

464 4466 519 4511 et
549 4457 745 4512 salutis
798 4457 1076 4511 lavacrum
1131 4456 1331 4510 mundo
1370 4455 1746 4525 elargientem.
1801 4454 1955 4510 Unde
1995 4467 2047 4509 et

2172 4461 2447 4532 Ἰορδάνης
2475 4458 2722 4528 ἐστράφη
2740 4460 2819 4520 είς
2843 4457 2912 4509 τὰ
2934 4458 3133 4521 ὀπίσω,
3157 4458 3254 4510 καὶ
3270 4458 3341 4510 τὰ
3355 4458 3465 4527 ὅρη
3485 4460 3735 4527 ἐσκίρτῃ·

465 4564 566 4618 ego
624 4560 879 4617 peccator
931 4558 987 4603 et
1040 4547 1295 4618 indignus
1353 4562 1546 4602 servus
1597 4558 1723 4603 tuus
1776 4548 2042 4616 magnalia

467 4639 854 4694 miraculorum
914 4651 1126 4694 tuorum
1175 4655 1460 4706 enarrans,
1492 4641 1687 4696 timore
1740 4650 2039 4711 correptus,

469 4730 522 4784 in
549 4732 964 4801 compunetioue
999 4732 1094 4784 tibi
1127 4733 1396 4797 exclamo,
1421 4742 1528 4785 etc.

2155 4568 2275 4616 σαν,
2316 4550 2447 4602 Θεὸν
2490 4550 2549 4601 ὲν
2578 4549 2754 4616 ,σαρκὶ
2778 4546 3118 4617 καθορῶντα.
3154 4547 3266 4601 Καὶ
3291 4547 3522 4616 νεεξέλαι
3558 4550 3737 4617 φωνὴν

2153 4641 2383 4711 ξδωκαν,
2424 4638 2810 4709 θαυμάζουσαι
2860 4640 2950 4691 τδν
2990 4640 3446 4711 παραγενόμενον
3471 4680 3488 4705 ,
3513 4641 3633 4708 φῶς
3677 4642 3736 4690 ἐκ

2155 4732 2352 4800 φωτὸς,
2393 4731 2525 4784 Θεὸν
2567 4729 2843 4799 ἀληθινὸν,
2897 4732 2961 4783 ὲκ
2988 4729 3122 4783 Θεοῦ
3154 4729 3437 4799 ἀληθινοῦ,
3475 4734 3733 4782 Assa-.07:-

469 4822 572 4891 κὴν
607 4824 917 4893 πανήγυριν
968 4824 1210 4891 σήμερον
1258 4823 1316 4874 ὲν
1367 4822 1445 4891 τῷ
1492 4821 1727 4892 Ἰορδάνῃ
1782 4822 2033 4894 ὁρῶμεν,
2086 4823 2247 4876 αὑτὸν
2308 4821 2365 4874 δὲ
2399 4822 2489 4874 τὸν
2536 4821 2633 4891 τῆς
2685 4822 2975 4891 παρακοῆς
3006 4820 3241 4875 θάνατον
3260 4822 3355 4874 καὶ
3384 4822 3449 4874 τὸ
3482 4823 3583 4891 τῆς
3607 4822 3737 4874 :35:-

469 4928 565 4983 νης
618 4910 868 4980 κέντρον,
928 4910 1021 4963 καὶ
1066 4909 1156 4964 τὸν
1201 4908 1295 4962 τοῦ
1356 4909 1484 4981 ᾅδου
1530 4910 1825 4985 σύνδεσμον
1888 4914 1945 4965 ὲν
1996 4912 2075 4983 τῷ
2137 4912 2374 4983 Ἰορδάνῃ
2427 4910 2751 4981 βυθίσαντα,
2820 4912 2915 4966 καὶ
2971 4911 3265 4983 βάπτισμα
3325 4916 3607 4983 σωτηρίας
3661 4914 3733 4985 τῷ

468 5001 659 5071 κόσμῳ
699 5000 1106 5072 θωρησάμενον.
1148 5002 1308 5055 ’Ὀῦεν
1334 5002 1490 5069 κάγὼ
1522 5006 1550 5056 6
1584 5004 1904 5075 ἁμαρτωλὸς
1942 5006 2037 5058 καὶ
2068 5005 2283 5068 ἀνάξιος
2310 5002 2492 5067 δοῦλός
2523 5020 2639 5070 σου,
2690 5004 2760 5058 τὰ
2828 5005 3098 5074 μεγαλεῖα
3139 5007 3250 5061 τῶν
3309 5007 3610 5077 Θαυμάτων
3646 5024 3731 5061 σου

468 5092 848 5164 διηγούμενος,
878 5095 1237 5164 συνεχόμενος
1267 5094 1418 5165 φόϐῳ
1438 5135 1453 5162 ,
1486 5097 1543 5148 ἐν
1579 5096 1867 5162 κατανύξει
1923 5098 2031 5167 βοῶ
2060 5114 2163 5162 σοι,
2205 5115 2259 5151 κ.
2290 5114 2344 5150 τ.
2379 5098 2429 5152 λ.
