3946 6318
234 292 369 353 i305

1606 295 1845 355 TROPA
1855 296 1903 353 Il
1914 297 1933 352 ι
1944 296 2048 354 ΠΜ
2061 342 2073 353 .

3322 290 3470 353 άῦὐδ

1194 513 1820 602 ΤΡΟΠΑΡΙΟΝ
1894 514 2119 600 ΤΩΝ
2198 514 2513 600 ΩΡΩΝ,

1248 680 1522 735 ΠΟΙΗΜΑ
1561 679 1942 734 ΣΩΦΡΟΝῙΟΥ
1981 678 2488 734 ΙΕΡΟΣΟΛΥΜΩΝ,

1196 881 1897 973 TROPABIUM
1972 879 2609 973 HORARUM.

1090 1060 1281 1119 OPUS
1341 1056 1776 1120 SOPHRONII
1835 1056 2506 1118 HIEROSOLYMITA
2519 1054 2620 1115 NI.

617 1209 687 1262 Ἦ
722 1207 919 1276 πρώτη
958 1205 1097 1273 ὥρα,
1138 1201 1288 1274 ἦχος
1324 1205 1439 1258 πεδ’.

312 1301 580 1370 Βηθλεὲμ,
629 1300 941 1368 ὲτοιμάξου,
974 1296 1378 1369 εὐτρεπιζέσθω
1429 1299 1461 1364 ἡ
1494 1297 1702 1366 φάτνη·
1760 1296 1818 1349 τὸ

240 1393 507 1467 σπήλαιον
542 1389 816 1459 δεχέσθω’
850 1392 881 1458 ή
918 1388 1145 1457 ἀλήθεια
1177 1383 1360 1457 ἦλθεν,
1413 1389 1447 1457 ή
1497 1388 1623 1440 σκιὰ
1674 1403 1818 1456 παρ-

240 1482 509 1551 έδραμεν,
541 1480 633 1533 καὶ
661 1478 792 1540 Θεὸς
824 1478 1131 1548 ἀνθρώποις
1174 1480 1238 1530 ὲκ
1269 1476 1545 1548 Παρθένου
1579 1476 1819 1544 πεφανέ-

244 1588 413 1640 ρωται
477 1568 785 1640 μορφωθεὶς
837 1564 898 1620 τὸ
949 1568 1067 1620 καθ’
1125 1570 1301 1637 ήμᾶςο
1355 1569 1451 1621 καὶ
1499 1567 1709 1630 θεὼσας
1759 1568 1821 1620 τὸ

241 1660 580 1729 πρόσλημμα
602 1673 615 1685 °
648 1657 727 1710 διὸ
764 1656 933 1727 ’Λδὰμ
952 1658 1271 1711 ἀνανεοῦται
1296 1659 1389 1710 σὺν
1417 1660 1482 1727 τῇ
1513 1656 1654 1727 Εῠᾳσ
1682 1658 1819 1727 κρά-

242 1750 602 1814 ζοντες·Ἐπὶ
654 1749 755 1818 γῆς
803 1748 1019 1802 εὐδοκία
1047 1750 1290 1819 ἐπεφάνη
1344 1748 1510 1801 σῶσαι
1562 1750 1624 1801 τὸ
1668 1749 1820 1816 γένος

240 1840 426 1910 ήμῶω

312 1927 445 1998 ἾΙχ.
483 1936 550 1999 1’.
590 1928 703 1982 Νῦν
752 1928 1068 1999 προφητικὴ
1116 1929 1422 1999 πρόρρησις
1473 1928 1820 1998 πληρωθῆναι

242 2019 526 2085 ἐπείγεται
567 2018 841 2087 μυστικῶς
894 2021 927 2087 ἡ
981 2020 1283 2086 φάσκουσα,
1319 2036 1336 2068 t
1377 2018 1448 2069 Σὺ
1476 2018 1722 2088 Βηθλεὲμ
1750 2019 1820 2087 γῆ

255 2106 451 2173 Ἰούδα,
481 2107 731 2175 οὐδαμῶς
760 2107 1024 2177 ὑπάρχεις
1056 2107 1312 2176 ἐλαχίστη
1345 2108 1402 2159 ὲν
1431 2109 1540 2169 τοῖς
1568 2108 1820 2177 ἡγεμόσι,

244 2199 752 2270 προευτρεπίζουσα
796 2199 858 2250 τὸ
891 2199 1157 2268 σπήλαιον
1179 2215 1194 2231 ο
1225 2200 1290 2251 ἐκ
1339 2198 1433 2251 σοῦ
1463 2199 1573 2271 γάρ
1618 2217 1707 2268 μοι
1739 2201 1823 2264 te-

243 2288 524 2341 ελεύσεται
555 2287 851 2358 ἡγούμενος
880 2288 989 2341 τῶν
1013 2288 1182 2342 ἐθνῶν
1210 2288 1299 2342 διά
1324 2290 1548 2358 σαρκὸς,
1582 2293 1646 2343 ὲκ
1676 2293 1825 2361 Παρ-

246 2374 406 2425 θένου
456 2374 621 2443 κόρης
671 2376 904 2445 Χριστὸς
934 2378 962 2428 ό
992 2375 1144 2441 Θεὸς,
1177 2376 1235 2441 ὃς
1278 2382 1535 2448 ποιμανεῖ
1579 2378 1669 2431 τὸν
1700 2379 1824 2432 λαὸν

244 2463 414 2517 αὐτοῦ
436 2465 523 2518 τὸν
550 2466 668 2518 νέον
699 2466 933 2537 Ἰσραήλο
964 2487 983 2519 ι
1022 2468 1202 2538 δῶμεν
1228 2469 1377 2540 αὐτῷ
1396 2471 1629 2534 ἅπαντες
1655 2486 1823 2539 μεγα-

244 2554 513 2623 λωσύνην.
551 2558 711 2622 Στιχ.
743 2558 935 2623 Κύριε,
973 2558 1321 2625 εἱσακήκοα,
1352 2560 1455 2626 δυ’,
1489 2557 1588 2631 ἦχ.
1634 2563 1734 2616 πὸ.

322 2641 459 2696 Τάδε
494 2643 639 2711 λέγει
674 2644 870 2715 Ἰωσὴφ
902 2646 1038 2717 πρὸς
1074 2648 1174 2716 τὴν
1209 2648 1483 2718 Παρθένον
1505 2666 1519 2681 ο
1554 2652 1741 2720 Μαρία
1774 2652 1826 2705 τί

244 2736 323 2786 τὶ
342 2735 524 2804 δρᾶμα
553 2735 730 2802 τοῦτο,
757 2735 786 2788 ὃ
813 2736 870 2791 ὲν
898 2738 980 2791 σοὶ
1005 2738 1301 2808 τεθέαμαι;
1347 2741 1578 2813 Ἀπορῶ,
1615 2745 1706 2795 καὶ
1738 2743 1826 2809 ἐξ·

250 2824 497 2894 ισταμαι,
526 2828 619 2879 καὶ
652 2828 741 2879 τὸν
771 2827 894 2880 νοῦν
930 2832 1411 2902 καταπλήττομαι·
1444 2834 1618 2904 λάθρα
1650 2837 1827 2890 τοίνυν

248 2915 346 2968 ἀπ’
375 2915 509 2985 ἐμοῦ
540 2917 696 2985 γενοῦ
735 2920 791 2972 ὲν
822 2920 1009 2989 τάχει·
1044 2924 1252 2993 Μαρία,
1285 2925 1337 2976 τί
1371 2925 1431 2976 τὸ
1464 2926 1643 2995 δρᾶμα
1672 2926 1828 2980 τοῦτο

247 3007 277 3059 ὃ
335 3011 392 3060 ὲν
438 3010 521 3061 col.
568 3009 860 3081 τεθέαμαι;
901 3013 1046 3067 Ἀντὶ
1076 3015 1241 3083 τιμῆς
1288 3016 1569 3087 αἰσχύνην,
1600 3003 1715 3072 ἀντ’
1740 3019 1829 3072 εύ-

250 3101 522 3178 φροσύνης
556 3102 652 3172 τὴν
689 3103 886 3173 λύπην,
916 3105 1037 3169 ἀντὶ
1058 3105 1151 3158 τοῦ
1179 3109 1513 3161 ἐπαινεῖσθαι
1539 3109 1631 3160 τὸν
1663 3108 1826 3178 ψόγον

253 3174 343 3259 μοι
376 3192 723 3262 προσήγαγες
746 3211 759 3223 ο
805 3194 987 3247 οὐκέτι
1023 3197 1171 3263 φέρω
1200 3197 1381 3250 λοιπὸν
1415 3198 1474 3250 τὸ
1508 3174 1707 3267 ὄνειδος
1738 3174 1830 3254 άν-

251 3280 517 3350 θρὼπωνο
549 3281 653 3333 ὑπὸ
688 3282 792 3351 γὰρ
814 3283 1012 3353 ’ἱερέων
1041 3286 1104 3337 ὲκ
1141 3284 1234 3338 τοῦ
1279 3289 1405 3339 ναοῦ
1436 3288 1510 3350 ὼς
1541 3288 1829 3359 ἄμεμπτον

249 3372 459 3439 Κυρίου
495 3388 553 3423 σε
586 3370 888 3440 παρέλαϐον
912 3392 924 3404 ·
958 3375 1052 3427 καὶ
1079 3376 1131 3427 τι
1174 3377 1233 3429 τὸ
1256 3376 1566 3447 ὀρώμενον;
1598 3381 1707 3432 Καὶ
1736 3380 1828 3433 νῦν

248 3464 310 3514 τὸ
342 3464 490 3518 αὐτό.

762 3560 906 3628 Ὥρα
943 3567 1013 3629 γ’,
1056 3560 1160 3631 ἧχ.
1202 3560 1324 3623 πβ’.
1468 3641 1473 3645 ἡ

327 3640 492 3709 Οὗτος
522 3649 550 3699 ὁ
578 3648 709 3711 Θεὸς
751 3652 906 3720 ήμῶν
926 3694 940 3717 ,
969 3654 1027 3705 οὐ
1057 3652 1439 3722 λογισθήσεται
1468 3641 1659 3724 ’ἕτερος
1695 3655 1830 3725 πρὸς

250 3735 447 3787 αὐτόν·
494 3739 522 3788 ὁ
567 3737 778 3809 τῃθεὶς
816 3741 878 3792 ὲκ
914 3741 1188 3811 Παρθένου
1232 3743 1323 3794 καὶ
1369 3745 1481 3806 τοῖς
1526 3743 1831 3814 ἀνθρώποις

1840 1205 1892 1263 Α

2337 1200 2483 1255 Hora
2514 1200 2709 1268 prima,
2747 1210 2931 1255 cantus
2961 1201 3052 1258 ει.
3086 1260 3090 1263 _

1993 1293 2287 1358 Bethleem,
2325 1308 2646 1363 praeparare,
2698 1294 3029 1348 instauretur
3064 1307 3322 1360 prtesepe,
3357 1309 3482 1361 spe-

1921 1383 2078 1438 lunca
2136 1385 2385 1452 accipiat.
2433 1382 2646 1438 Veritas
2698 1385 2869 1447 venit,
2905 1384 3094 1437 umbra
3146 1385 3379 1449 transiit,
3432 1394 3488 1440 et

1924 1473 2066 1529 Deus
2091 1475 2397 1531 hominibus
2420 1490 2450 1531 e
2478 1476 2694 1547 Virgine
2720 1475 3095 1529 manifestatus
3117 1485 3219 1536 est,
3244 1485 3484 1529 nostram

1925 1564 2151 1620 formam
2207 1582 2512 1630 assumens,
2558 1579 2612 1621 et
2656 1575 2984 1635 assumptam
3030 1567 3353 1621 divinizans.
3403 1568 3485 1620 Ob

1923 1655 2025 1709 hoc
2079 1656 2246 1709 Adam
2303 1673 2406 1710 una
2440 1672 2559 1711 cum
2597 1657 2709 1711 Eva
2752 1657 3048 1718 reviviscit.
3101 1658 3485 1726 clamantque:

1923 1745 1979 1799 In
2008 1755 2147 1799 terra
2179 1747 2549 1801 benevolentia
2580 1748 2849 1817 apparuit,
2885 1757 2944 1802 nt
2972 1748 3210 1803 salvaret
3241 1758 3484 1803 nostrum

1922 1847 2110 1902 genus.

1993 1921 2150 1979 Cant.
2204 1924 2257 1979 ‘5.
2312 1924 2464 1979 Nunc
2524 1926 2832 1994 prophetica
2885 1926 3162 1993 przedictio
3236 1926 3489 1995 compleri

1925 2014 2143 2068 festinat
2171 2015 2415 2085 mystice,
2462 2030 2581 2085 qua:
2617 2016 2798 2069 dixit:
2840 2014 2917 2068 Tu
2948 2014 3223 2069 Bethleem
3258 2016 3312 2069 in
3348 2025 3489 2069 terra

1922 2104 2081 2171 Juda,
2124 2119 2458 2174 nequaquam
2506 2106 2727 2160 minima
2770 2121 2828 2160 es
2865 2106 2916 2160 in
2971 2107 3323 2174 principibus,
3370 2121 3490 2173 quae

1924 2195 2229 2264 speluncam
2278 2199 2622 2266 prmparasti;
2658 2212 2722 2251 ex
2759 2210 2809 2252 te
2837 2198 2979 2251 enim
3013 2197 3140 2251 mihi
3182 2196 3488 2265 egredietur

1926 2284 2033 2336 dux
2088 2285 2325 2351 gentium
2362 2300 2456 2354 per
2496 2300 2745 2352 carnem,
2783 2301 2815 2340 e
2858 2286 3033 2355 puella
3069 2284 3290 2353 Virgine
3332 2295 3488 2337 natus
3576 2306 3589 2315 π

1928 2373 2177 2429 Christus
2222 2375 2384 2440 Deus,
2430 2377 2521 2445 qui
2575 2388 2724 2445 regat
2780 2376 3030 2446 populum
3083 2392 3236 2431 suum
3291 2391 3487 2429 novum

1929 2460 2090 2518 Israel
2114 2466 2154 2518 ¹.
2182 2485 2203 2518 ι
2236 2465 2522 2521 Dcmnsilli
2543 2482 2730 2522 omnes
2762 2467 3234 2539 magniﬁcentiam.
3277 2465 3483 2520 Versus.

1856 2529 1900 2583 Α
1933 2551 2173 2621 Domine,
2210 2558 2474 2623 obaudivi,
2505 2568 2646 2614 cant.
2679 2557 2769 2611 85.

1999 2664 2123 2720 Ilaec
2155 2667 2393 2734 loquitur
2417 2666 2614 2737 Joseph
2646 2669 2712 2723 ad
2741 2667 3018 2738 Virginem
3045 2685 3058 2723 :
3096 2668 3291 2730 Maria,
3318 2669 3488 2736 quod-

1928 2771 2049 2809 nam
2098 2767 2180 2810 est
2234 2756 2374 2811 istud
2421 2773 2579 2826 opus,
2627 2760 2768 2828 quod
2802 2758 2853 2812 in
2901 2768 2951 2811 te
2986 2758 3135 2811 vidi?
3166 2758 3377 2821 Dubito,
3434 2766 3489 2811 et

1931 2858 2141 2917 stupeo,
2186 2859 2242 2901 et
2273 2858 2451 2903 mente
2491 2850 2739 2904 turbatus
2769 2866 2910 2905 sum.
2950 2849 3174 2904 Occulte
3201 2850 3362 2917 igitur
3398 2850 3486 2902 cxi

1927 2953 1956 2992 a
2005 2952 2090 2992 me
2157 2940 2574 3007 quamprimum.
2645 2940 2836 3006 Maria,
2892 2940 3164 3010 quodnam
3215 2950 3299 2993 est
3347 2939 3489 2993 istud

1927 3042 2084 3097 Opus,
2110 3029 2253 3097 quod
2282 3028 2333 3082 in
2368 3039 2416 3083 te
2444 3030 2589 3084 vidi?
2620 3031 2725 3085 Pro
2765 3034 2966 3086 honore
2993 3031 3361 3101 opprobrium,
3395 3046 3492 3099 pro

1927 3120 2113 3174 laetitia
2165 3121 2389 3187 luctum,
2422 3136 2518 3191 pro
2556 3121 2803 3177 laudibus
2830 3123 3212 3176 contumeliam
3242 3122 3372 3176 mihi
3406 3132 3485 3174 at-

1930 3207 2126 3270 tulisti,
2165 3224 2271 3263 non
2300 3208 2410 3276 jam
2440 3211 2612 3277 magis
2643 3211 2917 3265 hominum
2945 3211 3192 3278 injuriam
3228 3211 3487 3265 sustineo.

1932 3294 2065 3349 Nam
2107 3313 2134 3349 a
2166 3301 2535 3354 sacerdotibus
2574 3316 2604 3354 e
2638 3302 2836 3368 templo
2885 3309 3140 3370 tanquam
3174 3302 3485 3379 inviolatam

1932 3385 2140 3439 Domini
2193 3388 2423 3454 puellam
2471 3399 2522 3444 te
2552 3389 2771 3459 accepi;
2802 3397 2854 3444 et
2886 3391 3028 3458 quod
3060 3402 3143 3444 est
3192 3391 3320 3446 illud
3350 3392 3491 3460 quod

1931 3474 2124 3529 video?
2158 3476 2219 3529 Et
2242 3492 2384 3531 nunc
2425 3478 2586 3533 idem.

2374 3567 2525 3622 Hora
2555 3570 2708 3623 tertia
2732 3609 2746 3636 ,
2783 3578 2923 3624 cant.
2956 3569 3044 3625 82.

2003 3654 2095 3709 Ille
2128 3657 2265 3713 Deus
2314 3666 2518 3720 noster,
2565 3672 2669 3711 non
2723 3658 3032 3713 conferetur
3073 3659 3210 3713 alius
3256 3676 3378 3715 cum
3407 3676 3491 3727 eo,

1933 3746 2023 3813 qui
2060 3753 2219 3800 natus
2256 3755 2338 3801 est
2380 3762 2410 3801 e
2445 3746 2686 3815 Virgine,
2722 3759 2773 3802 et
2804 3748 3111 3803 hominibus
3141 3759 3495 3804 conversatus

251 3829 754 3897 συναναστραφείςο
808 3831 982 3903 φάτνῃ
1038 3835 1287 3903 πενιχρᾷ,
1338 3835 1467 3897 Υἱὸς
1516 3838 1828 3905 μονογενὴς,

1942 3846 2052 3900 est;
2097 3838 2356 3906 praesepio
2413 3851 2671 3909 paupere,
2729 3839 2894 3892 Filius
2938 3839 3242 3907 nnigenitus
3305 3841 3495 3910 jaccns

252 3916 507 3986 κείμενος
534 3921 728 3989 ὁρᾶται
757 3921 977 3993 βροτὸς,
1013 3925 1106 3976 καὶ
1144 3928 1477 3996 σπαργάνοις
1528 3928 1784 3981 πλέκεται
1810 3949 1822 3960 ·

252 4009 335 4069 εἰς
364 4007 530 4060 αὑτοῦ
559 4010 927 4084 προσκύνησιν
953 4014 1045 4066 καὶ
1067 4015 1227 4083 ἡμεῖς
1255 4015 1624 4087 μελῳδοῦμενο
1661 4019 1831 4090 Τριὲις

253 4097 411 4163 ἁγία,
431 4096 604 4150 σῶσον
633 4099 730 4163 τὰς
746 4100 923 4170 ψυχὰς
950 4103 1129 4171 ἡμῶν.

325 4184 456 4256 Ἦχ.
486 4190 631 4244 πδ’.«
665 4191 723 4243 '0
751 4191 882 4256 Θεὸς
911 4194 1018 4246 ἀπὸ
1038 4195 1438 4267 Θαιμᾶνῆξει.»
1459 4200 1569 4270 Πρὸ
1590 4199 1689 4268 τῆς
1704 4217 1830 4268 γεν-

253 4276 464 4346 νήσεως
490 4272 587 4348 τῆς
618 4280 734 4352 σῆς,
767 4281 955 4351 τρόμῳ
987 4283 1191 4352 ὁρῶσαι
1214 4286 1275 4338 τὸ
1300 4289 1611 4358 μυστήριον,
1636 4289 1829 4359 Κύριε,

253 4367 315 4419 αἱ
348 4369 531 4437 νοεραὶ
578 4371 826 4437 στρατιαὶ
874 4372 1339 4442 κατεπλήττοντο·
1375 4377 1449 4439 ὡς
1495 4377 1601 4447 γάρ
1636 4377 1832 4449 βρέφος

253 4457 523 4524 νηπιάσαι
573 4457 891 4530 εὐδόκησας,
943 4463 971 4513 ὁ
1023 4464 1114 4517 τὸν
1173 4464 1334 4518 πόλον
1386 4469 1668 4538 κοσμήσας
1723 4473 1831 4533 τοῖς

257 4548 530 4617 ἄστρασιο
566 4553 658 4605 καὶ
700 4554 766 4622 τῇ
813 4554 986 4627 φάτνῃ
1024 4557 1134 4610 τῶν
1164 4558 1375 4626 ἀλόγων
1402 4560 1774 4628 άνακέκλισαι,
1805 4564 1834 4614 ὁ

255 4639 421 4708 δρακὶ
454 4642 692 4711 συνέχων
724 4645 901 4699 πάντα
945 4649 1051 4717 γῆς
1092 4650 1161 4701 τά
1196 4652 1405 4720 πέρατα
1428 4668 1442 4682 ·
1474 4653 1698 4726 τοιαύτῃ
1727 4655 1835 4725 γὰρ

255 4729 541 4803 οἰκονομίᾳ
586 4733 832 4806 ἐγνώσθη
880 4753 973 4789 σου
1023 4740 1054 4808 ή
1103 4739 1492 4811 εὐσπλαγχνία,
1527 4744 1747 4813 Χριστὲ,
1775 4746 1836 4799 τὸ

257 5002 328 5069 ήν
376 5002 680 5071 παρέλαϐες
728 5006 934 5078 κόρην,
968 5008 1164 5077 ἔγκυον
1213 5012 1396 5082 φέρεις
1447 5015 1505 5066 ἐν
1551 5015 1836 5087 Βηθλεέμ;

268 5089 435 5158 Ἐγὼ,
468 5093 618 5161 φησὶ,
651 5097 777 5160 τοὺς
806 5101 1089 5167 προφήτας
1118 5103 1414 5171 ἐρευνήσας
1440 5103 1534 5156 καὶ
1563 5122 1835 5175 χρηματι-

1935 3928 2145 3981 videtur
2179 3928 2441 3992 mortalis,
2491 3939 2545 3983 et
2583 3929 2776 3998 pannis
2817 3929 3124 3984 involvitur.
3167 3929 3318 3985 llunc
3360 3933 3492 3983 ado-

1933 4024 2116 4067 rantes
2161 4025 2216 4069 et
2269 4031 2370 4071 nos
2417 4028 2733 4071 cantemus:
2769 4015 2964 4070 Sancta
3025 4015 3283 4084 Trinitas,
3343 4018 3493 4070 salva

1931 4090 2144 4159 nostras
2173 4107 2397 4160 animas.

2002 4213 2160 4272 Cant.
2191 4214 2279 4269 84.
2319 4234 2337 4266 ι
2372 4212 2512 4268 Deus
2540 4216 2607 4268 ab
2653 4214 2850 4270 Austro
2892 4214 3089 4270 veniet.
3129 4234 3148 4268 ›
3176 4216 3317 4269 Ante
3350 4223 3494 4270 tuam

1934 4305 2296 4368 nativitatem,
2340 4313 2571 4359 tremore
2596 4305 2841 4362 videntes
2883 4308 3218 4379 mysterium,
3252 4308 3492 4373 Domine,

1935 4392 2245 4459 spirituales
2297 4394 2501 4448 militiae
2543 4397 2883 4451 conturbata:
2926 4406 3071 4451 sunt.
3107 4396 3241 4451 Nam
3276 4407 3333 4451 ut
3365 4412 3498 4468 puer

1937 4482 2120 4550 vagire
2147 4484 2381 4548 voluisti,
2434 4486 2526 4554 qui
2558 4488 2750 4540 caelum
2805 4489 2963 4543 astris
3014 4491 3289 4545 exornasti
3314 4507 3330 4557 ;
3357 4499 3412 4546 et
3443 4495 3496 4544 in

1937 4571 2213 4623 brutorum
2275 4575 2533 4641 praesepio
2601 4576 2872 4635 reclinari,
2944 4579 3036 4645 qui
3085 4594 3247 4633 mantt
3312 4594 3500 4636 omnes

1940 4669 2093 4712 terra:
2147 4663 2412 4717 terminos
2460 4666 2724 4720 contines.
2780 4666 2896 4721 Tali
2942 4666 3089 4722 enim
3121 4668 3501 4725 incarnatione

1925 4748 2152 4817 'cognita
2196 4760 2279 4804 est
2309 4758 2399 4805 tua
2421 4753 2679 4819 charitas,
2710 4754 2946 4822 Christe,
2981 4773 3170 4825 magna
3206 4759 3504 4813 misericor-

1940 4837 2070 4902 dia;
2104 4840 2194 4893 tibi
2234 4840 2428 4910 gloria.
2467 4842 2610 4898 Vera.
2650 4845 2893 4914 Domine,
2924 4848 3189 4903 obaudiri.

2010 4930 2163 4987 Cant.
2194 4932 2245 4986 5.
2278 4929 2496 5002 Ioseph,
2535 4934 2622 4989 dic
2652 4938 2829 5004 nobis,
2875 4941 3140 5005 quomodo
3172 4942 3312 4994 hanc
3340 4954 3501 5009 quam
3530 4966 3533 4971 ~

1941 5032 1971 5070 c
2005 5023 2209 5074 sanctis
2250 5024 2478 5088 puellam
2519 5027 2793 5094 accepisti,
2833 5040 3194 5099 prasgnantet‘u
3222 5031 3377 5086 ducis
3406 5033 3507 5085 Be—

1947 5107 2184 5162 thleem?
2235 5111 2366 5180 Ego,
2430 5115 2624 5182 inquit,
2672 5117 2961 5185 prophetas
3016 5127 3289 5175 scrutatus
3336 5130 3392 5176 et
3440 5124 3507 5174 alt

262 5180 411 5244 σθεὶς
441 5184 545 5236 ὑπὸ
571 5187 825 5255 ἀγγέλου,
850 5166 1163 5261 πέπεισμαι
1213 5166 1309 5246 ὅτι-
1343 5195 1476 5250 Θεὸν
1519 5166 1770 5266 γεννήσει
1800 5201 1833 5269 ή

1942 5200 2125 5266 angelo
2170 5205 2433 5268 eruditus,
2475 5205 2636 5259 credo
2695 5205 2862 5260 Deum
2893 5208 3196 5277 genituram
3247 5209 3362 5265 fore
3396 5208 3506 5263 Ma-

257 5273 447 5341 Μαρία
477 5275 922 5347 ἀνερμήνεύτωςο
955 5275 1015 5334 οὗ
1049 5285 1128 5346 εἰς
1160 5285 1548 5355 προσκύνησιν,
1584 5287 1744 5354 μάγοι
1775 5288 1835 5352 ἐξ

257 5363 535 5417 ἀνατολῶν
567 5366 754 5436 ἥξουσι
806 5373 902 5424 σὺν
943 5370 1133 5442 δώροις
1161 5376 1363 5443 τιμίοις
1393 5374 1739 5445 λατρεύοντες
1761 5394 1773 5406 ⁸
1807 5380 1833 5429 ὁ

258 5454 566 5522 σαρκωθεὶς
611 5457 872 5529 δι’ήμᾶς,
904 5462 1102 5532 Κύριε,
1142 5466 1268 5529 δόξα
1318 5484 1418 5523 σοι.
1476 5468 1585 5518 Καὶ
1635 5467 1725 5520 νῦν
1777 5470 1834 5521 τὸ

262 5544 411 5595 αὑτό.

339 5678 357 5708 ¹
396 5678 555 5732 Miclt.
595 5696 645 5746 ν,
676 5681 745 5748 2;
781 5683 966 5737 Matth.
1008 5700 1068 5747 tt,
1103 5685 1150 5739 6.

1942 5294 2075 5349 riam
2121 5297 2376 5352 ineffabili
2429 5303 2586 5356 modo
2623 5319 2637 5356 :
2673 5317 2830 5371 quem
2888 5306 3196 5373 adorantes,
3255 5305 3393 5375 Magi
3443 5307 3509 5357 ab

1940 5386 2160 5441 Oriente
2222 5388 2438 5442 venient
2494 5389 2649 5443 donis
2687 5392 2900 5446 cxitniis
2953 5392 3209 5447 colentes.
3248 5393 3351 5461 Qui
3410 5411 3509 5463 pro

1942 5474 2094 5526 nobis
2144 5491 2271 5533 caro
2305 5476 2479 5535 factus
2524 5496 2602 5544 cs,
2634 5479 2866 5547 Christe,
2896 5483 2987 5536 tibi
3021 5483 3212 5550 gloria.
3265 5484 3330 5539 Et
3364 5500 3508 5540 nunc

1881 5594 1891 5604 -
1942 5566 2102 5617 idem.
