3946 6318
516 272 662 339 4007

946 381 1090 434 "ora
1123 391 1290 447 sexta,
1330 392 1469 435 tam.
1504 382 1524 434 ι
1562 380 1659 433 bis.

588 498 810 559 Adeste,
868 494 1071 559 lldeles,
1131 494 1429 547 exaltemus
1484 492 1725 547 divinum
1768 507 1798 546 e
1837 492 1987 546 colis
2028 491 2080 543 iu

521 586 793 642 Bethleem
829 585 1145 638 descensum
1179 585 1242 638 ad
1295 600 1392 639 nos
1421 584 1722 645 visibilem;
1761 591 1811 634 et
1845 582 2082 634 animum

521 679 630 730 vita
678 690 806 745 pura
846 685 1106 729 ornantes
1151 689 1249 743 pro
1296 675 1581 743 unguentis
1631 675 1857 727 virtutes
1886 670 2083 725 oll'era-

522 781 663 828 mus,
716 772 1083 833 praeparantes
1141 773 1395 818 accurate
1446 763 1780 833 genethliaca
1829 763 1969 816 dona
2029 763 2081 813 in

530 855 902 923 spiritualibus
946 853 1235 909 thesauris.
1289 852 1587 907 clamantes
1620 869 1634 906 :
1663 852 1765 918 Qui
1796 852 1849 905 in
1882 850 2081 906 altissi-

520 945 626 996 mis
660 951 765 1005 est,
793 942 959 1009 gloria
999 940 1106 994 Deo
1144 941 1197 993 in
1229 939 1519 1005 Trinitate,
1540 956 1635 1009 per
1662 956 1820 1009 quem
1852 940 2085 994 benevo-

522 1030 680 1082 lentia
724 1030 775 1082 in
810 1027 1117 1081 hominibus
1158 1027 1441 1097 apparuit;
1477 1030 1569 1096 qui
1616 1027 1785 1082 Adam
1822 1030 1889 1083 ab
1914 1027 2086 1093 origi-

519 1119 626 1171 nali
698 1117 987 1170 maledicto
1060 1117 1332 1182 liberavit,
1394 1125 1452 1169 ttt
1513 1118 1759 1171 homines
1832 1118 2082 1186 diligens.

526 1208 673 1260 γεγε.
714 1207 851 1260 Deus
886 1208 949 1260 ab
981 1207 1175 1262 Austro
1213 1208 1401 1271 ueniet,
1441 1216 1583 1261 cant.
1611 1207 1645 1260 4
1675 1208 1773 1261 bis.

595 1335 615 1366 ε
673 1315 834 1377 Audi,
867 1317 1089 1376 caelum,
1130 1324 1184 1371 et
1232 1315 1495 1382 ausculta,
1534 1324 1699 1380 terra,
1744 1315 2086 1370 excutiantur

520 1404 890 1465 {ululantentm
936 1415 1139 1459 tremor
1174 1413 1400 1474 occupet
1448 1405 1757 1485 terrestria;
1793 1406 1914 1472 quia
1949 1402 2086 1457 Deus

519 1505 575 1549 et
607 1495 830 1548 Creator
868 1497 1049 1551 carnis
1092 1495 1320 1551 formam
1374 1497 1579 1560 induit;
1630 1506 1687 1551 et
1739 1498 1829 1566 qui
1883 1497 2084 1566 potenti

519 1601 681 1638 manu
725 1596 1031 1639 creaturam
1073 1585 1246 1652 linxit,
1278 1588 1395 1657 ejus
1424 1589 1477 1642 in
1501 1603 1635 1657 opus
1657 1604 1809 1642 suum
1848 1590 2088 1642 charitas

520 1676 780 1729 noscitur.
848 1693 866 1726 ι
925 1675 969 1731 Ο
1027 1676 1251 1730 altitudo
1308 1678 1640 1743 divitiarum,
1697 1678 1979 1746 sapientize
2032 1686 2083 1731 ct
2116 1698 2157 1753 Β

519 1764 755 1817 scientia:
778 1763 870 1817 Dei
892 1766 905 1817 l
930 1779 1089 1832 quam
1114 1766 1483 1820 inscrutabilia
1508 1777 1633 1821 sunt
1652 1767 1767 1837 ejus
1784 1767 2002 1833 judicia,
2030 1778 2085 1819 et

516 1852 920 1922 investigahiles
950 1853 1049 1907 viae
1070 1854 1185 1922 ejus
1214 1854 1234 1884 ¹
1262 1856 1275 1908 l
1308 1872 1327 1905 ι
1368 1853 1517 1911 Vers.
1552 1855 1790 1923 Domine,
1813 1856 2081 1919 obaudivi,

518 1951 659 1994 cant.
695 1941 757 1995 8|
800 1941 900 1999 bis.

585 2030 806 2096 Adeste,
840 2031 1137 2088 Christiani
1166 2034 1371 2102 populi,
1417 2036 1742 2102 aspiciamus
1774 2036 2080 2105 prodigium

514 2132 727 2175 omnetn
761 2120 1138 2190 cogitationem
1169 2122 1468 2190 percellens
1509 2133 1562 2178 et
1589 2138 1887 2192 superans;
1920 2134 1973 2177 et
1996 2125 2083 2191 pic

514 2218 813 2275 cantantes,
854 2209 959 2264 ﬁde
989 2210 1298 2266 adoremus.
1345 2211 1514 2265 Hodie
1541 2205 1685 2264 cnim
1716 2214 1779 2264 ad
1809 2212 2080 2267 Bethleem

513 2311 796 2367 prazgnans
844 2300 1019 2369 puella
1071 2302 1467 2371 appropinquat
1500 2302 1785 2356 Dominum
1817 2303 2079 2371 paritura.

511 2389 837 2458 Angelorum
919 2391 1072 2445 chori
1132 2397 1504 2460 praecurrunt;
1572 2402 1623 2445 et
1678 2391 1793 2445 haec
1854 2406 2081 2444 cernens

511 2476 709 2546 Joseph
738 2493 969 2548 sponsus
1003 2479 1200 2534 clamat
1239 2497 1252 2535 :
1280 2481 1450 2546 Quale
1478 2490 1560 2533 est
1606 2481 1653 2531 in
1686 2489 1735 2531 te
1758 2479 2079 2548 stupendum

513 2567 855 2634 mysterium,
887 2566 1098 2635 Virgo?
1129 2576 1184 2621 et
1224 2569 1499 2636 quomodo
1534 2582 1724 2637 parere
1752 2566 1940 2630 debes,
1965 2567 2078 2637 jugi

515 2653 685 2708 inscia
709 2655 918 2723 puella?
944 2654 1011 2708 Et
1045 2671 1186 2710 nunc
1212 2656 1374 2711 idem.

930 2862 1073 2916 Hora
1102 2879 1237 2916 nona
1264 2904 1280 2931 ,
1312 2875 1453 2917 cant.
1486 2866 1679 2935 gravis.

582 2954 953 3009 Conturbatus
997 2962 1082 3008 est
1110 2953 1348 3010 llerodes
1379 2956 1566 3010 videns
1609 2955 1882 3022 Magorum
1905 2957 2075 3024 pieta-

1365 275 1426 332 S.
1479 269 1896 332 SOPIIRONII
1952 264 2456 326 PATRIARCHJ‘Z
2517 264 2921 330 HIEROSOL.

2108 372 2158 430 A

3631 266 3768 330 ιυοιι

2658 379 2801 446 Ὦρα
2836 387 2910 443 ς’,
2950 376 3049 449 ἧχ.
3090 386 3142 431 a'
3185 379 3299 445 δίς.

2253 494 2419 549 Δεῦτε
2473 491 2692 555 πιστοὶ,
2739 492 3064 562 ἐπαρθῶμεν
3119 492 3537 561 συγκατάδασιν
3591 492 3767 563 θεῖκὴν

2184 584 2407 647 ἄνωθεν,
2446 585 2502 634 ἐν
2535 582 2778 651 Βηθλεέμ
2812 582 2945 653 πρὸς
2974 584 3119 653 ἡμᾶς
3161 584 3422 653 ἐμφανῶς
3444 600 3458 613 ·
3506 584 3606 635 καὶ
3649 585 3768 635 νοῦν

2185 673 2555 744 καθαρθέντες
2600 673 2676 742 τῷ
2722 673 2842 743 βίῳ,
2891 674 3347 743 προσενέγκωμεν
3392 676 3606 744 ἀρετὰς
3656 676 3765 728 ἀντὶ

2188 765 2382 836 μύρου,
2414 763 2929 834 προευτρεπίζοντες
2968 764 3174 826 πιστῶς
3204 763 3313 816 τῶν
3341 764 3643 832 γενεθλίων
3678 766 3771 826 τὰς

2185 857 2421 919 είσῶους
2451 854 2544 908 ἐπὶ
2570 853 2818 923 ψυχικῶν
2848 854 3305 923 θησαυρισμάτων
3340 854 3669 924 κράζοντες,
3715 855 3771 905 Ὅ

2185 950 2244 1000 ἐν
2274 948 2536 1015 ὑψίστοις,
2567 945 2693 1010 δόξα
2717 945 2835 1015 Θεῷ
2853 946 2931 1014 τῷ
2959 949 3017 998 ἐν
3045 946 3258 1015 Τριάδι,
3279 948 3348 1000 δι’
3374 941 3439 999 οὗ
3466 949 3529 1000 ἐν
3559 948 3767 1015 ἀνθρώ.

2187 1056 2309 1102 ποις
2335 1038 2553 1091 εὐδοκία
2581 1039 2826 1108 ἐπεφάνη
2846 1055 2862 1069 -
2893 1038 2984 1091 τὸν
3009 1039 3181 1108 Ἀδὰμ
3212 1039 3651 1109 ἐκλυτροόμενος
3676 1043 3772 1107 τῆς

2186 1130 2480 1200 ἀρχεγόνου
2506 1129 2644 1197 ἀρᾶς
2671 1126 2746 1189 ὡς
2782 1127 3178 1198 φιλάνθρωπος.
3212 1131 3371 1196 Στιχ.
3390 1129 3457 1181 '0
3481 1131 3631 1194 Θεὸς
3652 1129 3773 1182 ἀπὸ

2188 1220 2414 1291 Θωμᾶν
2451 1220 2605 1287 ἣξει,
2643 1216 2745 1289 ἦχ.
2774 1218 2843 1272 δ’.
2871 1218 2987 1284 ὃις.

2262 1332 2281 1364 ι
2299 1315 2515 1374 ¹Ἄκουε,
2549 1313 2763 1379 οὐρανέ,
2779 1313 2871 1363 καὶ
2903 1309 3177 1373 ἐνωτίζου.
3198 1311 3230 1380 ἡ
3253 1310 3346 1380 γῆ,
3364 1310 3684 1377 σαλευοήτω
3704 1312 3771 1363 τὰ

2187 1405 2430 1475 θεμέλια,
2454 1403 2758 1456 ἐπιλαὸἐτω
2782 1401 2981 1472 τρόμος
3002 1403 3069 1456 τὰ
3094 1419 3165 1455 κα
3176 1403 3423 1472 ταχβόνια
3441 1419 3454 1431 ·
3477 1404 3562 1454 ὅτι
3588 1403 3618 1452 ό
3638 1402 3771 1463 Θεός

2186 1515 2243 1550 τε
2270 1497 2363 1549 καὶ
2393 1496 2637 1565 κτίστης,
2671 1494 2872 1564 σαρκὸς
2899 1494 3077 1547 είσέδυ
3110 1495 3305 1548 πλάσιν
3325 1512 3338 1524 ·
3380 1496 3477 1547 καὶ
3524 1512 3705 1563 κρατί
3736 1494 3769 1563 ᾷ

2188 1591 2377 1652 κτίσας
2406 1591 2546 1657 χειρὶ
2585 1589 2681 1659 τὴν
2714 1587 2911 1651 κτίσιν,
2944 1586 3249 1656 σπλάγχνον
3278 1586 3468 1655 όρᾶται
3504 1585 3765 1650 πλάσμα-

2187 1683 2315 1744 τοςί
2344 1699 2363 1732 ι
2407 1681 2469 1732 Ὢ
2496 1679 2655 1749 βάθος
2683 1677 2911 1731 πλούτου
2960 1676 3052 1730 καὶ
3104 1676 3296 1745 σοφίας
3344 1675 3440 1725 καὶ
3508 1674 3767 1741 γνώσεως

2189 1772 2324 1824 Θεοῦ
2346 1772 2359 1824 l
2381 1770 2456 1834 ὡς
2482 1770 2878 1840 ἀνεξερεύνητα
2905 1770 2972 1822 τὰ
2993 1769 3235 1838 κρίματα
3293 1766 3481 1830 αὑτοῦ,
3507 1769 3604 1829 καὶ
3644 1768 3766 1817 ἁνε-

2186 1861 2480 1930 ξιχνίαστοι
2511 1861 2566 1912 αἱ
2596 1860 2707 1913 όδοὶ
2755 1859 2943 1913 αὐτοῦ.
2987 1863 3149 1928 Στιχ.
3185 1859 3380 1926 Κύριε.
3429 1858 3763 1924 εἰσακήκοα

2185 1950 2269 2005 60⁸
2314 1947 2428 2021 ἧχ’.
2459 1958 2575 2004 παπ
2610 1950 2723 2016 δίς.

2255 2044 2417 2098 Δεῦτε
2446 2043 2789 2114 χριστοφόροι
2818 2042 2938 2095 λαοὶ¹
2960 2084 2972 2105 ,
3007 2041 3313 2110 κατίδωμεν
3351 2041 3539 2109 θαῦμα
3581 2043 3759 2093 πᾶσαν

2186 2133 2391 2186 ιννοιαν
2436 2134 2736 2201 ἐκπλῆττον
2781 2134 2875 2185 καὶ
2930 2131 3180 2201 συνέχον·
3233 2132 3327 2184 καὶ
3371 2131 3619 2194 εὐσεϐῶς
3666 2134 3759 2184 ἁ-ιο

2186 2227 2515 2295 υμνοῦντες,
2563 2225 2741 2278 πίστει
2794 2226 3291 2294 προσκυνήσωμενο
3354 2226 3600 2295 σήμερον
3651 2225 3759 2293 γὰρ

2183 2320 2319 2391 πρὸς
2345 2320 2445 2390 τὴν
2475 2317 2720 2388 Βηθλεὲμ
2745 2318 3000 2387 ἐγκύμων
3036 2312 3169 2369 οὖσα
3198 2316 3335 2386 κόρη
3386 2317 3755 2385 παραγίνεται

2181 2411 2276 2464 τοῦ
2308 2410 2565 2480 γεννῆσαι
2594 2410 2684 2462 τὸν
2712 2408 2944 2478 Κύριονο
2976 2408 3127 2478 χοροὶ
3166 2408 3213 2459 δ’
3244 2407 3490 2474 ἀγγέλων
3522 2406 3758 2476 προτρὲ-

2182 2520 2336 2574 χουσι
2357 2518 2372 2533 ·
2417 2501 2512 2553 καὶ
2558 2500 2728 2553 ταῦτα
2770 2500 2982 2570 βλέπων
3019 2501 3144 2552 ἐϐόα
3169 2500 3365 2569 Ἰωσὴφ
3394 2502 3423 2552 ό
3453 2500 3716 2568 μνήστωρ
3738 2515 3754 2529 ο

2182 2594 2248 2647 Τί
2276 2592 2335 2646 τὸ
2357 2594 2413 2646 ἐν
2442 2594 2524 2644 σοὶ
2539 2590 2685 2657 ξένον
2716 2593 3030 2661 μυστήριον,
3052 2590 3326 2660 Παρθένε;
3352 2590 3461 2644 Καὶ
3486 2590 3607 2651 πῶς
3629 2588 3755 2657 μέλ-

2181 2686 2292 2747 λεις
2328 2683 2581 2754 λοχεῦσαι
2614 2685 2645 2753 ή
2681 2683 3039 2754 ἁπειρόζυγος
3072 2682 3338 2753 δάμαλις;
3393 2682 3505 2736 Καὶ
3549 2682 3645 2735 νῦν
3690 2681 3751 2735 τὸ

2181 2779 2330 2833 αὐτό.

2656 2870 2804 2938 Ὦρα
2844 2875 2914 2933 θ’,
2951 2866 3051 2940 ἦχ.
3088 2869 3273 2936 βαρύ.

2248 2963 2639 3035 Ἐξεπλήττετο
2669 2965 2695 3018 ό
2727 2962 2973 3035 Ἡρώδης
2996 2961 3137 3034 ὁρῶν
3163 2961 3270 3013 τῶν
3299 2959 3508 3026 Μάγων
3534 2957 3636 3026 τὴν
3660 2958 3751 3010 εὖ·

509 3053 641 3113 ιοιιι,
684 3055 737 3099 et
805 3046 898 3098 ira:
948 3060 1059 3098 sua:
1113 3044 1309 3113 impos,
1362 3046 1487 3098 anni
1542 3048 1776 3114 spatium
1829 3060 2077 3101 accurate

2185 3054 2414 3119 σέϐειαν,
2448 3053 2541 3107 καὶ
2570 3052 2645 3124 τῷ
2671 3053 2827 3123 θυμῷ
2851 3052 3144 3123 νικώμενος
3165 3092 3179 3115 ,
3212 3049 3306 3103 τοῦ
3341 3050 3495 3111 ἔτους
3523 3046 3749 3119 ἠκριὸο-

508 3136 858 3203 computavit.
908 3132 1110 3189 Matres
1155 3133 1340 3189 liberts
1384 3135 1587 3188 orbatae
1616 3143 1764 3201 sunt,
1788 3144 1843 3190 et
1880 3137 2072 3189 imma-

507 3232 626 3277 ιλιι-ιι
676 3238 961 3291 puerorum
1022 3234 1153 3275 mtas
1206 3238 1387 3276 amare
1450 3224 1693 3276 demessa
1745 3233 1859 3290 est;
1909 3225 2072 3277 ubera

506 3322 767 3366 cvacuata
820 3322 971 3377 sunt,
1031 3322 1084 3366 et
1133 3312 1287 3366 lactis
1339 3315 1439 3368 viae
1479 3314 1817 3381 constricta;
1879 3331 2071 3380 magna

507 3400 609 3454 fuit
637 3401 858 3467 clades;
903 3401 1022 3454 ideo
1057 3403 1162 3468 pie,
1207 3401 1407 3467 lldelcs,
1458 3411 1849 3456 concurrentes
1883 3402 2073 3457 adore-

506 3504 628 3542 tnus
657 3486 860 3542 Christi
894 3488 1253 3542 nativitatem.
1312 3488 1458 3543 Vers.
1500 3488 1637 3543 Deus
1673 3489 1738 3543 ab
1764 3489 1960 3544 Austro
1983 3507 2070 3544 ve-

507 3580 637 3642 niet,
665 3586 809 3630 cant.
841 3576 877 3629 2
912 3578 1014 3632 bis.

580 3668 810 3733 Quando
837 3666 1059 3737 Joseph,
1088 3684 1119 3721 ο
1146 3666 1330 3739 Virgo,
1363 3662 1594 3724 Inmrore
1616 3668 1792 3735 adhuc
1820 3669 2071 3724 vulnera-

505 3767 657 3812 retur
709 3757 776 3812 ad
837 3756 1110 3813 Bethleem
1168 3772 1420 3827 pergens,
1487 3756 1706 3813 dicebas
1756 3757 1879 3811 illi:
1933 3757 2069 3824 Quid

505 3847 735 3901 videndo
776 3862 861 3900 me
907 3856 1277 3916 praegnantem
1330 3861 1528 3902 tumres
1572 3857 1625 3901 et
1676 3847 1929 3911 turbaris,
1963 3862 2069 3900 non

506 3954 840 4008 cognoscens
878 3940 1101 3993 omnino
1129 3954 1304 3994 meum
1342 3941 1665 4010 stupendum
1711 3938 2069 4010 mysterium?

502 4029 769 4099 Deinceps
826 4044 1014 4083 amove
1049 4041 1249 4084 metum
1284 4045 1521 4096 omnem,
1563 4031 1863 4100 prodigium
1897 4045 2067 4101 agno-

502 4133 681 4176 scens.
714 4118 855 4173 Deus
881 4119 1025 4173 enim
1060 4120 1117 4175 in
1165 4129 1367 4174 terram
1414 4121 1691 4175 descendit
1723 4137 1819 4189 per
1855 4123 2066 4175 miseri-

502 4211 742 4265 cordiam
777 4211 917 4264 intra
949 4222 1159 4265 uterum
1192 4227 1369 4266 meum
1399 4227 1540 4265 nunc
1564 4212 1784 4280 degens,
1812 4222 1868 4265 et
1894 4226 2067 4280 quan-

501 4301 572 4354 do
609 4314 827 4354 carnem
862 4299 1173 4367 assumpsit,
1206 4300 1346 4354 hunc
1393 4311 1577 4354 natum
1613 4300 1815 4356 videbis
1844 4317 2064 4371 quomo-

501 4393 572 4449 do
609 4392 784 4447 bonus
829 4389 1033 4457 fuerit;
1081 4400 1136 4444 et
1179 4391 1526 4461 gratitudinis
1578 4392 1769 4461 plenus
1810 4394 2062 4447 adorabis

501 4493 754 4551 tanquam
790 4492 935 4536 tuum
961 4482 1297 4550 Creatorem,
1322 4498 1481 4559 quem
1511 4484 1686 4553 angeli
1716 4495 1917 4539 canunt
1945 4484 2064 4539 sine

503 4571 609 4625 line
652 4581 706 4627 et
750 4572 1073 4643 gloriﬁcaut,
1120 4589 1243 4628 cum
1289 4573 1448 4628 l'atre
1499 4584 1552 4627 et
1590 4587 1780 4630 sancto
1832 4576 2060 4645 Spiritu.

514 4658 660 4714 γεγε.
695 4660 933 4725 Domine,
971 4663 1233 4729 obaudivi,
1265 4671 1404 4715 cant.
1437 4663 1507 4716 8‘2
1532 4664 1629 4717 bis.

571 4751 741 4806 llodic
770 4754 1009 4806 nascitur
1034 4768 1064 4807 e
1113 4752 1329 4819 Virgine
1354 4753 1445 4820 qui
1480 4769 1637 4806 manu
1668 4769 1883 4808 omnem
1918 4769 2065 4808 crea-

501 4842 703 4895 tionem
751 4843 1026 4908 continet;
1058 4857 1233 4909 panno
1271 4851 1522 4909 tanquam
1556 4843 1803 4898 mortalis
1837 4843 2061 4897 involvi.

499 4947 589 4985 tur
657 4932 748 5001 qui
801 4933 853 4986 in
895 4933 1194 4987 substantia
1234 4949 1329 4987 sua
1373 4933 1737 5003 impalpabilis
1778 4943 1881 4989 est.
1918 4933 2058 4989 Deus

500 5021 552 5073 ln
584 5022 846 5089 przesepio
898 5021 1212 5089 reclinatur,
1244 5025 1334 5093 qui
1373 5025 1609 5079 ﬁrmavit
1638 5025 1808 5079 ctelos
1836 5026 1964 5078 olim
2008 5025 2058 5078 in

500 5112 801 5183 principio;
848 5128 914 5167 ex
961 5113 1216 5169 uberibus
1264 5116 1402 5170 lacte
1450 5117 1708 5182 nutritur,
1756 5118 1847 5186 qui
1882 5118 1933 5170 in
1969 5118 2062 5171 de-

495 5213 643 5260 serto
689 5219 885 5259 manna
942 5205 1145 5258 roravit
1194 5207 1424 5275 populo;
1472 5206 1654 5276 Magos
1682 5208 1748 5261 ad
1794 5222 1853 5261 se
1904 5217 2057 5261 vocat

502 5294 753 5348 Ecclesia:
803 5293 1084 5363 Sponsus;
1149 5295 1359 5349 illorum
1408 5313 1626 5351 munera
1680 5299 1839 5351 sumit
1892 5297 2060 5351 Filius

500 5387 756 5457 Virginis.
814 5387 1116 5443 Adoramus
1174 5399 1316 5441 tuam
1389 5391 1745 5450 nativitatem,
1809 5388 2055 5455 Christe;

494 5479 719 5534 ostende
752 5494 965 5547 quoque
1016 5481 1173 5535 nobis
1207 5481 1437 5533 divinam
1470 5492 1612 5533 tuam
1656 5464 2052 5535 manlius-tatio-

492 5579 635 5620 nam.
665 5567 723 5621 Et
759 5586 898 5623 nunc
927 5571 1117 5625 iterum
1152 5572 1309 5623 idem.

562 5696 584 5726 ³
627 5701 775 5754 ιῖοιιι.
814 5720 885 5765 λι,

2176 3143 2323 3210 λόγει
2350 3143 2410 3196 τὸ
2433 3143 2704 3212 διάστημα
2725 3159 2739 3173 ·
2770 3144 3005 3213 μητέρες
3030 3141 3375 3212 ὴτεκνοῦντο,
3399 3140 3495 3193 καὶ
3514 3141 3551 3209 ἠ
3574 3138 3749 3206 ἄωρος

2175 3232 2358 3304 ἡλικία
2375 3231 2480 3285 τῶν
2506 3231 2718 3301 βρεφῶν
2750 3233 2959 3302 πικρῶς
2982 3229 3360 3299 κατεθερίζετο
3380 3247 3394 3260 ·
3427 3232 3595 3299 μαζοὶ
3617 3229 3741 3300 ἐξη-

2177 3328 2439 3394 ραῐνοντο,
2506 3326 2601 3378 καὶ
2633 3325 2787 3393 πόροι
2809 3323 3078 3390 γάλακτος
3112 3321 3553 3374 συνεστέλλοντο·
3602 3322 3745 3389 μέγα

2170 3410 2239 3485 ἦν
2262 3416 2324 3466 τὸ
2352 3414 2523 3467 δεινόν
2541 3430 2554 3441 ·
2588 3413 2668 3465 διὸ
2693 3411 2954 3474 εὐσεϐῶς,
2975 3410 3175 3472 πιστοὶ,
3206 3409 3557 3470 συνελθόντες
3578 3424 3674 3475 πρ(
3692 3422 3743 3460 s-

2170 3480 2494 3576 κυνήσωμεν
2546 3501 2639 3556 τοῦ
2687 3501 2923 3572 Χριστοῦ
2954 3502 3053 3571 τὴν
3079 3500 3353 3571 γέννησιν.
3394 3503 3563 3567 Στιχ.
3599 3509 3741 3574 Θεὸς
3780 3480 3793 3495 ⁸

2170 3597 2284 3652 ἀπὸ
2309 3592 2535 3664 Θωμᾶν
2553 3594 2705 3661 ἣξει,
2730 3589 2830 3665 ἦχ.
2856 3599 2926 3656 β.
2950 3591 3064 3657 δίς.

2241 3687 2371 3739 Ὅτε
2403 3685 2623 3754 Ἰωσὴφ,
2674 3683 2951 3754 Παρθένε,
2981 3680 3129 3752 λύπῃ
3202 3677 3565 3747 ἐτιτρώσκετο
3614 3674 3745 3743 ποίας

2171 3777 2420 3848 Βηθλεέμ
2463 3776 2731 3845 ἀπαίρων,
2771 3773 2931 3835 ἐϐόας
2978 3772 3114 3841 πρὸς
3158 3770 3354 3823 αὐτόν·
3384 3769 3453 3821 Τί
3498 3768 3643 3836 ὀρῶν
3678 3782 3745 3834 μι

2169 3870 2364 3938 ἔγκυον
2391 3865 2709 3934 στυγνάζεις
2754 3864 2849 3917 καὶ
2891 3861 3242 3932 ταράττεσαι,
3271 3858 3482 3927 ἀγνοῶν
3518 3858 3658 3919 ὅλως
3688 3856 3747 3907 τὸ

2169 3957 2301 4027 ἐμὸν
2364 3952 2590 4025 φρικτὸν
2655 3952 2985 4021 μυστήριον;
3056 3947 3256 4001 Λοιπὸν
3312 3944 3519 3997 ἀπόθου
3581 3940 3743 4010 φόϐον

2168 4049 2406 4113 ἅπαντα,
2434 4046 2496 4098 τδ
2525 4042 2827 4114 παράδοξον
2856 4038 3084 4093 ἐννοῶν*
3116 4037 3248 4097 Θεὸς
3274 4036 3487 4087 κάτεισι
3515 4032 3626 4100 γὰρ
3650 4030 3741 4083 ἐπὶ

2167 4141 2267 4207 τῆς
2301 4136 2403 4204 γῆς
2436 4134 2501 4187 δι’
2531 4133 2678 4185 ἔλεον
2720 4133 2777 4183 ἐν
2809 4131 2875 4199 τῇ
2915 4129 3097 4198 μήτρᾳ
3130 4143 3232 4195 μου
3264 4124 3359 4179 νῦν
3379 4145 3395 4159 ο
3426 4122 3531 4175 κᾶν
3565 4121 3741 4191 σάρκα

2168 4226 2564 4298 προσελάϐετοο
2614 4224 2779 4290 όνπερ
2831 4221 3143 4288 τικτόμενον
3175 4214 3293 4284 ὄψει
3325 4214 3398 4275 ὡς
3427 4212 3698 4281 ηὐδόκησε
3718 4224 3735 4241 ·

2168 4317 2262 4373 καὶ
2311 4318 2433 4385 τῆς,
2462 4315 2635 4385 χαρᾶς
2680 4311 2938 4382 πλησθεὶς
2982 4307 3379 4376 προσκυνήσεις
3406 4303 3481 4365 ὡς
3510 4301 3735 4367 κτίστην

2168 4430 2292 4467 σουο
2343 4412 2400 4465 ὃν
2443 4409 2664 4478 ἄγγελοι
2700 4406 2959 4475 ὑμνοῦσιν
2988 4402 3280 4462 ἀπαύστως
3313 4400 3407 4452 καὶ
3430 4395 3736 4464 δοξάζουσι,

2166 4504 2265 4557 σὺν
2295 4502 2467 4571 Πατρὶ
2516 4500 2611 4553 καὶ
2659 4497 2801 4566 ἁγίῳ
2833 4493 3132 4562 Πνεύματι.
3165 4493 3331 4557 Στιχ.
3363 4488 3562 4556 Κύριε,
3607 4486 3735 4537 εισ-

2162 4597 2394 4665 ακήκοα
2417 4590 2518 4656 δυ’,
2550 4587 2648 4661 ἥχ.
2666 4589 2787 4654 πβ.
2814 4586 2926 4652 δίς.

2237 4760 2480 4829 Σήμερον
2514 4756 2767 4825 γεννᾶται
2797 4753 2860 4805 ἐκ
2891 4748 3164 4819 Παρθένου
3190 4749 3219 4801 ό
3243 4744 3400 4817 δρακὶ
3428 4742 3528 4813 τὴν
3550 4744 3729 4795 πᾶσιν

2161 4850 2300 4921 ἔχων
2328 4849 2503 4902 κτίσιν
2526 4863 2539 4877 ’
2569 4846 2723 4915 ῥάκει
2758 4843 3009 4913 καθάπερ
3043 4839 3233 4910 βροτὸς
3259 4835 3669 4905 σπαργανοῦται
3702 4835 3730 4885 ό

2160 4945 2226 5012 τῇ
2256 4939 2414 5011 οὐσίᾳ
2435 4938 2644 5005 ἀναφής
2664 4953 2678 4966 ⁸
2713 4934 2841 4998 Θεὸς
2875 4936 2932 4986 ἐν
2958 4934 3130 5001 φάτνῃ
3161 4930 3529 4991 ἁνακλίνεται,
3561 4930 3589 4978 ὁ
3614 4942 3725 4975 5::-

2166 5033 2371 5106 ρεὼσας
2404 5031 2528 5091 τοὺς
2562 5027 2821 5098 οὐρανοὺς
2849 5026 3013 5078 πάλαι
3042 5022 3162 5076 κατ’
3197 5020 3402 5091 ἀρχάς·
3440 5022 3503 5071 ἐκ
3539 5017 3723 5087 μαζῶν

2161 5105 2301 5190 γάλα
2327 5120 2604 5191 τρέφεται,
2636 5119 2662 5168 ὁ
2689 5118 2746 5167 ἐν
2792 5117 2858 5184 τῇ
2911 5115 3100 5183 ἐρήμῳ
3131 5110 3309 5180 μάννα
3334 5107 3619 5179 ὀμϐρήσας
3652 5105 3727 5174 τῷ

2159 5211 2311 5280 λαῷο
2349 5211 2552 5279 μάγους
2581 5205 2965 5275 προσκαλεῖται
3012 5204 3040 5254 ὀ
3083 5202 3313 5271 νυμφίος
3359 5199 3457 5268 τῆς
3498 5196 3728 5264 Ἐκκλη-

2161 5304 2280 5362 σίας
2301 5318 2314 5331 ·
2342 5302 2487 5371 δῶρα
2511 5300 2713 5352 τούτων
2734 5297 2875 5367 αἴρει
2895 5298 2922 5349 ό
2944 5295 3067 5356 Υἱὸς
3094 5294 3192 5363 τῆς
3215 5293 3493 5363 Παρθένου
3515 5307 3530 5319 ·
3554 5306 3720 5362 προσ-

2160 5393 2425 5462 κυνοῦμεν
2474 5409 2567 5443 σου
2613 5389 2710 5460 τὴν
2756 5391 2970 5456 γένναν,
3002 5384 3207 5457 Χριστέ
3226 5400 3238 5412 '
3268 5384 3441 5448 δεῖξον
3470 5385 3598 5455 ἡμῖν
3629 5380 3725 5435 καὶ

2158 5484 2226 5536 τὰ
2253 5482 2373 5535 θεῖά
2400 5499 2492 5533 σου
2525 5480 2798 5546 θεοφάνια.
2832 5477 2938 5529 Καὶ
2967 5473 3249 5528 νῦνιπάλιν
3274 5473 3334 5525 τὸ
3359 5473 3515 5527 αὑτό.
