3896 6306
147 307 296 380 4025

1153 315 1250 374 ΒΕ
1284 313 1753 377 INVENTIONE
1787 315 2089 377 SANCT/E
2127 317 2422 381 CRUCIS.

3267 329 3408 400 4026

146 420 240 475 διά
274 421 701 494 προστάγματος
732 421 870 475 Θεοῦ
901 462 916 486 ,
969 421 1060 476 διὰ
1091 422 1191 493 τῆς
1221 423 1418 494 ῥάσδου
1479 425 1713 494 ὲποίησεε

1832 427 2070 489 deserto,
2122 438 2264 485 totos
2317 433 2672 504 quadraginta
2727 453 2899 495 annos
2955 440 3273 515 designavit,
3310 435 3406 518 per

143 514 514 585 σημαίνοντος
543 514 820 566 κάνταῦθα
840 514 934 568 τοῦ
963 515 1256 586 νομοθέτου
1295 515 1386 568 διὰ
1431 514 1725 586 συμϐόλου,

137 607 224 657 ὄτι
253 605 440 659 πάντα
463 605 664 658 δυνατὰ
678 604 755 676 τῷ
777 607 1088 660 πιστεύοντι
1113 607 1192 670 είς
1217 607 1311 660 τὸν
1329 607 1728 678 ’σταυρωθέντα

136 697 407 770 Χριστόν.
438 698 549 750 Καὶ
586 697 641 750 τί
664 698 748 751 δεῖ
774 698 954 767 λέγειν
996 700 1126 769 περὶ
1156 701 1374 754 πάντων
1396 699 1689 771 προφητῶν
1708 739 1726 768 ,

136 788 345 850 οἵτινες
396 787 698 856 ἀναφανδὸν
751 789 842 842 τὸν
885 789 1096 853 ἔνδοξον
1133 791 1365 860 σταυρὸν
1405 791 1501 844 καὶ
1530 791 1631 862 τὴν
1656 791 1727 846 δι’

135 879 311 932 αὑτοῦ
397 879 620 933 ἔσεσθαι
694 880 991 950 μέλλουσαν
1066 883 1342 954 σωτηρίαν
1391 884 1470 954 τῷ
1532 884 1727 956 κόσμῳ

135 973 456 1045 ἑκήρυξαν;
489 975 554 1027 Τί
601 975 710 1046 γὰρ
745 976 1176 1050 ἀναφανδότερον
1215 978 1309 1032 τοῦ
1337 981 1533 1032 εἰπεῖν’
1566 998 1585 1031 ι
1633 981 1724 1036 Ἐν

133 1067 476 1138 κυπαρίσσῳ
500 1068 592 1120 καὶ
619 1067 798 1138 πεύκη
851 1071 946 1122 καὶ
984 1070 1160 1141 κέδρῳ
1215 1069 1331 1141 ἅμα
1373 1071 1599 1137 δοξάσαι
1632 1072 1724 1126 τὸν

131 1158 308 1212 τόπον
335 1160 432 1210 τὸν
457 1158 612 1227 ἅγιόν
649 1176 748 1229 μου
773 1160 884 1231 (21)
915 1177 929 1227 ;
961 1180 980 1213 ι
1002 1162 1219 1232 Ἐπειδὴ
1250 1163 1357 1234 γὰρ
1388 1165 1422 1236 ή
1452 1165 1581 1232 ἁγία
1628 1165 1724 1219 καὶ

128 1250 431 1320 όμοούσιος
457 1252 628 1323 Τριὰς
666 1255 724 1306 ἐν
774 1255 872 1325 μιᾷ
929 1254 1038 1307 τῶν
1113 1256 1312 1326 ἑαυτῆς
1367 1257 1723 1310 ύποστάσεων

129 1342 235 1413 τὴν
256 1342 375 1396 τῶν
419 1343 726 1415 ἀνθρώπων
755 1345 846 1401 διὰ
902 1347 1140 1417 σταυροῦ
1193 1347 1512 1419 ᾠκονόμησε
1545 1363 1722 1419 σωτη-

131 1433 283 1504 ρίαν,
317 1433 549 1498 εἰκότως
578 1436 673 1488 καὶ
705 1436 766 1489 τὸ
785 1437 886 1506 τῆς
924 1438 1201 1508 σωτηρίας
1232 1439 1398 1492 ὁπλον
1440 1442 1505 1492 ὲκ
1547 1439 1717 1509 τριῶν

133 1527 491 1597 συνήρμοστο
521 1526 712 1592 ξύλων.
743 1528 923 1592 Τόπος
957 1529 1068 1602 γάρ
1113 1533 1142 1584 6
1171 1530 1326 1601 ἅγιός
1351 1533 1498 1585 ἔστιν
1530 1531 1716 1602 ὴάγία

129 1615 408 1688 καθολικὴ
473 1617 770 1689 Ἐκκλησία
801 1658 814 1683 ,
860 1619 918 1670 ὲν
1059 1619 1261 1683 πάντες
1300 1621 1350 1672 οἱ
1402 1620 1582 1673 πιστοὶ
1628 1619 1718 1673 τὸν

1832 519 2040 588 virgam
2066 535 2126 575 ea
2164 523 2413 578 universa
2447 537 2529 580 est
2563 539 2886 596 exsecutus,
2924 547 3264 592 tnunstrante
3310 557 3407 609 per

1795 619 1798 622 ‘
1833 608 1934 662 hoc
1959 624 2200 666 summo
2231 613 2324 667 illo
2369 614 2677 683 legislatore
2705 659 2719 683 ,
2777 629 3031 691 tanquam
3070 638 3168 692 per
3217 608 3401 683 notam

1831 712 1937 752 non
1966 700 2205 765 dubiam,
2234 704 2416 757 omnia
2447 707 2728 774 possibilia
2760 721 2882 763 esse
2926 712 2992 765 iis
3043 713 3135 782 qui
3169 715 3402 772 credunt

1829 788 1884 844 in
1913 804 2036 845 eum
2087 792 2176 859 qui
2211 802 2294 846 est
2325 795 2639 850 cruciﬁxus.
2673 796 2736 851 Et
2761 799 2887 868 quid
2923 802 2987 855 de
3014 802 3235 874 reliquis
3275 821 3401 876 pro-

1830 883 2008 951 phetis
2059 884 2320 950 dicemus,
2384 889 2474 956 qui
2531 902 2722 944 omnes
2797 897 2982 959 aperte
3034 887 3398 952 venerabilem

1829 973 2232 1044 gloriosamque
2267 987 2506 1043 enicem,
2538 994 2633 1047 per
2665 995 2827 1050 quam
2859 982 3004 1037 salus
3057 986 3151 1038 toti
3199 987 3399 1042 mundo

1827 1076 1969 1122 esset
1993 1065 2196 1130 futura,
2219 1068 2392 1136 palam
2421 1071 2824 1138 praedicarunt?
2856 1073 2995 1140 Quid
3020 1067 3161 1130 enim
3197 1079 3398 1134 clarius

1826 1159 1930 1229 dici
1963 1166 2142 1230 potest
2188 1161 2324 1217 illo:
2357 1179 2374 1213 ι
2416 1161 2472 1216 lu
2500 1165 2775 1234 Cyparisse
2823 1177 2872 1221 et
2913 1159 3079 1235 picea,
3131 1179 3184 1225 ct
3233 1173 3398 1227 cedro

1825 1253 2350 1324 gloriﬁcare'locum
2396 1267 2639 1312 sanctum
2698 1274 2875 1313 meum
2910 1260 2988 1314 “?
3029 1280 3047 1312 ι
3100 1261 3395 1334 Postquam

1823 1347 1967 1400 enim
2018 1357 2208 1402 sancta
2255 1359 2309 1402 et
2357 1352 2844 1406 consubstantialis
2902 1351 3142 1409 Trinitas
3179 1356 3229 1409 in
3290 1373 3394 1412 una

1823 1452 2042 1492 suarum
2079 1439 2445 1521 hypostaseon
2478 1441 2812 1499 decrevisset
2849 1446 3138 1500 humanam
3164 1447 3392 1504 salutem

1823 1545 1919 1601 per
1941 1545 2158 1587 crucem
2189 1535 2425 1603 operari,
2457 1537 2650 1591 merito
2669 1537 2782 1591 haec
2812 1538 3002 1594 salutis
3027 1549 3223 1595 nostrte
3242 1557 3392 1595 arma

1821 1635 1888 1676 ex
1921 1621 2096 1676 tribus
2131 1623 2290 1694 lignis
2318 1629 2614 1696 cooptavit.
2648 1627 2824 1685 Locus
2864 1646 2992 1685 vero
3023 1643 3248 1690 sanctus
3305 1635 3394 1689 ille

129 1709 404 1772 ζωοποιδν
444 1711 676 1782 σταυρὸν
723 1713 1108 1783 περιφέροντες
1133 1751 1149 1776 ,
1197 1713 1294 1784 τὴν
1329 1714 1596 1784 ἄχραντον
1621 1713 1713 1766 καὶ

1823 1725 1903 1796 est
1933 1725 2120 1768 saneta
2159 1728 2320 1785 atque
2352 1719 2603 1775 universa
2637 1722 2896 1789 Ecclesia,
2948 1725 3000 1778 in
3037 1721 3160 1796 qua
3202 1745 3392 1784 omnes

126 1799 276 1851 πανύ
287 1818 491 1871 μνητον
508 1804 565 1854 ἐν
583 1805 890 1877 εὐφροσύνῃ
913 1806 1005 1857 καὶ
1038 1805 1353 1874 ἀγαλλιάσει
1378 1805 1713 1875 δοξολογοῦσι

1823 1793 2008 1860 fideles
2037 1807 2304 1862 vivilicam
2334 1824 2552 1865 crucem
2585 1814 2956 1882 praeferentes,
2984 1818 3390 1887 gloriﬁcaudatu

125 1891 359 1963 Τριάδα.

196 1983 392 2048 Οὕτως
421 1985 650 2039 πάντοτε
688 1986 984 2058 ἀπὸἋδὰμ
1010 1991 1121 2051 τοῖς
1170 1987 1496 2058 σωζομένοις
1524 1989 1712 2054 πᾶσιν,

125 2076 232 2140 ἓως
261 2077 360 2131 τοῦ
390 2078 1014 2150 Χριστοῦ,συμ6ολικῶς
1039 2081 1128 2134 διὰ
1141 2082 1237 2135 τοῦ
1266 2083 1453 2153 τιμίου
1478 2081 1714 2152 σταυροῦ

124 2169 160 2238 ἠ
188 2169 514 2240 δικαιοσύνη
546 2171 892 2241 ἐϐραὸεύετο.
924 2172 1052 2225 Ὅτε
1076 2171 1134 2224 δὲ
1160 2168 1291 2243 ἦλθε
1322 2171 1457 2240 (21⁵)
1486 2171 1547 2224 τὸ
1577 2171 1714 2241 πλή-

127 2276 291 2331 ρωμα
319 2259 422 2313 τοῦ
445 2263 638 2330 χρόνου
668 2262 766 2330 τῆς
798 2261 1010 2328 ἐνδόξου
1043 2261 1133 2315 διὰ
1167 2261 1366 2332 σαρκὸς
1407 2261 1714 2331 παρουσίας

122 2356 220 2409 τοῦ
253 2355 410 2409 θείου
447 2355 650 2423 Λόγου,
677 2356 795 2408 τότε
821 2355 886 2425 δὴ
907 2356 1027 2408 τότε
1052 2356 1229 2409 πάντα
1249 2355 1340 2408 τὸν
1362 2353 1592 2408 πλοῦτον
1617 2355 1714 2424 τῆς

123 2451 378 2523 ἐμφύτου
409 2449 573 2502 αὐτοῦ
615 2451 744 2520 περὶ
767 2451 916 2522 ἡμᾶς
950 2448 1248 2517 ὲξεκάλυψε
1281 2447 1709 2518 φιλανθρωπίας,

123 2545 185 2596 οὐ
217 2543 309 2596 διὰ
335 2542 408 2596 τά
429 2541 565 2612 ἔργα
593 2542 770 2613 ἡμῶν,
787 2543 924 2598 ἀλλά
946 2545 1032 2597 διὰ
1055 2544 1154 2616 τὴν
1179 2544 1327 2614 αύτῷ
1344 2543 1420 2614 τῷ
1448 2542 1714 2612 εὐεργέτῃ

125 2636 456 2706 πρέπουσαν
472 2635 802 2706 ἁγαθότητα.
833 2637 906 2690 Ού
943 2637 1051 2705 γάρ
1095 2637 1345 2690 ἐϐούλετο
1377 2635 1466 2690 διὰ
1501 2636 1710 2705 σπλαγ-

124 2748 228 2801 χνα
266 2731 457 2793 ἐλέους
501 2731 602 2801 τῆς
635 2731 807 2801 αὐτῆς
860 2731 1270 2804 φιλανθρωπίας
1295 2769 1311 2794 ,
1385 2732 1490 2795 ἕως
1523 2731 1712 2794 τέλους

123 2819 545 2892 τυραννίζεσθαι
569 2821 657 2874 τὸν
675 2821 960 2892 ἄνθρωπον
972 2823 1076 2874 ὑπὸ
1095 2821 1195 2890 τῆς
1215 2821 1464 2874 διαϐόλου
1488 2820 1707 2884 κακίας,

125 2914 266 2967 ἀλλὰ
295 2913 550 2985 βουλήσει
583 2914 675 2968 τοῦ
728 2915 940 2986 Πατρὸς
985 2917 1083 2969 καὶ
1132 2915 1352 2986 εὐδοκία
1405 2912 1500 2967 τοῦ
1553 2913 1708 2982 ἁγίου

124 3007 270 3061 Πνεύ
279 3024 452 3077 ματος
480 3047 494 3071 ,

1819 1899 2142 1956 Trinitatem
2178 1917 2299 1956 cum
2333 1903 2520 1958 laetitia
2559 1917 2611 1960 et
2643 1907 2842 1976 gaudio
2879 1909 3173 1964 celebrant.

1885 1995 2063 2062 Atque
2090 1995 2164 2049 ita
2195 1996 2409 2064 quidem
2447 1998 2514 2052 ab
2547 1999 2662 2069 ipso
2695 2000 2860 2054 Adam
2891 2018 3060 2070 usque
3109 2003 3178 2058 ad
3226 2003 3388 2060 Chri-

1816 2097 1980 2154 stum,
2028 2089 2304 2155 omnibus,
2350 2087 2441 2159 qui
2480 2090 2720 2147 salvandi
2773 2104 2981 2161 essent,
3023 2093 3257 2165 iustitia,
3293 2081 3390 2168 per

1815 2180 2179 2234 veneran‘dam
2239 2195 2478 2245 erucem,
2513 2182 2744 2238 obscure
2779 2180 2924 2249 licet,
2978 2201 3042 2240 ac
3088 2187 3236 2242 velut
3291 2205 3389 2258 per

1818 2279 2186 2335 transennam,
2214 2274 2629 2329 decernebatur.
2665 2276 2890 2343 Quando
2924 2295 3051 2336 vero
3106 2282 3252 2338 venit
3282 2284 3386 2353 ple-

1816 2363 2003 2418 nitudo
2042 2363 2300 2432 temporis
2347 2365 2569 2435 gloriosi
2603 2366 2868 2422 adventus
2903 2369 3102 2442 divini
3129 2372 3292 2432 Verbi
3328 2377 3384 2432 in

1815 2470 2000 2520 carne,
2037 2464 2164 2511 tunc
2197 2473 2420 2525 prorsus
2453 2473 2642 2513 omnes
2684 2475 2794 2513 suae
2839 2475 2964 2536 erga
2999 2478 3098 2518 nos
3133 2465 3387 2535 ingenita:

1815 2547 2204 2603 benevolentiae
2235 2549 2522 2604 thesauros
2565 2551 2798 2620 aperuit,
2833 2569 3006 2622 neque
3062 2555 3113 2610 id
3165 2566 3387 2626 propter

1814 2632 2036 2711 operum
2095 2651 2402 2696 nostrorum
2459 2643 2674 2708 merita,
2733 2645 2827 2700 sed
2891 2654 3098 2703 tantum
3148 2660 3372 2720 propter

1813 2749 1990 2798 suam,
2021 2750 2140 2804 quae
2174 2733 2573 2792 benefactorem
2606 2736 2853 2802 decebat,
2915 2741 3233 2802 bonitatem.
3281 2743 3388 2800 Ne-

1793 2839 1917 2894 ‘que
1946 2827 2110 2892 enim,
2139 2841 2245 2896 qua
2301 2824 2400 2880 fuit
2425 2826 2478 2881 in
2513 2843 2614 2883 nos
2650 2828 2960 2894 clementia,
2995 2833 3254 2890 sustinuit
3290 2837 3385 2892 Dei

1812 2916 1983 2974 Filius
2009 2934 2177 2990 usque
2201 2920 2252 2973 in
2286 2919 2470 2985 linem,
2508 2921 2802 2989 hominem,
2833 2923 3114 2980 diabolicae
3168 2928 3388 2984 malitiae

549 3009 578 3061 6
628 3009 716 3062 ἀεὶ
766 3007 957 3078 παρὼν
1004 3009 1098 3061 καὶ
1158 3007 1408 3078 μηδαμοῦ
1443 3021 1708 3077 περιγρα-

1823 3009 2002 3066 l‘raude
2026 3027 2364 3081 oppressum,
2397 3013 2676 3096 divexari;
2724 3013 2817 3070 sed
2866 3015 3144 3072 voluntate
3209 3019 3386 3078 Patris

128 3099 368 3170 φόμενος
391 3138 408 3166 ,
451 3099 521 3153 δι’
563 3101 710 3172 ἡμᾶς
749 3101 844 3154 καὶ
883 3101 968 3154 διὰ
997 3100 1094 3171 τὴν
1127 3100 1400 3171 ἡμετέραν
1435 3097 1708 3169 σωτηρίαν

1823 3114 1867 3158 et
1919 3104 2253 3174 beueplacito
2309 3104 2546 3173 Spiritus
2622 3108 2818 3173 sancti,
2876 3122 3089 3178 semper
3149 3125 3386 3181 praesens

127 3199 309 3252 ἔκλινε
335 3198 465 3260 τοὺς
491 3197 770 3268 οὐρανοὺς,
794 3197 887 3250 καὶ
917 3196 1144 3267 κατέϐη,
1181 3195 1256 3268 μὴ
1286 3195 1576 3266 χωρισθεὶς
1600 3195 1710 3247 τῶν

132 3290 407 3362 οὐρανῶν,
425 3291 516 3344 καὶ
543 3291 829 3361 ὲνοικήσας
845 3291 903 3343 ἐν
920 3293 987 3362 τῇ
1019 3290 1170 3362 νηδύϊ
1187 3289 1286 3358 τῆς
1314 3290 1473 3357 ἁγίας
1499 3289 1709 3352 ἐνδόξου

129 3385 226 3438 καὶ
272 3382 637 3455 ἀειπαρθὲνου
700 3382 952 3453 Μαρίας,
1012 3381 1489 3453 προκαθαρθείσης
1542 3379 1713 3449 αὐτῆς

127 3475 206 3545 τῷ
263 3475 406 3543 ἁγίῳ
449 3473 732 3543 Πνεύματι
778 3474 876 3543 την
930 3471 1109 3542 ψυχὴν
1155 3471 1252 3524 σὺν
1303 3473 1416 3534 τοῖς
1469 3469 1707 3542 μέλεσιν,

136 3585 156 3620 ι
201 3567 261 3622 '0
286 3567 459 3634 Λόγος
488 3566 624 3636 σὰρξ
646 3553 880 3634 ἐγένετο,
908 3564 1002 3617 καὶ
1037 3564 1347 3632 ἐσκήνωσεν
1401 3564 1458 3617 ὲν
1494 3562 1650 3633 ἡμῖν,
1685 3579 1705 3614 ι

133 3663 196 3714 ού
225 3655 548 3731 μεταϐαλὼν
575 3657 672 3728 τὴν
699 3655 894 3710 ἑαυτοῦ
923 3656 1152 3726 θεότητα
1183 3656 1263 3719 είς
1293 3655 1708 3726 ἅνθρωπότητα,

133 3753 412 3819 ἄτρεπτος
465 3749 574 3821 γὰρ
613 3751 709 3802 καὶ
737 3745 1092 3808 ἀναλλοίωτος
1117 3747 1145 3800 6
1180 3744 1274 3799 τοῦ
1331 3743 1466 3798 Θεοῦ
1516 3741 1708 3811 Λόγος,

131 3844 252 3898 ἀλλ’
319 3841 525 3906 ὲνώσας
591 3840 702 3912 (2⁸2.)
743 3838 922 3909 ἑαυτῷ
965 3837 1087 3891 καθ’
1137 3837 1434 3891 ὑπόστασιν
1485 3835 1549 3889 ἐκ
1598 3833 1711 3888 τῶν

135 3936 465 4007 σπλάγχνων
488 3936 584 4006 τῆς
609 3933 870 3987 Θεοτόκου
903 3932 1100 4006 σάρκα,
1123 3929 1302 4003 ψυχὴν
1328 3930 1556 4002 ἔχουσαν
1573 3928 1712 3997 λογιο

131 4029 239 4101 κήν
267 4032 368 4082 καὶ
396 4028 607 4100 νοερὰν,
634 4025 972 4097 ἀσυγχύτως,
1009 4024 1292 4094 ἀτρέπτως
1313 4064 1328 4089 ,
1370 4023 1708 4094 ἀχωρίστως,

97 4121 549 4183 ’ἁδιασπάπωᾳ
659 4117 798 4173 Καθ’
863 4116 1208 4172 ὑπόστασιν
1307 4115 1363 4168 δὲ
1443 4115 1656 4186 εἴρηται
1690 4153 1706 4178 ,

134 4213 218 4267 ὅτι
286 4213 347 4266 ού
433 4209 817 4265 διαπλασθέντι
915 4208 1185 4280 ἀνθρώπῳ
1241 4207 1424 4279 ἡνώθη
1509 4206 1537 4259 ὁ
1616 4207 1708 4260 τοῦ

134 4305 273 4358 Θεοῦ
323 4303 512 4372 Λόγος,
568 4302 681 4356 ἀλλ’
712 4301 872 4364 αὐτὸς
915 4301 944 4352 6
984 4300 1155 4368 Λόγος
1209 4300 1410 4362 τέλειος
1440 4297 1514 4352 ὢν
1557 4299 1615 4350 ἐν
1643 4300 1709 4368 τῇ

139 4397 247 4467 ἰδίᾳ
277 4395 570 4449 ὑποστάσει
611 4392 975 4464 προσελάϐετο
1011 4393 1222 4446 τελείαν
1264 4392 1364 4462 τὴν
1399 4386 1593 4446 ἑαυτοῦ
1628 4390 1687 4441 ἐν

138 4455 491 4555 ἀνθρὼπησιν
519 4524 534 4548 ,
588 4455 668 4544 εἷς
717 4479 793 4534 ὢν
843 4481 930 4534 ἀεὶ
979 4481 1214 4551 Χριστὸς
1271 4455 1365 4535 καὶ
1434 4479 1562 4542 Υἱὸς
1614 4476 1708 4531 καὶ
1741 4455 1784 4510 D

139 4576 346 4646 Κύριος
375 4574 471 4626 καὶ
505 4573 753 4643 βασιλεὺς
777 4572 883 4625 τῶν
918 4572 1192 4626 ἁπάντων.

211 4841 467 4893 Τίκτεται
495 4835 785 4909 τοιγαροῦν
810 4838 874 4888 ἐκ
896 4835 996 4905 τῆς
1036 4836 1412 4907 ἀπειρογάμου
1456 4836 1700 4909 νύμφης,

213 4957 256 4990 ¹²
285 4957 388 5014 lsa.
435 4956 644 5016 1.x.l3.
731 4955 772 4984 ’³
820 4951 978 5007 Joan.
1022 4969 1060 5015 ι,
1105 4953 1191 5008 Μ.

1813 3198 2212 3275 οιείειεηε,οο
2258 3198 2404 3252 nullo
2464 3199 2582 3253 loco
2627 3198 3105 3270 circumscriptus,
3163 3213 3386 3274 pr0pter

1815 3301 1912 3341 nos
1939 3301 2001 3341 ac
2033 3297 2269 3340 nostram
2300 3287 2530 3342 salutem
2568 3289 2737 3344 caelos
2773 3291 3055 3347 inclinavit
3081 3303 3242 3364 atque
3285 3295 3384 3351 de-

1813 3380 2044 3444 scendit,
2079 3394 2186 3432 non
2227 3387 2406 3433 tamen
2435 3395 2463 3432 a
2498 3379 2652 3435 caelis
2695 3382 2996 3448 seiunctus,
3044 3386 3385 3443 inhabitans-

1814 3484 1918 3539 que
1946 3469 1998 3523 iu
2027 3480 2180 3523 utero
2208 3480 2408 3524 sanctae
2448 3481 2611 3541 atque
2661 3472 2809 3525 omni
2865 3473 3021 3527 laude
3057 3476 3387 3545 dignissima:

1814 3559 2054 3632 Virginis
2084 3559 2288 3623 Mariae,
2325 3576 2442 3630 quae
2471 3573 2629 3615 antea
2669 3563 2849 3617 anima
2891 3567 3096 3634 pariter
3121 3575 3175 3621 et
3203 3584 3377 3625 mem-

1812 3652 1927 3707 bris
1974 3651 2223 3707 omnibus
2263 3651 2435 3706 fuerat
2496 3667 2526 3705 a
2578 3651 2780 3719 Spiritu
2837 3665 3023 3710 saneto
3078 3659 3384 3731 puriﬁcata,

1820 3760 1840 3794 ι
1881 3741 2118 3797 Verbum
2146 3757 2274 3797 caro
2301 3743 2499 3798 factum
2525 3751 2627 3808 est,
2657 3753 2712 3798 et
2735 3745 2997 3801 habitavit
3016 3747 3066 3804 in
3091 3750 3244 3805 nobis
3267 3750 3333 3816 ³⁸,
3359 3771 3380 3804 ι

1814 3849 1918 3889 non
1955 3835 2314 3889 conuniscens
2355 3849 2508 3888 suam
2540 3831 2795 3891 deitatem
2839 3853 2961 3892 cum
3025 3839 3382 3910 humanitate,

1815 3923 2134 3978 invariabile
2157 3924 2299 3977 enim
2325 3932 2408 3978 est
2435 3935 2597 3992 atque
2623 3925 2960 3981 immutabile
2996 3927 3233 3984 Verbum
3269 3929 3381 3994 Dei,

1815 4015 1906 4070 sed
1940 4015 2134 4070 unicus
2160 4014 2260 4067 sibi
2313 4015 2364 4068 in
2418 4030 2646 4084 persona
2678 4027 2741 4069 ex
2790 4017 3093 4073 visceribus
3145 4000 3386 4090 Deiparte

1814 4119 2057 4166 carnem,
2091 4103 2266 4156 anima
2297 4103 2543 4158 rationali
2576 4114 2626 4158 et
2659 4104 3006 4160 iutellectuali
3032 4106 3381 4176 instructam,

1815 4196 1932 4251 sine
1981 4193 2320 4272 confusione,
2393 4196 2722 4261 mutatione,
2775 4199 3136 4266 separatione,
3197 4200 3385 4254 divul-

1816 4288 1987 4342 siotte.
2016 4285 2226 4341 Dictum
2255 4295 2359 4353 est,
2383 4287 2437 4341 in
2465 4305 2705 4357 persona,
2732 4290 2855 4357 quia
2890 4288 2978 4344 Dei
3017 4289 3249 4346 Verbum
3279 4307 3382 4346 non

1814 4391 1895 4434 est
1927 4378 2120 4433 lictitio
2153 4380 2356 4434 homini
2397 4379 2768 4446 coniunctum,
2807 4383 2902 4436 sed
2935 4383 3108 4450 ipsum
3137 4381 3377 4438 Verbum

1816 4471 2112 4541 pet-fectum
2160 4488 2385 4528 manens
2419 4473 2470 4525 in
2520 4487 2615 4527 sua
2650 4473 3020 4539 subsistentia,
3087 4474 3384 4546 perfectam

1819 4564 2210 4618 humanitatem
2267 4565 2602 4634 assumpsit;
2662 4577 2802 4617 unus
2853 4577 3068 4633 semper
3119 4565 3386 4621 exsisteus

1817 4655 2071 4711 Christus
2146 4655 2316 4709 Filius
2386 4655 2505 4722 Dei,
2569 4655 2828 4710 Dominus
2893 4665 2947 4709 et
3011 4671 3100 4709 rex
3167 4658 3386 4712 univer-

1816 4762 2023 4804 eorum.
2586 4821 2588 4824 ν
3069 4789 3071 4791 ι
3349 4744 3351 4746 ’

1889 4838 2142 4895 Nascitur
2172 4855 2299 4910 ergo
2331 4854 2395 4894 ex
2431 4838 2605 4908 puclla
2655 4840 2964 4908 nuptiarum
3016 4847 3240 4907 experte
3292 4839 3383 4894 de-

1719 5019 1946 5076 ΝΟΤλΕ.

216 5128 327 5209 (⁸21)
360 5137 762 5209 Locnsjnteger
795 5136 1155 5209 apndilsaiam
1176 5149 1257 5192 est
1287 5139 1408 5205 iste,
1445 5153 1564 5208 cap.
1595 5157 1660 5195 ιχ
1696 5158 1709 5194 :

143 5205 256 5263 καὶ
273 5205 454 5279 ήδόξα
478 5205 573 5259 τοῦ
605 5207 837 5279 Λιϐάνου
857 5208 994 5279 πρὸς
1019 5209 1076 5279 σὲ
1096 5207 1215 5279 ἥξει
1236 5248 1250 5269 ,
1281 5209 1338 5260 ὲν
1387 5205 1714 5279 κυπαρίσσῳ

145 5279 241 5332 καὶ
293 5276 471 5348 ἱπεύκῃ
511 5279 607 5348 καὶ
646 5277 828 5348 κέδρῳ
873 5276 986 5346 ἅμα
1013 5277 1252 5348 ,δοξάσαι
1292 5279 1381 5330 τὸν
1424 5276 1586 5331 τόπον
1624 5276 1714 5332 τις)

148 5349 304 5417 ἄγιόν
337 5345 473 5418 μου,
504 5345 687 5400 Gloria
723 5345 923 5418 Libani
945 5347 1020 5398 ’σά
1056 5357 1102 5400 te
1134 5348 1315 5407 veniet,
1341 5363 1631 5416 cypressus,
1666 5358 1714 5401 et

147 5417 415 5484 pinus,ret
461 5418 646 5470 cedrus
685 5417 842 5469 simul
891 5419 1187 5484 gloriﬁcare
1239 5418 1410 5470 locum
1472 5432 1714 5471 sanctum

148 5505 340 5541 meum.
381 5487 529 5541 Citat
561 5487 702 5540 hunc
741 5485 891 5539 lsaim
922 5487 1096 5539 locum
1129 5497 1349 5557 sanctus
1387 5487 1714 5557 Chrysosto-

149 5574 291 5616 mus.
339 5573 404 5611 ex
439 5572 608 5623 eoque
639 5558 832 5624 probat
884 5571 1098 5609 crucem
1152 5554 1351 5624 Christi
1409 5554 1711 5611 ex’harum

151 5628 311 5683 trium
344 5627 598 5679 arborum
625 5623 782 5693 lignis
809 5635 1143 5692 compactam
1177 5623 1366 5690 fuisse,
1394 5635 1451 5678 ut
1475 5626 1710 5680 disinms

150 5695 244 5750 lib.
278 5711 293 5750 ι
331 5696 405 5749 De
433 5710 605 5760 cruce,
637 5709 756 5762 cap.
782 5695 834 5755 5,
872 5697 1013 5764 quod
1053 5703 1106 5747 et
1135 5695 1438 5764 Alexander
1471 5696 1570 5750 hoc
1602 5696 1716 5749 loco

152 5766 301 5821 facit.
327 5764 557 5834 Vulgata
591 5765 758 5820 editio
785 5765 858 5818 ita
887 5762 1048 5820 habet
1075 5780 1088 5816 :
1120 5762 1307 5818 Gloria
1345 5764 1536 5819 Libani
1569 5767 1636 5818 ad
1668 5777 1716 5818 te

1815 5140 2004 5206 veniet,
2050 5140 2190 5194 abies
2229 5149 2274 5192 et
2303 5143 2471 5192 buxus
2516 5148 2562 5193 el
2588 5141 2741 5206 pinus
2768 5139 2957 5205 simul,
2987 5137 3054 5192 ad
3089 5142 3383 5196 ornandum

1817 5211 1986 5263 locum
2043 5207 2478 5275 sanctiﬁcationis
2527 5225 2675 5262 meat.

1891 5279 2154 5350 (ΞΙὙὉτε
2173 5274 2228 5331 δὲ
2245 5274 2396 5350 ἦλθε.
2428 5280 2635 5350 Αίιιιοο
2656 5279 2773 5350 loco
2790 5277 2965 5332 omnia
2988 5276 3194 5350 Pollux,
3218 5294 3386 5350 usque

1818 5350 2047 5420 ἐγενήθη
2074 5349 2149 5404 δέ.
2191 5347 2318 5420 pug.
2344 5363 2460 5415 seq.
2500 5347 2561 5410 Β,
2603 5349 2712 5420 t_tbi_
2738 5350 2852 5416 ipse
2879 5349 3132 5420 γεννᾶται
3181 5348 3381 5412 τοίνυν,

1820 5417 2099 5486 postqum
2143 5417 2330 5472 eadem
2381 5433 2566 5473 rursus
2603 5417 2790 5471 Pollux
2838 5432 3006 5485 usque
3049 5419 3115 5471 ad
3158 5421 3383 5472 verbum

1820 5490 2119 5541 περιέθετο.
3413 5523 3416 5526 ~

1893 5505 2249 5628 ῗέὲῗετὸξηηίο
2282 5557 2348 5612 ab
2395 5555 2506 5628 illo,
2537 5555 2654 5628 ἀλλθ
2688 5553 2895 5628 evoca;
2923 5594 2938 5619 ,
2970 5569 3140 5622 usque
3173 5555 3240 5609 ad
3268 5551 3386 5628 άλλ’

1821 5623 1996 5690 αὐτὸς
2039 5629 2067 5679 6
2119 5627 2288 5694 Λόγος
2345 5626 2546 5688 τέλειος
2575 5623 2670 5688 ὢν,
2706 5625 2888 5682 addita
2916 5633 3042 5680 sunt
3081 5639 3147 5683 ex
3201 5625 3388 5682 codice

1825 5699 2040 5766 Crypta:
2073 5697 2331 5753 Ferralac.
2368 5696 2568 5750 Eadem
2597 5694 2803 5750 Pollux.
3285 5732 3288 5734 ν
