3946 6318
222 371 358 439 ltili

1224 364 1321 433 DE
1358 367 1833 437 INVENTIONE
1872 366 2176 429 SANCTAZ
2210 371 2507 433 CRUCIS.

3342 376 3485 442 £012

288 490 422 542 Τότε
463 487 585 542 ὅλον
630 484 690 539 τὸ
738 476 890 549 Ι.ονος
927 484 1027 555 τὴν
1055 483 1193 556 πρὸς
1224 483 1530 555 Ῥωμαίους
1559 484 1791 536 ἀποστα-

1978 481 2153 550 Atque
2182 482 2284 538 hoc
2328 484 2544 554 quidem
2598 495 2859 556 tempore,
2898 488 3149 545 universa
3182 489 3487 549 Judatorum

214 582 340 633 σίαν
369 578 712 650 εἰργάσαντο.
730 577 1038 650 Ἀγρίππας
1068 576 1125 631 δὲ
1154 575 1334 646 φυγὰς
1362 576 1536 648 ᾤχετο
1572 575 1662 628 ἐπὶ
1705 573 1804 642 τὴν

227 671 468 741 Ῥώμην.
504 670 638 723 Τότε
664 670 857 740 Νέρων
890 669 947 722 ἐν
980 669 1118 739 ὀργῇ
1163 668 1259 722 καὶ
1300 666 1460 737 Θυμῷ
1490 666 1698 737 ἔγραψε
1727 664 1805 736 τῷ

210 762 314 831 τῆς
349 759 522 832 Ἐᾠας
570 758 863 831 στρατηγῷ
911 759 929 831 (
951 758 1358 823 Οὐεσπασιανὸς
1385 758 1442 812 δὲ
1466 753 1536 829 ἦν
1563 758 1625 810 τὸ
1652 774 1806 826 τηνι-

212 855 416 923 καῦτα)
452 853 691 907 κελεύων
740 852 904 905 αὑτὸν
942 851 1280 923 συνεγείρειν
1329 853 1511 905 πᾶσαν
1557 849 1656 922 τὴν
1701 849 1805 902 ὑπ’

212 947 367 1019 αὐτῷ
397 944 1130 1017 στρατιὰν,καταλαμϐάνειν
1155 945 1255 1014 τὴν
1271 944 1527 998 Ἰουδαίαν
1550 943 1676 1014 γῆν,
1704 942 1805 996 καὶ

211 1040 388 1112 ἄρδην
416 1038 683 1093 ἀπολέσαι
708 1038 899 1110 αὐτήν.
928 1040 993 1091 Οἱ
1017 1038 1072 1092 δὲ
1098 1037 1384 1108 δυνάμενοι
1407 1037 1517 1091 τῶν
1533 1037 1804 1091 Ἰουδαίων

210 1131 571 1195 ἀκούσαντες,
599 1129 900 1182 κατέλαϐον
932 1129 1035 1200 τὴν
1066 1129 1446 1199 Ἰερουσαλὴμ,
1478 1128 1575 1181 ἆτε
1600 1128 1803 1199 ὀχυρω-

206 1225 384 1296 τάτην
407 1219 574 1276 οὖσαν
595 1226 707 1285 τοῖς
732 1224 942 1292 τείχεσι
962 1223 1054 1274 καὶ
1081 1221 1310 1293 πύργοις
1337 1221 1616 1291 μεγίστοις
1634 1223 1805 1290 ἠσφα-

205 1313 495 1385 λισμένην.
515 1315 574 1367 '0
602 1315 659 1367 δὲ
689 1313 999 1383 στρατηγὸς
1030 1312 1321 1384 προλαϐὼν
1348 1313 1446 1383 τὴν
1477 1312 1683 1385 χώραν,
1704 1313 1803 1367 πά-

208 1398 312 1471 σας
344 1408 445 1469 τὰς
477 1409 659 1470 πόλεις
699 1406 799 1475 τῆς
833 1406 1090 1469 Ἰουδαίας
1110 1404 1521 1476 καταστρέψας,
1563 1406 1799 1472 ὲξανεῖλε

207 1500 368 1568 πυρί.
400 1497 735 1551 Καταλαϐὼν
768 1499 826 1550 δὲ
858 1497 955 1567 τὴν
992 1496 1346 1568 Ἰερουσαλὴμ
1374 1498 1467 1550 καὶ
1510 1496 1802 1567 πολιορκή-

208 1609 313 1654 σας
346 1590 517 1662 αὐτὴν
552 1589 799 1644 ἐνιαυτὸν
825 1590 942 1653 ἕνα,
975 1591 1068 1643 καὶ
1100 1590 1268 1643 πολλὰ
1300 1593 1672 1661 μηχανήματα
1700 1607 1801 1643 καςσ

206 1681 591 1743 τασκευάσας,
619 1678 772 1731 οὐδὲν
808 1680 995 1749 ῐσχυσε
1039 1680 1296 1749 ποιῆσαι,
1324 1680 1413 1734 διὰ
1444 1681 1544 1749 τὴν
1574 1681 1670 1750 τῆς
1698 1681 1799 1733 πό-

203 1772 348 1834 λεως
371 1771 674 1841 ὀχυρότητα
698 1786 712 1800 ·
745 1770 882 1825 ἀλλὰ
909 1770 1002 1824 καὶ
1028 1771 1338 1836 ἐξελθόντες
1368 1774 1416 1825 oi
1459 1773 1555 1841 τῆς
1587 1772 1796 1836 πόλεως

1910 573 2127 627 natione
2161 574 2513 631 defectionem
2543 593 2572 632 a
2605 577 2863 635 Romanis
2893 581 3222 651 inceptante,
3252 587 3487 658 Agrippa

1909 664 2142 735 fugiens,
2186 667 2414 724 Romam
2468 672 2873 742 proficiscitur:
2910 685 3034 731 tunc
3067 677 3232 745 Nero,
3275 694 3488 737 summa

1907 756 1986 811 ira
2030 773 2094 813 ac
2141 759 2325 816 furore
2364 762 2642 830 incensus,
2687 766 2752 821 ad
2788 766 3171 837 Vespasianum
3217 775 3489 827 exercitus

1905 849 2201 908 Orientalis
2252 854 2440 909 ducem
2494 858 2732 927 scripsit,
2778 868 2835 914 ut
2877 876 2943 916 cx
2978 871 3217 928 tempore
3269 882 3486 921 omnem

1904 941 2204 996 exercitum
2247 953 2407 1012 cOgat
2436 944 2502 999 ad
2530 943 2838 1001 Judaznrum
2866 959 3065 1005 terram
3102 953 3484 1017 invadendam,

1906 1034 2233 1103 penitusque
2264 1036 2669 1094 devastandam.
2711 1039 3020 1098 Judzeornm
3060 1060 3186 1099 vero
3219 1049 3485 1115 potentis-

1905 1125 2056 1191 simi,
2079 1126 2238 1194 hujus
2261 1127 2619 1186 reicertiores
2643 1129 2792 1199 facti,
2816 1133 3265 1205 lliernsolymam,
3286 1146 3343 1192 ut
3365 1154 3488 1209 quae

1904 1219 2036 1273 urbs
2089 1219 2285 1289 triplici
2330 1236 2488 1277 muro
2522 1232 2669 1278 esset
2704 1226 3101 1293 munitissima,
3138 1230 3488 1302 turribusque

1905 1312 2159 1367 maximis
2199 1322 2334 1382 tuta,
2362 1314 2463 1368 sibi
2507 1316 2758 1384 praasidio
2790 1332 2852 1373 ac
2894 1323 3298 1391 propugnaculo
3324 1311 3487 1394 cepe-

1903 1411 2053 1456 runt.
2111 1402 2479 1471 Vespasianus
2510 1416 2691 1461 autem
2726 1410 3001 1465 exercitus
3052 1412 3157 1466 dux
3211 1415 3487 1485 regionem

1905 1494 2187 1558 invadens,
2226 1510 2417 1553 omnes
2462 1498 2712 1555 civitates
2735 1499 2937 1558 Judauc
2968 1520 3031 1559 ac
3064 1504 3298 1561 Galilacrc
3320 1510 3487 1579 depo-

1904 1583 2141 1650 pulatus,
2184 1586 2309 1656 igne
2358 1589 2586 1648 delevit.
2628 1590 3060 1666 Hierosolymam
3114 1600 3275 1655 etiam
3318 1618 3490 1673 expu-

1903 1689 2073 1743 gnare
2112 1694 2421 1748 aggressus,
2463 1699 2584 1738 cum
2634 1701 2753 1739 eam
2800 1703 2999 1742 annum
3034 1691 3299 1764 integrum
3332 1697 3490 1752 obse-

1905 1765 2090 1834 disset,
2120 1771 2427 1842 multasque
2453 1775 2576 1830 belli
2607 1780 2887 1835 machinas
2918 1782 2983 1835 ad
3016 1797 3134 1837 eam
3170 1801 3490 1858 expugnan-

204 1833 490 1930 αἰφνιδίως
523 1833 750 1947 πολλοὺς
778 1859 1017 1931 ἔπληξαν
1053 1833 1160 1914 τῶν
1193 1833 1791 1933 ῬωμαίωνίΚαταϐὰς

2078 1833 2082 1834 ί
2338 1833 2354 1842 _
2870 1833 2879 1835 _
3022 1833 3134 1837 η---
3173 1833 3456 1858 ---,...,,......

1904 1858 2025 1913 dam
2073 1865 2457 1931 exstruxisset,
2510 1869 2667 1933 nihil,
2721 1884 2946 1942 propter
2996 1875 3325 1945 singularem
3373 1882 3492 1951 ejus

201 1954 269 2008 δὲ
316 1955 397 2017 εἰς
441 1953 777 2024 Καισάρειαν
805 1954 1216 2019 Οὐεσπασιανὸς
1262 1956 1477 2027 ἀφῆκεν
1510 1956 1801 2010 ἀναλαϐεῖν

206 2048 303 2103 τὸν
343 2050 597 2118 στρατόν.

292 2318 384 2370 Ἑν
424 2317 639 2379 τούτοις
659 2315 717 2369 δὲ
759 2315 1001 2388 ἀνῃρέθη
1034 2316 1229 2386 Νέρων
1274 2315 1366 2370 ἐπὶ
1395 2316 1496 2385 τῆς
1543 2316 1793 2388 Ῥώμης,

206 2411 309 2464 καὶ
342 2411 613 2481 ἐκράτησε
646 2409 853 2473 Γάλϐας
891 2411 1068 2480 μῆνας
1103 2408 1169 2473 ς’.
1211 2409 1755 2493 Κάκεῖνοςάνῃρέθη
1779 2451 1795 2473 ,

207 2502 306 2552 καὶ
362 2501 668 2571 ἐκράτησεν
714 2501 742 2552 ό
801 2499 980 2553 Ὄθων
1029 2501 1220 2570 τρεῖς,
1272 2498 1368 2552 καὶ
1412 2498 1550 2569 μετὰ
1599 2498 1793 2553 τοῦτον

206 2587 460 2650 Βιτάλιος
491 2590 766 2659 ἐκράτησε
795 2590 972 2660 μῆνας
999 2592 1171 2661 τρεῖς.
1221 2590 1309 2642 Ἐν
1341 2589 1523 2659 πολλῴ
1554 2585 1648 2643 οὖν
1684 2607 1798 2646 κιν-

202 2681 352 2753 δύνῳ
370 2684 464 2734 καὶ
495 2683 877 2753 ἀκαταστασία
905 2682 1015 2735 τῶν
1047 2682 1393 2753 πραγμάτων
1413 2683 1794 2753 ὑπαρχόντων,

207 2775 307 2828 καὶ
346 2774 638 2844 βαρϐάρων
660 2775 822 2827 τινῶν
846 2776 1209 2845 ἐπικειμένων
1245 2777 1312 2846 τῇ
1342 2777 1628 2848 Ῥωμανίᾳ
1657 2775 1793 2850 (45),

208 2866 243 2918 ὀ
276 2865 420 2917 κατὰ
443 2863 541 2935 τὴν
577 2864 751 2934 Ἐᾠαν
779 2864 1009 2934 στρατὸς
1036 2864 1242 2918 ἄκοντα
1270 2865 1362 2916 τὸν
1384 2866 1797 2920 Οὐεσπασιανὸν

204 2951 407 3021 ἐστεψε
448 2952 697 3023 βασιλέα,
726 2953 1030 3006 συναινέσει
1064 2953 1281 3008 πάντων
1314 2955 1459 3007 κατὰ
1483 2958 1584 3026 τὴν
1641 2955 1795 3012 Ἀναο

202 3044 374 3114 στολὴν
429 3044 727 3113 ἀρχόντων.
773 3044 1052 3113 ’Δπαίρων
1107 3044 1164 3097 δὲ
1212 3046 1307 3097 ἐπὶ
1358 3047 1459 3117 τὴν
1535 3046 1791 3119 Ῥώμην,

203 3136 479 3206 χειμῶνος
536 3135 658 3206 ὥρᾳ
680 3174 696 3200 ,
733 3137 860 3198 τοὺς
909 3135 1057 3199 υἱοὺς
1091 3136 1257 3190 αὐτοῦ
1295 3138 1456 3192 Τίτον
1486 3140 1581 3193 καὶ
1614 3142 1788 3212 Δομε-
1820 3173 1864 3231 C

201 3232 394 3285 τιανὸν
430 3231 716 3301 Καίσαρας
753 3231 1074 3297 ἀναδείξας,
1127 3233 1218 3286 τὸν
1254 3234 1353 3304 μὲν
1378 3235 1539 3288 Τίτον
1568 3236 1789 3307 πολιορ-

202 3323 460 3394 κήσαντα
512 3323 867 3394 Ἱεροσόλυμα
888 3324 1150 3377 κατέλιπε
1174 3367 1193 3392 ,
1224 3328 1553 3397 Δομετιανὸν
1584 3328 1640 3381 δὲ
1686 3330 1791 3382 ἁπ-

200 3416 447 3470 έστειλεν
478 3420 559 3480 εἰς
605 3419 961 3488 ἐκστρατείαν
995 3420 1089 3471 ἐπὶ
1117 3422 1244 3483 τοὺς
1288 3420 1619 3492 βαρϐάρους.
1663 3425 1789 3493 Ἐγ-

199 3508 455 3577 γίζοντος
485 3509 542 3563 δὲ
571 3510 736 3564 αὐτοῦ
771 3512 873 3582 ἤδη
905 3514 970 3582 τῇ
1022 3510 1213 3585 Ῥώμῃ
1235 3553 1251 3576 ,
1285 3516 1312 3566 ό
1344 3516 1524 3567 ἐκεῖσε
1561 3519 1791 3585 στρατὸς

201 3604 350 3673 μετὰ
376 3605 475 3673 τῆς
523 3605 831 3675 συγκλήτου
859 3643 874 3667 ,
922 3605 1208 3668 ἀνελόντες
1236 3607 1330 3659 τὸν
1359 3607 1623 3677 ἆνταρτον
1642 3650 1658 3675 ,
1694 3612 1791 3663 σὺν

199 3693 415 3765 εὐωχίᾳ
445 3695 681 3768 μεγίστῃ
706 3698 799 3747 καὶ
827 3693 1042 3763 κρότοις
1069 3695 1411 3764 συνήντησαν
1442 3696 1613 3765 αὐτῷ.
1641 3695 1792 3750 Καθ-

196 3774 388 3838 εσοεις
437 3778 495 3829 δὲ
541 3778 634 3829 ἐπὶ
684 3776 778 3830 τοῦ
806 3776 1001 3848 θρόνου
1039 3776 1350 3846 κατέσφαξε
1379 3774 1611 3842 “πάντας
1662 3779 1792 3843 τοὺς

196 3868 472 3930 ἀτάκτους
498 3909 513 3934 ,
574 3869 672 3922 καὶ
716 3869 980 3939 ἐξαίφνης
1027 3869 1097 3922 τά
1140 3862 1443 3938 Ῥωμαίων⁸
1477 3868 1637 3934 αὖθις
1686 3872 1787 3926 ὲπ-

195 3958 538 4030 ανωρϐώθη,
578 3959 672 4013 τοῦ
721 3960 1055 4030 Δομετιανοῦ
1111 3961 1604 4032 ὲξολοθρεύσαντος
1658 3965 1787 4028 τοὺς

198 4052 673 4123 ἐπανισταμένους
699 4051 1036 4123 βαρϐάρους.

280 4237 762 4309 Πολιορκουμένης
797 4239 851 4291 δὲ
883 4239 981 4308 τῆς
1015 4238 1372 4308 Ἰερουσαλὴμ
1398 4240 1492 4291 ἐπὶ
1527 4239 1623 4310 ἐτη
1652 4240 1747 4295 δύο
1769 4282 1785 4308 ,

194 4324 405 4389 πάντες
443 4325 495 4377 oi.
547 4326 606 4377 ὲν
643 4326 781 4395 αὐτῇ
830 4326 974 4397 λιμῷ
1004 4327 1280 4398 ὲτάκησαν
1304 4368 1318 4391 ,
1375 4326 1445 4379 τὰ
1498 4328 1665 4383 τέκνα
1687 4332 1788 4384 αὐ-

194 4417 313 4470 τῶν
348 4416 613 4485 φαγόντες
643 4419 701 4470 ὲν
732 4420 796 4486 τῇ
831 4417 1140 4489 πολιορκία.
1202 4418 1540 4492 Παραλαϐὼν
1578 4421 1643 4476 δὲ
1691 4424 1789 4477 αὐ-

1906 1953 2057 2006 nrbis
2111 1956 2493 2025 munitionem,
2551 1959 2765 2019 eﬂicere
2809 1967 3005 2033 potuit.
3044 1967 3186 2035 Quin
3214 1972 3315 2039 ipsi
3344 1975 3492 2032 cives

1902 2045 2047 2099 ultro
2080 2048 2397 2114 eruptiones
2441 2050 2741 2118 facientes,
2788 2058 2986 2115 multos
3030 2059 3308 2121 Romanos
3341 2069 3490 2123 ceci-
3520 2074 3537 2087 '

1902 2133 2118 2186 derunt.
2158 2132 2520 2205 Vespasianus
2554 2141 2738 2213 itaque
2777 2144 3084 2204 Caesaream
3130 2152 3490 2226 descendens,

1900 2225 2186 2291 exercitui,
2216 2234 2273 2281 ut
2294 2242 2353 2283 se
2384 2230 2653 2298 reficeret,
2677 2239 2949 2303 permisit.

1972 2315 2158 2371 Romaa
2213 2317 2432 2376 interim
2499 2322 3013 2398 Nero.jugnlatur,
3087 2334 3488 2410 imperavitque

1899 2406 2070 2462 Galba
2098 2410 2313 2464 nienses
2328 2422 2561 2482 septem,
2588 2418 2681 2485 qui
2711 2431 2766 2474 et
2795 2422 2911 2491 ipse
2934 2438 3106 2480 cresus
3138 2437 3242 2482 est.
3276 2406 3490 2501 Regna-

1901 2498 1978 2551 vit
2017 2499 2216 2557 deinde
2243 2500 2387 2559 Otho
2436 2521 2653 2563 menses
2676 2517 2815 2576 tres,
2862 2522 2916 2568 et
2955 2526 3078 2584 post
3108 2517 3207 2573 bos
3240 2498 3490 2578 Vitellius

1901 2604 2114 2646 menses
2167 2594 2408 2650 totidem.
2453 2596 2635 2655 Rebus
2666 2601 2848 2673 itaque
2901 2607 2954 2661 in
3000 2623 3214 2668 summo
3243 2617 3488 2684 periculo

1900 2684 2330 2759 confusioneque
2388 2692 2628 2748 maxima
2696 2698 3014 2756 constitutis
3049 2742 3066 2768 ,
3129 2705 3486 2780 barbarisque

1902 2777 2248 2836 nonnullisin
2280 2783 2579 2839 Romanam
2599 2788 2864 2845 ditionem
2888 2794 3244 2865 irruentibus,
3281 2777 3482 2867 omnis.

1898 3063 2060 3105 sensu
2102 3067 2168 3108 ac
2207 3055 2487 3113 voluntate
2522 3063 2767 3118 omnium
2812 3067 3007 3124 ducum
3051 3070 3345 3134 Orientalis
3384 3081 3487 3133 mi-

1898 3141 2050 3199 litiae.
2098 3142 2326 3201 Romam
2361 3148 2527 3219 igitur
2555 3153 2657 3209 sub
2695 3155 2909 3213 initimn
2959 3161 3154 3219 hiemis
3194 3166 3484 3235 decedens,

1897 3234 2036 3290 ﬁlios
2053 3252 2182 3292 suos
2202 3238 2381 3293 Titum
2403 3251 2457 3296 et
2488 3244 2855 3303 Domitianum
2895 3251 3139 3311 Caesares
3177 3234 3486 3329 declarans,

1899 3328 2048 3382 illum
2075 3330 2125 3382 in
2151 3332 2432 3388 obsidione
2473 3335 2959 3410 llierosolymitana
3035 3349 3280 3420 reliquit,
3344 3328 3490 3412 hunc

1895 3418 1949 3471 in
1984 3430 2266 3474 externam
2308 3425 2556 3480 militiam
2605 3440 2793 3486 contra
2843 3434 3105 3494 barbaros
3132 3418 3301 3506 misit,
3333 3461 3489 3501 cum-

1893 3529 2000 3583 que
2030 3514 2141 3585 jam
2172 3516 2359 3581 Rom-)3
2394 3524 2809 3594 propinquaret,
2843 3544 3053 3600 omnes,
3085 3537 3187 3604 qni'
3214 3541 3344 3595 tunc
3381 3542 3489 3600 illic

1895 3607 2144 3669 aderant,
2181 3608 2380 3663 milites
2426 3613 2642 3667 sublato
2672 3618 2889 3686 remulo,
2938 3621 3212 3694 simulque
3239 3638 3486 3694 senatus.

1894 3710 2017 3749 eum
2068 3697 2237 3752 multo
2261 3701 2545 3770 applansu,
2588 3720 2889 3780 magnaque
2937 3712 3127 3771 laetitia
3158 3720 3488 3789 excipientes

1894 3786 2232 3843 deduxerunt
2254 3808 2271 3854 ;
2291 3793 2386 3860 qui
2409 3793 2569 3849 simul
2586 3811 2649 3853 ac
2678 3797 2954 3870 fasdgium
2979 3805 3192 3877 imperii
3219 3786 3487 3869 conscen-

1894 3877 2099 3944 disset,
2157 3882 2410 3952 protinus
2477 3900 2671 3946 omnes
2729 3908 2913 3950 rerum
2989 3900 3483 3967 perturbandarum

1893 3980 2146 4028 auctores
2181 3973 2412 4047 iugulari
2471 3983 2752 4053 praecepit,
2797 3998 2962 4057 atque
2991 3990 3064 4046 ita
3100 4005 3300 4064 praeter
3330 4012 3482 4067 spem

1894 4078 1981 4119 res
2018 4063 2264 4122 Romana
2312 4079 2399 4125 est
2430 4073 2631 4129 mirum
2675 4077 2726 4131 in
2777 4082 2994 4137 modum
3041 4063 3314 4158 reparata,
3356 4091 3482 4147 bar-

1891 4156 2096 4214 barisa
2131 4157 2443 4220 Domitiano
2487 4167 2861 4227 internecione
2910 4156 3123 4231 deletis.

1960 4250 2096 4308 Cum
2151 4264 2331 4310 autem
2370 4257 2606 4314 bieunali
2657 4262 2939 4320 obsidione
2978 4266 3479 4343 Hierosolymorum

1891 4345 2025 4401 urbs
2057 4359 2421 4417 premeretur,
2460 4369 2526 4409 eo
2580 4359 2925 4415 necessitatis
2965 4375 3176 4432 omnes,
3210 4367 3303 4436 qui
3337 4370 3389 4423 in
3414 4387 3478 4427 ea

1891 4447 2068 4506 erant,
2098 4442 2305 4500 redacti
2335 4453 2484 4511 sunt,
2518 4457 2577 4502 ut
2605 4447 2749 4505 fame
2780 4455 3142 4523 tabescentes,
3170 4476 3297 4515 suos
3329 4464 3477 4532 ipso-

191 4508 299 4578 τὴν
323 4508 351 4559 ό
376 4508 597 4578 Καῖσαρ
617 4547 633 4571 ,
667 4508 987 4577 κατακόψας
1011 4509 1103 4562 τὸν
1134 4508 1263 4563 λαὸν
1286 4511 1376 4563 τὸν
1400 4512 1457 4563 ἐν
1487 4513 1625 4585 αὐτῇ
1643 4556 1656 4578 ,
1692 4516 1787 4570 καὶ

2470 4508 2480 4511 _
3170 4508 3296 4515 ---η
3329 4508 3445 4532 ..τη

1900 4546 2011 4584 rum
2072 4532 2276 4589 liberos
2328 4549 2554 4607 propter
2617 4540 2921 4599 obsidionis
2980 4550 3261 4615 angustias
3315 4554 3480 4610 edere

195 4597 503 4662 σκυλεύσας
550 4599 732 4651 πᾶσαν
788 4600 927 4669 μετὰ
959 4598 1054 4652 τοῦ
1100 4600 1232 4654 λαοῦ
1261 4601 1403 4673 (44)
1455 4606 1592 4676 πυρὶ
1640 4624 1783 4678 παρα

188 4688 387 4744 έδωκε.
421 4690 556 4742 Τότε
588 4690 883 4760 ἐπληρώθη
916 4693 944 4743 ό
978 4690 1136 4758 λόγος
1167 4691 1263 4745 τοῦ
1298 4694 1541 4764 Κυρίου,
1593 4698 1656 4763 ὁ,
1697 4701 1782 4753 Οὐ

186 4781 281 4852 μὴ
304 4781 669 4850 ἀφεθήσεται
706 4784 876 4848 λίθος
911 4783 1011 4836 ἐπὶ
1031 4785 1208 4837 λίθον
1238 4784 1309 4838 ἐν
1331 4785 1508 4855 αὐτῇ.
1542 4789 1681 4854 Τοὺς
1723 4791 1782 4845 δὲ

191 4870 586 4940 αναιρεθέντας
602 4872 964 4942 διαγράφουσί
985 4890 1132 4936 τινες
1149 4876 1226 4937 είς
1248 4877 1568 4945 τριακοσίας
1583 4882 1781 4950 μυριά-

183 4964 312 5025 δας.
337 4964 491 5016 mm
524 4963 580 5016 δὲ
610 4963 709 5033 τὴν
736 4964 943 5018 ἅλωσιν
976 4966 1077 5033 τῆς
1095 4965 1317 5029 ’πόλεως
1346 4967 1509 5022 πάλιν
1539 4970 1775 5025 επανελο

184 5056 382 5120 θὸντες
412 5059 462 5111 οἱ
498 5061 677 5114 πιστοῖ¹
702 5062 782 5123 εἰς
807 5061 906 5131 τὴν
934 5061 1098 5129 ἁγίαν
1139 5061 1277 5115 Σιὼν
1299 5104 1313 5128 ,
1386 5065 1784 5136 προεϐάλλοντο

186 5145 451 5218 δεύτερον
480 5149 782 5202 ἐπίσκοπον
821 5150 1212 5222 Ἱεσορολύμων
1247 5153 1496 5223 Σιμεῶνα
1521 5197 1534 5219 ,
1563 5157 1656 5211 τὸν
1683 5161 1779 5214 τοῦ

186 5240 416 5292 Κλεόπα
441 5239 536 5292 τοῦ
571 5242 629 5294 ὲν
656 5241 1010 5310 Εὑαγγελίοις
1037 5243 1422 5315 ὲμφερομένου
1447 5288 1462 5311 ,
1500 5249 1779 5322 αὐτόπτην

184 5332 291 5387 καὶ
317 5334 592 5404 ἀκροατὴν
620 5375 634 5397 ,
672 5335 768 5389 καὶ
794 5337 1014 5406 ἀνεψιὸν
1060 5338 1376 5410 ὑπάρχοντα
1405 5342 1498 5396 τοῦ
1545 5344 1776 5417 Κυρίου.

183 5425 445 5491 Κλεόπας
476 5428 532 5481 δὲ
568 5428 797 5500 ἀδελφὸς
832 5426 903 5502 ἦν
939 5428 1031 5483 τοῦ
1068 5430 1214 5485 κατὰ
1245 5433 1406 5505 χάριν
1438 5439 1645 5508 πατρὸς
1679 5439 1775 5494 τοῦ

261 5544 309 5575 ’⁸
337 5543 530 5598 Matth.
589 5559 736 5609 xxiv,
769 5542 827 5598 2.

1887 4636 2232 4694 cogerentur.
2252 4625 2425 4696 Capta
2468 4644 2600 4685 vero
2634 4634 2785 4696 urbe,
2823 4638 3130 4709 papuloque
3162 4645 3307 4698 omni
3330 4644 3474 4710 fuso,

1885 4712 2070 4769 Caesar
2100 4716 2242 4772 illam
2273 4734 2338 4775 ac
2367 4721 2514 4776 cives
2545 4724 2816 4792 pra‘datus
2839 4727 2958 4797 igne
2991 4735 3293 4791 succendit.
3324 4734 3479 4796 Tunc

1886 4812 2034 4865 exitu
2074 4812 2463 4880 comprobatus
2509 4825 2593 4870 est
2632 4815 2841 4873 Domini
2878 4836 3060 4878 sermo
3093 4842 3108 4879 :
3152 4823 3277 4882 Non
3310 4830 3477 4885 relin-

1885 4913 2074 4968 quetur
2093 4902 2232 4971 lapis
2256 4920 2414 4973 super
2434 4903 2670 4972 lapidem
2698 4911 2751 4963 in
2775 4925 2836 4965 ea
2861 4911 2927 4965 ⁸⁸,
2952 4912 3090 4968 Sunt
3115 4919 3204 4984 qui
3232 4921 3474 4989 tradunt,

1889 4992 2196 5047 occisorum
2244 5009 2528 5049 numerum
2562 4997 2778 5067 trigesis
2818 5011 3034 5058 centum
3076 5003 3247 5063 fuisse
3281 5010 3471 5068 millia.

1888 5080 2019 5136 Post
2082 5083 2421 5141 devastatam
2475 5094 2656 5141 autem
2704 5090 2894 5145 urbem
2955 5095 3244 5153 redeuntes
3281 5116 3475 5158 omnes

1889 5173 2076 5229 fideles
2135 5175 2189 5228 in
2254 5172 2385 5231 Sion
2416 5217 2432 5242 ,
2484 5191 2740 5236 crearunt
2802 5188 3097 5242 secundmn
3162 5192 3475 5265 episcopum

1889 5262 2198 5320 Simeonem
2230 5266 2396 5322 lilium
2430 5268 2699 5341 Cleophte,
2727 5274 2880 5344 cujus
2914 5278 2966 5330 in
2995 5276 3292 5352 Evangelia
3323 5262 3477 5340 men-

1889 5357 1963 5409 tio
2013 5356 2127 5424 fit;
2169 5358 2261 5428 qui
2299 5360 2587 5416 Dominum
2639 5363 2814 5433 ipsum
2880 5366 3114 5439 viderat,
3165 5375 3471 5442 audiverat,

1884 5446 2113 5518 ejusque
2165 5452 2524 5509 consobrinus
2568 5450 2768 5510 fuerat.
2811 5456 3080 5528 Cleophas
3118 5479 3248 5520 vero
3300 5465 3473 5526 frater

1694 5626 1921 5686 NOTAE.

268 5711 377 5783 (Β)
403 5708 535 5760 Cod.
568 5709 706 5783 Bav.
742 5707 1143 5783 ἐπικειμένων-
1159 5709 1256 5778 τῆς
1297 5709 1595 5783 Ῥωμκνὶᾳ.
1648 5716 1779 5772 Sch.

178 5767 287 5850 τῆς
335 5779 696 5851 Ῥωμανίαςβ
735 5767 951 5847 scripsi;
985 5782 1053 5848 τῇ
1091 5767 1560 5851 Ῥωμ-ανὶᾳδδηηί
1597 5767 1780 5842 ειη-ιζ)ὶῆ

186 5866 241 5908 τι
296 5867 416 5925 qua:
448 5850 799 5913 antecedunt,
839 5860 893 5902 et
921 5865 1041 5916 qua:
1084 5850 1383 5917 sequuntur
1420 5867 1669 5923 excerpta
1714 5874 1782 5912 ex

474 5940 749 6003 PATROL.
783 5944 902 6005 Gn.
939 5946 1277 6008 LXXXVII.

1887 5725 2121 5782 Polluce.

1961 5797 2073 5868 (id)
2104 5800 2239 5852 (10d.
2280 5802 2408 5855 Sch.
2439 5804 2579 5873 μετὰ
2607 5803 2699 5857 τοῦ
2736 5808 2885 5874 ναοῦ,
2917 5826 3032 5863 tum
3072 5816 3293 5882 ιρηψιο.

3040 5972 3153 6032 127
