3946 6318
468 332 614 400 4043

1692 336 1990 397 ALEXAN
2001 336 2135 396 DRI
2151 375 2158 380 -
2175 335 2520 399 MONACHI

3628 328 3767 397 ωιι

473 450 577 505 l'nit
617 450 786 519 patris
809 447 1109 503 secundum
1146 445 1381 517 gratiam
1412 445 1626 503 Domini
1658 448 1851 502 nostri.
1890 447 2059 503 Colli—

2192 449 2393 519 ἱυρίου.
2429 449 2766 518 Συνὰγονται
2801 448 2857 501 δὲ
2892 444 3314 518 τεσσαράκοντα
3368 448 3472 517 ἔτη
3523 448 3636 500 ἀπὺ
3671 448 3761 502 τοῦ

473 552 672 611 guntur
696 555 823 595 vero
854 538 981 593 anni
1017 538 1375 608 quadraginta
1414 553 1442 592 a
1481 537 1784 594 Salvatoris
1815 538 2067 609 passione

475 649 644 699 usque
672 632 737 684 ad
790 629 1220 685 devastationem
1260 626 1781 699 Hierosolymorum.

551 721 921 789 Vespasianus
975 728 1155 773 autem
1199 733 1376 772 rerum
1405 720 1614 789 potitus
1652 718 1938 786 imperavit
1972 734 2069 772 an-

473 826 577 867 nos
616 812 828 877 decem,
882 807 1122 878 fatisqne
1171 809 1466 873 concessit,
1516 808 1910 877 itnperavitque
1944 817 2070 878 post

476 920 597 956 eum
645 901 804 958 Titus
846 903 990 956 {ilius
1031 916 1205 956 annos
1243 913 1373 967 tres,
1414 916 1586 970 eoque
1636 910 1853 958 mortuo
1889 899 2071 956 Domi-

478 997 685 1063 tianus,
727 996 872 1050 illius
919 995 1108 1059 frater,
1144 993 1357 1061 imperii
1399 994 1765 1063 gubernacula
1798 1001 1883 1049 est
1918 1010 2072 1049 asse-

478 1100 658 1144 cutus.
690 1088 791 1156 Qui
814 1103 1004 1142 rursus
1030 1088 1084 1142 in
1108 1085 1325 1142 Juda-os
1362 1102 1613 1156 magnam
1640 1086 2069 1156 persecutionem

477 1181 762 1244 excitavit,
808 1195 999 1236 omnes
1046 1183 1139 1248 qui
1169 1195 1234 1235 ex
1279 1179 1426 1248 regia
1484 1179 1655 1248 stirpe
1692 1190 1851 1234 erant
1890 1178 2070 1247 inqui-

479 1289 605 1329 rens
649 1291 661 1326 :
694 1275 758 1328 de
796 1271 1019 1328 Christo
1048 1263 1192 1326 enim
1226 1270 1517 1334 didicerat,
1563 1269 1707 1339 quod
1753 1285 1818 1323 ex
1852 1267 2072 1325 Davidis

481 1366 731 1437 prosapia
768 1365 1147 1430 descenderet,
1178 1378 1549 1433 magnumque
1583 1378 1647 1417 ac
1694 1362 1875 1417 nobile
1903 1378 2073 1433 genus

481 1460 748 1525 haberet,
813 1459 1067 1528 quodque
1123 1456 1340 1525 quidam
1409 1465 1593 1510 essent
1645 1454 1805 1525 hujus
1867 1464 2071 1510 sectam

482 1553 824 1619 proﬁtentes,
864 1551 953 1620 qui
986 1549 1346 1619 pratdicarent
1379 1547 1658 1602 Christum
1713 1562 1892 1617 regem
1927 1561 2073 1600 sem-

484 1645 778 1712 piternum,
812 1654 1002 1695 omnes
1033 1638 1134 1693 sub
1167 1638 1306 1693 cmlo
1329 1644 1624 1707 potestates
1656 1635 2069 1699 dissoluturum,

483 1736 765 1804 solumque
791 1742 1164 1802 regnaturum.
1194 1730 1561 1796 Quamobrem
1597 1730 1674 1781 ira
1706 1725 2074 1781 inﬂammatus

2170 543 2445 614 σωτηρίου
2477 542 2684 606 πάθους
2713 542 2814 607 ἕως
2842 544 2940 612 τῇς
2976 541 3235 606 ἁλώσεως
3271 541 3696 613 Ἰεροσολύμων.

2252 715 2603 768 Ἐϐασίλευσε
2632 715 2689 769 δὲ
2716 715 2744 766 6
2775 714 3193 780 Οὐεσπασιανὸς
3215 716 3490 788 κραταιὸς
3514 717 3617 789 ἐτη
3642 717 3766 773 δέκα

2170 809 2265 862 καὶ
2291 809 2529 862 ἁπὲἳανε
2553 849 2565 871 ,
2593 810 2687 862 καὶ
2711 808 3032 863 ἐϐασίλευσε
3060 807 3221 873 Τίτος
3248 810 3277 861 ὁ
3303 810 3419 875 υίὸς
3449 811 3628 864 αὐτοῦ
3656 812 3764 864 ἀντ*

2168 902 2333 957 αὑτοῦ
2366 902 2458 972 ἐτη
2501 903 2630 971 τρία
2661 903 2754 957 καὶ
2784 902 3027 957 ἀπέθανε
3053 925 3067 939 ο
3102 904 3199 956 καὶ
3221 903 3587 956 ἐϐασίλευσεν
3619 906 3649 957 6
3675 906 3768 958 Δοο

2173 994 2424 1063 pett-1V6;
2474 997 2502 1048 6
2551 994 2780 1065 ἁδελφὸς
2833 994 3000 1050 αὐτοῦ
3052 995 3166 1049 ἀντ’
3219 996 3421 1059 αὑτοῦ,
3450 998 3553 1051 καὶ
3610 997 3770 1051 πάλιν

2169 1087 2412 1156 διωγμὸν
2456 1089 2630 1156 μέγαν
2661 1090 2773 1152 τοῖς
2808 1088 3086 1152 Ἰουδαίοις
3114 1089 3414 1161 ἐπήγειρεν
3435 1130 3452 1155 ,
3484 1088 3771 1160 ἐπιζητῶν

2168 1182 2296 1243 τοὺς
2332 1181 2396 1232 ἐκ
2421 1178 2711 1251 βασιλικῆς
2732 1181 3081 1249 συγγενείας
3111 1181 3360 1253 ἐμηνύθη
3375 1180 3536 1251 αὑτῷ
3551 1183 3625 1236 τὰ
3646 1182 3775 1253 περὶ

2170 1260 2408 1343 Χριστοῦ
2435 1310 2451 1334 ,
2481 1272 2565 1325 ὅτι
2596 1273 2661 1325 ἐκ
2694 1272 2787 1326 τοῦ
2813 1272 2978 1327 Δαυτδ
3012 1274 3289 1344 ὑπάρχει,
3324 1276 3421 1328 καὶ
3455 1275 3613 1345 μέγα
3656 1275 3773 1344 ἔχει

2169 1368 2361 1433 γένος,
2403 1365 2598 1427 οἵτινές
2651 1366 2757 1417 είσι
2791 1365 3289 1435 χριστιανίζοντες,
3334 1367 3432 1419 καὶ
3456 1367 3777 1435 καταγγέὶο

2171 1456 2356 1519 λοντες
2404 1454 2611 1527 Ἰησοῦν
2661 1456 2898 1528 Χριστὸν
2933 1457 3161 1527 βασιλέα
3190 1456 3441 1520 αἰώνιον,
3499 1458 3776 1528 μέλλοντα

2173 1547 2467 1601 καταλύειν
2493 1548 2677 1613 πάσας
2704 1550 2806 1612 τὰς
2836 1550 2941 1603 ὑπὸ
2964 1552 3058 1603 τὸν
3085 1551 3313 1622 οὐρανὸν
3336 1552 3606 1621 δυνάμεις
3627 1591 3644 1615 ,
3678 1555 3776 1606 καὶ

2177 1639 2338 1710 μόνος
2379 1639 2563 1710 μέλλει
2615 1640 2943 1710 βασιλεύειν.
2996 1642 3283 1713 Θυμωθεὶς
3323 1643 3381 1696 δὲ
3427 1645 3459 1697 ὀ
3510 1644 3776 1715 βασιλεὺς

2177 1732 2272 1785 ἐπὶ
2300 1731 2476 1803 τούτῳ
2496 1774 2511 1794 ,
2538 1733 2789 1787 ἐκέλευσε
2822 1735 2897 1806 μὴ
2924 1734 3025 1806 ζῇν
3056 1734 3422 1805 Χριστιανούς
3447 1750 3462 1764 ⁶
3492 1736 3766 1789 ἀποστεί-

487 1829 784 1897 imperator
864 1824 1034 1879 edixit
1103 1838 1169 1877 ne
1243 1822 1364 1889 quis
1413 1821 1849 1875 Christianorum
1918 1820 2072 1872 vivus

2192 1841 2271 1887 ιας
2301 1824 2359 1877 δὲ
2404 1825 2485 1888 είς
2525 1826 2897 1898 Ἰεροσόλυμα,
2920 1829 3045 1891 τοὺς
3097 1829 3356 1897 ἐγγόνους
3396 1827 3621 1897 Ἰούδας,
3674 1830 3771 1883 τοῦ

488 1921 924 1990 relinqueretur,
960 1917 1288 1981 mittensque
1343 1913 1811 1984 Hierosolymam,
1847 1920 2074 1978 nepotes

485 2013 635 2067 Judaa
701 2010 884 2064 fratris
919 2010 1127 2062 Domini
1169 2007 1384 2060 vinrtos
1415 2004 1639 2057 Romam
1678 2001 2074 2069 adducijussit,

486 2120 625 2175 quos
668 2104 733 2157 de
796 2100 1017 2157 Christo
1053 2113 1326 2168 regnoque
1366 2097 1535 2164 ipsius
1569 2094 1945 2165 interrogavit.
1991 2092 2072 2146 llli

486 2206 667 2253 autem
713 2196 1111 2263 responderunt
1182 2206 1288 2245 non
1317 2204 1439 2244 esse
1484 2197 1763 2242 terrenum
1801 2186 1943 2240 illius
1988 2199 2078 2238 re-

488 2303 650 2355 gnum
699 2285 793 2341 sed
844 2284 1090 2345 cmleste,
1125 2280 1474 2349 futurumque
1514 2287 1573 2330 ut
1615 2277 1667 2330 in
1729 2290 2076 2330 consumma-

490 2382 636 2435 tione
675 2376 1000 2433 saeculorum
1036 2372 1247 2428 veniret
1282 2387 1407 2426 cum
1443 2370 1612 2442 gloria
1640 2369 1887 2437 judicare
1931 2369 2080 2422 vivos

490 2484 545 2529 et
593 2480 871 2535 mortuos,
937 2477 993 2522 et
1054 2466 1356 2520 retribuere
1419 2462 1718 2531 unicuique
1779 2461 2076 2516 secundum

490 2579 656 2637 opera
691 2579 810 2619 sua.
837 2562 955 2629 Quo
998 2560 1207 2622 audito,
1244 2557 1425 2611 Caesar
1455 2556 1650 2609 timore
1683 2554 1964 2623 perculsus
1987 2567 2081 2607 eos

492 2676 520 2714 a
547 2657 782 2714 vinculis
800 2651 1069 2716 dissolvit,
1095 2658 1151 2706 et
1184 2648 1623 2719 persecutionem
1652 2645 1708 2700 in
1738 2645 2080 2702 Christianos

494 2748 780 2820 repressit.

562 2840 666 2896 Hic
698 2846 1050 2907 posteaquam
1084 2831 1372 2901 imperium
1401 2844 1575 2887 annos
1599 2830 1909 2900 quindecim
1939 2829 2082 2883 obti-

494 2932 725 2996 nuisset,
770 2929 1013 2984 moriens
1060 2925 1349 2982 discessit.
1387 2923 1494 2979 Pro
1527 2939 1635 2994 quo
1687 2922 1860 2978 Nerva
1914 2938 2081 2977 unum

494 3025 757 3081 duntaxat
806 3032 1041 3089 regnans
1086 3031 1286 3071 annum
1350 3015 1513 3069 etiam
1572 3015 1822 3080 moritur,
1869 3022 1924 3069 et
1963 3011 2093 3083 post

496 3135 618 3173 eum
653 3114 925 3184 Traianus
969 3126 1141 3167 annos
1176 3111 1365 3181 viginti
1403 3110 1715 3180 imperavit.
1759 3106 1859 3163 Hic
1893 3116 2081 3162 contra

496 3209 840 3268 Christianos
874 3204 1312 3276 persecutionem
1347 3203 1640 3257 maximam
1675 3216 1898 3257 movens
1948 3198 2087 3254 mul-
2110 3172 2156 3233 (ἶ

500 3318 584 3359 tos
634 3302 895 3372 martyrio
929 3299 1132 3365 all‘ecit,
1183 3311 1353 3366 usque
1388 3299 1546 3362 adeo,
1594 3304 1654 3350 ut
1686 3294 1790 3364 ipsi
1843 3292 2085 3377 gentium

500 3396 770 3467 principes
810 3392 1021 3463 fatigati
1070 3406 1289 3455 eorum,
1324 3388 1416 3459 qui
1458 3388 1776 3460 martyrium
1807 3386 2085 3452 subibant,

502 3486 870 3546 multitudine,
912 3484 977 3538 ad
1015 3483 1289 3538 Cmsarem
1330 3482 1383 3535 id
1437 3479 1704 3535 referrent
1748 3477 2088 3533 Christiano-

503 3597 730 3653 rumque
780 3578 1016 3634 libertati
1072 3576 1179 3631 hoc
1221 3574 1596 3630 testimonium
1640 3573 1852 3635 darent,
1905 3569 2086 3624 omnia

500 3690 597 3730 eos
633 3689 701 3728 ex
756 3671 940 3726 debito
995 3668 1175 3739 legunt
1204 3667 1522 3736 praescripto
1551 3661 1754 3728 facere,
1786 3660 1906 3717 nisi
1944 3658 2088 3729 quod

500 3766 780 3823 Christum
805 3764 1074 3817 duntaxat
1102 3760 1280 3815 solum
1325 3758 1493 3812 Deum
1527 3755 1937 3812 conﬁterentur.
1961 3750 2091 3808 Hae

503 3837 728 3915 audiens
763 3857 1059 3925 imperator
1086 3850 1455 3920 persecutioni
1486 3849 1645 3903 linem
1675 3847 1952 3917 imposuit.
1977 3844 2091 3901 Sub

502 3969 567 4008 eo
600 3960 781 4006 autem
820 3947 1007 4001 Itonia:
1066 3943 1335 4015 lgnatlus,
1380 3940 1753 3995 Antiochenus
1777 3938 2088 4006 episcopus,

506 4043 829 4113 martyrium
881 4052 1074 4109 passus
1111 4046 1218 4102 est,
1266 4045 1322 4090 et.
1372 4032 1599 4090 Simeon
1634 4031 1887 4101 Cleophte
1926 4029 2090 4094 ﬁlius,

504 4133 681 4190 aetatis
712 4130 1032 4185 vicesimum
1080 4142 1244 4198 supra
1270 4126 1626 4182 centesimum
1671 4137 1873 4177 annum
1902 4135 2089 4192 agens,

507 4226 575 4280 ab
603 4224 784 4280 Attico
820 4221 1080 4291 quodam,
1126 4219 1243 4274 viro
1278 4218 1577 4280 consulari,
1610 4217 1664 4271 in
1692 4229 1907 4270 crucem
1940 4224 2092 4269 actus

504 4328 611 4375 est.
669 4315 874 4371 Eodem
924 4324 1171 4380 tempore
1217 4309 1421 4375 Judaei,
1499 4309 1567 4363 ad
1620 4317 1935 4362 consuetam
1988 4306 2090 4361 sibi

512 4408 786 4466 vesaniam
846 4407 1157 4470 redeuntes,
1197 4417 1379 4473 regem
1406 4400 1504 4455 sibi
1539 4414 1729 4455 creare
1770 4400 1888 4454 ausi
1941 4409 2088 4454 sunt.

509 4503 625 4569 Qua
696 4514 754 4555 re
806 4506 1114 4555 commotus
1190 4497 1487 4566 imperator
1547 4497 1617 4550 ad
1663 4509 1757 4549 eos
1811 4493 2092 4565 praefectos

512 4576 803 4655 violentos,
836 4590 1003 4655 misit,
1058 4591 1170 4659 qui,
1212 4598 1370 4658 capto
1415 4572 1670 4658 tyranno,
1728 4601 1825 4657 per
1874 4600 2090 4640 omnem

511 4682 769 4738 mundum
806 4680 1023 4736 Judaeos
1060 4682 1315 4750 tleitmeps
1339 4692 1749 4749 persequentes,
1779 4678 2091 4733 innumera-

510 4776 672 4832 bilem
711 4789 903 4829 corutn
956 4773 1354 4827 multitudinem
1389 4770 1731 4826 occiderunt.

590 4867 861 4923 Defuncto
884 4875 1062 4920 autem
1088 4864 1353 4933 ‘Trajano,
1387 4878 1487 4933 pro
1515 4878 1582 4918 eo
1610 4861 1790 4916 Elius
1810 4861 2090 4917 Adrianus

510 4959 701 5030 viginti
747 4970 800 5010 ct
854 4972 1022 5012 unum
1069 4970 1243 5010 annos
1298 4955 1604 5025 imperavit.
1667 4952 1770 5008 Hic
1821 4969 1945 5007 cum
2003 4955 2098 5006 ad-

512 5067 670 5106 versa
716 5049 962 5120 corporis
1020 5048 1330 5103 valetudine
1383 5056 1655 5115 uteretur,
1711 5056 1881 5127 totum
1938 5062 2099 5100 mun-

513 5144 639 5197 dum
713 5141 1027 5212 peragravit
1091 5140 1234 5195 malo
1310 5155 1410 5195 suo
1476 5140 1775 5195 remedium
1824 5153 2095 5210 quaerens.

515 5235 805 5305 Postquam
848 5249 979 5288 vero
1011 5235 1077 5287 ad
1129 5245 1376 5290 sanctam
1419 5232 1696 5288 civitatem
1741 5231 2098 5303 pervenisset,

516 5330 850 5399 vidissetque
880 5346 999 5382 eam
1028 5329 1248 5397 penitus
1279 5326 2099 5393 devastatam,Christianorum

513 5414 777 5476 duntaxat
808 5436 911 5475 una
945 5421 1179 5491 quadam
1215 5422 1285 5477 ibi
1333 5420 1562 5475 ecclesia
1617 5419 1931 5484 constituta,
1968 5418 2107 5472 inte-

513 5529 663 5579 gram
700 5515 766 5568 de
797 5528 936 5567 novo
968 5513 1175 5568 exstrui
1215 5512 1527 5573 mandavit,
1578 5522 1806 5581 excepto
1859 5513 2096 5579 tempto;

512 5604 916 5672 quointellecto
953 5602 1125 5658 Judtei
1177 5605 1415 5674 undique
1441 5603 1705 5673 gentium,
1753 5602 1902 5655 brevi
1960 5613 2097 5655 tem-

2174 1916 2408 1987 ἀδελφοῦ
2461 1916 2557 1971 τοῦ
2609 1916 2851 1989 Κυρίου,
2888 1919 2982 1971 ἐπὶ
3027 1919 3127 1989 τὴν
3171 1918 3391 1989 Ῥώμην
3428 1919 3770 1988 ἀπήγαγεν,

2174 2010 2270 2063 καὶ
2321 2009 2683 2081 ἐπηρώτησεν
2733 2010 2932 2073 αὐτοὺς
2962 2010 3213 2082 περὶτοῦ
3252 2011 3493 2082 Χριστοῦ
3522 2013 3627 2065 καὶ
3670 2012 3771 2080 τῆς

2175 2100 2342 2154 αὐτοῦ
2371 2100 2671 2171 βασιλείας.
2697 2102 2761 2153 Ol
2787 2100 2843 2153 δὲ
2872 2100 3245 2171 ἀπεκρίναντο
3277 2102 3351 2172 μὴ
3380 2097 3522 2156 εἶναι
3549 2103 3653 2170 τὴν
3676 2100 3772 2171 βα-

2177 2193 2385 2245 σιλείαν
2436 2192 2601 2245 αὑτοῦ
2654 2193 2933 2261 ἐπίγειον,
2981 2192 3097 2246 ἀλλ’
3139 2194 3505 2264 ἐπουράνιον,
3553 2194 3772 2263 μέλλειν

2177 2286 2233 2339 δὲ
2273 2286 2330 2336 ἐν
2353 2287 2417 2355 τῇ
2456 2284 2740 2356 συντελείᾳ
2773 2284 2881 2337 τῶν
2913 2283 3126 2338 αἰώνων
3157 2284 3413 2356 ἔρχεσθαι
3445 2285 3589 2354 μετὰ
3611 2285 3772 2356 δόξης

2178 2381 2364 2450 κρῖναι
2414 2376 2625 2441 ζῶντας
2652 2379 2747 2431 καὶ
2780 2378 3040 2448 νεκροὺς,
3081 2377 3176 2430 καὶ
3222 2377 3520 2431 ἀποδοῦναι
3548 2381 3774 2447 ἑκάστῳ

2179 2469 2322 2523 κατὰ
2349 2469 2419 2522 τὰ
2448 2468 2588 2540 ἔργα
2620 2468 2809 2523 αὐτοῦ.
2839 2468 3027 2522 Ταῦτα
3049 2470 3288 2534 ἀκούσας
3314 2472 3344 2523 6
3381 2473 3610 2542 Καῖσαρ
3636 2511 3653 2533 ,
3683 2474 3773 2526 καὶ

2179 2562 2419 2633 ἔμφοϐος
2456 2563 2783 2634 γενόμενος,
2814 2562 3089 2617 ἀπέλυσεν
3112 2565 3311 2628 αὐτοὺς
3330 2604 3346 2631 ,
3374 2566 3476 2619 καὶ
3506 2564 3607 2619 τὴν
3634 2566 3774 2621 κατὰ

2181 2654 2290 2710 τῶν
2323 2654 2667 2727 Χριστιανῶν
2693 2654 2935 2726 διωγμὸν
2966 2655 3266 2711 ἐκώλυσεν.

2265 2854 2533 2909 Ἀπέθανε
2556 2855 2613 2909 δὲ
2633 2855 2960 2926 Δομετιανὸς
2979 2856 3306 2927 βασιλεύσας
3328 2855 3425 2927 ἐτη
3448 2834 3773 2923 δεκαπέπεξ

2185 2946 2281 2997 καὶ
2322 2943 2569 3016 Νερουᾶς
2616 2946 2968 3000 ἐϐασίλευσεν
3001 2947 3117 3000 ἀντ’
3149 2946 3317 3002 αὑτοῦ
3363 2948 3487 3012 ἔτος
3513 2948 3598 3002 εν.
3646 2951 3773 3004 ’Δπ-

2186 3036 2346 3091 ἑθανε
2375 3038 2431 3091 δὲ
2458 3037 2705 3109 Νερουᾶς
2724 3082 2739 3107 ,
2773 3040 2873 3093 καὶ
2900 3038 3252 3093 ἐϐασίλευσεν
3280 3040 3400 3094 ἀντ’
3434 3039 3612 3094 αὐτοῦ
3638 3042 3778 3111 Τραο

2188 3128 2339 3191 ῖανδς
2395 3128 2489 3200 ἔτη
2516 3131 2740 3184 εἴκοσιν.
2797 3125 2969 3194 Οὗτος
3014 3130 3255 3202 διωγμὸν
3290 3131 3387 3186 ἐπὶ
3439 3134 3580 3187 πολὺ
3641 3135 3779 3188 κατὰ

2191 3216 2819 3299 Χριστιανῶνικινήσας,
2857 3219 3142 3290 μάρτυρας
3171 3220 3534 3289 παμπόλλους
3559 3220 3782 3288 ἐφόνευι

2194 3327 2289 3365 σεν
2312 3350 2328 3375 ,
2366 3309 2510 3363 ὥστε
2537 3312 2665 3375 τοὺς
2694 3311 2963 3384 ἄρχοντας
2990 3312 3100 3367 τῶν
3129 3311 3302 3367 ἐθνῶν
3330 3316 3783 3379 ἁποκακίσαντας

2190 3402 2268 3474 τῷ
2325 3403 2519 3475 πλήθει
2569 3403 2679 3457 τῶν
2715 3404 3140 3477 μαρτυρούντων
3178 3406 3482 3475 ἀναγαγεῖν
3517 3408 3599 3479 τῷ
3620 3409 3783 3461 αὐτο-

2191 3496 2421 3568 κράτορι
2441 3537 2455 3560 ,
2482 3497 2899 3570 μαρτυροῦντας
2933 3501 2999 3571 τῇ
3027 3499 3138 3571 τῶν
3167 3501 3518 3570 Χριστιανῶν
3561 3502 3783 3556 ἐλευθε-

2193 3589 2322 3661 ρίᾳ,
2359 3591 2441 3642 ὅτι
2492 3592 2668 3644 πάντα
2701 3589 2844 3644 κατὰ
2883 3591 3085 3661 νόμους
3114 3592 3245 3655 τοὺς
3293 3593 3617 3663 πρέποντας
3667 3594 3783 3648 δια-

2193 3680 2534 3751 πράττουσι,
2601 3681 2837 3752 Χριστὸν
2896 3681 2954 3735 δὲ
3016 3683 3176 3753 μόνον
3239 3682 3374 3737 Θεὸν
3424 3685 3782 3755 ὁμολογοῦσι.

2193 3771 2381 3826 Ταῦτα
2415 3771 2655 3834 ἀκούσας
2685 3774 2713 3826 6
2742 3771 3099 3845 αὐτοκράτωρ
3145 3774 3352 3827 ἔπαυσε
3383 3776 3479 3829 τὸν
3517 3776 3785 3846 διωγμόν.

2206 3862 2592 3935 Ἐμαρτύρησε
2622 3864 2679 3918 δὲ
2709 3863 2796 3917 ἐπ’
2814 3865 2980 3929 αὑτοῦ
3005 3867 3063 3919 ὲν
3096 3864 3285 3938 Ῥώμῃ
3320 3867 3590 3934 Ἰγνάτιος
3616 3872 3647 3923 ὁ
3674 3870 3787 3922 ὲπξ.

2196 3973 2399 4019 σκοπος
2447 3956 2778 4027 Ἀντιοχείας
2798 3998 2812 4019 .
2844 3959 2937 4012 καὶ
2960 3958 3173 4029 Σιμεὼν
3201 3960 3231 4012 6
3255 3959 3352 4013 τοῦ
3381 3960 3609 4015 Κλεόπα
3630 4003 3646 4025 ,
3674 3963 3705 4015 6
3730 3963 3786 4015 ἐν

2209 4048 2477 4119 Ἰεροσολύ
2488 4064 2610 4118 μοις
2637 4048 2940 4112 ἐπίσκοπος
2958 4089 2972 4112 ,
3000 4050 3333 4121 σταυρωθεὶς
3354 4090 3369 4112 .
3387 4050 3464 4104 ὢν
3488 4050 3631 4105 ἐτῶν
3662 4053 3786 4107 ἐκα-

2203 4140 2297 4193 τὸν
2336 4141 2432 4195 καὶ
2463 4141 2668 4194 εἴκοσιν
2693 4182 2706 4204 ,
2753 4143 2848 4194 ἐπί
2889 4142 3135 4196 Ἀττικοῦ
3166 4161 3309 4208 τινος
3327 4144 3625 4199 ὑπατικοῦ.
3651 4146 3786 4200 Κατ’

2195 4232 2402 4284 ἐκεῖνον
2426 4232 2517 4285 τὸν
2541 4230 2733 4303 καιρὸν
2763 4232 3010 4286 Ἰουδαῖοι
3034 4237 3097 4305 τῇ
3128 4234 3285 4303 σφῶν
3315 4236 3484 4307 μανίᾳ
3508 4237 3785 4308 χρώμενοι

2196 4324 2509 4405 ἐτόλμησαν
2542 4324 2770 4395 βασιλέα
2799 4321 3009 4379 ἑαυτῶν
3038 4325 3273 4397 στῆσαι,
3293 4328 3379 4395 ἐφ’
3400 4320 3446 4395 ᾧ
3487 4329 3738 4399 κινηθεὶς
3760 4331 3786 4382 6

2201 4418 2565 4489 αὐτοκράτωρ
2591 4417 2919 4473 ἀπέστειλεν
2949 4418 3217 4490 ἄρχοντας
3249 4419 3544 4491 στιϐαροίις
3568 4424 3663 4476 ἐπ’
3695 4423 3786 4475 ati-

2124 4525 2172 4584 ι)
2197 4511 2322 4572 τοὺς
2343 4551 2356 4574 ,
2394 4511 2592 4573 οἵτινες
2627 4513 3024 4582 χειρωσάμενοι
3051 4511 3140 4567 τὸν
3168 4512 3553 4585 προϐληθέντα
3584 4514 3788 4587 τύραν-

2200 4618 2287 4653 νον
2316 4599 2419 4652 ἀνὰ
2472 4599 2670 4655 πᾶσαν.
2696 4599 2884 4653 λοιπὸν
2937 4601 3036 4671 τὴν
3078 4602 3408 4672 οἰκουμένην
3445 4604 3745 4667 διώκοντες
3769 4643 3784 4665 ,

2203 4692 2379 4763 πλήθη
2416 4691 2765 4763 ἁναρίθμητα
2797 4690 2905 4746 τῶν
2946 4692 3217 4748 Ἰουδαίων
3250 4695 3626 4763 κατέσφαζον.

2284 4863 2546 4918 Ἀπέθανε
2571 4864 2627 4917 δὲ
2660 4865 2950 4937 Τραϊανὸς,
2978 4868 3072 4920 καὶ
3098 4867 3451 4921 ἐϐασίλευσεν
3481 4870 3603 4922 ἀντ’
3626 4869 3786 4923 αὐτοῦ

2201 4955 2383 5018 Αἴλιος
2427 4954 2707 5027 Ἀδριανὸς
2737 4958 2911 5012 εἴκοσι
2941 4960 3039 5013 καὶ
3070 4959 3128 5011 ἓν
3161 4960 3301 5023 ἔτος.
3349 4956 3526 5024 Οὗτος
3573 4965 3786 5032 περιείη

2202 5045 2301 5109 τὰς
2331 5045 2535 5117 χώρας,
2566 5046 2836 5119 λωϐηθεὶς
2880 5048 2943 5102 τὺ
2975 5049 3135 5121 σῶμα
3169 5052 3263 5104 καὶ
3298 5051 3481 5121 ζητῶν
3515 5070 3643 5107 τινα
3677 5056 3786 5107 ἐπι-

2206 5138 2432 5209 κουρίαν
2477 5138 2573 5191 τοῦ
2603 5138 2830 5204 πάθους.
2878 5140 3083 5195 Ἐλθὼν
3106 5142 3163 5195 δὲ
3196 5144 3339 5196 κατὰ
3365 5144 3464 5215 τὴν
3497 5146 3666 5213 ἁγίαν
3697 5146 3786 5197 πός

2205 5232 2289 5284 λιν
2315 5272 2328 5295 ,
2360 5233 2454 5285 καὶ
2485 5232 2607 5287 ίδὼν
2640 5233 2810 5304 αὐτὴν
2831 5233 3211 5306 ὴδαφισμένην
3235 5275 3249 5297 ,
3286 5237 3459 5307 μόνην
3485 5237 3543 5292 δὲ
3565 5238 3668 5309 τὴν
3693 5238 3789 5291 τῶν

2202 5325 2548 5396 Χριστιανῶν
2583 5326 2880 5397 ἐκκλησίαν
2924 5327 3220 5398 ἱσταμένην
3241 5370 3255 5393 ,
3288 5330 3547 5385 ἐκέλευσε
3577 5332 3787 5401 κτισθῆ-

2202 5435 2289 5470 ναι
2313 5417 2412 5488 τὴν
2444 5417 2599 5472 πόλιν
2628 5419 2788 5489 ὃλην,
2818 5421 3093 5491 παρεκτὸς
3116 5422 3211 5473 τοῦ
3242 5422 3398 5476 ναοῦ.
3437 5423 3791 5485 Ἀκούσαντες

2207 5509 2265 5562 δὲ
2309 5510 2555 5564 Ἰουδαῖοι
2586 5510 2962 5583 συνερρύησαν
2995 5514 3059 5565 ἐκ
3095 5515 3297 5578 παντὸς
3328 5513 3557 5580 ἔθνους,
3605 5519 3700 5572 καὶ
3737 5518 3787 5567 ὲν

2205 5600 2371 5672 ὀλίγῳ
2394 5604 2571 5674 χρόνῳ
2599 5604 2808 5673 ταχέως
2835 5603 2956 5655 λίαν
2983 5603 3209 5675 ἐκτίσθη
3234 5606 3373 5676 (45).
3393 5606 3558 5661 Ἀλλὰ
3587 5610 3737 5663 πάλιν
3759 5608 3786 5655 ὁ

2027 5716 2257 5775 NOTAE.

590 5821 701 5889 (45)
732 5821 864 5875 Cod.
899 5821 1026 5873 Sil).
1053 5822 1271 5885 πυκνῶς
1302 5821 1422 5872 λίαν
1458 5820 1787 5888 συνῳκίσθη.
