3896 6306
194 377 332 440 4045

1137 375 1247 435 ’ΒΕ
1278 369 1752 437 INVENTIONE
1794 362 2098 425 SANCTNE
2129 361 2422 422 CRUCIS.

3320 345 3464 408 4016

194 484 553 557 ἐκϐακχεύων
606 483 805 547 αὐτοὺς
857 483 886 537 6
915 483 1152 556 πονηρὸς
1202 484 1448 554 δαίμων,
1482 483 1582 536 οὐκ
1599 482 1779 536 εἴασεν

1897 489 2034 546 pore,
2065 490 2130 530 eo
2164 472 2568 537 conﬂuxerunt,
2587 469 2947 536 celeriterque
2975 451 3171 522 civitas
3195 471 3275 518 est
3296 462 3471 520 auditi.-

193 579 387 641 αὐτοὺς
435 577 663 648 ἠρεμεῖν
688 615 703 641 ,
742 574 877 628 ἀλλά
928 575 1268 640 ἀποστάντες
1329 574 1428 646 τῆς
1488 572 1778 645 Ῥωμαίων

197 669 473 741 ὑποταγῆς
497 708 513 734 ,
547 668 899 738 κατέστησαν
936 666 1154 730 ἑαυτοῖς
1182 663 1491 736 στασιώτην
1525 663 1647 719 τινὰ
1680 680 1781 718 κα·-

197 760 454 833 λούμενον
479 758 863 831 Βαρχωχίϐαν.
892 757 1080 813 Ταῦτα
1111 757 1352 822 ἀκούσας
1377 759 1406 811 6
1431 757 1649 827 Καῖσαρ
1674 754 1781 810 ἀπ-

198 856 437 910 έστειλεν
459 854 545 906 ἐπ’
568 853 767 916 αὐτοὺς
790 851 1133 925 στρατόπεδα
1161 849 1480 920 πάμπολλα,
1500 850 1595 903 καὶ
1619 847 1779 901 πολυ-

198 946 429 1018 χρονίως
476 943 830 1013 ἐπολιόρκουν
885 943 985 1013 τὴν
1015 940 1209 1005 πόλιν,
1249 941 1357 1005 ἕως
1400 944 1463 996 οὐ
1516 939 1661 1011 λιμῷ
1686 934 1781 992 καὶ

194 1037 323 1110 δίψῃ
344 1034 608 1108 διεφθάρη
636 1035 742 1099 πᾶς
772 1034 800 1087 6
834 1033 964 1097 λαὸς
996 1035 1058 1087 ἐν
1087 1033 1248 1104 αὐτῇ.

264 1210 415 1282 Αὕτη
470 1210 615 1263 ἐστὶν
674 1209 708 1280 ή
755 1206 981 1279 ἐσχάτη
1017 1207 1302 1277 ἐρήμωσις
1345 1205 1447 1277 τῆς
1496 1204 1780 1270 Ἰουδαίας.

197 1302 417 1366 Πάντας
459 1299 569 1370 γάρ
613 1300 742 1364 τοὺς
793 1297 1087 1362 Ἰουδαίους
1131 1296 1523 1368 ἐξολοθρεύσας
1562 1297 1660 1351 καὶ
1704 1298 1784 1360 εἰς

196 1394 434 1465 παντελῆ
473 1393 711 1465 ἐρημίαν
758 1391 1111 1463 καταστήσας
1154 1390 1255 1461 τὴν
1299 1389 1784 1454 πόλιν,·ἐκὲλευσε

197 1493 311 1553 τοῖς
342 1487 571 1558 Ἕλλησι
603 1483 858 1555 κατέχειν
882 1483 1077 1554 αὐτὴν,
1106 1481 1323 1554 γράψας
1342 1481 1505 1552 νόμον
1525 1481 1786 1552 δογματι-

194 1581 310 1644 κῶς
359 1577 675 1643 κελεύοντα,
718 1574 920 1647 μηκέτι
971 1575 1099 1637 τοὺς
1153 1573 1444 1643 Ἰουδαίους
1485 1571 1786 1641 ὀφθαλμοῖς

194 1666 330 1738 ὁρᾷν
365 1666 468 1735 τῆς
508 1662 772 1734 πατρῴας
811 1662 916 1733 γῆς
944 1660 1006 1715 τὸ
1039 1661 1258 1731 ἔδαφος.
1294 1660 1359 1714 Oi
1401 1660 1460 1714 δέ
1498 1661 1787 1732 οἰκήτορες

194 1758 307 1812 τῶν
340 1757 729 1829 Ἰεροσολύμων
751 1755 811 1820 ἐξ
839 1754 1154 1825 ἀλλοφύλων
1174 1754 1538 1826 τυγχάνοντες
1583 1753 1786 1825 στήλην

1884 576 2027 623 cata.
2096 564 2294 621 Verum
2350 562 2526 619 malus
2574 563 2774 618 iterum
2830 558 3021 630 genius
3070 557 3175 611 illis
3232 563 3469 611 mentem

1884 656 2144 726 eripiens,
2193 652 2410 723 quietos
2444 667 2567 708 esse
2596 668 2700 707 nou
2728 650 2877 705 sivit.
2900 651 3095 719 Itaque
3137 664 3164 699 a
3196 646 3473 702 ltomano-

1889 762 2009 801 rum
2067 745 2387 800 deﬁcientes
2441 744 2694 814 imperio,
2736 742 2838 799 sibi
2869 756 2968 812 pro
2998 756 3122 812 rege
3150 739 3470 795 seditiosmn

1885 835 2210 906 quemdam,
2265 833 2689 889 Barchocheban
2755 835 3010 900 nomine,
3044 833 3467 887 constituerunt.

1884 912 2043 995 Quod
2068 929 2256 982 statim
2299 934 2361 982 ut
2385 914 2574 983 Caesar
2607 926 2835 993 audivit,
2877 940 3073 995 magno
3103 924 3155 978 in
3188 938 3282 978 eos
3313 937 3474 977 exer-

1886 1021 1997 1074 citu
2056 1021 2259 1086 misso,
2303 1019 2496 1077 urbem
2544 1034 2732 1074 eorum
2783 1018 2973 1073 tandiu
3020 1016 3259 1080 obsedit,
3298 1017 3473 1072 donec

1889 1110 2100 1177 Omnes,
2132 1115 2223 1182 qui
2255 1114 2307 1168 in
2337 1129 2402 1169 ea
2438 1124 2620 1181 erant,
2656 1112 2800 1167 fame
2842 1120 2900 1167 ct
2927 1111 3015 1166 siti
3049 1110 3468 1167 conﬁcerentur.

1953 1205 2132 1273 Atque
2164 1204 2279 1259 haec
2312 1204 2414 1259 fuit
2441 1205 2627 1259 ultima
2659 1203 2900 1259 Judatcze
2933 1202 3106 1273 gentis
3141 1202 3467 1258 devastatio.

1886 1293 2160 1352 Omnibus
2196 1297 2342 1351 enim
2375 1296 2580 1353 Iudaeis
2621 1295 2993 1363 internecione
3017 1293 3193 1360 caesis,
3232 1294 3472 1362 urbeque

1888 1387 1955 1441 ad
2006 1400 2214 1442 meram
2249 1387 2601 1443 solitudinem
2647 1387 2760 1458 jam
2814 1387 3057 1450 redacta,
3112 1400 3300 1439 rursus
3349 1399 3468 1439 eam

1889 1478 2238 1546 instauravit,
2287 1491 2341 1536 et
2372 1496 2403 1536 a
2449 1479 2656 1535 Graecis
2696 1477 2934 1534 habitari
2979 1479 3259 1548 praecepit,
3303 1476 3469 1547 legem

1888 1570 1971 1627 eis
2019 1571 2403 1642 praescribens,
2459 1586 2565 1641 qua
2618 1585 2881 1639 expresse
2929 1570 3243 1635 cavebatur,
3287 1584 3355 1624 ne
3383 1570 3472 1625 cui

1887 1663 2119 1732 posthac
2148 1661 2461 1718 Iudaeorum
2502 1663 2695 1733 patriae
2737 1662 2919 1717 solum
2953 1661 3131 1718 oculis
3161 1648 3361 1716 intueri
3403 1660 3474 1716 li-

1888 1764 2062 1813 ceret.
2096 1754 2297 1811 Incolae
2334 1765 2529 1810 autem
2563 1753 3075 1826 Hierosolymitani,
3107 1752 3347 1810 externae
3380 1768 3476 1807 na-

193 1850 277 1922 τῷ
315 1848 679 1920 αὐτοκράτορι
707 1848 933 1920 ἵδρυσαν
967 1849 1026 1901 ἐν
1062 1846 1213 1918 αύτῷ
1237 1846 1316 1918 τῷ
1344 1849 1386 1901 is
1398 1847 1475 1919 ρῷ
1501 1847 1654 1917 παρά
1684 1846 1784 1918 τὴν

1897 1849 2052 1905 tionis
2083 1847 2359 1914 homines,
2395 1841 2708 1903 columnam
2759 1848 3071 1916 imperatori
3108 1849 3161 1901 in
3192 1847 3308 1916 ipso
3336 1857 3475 1902 tem-

195 1943 410 2013 ὡραίαν
442 1941 638 2011 πύλην,
662 1942 754 1995 καὶ
770 1939 1104 2012 ἀμείψαντες
1135 1941 1196 1993 τὺ
1218 1940 1391 2010 ὄνομα
1417 1939 1520 2010 τῆς
1550 1939 1782 2006 πόλεως,

194 2034 466 2089 ἐκάλεσαν
521 2034 690 2103 αὐτὴν
750 2034 842 2086 ἐπὶ
894 2032 975 2104 τῷ
1026 2032 1255 2103 ὀνόματι
1312 2030 1408 2085 τοῦ
1457 2030 1786 2104 κρατοῦντος

197 2126 414 2183 Αἰλίαν.
459 2126 526 2179 Ἠ
553 2126 611 2179 δέ
660 2127 767 2197 πρὸ
795 2125 1000 2179 τούτων
1019 2124 1130 2180 τῶν
1152 2125 1361 2197 χρόνων
1392 2126 1452 2178 ἐν
1492 2125 1787 2197 Ἰεροσολύ-

197 2233 325 2285 μοις
346 2214 477 2282 ἁγία
500 2214 800 2282 Ἐκκλησία
816 2214 878 2280 ἐξ
904 2215 1173 2285 Ἐϐραίων
1198 2216 1441 2268 συστᾶσα
1464 2216 1788 2286 οὐκέδέχετο

195 2302 507 2356 ἐπίσκοπον
562 2303 960 2374 ἀπερίτμητον.
1036 2302 1178 2367 Τοὺς
1222 2304 1280 2357 δέ
1337 2304 1565 2374 χρόνους
1609 2305 1789 2358 αὐτῶν

197 2390 551 2462 συγχωρήσει
584 2407 675 2461 μοι
701 2392 735 2461 ἡ
762 2391 981 2462 ὁσιότης
1015 2391 1173 2461 ὑμῶν
1205 2392 1549 2463 άπορήσαντι
1579 2393 1654 2463 μὴ
1682 2393 1791 2446 δια-

196 2483 469 2553 σημᾶναι,
505 2481 566 2534 ού
601 2481 712 2551 γὰρ
757 2481 824 2535 ἂν
850 2481 1090 2545 εὐκόλως
1110 2480 1264 2553 εὖροι
1294 2499 1382 2545 τις
1430 2481 1672 2539 πώποτε.
1708 2483 1791 2536 Τά

193 2572 256 2625 δέ
305 2572 550 2642 ὀνόματα
594 2572 774 2626 αὐτῶν
807 2574 924 2626 ἐστι
973 2571 1169 2627 ταῦτα.
1210 2573 1435 2644 Πρῶτος
1472 2573 1729 2638 Ἰάκωϐος
1762 2575 1792 2627 6

194 2664 296 2719 τοῦ
317 2664 527 2736 Κυρίου
556 2664 807 2733 ἀδελφὸς,
839 2662 1054 2735 Σιμεὼν
1082 2667 1112 2719 6
1130 2665 1224 2718 τοῦ
1248 2666 1492 2732 Κλεόπα,
1536 2667 1790 2732 Ἰοῦστος,

195 2759 437 2828 Ζαχαῖος
470 2755 604 2828 (46),
642 2757 863 2826 Τοϐίας,
894 2758 1176 2829 Βενιαμὶν,
1212 2760 1484 2830 Ἰωάννης,
1518 2759 1787 2825 Ματθίας,

198 2849 497 2915 Φίλιππος,
558 2849 816 2915 Σενέκας,
891 2848 1143 2917 Ἰοῦστος,
1173 2851 1374 2923 Λεϐἦς,
1419 2851 1792 2923 Ἐφρῆς,Ἰω-

198 2941 361 3013 σὴφ,
421 2940 644 3005 Ἰούδας.
706 2935 869 2996 Οὗτοι
935 2944 1140 3007 πάντες
1200 2945 1265 2998 ἐκ
1333 2937 1435 3014 τῆς
1489 2946 1794 3017 περιτομῆς

198 3034 477 3105 ὑπῆρχον,
516 3034 648 3090 δέκα
681 3036 777 3091 καὶ
808 3035 972 3091 πέντε
1004 3037 1095 3091 τὸν
1116 3037 1373 3109 ἀριθμόν.
1397 3038 1506 3092 Καὶ
1537 3038 1793 3107 συνάγον-

195 3144 296 3182 ται
330 3129 439 3181 ἀπὸ
466 3130 568 3200 τῆς
603 3128 862 3193 ἁλώσεως
903 3130 1296 3202 Ἰεροσολύμων
1318 3169 1335 3197 ,
1370 3130 1475 3195 ἕως
1507 3131 1606 3201 τῆς
1632 3131 1792 3185 ὑστέ-

150 3246 156 3251 -
200 3237 311 3290 ρας
344 3219 666 3291 πολιορκίας
693 3222 786 3276 καὶ
821 3225 922 3294 τῆς
939 3223 1048 3278 τῶν
1090 3223 1361 3278 Ἰουδαίων
1390 3223 1602 3288 τελείας
1633 3223 1791 3278 ἐκϐο-

197 3310 305 3381 λῆς
332 3310 426 3383 ἐτη
451 3314 791 3384 πεντήκοντα
809 3313 954 3367 ὀκτώ
980 3313 1116 3385 (47).

292 3573 360 3625 Ἠ
385 3571 445 3624 δὲ
482 3571 625 3624 κατά
658 3570 758 3638 τὴν
802 3571 992 3624 Αἰλίαν
1033 3574 1278 3627 συστᾶσα
1315 3576 1448 3644 ἁγία
1497 3578 1795 3650 Ἐκκλησία

197 3665 266 3729 ἐξ
291 3661 465 3715 ἐθνῶν
511 3662 853 3731 τυγχάνουσα
883 3700 900 3725 ,
956 3662 1174 3733 πρῶτον
1220 3665 1456 3738 καθιστᾷ
1492 3669 1795 3725 ἐπίσκοπον

196 3754 265 3818 ἐξ
318 3751 491 3806 ἐθνῶν
535 3752 800 3822 Μάρκον,
841 3751 1011 3822 ἄνδρα
1058 3752 1201 3806 κατὰ
1242 3754 1423 3810 πάντα
1467 3758 1791 3826 ἁγιώτατον.

196 3841 490 3905 Μαθόντες
513 3840 571 3894 δὲ
595 3841 660 3893 ἐκ
687 3840 1044 3912 παραδόσεως
1078 3842 1129 3894 oi
1168 3846 1352 3899 πιστοὶ
1371 3846 1464 3900 τὸν
1506 3848 1670 3902 τόπον
1697 3850 1792 3904 τοῦ

197 3935 369 4004 ἁγίου
411 3932 656 4002 Γολγοθᾶ
702 3936 1054 4005 κεχωσμένον
1094 3935 1175 3989 ἔτι
1219 3938 1313 3991 καὶ
1350 3939 1531 4011 ἀφανῆ
1587 3945 1795 4014 τυγχά-

194 4044 391 4088 νοντα,
409 4026 693 4097 ἐρχόμενοι
706 4026 830 4081 καθ’
842 4027 1056 4099 ἡμέραν
1074 4029 1388 4101 σεϐασμίως
1404 4035 1794 4104 προσεκύνουν·

196 4117 350 4188 ὅπερ
380 4115 713 4187 θεωροῦντες
742 4118 793 4169 oi
824 4117 1234 4188 εἰδωλολάτραι,
1259 4119 1353 4172 τοῦ
1382 4120 1633 4175 διαϐόλου
1659 4124 1794 4178 ὐπο-

198 4209 499 4273 ϐάλλοντος
530 4208 735 4276 αὐτοῖς,
775 4209 1135 4282 ᾠκοδόμησαν
1155 4213 1335 4266 ἐκεῖσε
1373 4215 1501 4268 ναὸν
1523 4215 1601 4287 τῷ
1630 4217 1799 4286 ἀγάλ-

199 4314 347 4369 ματι
376 4297 474 4366 τῆς
500 4296 816 4366 ἀκαθάρτου
843 4296 1100 4369 δαίμονος
1142 4300 1488 4374 Ἀφροδίτης.
1536 4304 1796 4360 Κωλυθὲν

195 4390 261 4443 δὲ
287 4388 353 4442 τὸ
381 4386 490 4442 τῶν
519 4386 864 4456 Χριστιανῶν
888 4388 1094 4460 πλῆθος
1136 4385 1238 4461 τῆς
1263 4394 1322 4447 ἐν
1346 4392 1425 4463 τῷ
1464 4394 1620 4467 τόπῳ
1657 4413 1796 4468 προ.

199 4482 337 4535 ὁδου
364 4520 380 4546 ,
418 4480 689 4548 ἄγνωστοι
743 4482 857 4545 τοῖς
900 4480 1115 4546 πολλοῖς
1144 4482 1331 4537 λοιπὸν
1364 4486 1417 4539 oi
1452 4486 1599 4555 ἅγιοι
1641 4487 1798 4553 τόποι

199 4576 474 4643 ἐγίνοντο.

294 4756 559 4810 Ἀπέθανε
583 4757 643 4811 δὲ
677 4756 954 4828 Ἀδριανὸς
979 4798 994 4820 ,
1034 4757 1131 4811 καὶ
1155 4758 1509 4815 ἐϐασίλευσεν
1546 4763 1797 4819 Ἀντωνῖ·

194 4865 298 4909 νος
340 4850 368 4900 6
403 4847 649 4919 Εὐσεϐής
694 4849 812 4904 ἀντ’
848 4849 1015 4902 αὐτοῦ
1038 4850 1213 4905 εἴκοσι
1254 4853 1347 4906 καὶ
1369 4853 1462 4907 δύο
1491 4854 1610 4929 ἔτη.
1642 4859 1798 4912 Μετὰ

194 4940 396 4995 τοῦτον
414 4940 471 4994 δέ
497 4942 724 5012 Μάρκος
740 4942 1053 5013 Ἀουρήλιος
1082 4943 1313 5015 Ούῆρος,
1336 4945 1396 5000 ὃν
1421 4948 1517 5002 καὶ
1557 4950 1801 5004 Ἀντωνῖ.

192 5050 301 5096 νος
329 5032 358 5083 ὁ
386 5034 500 5097 υίὸς
526 5032 694 5087 αὐτοῦ
735 5033 833 5087 σὺν
863 5034 960 5087 καὶ
994 5035 1212 5107 Λουκίῳ
1241 5038 1458 5112 ἀδελφῷ
1489 5040 1796 5112 διαδέχεται

192 5122 305 5191 ἔτη
329 5123 803 5193 τεσσαρακαίδεκα
825 5123 961 5195 (48).
988 5125 1243 5197 Διωγμοῦ
1264 5129 1322 5182 δὲ
1341 5130 1656 5202 κινηθέντος
1676 5134 1804 5188 πολ-

1886 1940 1975 2010 plo
2015 1949 2347 2008 statuerunt,
2401 1955 2568 2011 prope
2612 1950 2827 2009 portam
2860 1938 3199 2009 Speciosam,
3236 1954 3468 1994 uomen-

1886 2038 1996 2103 Que
2041 2033 2400 2089 immutantes
2441 2031 2706 2098 civitatis,
2754 2033 2821 2085 ab
2868 2032 3218 2100 imperatoris
3254 2031 3474 2085 nomine

1887 2124 2088 2181 Eliatn
2139 2124 2507 2202 appellarunt.
2569 2123 2776 2179 Sancta
2835 2134 3042 2188 autem,
3097 2140 3218 2193 quae
3265 2136 3391 2179 ante
3424 2126 3472 2178 id

1890 2218 2104 2279 tempus
2156 2210 2335 2264 fuerat
2401 2209 2794 2280 Hierosolymis
2864 2210 3136 2277 Ecclesia,
3201 2213 3471 2267 neminem

1891 2300 1995 2352 nisi
2047 2299 2431 2355 circumcisum
2493 2302 2559 2357 ad
2609 2301 2849 2371 episcopi
2902 2318 3100 2358 munus
3156 2305 3472 2359 admiserat.

1890 2391 2053 2446 Dabit
2108 2403 2287 2447 autem
2344 2394 2557 2447 veniam
2605 2395 2876 2449 sanctitas
2930 2404 3068 2461 tua,
3136 2395 3182 2451 si
3239 2406 3473 2466 tempus,

1891 2494 2002 2548 quo
2055 2478 2289 2549 quisque
2336 2493 2527 2535 eorum
2589 2480 2711 2548 fuit,
2765 2498 2889 2537 cum
2931 2483 3109 2538 minus
3137 2484 3473 2555 compertum

1896 2571 2150 2635 habeam,
2208 2587 2315 2627 non
2369 2574 2846 2640 demonstravero,
2898 2585 3091 2646 utpote
3147 2577 3292 2646 quod
3333 2577 3473 2631 haud

1894 2661 2055 2717 facile
2086 2676 2118 2716 a
2146 2678 2424 2735 quoquam
2474 2665 2707 2720 inveniri
2758 2668 3022 2737 potuerit.
3064 2668 3333 2723 Czeterum
3378 2686 3479 2725 no-

1896 2754 2043 2810 mina
2097 2755 2315 2811 illorum
2357 2760 2476 2813 haec
2531 2766 2709 2813 sunt:
2768 2759 2975 2826 primus
3022 2757 3258 2814 Jacohus
3311 2761 3480 2817 frater

1898 2845 2137 2909 Domini,
2192 2848 2315 2902 dein
2354 2848 2577 2904 Simeon
2628 2848 2771 2903 ﬁlius
2809 2849 3085 2920 Cleophae,
3121 2849 3335 2920 Justus,
3369 2851 3480 2909 Za—

1896 2937 2102 3003 chaaus,
2132 2937 2360 3009 Tobias,
2403 2941 2706 3009 Beniamin,
2741 2940 3003 3009 Joannes,
3034 2943 3315 3013 Matthias,
3350 2945 3480 3000 Phi-

1899 3030 2100 3101 lippus,
2131 3031 2364 3101 Seueca,
2402 3032 2612 3099 Justus,
2644 3031 2800 3101 Levi,
2848 3024 3080 3104 Ephres,
3115 3036 3344 3108 Joseplt,
3379 3036 3480 3094 Ju-

1902 3123 2041 3192 das;
2091 3125 2183 3193 qui
2225 3141 2420 3181 omnes
2475 3111 2787 3197 quindecim
2819 3143 2885 3182 ex
2917 3129 3337 3185 circumcisione
3367 3131 3482 3187 fue-

1896 3227 2047 3273 runt.
2076 3218 2420 3289 Colliguntur
2444 3229 2625 3274 autem
2660 3236 2689 3274 a
2732 3222 3040 3276 vastatione
3074 3220 3481 3295 Hierosolymo-

1896 3325 2018 3365 rum
2074 3326 2251 3379 usque
2307 3313 2373 3365 ad
2434 3315 2576 3368 hanc
2603 3323 2939 3381 postremam
2974 3315 3336 3382 obsidionem,
3384 3317 3486 3375 Ju-

1898 3405 2248 3473 dmorumque
2278 3404 2523 3458 ultimam
2556 3404 2907 3475 eiectionem,
2936 3406 3062 3461 anni
3091 3409 3482 3480 quinquaginta

1896 3504 2039 3548 ορῐο.

1970 3585 2169 3640 Sancta
2215 3584 2442 3651 interim
2478 3584 2720 3641 Ecclesia
2769 3586 2929 3643 Elia:
2984 3590 3310 3656 constituta,
3345 3573 3485 3646 cum

1897 3691 1963 3731 ex
1994 3676 2247 3747 gentibus
2284 3687 2449 3744 esset,
2501 3679 2735 3746 primum
2783 3696 2849 3736 ex
2884 3681 3139 3752 gentibus
3179 3694 3333 3739 creat
3365 3686 3483 3755 epi-

1897 3784 2120 3840 sc0pum
2158 3768 2398 3825 Marcum
2451 3770 2696 3837 nomine,
2734 3772 2910 3828 virum
2963 3776 3089 3831 vitae
3117 3779 3486 3836 sanctimonia

1899 3862 2219 3932 cumprimis
2259 3863 2645 3933 conspicuum.
2691 3864 2961 3922 Caeterum
3019 3868 3231 3938 ﬁdeles,
3267 3889 3389 3927 cum
3418 3890 3486 3930 ex

1902 3955 2196 4008 traditione
2228 3954 2497 4019 majorum
2532 3955 2710 4010 locum
2767 3959 2908 4013 sacri
2945 3963 3147 4017 montis
3174 3961 3482 4033 Golgothae,

1899 4047 1990 4117 qui
2032 4046 2146 4116 jam
2201 4045 2472 4101 obscurus
2525 4062 2589 4101 ac
2640 4049 2870 4105 obrutus
2941 4062 3080 4119 erat,
3140 4055 3481 4122 didicissent,

1900 4137 2145 4208 quotidie
2178 4136 2245 4190 ad
2275 4136 2423 4191 illum
2465 4139 2808 4206 accedentes,
2855 4143 3104 4213 religiose
3138 4147 3481 4204 adorabant:

1900 4230 2042 4298 quod
2075 4227 2372 4283 idololatraa
2403 4231 2735 4300 conspicati,
2778 4234 3002 4290 diabolo
3037 4253 3131 4292 eos
3158 4237 3477 4310 instigante,

1899 4322 2067 4376 autem
2118 4321 2231 4376 illic
2277 4330 2475 4378 stature
2545 4324 2932 4395 impurissima:
2978 4330 3094 4386 deas
3123 4329 3350 4389 Veneris
3404 4336 3487 4390 di-

1901 4421 2080 4465 catam
2107 4420 2578 4481 construxerunt;
2624 4417 2895 4485 prohibita
2923 4428 3114 4490 Itaque
3142 4423 3488 4481 Christiano-

1827 4527 1874 4583 Β
1903 4517 2021 4555 rum
2067 4502 2437 4569 multitudine,
2496 4520 2565 4560 ne
2594 4507 2661 4560 ad
2709 4523 2830 4562 eum
2879 4509 3057 4565 locum
3101 4526 3286 4583 posset
3316 4530 3491 4574 acce-

1902 4593 2052 4656 dere,
2110 4592 2351 4662 ignorari
2400 4596 2620 4651 tandem
2660 4612 2691 4652 a
2726 4601 2914 4657 multis
2943 4618 3104 4660 sacra
3157 4606 3275 4663 loca
3303 4625 3488 4684 coepe-

1901 4693 2052 4738 runt.

1972 4774 2203 4831 Moritur
2251 4787 2433 4833 autem
2478 4781 2775 4847 Adrianus,
2818 4795 2873 4839 et
2905 4785 3026 4843 loco
3051 4789 3170 4860 ejus
3204 4791 3488 4863 imperarit
3599 4835 3603 4839 -

1898 4866 2214 4923 Antoninus
2258 4869 2407 4936 Pius,
2436 4868 2633 4953 annos
2668 4876 2802 4931 duos
2836 4889 2889 4932 et
2919 4880 3107 4950 viginti
3143 4900 3157 4936 :
3188 4896 3311 4953 post
3341 4886 3487 4943 hunc

1900 4975 2032 5015 vero
2064 4959 2279 5017 Marcus
2313 4946 2575 5019 AurElius
2615 4966 2808 5033 Verus,
2854 4971 2942 5025 cui
2982 4973 3146 5027 etiam
3176 4975 3489 5036 Antoninus

1904 5052 2046 5107 ﬁlius
2076 5069 2200 5108 cum
2241 5054 2411 5112 Lucio
2469 5058 2641 5113 fratre
2694 5064 2944 5117 succedit
2997 5081 3093 5135 per
3133 5084 3308 5125 annos
3353 5088 3489 5141 qua—

1903 5142 2246 5213 tuordecim;
2300 5161 2540 5219 cumque
2585 5150 2777 5222 ingens
2813 5159 3126 5223 persecutio
3151 5170 3299 5216 esset
3340 5175 3485 5227 orta,

190 5214 291 5267 λοὶ
337 5213 596 5282 γεγόνασι
656 5216 933 5289 μάρτυρες
989 5215 1243 5284 θανόντες
1295 5221 1593 5294 προθύμως
1659 5226 1791 5299 ὑπὲρ

1902 5235 2058 5291 multi
2108 5240 2379 5310 martyrio
2413 5240 2589 5299 affecti
2628 5258 2776 5311 sunt,
2814 5248 2942 5303 forti
2996 5251 3340 5325 inl'ractoque
3367 5259 3491 5311 aui-

191 5306 475 5372 Χριστοῦ.
519 5308 734 5379 Σημεῖα
779 5308 837 5362 δὲ
885 5309 1098 5381 μεγάλα
1166 5312 1401 5379 ἐγίνετο,
1451 5314 1593 5370 ὥστε
1640 5319 1791 5373 αὑτὸν

1897 5341 1988 5380 mo
2020 5342 2122 5397 pro
2154 5327 2377 5388 Christo
2405 5337 2724 5393 morientes.
2766 5336 2959 5411 Magna
3003 5354 3185 5399 autem
3216 5306 3371 5417 signa
3403 5348 3493 5402 ﬁc-

189 5397 301 5452 τδν
349 5400 606 5470 Καίσαρα
653 5403 904 5473 Μάρκον,
957 5404 1055 5458 σὺν
1102 5406 1266 5459 παντὶ
1308 5406 1387 5479 τῷ
1431 5410 1800 5483 στρατεύματι

188 5490 379 5547 αὐτοῦ
403 5532 420 5557 ,
460 5493 653 5547 σπάνει
710 5493 907 5556 ὓδατος
956 5494 1222 5566 μέλλοντα
1264 5497 1700 5575 διαφθείρεσθαι,
1731 5508 1797 5577 τῇ

1909 5418 2063 5486 bant,
2095 5429 2176 5486 ut,
2221 5436 2345 5477 cum
2392 5424 2512 5494 ipse
2567 5427 2868 5497 imperator
2915 5431 3152 5502 Marcus,
3203 5452 3328 5493 cum
3369 5440 3492 5495 uni-

1910 5525 2070 5566 verso
2099 5515 2343 5570 exercitu
2388 5518 2441 5571 in
2471 5520 2777 5576 maximum
2818 5524 3114 5583 discrimen
3141 5538 3289 5586 esset
3317 5532 3491 5587 addu-

1776 5658 2010 5720 NOTAE.

427 5743 765 5816 Nicephorus
805 5749 856 5803 in
898 5749 1175 5819 Chronico,
1210 5750 1505 5810 Zacharias
1556 5773 1654 5827 pro
1690 5756 1827 5837 Ζαξι

189 5813 415 5869 clla'us.

2115 5763 2249 5848 god.
2277 5768 2462 5848 Cr__ypt.
2490 5773 2642 5848 Ferr.
2670 5775 2763 5848 ἔτη
2796 5781 3151 5848 πεντήκοντα.

1977 5835 2086 5905 με)
2112 5834 2295 5890 Pollux
2332 5834 2429 5912 ἔτη
2452 5843 2552 5898 ἰ0’.
