3946 6318
439 291 510 354 ιο
520 289 580 354 l7

1657 295 2102 356 ALEXANDRI
2140 296 2484 357 MONACHI

3581 302 3717 365 ωτι

436 415 579 467 etus,
618 414 682 454 ne
714 397 942 469 penuria
971 412 1125 468 aquae
1173 413 1362 455 omnes
1395 400 1706 471 interirent,
1744 405 2018 458 (lin-istia-

2142 404 2232 458 τῶν
2291 407 2633 476 Χριστιανῶν
2672 405 2806 476 εὐχῇ
2860 407 3272 480 περισωθῆναι,
3325 410 3421 464 τοῦ
3471 412 3614 466 Θεοῦ
3656 435 3714 467 εν

436 510 631 554 norum
664 495 914 566 precibus
942 492 1014 547 sil.
1041 501 1416 559 conservatus,
1465 493 1574 550 Deo
1608 494 1662 550 in
1700 496 1835 552 locis
1862 511 2018 567 aqua:

436 588 757 662 expertibus
816 585 1092 656 ingentem
1144 583 1274 652 ipsis
1321 587 1550 641 imbrem
1596 589 1866 644 mittente.
1904 588 2017 644 Μο-

439 685 580 741 ritur
627 689 808 737 autem
869 679 1062 744 Verus,
1115 682 1202 734 cui
1238 681 1290 734 in
1342 680 1635 748 imperium
1687 679 2020 738 Commodus

437 777 683 836 succedit
728 791 824 846 per
855 789 1028 829 annos
1055 774 1367 829 duodecim.
1415 771 1546 828 Post
1573 788 1734 843 quem
1767 773 2019 842 impera-

437 867 516 922 vit
547 866 803 921 Pertinax
836 879 1052 919 menses
1084 879 1176 918 sex
1209 904 1224 928 ,
1257 872 1384 934 post
1409 863 1552 917 hunc
1580 861 1820 917 Severus
1845 876 2020 915 annos

437 959 786 1024 octodecim;
847 957 949 1012 sub
995 971 1102 1025 quo
1152 957 1316 1010 etiam
1371 956 1606 1009 maxima
1644 953 2021 1025 persecutione

436 1048 695 1108 excitata,
757 1045 908 1101 multi
968 1045 1166 1113 ubique
1221 1043 1465 1098 locorum
1529 1041 1776 1111 martyrii
1829 1041 2018 1098 laurea

437 1148 566 1192 sunt
593 1138 868 1192 coronati.

508 1251 624 1306 Hoc
674 1266 808 1306 vero
852 1249 1124 1304 exstincto
1165 1249 1474 1303 Antoninus
1527 1245 1811 1302 Caraealla
1847 1261 2022 1302 annos

437 1352 644 1415 septem
719 1342 1028 1412 imperavit,
1101 1354 1339 1411 eumque
1413 1339 1696 1407 excipiens
1751 1337 2022 1392 Macrinus

439 1451 605 1490 unum
676 1449 900 1498 annum,
961 1443 1015 1487 et
1078 1441 1201 1502 post
1242 1434 1386 1486 hunc
1443 1431 1584 1484 alius
1649 1430 1778 1484 item
1846 1430 2020 1482 Anto-

440 1524 603 1580 ninus
653 1538 826 1577 annos
872 1523 960 1587 Η,
1021 1522 1220 1576 deinde
1252 1519 1561 1574 Alexander
1592 1533 1764 1572 annos
1800 1519 1889 1574 15.
1943 1517 2022 1572 Illi

439 1625 592 1677 vero,
627 1609 720 1680 qui
753 1609 820 1663 ab
847 1603 1071 1662 Adriani
1109 1608 1362 1677 imperio,
1407 1607 1458 1660 in
1495 1606 1716 1660 civitate
1767 1605 2022 1669 Eliensi,

437 1704 507 1757 ad
564 1703 913 1770 episcopatus
966 1698 1240 1765 fastigium
1301 1696 1478 1751 evecti
1533 1707 1685 1758 sunt.
1733 1705 2024 1766 sequentes

2121 495 2371 568 ἀνύδροις
2423 497 2614 560 τόποις
2672 495 3094 562 ἀποστείλαντος
3149 501 3338 564 αὑτοῖς
3397 503 3494 556 τὸν
3536 503 3712 561 ὑετόν.

2122 587 2560 659 Τελευτήσαντος
2589 587 2645 641 δὲ
2683 588 2900 658 Οὐήρου
2938 588 3249 660 διαδέχεται
3281 593 3382 664 τὴν
3405 595 3717 664 ἠγεμονίαν

2123 679 2412 751 Κόμμοδος
2446 680 2542 751 ἐτη
2577 680 2809 733 δώδεκα.
2857 681 2991 734 Μετ’
3017 681 3182 735 αὑτὸν
3215 683 3552 738 ἐϐασίλευσε
3582 689 3720 758 Περ-

2122 771 2274 838 τίναξ
2328 774 2504 842 μῆνας
2549 772 2629 837 ἓξ.
2680 773 2832 827 Μετὰ
2880 771 3067 826 τοῦτον
3116 775 3441 828 ἐϐασίλευσε
3475 778 3716 847 ἓδῆρος

2123 860 2216 932 ἔτη
2275 863 2406 916 δέκα
2463 864 2556 915 καὶ
2599 861 2746 916 ὀκτώ
2805 862 2929 932 ’ἐφ’
2985 858 3086 930 οὗ,
3147 863 3406 936 διωγμοῦ
3477 868 3719 937 μεγάλου

2124 953 2436 1023 κινηθέντος
2468 994 2482 1020 ,
2518 954 2706 1008 πολλοὶ
2761 957 2904 1010 κατὰ
2938 957 3118 1011 πάντα
3158 957 3327 1012 τόπον
3389 961 3719 1030 ἐμαρτύρη-

2127 1064 2247 1100 σαν.

2195 1243 2402 1298 Τούτου
2446 1244 2504 1298 δὲ
2550 1244 2979 1316 τελευτήσαντος
3023 1247 3346 1310 Ἀντωνῖνος
3382 1248 3722 1317 Καράκαλος

2124 1335 2218 1405 ἔτη
2243 1335 2404 1397 ἑπτά,
2432 1337 2711 1407 Μακρῖνος
2730 1336 2922 1388 τοῦτον
2955 1337 3339 1409 διαδεξάμενος
3363 1340 3723 1392 ἐϐασίλευσεν

2125 1428 2242 1490 ἔτος
2273 1428 2352 1480 ἓν.
2402 1429 2509 1482 Καὶ
2560 1430 2677 1498 μετ’
2717 1427 2883 1480 αὑτὸν
2928 1428 3241 1494 Ἀντωνῖνος
3276 1431 3436 1494 ἄλλος
3467 1431 3568 1501 ἐτη
3596 1448 3722 1483 τεσ-

2127 1517 2903 1609 σαρακαίδεκα..Ἐ6ασίλευσε
2957 1522 3094 1589 μετὰ
3119 1521 3307 1574 τοῦτον
3369 1522 3726 1594 Ἀλέξανδρος

2127 1609 2224 1679 ἐτη
2251 1611 2382 1680 τρία
2429 1610 2527 1663 καὶ
2581 1610 2736 1672 δέκα,
2803 1613 2865 1664 Οἱ
2923 1611 2982 1664 δὲ
3041 1612 3186 1665 κατὰ
3231 1613 3330 1684 τὴν
3395 1616 3589 1668 Αἰλίαν
3627 1631 3724 1682 γε-

2127 1701 2343 1771 νόμενοι
2398 1702 2688 1756 ἐπίσκοποι
2743 1701 2839 1754 ἀπ’
2889 1703 3170 1773 Ἀδριανοῦ
3234 1706 3332 1772 τῆς
3390 1705 3716 1774 βασιλείας,

442 1797 662 1848 fuerunt
710 1790 998 1854 :lareus,
1049 1791 1364 1854 Cassianus,
1426 1787 1670 1854 Publius,
1729 1788 2016 1853 Maximus,

2142 1789 2268 1847 ιῦτοί
2291 1795 2397 1847 είσι
2419 1809 2431 1822 ·
2467 1795 2718 1865 Μάρκος,
2755 1795 3086 1860 Κασσιανὺς,
3111 1795 3402 1861 Πούπλιος,
3429 1799 3722 1866 Μάξιμος,

441 1887 710 1952 Julianus,
770 1884 960 1946 Caius,
1009 1882 1265 1938 Julianus
1325 1883 1486 1947 alter,
1529 1881 1746 1952 Capito,
1811 1883 2026 1948 Valens,

446 1979 819 2043 Dolichianus,
874 1974 1194 2040 Narcissus,
1237 1976 1330 2044 qui
1382 1974 1671 2030 Narcissus
1714 1976 2028 2045 apostolicis

443 2071 659 2127 dotibus
697 2069 1018 2140 cumprimis
1065 2067 1316 2133 illustris,
1347 2075 1403 2122 et
1437 2068 1637 2121 silentii
1669 2082 1732 2122 ac
1777 2067 2030 2122 solitudi-

446 2167 529 2221 nis
573 2179 786 2232 amans,
837 2166 1210 2234 episcOpatum
1253 2163 1518 2216 deserens
1560 2162 1612 2214 in
1664 2163 1908 2231 ignotum
1953 2163 2028 2216 Io-

445 2275 568 2316 cum
604 2259 868 2330 profugit,
917 2268 972 2312 et
1011 2272 1134 2311 eum
1170 2256 1260 2311 diu
1313 2258 1655 2325 multumque
1681 2271 1712 2310 a
1740 2255 1944 2324 populo
1977 2265 2032 2308 et

446 2357 722 2430 episcopis
765 2356 910 2411 illius
955 2353 1250 2424 provincia
1297 2355 1561 2424 quaesitus
1611 2369 1717 2408 non
1759 2351 2033 2406 invenire-

449 2462 560 2516 tur,
617 2450 948 2515 snbrogatur
1001 2447 1054 2500 in
1105 2445 1224 2513 ejus
1269 2445 1446 2500 locum
1479 2448 1764 2514 episcopus
1791 2445 1943 2509 Dius,
1979 2453 2033 2496 et

449 2552 572 2612 post
611 2558 734 2595 eum
771 2538 1143 2604 Germanion;
1179 2538 1304 2590 huic
1338 2539 1581 2591 succedit
1627 2536 1879 2591 Gordias.
1920 2533 2034 2588 Sub

453 2640 556 2690 hoc
595 2633 886 2688 Narcissus
912 2635 1133 2691 iterum,
1161 2639 1422 2698 tanquam
1446 2645 1511 2683 ex
1548 2631 1750 2699 adytis,
1779 2638 2030 2700 apparet,

454 2729 666 2796 fuitque
702 2742 825 2780 cum
864 2724 1037 2777 electo
1065 2724 1344 2791 episcopo,
1385 2730 1544 2774 aetate
1571 2721 1868 2774 admodum
1902 2735 2031 2790 pro-

456 2830 630 2885 vecta,
684 2820 754 2870 ita
822 2828 881 2869 ιιι
939 2814 1250 2868 tricesimus
1299 2830 1327 2866 a
1371 2812 1653 2866 Dominica
1695 2814 1945 2880 passione
1979 2817 2030 2865 in

451 2913 836 2981 epise0porum
885 2906 1079 2960 ordine
1127 2907 1346 2959 vixerit.
1382 2905 1647 2972 Episcopo
1670 2913 1878 2966 autem,
1913 2919 2032 2957 cum

452 3021 562 3074 quo
597 3009 968 3057 cummoratns
1011 2997 1212 3062 fuerat,
1263 2997 1541 3078 defuncto,
1583 3007 1636 3048 et
1679 2994 1937 3048 Narcisso
1968 2994 2034 3046 ad

453 3108 754 3150 extremam
840 3100 1177 3145 senectutem
1247 3088 1358 3157 jam
1436 3102 1725 3156 progresso
1789 3087 2034 3156 (centum

454 3187 598 3240 enim
633 3192 689 3238 et
728 3181 1001 3236 sexdecim
1054 3196 1224 3233 annos
1269 3181 1630 3248 excesserat),
1664 3177 2034 3232 Alexandrum

453 3274 744 3346 quemdam
786 3272 1123 3341 episcopum,
1159 3271 1223 3323 ab
1264 3269 1370 3323 alia
1417 3269 1721 3339 provincia,
1755 3267 2036 3337 religionis

454 3378 608 3434 ergo,
663 3364 729 3415 ad
781 3375 936 3414 sacra
993 3361 1108 3415 loca
1156 3361 1492 3423 venientem,
1523 3373 1622 3426 pro
1659 3359 1800 3426 ipso,
1845 3374 1910 3411 ex
1952 3359 2034 3410 di-

457 3461 580 3511 vina
662 3454 996 3509 revelatione
1077 3454 1393 3522 episcopum
1471 3450 2035 3521 llierosolyinitannm

457 3550 818 3610 constituunt,
860 3546 1047 3600 multis
1092 3561 1214 3600 eum
1247 3545 1314 3599 ad
1359 3544 1412 3598 id
1457 3543 1934 3598 cohortationibus
1964 3543 2040 3595 in-

459 3641 711 3705 citantes,
754 3638 846 3707 qui
901 3637 1114 3690 tandem
1153 3637 1419 3705 martyrio
1464 3645 1900 3689 consummatur.
1940 3637 2039 3687 At-

458 3749 564 3802 que
611 3733 695 3786 his
746 3729 1082 3798 temporibus
1137 3726 1378 3782 Ecclesia
1435 3726 1525 3780 Dei
1563 3725 1673 3780 alta
1721 3739 1855 3794 pace
1891 3724 2038 3778 frue-

458 3827 638 3890 batur,
699 3839 765 3878 eo
813 3825 954 3892 quod
999 3831 1173 3875 mater
1236 3819 1606 3890 imperatoris,
1645 3817 1893 3884 Mannea,
1951 3818 2036 3886 pia

459 3915 750 3968 admodum
781 3911 871 3964 Dei
897 3909 1096 3965 cultrix
1123 3918 1263 3963 erat.

532 4020 846 4077 Alexandro
892 4028 1072 4074 autem
1114 4020 1181 4074 ab
1230 4019 1462 4089 imperio
1491 4018 1809 4083 decedente,
1853 4034 2043 4073 susce-

460 4119 536 4185 pit
569 4117 696 4170 illnd
751 4113 1079 4168 Maximinus
1129 4127 1228 4182 per
1260 4126 1432 4166 annos
1462 4121 1596 4166 tres.
1630 4111 1728 4164 llic
1762 4113 1959 4166 acerbe
1986 4112 2037 4164 in

460 4210 750 4264 Alexandri
807 4207 1068 4260 familiam
1153 4206 1428 4269 invectus,
1489 4206 1923 4274 persecutionem
1984 4207 2038 4259 in

459 4303 803 4359 Christianos
837 4299 1206 4363 resuscitavit,
1257 4298 1629 4367 przesidesque
1665 4297 2037 4352 Eeelesiarum

461 4399 528 4449 de
559 4396 736 4448 medio
784 4392 894 4446 tolli
935 4392 1209 4460 praecepit,
1263 4402 1516 4461 tanquam
1572 4391 2039 4460 blasphemiarum

464 4490 516 4542 in
554 4487 686 4540 deos
737 4501 865 4540 suos
907 4495 1180 4539 auctores.
1230 4483 1306 4537 Eo
1356 4497 1571 4538 mortuo
1613 4483 1914 4537 Romanum
1949 4501 2036 4537 as-

463 4581 695 4648 sumpsit
747 4579 1032 4647 imperium
1086 4577 1361 4646 Pnpienus
1415 4587 1470 4629 et
1511 4593 1632 4632 eum
1683 4593 1746 4630 eo
1782 4575 2041 4629 Balhinus

465 4687 682 4728 menses
723 4683 854 4724 tres.
911 4669 1006 4725 llis
1048 4671 1294 4724 succedit
1345 4669 1649 4723 Gordianus
1699 4686 1871 4724 annos
1925 4686 2041 4732 sex,

463 4776 582 4834 post
620 4781 742 4820 eum
801 4763 1080 4833 Philippus
1125 4763 1429 4832 imperator
1474 4777 1648 4815 annos
1683 4773 1912 4831 septem.
1948 4762 2045 4814 llie

464 4859 680 4911 demum
712 4869 838 4909 vere
872 4856 922 4906 in
953 4852 1237 4907 Christum
1283 4851 1536 4908 credidit.
1580 4853 1780 4908 Verum
1829 4854 2044 4917 Decius,

465 4947 662 5004 diaboli
716 4947 1006 5014 minister,
1056 4961 1180 4999 eum
1232 4942 1578 5013 interimens,
1626 4947 1912 5016 imperium
1953 4964 2048 5015 per

465 5055 638 5094 armos
692 5041 828 5095 duos
870 5040 1130 5094 obtinuit.
1180 5039 1295 5094 Sub
1353 5055 1460 5108 quo
1506 5039 1635 5092 dum
1692 5039 2046 5094 acerbissima

466 5131 770 5201 persecutio
809 5141 956 5185 esset
989 5143 1203 5198 exorta,
1239 5131 1507 5186 innumeri
1543 5131 1742 5200 ubique
1773 5132 2047 5200 martyrio

465 5235 596 5280 sunt
635 5224 841 5280 allecti.
875 5225 948 5278 Eo
987 5234 1169 5278 autem
1220 5241 1323 5278 una
1358 5239 1478 5278 cum
1512 5223 1700 5278 liberis
1735 5224 2046 5287 interfecto,

465 5319 650 5372 Gallus
689 5329 744 5370 et
782 5316 1107 5371 Volusianus
1148 5319 1197 5369 in
1249 5316 1538 5385 imperiam
1587 5331 1684 5384 per
1734 5325 1845 5371 tres
1874 5331 2048 5369 armos

465 5411 791 5474 succedunt,
842 5418 959 5480 post
991 5425 1126 5478 quos
1187 5407 1505 5462 Valerianus
1557 5419 1612 5462 et
1656 5406 1912 5462 Galieuus
1961 5422 2049 5462 se-

2142 1885 2448 1950 Ἰουλιανὸς,
2511 1887 2671 1948 Γάϊος
2711 1925 2726 1950 ,
2810 1887 3094 1950 Ἰουλιανὸς
3137 1888 3324 1960 ἕτερος
3359 1929 3374 1951 ,
3434 1891 3722 1950 Καπίτων,

2129 1978 2380 2046 Οὑάλης,
2439 1978 2750 2048 Δολιχιανὸς
2809 1978 3124 2049 Νάρκισσος
3177 1980 3309 2048 (49).
3381 1975 3558 2042 Οὗτος
3614 1981 3724 2034 δὲὸ

2130 2067 2438 2138 Ναρκισσὸς
2476 2069 2850 2133 ᾁποστολικοῖς
2876 2072 3186 2141 χαρίσμασι
3229 2072 3720 2142 λαμπρυνόμενος,

2131 2161 2224 2212 καὶ
2268 2161 2364 2231 τῆς
2415 2162 2645 2232 ἡσυχίας
2685 2162 2852 2232 ἐρῶν,
2902 2164 3235 2233 καταλείψας
3266 2165 3365 2234 τὴν
3414 2167 3725 2235 ἐπισκοπὴν

2131 2254 2211 2316 είς
2265 2253 2579 2320 ἀγνώστους
2632 2256 2832 2318 τόπους
2874 2256 3108 2326 ἀπέδρα.
3159 2257 3335 2310 Πολλά
3390 2258 3722 2328 ζητηθέντος

2133 2345 2237 2396 ὑπὸ
2265 2343 2357 2396 τοῦ
2388 2344 2516 2396 λαοῦ
2545 2346 2638 2397 καὶ
2658 2345 2769 2398 τῶν
2801 2347 2902 2416 τῆς
2935 2348 3204 2418 ἐπαρχίας
3232 2351 3555 2403 ἐπισκόπων
3581 2392 3598 2417 ,
3635 2353 3728 2403 καὶ

2136 2437 2211 2507 μὴ
2248 2435 2605 2507 εὑρεθέντος,
2650 2438 3015 2508 προϐάλλεται
3062 2440 3176 2492 ἀντ’
3201 2442 3367 2495 αὑτοῦ
3420 2445 3728 2506 ἐπίσκοπος

2134 2526 2278 2590 Διὸς,
2308 2526 2427 2596 μετ’
2461 2527 2624 2579 αὑτὸν
2652 2527 2996 2598 Γερμανίων.
3024 2530 3228 2584 Τοῦτον
3254 2532 3566 2602 διαδέχεται
3592 2536 3726 2604 Γορ-

2133 2617 2272 2680 δίας.
2310 2617 2436 2670 Ἐπὶ
2459 2617 2671 2685 τούτου,
2698 2617 2889 2692 ὥσπερ
2921 2620 2980 2684 ἐξ
3017 2621 3227 2675 ἀδύτων
3252 2663 3266 2687 ,
3294 2624 3459 2676 πάλιν
3491 2626 3730 2692 ἀναφαί-

2135 2725 2287 2761 νεται
2314 2710 2647 2780 Νάρκισσος.
2683 2711 2788 2763 Καὶ
2813 2707 2882 2782 ἦν
2921 2714 3018 2766 σὺν
3038 2713 3114 2783 τῷ
3138 2715 3576 2786 χειροτονηθέντι
3613 2720 3731 2770 ἐπι-

2139 2799 2329 2870 σκόπῳ
2371 2801 2548 2870 γέρων
2599 2801 2732 2854 πολὺ
2776 2803 3059 2873 ὑπάρχων,
3097 2805 3171 2867 ὡς
3193 2803 3335 2858 εῖναι
3370 2807 3540 2859 αὑτὸν
3568 2824 3728 2878 τρια-

2139 2892 2330 2944 κοστὸν
2362 2893 2470 2944 ἀπὸ
2513 2893 2606 2946 τοῦ
2636 2895 2906 2964 σωτηρίου
2952 2895 3178 2957 πάθους.
3211 2895 3318 2948 Τοῦ
3357 2897 3415 2949 δὲ
3452 2899 3552 2950 σὺν
3579 2899 3732 2968 αὐτῷ

2141 2986 2438 3038 ἐπισκόπου
2466 2985 2847 3049 τελειωθέντος
2875 2987 2967 3040 καὶ
2992 2988 3085 3040 τοῦ
3125 2988 3440 3057 Ναρκίσσου
3479 2990 3733 3061 ὑπεργη-

2144 3079 2427 3147 ράσαντος,
2453 3073 2520 3149 ἦν
2551 3079 2661 3149 γὰρ
2685 3079 2823 3132 ἐτῶν
2883 3080 3078 3132 ἑκατὸν
3118 3080 3431 3147 ἑξκαίδεκα,
3478 3083 3732 3150 Ἀλέξαν-

2065 3151 2107 3206 C
2140 3170 2264 3240 δρόν
2289 3188 2407 3223 τινα
2453 3172 2750 3223 ἐπίσκοπον
2773 3171 2880 3224 ἀπὸ
2915 3173 3107 3242 ἑτέρας
3153 3174 3336 3242 χώρας
3387 3173 3618 3229 ἐλθόντα
3652 3179 3729 3240 είς

2141 3265 2514 3333 προσκύνησιν
2563 3264 2672 3317 τῶν
2719 3263 2889 3332 ἁγίων
2934 3266 3155 3330 τόπων,
3200 3266 3316 3318 ἀντ’
3367 3267 3539 3320 αὑτοῦ
3587 3273 3731 3321 κατά

2140 3355 2482 3423 ἀποκάλυψιν
2530 3354 2666 3407 Θεοῦ
2706 3356 3037 3408 καθιστῶσιν
3075 3358 3373 3409 ἐπίσκοπον
3425 3358 3728 3427 Ἰεροσολύ-

2145 3464 2282 3516 μων,
2317 3447 2484 3498 πολλὰ
2515 3447 2677 3498 αὑτὸν
2725 3447 3229 3516 παρακαλέσαντες,
3262 3450 3410 3512 ὅστις
3458 3453 3554 3501 καὶ
3589 3469 3728 3520 pap-

2140 3538 2314 3608 τυρίῳ
2369 3537 2600 3608 ὕστερον
2635 3539 2958 3592 τελειοῦται.
3011 3541 3147 3591 Κατ’
3203 3543 3447 3604 ἐκείνους
3499 3543 3558 3595 δὲ
3605 3548 3730 3608 τοὶς

2145 3631 2369 3701 χρόνους
2413 3632 2606 3701 εἰρήνη
2641 3630 2813 3702 πολλὴ
2847 3633 3093 3704 ὑπῆρχεν
3133 3635 3190 3684 ἐν
3231 3636 3347 3698 ταῖς
3374 3633 3731 3705 Ἐκκλησίαις

2139 3722 2236 3776 τοῦ
2269 3723 2424 3776 Θεοῦ.
2449 3721 2556 3776 τΗν
2595 3725 2703 3795 γὰρ
2733 3727 2765 3795 ἡ
2800 3725 2982 3797 μήτηρ
3008 3727 3099 3778 τοῦ
3143 3728 3572 3798 αὐτοκράτορος,
3605 3731 3728 3783 Μα-

2149 3817 2305 3886 μαία,
2339 3817 2596 3888 θεοσεϐὴς
2623 3819 2763 3874 λίαν.

2233 4017 2594 4092 Ἀλεξάνδρου
2648 4021 2705 4073 δὲ
2761 4019 3214 4083 καταπαύσαντος
3244 4021 3343 4091 τὴν
3381 4023 3582 4093 ἀρχὴν,
3614 4021 3730 4075 δια-

2145 4115 2358 4184 δέχεται
2391 4115 2489 4184 τὴν
2543 4115 2842 4183 ἠγεμονίαν
2886 4113 3190 4181 Μαξιμῖνος
3225 4114 3323 4183 ἐτη
3378 4115 3528 4183 τρία.
3564 4109 3732 4176 Οὗτος

2148 4207 2332 4270 κακῶς
2388 4207 2464 4278 τῷ
2529 4207 2878 4276 Ἀλεξάνδρου
2913 4206 3048 4276 οίκῳ
3095 4209 3444 4277 χρησάμενος
3487 4208 3733 4278 διωγμὸν

2147 4300 2339 4368 ἤγειρε
2368 4300 2509 4350 κατὰ
2541 4298 2647 4349 τῶν
2687 4298 3048 4367 Χριστιανῶν,
3086 4301 3177 4349 καὶ
3224 4300 3348 4362 τοὺς
3380 4301 3733 4370 προεστῶτας

2149 4392 2256 4442 τῶν
2298 4389 2634 4458 Ἐκκλησιών
2671 4389 3012 4458 ἀναιρεῖσθαι
3046 4391 3400 4460 προστάττει,
3423 4392 3498 4454 ὡς
3528 4393 3734 4452 αἰτίους

2079 4489 2117 4540 Ι)
2149 4483 2254 4536 τῶν
2283 4485 2360 4546 εἰς
2384 4484 2508 4545 τοὺς
2560 4483 2714 4545 θεοὺς
2747 4484 3125 4554 βλασφημιῶν.
3162 4487 3364 4537 Τούτου
3393 4487 3451 4540 δὲ
3479 4487 3736 4556 τελευτῇ-

2152 4590 2342 4634 σαντος
2371 4575 2476 4625 τῶν
2522 4573 2807 4644 Ῥωμαίων
2843 4578 3016 4645 σρχὴν
3052 4578 3472 4646 παρχλαμῦάνει
3533 4581 3737 4632 ﬂenti-

2151 4682 2236 4726 vo;
2273 4666 2363 4716 καὶ
2388 4665 2645 4728 Βαλϐῖνος
2672 4667 2845 4736 μῆνας
2879 4670 3048 4738 τρεῖς.
3082 4669 3322 4731 Τούτους
3345 4671 3400 4721 δὲ
3429 4673 3735 4740 διαδέχεται

2155 4757 2441 4828 Γορδιανδς
2467 4758 2653 4828 έτηιέξ.
2675 4760 2829 4812 Μετὰ
2855 4760 3044 4812 τοῦτον
3067 4762 3334 4826 Φίλιππος
3371 4765 3737 4835 αὐτοκράτωρ

2152 4850 2246 4919 ἔτη
2269 4851 2410 4902 ἑπτά
2435 4850 2783 4904 ἐϐασίλευσεν
2813 4865 2829 4881 ⁸
2859 4847 3012 4915 οὗτος
3039 4857 3276 4922 γνησίως
3310 4855 3633 4909 ἐπίστευσεν
3659 4859 3737 4918 εἰς

2153 4944 2386 5013 Χριστὸν
2413 4959 2426 4972 ·
2475 4943 2588 4995 ἀλλ’
2623 4946 2650 4997 ὁ
2700 4944 2978 5015 ὑπηρέτης
3014 4945 3107 4998 τοῦ
3143 4947 3358 5000 Σατανᾶ
3394 4949 3588 5014 Δέκιος
3619 4950 3738 5002 τοῦ·

2151 5052 2242 5087 τον
2269 5036 2596 5098 ἀποκτείνας
2625 5037 2858 5106 κατέσχε
2881 5039 2979 5107 τὴν
3009 5037 3286 5108 βασιλείαν
3325 5040 3420 5111 ἔτη
3455 5041 3575 5096 δύο.
3616 5041 3738 5094 ’Ἐπὶ

2152 5127 2364 5190 τούτου,
2388 5126 2628 5197 διωγμοῦ
2661 5128 2897 5197 χαλεποῦ
2945 5130 3279 5201 κινηθέντος,
3307 5132 3408 5184 οὑκ
3434 5133 3738 5203 εὐαρίθμη-

2150 5236 2234 5271 τοι
2267 5219 2407 5272 κατὰ
2433 5219 2632 5283 τόπους
2663 5221 3072 5293 ἐμαρτύρησαν.
3117 5223 3320 5276 Τούτου
3352 5225 3410 5278 δὲ
3441 5225 3540 5277 σὺν
3585 5224 3737 5278 παισὶ

2156 5311 2624 5380 κατασφαγέντος,
2643 5312 2946 5384 διαδέχεται
2976 5315 3076 5385 τὴν
3111 5314 3393 5385 βασιλείαν
3417 5317 3616 5378 Γάλλος
3646 5319 3738 5370 καὶ

2163 5405 2507 5469 ιὶουλισιανὸς
2549 5407 2646 5477 ἐτη
2676 5410 2815 5478 τρία,
2872 5409 2966 5460 καὶ
3013 5408 3234 5471 τούτους
3278 5409 3334 5462 δὲ
3375 5409 3734 5482 Οὐαλεριανὸς

1993 5583 2223 5641 ΝίῖΤΛὶ.

537 5682 648 5751 (ιθ)
678 5681 793 5751 Non
831 5679 1154 5751 conveniunt
1186 5679 1296 5730 hzec
1321 5691 1441 5751 cum
1463 5678 1870 5751 enumeratione
1896 5677 2051 5751 Nine-

471 5747 707 5822 pimri'in
753 5750 1015 5804 Cln'oniro
1047 5765 1063 5801 :
1096 5765 1252 5818 quem
1291 5749 1428 5800 vide.
1478 5748 1614 5804 Cod.
1649 5749 1775 5802 Sch.
1809 5761 1928 5816 post
1974 5747 2058 5803 Ju-

2163 5679 2384 5758 lianum,
2421 5679 2578 5758 habet
2610 5680 2708 5758 hos
2734 5680 2826 5758 :_'0
2859 5681 3174 5758 Σύμμαχος,
3206 5684 3368 5748 Γάϊος
3393 5687 3601 5758 ἕτερος,
3635 5684 3733 5738 lia.-

2174 5755 2376 5820 πῄτων,
2417 5751 2654 5821 Οὐάλης,
2682 5753 3008 5823 Δολιχιανὸς,
3046 5751 3384 5824 Νάρκισσος.
3417 5751 3522 5812 etc.
