3896 6306
179 310 320 377 4οί9

1139 323 1235 384 DE
1277 324 1751 388 INVENTIONE
1785 322 2090 387 SANCTJE
2117 323 2411 391 CRUCIS.

3309 331 3450 397 40δο

177 426 273 478 καὶ
308 423 546 494 Γαληνὸς
586 425 694 497 (50)
746 427 1051 500 διαδέχεται
1085 432 1180 504 ἔτη
1225 435 1544 491 δεκαπέντε.
1592 427 1763 501 Οὗτος

1874 447 2107 505 quttntur
2149 454 2248 508 per
2281 455 2451 496 annos
2484 442 2815 513 quindecim.
2840 444 2938 498 Ille
2961 459 3153 518 magna
3189 446 3242 501 in
3285 447 3451 503 Chri-

175 516 418 589 διωγμὸν
450 518 623 588 μέγαν
647 519 788 573 κατὰ
820 519 1164 591 Χριστιανῶν
1192 526 1433 599 ἤγειρεν.
1462 528 1601 583 Ὑπὸ
1631 530 1765 602 βαρ-

177 610 364 680 ϐάρων
409 610 467 666 δὲ
516 610 1081 684 αίχμαλωτισθέντος,
1133 620 1164 673 ὁ
1190 619 1305 686 υίὸς
1350 619 1517 675 αὐτοῦ
1562 620 1766 676 ἔπαυσε

178 704 274 756 τὸν
304 702 566 775 διωγμόν.

265 793 353 850 Ἐν
379 798 435 851 δὲ
462 796 985 873 ΑἱλίᾳἊΛέξανδρος
1003 805 1361 877 μαρτυρήσας
1392 803 1768 879 Μαρζαϐάνην

180 884 425 958 διάδοχον
448 889 548 958 τῆς
577 891 918 963 λειτουργίας
939 892 1220 964 κατέλιπε,
1251 895 1346 951 καὶ
1367 895 1557 953 τοῦτον
1606 898 1769 966 Ὑμέ-

181 998 334 1046 ναιος
362 981 690 1055 διαδέχεται.
736 985 894 1041 Μετὰ
920 988 1160 1059 Γαληνδν
1198 991 1462 1056 Κλαύδιος
1482 992 1767 1047 ἐϐασίλευ-

180 1089 278 1129 σεν
304 1074 398 1145 ἔτη
423 1074 535 1131 δύο.
562 1077 672 1130 Καὶ
697 1077 888 1133 τούτου
902 1079 1144 1152 διάδοχος
1174 1083 1412 1154 κατέστη
1449 1084 1769 1157 ’Δουρηλια-

178 1163 273 1226 νὸς
329 1165 421 1235 ἐτη
458 1166 540 1231 ἐξ.
603 1167 761 1221 Μετὰ
804 1169 995 1224 τοῦτον
1043 1171 1276 1238 Τάκιτος
1317 1176 1412 1227 καὶ
1457 1173 1768 1246 Φλωριανδς

178 1256 496 1327 ἐκράτησαν
529 1257 704 1328 μῆνας
727 1261 905 1326 ἐννέα.
935 1263 1138 1317 Τούτου
1175 1263 1382 1336 Πρόϐος
1410 1265 1654 1338 διάδοχος
1669 1267 1769 1336 γέ-

185 1366 344 1419 γονεν
395 1350 491 1420 ἐτη
524 1351 604 1416 ἕξ.
646 1353 849 1410 Τούτου
881 1354 939 1408 δὲ
973 1355 1397 1427 τελευτήσαντος
1441 1359 1539 1430 τὴν
1566 1362 1769 1431 ήγεμο-

180 1443 301 1497 νίαν
357 1445 575 1511 ἐδέξατο
630 1447 817 1519 Κάρος
868 1450 964 1503 σὺν
998 1452 1115 1512 τοῖς
1163 1453 1301 1515 υίοῖς
1334 1450 1499 1505 αὐτοῦ
1546 1453 1770 1524 Χαρίνῳ

181 1537 281 1590 καὶ
311 1537 678 1611 Νουμεριανῷ
707 1540 803 1611 ἐτη
831 1540 947 1596 δύο.
983 1540 1138 1595 Μετὰ
1181 1543 1405 1607 τούτους
1444 1543 1768 1616 μετέρχεται

101 1639 129 1705 εξ
181 1629 463 1700 βασιλείαν
498 1633 883 1703 Διοκλητιανδς
923 1636 1018 1689 καὶ
1082 1636 1425 1705 Μαξιμιανὺς
1453 1638 1626 1691 είκοσι
1673 1638 1769 1692 καί⁵

180 1722 244 1776 ἓν
262 1724 403 1787 ἔτος.
424 1725 547 1778 Ἐπὶ
569 1725 777 1781 τούτων
804 1728 833 1780 ὁ
850 1727 1153 1799 βαρύτατος
1170 1731 1261 1783 καὶ
1291 1730 1634 1801 μακρότατος
1657 1731 1768 1786 τῶν

176 1814 531 1886 Χριστιανῶν
580 1818 770 1886 γέγονε
810 1791 1071 1891 δίωγμδς,
1100 1791 1160 1874 ὲν
1187 1814 1233 1889 ᾧ
1279 1791 1645 1892 ὰναρίθμητοι
1676 1823 1765 1876 καὶ
1798 1791 1842 1846 Β

176 1907 374 1979 Κυρίῳ
434 1912 580 1981 μόνῳ
631 1912 975 1984 ὲγνωσμέναι
1029 1913 1291 1984 μυριάδες
1347 1915 1761 1985 ἐμαρτύρησαν.

189 1998 284 2051 Ἐν
313 2000 468 2070 Λίλίᾳ
498 2002 861 2075 δὲ’Υμέναιος
885 2004 984 2075 τὴν
1015 2004 1357 2077 λειτουργίαν
1382 2006 1765 2073 καταπαύσας,

174 2091 361 2146 Ζαύδα
400 2093 646 2166 διάδοχον
695 2097 862 2151 αὐτοῦ
888 2098 1304 2176 καταλέλοιπεν,
1337 2098 1431 2153 καὶ
1454 2099 1646 2153 τούτου
1672 2117 1767 2153 τε·

172 2184 564 2257 λευτήσαντος⁹
586 2189 813 2261 Ἕρμων
837 2192 927 2245 τὸν
955 2191 1143 2264 θρόνον
1159 2193 1424 2263 κατέσχεν
1462 2193 1764 2266 Ἰεροσολύ-

174 2295 320 2345 μων.

249 2455 316 2510 Οί
341 2455 397 2509 δὲ
428 2457 556 2528 περὶ
600 2459 985 2531 Διοκλητιανὺν
1031 2462 1125 2516 καὶ
1153 2459 1499 2533 Μαξιμιανὸν
1521 2461 1613 2516 τὸν
1642 2461 1765 2516 ὲπί-

170 2549 317 2620 κλην
374 2550 716 2622 Ἐρκούλιον,
749 2552 887 2623 μετὰ
916 2554 978 2608 τὸ
1031 2555 1350 2609 ἀποκτεῖναι
1404 2554 1606 2618 αὐτοὺς
1656 2554 1766 2609 τῶν

172 2637 348 2710 ὰγίων
375 2642 576 2707 πολλὰς
610 2644 913 2715 μυριάδας,
946 2645 1138 2718 ὥσπερ
1175 2648 1336 2718 κόρον
1373 2644 1633 2709 λαϐόντες
1654 2645 1766 2699 τῶν

177 2730 392 2795 κακῶν,
420 2736 486 2803 τῇ
524 2733 800 2807 ὑπερϐολῇ
823 2735 925 2804 τῆς
944 2737 1207 2801 ἀπονοίας
1231 2736 1512 2805 ἀρθέντες,
1551 2737 1766 2808 προφά-

177 2839 264 2876 σει
292 2822 604 2890 θεοσεϐείας
619 2826 910 2899 άλιτὰρχαι
935 2828 1240 2899 γενόμενοι,
1302 2830 1367 2886 ὲκ
1419 2828 1766 2899 συνθήματος

173 2916 447 2970 ἀπέθεντο
499 2918 561 2970 τὸ
590 2919 860 2989 βασίλειον
882 2961 898 2986 ,
923 2921 1018 2975 καὶ
1051 2922 1133 2985 είς
1181 2922 1455 2993 ἰδιωτικὴν
1491 2920 1767 2993 διαγωγὴν

177 3009 618 3080 κατεστάθησαν.
650 3012 995 3083 Μαξιμιανὸς
1042 3015 1156 3086 (5i)
1206 3016 1235 3069 ό
1263 3014 1557 3086 λεγόμενος
1597 3015 1766 3069 Γαλέι·

1869 525 2077 580 stianos
2096 530 2475 596 persecutione
2500 541 2780 601 grassatus
2797 540 2899 587 est.
2915 530 3050 587 Cum
3073 542 3254 590 autem
3278 549 3307 589 a
3324 534 3451 591 bar—

1870 617 2017 674 baris
2039 627 2185 674 esset
2204 619 2562 693 interceptus,
2591 623 2733 680 illius
2753 623 2873 696 ejus
2896 626 3261 697 persecutioni
3290 626 3451 683 tinem

1871 708 2019 766 fecit.

1942 801 2106 859 Elia?
2128 803 2345 861 interim
2386 806 2697 863 Alexander
2726 810 2990 881 martyrio
3019 810 3265 868 sublatus
3307 811 3453 867 Maro

1870 898 2117 954 zabanen
2160 914 2537 956 successorem
2589 901 2643 956 in
2691 903 2998 959 ministerio
3050 918 3152 957 suo
3208 905 3451 976 reliquit,

1872 1006 2035 1061 quem
2093 992 2293 1048 deinde
2352 992 2678 1064 Hymenaeus
2725 994 2953 1063 excipit.
3006 994 3136 1052 Post
3164 994 3451 1053 Galienum

1870 1081 2139 1137 Claudius-
2186 1083 2477 1153 imperavit
2529 1100 2704 1141 annos
2749 1086 2910 1153 duos,
2957 1084 3118 1157 cujus
3164 1100 3456 1142 successor

1871 1185 2091 1233 creatur
2131 1177 2481 1244 Aurelianus,
2533 1179 2814 1247 imperans
2858 1194 3031 1236 annos
3079 1194 3200 1245 sex,
3250 1186 3457 1249 etpost

1870 1277 1993 1319 eum
2031 1262 2256 1319 Tacitus
2289 1277 2413 1319 cum
2454 1263 2708 1321 Floriano
2741 1282 2924 1322 rerum
2954 1267 3111 1337 potiti
3145 1275 3273 1320 sunt
3301 1281 3456 1322 men-

1870 1368 1958 1409 ses
1986 1367 2206 1410 novem.
2226 1352 2336 1411 llos
2355 1354 2563 1411 Probus
2585 1356 2912 1412 subsecutus
2931 1366 3017 1412 est
3031 1372 3125 1428 per
3142 1371 3313 1412 annos
3333 1371 3451 1419 sex.

1870 1463 1936 1503 eo
1963 1458 2144 1502 autem
2181 1463 2212 1502 ε
2249 1449 2387 1504 vivis
2417 1448 2659 1516 sublato,
2691 1450 2927 1520 suscepit
2964 1450 3249 1520 imperium
3284 1450 3455 1505 Carus

1870 1556 1994 1596 cum
2015 1540 2143 1596 ﬁliis
2167 1540 2368 1596 Carino
2386 1551 2441 1597 et
2459 1540 2792 1599 Numeriano
2818 1558 2912 1612 per
2929 1557 3104 1597 annos
3139 1543 3297 1597 duos.
3325 1541 3456 1597 Post

1872 1632 1999 1705 illos
2051 1632 2339 1703 imperium
2392 1635 2620 1704 adeptus
2671 1644 2757 1690 est
2795 1633 3184 1699 Diocletianus,
3221 1644 3278 1691 et
3326 1648 3449 1690 eum

1872 1725 1966 1780 illo
2009 1725 2373 1784 Maximianus
2419 1743 2594 1784 annos
2645 1728 2840 1800 viginti
2876 1738 2929 1783 et
2960 1745 3155 1784 unum.
3209 1728 3322 1784 Sub
3369 1728 3455 1783 liis

1868 1817 2200 1887 gravissima
2228 1827 2284 1873 et
2325 1817 2642 1889 longissima
2669 1820 2723 1874 in
2759 1818 3109 1876 Christianos
3140 1820 3456 1888 persecutio

1869 1918 2061 1965 exorta
2108 1917 2213 1977 est,
2256 1926 2364 1981 qua
2397 1911 2626 1968 inﬁnita:
2666 1926 2730 1968 ac
2772 1911 2870 1967 soli
2923 1911 3036 1967 Deo
3067 1913 3296 1983 cognitae
3335 1925 3456 1984 my-

1871 2002 2052 2059 riades
2110 1992 2434 2075 martyrium
2502 2006 2832 2060 subierunt:
2889 2004 3220 2077 Hymenaeus
3271 2016 3450 2060 autem

1870 2093 2223 2164 episcopatus
2274 2094 2584 2150 ministerio
2617 2093 2731 2161 jam
2769 2092 3083 2160 defunctus,
3122 2091 3364 2148 Zaudam
3396 2092 3450 2147 in

1870 2185 2098 2241 Alliensi
2167 2186 2409 2241 civitate.
2441 2200 2816 2241 successorem
2858 2185 3104 2254 reliquit.
3154 2185 3331 2255 Atque
3387 2198 3450 2239 eo

1870 2288 2090 2333 mortuo
2133 2266 2375 2332 Hermon
2421 2280 2609 2333 sedem
2646 2276 3015 2348 episcopalem
3052 2275 3452 2348 Hierosolymis

1866 2369 2128 2428 obtinuit.

1937 2461 2243 2533 Postquam
2312 2470 2496 2518 autem
2543 2460 2913 2518 Diocletianus
2962 2469 3017 2518 et
3061 2461 3450 2526 Maximianus,

1868 2564 2236 2627 cognomento
2292 2554 2600 2621 llerculius,
2647 2554 2847 2610 occisis
2896 2553 3084 2609 multis
3133 2562 3451 2610 sanctorum

1869 2648 2133 2715 millibus,
2167 2647 2351 2703 satiati
2397 2647 2801 2716 quodammodo
2835 2643 3079 2714 ﬂagitiis,
3105 2660 3227 2716 qua:
3258 2659 3453 2717 perpe-

1870 2747 2176 2806 traverant,
2218 2736 2558 2802 viderentur,
2617 2736 2908 2792 immodica
2976 2736 3177 2791 mentis
3228 2735 3451 2793 vesania

1868 2839 2025 2886 actos
2055 2828 2272 2901 imperii
2319 2829 2522 2884 taedere
2557 2829 2744 2900 cmpit,
2777 2829 2923 2900 quod
2948 2829 3050 2884 sub
3081 2827 3301 2899 pietatis
3364 2841 3453 2881 re-

1870 2921 2202 2993 ligionisque
2252 2928 2545 2989 praetextu,
2613 2935 2681 2975 ex
2732 2921 3041 2990 composito
3095 2921 3454 2990 deponentes,

1871 3015 1924 3068 in
1968 3014 2135 3068 vitam
2170 3012 2440 3083 privatam
2505 3015 2896 3083 remtgrarunt.
2935 3010 3068 3067 Post
3107 3023 3245 3078 quos
3281 3008 3456 3064 Maxi-

180 3118 318 3171 ριος,
352 3103 446 3156 κα)⁸
482 3105 782 3171 Μαξέντιος
809 3108 837 3161 ὁ
866 3108 983 3172 υίὸς
1017 3107 1113 3161 τοῦ
1156 3108 1470 3179 Ἐρκουλίου
1500 3109 1764 3178 κατέσχον

1874 3107 2110 3172 miauus,
2142 3106 2236 3176 qui
2272 3107 2438 3161 etiam
2486 3103 2738 3161 Galerius
2778 3103 3088 3171 dicebatur,
3142 3112 3198 3158 et
3232 3101 3459 3157 Maxen-

177 3192 284 3261 τὴν
323 3193 641 3266 Ῥωμαϊκὴν
666 3197 962 3267 ἡγεμονίαν
993 3198 1090 3271 ἔτη
1114 3200 1289 3255 ὲννέά.
1311 3200 1368 3254 '0
1403 3201 1502 3271 μέν
1534 3217 1617 3253 τοι
1647 3201 1765 3254 Μα-

1874 3201 1980 3256 tius
2026 3199 2174 3254 ﬁlius
2218 3192 2517 3264 Herculei,’
2551 3198 2845 3269 imperium
2888 3197 3252 3252 obtinuerunt
3280 3209 3457 3250 annos

178 3286 432 3358 ξιμιανὸς
476 3291 535 3343 ὲν
576 3293 686 3356 τοῖς
736 3292 838 3363 τῆς
894 3292 1069 3363 Ἐᾠας
1098 3294 1289 3365 μέρεσι
1325 3292 1618 3364 διέτριϐεν,
1661 3294 1765 3347 ὁδὶ

1874 3307 2091 3348 novem.
2161 3290 2522 3346 Maximianus
2584 3300 2766 3347 autem
2824 3291 2876 3344 in
2925 3289 3150 3346 Oriente
3201 3287 3460 3345 versaba-

177 3380 483 3447 Μαξέντιος
509 3386 566 3438 ὲν
589 3387 729 3458 αὐτῇ
763 3390 829 3457 τῇ
863 3377 1054 3459 Ῥώμῃ
1078 3391 1145 3459 τῇ
1184 3388 1397 3459 μεγάλῃ
1423 3387 1491 3441 τὰ
1524 3388 1765 3458 βασίλεια

1874 3393 1980 3441 tur.
2038 3383 2342 3440 Maxentius
2408 3398 2539 3439 vero
2628 3382 2684 3437 in
2759 3382 3149 3452 augustissima
3236 3380 3462 3437 civitate

178 3474 502 3544 ἐποιήσατο,
530 3476 695 3546 θῆρες
722 3478 907 3549 ἄγριοι
940 3474 1089 3532 οὗτοι
1114 3480 1207 3533 καὶ
1240 3481 1349 3532 πᾶν
1400 3476 1541 3543 εἶδος
1570 3479 1765 3557 κακίας

1874 3479 2142 3542 Romana,
2208 3469 2478 3548 imperiali
2553 3476 2883 3546 fungebatur
2947 3488 3200 3539 munere,
3265 3473 3481 3529 bellum.

184 3567 610 3636 μετερχόμενοι,
661 3569 756 3622 καὶ
799 3570 1049 3640 σφοδρῶς
1097 3570 1240 3624 κατὰ
1276 3570 1386 3625 τῶν
1429 3573 1765 3642 Χριστιανῶν

1874 3588 2007 3630 sane
2044 3570 2477 3634 immanissima,
2514 3570 2717 3639 quique
2757 3569 2810 3622 in
2858 3582 3019 3622 omne
3048 3566 3346 3637 impietatis
3370 3580 3463 3634 ge-

179 3656 624 3727 ὲπιμαινόμενοι.
678 3659 1107 3713 Συνεϐασίλευσε
1161 3651 1218 3714 δὲ
1264 3663 1451 3725 αὐτοῖς
1488 3664 1632 3717 κατὰ
1674 3664 1765 3734 τὴν

1875 3681 1978 3721 nus
2030 3672 2437 3735 pervenerant;
2490 3661 2762 3733 imprimis
2814 3671 3000 3717 autem
3057 3668 3249 3715 contra
3301 3657 3463 3714 Chri—

179 3750 484 3820 Βρετανίαν
532 3750 764 3817 Κώστας
815 3754 844 3806 ὁ
897 3753 1093 3823 μέγας,
1125 3754 1154 3806 ὁ
1191 3753 1287 3808 τοῦ
1334 3755 1576 3825 μεγάλου
1613 3757 1765 3810 Κων·

1874 3760 2086 3814 stianos
2114 3756 2475 3812 insanientes.
2509 3751 2790 3822 Regnavit
2829 3768 2952 3807 cum
2994 3751 3131 3821 ipsis
3159 3751 3214 3805 in
3242 3750 3461 3805 Britan-

183 3841 467 3896 σταντίνου
504 3844 685 3915 πατὴρ
708 3886 722 3907 ,
763 3845 904 3916 ὰνήρ
951 3845 1019 3899 τὰ
1053 3846 1233 3901 πάντα
1278 3846 1645 3918 γαληνότατος
1680 3848 1765 3902 καὶ

1875 3850 1963 3903 nia
1994 3849 2265 3905 Constans
2309 3861 2559 3917 magnus,
2591 3844 2681 3915 qui
2721 3844 3065 3900 Constantini
3098 3843 3281 3913 magni
3311 3850 3464 3912 pater

185 3933 494 4002 πραότατος
523 3974 538 3998 ,
604 3936 889 3990 εὐσέϐειαν
940 3937 1325 4009 ἀσπαζόμενος
1357 3981 1372 4003 ,
1424 3940 1518 3994 καὶ
1581 3940 1765 3993 εἴδωλα

1876 3943 2002 4008 fuit,
2032 3941 2118 3996 vir
2142 3957 2238 4012 per
2265 3941 2448 3995 omnia
2480 3937 2890 4009 placidissimus
2911 3952 2979 3990 ac
3005 3935 3458 3997 humanissimus,

184 4025 618 4097 μυσαττόμενος,
647 4028 742 4082 καὶ
765 4027 887 4083 λίαν
910 4029 1036 4095 τοὺς
1053 4031 1417 4102 Χριστιανοὺς
1442 4031 1765 4103 ἀποδεχόμε-

1875 4034 2133 4105 pietatem
2160 4033 2516 4102 amplectens,
2549 4039 2607 4086 et
2632 4029 2775 4086 idola
2819 4031 3147 4094 detestans;
3186 4025 3460 4083 Christia-

184 4133 296 4181 νος·
1876 4141 1976 4182 nos
2007 4138 2229 4196 quoque
2267 4138 2381 4194 pra:
2413 4121 2630 4178 caeteris
2657 4122 2858 4177 charos
2888 4121 3116 4175 habens.

267 4211 327 4265 '0
367 4212 425 4264 δὲ
466 4212 879 4276 Κωνσταντῖνος
912 4212 992 4268 ἔτι
1030 4214 1294 4287 ὑπάρχων
1328 4217 1461 4279 παῖς
1494 4212 1649 4285 παρά
1695 4215 1765 4286 τῷ

1944 4217 2339 4273 Constantinus
2395 4222 2579 4269 autem
2627 4212 2809 4268 adhuc
2866 4226 3000 4281 puer
3045 4210 3188 4281 apud
3220 4209 3462 4266 Orientis

180 4302 281 4371 τῆς
319 4302 485 4373 Ἐῴας
510 4304 758 4374 τυράννῳ
780 4304 1057 4376 ἐτρέφετο,
1104 4307 1492 4376 παιδευόμενος
1523 4307 1620 4379 τὴν
1659 4308 1765 4362 Ἑλ·

1878 4319 2171 4382 tyrannum
2227 4307 2602 4370 educabatur;
2658 4306 2713 4360 in
2774 4304 3111 4362 Gracauicis
3159 4302 3464 4373 disciplinis

179 4390 410 4464 ληνικὴν
438 4393 634 4463 σοφίαν
658 4436 673 4458 ,
715 4396 837 4450 ὅθεν
869 4397 1021 4467 αὐτῷ
1055 4400 1149 4452 καὶ
1182 4401 1240 4452 ὲν
1288 4399 1620 4472 Παλαιστίνῃ
1659 4399 1765 4453 ὄντι

1878 4399 2128 4468 apprime
2176 4400 2500 4452 instructus.
2555 4393 2711 4451 Unde
2762 4397 2964 4451 accidit
3009 4397 3176 4465 quod,
3241 4410 3364 4450 cum
3406 4397 3460 4450 in

180 4486 278 4539 καὶ
323 4485 642 4556 θεωροῦντι,
686 4488 787 4542 ὅσα
840 4490 1141 4560 πάσχουσιν
1187 4491 1238 4545 οἱ
1286 4492 1464 4547 δοῦλοι
1502 4493 1765 4564 Χριστοῦ,

1874 4489 2163 4545 Palaestina
2222 4496 2574 4553 versaretur,
2637 4487 2955 4557 videretque
3025 4501 3192 4555 quam
3257 4488 3454 4541 acerba

179 4577 433 4633 ἐδάκνετο
458 4580 491 4649 ἡ
516 4580 689 4652 ψυχή.
723 4577 832 4635 Ἦν
854 4583 964 4653 γὰρ
992 4584 1357 4655 μισοπόνηρος
1389 4587 1452 4638 ἐκ
1488 4586 1764 4642 παιδόθεν.

1875 4580 2085 4636 Christi
2128 4580 2370 4636 cultores
2417 4589 2755 4648 paterentur,
2800 4579 3042 4646 graviter
3076 4578 3263 4632 animo
3301 4579 3460 4633 indo-

179 4670 285 4723 Τὸν
312 4670 369 4724 δὲ
398 4671 779 4742 Διοκλητιανδν
804 4675 861 4727 ὲν
900 4675 1184 4746 Δαλματίᾳ
1215 4676 1467 4743 διάγοντα
1497 4678 1765 4733 κατέλαϐε

1876 4676 2143 4741 lesceret;
2180 4673 2359 4727 fuerat
2391 4674 2537 4727 enim
2592 4672 2660 4727 ab
2717 4670 3062 4726 incunabulis
3122 4670 3459 4741 improbitati

178 4760 440 4832 θεήλατος
488 4762 651 4835 ὀργὴ,
680 4766 777 4819 κοιλ⁸
811 4765 1079 4834 ὀγκωθεὶς
1134 4768 1194 4820 τὸ
1246 4767 1409 4838 σῶμα
1460 4771 1541 4834 είς
1591 4769 1765 4823 πολλὰ

1876 4767 2313 4830 infensissimus,
2369 4765 2750 4833 malorumque
2797 4779 2926 4819 osor
2967 4764 3293 4820 acerrimus.
3329 4765 3455 4820 Dio~

177 4852 538 4925 διερρήγνυτο
586 4856 755 4927 μέρη,
795 4861 895 4926 τῆς
949 4857 1271 4931 βλασφήμου
1304 4860 1470 4914 αὐτοῦ
1513 4861 1765 4933 γλώσσης

1875 4858 2169 4916 cletianum
2229 4859 2451 4914 interim
2519 4859 2572 4912 in
2635 4857 2903 4912 Dalmatia
2967 4866 3216 4923 agentem
3250 4856 3456 4921 ,divina

177 4945 449 5017 σαπείσης
472 4949 532 5001 ἐν
567 4948 648 5020 τῷ
677 4949 916 5023 λάρυγγι
948 4952 1116 5005 αὑτοῦ
1151 4954 1247 5007 καὶ
1301 4954 1505 5026 πλῆθος
1546 4957 1762 5030 σκωλή-

1874 4951 2114 5006 vindicta
2148 4949 2434 5018 corripuit.
2491 4947 2626 5004 Nam
2660 4963 2783 5003 eum
2831 4961 3066 5018 corpore
3095 4949 3337 5018 graviter
3369 4947 3456 5002 iu~

178 5057 290 5094 κων
312 5041 703 5113 ὰναϐρισάσης.
733 5042 921 5119 Οὕτως
944 5044 1226 5117 ἀπέρρηξε
1257 5045 1319 5099 τό
1350 5047 1588 5119 πνεῦμα.
1618 5050 1679 5104 Ὁ
1706 5050 1763 5103 δὲ

191 5130 505 5204 Ἐρκούλιος
548 5135 606 5188 ἐν
636 5134 838 5206 Ταρσῷ
875 5116 975 5207 cii;
1018 5116 1273 5200 Κιλικίας
1299 5116 1635 5210 κατέστρεψε
1670 5140 1762 5194 τὸν

176 5223 311 5293 βίον.
357 5225 416 5279 '0
442 5224 500 5278 δὲ
528 5226 790 5298 Γαλέριος
821 5227 1186 5298 Μαξιμιανὺς,
1222 5226 1415 5298 ὥσπερ
1445 5228 1630 5284 ἄδειαν
1655 5231 1752 5283 λα-

172 5315 306 5383 ϐὼν,
321 5316 500 5382 ὰθέως
522 5316 640 5389 ἅμα
665 5321 757 5374 καὶ
783 5318 1169 5390 ἀπανθρώπως
1185 5319 1453 5391 ἐκέχρητο
1470 5324 1536 5393 τῇ
1565 5338 1762 5396 τυραν-

173 5406 294 5462 νίδι.
351 5409 795 5483 Γυναικομανοῦς
827 5415 936 5486 γάρ
988 5414 1283 5485 γενομένου
1332 5413 1496 5468 αὑτοῦ
1538 5414 1761 5487 ἀγῶνας

1874 5042 2183 5107 tumuisset,
2222 5041 2277 5095 in
2312 5041 2495 5096 varias
2522 5048 2704 5110 partes
2747 5038 3028 5107 disruptus
3058 5047 3164 5101 est,
3195 5037 3458 5102 blaspbe~

1873 5147 2071 5203 maque
2091 5134 2211 5202 ejus
2240 5132 2426 5203 lingua
2453 5130 2508 5186 in
2537 5139 2762 5202 gutture
2790 5138 3163 5200 putrescente,
3191 5137 3247 5185 et
3268 5143 3299 5184 a
3331 5142 3460 5184 ver-

1873 5229 2043 5283 mium
2080 5226 2440 5281 multitudine
2483 5233 2831 5294 consumpta,
2870 5223 3034 5276 vitam
3073 5221 3278 5301 amisit.
3318 5219 3458 5287 Her-

1871 5322 2047 5375 culius
2084 5333 2215 5374 vero
2248 5316 2403 5373 Tarsi
2433 5318 2488 5372 in
2520 5316 2710 5373 Cilicia
2750 5314 2899 5369 fatali
2935 5313 3266 5370 necessitate
3291 5311 3453 5368 abre-

1871 5423 1996 5483 ptus
2026 5422 2131 5468 est.
2165 5413 2419 5471 Galerius
2462 5418 2646 5463 autem
2701 5407 3084 5475 Maximianus,
3136 5405 3481 5463 velutomni.

1687 5597 1923 5657 NOTAE.

392 5702 613 5784 lfollnx,
631 5707 942 5784 Γαλλιηνός.
1130 5780 1168 5784 Δ-
1583 5782 1592 5784 _

2750 5760 2758 5767 ε

1913 5780 1921 5784 -
2380 5775 2414 5784 ιι
2456 5774 2465 5784 ο
2572 5775 2579 5783 ο

243 5775 356 5846 (51)
390 5776 558 5842 Quem
591 5775 895 5853 Alexander
920 5791 1076 5838 vocat
1124 5780 1507 5838 Maximianum
1536 5824 1552 5849 ,
1582 5782 1624 5837 is
1667 5792 1746 5837 est
1788 5780 2051 5834 Maximus
2083 5788 2347 5848 tyrannus
2375 5775 2635 5833 Orientis.
