3946 6318
430 248 565 313 4051

1619 253 2060 313 ALEXANDBI
2109 253 2451 312 MONACIII

3556 249 3698 310 aut?

424 368 685 438 deposito
718 382 886 430 metu,
922 366 1085 436 impie
1119 365 1280 422 simul
1312 376 1363 421 et
1388 365 1683 420 inlunnane
1717 365 2001 443 tyrannide

2113 365 2268 434 ἔσχον
2306 368 2353 418 οἱ
2412 365 2504 417 ὑπ’
2560 361 2723 417 αὑτοῦ
2775 362 3073 428 τελοῦντες,
3128 362 3231 416 ποῦ
3281 361 3539 433 κρύιτωιςι
3603 364 3700 424 τάς

422 477 556 529 usus
585 470 688 517 est.
712 458 953 527 Cumque
988 458 1042 511 in
1076 458 1303 514 feminas
1343 460 1799 529 impotentissime
1826 459 1995 515 ferre-

421 554 738 616 tur.subditi
758 553 925 621 ipsius
952 552 997 604 id
1018 552 1383 620 potissimum,
1402 551 1548 604 omni
1565 568 1689 604 cura
1710 567 1773 604 ac
1796 552 1994 616 studio,

426 646 763 705 nitebantur,
829 653 888 697 ut
937 643 1122 695 locum
1161 652 1464 710 quaarerent
1492 642 1578 695 tibi
1615 656 1813 696 uxores
1841 657 1902 695 ac
1936 641 2000 695 ii-

422 737 523 788 lius
555 751 685 791 suas
718 750 748 789 a
793 743 1086 805 conspectu
1141 736 1356 804 tyranni
1410 733 1773 798 occultarent,
1826 746 1998 800 eoque

422 830 731 893 dementiae,
791 828 1096 882 dtemOuum
1141 824 1332 879 fraude
1388 824 1699 882 tlevcnerat.
1755 831 1813 875 ut
1860 822 1997 875 nihil

423 929 663 983 gnstare,
703 917 1026 975 inconsultis
1073 914 1331 977 oraculis,
1372 914 1618 976 auderet,
1655 912 1997 967 Christianos

424 1020 603 1063 autem
645 1008 892 1062 funditus
932 1007 1307 1076 delerijussit,
1355 1007 1514 1076 idqne
1558 1022 1662 1058 non
1713 1006 1886 1061 solum
1931 1006 2000 1059 ob

420 1103 780 1172 impietatem,
830 1117 932 1169 qua
982 1110 1120 1163 erat,
1177 1104 1271 1154 sed
1304 1099 1492 1161 ctiam,
1538 1108 1593 1150 ut
1629 1098 1875 1160 fortunas
1901 1114 1997 1154 eo-

422 1210 539 1247 rum
578 1195 861 1263 diriperet.

494 1329 738 1396 Cumque
809 1330 1014 1383 videret
1053 1329 1472 1384 Constantinum
1529 1328 1716 1390 majori
1774 1329 1824 1380 in
1881 1328 1999 1383 dies

416 1429 578 1474 mtate
621 1421 828 1486 augeri,
877 1420 1275 1488 prudentiaque
1310 1419 1531 1487 egregie
1567 1418 1773 1482 ornari,
1823 1419 1997 1484 smpi-

417 1524 569 1568 eans.
600 1519 766 1575 atque
815 1510 949 1561 adeo
997 1524 1096 1577 per
1126 1520 1302 1562 sortes
1352 1508 1401 1561 id
1434 1516 1740 1574 snSpeetum
1774 1507 1995 1567 habens,

417 1613 516 1668 per
546 1614 681 1650 eum.
718 1598 987 1661 futurum,
1022 1610 1079 1650 ut
1123 1598 1420 1665 aliquando
1464 1597 1709 1666 tyrannis
1757 1612 1853 1650 sua
1885 1597 1997 1650 disc

2118 457 2252 519 ιδίας
2290 455 2534 526 γαμετάς
2562 455 2655 507 καὶ
2685 455 2991 527 θυγατέρας
3022 454 3128 508 ἀπὸ
3155 450 3453 525 προσώπου
3495 454 3697 523 τυράνο

2109 566 2200 601 νου
2269 548 2361 611 Εἰς
2396 546 2651 599 τοσοῦτον
2684 546 2739 599 δὲ
2767 542 2835 617 ἦν
2866 544 3171 616 έντετηκὼς
3204 547 3315 598 τῶν
3362 544 3700 598 πλανώντων

2110 639 2274 692 αὑτὸν
2303 637 2576 707 δαιμόνων
2600 638 2804 709 ἀπάτῃ,
2828 637 2903 701 ὡς
2938 638 3012 707 μὴ
3057 635 3348 705 ἀνέχεσθαί
3379 652 3534 698 τινος
3565 634 3695 702 γεύο

2110 727 2306 783 σασθαι
2335 729 2461 781 ἄνευ
2506 726 2764 796 μαντείας
2795 742 2809 756 ⁸
2841 725 2948 779 τῶν
2980 726 3037 779 δὲ
3064 724 3410 798 Χριστιανῶν
3463 725 3698 777 πανολε-

2108 817 2263 887 θρίαν
2287 819 2537 886 γενέσθαι
2587 816 2922 888 προσέταξεν
2949 858 2964 882 ,
3003 818 3064 869 οὐ
3124 818 3284 886 μόνον
3312 816 3405 869 διά
3429 816 3532 885 τὴν
3562 815 3696 868 ἀσέ-

2107 910 2259 962 ϐειαν
2289 910 2475 974 αὑτοῖ,
2510 908 2641 961 ἀλλὰ
2670 908 2765 962 καὶ
2792 908 2879 961 διὰ
2903 908 2962 961 τὸ
3005 908 3243 979 ἁρπάσαι
3282 907 3353 960 τὰ
3373 905 3697 978 ὑπάρχοντα

2110 1019 2309 1055 αυτων.

2172 1317 2394 1371 Βλέπων
2426 1317 2484 1370 δὲ
2503 1317 2595 1370 τὸν
2626 1319 3034 1377 Κωνσταντῖνον
3058 1315 3438 1388 προκόπτοντα
3474 1316 3555 1377 είς
3589 1314 3691 1383 μέ-

2072 1401 2258 1479 ’γεθος
2304 1410 2405 1479 τῆς
2449 1410 2664 1480 ἡλικίας
2708 1411 2803 1465 καὶ
2835 1410 3049 1463 συνέσει
3098 1406 3554 1477 κεκοσμημένον,
3594 1405 3694 1460 καὶ

2100 1502 2468 1566 ὑποπτεύσας,
2498 1501 2696 1572 μᾶλλον
2719 1502 2773 1555 δὲ
2800 1501 3242 1572 μαντευσάμενος
3265 1499 3430 1552 αὑτὸν
3448 1497 3691 1552 καταλύ-

2099 1609 2200 1662 την
2229 1591 2442 1661 μέλλειν
2472 1592 2688 1646 ἔσεσθαι
2711 1592 2808 1661 τῆς
2836 1592 3153 1662 τυραννίδος
3184 1590 3379 1657 αὑτοῦ,
3413 1589 3552 1660 δῶιῳ
3585 1589 3690 1642 αὐ·

417 1691 739 1745 solveretur.
804 1687 928 1739 dolo
978 1687 1155 1754 ipsum
1197 1684 1510 1738 interiit-ere
1556 1694 1639 1738 est
1688 1699 1992 1753 aggresms.

2105 1684 2193 1737 τὸν
2223 1683 2532 1737 θανατῶσαι
2565 1684 2841 1739 διενοεῖτο.
2880 1682 3040 1736 una
3074 1682 3196 1752 θείᾳ
3220 1680 3542 1753 προμηθείᾳ
3586 1697 3691 1750 μα-

423 1777 624 1831 Verum
666 1778 910 1846 juvenis,
956 1779 1138 1830 divina
1193 1777 1526 1843 providentia
1589 1777 1772 1831 dolum
1829 1778 1997 1843 ipsius

2106 1775 2214 1828 θὼν
2260 1776 2290 1827 ὁ
2345 1775 2465 1837 νέος
2502 1774 2671 1837 δόλον,
2707 1774 2783 1837 ὡς
2823 1775 2850 1826 ὁ
2876 1773 3039 1827 Δαυῖδ
3085 1775 3231 1844 φυγῇ
3265 1771 3366 1843 τὴν
3406 1771 3690 1842 σωτηρίαν

418 1884 788 1935 ιιῖειιθδιτιιιιε,
822 1870 1082 1935 exemplo
1119 1867 1360 1932 Davidis,
1387 1868 1506 1935 fuga
1543 1869 1767 1922 salutem
1798 1870 1995 1936 quiasi-

2105 1867 2416 1938 ὲπορίσατο.
2475 1864 2583 1918 Τοῦ
2624 1866 2679 1918 δὲ
2724 1866 2988 1936 τυράννου
3035 1865 3115 1928 είς
3163 1864 3402 1934 ἄμετρον
3452 1861 3691 1925 ἀτοπίας

414 1960 489 2012 vit
525 1977 540 2013 :
581 1969 811 2029 tyranno
861 1971 1043 2013 autem
1096 1960 1207 2028 jam
1255 1960 1311 2013 in
1354 1976 1621 2011 suumnnm
1670 1958 1993 2025 ﬂagitiorum

2105 1958 2361 2022 ἐκϐάντος
2393 1957 2487 2010 καὶ
2512 1960 2626 2022 τοῖς
2645 1959 2992 2028 Χριστιανοῖς
3021 1955 3269 2028 σφοδρῶς
3296 1955 3679 2021 ἐπικειμένου,

416 2052 688 2119 ingresso,
723 2060 1023 2119 contraque
1046 2051 1396 2106 Christianos
1425 2050 1740 2118 gravissima
1771 2062 1994 2116 qua:un

2105 2054 2137 2120 ἡ
2186 2049 2305 2104 θεία
2353 2049 2475 2119 δίκη
2524 2048 2714 2102 τοῦτον
2751 2046 3057 2118 ἀνεχαίτιζε
3079 2049 3325 2120 μάστιγα
3352 2046 3477 2098 κατ’
3518 2043 3686 2098 αὑτοῦ

417 2142 698 2207 moliente,
749 2141 989 2196 vindicta
1044 2142 1231 2195 divina
1281 2153 1508 2195 conatus
1549 2143 1665 2207 ejus
1711 2138 1989 2209 perfregit,

2105 2144 2413 2210 ὓπεφιεῖσα.
2435 2140 2635 2207 Ἕλκος
2661 2142 2769 2212 γὰρ
2788 2141 3025 2211 χαλεπὸν
3049 2142 3172 2194 κατ’
3198 2139 3330 2193 αὐτὸ
3356 2139 3458 2209 τῆς
3483 2138 3685 2194 ἀκολα-

417 2232 717 2298 punitionis
772 2246 886 2287 sure
947 2230 1218 2300 flagellum
1265 2230 1318 2284 in
1371 2245 1494 2283 eum
1547 2231 1795 2294 mittens;
1841 2230 1991 2283 ulcus

2105 2234 2217 2297 σίας
2249 2233 2491 2303 κρυπτὸν
2535 2233 2724 2304 μόριον
2766 2233 3031 2301 ἀναφυὲν,
3084 2233 3336 2300 κρεῖττον
3376 2230 3561 2298 πάσης
3592 2229 3687 2281 άν-

416 2321 562 2375 enim
617 2323 955 2375 teterrimum
998 2322 1298 2375 secundmn
1350 2329 1539 2389 partes
1582 2322 1842 2382 occultas,
1871 2334 1991 2387 quae

2105 2324 2374 2396 θρωπίνης
2432 2323 2625 2393 τέχνης
2668 2322 2926 2388 κατέστη.
3004 2320 3193 2390 Νομῆς
3228 2319 3286 2371 δὲ
3335 2319 3428 2372 καὶ
3467 2316 3687 2384 σήψεως

418 2410 659 2467 libidinis
710 2412 811 2481 ipsi
845 2412 1112 2467 ministrae
1166 2411 1407 2476 fuerant,
1444 2422 1685 2473 enatum,
1713 2411 1856 2466 omni
1888 2424 1990 2479 ope

2105 2414 2196 2481 καὶ,
2237 2413 2501 2477 δυσωδίας
2543 2413 2855 2484 δεινοτάτης
2892 2412 3252 2482 διαλαϐούσης
3295 2412 3423 2473 τοὺς
3459 2409 3686 2473 τόπους,

419 2506 653 2558 humana
705 2504 975 2559 valentius
1018 2504 1067 2558 ei
1115 2503 1398 2567 constitit,
1435 2518 1667 2571 cumque
1711 2502 1993 2572 putredine

2105 2503 2401 2576 σκωλήκων
2432 2505 2490 2558 δὲ
2517 2504 2757 2575 πλήθους
2775 2504 3168 2573 ἀναδεδομένου
3186 2544 3202 2568 ,
3227 2498 3296 2574 ἦν
3322 2502 3432 2574 γάρ
3454 2503 3551 2555 καὶ
3588 2516 3690 2554 που

415 2605 473 2650 et
501 2596 872 2664 graveoleatia
916 2605 1098 2665 partes
1155 2595 1262 2650 illa:
1316 2594 1513 2649 merito
1548 2596 1747 2649 invasa:
1777 2595 1993 2663 penitus

2105 2598 2370 2669 λύσαρκος
2404 2599 2432 2652 ὁ
2453 2596 2702 2662 δείλαιος,
2719 2598 2799 2661 είς
2821 2597 3165 2666 ἀπελπισμὸν
3179 2595 3365 2650 λοιπὸν
3382 2592 3686 2665 ἐληλυθὼς,

417 2686 866 2756 depascereutur,
926 2687 1311 2755 vermiumque
1368 2685 1451 2743 vis
1490 2686 1666 2755 magis
1717 2686 1996 2755 magisque

2105 2687 2283 2742 ἔκειτο
2307 2687 2487 2760 θέαμα
2517 2685 2750 2741 ἐλεεινὸν
2777 2688 2915 2741 πᾶσι
2940 2690 3054 2750 τοῖς
3082 2687 3213 2757 περὶ
3244 2685 3432 2741 αὐτόν.

414 2790 752 2836 accresceret
786 2781 927 2852 (erat
954 2780 1097 2836 enim
1141 2779 1328 2836 infelix
1364 2779 1453 2834 ille
1479 2781 1645 2835 obeso
1709 2779 1997 2834 admodum
2048 2782 2318 2852 corpore),
2373 2782 2425 2836 in
2481 2779 2915 2851 desperationem
2969 2780 3190 2835 tandem
3243 2778 3515 2843 incidens,
3584 2777 3685 2831 mi-

414 2870 704 2925 serandum
731 2872 964 2935 cunctis,
993 2872 1086 2939 qui
1122 2872 1268 2927 illum
1293 2873 1664 2938 intuebantur,
1689 2870 2055 2941 spectaculum
2080 2872 2332 2942 praabuit.

490 3005 722 3077 Pupugit
768 3016 947 3059 autem
982 3015 1108 3059 tunc
1142 3007 1379 3059 animum
1428 3006 1572 3061 illius
1608 3005 1884 3075 cogitatio,
1916 3006 1987 3061 ob

2167 3009 2303 3061 Τότε
2340 3007 2406 3077 δὴ
2432 3006 2611 3059 έννοιά
2648 3023 2733 3070 τις
2763 3004 3094 3077 ὕπεισῆλθεν
3128 3002 3301 3071 αὐτῷ,
3338 3002 3415 3066 ὡς
3451 3001 3561 3071 ἄρα
3597 3001 3691 3055 διὰ

422 3096 652 3165 injustas
684 3097 736 3149 in
763 3095 1106 3150 Christianos
1130 3096 1308 3150 caedes
1341 3098 1608 3151 exercitas
1637 3096 1739 3151 sibi
1767 3096 1882 3150 haec
1911 3096 1989 3150 di-

2105 3099 2185 3153 ιδν
2218 3065 2406 3153 ἄδικον
2443 3099 2553 3152 τῶν
2577 3065 2923 3171 Χριστιανῶν
2952 3065 3131 3166 ’φόνον
3157 3065 3264 3149 oni
3286 3065 3569 3163 τῆςθείας
3608 3092 3691 3145 δί-

422 3183 548 3237 viua
588 3182 801 3253 justitia
852 3186 1116 3236 evenisse.
1159 3184 1342 3249 Quare
1390 3186 1659 3255 extemplo
1678 3186 1858 3239 edicta
1902 3200 1997 3255 per

2105 3206 2201 3260 κης
2233 3188 2383 3259 αὑτῷ
2423 3188 2645 3259 συνέϐη.
2681 3187 2900 3251 Εὐθέως
2939 3186 3034 3241 οὖν
3080 3184 3408 3254 κατέπεμψε
3440 3183 3687 3253 προστά-

424 3274 709 3328 universas
736 3274 899 3329 urbes
942 3277 1324 3345 promulgavit,
1375 3287 1432 3331 ut
1477 3292 1666 3333 omnes
1698 3278 1996 3333 Christiani

2105 3295 2282 3349 γματα
2321 3278 2464 3333 κατὰ
2494 3280 2676 3333 πᾶσαν
2711 3277 2868 3332 πόλιν
2903 3274 3237 3331 ἀναλύεσθαι
3255 3274 3383 3336 τοὺς
3410 3273 3686 3342 Χριστια-
3732 3263 3739 3267 ’

423 3365 595 3421 libere
627 3367 1049 3435 dimitterentur,
1084 3370 1376 3438 omniaque
1400 3370 1686 3437 intrepide,
1718 3384 1818 3439 pro
1848 3383 2001 3425 more

425 3471 548 3523 suo,
584 3455 1055 3525 administrarent,
1078 3469 1131 3512 et
1165 3458 1233 3513 ab
1262 3459 1513 3513 omnibus
1548 3459 1601 3512 itt
1631 3461 1835 3513 honore
1876 3473 2002 3528 pre-

423 3551 610 3619 tioque
649 3551 1005 3616 haberentur,
1059 3562 1221 3621 utque
1272 3569 1367 3621 pro
1419 3552 1770 3622 imperatoris
1827 3551 2003 3606 salute

426 3641 569 3709 apud
601 3641 770 3696 Deum
805 3643 1056 3711 precibus
1099 3643 1523 3697 intercederent.
1574 3641 1780 3709 Quibus
1805 3642 2000 3696 celeri-

425 3742 513 3784 ter
545 3732 803 3800 peractis,
841 3732 985 3785 illico
1035 3732 1219 3787 divina
1266 3748 1390 3801 erga
1425 3749 1594 3801 genus
1619 3735 1914 3787 humanum
1944 3747 2003 3788 se

424 3823 716 3878 clementia
749 3826 1009 3889 ostendit,
1066 3826 1271 3891 illeque
1297 3826 1387 3893 qni
1410 3825 1522 3893 jam
1574 3808 2005 3879 extremunrdu-

426 3914 587 3968 cebat
615 3915 888 3983 spiritum,
924 3915 1083 3968 salnti
1112 3915 1355 3968 redditus
1384 3926 1487 3977 est,
1515 3924 1568 3968 et
1592 3916 1658 3967 ab
1698 3915 1878 3969 ulcere
1913 3915 2006 3967 illo

428 4004 748 4061 diﬁieillimo
809 4006 1241 4060 Christianorum
1292 4005 1545 4074 precibus
1604 4015 1829 4060 sanatus
1897 4016 2002 4065 cst,

430 4108 633 4167 praeter
660 4099 902 4152 omniurn
930 4099 1279 4153 sententiam.
1304 4096 1504 4151 Verum
1533 4098 1756 4153 vulnere
1778 4099 2004 4153 necdum

426 4191 589 4262 plene
632 4191 701 4245 ad
748 4192 1061 4245 cicatricem
1101 4201 1312 4255 coacto,
1348 4191 1400 4243 in
1450 4190 1774 4244 deteriorem
1819 4205 2006 4244 amen-

427 4284 587 4348 tiam,
622 4283 838 4337 diabolo
892 4282 1072 4350 ipsum
1124 4283 1386 4351 agitante,
1439 4290 1698 4351 tyrannus
1746 4283 2007 4351 impulsus

2098 3378 2243 3440 νοὺς,
2280 3376 2375 3428 καὶ
2420 3375 2682 3446 πράττειν
2722 3372 3083 3444 καταθυμίως
3137 3372 3207 3424 τὰ
3244 3370 3367 3424 κατ’
3402 3367 3546 3431 ἔθος,
3591 3367 3685 3422 καὶ

2101 3466 2207 3521 ὑπὸ
2249 3469 2469 3521 πάντων
2516 3465 2801 3535 τιμᾶσθαι,
2852 3462 3195 3533 παρακαλεῖν
3219 3476 3279 3512 τε
3304 3459 3399 3513 καὶ
3422 3456 3685 3529 εῠχεσθαι

2100 3559 2299 3621 αὐτοὺς
2350 3559 2491 3627 ὑπὲρ
2542 3559 2709 3612 αὐτοῦ
2760 3555 3181 3625 αὐτοκράτορος.
3229 3552 3414 3605 Ταῦτα
3464 3550 3682 3619 γέγονε,

2100 3652 2197 3703 καὶ
2223 3648 2425 3713 εὐθέως
2456 3652 2488 3718 ἡ
2522 3649 2643 3703 θεία
2663 3648 3046 3717 φιλανθρωπία
3091 3643 3385 3699 ἐδείκνυτο.
3418 3642 3534 3695 Καὶ
3573 3641 3682 3694 πά-

2100 3742 2185 3795 λιν
2221 3744 2250 3795 ὁ
2286 3744 2344 3795 ὲν
2384 3742 2643 3811 ἐσχάταις
2693 3740 2991 3801 ἀναπνοαῖς
3015 3735 3277 3807 γεγονὼς,
3320 3731 3478 3796 αὖθις
3520 3734 3686 3802 ὑγιὴς

2102 3833 2196 3886 καὶ
2262 3831 2539 3901 ῥωμαλέος
2605 3831 2837 3900 ὑπῆρχε,
2878 3829 2983 3882 τοῦ
3051 3827 3438 3898 χαλεπωτάτω
3489 3825 3685 3887 ἕλκους

2102 3923 2311 3976 ἐκείνου
2360 3924 2426 3990 τῇ
2458 3922 2591 3991 εὐχῇ
2616 3921 2723 3974 τῶν
2767 3921 3118 3989 Χριστιανῶν
3164 3917 3486 3990 παραδόξως
3522 3918 3684 3984 ὑγια-

2104 4012 2321 4074 σθέντος
2338 4010 2519 4071 ,Ἀλλὰ
2540 4013 2612 4080 μή
2644 4028 2731 4064 πω
2751 4010 2844 4065 τοῦ
2867 4010 3179 4083 τραύματος
3202 4010 3384 4072 καλῶς
3414 4007 3687 4061 συνουλὼ-

2105 4119 2319 4166 σαντος,
2370 4103 2451 4163 είς
2515 4100 2840 4172 μειζοτέραν
2882 4102 3081 4172 μανίαν
3129 4100 3369 4165 κινηθεὶς
3414 4099 3523 4152 ὑπὸ
3588 4099 3685 4151 τοῦ

2102 4192 2449 4263 ἐνεργοῦντος
2477 4193 2570 4245 τοῦ
2608 4196 2665 4246 ὲν
2697 4193 2847 4263 αὐτῷ
2886 4193 3193 4250 διαϐόλοδώ
3223 4194 3492 4262 τύραννος
3514 4206 3685 4260 προσ.

2102 4286 2357 4355 τάγματα
2397 4286 2531 4339 ἄθεα
2576 4288 2669 4340 καὶ
2702 4287 2899 4356 νόμους
2948 4285 3422 4356 πεπληρωμένους
3460 4284 3688 4355 ὠμότη-

429 4385 536 4441 θει,
593 4374 880 4444 edictoque
934 4389 998 4428 ac
1049 4373 1195 4444 leges
1265 4374 1607 4428 crudelitatis
1661 4373 2001 4443 plenissimas

2105 4395 2194 4441 τος
2228 4377 2497 4449 ἔγραψεν,
2537 4382 2595 4431 ὲν
2633 4374 2714 4442 οἷς
2748 4380 3002 4432 ἐκέλευσε
3038 4379 3174 4447 μήτε
3205 4376 3303 4447 ζῇν
3340 4378 3483 4447 μήτε
3534 4377 3690 4429 πολι-

429 4468 675 4538 seripsit,
702 4467 899 4537 quibus
926 4466 1273 4522 Christianos
1309 4467 1620 4537 reipublicae
1658 4466 2004 4521 administra—

432 4560 600 4625 tione,
651 4559 762 4614 imo
802 4560 912 4613 vita
954 4559 1252 4629 prohibuit,
1299 4572 1480 4627 neque
1509 4557 1566 4613 in
1618 4556 2004 4612 babitabilibus

435 4666 610 4721 neque
643 4650 696 4705 in
733 4651 966 4705 desertis
1016 4649 1151 4704 locis
1198 4650 1395 4719 degere
1441 4649 1713 4719 permisit,
1764 4648 2002 4717 Alioqui,

428 4742 629 4811 inquit,
681 4742 733 4797 in
769 4757 905 4812 pace
937 4744 1141 4809 vivere,
1170 4752 1224 4796 et
1256 4743 1421 4797 rebus
1471 4741 1726 4796 secundis
1757 4738 1864 4793 frui
1896 4755 2002 4795 non

429 4836 750 4903 poterimus,
787 4837 891 4889 nisi
951 4836 1170 4905 penitus
1214 4834 1657 4889 Christianorum
1694 4847 1863 4902 genus
1911 4834 2004 4886 de-

428 4922 627 4979 leatur.
664 4925 842 4994 Atque
876 4926 949 4978 ita
973 4924 1414 4979 Christianorum
1439 4933 1616 4979 status
1654 4923 1724 4979 ab
1751 4924 2005 4979 omnibus

424 5012 538 5082 jam
583 5030 680 5081 pro
709 5017 996 5083 desperato
1046 5015 1376 5070 habebatur.
1413 5015 1680 5071 Caeterum
1723 5014 1865 5070 Deus
1890 5014 2004 5083 pla-

430 5102 624 5157 smatis
677 5106 759 5157 sui
804 5119 1151 5173 nequaquam
1204 5104 1406 5158 oblitus
1458 5114 1564 5159 est.
1626 5103 1838 5157 Etenim
1891 5112 2002 5156 tum

430 5192 617 5246 videre
648 5191 846 5247 licebat
911 5194 1254 5248 Christianos
1302 5194 1568 5263 gregatim
1614 5193 1851 5261 undique
1882 5207 2002 5248 cum

434 5281 619 5337 liberis
663 5293 719 5337 et
775 5286 1035 5339 uxoribus
1070 5286 1136 5337 ad
1188 5294 1418 5340 mortem
1464 5286 1626 5356 cogi,
1681 5284 1779 5340 sed
1821 5285 2002 5340 divina

429 5376 640 5443 iustitia
674 5390 795 5429 mox
830 5379 1117 5430 consilium
1155 5378 1524 5446 improborum
1570 5378 1854 5447 dissipavit
1888 5396 1899 5432 :
1937 5394 2001 5432 ex

431 5468 684 5523 inutilibus
739 5468 884 5520 enim
939 5468 1071 5522 locis
1116 5470 1320 5537 lt05tes,
1358 5470 1715 5524 barbarorum
1748 5469 2002 5535 iusultus,

434 5558 628 5624 t'anies,
654 5567 814 5614 terrae
855 5561 1151 5623 siccitates,
1172 5559 1507 5630 gravissima).
1540 5570 1744 5628 pestes,
1773 5543 2003 5614 mortes-

431 5663 538 5721 que
600 5650 1009 5720 intempestivae,
1062 5663 1257 5723 prceter
1306 5652 1761 5721 exspectationem
1803 5694 1816 5718 ,
1873 5656 2001 5707 oriri

2103 4470 2355 4523 τεύεσθαι
2386 4472 2768 4541 Χριστιανοὺς,
2800 4474 2937 4541 μήτε
2964 4472 3136 4523 οἰκεῖν
3158 4471 3216 4522 ὲν
3242 4468 3392 4539 πάσῃ
3409 4469 3478 4539 τῇ
3502 4468 3688 4521 οίκουο

2105 4563 2265 4633 μένῃ,
2299 4563 2435 4632 μήτε
2491 4565 2548 4614 ὲν
2592 4566 2714 4625 ταῖς
2761 4564 2991 4633 ἐρήμοις
3027 4577 3041 4593 ⁸
3083 4561 3259 4623 ἄλλως
3296 4566 3438 4631 γάρ,
3493 4560 3685 4630 φησιν,

2103 4654 2223 4708 οὐδὲ
2258 4654 2357 4727 ζῇν
2387 4655 2481 4707 καὶ
2502 4654 2791 4723 εὐημερεῖν
2821 4653 2879 4705 οὗ
2913 4650 3187 4721 δυνάμεθα
3213 4689 3231 4715 ,
3282 4651 3330 4703 εί
3366 4649 3441 4720 μὴ
3471 4648 3688 4715 ἐξαλει-

2105 4744 2211 4817 φθῇ
2248 4748 2305 4799 τὸ
2339 4746 2492 4815 γένος
2533 4745 2642 4798 τῶν
2681 4743 3040 4814 Χριστιανῶν.
3077 4744 3187 4797 Καὶ
3227 4738 3296 4814 ἦν
3312 4741 3501 4796 λοιπὸν
3530 4742 3689 4811 παρὰ

2104 4837 2411 4908 ἀνθρώποις
2436 4836 2828 4905 ἀπηλπισμένα
2863 4836 2933 4889 τὰ
2952 4834 3317 4905 Χριστιανῶν.
3369 4834 3431 4888 '0
3460 4834 3519 4887 δὲ
3550 4834 3688 4897 Θεὸς

2105 4930 2206 4982 οὐκ
2230 4924 2526 4982 ἐπελάθετο
2554 4927 2647 4980 τοῦ
2670 4928 2877 4981 οἰκείου
2912 4928 3232 4997 πλάσματος
3261 4945 3274 4959 ο
3308 4922 3379 4998 ἦν
3409 4925 3523 4998 γάρ
3554 4926 3687 4980 ἰδεῖν

2106 5018 2368 5088 ἀγεληδὸν
2433 5018 2764 5087 συρομένους
2812 5020 2938 5081 τοὺς
2993 5018 3355 5088 Χριστιανοὺς
3409 5016 3687 5087 πανδημεὶ

2107 5109 2203 5163 σὺν
2230 5107 2449 5175 γυναιξί
2471 5125 2528 5161 τε
2553 5110 2647 5161 καὶ
2671 5110 2885 5172 τέκνοις
2915 5107 3011 5161 ἐπὶ
3051 5109 3141 5162 τὸν
3178 5108 3429 5162 θάνατον.
3478 5108 3623 5160 Ἀλλ’
3650 5110 3685 5178 ἡ

2105 5197 2224 5252 θεία
2254 5200 2376 5268 δίκη
2403 5201 2503 5262 τὰς
2533 5200 2724 5269 βουλὰς
2766 5200 2875 5254 τῶν
2903 5201 3120 5271 ἀνόμων
3151 5201 3468 5255 διεσκέδασε
3498 5214 3512 5229 ·
3548 5219 3683 5254 παν-

2102 5292 2270 5363 ταχοῦ
2304 5293 2413 5365 γὰρ
2456 5293 2683 5363 πόλεμοι
2712 5297 2806 5349 καὶ
2837 5295 3236 5358 ἐπαναστάσεις
3266 5294 3562 5365 βαρόάρων
3588 5297 3681 5350 ει)-

2105 5386 2261 5447 θέως,
2295 5384 2446 5453 λιμοί
2492 5400 2552 5437 τε
2586 5385 2807 5454 σφοδροὶ
2845 5386 2938 5438 καὶ
2972 5386 3176 5455 αὐχμοὶ
3202 5384 3385 5453 λοιμοί
3404 5403 3487 5451 τε,
3513 5387 3680 5455 impos

2106 5475 2325 5529 θάνατοι
2348 5472 2501 5542 ἄφνω
2528 5472 2867 5544 ἐπέσκηψαν,
2891 5477 2968 5539 ὡς
3003 5476 3077 5545 μὴ
3106 5475 3299 5544 ἀρκεῖν
3320 5477 3445 5536 τοὺς
3474 5476 3679 5538 ζῶντας

2106 5566 2332 5621 θάπτειν
2354 5568 2479 5629 τοὺς
2498 5565 3004 5637 νεκροὺς,κεραυνοί
3029 5583 3086 5617 τε
3121 5565 3217 5618 καὶ⁸
3238 5565 3492 5636 φόόητρα
3514 5568 3677 5636 ἐπέμ-

2108 5673 2302 5721 ποντο,
2336 5656 2475 5709 ὥστε
2525 5655 2753 5715 ἕκαστον
2796 5654 2988 5707 ἑαυτοῦ
3035 5656 3198 5724 μόνον
3239 5657 3541 5731 μεριμνᾷν,
3584 5656 3674 5710 καὶ
