3896 6306
188 272 344 338 4053

1162 285 1259 345 DE
1292 256 1765 354 INVENTIONE
1808 296 2116 356 suam
2139 298 2431 358 cauus.

3326 297 3467 387 ιοει

191 386 376 451 οὕτως
413 389 673 460 ἄπρακτα
711 389 933 462 ἔμειναν
966 393 1030 447 τὰ
1071 395 1162 448 τοῦ
1206 400 1475 470 τυράννου
1501 404 1777 473 προστάγ-

1893 407 2012 462 visre
2048 418 2197 475 sunt,
2253 410 2307 463 in
2360 417 2588 475 tantum,
2622 419 2680 465 ut
2708 409 2815 464 vivi
2860 407 3190 479 sepeliendis
3236 411 3466 464 mortuis

198 493 377 555 ματα.

1894 513 2000 551 non
2048 498 2381 554 sullicerent.
2437 499 2638 555 Crebra
2695 502 2823 555 item
2876 498 3102 554 fulmina
3136 508 3194 555 et
3216 507 3464 570 portenta

193 570 659 635 immittebantur,
704 584 773 626 ex
804 584 915 641 quo
957 571 1160 629 factum
1208 585 1290 632 est
1323 592 1379 635 ut
1428 583 1657 650 quilibet
1689 582 1760 639 de
1793 587 1958 642 rebus
1986 588 2101 644 suis
2152 589 2379 647 solliciti
2408 589 2633 655 iuerint,
2670 590 2998 661 tyrannique
3058 591 3211 661 iussa
3268 591 3465 647 inlecta

197 666 628 732 permanserint.

286 776 348 829 '0
374 778 430 830 δὲ
461 777 531 831 τά
580 779 760 847 πάντα
804 782 1040 852 χρηστὸς
1076 785 1486 853 Κωνσταντῑνος
1536 792 1771 863 διεσώθη

199 867 344 938 πρὸς
357 870 449 922 τὸν
481 872 678 925 οἰκεῖον
693 874 926 944 πατέρα.
944 875 1003 928 ’0
1028 875 1085 930 δέ
1113 878 1409 951 δεξάμενος
1440 881 1605 935 αὑτὸν
1633 882 1789 953 ύγιῆ,

200 958 491 1013 καὶπολλὰ
511 961 589 1029 τῷ
604 962 723 1033 θεῴ
751 964 1174 1039 εὐχαριστήσας,
1209 970 1327 1039 μετ’
1349 973 1410 1025 οὐ
1433 972 1569 1026 πολὺ
1599 973 1657 1027 δέ
1677 990 1788 1028 πα-

205 1049 405 1117 ραδοὺς
431 1052 578 1121 αὐτῷ
600 1053 698 1123 τὴν
724 1053 1021 1123 βασιλείαν,
1049 1060 1347 1129 μετήλλαξε
1377 1062 1467 1116 τὸν
1499 1064 1632 1134 βίον.
1671 1066 1788 1119 Ἀν-

197 1142 481 1214 ηγορεύθη
499 1143 556 1197 δὲ
572 1145 826 1215 βασιλεὺς
841 1150 869 1200 6
885 1150 1056 1218 μέγας
1076 1154 1451 1219 Κωνστατῖνος
1470 1159 1527 1209 ὲν
1540 1159 1618 1226 τῷ
1635 1161 1790 1231 πρώ-

198 1247 286 1301 τῳ
312 1234 544 1306 ἐνιαυτῷ
571 1238 669 1304 τῆς
684 1237 1063 1310 διακωιοστῆς
1095 1244 1503 1317 ἐὸδομηκοστῆς
1557 1250 1783 1324 πρώτης

206 1322 595 1394 Ὀλυμπιάδος,
630 1331 756 1398 μηνὶ
781 1332 1005 1413 Ἰουλίῳ,
1031 1337 1251 1407 εἰκοστῇ
1293 1339 1389 1392 καὶ
1423 1340 1675 1414 πέμπτῃ.
1726 1322 1786 1397 ⁸ήο

201 1414 265 1468 δὲ
299 1417 599 1483 Μαξέντιος
633 1409 1003 1491 πονηρότατος
1048 1426 1267 1482 πάντων
1315 1431 1423 1483 τῶν
1468 1409 1573 1501 πρὸ
1622 1409 1786 1487 αὑτοῦ

200 1508 446 1575 γεγονὼς
485 1510 613 1575 τοὺς
656 1517 720 1584 τῇ
771 1512 954 1587 Ῥώμῃ
999 1518 1344 1583 ἐνοικοῦντας
1382 1523 1647 1593 ἀπέτριδε
1692 1527 1787 1578 καὶ

203 1597 447 1664 μάλιστα
471 1601 597 1665 τοὺς
628 1604 1009 1673 Χριστιανούς.
1035 1609 1269 1674 Πολλοὺς
1289 1611 1382 1664 οὖν
1411 1613 1520 1666 τῶν
1550 1614 1787 1684 πρώτων

1960 793 2352 851 Constantinus
2391 804 2576 849 autem
2611 809 2705 865 per
2729 796 2914 850 omnia
2947 796 3377 853 humanissimus
3403 812 3470 854 ac

1892 886 2333 957 benignissimus,
2363 891 2504 958 apud
2556 897 2765 955 patrem
2791 889 2945 944 vivus
2976 898 3059 945 est
3089 901 3470 961 conservatus,

1892 992 2053 1047 quem
2113 978 2202 1032 ille
2252 994 2446 1033 sanum
2504 979 2853 1049 validumque
2917 982 3220 1052 suscipiens
3285 984 3472 1040 multis

1897 1071 2004 1124 Deo
2029 1070 2219 1140 gratiis
2265 1072 2427 1137 actis,
2486 1085 2593 1124 non
2632 1071 2803 1126 multo
2838 1080 2982 1142 post,
3028 1088 3151 1128 cum
3185 1073 3260 1129 llli
3291 1075 3468 1146 impe-

1894 1162 2031 1214 rium
2083 1161 2418 1227 tradidisset,
2473 1162 2638 1216 vitam
2691 1177 2812 1217 cum
2858 1175 3035 1220 morte
3088 1167 3465 1224 commutavit.

1891 1252 2119 1307 Creatus
2150 1264 2327 1307 autem
2358 1263 2441 1308 est
2484 1254 2783 1322 imperator
2813 1255 3205 1313 Constantinus
3242 1272 3469 1329 magnus

1892 1357 2036 1396 anno
2087 1343 2262 1412 primo
2304 1342 2642 1415 Olympiadis
2695 1346 3086 1402 ducentesima:
3135 1351 3468 1419 septuagesi-

1894 1450 1994 1489 ma:
2048 1436 2235 1504 prima:
2293 1452 2478 1507 mense
2551 1436 2716 1499 Iulio.
2779 1439 2865 1494 die
2925 1440 3185 1494 vicesimo
3251 1441 3462 1509 quinto.

1892 1525 2197 1581 Maxentius
2227 1542 2375 1593 vero,
2419 1530 2684 1595 omnium,
2722 1531 2813 1599 qui
2859 1542 2985 1585 ante
3023 1532 3198 1601 ipsum
3225 1533 3466 1602 impera—

1895 1628 2107 1681 verunt,
2182 1616 2450 1683 pessimus
2509 1633 2572 1673 ac
2625 1620 3049 1678 scelestissitnus
3112 1639 3234 1677 cum
3299 1634 3466 1690 esset,

200 1689 474 1755 φονεύσας
506 1730 522 1755 ,
551 1695 646 1747 καὶ
702 1695 930 1758 πολλοὺς
952 1699 1224 1771 ἐξορίσας,
1246 1702 1345 1766 τὰς
1376 1705 1562 1768 οὐσίας
1599 1708 1782 1760 αὐτῶν

1893 1708 2088 1763 multos
2145 1707 2329 1764 Romae
2375 1719 2774 1767 commorantes
2806 1715 3087 1780 exstinxit,
3142 1725 3198 1770 et
3248 1718 3469 1786 potissi-

199 1778 525 1851 διήρπαζεν.
574 1785 652 1855 Τῇ
719 1786 777 1840 δέ
831 1790 968 1860 αὐτῇ
1030 1791 1125 1844 τοῦ
1179 1793 1219 1844 Γ
1223 1793 1442 1865 αλερίου
1498 1797 1782 1868 χρώμενος

199 1872 476 1944 ἀκολασίᾳ
507 1877 707 1941 πολλὰς
736 1879 843 1933 τῶν
886 1882 1190 1954 ἐλευθέρων
1227 1888 1504 1954 γυναικῶν
1537 1890 1778 1960 ἐμίανεν,

1889 1813 2033 1851 mum
2083 1798 2443 1857 Christianos.
2524 1802 2656 1857 Cum
2722 1803 2906 1872 itaque
2963 1805 3160 1859 multos
3215 1820 3281 1862 ex
3338 1808 3466 1867 illis.

1885 1906 2087 1959 eosque
2133 1895 2436 1964 praecipuos
2500 1896 2820 1963 occidisset,
2895 1898 3209 1968 multosque
3278 1899 3472 1955 exsilio

199 1963 399 2035 ἐτέρας
438 1966 495 2021 δὲ
544 1970 745 2039 μυρίας
801 1973 1185 2046 ἀνοσιουργίας
1237 1979 1331 2033 καὶ
1380 1982 1780 2053 ἁρῤητοποιῖας

1893 1983 2216 2048 multasset,
2272 1963 2411 2040 bona
2473 1987 2831 2057 fortunasque
2900 1963 3163 2045 invadens
3226 1991 3467 2060 diripuit,

197 2054 562 2125 ἐπιτηδεύων,
595 2061 868 2132 ἀφόρητος
899 2066 1066 2118 πᾶσιν
1101 2067 1337 2138 ὑπῆρχε,
1368 2074 1653 2141 γοητικαῖς
1675 2089 1778 2126 κα-

199 2149 635 2216 κομαγγανείαις
688 2153 991 2222 χρώμενος.
1060 2156 1170 2210 Τοῦ
1232 2157 1290 2211 δὲ
1339 2161 1578 2229 μεγάλου
1633 2164 1792 2217 Κων-

199 2236 484 2291 σταντίνου
520 2240 587 2293 τὰ
657 2240 844 2312 βόρεια
896 2245 990 2298 καὶ
1035 2246 1227 2301 δυτικά
1279 2250 1419 2321 μέρη
1462 2250 1564 2314 ἕως
1622 2253 1788 2308 αὑτοῦ

195 2325 297 2379 τοῦ
325 2328 585 2383 Ὠκεανοῦ
643 2333 1011 2399 ὑποτάξαντος
1034 2376 1049 2400 ,
1103 2333 1172 2409 ἦν
1221 2342 1412 2413 εἰρήνη
1464 2342 1635 2414 πολλὴ
1694 2346 1791 2400 καὶ

198 2416 480 2487 θυμηδεία
510 2419 622 2491 (52)
656 2423 749 2475 καὶ
795 2425 1132 2490 κατάστασις
1165 2429 1224 2482 ἐν
1244 2430 1342 2501 ὅλῃ
1371 2433 1437 2502 τῇ
1478 2433 1600 2486 κατ’
1624 2434 1785 2489 αὑτὸν

196 2510 513 2584 οἰκουμένῃ.

1882 2080 2045 2141 atque
2098 2076 2308 2141 eadem,
2356 2090 2460 2145 qua
2497 2077 2750 2133 Galerius
2812 2080 3232 2149 intemperantia
3286 2096 3458 2146 usus,

1893 2161 2093 2217 multas
2124 2162 2386 2231 ingenuas
2411 2164 2666 2220 mulieres
2696 2165 2839 2221 ftede
2877 2167 3295 2231 contaminavit,
3329 2167 3469 2221 alia-

1893 2267 2000 2321 que
2038 2253 2092 2307 id
2147 2267 2316 2322 genus
2359 2253 2507 2309 mille
2552 2254 2756 2325 ﬂagitia
2810 2269 3152 2326 perpetrans,
3209 2274 3328 2326 quae
3362 2258 3466 2314 dici

1892 2342 2046 2398 nefas
2071 2343 2167 2408 sit,
2197 2345 2555 2400 intolerabilis
2596 2347 2813 2400 cunctis
2842 2361 2967 2401 esse
3010 2348 3197 2416 coepit,
3232 2350 3470 2419 magica-

1893 2451 2012 2490 rum
2068 2434 2266 2490 artium
2300 2436 2622 2506 imposturis
2662 2437 2995 2506 impotenter
3030 2440 3268 2495 deditus.
3300 2439 3471 2495 Cum-

1884 2546 1990 2603 que
2043 2528 2440 2585 Constantinus
2507 2545 2757 2598 magnus,
2835 2531 3235 2599 Septentrionis
3301 2540 3465 2602 atque

196 2605 514 2667 occidentis
591 2619 772 2677 partes
829 2625 998 2681 usque
1060 2615 1129 2669 ad
1181 2614 1458 2672 Oceanum
1506 2622 1830 2693 subegisset,
1900 2640 2094 2697 magna
2146 2638 2251 2693 pax
2302 2638 2366 2680 ac
2422 2622 2545 2678 laeta
2602 2624 2967 2693 tranquillitas
3019 2625 3086 2680 iis
3136 2624 3470 2693 regionibus,

202 2712 325 2765 ima:
357 2697 455 2765 ipsi
489 2703 772 2765 parebant,
806 2711 889 2756 est
920 2717 1141 2759 exorta.

274 2809 339 2862 Οἱ
356 2809 414 2863 δέ
433 2809 648 2882 Ῥώμης
668 2815 949 2887 οἰκήτορες
965 2818 1149 2889 δέησιν
1162 2823 1300 2894 πρὸς
1311 2808 1471 2879 αύτδν
1482 2826 1786 2885 ἐστείλαντο

200 2904 672 2974 παρακαλοῦντες,
695 2908 770 2977 μὴ
803 2910 1054 2978 παριδεῖν
1087 2911 1185 2984 τὴν
1215 2915 1425 2988 μητέρα
1458 2918 1567 2971 τῶν
1625 2921 1783 2991 βασι-

200 2996 342 3049 λέων
374 2997 481 3049 ἀπὸ
508 2998 753 3068 ἀπηνοῦς
784 3001 1075 3072 τυράννου,
1121 3006 1321 3076 μᾶλλον
1349 3008 1405 3060 δὲ
1437 3012 1774 3082 σαρκοϐόρου

199 3087 394 3158 θηρίου
425 3090 823 3163 ἀπολλυμένην.
859 3095 1044 3150 Ταῦτα
1090 3097 1330 3164 ἀκούσας
1356 3102 1384 3153 6
1421 3102 1595 3171 μέγας
1622 3105 1779 3158 Κωνο

205 3182 486 3244 σταντϊνος
542 3184 633 3236 καὶ
680 3185 1051 3258 συμπαθήσας
1084 3190 1293 3254 αὐτοῖς.
1351 3192 1635 3263 ἐφρόντιζε
1687 3198 1783 3251 τοῦ
1811 3172 1855 3229 c

200 3273 567 3348 ἐλευθερῶσαι
632 3280 832 3345 αὐτοὺς
884 3285 949 3336 ἐκ
999 3284 1100 3353 τῆς
1155 3287 1444 3354 δουλείας,
1499 3290 1689 3344 ἐδεδίει
1727 3291 1786 3344 δὲ

198 3363 359 3419 τοῦτο
392 3367 479 3421 διὰ
509 3370 610 3434 τὰς
639 3373 893 3441 γοητείας
932 3376 1027 3427 καὶ
1066 3376 1233 3429 αὐτοῦ
1282 3381 1783 3449 κακομαγγανείας.

209 3456 352 3527 Ἧδη
391 3459 601 3527 γάρὼς
633 3463 803 3517 πολλὰ
842 3465 1075 3536 ἀνέτεμε
1121 3468 1309 3522 παιδία
1361 3472 1630 3541 προφάσει
1687 3474 1786 3543 τῆς

202 3547 466 3617 ἀθεμίτου
498 3552 664 3605 αὐτοῦ
703 3555 987 3622 μαντείας.
1056 3558 1147 3610 Ἐν
1187 3559 1357 3631 πολλῇ
1396 3557 1489 3616 οὖν
1542 3565 1785 3634 φροντίδι

197 3638 297 3692 καὶ
319 3639 509 3708 σκέψει
532 3642 832 3713 ὑπάρχοντι
857 3643 1012 3716 ὤφθη
1045 3647 1203 3720 αύτῷ
1227 3652 1284 3706 ἐν
1307 3653 1514 3724 κάμπῳ
1542 3656 1795 3724 διάγοντι

201 3729 343 3799 μετὰ
380 3730 490 3782 τῶν
531 3736 882 3801 στρατιωτῶν
923 3738 1054 3809 περὶ
1095 3741 1444 3812 μεσημϐρίας
1470 3745 1783 3818 στηλοειδὴς

199 3820 437 3890 σταυρὸς
472 3823 536 3875 ἐκ
561 3824 739 3891 φωτὸς
780 3830 1291 3900 κατεσκευασμένος
1331 3832 1466 3904 (55),
1520 3838 1578 3889 ἐν
1609 3829 1654 3904 ᾧ
1683 3838 1782 3891 ἐπ-

198 3911 531 3983 εγέγραπτο,
562 3933 580 3967 ι
604 3917 692 3969 Ἐν
720 3918 894 3989 τούτῳ
917 3920 1063 3975 νίκα.
1105 3941 1123 3973 ι
1166 3924 1443 3994 Ἔμφοϐος
1468 3927 1525 3981 δὲ
1555 3930 1783 4001 γενόμε-

198 4020 291 4067 νος
320 4005 346 4055 6
374 4004 648 4074 βασιλεὺς,
678 4008 865 4079 ἠρώτα
893 4010 1020 4075 τοὺς
1048 4012 1144 4066 σὺν
1174 4014 1323 4086 αὐτῷ
1344 4058 1362 4082 ,
1397 4019 1446 4071 εἰ
1496 4020 1592 4072 καὶ
1630 4021 1783 4074 αὐτοί

197 4113 254 4149 τι
277 4095 587 4152 ἐθεάσαντο.
616 4101 677 4153 Ol
709 4101 766 4153 δὲ
815 4102 1249 4173 ὁμολογήσαντες
1282 4107 1381 4177 τὴν
1426 4108 1600 4181 αὐτὴν
1630 4111 1783 4181 αὑτῷ

199 4189 507 4258 ἑωρακέναι
558 4190 851 4258 ὀπτασίαν,
883 4192 1005 4246 τότε
1046 4196 1075 4247 6
1111 4195 1366 4265 βασιλεὺς
1405 4201 1784 4272 ἀναρρωσθεὶς

197 4276 278 4348 τῷ
306 4281 639 4351 φρονήματι,
672 4283 908 4354 θάρσους
939 4302 999 4338 τε
1024 4287 1120 4341 καὶ
1158 4289 1470 4360 προθυμίας
1495 4294 1782 4359 ἀνάπλεως

199 4364 292 4439 ἦν.
321 4370 399 4440 Τῇ
448 4371 504 4423 δὲ
566 4372 796 4447 ἐπιούσῃ
830 4378 986 4431 νυκτὶ
1024 4380 1251 4444 ἐπιστὰς
1284 4383 1313 4434 ὁ
1368 4383 1571 4454 Κύριος
1625 4379 1781 4440 εἶπεν

1962 2832 2120 2889 Cives
2172 2832 2406 2887 Romani
2466 2832 2606 2887 inter
2652 2832 2769 2886 haec
2823 2830 2889 2885 ad
2934 2846 3056 2887 eum
3110 2832 3469 2902 supplicatum

1891 2925 2221 2979 mittuntur:
2273 2940 2340 2979 ne
2392 2941 2514 2979 eam
2552 2925 2765 2989 urbem,
2796 2939 2917 2993 qua:
2968 2935 3141 2978 mater
3176 2925 3469 2997 imperato-1

1890 3028 2008 3067 rum
2042 3014 2238 3081 fuerat,
2288 3030 2517 3084 quaeque
2544 3031 2574 3069 τι
2613 3016 2850 3084 pessimo
2890 3025 3118 3086 tyranno
3156 3016 3269 3084 jam
3300 3015 3470 3071 ferme

1888 3105 2147 3174 perierat,
2212 3107 2492 3176 tlespectui
2561 3108 2813 3164 haberet.
2878 3109 3088 3175 Quibus
3147 3110 3467 3177 intellectis,

1889 3197 2281 3252 Constantinus
2310 3213 2560 3268 magnus,
2594 3198 2949 3255 miseratione
2995 3201 3209 3255 illorum
3246 3201 3468 3268 ductus,

1887 3304 1954 3344 ex
2007 3290 2282 3348 servitute
2318 3289 2440 3344 illos
2491 3289 2546 3344 in
2603 3289 2912 3345 libertatem
2960 3306 3210 3348 asserere
3246 3295 3301 3349 in
3353 3296 3470 3351 ani-

1888 3392 2036 3431 mum
2074 3376 2307 3443 induxit,
2358 3379 2411 3431 in
2443 3394 2552 3448 quo
2595 3390 2777 3435 tamen
2807 3384 3176 3451 aggrediendo
3211 3400 3320 3439 non
3352 3402 3469 3442 me-

1888 3466 2149 3520 diocriter
2180 3467 2509 3536 trepidabat,
2560 3479 2779 3539 propter
2800 3472 3022 3540 magicae
3050 3474 3208 3538 artis,
3238 3490 3342 3544 qua
3377 3474 3469 3532 ille

1888 3557 2185 3612 instructus
2239 3569 2376 3622 erat,
2431 3558 2709 3628 improbas
2764 3562 3010 3617 teclmas.
3065 3563 3296 3620 Videbat
3320 3567 3464 3623 enim

1888 3649 2159 3717 quomodo
2208 3649 2452 3704 inﬁnitos
2499 3666 2698 3718 pueros
2732 3655 2798 3705 ad
2842 3652 3106 3709 nefariam
3140 3658 3468 3713 incantatio—

1887 3755 2012 3795 nem
2065 3756 2219 3796 suam
2269 3741 2658 3812 perﬁciendam
2703 3745 3076 3802 dissecuisset.
3112 3749 3245 3803 Cum
3280 3749 3465 3820 itaque

1888 3831 1942 3886 in
1974 3847 2187 3887 summa
2220 3850 2349 3888 cura
2392 3844 2559 3903 atque
2595 3837 2760 3894 animi
2812 3837 3180 3895 sollicitudine
3214 3856 3465 3899 versare-

1888 3932 1996 3991 tur,
2028 3925 2141 3978 visa
2185 3926 2284 3994 ipsi
2342 3936 2423 3981 est
2454 3943 2577 3982 cum
2631 3931 2900 3995 exercitu,
2954 3931 3006 3985 in
3060 3948 3253 4001 campo
3286 3937 3464 4004 agenti

1885 4017 2074 4071 versus
2106 4019 2383 4073 meridiem
2426 4035 2558 4073 crux
2588 4036 2653 4075 ex
2684 4020 2805 4076 luce
2837 4022 3160 4090 clarissima,
3200 4025 3465 4081 columna:

1886 4104 1953 4158 ad
1989 4105 2205 4159 modum
2249 4107 2414 4173 Pacta,
2448 4124 2569 4161 cum
2603 4110 2706 4164 bac
2740 4111 3096 4181 inscriptione
3139 4131 3152 4167 :
3204 4133 3221 4165 ι
3266 4113 3324 4170 In
3360 4116 3463 4173 hoc

1885 4195 2038 4265 signo
2073 4197 2249 4252 vince.
2314 4217 2332 4250 ι
2366 4198 2480 4266 Qua
2526 4215 2584 4257 re
2616 4203 2879 4257 attonitus
2908 4203 3224 4274 imperator,
3261 4208 3461 4275 quaesi-

1884 4289 1965 4343 vit
1993 4305 2057 4343 ex
2086 4289 2211 4352 illis,
2245 4293 2337 4361 qui
2371 4308 2493 4345 cum
2541 4293 2662 4363 ipso
2694 4302 2871 4361 erant,
2906 4312 3032 4349 num
3062 4305 3116 4350 et
3152 4298 3255 4365 ipsi
3285 4299 3464 4353 simile

1885 4381 2013 4449 quid
2044 4381 2326 4447 vidissent,
2382 4384 2474 4453 qui
2512 4400 2702 4439 omnes
2754 4388 3222 4443 consentientibus
3266 4391 3462 4445 animis

200 4459 349 4530 αύτῷ
381 4477 393 4490 ·
436 4463 654 4533 Χρῆσαι
703 4466 778 4537 τῷ
806 4470 1030 4536 φανέντι
1073 4472 1287 4544 σημείῳ
1312 4511 1326 4537 ,
1354 4475 1450 4529 καὶ
1484 4475 1580 4548 ἔσῃ
1613 4479 1779 4532 νικῶν

1893 4473 2013 4528 lassi
2055 4486 2186 4531 sunt
2209 4477 2456 4531 eamdem
2488 4477 2591 4531 sibi
2621 4482 2856 4545 speciem
2884 4478 3058 4535 fuisse
3091 4481 3260 4536 visam
3288 4499 3302 4536 :
3336 4492 3463 4536 tunc

207 4549 414 4641 πάντας
464 4555 592 4618 τοὺς
641 4557 868 4628 ἐχθρούς
906 4577 1021 4615 σου.
1062 4561 1308 4633 Ἡμέρας
1358 4564 1414 4618 δὲ
1477 4569 1775 4641 γενομένης

1893 4568 2177 4634 imperator
2205 4567 2570 4622 sollicitudine
2604 4569 2884 4633 liberatus,
2909 4572 3203 4640 animoque
3232 4590 3295 4629 ac
3322 4574 3458 4629 bona

199 4640 430 4711 ἀμελητὶ
464 4644 748 4714 σχεδιάσας
779 4650 1031 4723 σταυρὸν,
1063 4651 1239 4724 ὅσπερ
1276 4654 1440 4725 μέχρι
1473 4657 1575 4727 τῆς
1603 4640 1777 4730 σήμε-

1893 4672 1977 4726 spe
2020 4657 2210 4725 plenus
2261 4668 2342 4712 est
2400 4660 2662 4727 redditus,
2710 4660 2799 4714 cui
2852 4662 3016 4717 etiam
3064 4667 3251 4719 eadem
3304 4678 3461 4722 nocte

204 4744 296 4798 ρον
326 4731 383 4782 ἐν
416 4735 528 4795 τοῖς
570 4733 858 4802 βασιλείοις
910 4738 1240 4808 φυλάττεται
1278 4785 1294 4810 ,
1335 4745 1589 4800 ἐκέλευσε
1642 4766 1775 4820 προ-

1893 4759 2065 4803 astans
2111 4750 2390 4814 Dominus,
2435 4760 2492 4805 ut
2533 4752 2689 4821 signo
2731 4752 2836 4806 sibi
2882 4752 2999 4807 viso
3049 4764 3314 4820 uteretur,
3348 4772 3460 4811 mo-

201 4818 430 4887 ἁγεσθαι
495 4825 658 4880 αὐτὸν
704 4829 785 4891 εἰς
830 4829 920 4882 τὸν
976 4832 1231 4903 πόλεμον.
1302 4834 1360 4889 '0
1417 4837 1474 4891 δὲ
1506 4818 1776 4912 δυσσεϐὴς

1893 4840 2020 4906 nuit,
2067 4840 2307 4895 futurum
2369 4842 2513 4897 enint
2562 4851 2621 4897 ut
2666 4847 2907 4899 omnium
2942 4861 3162 4900 suorum
3219 4848 3453 4904 ltostiun

196 4910 479 4981 τύραννος,
502 4916 783 4990 θαρσήσας
820 4923 933 4984 τοῖς
969 4922 1222 4993 δαίμοσιν
1258 4926 1450 4995 αὑτοῦ,
1513 4931 1610 4984 καὶ
1677 4910 1772 5001 γε·-

1893 4931 2156 5001 potiretur
2182 4932 2431 4987 victoria.
2470 4932 2822 4989 lllucescente
2849 4937 3028 5005 itaque
3056 4938 3164 5002 die,
3198 4940 3458 4992 continuo

200 5002 459 5072 φυρώσας
489 5007 581 5060 τὸν
615 5011 965 5081 παραρέοντα
1014 5015 1258 5086 ποταμὸν
1297 5017 1520 5085 πολλαῖς
1553 5022 1770 5090 ναυσὶν,

1893 5039 2124 5091 crucem,
2184 5040 2303 5094 quae
2357 5039 2529 5094 usque
2577 5027 2754 5082 adhuc
2801 5027 2856 5081 in
2918 5029 3064 5097 regia
3119 5043 3452 5096 asservatur,

198 5093 426 5164 ἐξῆλθεν
452 5100 532 5162 εἰς
560 5100 812 5171 πόλεμον.

1893 5118 2146 5184 :onstrui,
2173 5093 2231 5172 et
2257 5128 2387 5174 ante
2424 5133 2481 5173 se
2517 5118 2568 5173 in
2611 5120 2809 5174 bellum
2862 5120 3104 5192 praeferri
3137 5122 3322 5192 jussit.
3351 5121 3457 5178 lm-

203 5182 325 5251 pius
381 5200 508 5240 vero
576 5200 854 5258 tyrannus,
907 5195 1109 5250 auxilio
1165 5197 1467 5253 daemonum
1534 5217 1757 5263 suorum
1796 5210 2050 5275 conﬁsus,
2107 5208 2361 5277 ﬂuvium,
2407 5211 2499 5280 qui
2589 5212 3008 5282 prmlcrﬂucbéll.
3102 5226 3268 5285 PU"le
3326 5216 3453 5287 ἰυυ·

200 5291 334 5347 gens
360 5283 570 5353 magnis
606 5286 820 5340 navium
860 5288 1048 5357 copiis,
1075 5291 1140 5346 ad
1172 5306 1404 5363 pugnam
1444 5302 1727 5364 processit.

1705 5478 1935 5539 ΝΟΤᾸΞ.

274 5610 390 5722 ξέἓὶ
420 5604 901 5722 ξιξηιυξηθεξξξλξίμν
922 5625 1063 5722 ξοαο.
1095 5623 1220 5722 Bav-
1251 5625 1565 5722 ρυμῖλδείαομ
1611 5700 1621 5711 .
1669 5703 1678 5713 .

1893 5638 2074 5722 ablata,
2134 5643 2254 5698 vide
2300 5645 2390 5699 lib.
2433 5659 2469 5702 tt
2504 5645 2578 5702 De
2636 5659 2815 5702 sancta
2858 5663 3044 5715 cruce,
3100 5668 3216 5722 mp.
3268 5650 3336 5709 56
3401 5662 3450 5707 et

274 5687 386 5757 (57))
423 5687 496 5741 De
532 5688 634 5743 hac
683 5687 883 5745 visione
921 5693 1094 5748 crucis
1121 5687 1470 5755 Constantino
1516 5700 1772 5757 divinitus
1881 5687 1971 5762 ᾖ

480 5893 513 5918 ρ
