3896 6306
401 247 544 311 4055
1613 254 2058 315 ALEXANDRI
2093 252 2439 314 MONACHI
3550 248 3687 313 4455
3710 225 3729 235 ’

450 361 774 417 Commissa
820 376 996 431 pugna
1043 361 1248 417 inimici
1296 363 1492 418 virtute
1540 366 1720 421 crucis
1758 370 1977 424 contriti

2155 368 2440 439 Συμϐολῆς
2483 369 2539 423 δὲ
2609 369 2929 438 γενομένης,
2964 364 3364 439 συνετρὶϐησαν
3416 367 3535 419 ὕπο
3592 370 3685 433 τῆς

401 463 550 519 sunt,
581 454 923 521 maximaque
955 468 1141 509 eorum
1197 464 1352 523 parte
1393 457 1597 520 occisa,
1635 460 1824 529 reliqui
1856 476 1978 515 cum

404 554 637 612 tyranno
698 560 888 601 versus
935 544 1215 600 civitatem
1271 546 1546 616 fugerunt,
1583 566 1815 620 cumque
1848 568 1981 621 pons

406 636 754 690 multitudine
801 635 965 689 nimia
1014 635 1314 701 fatisceret,
1362 638 1413 691 in
1451 638 1675 694 flumine
1703 645 1981 712 perierunt

405 730 543 783 sicut
585 728 790 781 Pharao
834 737 1118 799 tyrannus.
1165 728 1353 799 Itaque
1386 745 1612 787 cernere
1660 743 1779 787 erat
1810 744 1980 789 totum

411 821 629 872 fluvium
666 819 821 887 equis
847 820 1006 874 simul
1035 830 1194 889 atque
1224 822 1592 879 insessorihus
1621 837 1979 881 constratum.

405 909 564 962 Cives
626 919 804 960 autem
878 906 1110 962 Romani
1170 908 1588 964 Constantinum
1662 919 1980 964 coronatum

407 1014 600 1069 magna
636 1015 759 1073 cu_nt
809 999 1015 1063 ltetilia,
1065 1000 1366 1070 faustisque
1411 1002 1898 1056 acclamationibus
1928 1002 1981 1056 in

406 1092 595 1145 urbem
675 1099 1054 1159 susceperunt,
1114 1107 1444 1161 crucemque
1491 1093 1736 1148 victoriae
1791 1102 1984 1148 aucto-

2081 459 2177 513 τοῦ
2222 460 2457 531 σταυροῦ
2493 461 2779 531 δυνάμεως
2813 462 2861 512 οἱ
2902 460 3215 512 ὑπεναντίαι
3237 501 3253 523 ,
3290 459 3392 513 καὶ
3437 475 3683 511 κατακο-

2085 550 2283 614 πέντες
2306 552 2356 604 οἱ
2395 551 2663 618 πλεῖστοι,
2694 553 2743 604 οἱ
2794 550 2967 604 λοιποὶ
3012 551 3110 602 σὺν
3150 550 3230 621 τῷ
3262 549 3569 618 τυράννῳ,
3613 548 3691 611 ὡς

2082 642 2177 696 ἐπὶ
2230 643 2330 714 τὴν
2381 644 2538 696 πόλιν
2589 642 2811 712 ἔφυγον,
2839 643 2939 712 τῆς
2999 642 3056 695 δέ
3115 641 3362 712 γεφύρας
3404 639 3687 702 κρείττοπ

2082 735 2310 806 δυνάμει
2389 734 2825 806 διαρῥαγείσης,
2878 732 3393 803 κατεποντίσθησαν
3484 732 3553 781 ἐν
3610 727 3689 798 τῷ

2085 826 2336 896 ποταμῷ
2362 826 2509 879 κατὰ
2548 825 2641 879 τὸν
2671 824 2875 896 Φαραὼ
2915 825 3237 895 πανστρατί.
3291 824 3410 878 Καὶ
3449 819 3531 894 ἦν
3562 822 3689 875 ἰδεῖν

2079 918 2203 972 ὅλον
2220 917 2310 970 τὸν
2332 916 2576 986 ποταμὸν
2594 916 2772 986 πεπλη
2783 916 3025 987 ρωμένον
3036 918 3220 969 ἵππων
3235 916 3333 969 σὺν
3352 915 3685 976 ἀναϐάταις.

2085 1010 2150 1063 Οἱ
2199 1010 2255 1063 δὲ
2306 1008 2521 1061 πολῖται
2590 1009 2691 1077 τῆς
2740 1008 2957 1079 Ῥώμης
3014 1007 3472 1075 στεφανώσαντες
3524 1004 3693 1060 αὐτὸν

2081 1099 2419 1163 εἰσεδέξαντο
2442 1098 2578 1169 μετὰ
2605 1098 2780 1169 χαρᾶς
2806 1098 3048 1168 μεγάλης
3066 1099 3161 1151 καὶ
3185 1096 3690 1167 εὐφημιῶν,τύντι

405 1199 544 1252 rem,
579 1184 961 1254 imperatorem
997 1199 1123 1238 vero
1150 1186 1346 1240 salutis
1383 1200 1494 1239 suae
1528 1194 1855 1239 assertorem
1886 1200 1981 1253 ap-

403 1276 886 1350 pellarunt._Tunc
923 1279 1179 1348 praecepit
1226 1280 1521 1348 imperator
1570 1277 1828 1349 reliquias
1858 1293 1986 1332 san-

406 1378 619 1423 ctorum
680 1378 980 1440 martyrum
1030 1370 1081 1424 in
1139 1386 1305 1423 unutn
1362 1369 1622 1433 conferri,
1681 1383 1986 1440 magnaque

406 1477 528 1515 cum
582 1461 935 1515 veneratione
977 1460 1271 1531 sepulturae
1313 1462 1473 1524 tradi,
1516 1470 1572 1513 et
1614 1461 1815 1530 injuria
1856 1458 1986 1513 affe-

406 1555 513 1610 c1is
569 1553 861 1609 facultates
914 1570 1041 1609 suas
1095 1555 1328 1608 restitui.
1387 1553 1747 1609 Celebrarunt
1802 1560 1983 1631 autem

405 1646 602 1697 festum
642 1644 884 1697 victoriae
918 1653 1086 1713 parta:
1115 1654 1320 1711 septem
1346 1654 1633 1712 perpetuos
1660 1644 1796 1711 dies,
1835 1659 1983 1698 sum-

2086 1190 2365 1245 νικοποιὸν
2440 1187 2676 1260 σταυρὸν
2747 1190 2843 1243 καὶ
2919 1187 3012 1240 τὸν
3076 1190 3379 1257 νικηφόρον
3456 1186 3691 1256 βασιλέα

2089 1284 2310 1353 σωτῆρα
2355 1280 2781 1344 ἀποκαλοῦντες.
2838 1280 2975 1333 Τότε
3028 1281 3057 1333 ὁ
3095 1279 3356 1348 βασιλεὺς
3424 1278 3693 1332 ἐκέλευσε

2089 1374 2422 1445 συναχθῆναι
2455 1373 2524 1427 τὰ
2594 1372 2826 1443 λείψανα
2874 1372 2986 1425 τῶν
3039 1373 3213 1440 ἁγίων
3252 1370 3568 1441 μαρτύρων
3601 1373 3693 1423 καὶ

2082 1469 2210 1539 ὁσία
2238 1470 2384 1538 ταφῇ
2410 1466 2582 1520 ταῦτα
2606 1466 3009 1537 παραδοθῆναι,
3047 1464 3139 1516 καὶ
3178 1467 3291 1527 τοῖς
3339 1463 3695 1532 ἀδικηθεῖσιν

2086 1557 2186 1619 τὰς
2216 1557 2406 1619 οὖσίας
2453 1554 2633 1608 αὐτῶν
2684 1553 3016 1622 ἀποδοθῆναι
3053 1568 3067 1582 ·

3123 1553 3220 1606 καὶ
3270 1548 3420 1621 ἦσαν
3462 1552 3698 1619 ἄγοντες

2089 1646 2359 1700 ἐπινίκιον
2435 1646 2630 1716 ἑορτὴν
2697 1646 2839 1698 ἑπτὰ
2903 1646 3116 1718 ἡμέρας
3178 1643 3554 1714 γεραίροντες
3606 1642 3701 1694 τὶν

404 1735 513 1789 niis
545 1735 797 1789 laudibus
827 1744 988 1804 atque
1019 1734 1225 1788 honore
1256 1734 1458 1788 Christi
1489 1750 1705 1789 crucem
1747 1736 1984 1791 allicien-

2105 1741 2328 1810 σταυρδν
2360 1738 2455 1793 τοῦ
2493 1713 2755 1810 Χριστοῦ.
2796 1713 2966 1802 Οὗτος
3019 1734 3087 1809 ῆν
3151 1713 3389 1807 ἕϐδομος
3442 1734 3700 1798 ἐνιαυτὸς

406 1837 514 1881 tes.
544 1826 722 1893 Atque
759 1825 875 1879 haec
916 1826 1147 1893 septimo
1194 1839 1339 1878 anno
1388 1825 1602 1895 imperii
1637 1826 1983 1885 Constantini

408 1917 742 1971 acciderunt.

478 2007 684 2072 Quibus
712 2007 964 2074 cognitis,
993 2006 1241 2062 Galerius
1282 2007 1642 2063 Maximianus
1668 2023 1987 2079 progressus

407 2098 655 2152 eamdem
704 2099 829 2155 belli
879 2100 1051 2155 aleam
1104 2103 1355 2167 tentavit,
1395 2110 1560 2174 atque
1603 2102 1678 2156 ita
1711 2103 1926 2171 paulum
1955 2121 1984 2159 a

409 2188 740 2242 Christianis
790 2190 1180 2258 persequendis
1242 2189 1526 2249 abstinuit.
1584 2190 1811 2262 Magnus
1856 2208 1987 2247 vero

407 2282 795 2337 Constantinus
835 2282 888 2336 in
937 2282 1120 2339 crucis
1153 2282 1529 2338 iuvictissimis
1574 2284 1743 2338 armis
1772 2298 1986 2339 omnem

411 2388 562 2443 spem
618 2388 911 2440 reponens,
962 2383 1154 2429 contra
1210 2374 1386 2445 ipsum
1437 2375 1629 2441 movit,
1690 2376 1988 2442 habuitque

410 2479 596 2519 secum
643 2465 912 2527 Licinium
957 2466 1010 2519 in
1052 2465 1192 2521 bello
1220 2475 1409 2520 contra
1445 2476 1711 2536 tyrannos
1756 2466 1985 2531 socium,

410 2558 503 2628 qui
531 2574 640 2629 pra:
676 2573 735 2612 se
781 2555 1010 2623 ferebat,
1053 2558 1207 2625 quasi
1245 2572 1276 2608 a
1322 2556 1758 2611 Christianorum
1800 2556 1990 2611 decre-

414 2652 482 2706 tis
509 2651 883 2718 institutisque
915 2663 1023 2703 non
1057 2662 1283 2716 prorsus
1326 2646 1671 2701 abhorreret.
1702 2647 1990 2717 Tyrannus

411 2750 593 2793 autem
643 2739 867 2808 magicis
901 2737 1015 2790 suis
1042 2737 1357 2806 itnpusturis
1386 2747 1533 2792 totus
1563 2737 1906 2805 incumbens,
1938 2739 1990 2790 in

414 2832 587 2885 aciem
625 2839 818 2883 contra
866 2836 1110 2883 sanctum
1150 2828 1537 2896 imperatorem
1583 2830 1871 2896 processit,
1906 2830 1991 2883 itt-

415 2921 587 2976 tinitis
640 2919 868 2974 militum
924 2919 1096 2988 copiis
1122 2918 1388 2988 imprimis
1433 2921 1794 2989 conspicuus.
1826 2918 1993 2975 Cum-

2092 1830 2193 1899 τῆς
2225 1829 2503 1900 βασιλείας
2533 1827 2973 1883 Κωνσταντίνου.

2165 2010 2348 2064 Ταῦτα
2360 2012 2597 2073 ἀκούσας
2627 2008 2928 2081 ὁΓαλέριος
2956 2007 3310 2077 Μαξιμιανδς
3338 2004 3701 2076 ἐξεληλύθει.

2108 2102 2414 2172 Ἐξεδέχετο
2466 2101 2577 2172 γὰρ
2616 2102 2712 2155 καὶ
2763 2101 2925 2165 αὐτὸς
2973 2100 3065 2154 τὸν
3095 2100 3263 2153 αὐτὸν
3310 2099 3497 2169 μόρον
3534 2141 3551 2165 ,
3608 2100 3701 2151 καὶ

2099 2194 2292 2264 μικρὸν
2321 2194 2531 2265 ἀπέστη
2559 2193 2661 2260 τῆς
2689 2193 2830 2247 κατὰ
2846 2193 2956 2246 τῶν
2987 2191 3338 2263 Χριστιανῶν
3364 2189 3701 2260 ἀπειλῆς-,⁸0

2094 2288 2151 2340 δὲ
2172 2286 2426 2357 μέγιστος
2448 2288 2857 2348 Κωνσταντῖνος
2886 2284 3108 2356 θαρῤᾦν
3138 2284 3217 2352 τῷ
3248 2284 3524 2353 ἀηττήτῳ
3556 2281 3703 2351 ὅπλῳ

2096 2378 2188 2433 τοῦ
2211 2380 2466 2449 σταυροῦ,
2497 2379 2758 2450 ὥρμησεν
2779 2379 2866 2432 ἐπ’
2896 2377 3078 2432 αὐτόν.
3098 2373 3302 2447 Εἴχεδέ
3334 2375 3436 2428 καὶ
3464 2375 3703 2428 Λικίνιον

2099 2471 2556 2541 συμπολεμοῦντα
2610 2472 2759 2542 αὑτῷ
2818 2470 2964 2525 κατὰ
3003 2470 3112 2522 τῶν
3161 2469 3487 2537 τυράννων,
3532 2481 3701 2536 προσ-

2099 2562 2423 2632 ποιούμενον
2463 2564 2755 2635 χαίρεσθαι
2790 2566 2904 2625 τοῖς
2954 2563 3374 2632 Χριστιανικοῖς
3406 2560 3701 2629 δόγμασιν.

2117 2652 2175 2705 ὐ
2200 2652 2257 2705 δὲ
2288 2653 2553 2723 τύραννος
2582 2657 2704 2717 ταῖς
2730 2654 3017 2724 γοητικαίς
3049 2653 3294 2711 ἀπάταις
3342 2650 3705 2719 ἐπερειδόμε-

2100 2762 2210 2809 νος,
2250 2746 2666 2816 παρατάξεσθαι
2712 2745 2792 2817 τῷ
2830 2745 3046 2798 εὐσεϐεῖ
3102 2745 3320 2813 βασιλεῖ
3376 2741 3704 2811 ἐξελήλυθεν

2106 2836 2471 2908 ἁναριθμήτῳ
2504 2838 2699 2911 πλήθει
2732 2838 2844 2894 τῶν
2866 2833 3700 2909 στρατοπέδωνφανταξὸμενος.

2112 2928 2417 2998 Γενομένης
2449 2930 2505 2984 δέ
2546 2933 2644 2999 τῆς
2686 2931 2983 3000 συμϐολῆς,
3008 2931 3102 2999 καὶ
3123 2927 3221 2981 τοῦ
3241 2929 3443 2993 τιμίου
3476 2922 3705 2994 σταυροῦ

415 3028 524 3085 que
573 3011 719 3066 acies
772 3010 887 3076 jam
961 3009 1464 3075 committerentur,
1523 3010 1835 3065 defensores
1910 3023 1993 3081 ty-

462 3120 465 3121 ,
540 3103 572 3121 ,9
644 3107 923 3121 --_._-----..
969 3099 1292 3121 -.--.....-I_:l:.
1350 3098 1525 3121 -----,.2..
1580 3099 1728 3121 -!__-..
1783 3109 1959 3121 _--_._,

2110 3020 2395 3088 φανέντος,
2420 3024 2467 3074 οἱ
2495 3022 2588 3075 τοῦ
2604 3025 2868 3092 τυράννου
2896 3021 3257 3083 ὑπασπισταὶ,
3274 3019 3383 3089 τὴν
3397 3015 3707 3088 προσϐολὴν

416 3103 607 3169 ranni,
636 3107 935 3168 conspecto
969 3099 1295 3153 venerabilis
1346 3098 1527 3153 crucis
1578 3099 1734 3168 signo
1782 3109 1996 3173 nostro-

415 3209 537 3249 rum
606 3193 863 3260 impelum
933 3204 1037 3243 non
1098 3189 1461 3254 sustinentes,
1517 3190 1569 3243 itt
1636 3192 1818 3261 fugam
1882 3195 1991 3249 acti

415 3295 568 3353 sunt,
615 3294 927 3354 quantaque
966 3290 1260 3351 potuerunt
1297 3281 1577 3337 celeritate
1610 3291 1758 3354 terga
1810 3286 1994 3341 'verte-

417 3387 581 3441 runt,
639 3373 1007 3445 imperatoriis
1059 3373 1322 3426 militibus
1383 3388 1596 3428 summo
1641 3388 1736 3428 eos
1784 3385 1978 3430 conatu

422 3467 839 3540 insequentibus
862 3507 879 3535 ,

417 3565 804 3631 imperatorem
849 3556 1235 3627 confugerunt.

493 3660 691 3729 Impius
740 3674 867 3713 vero
916 3645 1196 3719 diadema,
1247 3671 1355 3724 quo
1402 3654 1654 3724 indignus
1703 3663 1849 3720 erat,
1882 3670 1910 3709 a
1940 3669 1997 3711 se

418 3751 715 3822 abjiciens,
767 3764 834 3803 ne
892 3751 944 3802 in
998 3748 1123 3817 fuga
1178 3757 1361 3817 posset
1419 3748 1675 3817 agnosci,
1739 3755 1997 3816 tanquam

421 3842 705 3913 gregarius
772 3840 928 3894 miles
981 3838 1216 3906 aliquis,
1275 3838 1419 3892 inter
1462 3837 1702 3904 reliquos
1748 3837 1888 3904 fuit,
1932 3854 1997 3892 ex

425 3948 535 3986 uno
569 3942 748 3985 autem
780 3932 902 3985 vico
941 3929 995 3983 in
1030 3928 1194 3983 alium
1233 3928 1544 3998 profugiens
1568 3967 1583 3993 ,
1620 3943 1790 3998 seque
1813 3930 1997 3985 occul-

420 4036 584 4088 tans,
625 4024 711 4077 vix
757 4037 881 4076 cum
926 4021 1115 4089 paucis
1144 4022 1338 4076 amicis
1390 4020 1564 4076 nudus
1619 4023 1824 4085 evasit,
1873 4036 2003 4076 con-

420 4123 783 4186 gregalesque
835 4114 1059 4168 deorum
1109 4128 1328 4168 suorum
1405 4113 1611 4167 scilicet
1665 4114 2002 4178 sacerdotes,

424 4208 718 4275 prophetas
738 4246 759 4273 ι
813 4213 965 4259 vates
989 4245 1004 4269 ,
1034 4215 1089 4258 et
1123 4213 1392 4274 quotquot
1422 4206 1472 4257 iu
1501 4200 1844 4260 vaticinando
1871 4203 2004 4259 clari

424 4299 796 4362 habebantur,
841 4311 1060 4360 omnes,
1091 4295 1235 4349 velut
1283 4296 1608 4363 itnpostores
1656 4310 1721 4350 ac
1749 4296 2005 4365 decepto-

2106 3111 2181 3180 μὴ
2198 3111 2540 3179 ἐνέγκαντες,
2561 3115 2880 3183 ἐτράπησαν
2910 3115 2987 3176 είς
3017 3112 3217 3181 φυγὴν,
3239 3112 3342 3163 καὶ
3356 3112 3410 3162 οἱ
3430 3110 3534 3179 μὲν
3551 3108 3705 3177 ἔφευ-

2102 3216 2199 3267 γον
2226 3204 2367 3255 κατά
2386 3202 2572 3273 τάχος,
2593 3205 2643 3257 οἱ
2669 3204 2726 3257 δὲ
2742 3204 2884 3257 κατὰ
2909 3204 3107 3273 κράτος
3132 3200 3612 3265 ὲδὶωκον,πολλῶν
3626 3216 3703 3266 χε·

2110 3289 2311 3346 λιάδων
2326 3294 2434 3347 τῶν
2448 3297 2603 3349 ἐναντ
2614 3293 3181 3351 ίων,καταπεσουσῶν.
3198 3295 3262 3346 Οἱ
3275 3293 3467 3345 λοιποὶ
3486 3290 3703 3345 καταλι-

2113 3383 2309 3448 πόντες
2334 3388 2425 3441 τὸν
2445 3386 2708 3458 τύραννον
2739 3384 3169 3458 προσεχώρησαν
3205 3383 3284 3455 τῷ
3316 3384 3702 3453 αὐτοκράτορι.

978 3463 1270 3534 multisque
1321 3464 1536 3519 illorum
1617 3466 1802 3531 etesis,
1863 3467 1954 3535 qui

2113 3475 2267 3532 clade
2322 3479 2511 3549 reliqui
2565 3478 2814 3543 fuerunt,
2876 3487 3165 3548 tyrannum
3253 3476 3577 3530 deserentes
3637 3475 3704 3526 ad

2192 3661 2249 3713 '0
2277 3661 2332 3714 δέ
2365 3659 2628 3729 δυσσεϐὴς
2659 3659 2820 3728 ῥίψας
2841 3657 2902 3711 τὸ
2931 3657 3227 3727 βασίλειον,
3276 3649 3459 3728 οὗπερ
3490 3657 3705 3721 ἀνάξιος

2107 3755 2423 3823 ἐτύγχανεν,
2454 3753 2527 3812 ὡς
2559 3752 2623 3805 ἂν
2655 3750 2729 3821 μὴ
2758 3750 3072 3819 ἐπιγνωσθῇ
3122 3749 3369 3817 φεύγων,
3410 3750 3705 3817 περιερχᾶ-

2110 3860 2268 3914 μενος
2297 3843 2354 3894 δέ
2392 3842 2501 3895 ἀπὸ
2526 3840 2720 3911 κώμης
2760 3842 2842 3901 είς
2868 3839 3062 3910 κώμην
3097 3839 3192 3893 καὶ
3247 3838 3706 3906 κρυπεαζόμενος

2113 3935 2265 4004 μόλις
2299 3934 2416 4004 μετ’
2437 3934 2631 4001 ὀλίγων
2654 3931 2773 3985 τῶν
2800 3932 3174 3984 εὐνουστάτων
3202 3928 3443 3998 διεσώθη
3476 3928 3707 3999 γυμνές.

2110 4023 2441 4092 Συναγαγὼν
2469 4022 2526 4075 δὲ
2550 4022 2675 4085 τοὺς
2706 4023 2872 4091 ἱερεῖς
2895 4020 3006 4073 τῶν
3034 4018 3194 4089 δῆθεν
3217 4018 3381 4082 θεῶν,
3436 4020 3536 4073 καὶ
3582 4019 3711 4079 τοὺς

2109 4117 2413 4188 προφήτας,
2451 4116 2544 4168 καὶ
2576 4115 2701 4177 τοὺς
2731 4114 2969 4184 μάντεις,
3000 4114 3095 4165 καὶ
3147 4113 3272 4175 τοὺς
3327 4112 3420 4164 ἐπὶ
3481 4111 3712 4181 μαντεία

2114 4207 2499 4279 βεϐοημένους,
2525 4205 2618 4267 οὓς
2648 4204 2839 4276 πρώην
2869 4204 3099 4272 ἀγαπῶν
3127 4204 3311 4272 ἐτίμα¹
3344 4202 3419 4265 ὡς
3452 4202 3712 4255 ἀπατεῶ-

2114 4317 2211 4360 νας
2268 4300 2360 4352 καὶ
2415 4298 2686 4360 πλάνους,
2742 4296 3061 4359 ἐπιϐούλους
3094 4294 3143 4348 θ’
3177 4294 3375 4348 ἑαυτοῦ
3431 4295 3714 4364 σωτηρίας

422 4405 547 4456 res,
600 4388 902 4457 salutisque
951 4402 1063 4442 suae
1112 4386 1462 4441 insidiatores
1501 4385 1803 4457 jugulavit.
1833 4386 1994 4443 Cum-

2111 4390 2474 4460 κατέσφαξεν.
2501 4390 2780 4444 Μέλλοντα
2809 4389 2867 4442 δέ
2896 4388 3076 4451 ζῶντα
3110 4388 3190 4449 εἰς
3223 4388 3320 4449 τὰς
3371 4391 3569 4456 χεῖρας
3619 4385 3711 4437 τοῦ

421 4495 531 4550 que
557 4479 667 4549 jam
713 4480 870 4534 vivus
926 4479 979 4532 in
1012 4477 1247 4533 Caesaris
1295 4492 1485 4537 manus
1530 4485 1679 4537 esset
1737 4488 2005 4535 venturus

428 4570 706 4642 (instabat
758 4571 903 4626 enim
953 4570 1052 4640 ipsi
1103 4569 1280 4623 adhuc
1332 4568 1573 4639 bellum)
1611 4583 1719 4636 ,eo
1770 4570 2007 4625 miseriae

430 4662 613 4717 divina
637 4678 761 4717 eum
808 4661 1046 4715 vindicta
1086 4660 1387 4728 corripiens
1442 4658 1683 4729 redegit,
1729 4669 1785 4714 ut
1830 4657 2009 4728 proje-

433 4766 561 4812 ctus
617 4756 672 4811 in
735 4756 909 4811 solum
967 4755 1192 4823 supinus
1236 4769 1393 4822 opem
1448 4753 1785 4822 imploraret,
1835 4767 2009 4824 neque

427 4864 550 4903 eam
583 4865 611 4902 a
646 4862 917 4918 quoquam
968 4858 1430 4921 consequeretur,
1474 4844 1690 4899 flamma
1731 4854 1910 4899 autem
1943 4861 2009 4900 ex

432 4940 639 4998 intimis
680 4940 1016 5005 visceribus,
1061 4938 1418 5007 medullisque
1456 4951 1723 5000 accensa,
1776 4936 2005 4991 incredie

428 5034 573 5089 biles
612 5033 664 5088 ei
721 5035 960 5105 graviter
1005 5031 1322 5096 anhelanti,
1374 5038 1431 5093 et
1475 5045 1617 5085 nunc
1666 5030 1807 5095 huc,
1870 5044 2014 5084 nunc

430 5125 560 5181 illuc
602 5139 724 5181 sese
764 5123 999 5180 vertenti
1050 5122 1264 5189 dolores
1312 5129 1565 5191 pareret,
1629 5120 1703 5175 ita
1758 5128 1819 5183 ut
1872 5120 2011 5175 oculi

432 5219 484 5274 ei
534 5218 818 5275 exsilirent
850 5218 904 5272 in
959 5226 1191 5281 terram,
1253 5229 1563 5284 caecumque
1627 5213 2012 5283 relinquerent.

438 5310 680 5365 Flamma
731 5320 912 5364 autem
940 5308 1032 5365 illa
1074 5308 1287 5363 interna
1324 5307 1377 5360 in
1416 5307 1741 5360 immensum
1771 5304 2018 5373 quotidie

435 5384 930 5468 ardescenteaita
1000 5401 1051 5455 ei
1106 5416 1305 5471 corpus
1381 5399 1742 5468 computruit,
1798 5406 1856 5451 ut
1908 5397 2017 5466 jam

439 5497 652 5549 ossibus
689 5509 794 5548 non
843 5493 1387 5563 haereret,ultruque
1427 5499 1656 5544 mortem
1705 5488 2014 5553 advocaret,

436 5591 600 5651 atque
643 5583 747 5637 hoc
778 5585 938 5636 modo
992 5590 1136 5638 totus
1202 5581 1291 5636 illc
1333 5580 1454 5639 tabe
1517 5591 1773 5653 peresus,
1806 5575 2023 5642 tandem

438 5672 599 5727 vitam
663 5675 901 5745 abrupit,

2112 4480 2377 4552 βασιλέως
2430 4481 2695 4549 ἐμπεσεῖν
2733 4478 3009 4547 (ἐπέκειτο
3033 4482 3144 4546 γὰρ
3178 4476 3329 4547 αὐτῷ
3361 4477 3443 4530 ἐτι
3491 4480 3519 4530 ὁ
3550 4478 3710 4530 1:6}:—

2114 4573 2260 4645 μος),
2293 4572 2646 4644 προλαϐοῦσα
2675 4572 2935 4641 θεήλατος
2968 4571 3108 4641 ὀργὴ
3141 4571 3316 4633 οὕτως
3352 4571 3522 4623 αὑτὸν
3537 4570 3715 4637 διέθη-

2111 4681 2231 4732 κεν,
2254 4665 2331 4726 ώς
2366 4661 2581 4716 κεῖσθαι
2612 4662 2775 4714 αὑτὸν
2799 4662 2980 4731 πρηνῆ
3012 4659 3106 4713 ἐπὶ
3132 4660 3227 4711 τοῦ
3261 4659 3498 4728 ἐδάφους
3526 4658 3715 4725 δεόμε-

2113 4775 2205 4811 νον
2235 4756 2585 4825 ἐπικουρίας,
2608 4756 2703 4808 καὶ
2737 4753 2812 4825 μὴ
2846 4751 3206 4823 τυγχάνοντα.
3242 4751 3380 4817 tltle
3410 4750 3470 4803 δέ
3494 4753 3559 4803 ἐκ
3616 4748 3715 4819 βά-

2115 4850 2241 4913 θους
2268 4848 2378 4903 τῶν
2412 4847 2735 4916 σπλάγχνων
2768 4845 2864 4898 καὶ
2909 4843 3121 4914 μυελῶν
3181 4841 3349 4896 αὑτοῦ
3407 4842 3717 4911 άναφθείσα

2114 4942 2477 5003 άνυποξστους
2506 4937 2654 5008 αὐτῷ
2684 4937 2782 5000 τὰς
2826 4936 3019 4999 ὀδύνας
3062 4934 3299 4988 ἐνεποίει
3329 4933 3716 5003 ἀσθμαίνοντι,

2116 5033 2213 5088 καὶ
2251 5032 2376 5103 τῇδε
2396 5031 2621 5084 κάκεῖσε
2669 5028 3175 5099 περιστρεφομένῳ,
3232 5026 3377 5080 ὥστε
3423 5026 3719 5097 ἀμφότερα

2116 5126 2186 5189 τὰ
2216 5123 2440 5195 ὄμματα
2469 5119 2636 5183 αὑτοῦ
2671 5118 2975 5189 ἐκπηδῆσαι
2998 5120 3091 5172 ἐπὶ
3115 5119 3217 5188 τὴν
3242 5117 3347 5188 γῆν
3398 5118 3500 5170 καὶ
3542 5134 3718 5171 κατα-

2117 5212 2295 5267 λιπεῖν
2326 5213 2489 5268 αὐτὸν
2523 5209 2745 5281 τυφλόν,
2776 5210 2892 5279 Τῆς
2920 5210 2979 5264 δὲ
3023 5208 3171 5261 ἔνδον
3193 5207 3393 5276 φλογὸς
3431 5208 3519 5272 εις
3562 5207 3720 5260 ἄπει-

2124 5324 2215 5380 ρον
2235 5304 2632 5375 ἐξαπτομένης,
2651 5305 2708 5359 αἱ
2741 5304 2941 5375 σάρκες
2974 5298 3141 5354 αὐτοῦ
3178 5301 3592 5368 συνεσάπησαν,
3623 5300 3719 5351 ιιι

2119 5400 2231 5454 τῶν
2255 5398 2459 5453 ὀστέων
2489 5394 2916 5467 ἀπεχωρίζοντο,
2951 5393 3093 5448 ὥστε
3133 5392 3220 5463 ἐφ’
3270 5390 3468 5446 ἐαυτοῦ
3519 5392 3717 5443 ἐπικεκ-

2120 5490 2378 5545 λέσασθαι
2418 5489 2509 5543 τὸν
2536 5488 2783 5543 θάνατον.
2813 5485 2999 5550 Οὕτως
3024 5485 3082 5538 δὲ
3103 5484 3170 5539 δι’
3216 5485 3339 5538 ὅλου
3374 5479 3717 5545 δίατσσααὶς

2123 5580 2405 5653 ἀπέρρηξε
2439 5582 2539 5652 τὴν
2563 5580 2765 5650 cum
