  <div class='ocr_page' id='page_1' title='image "/cluster/home/n/w/nwhite01/storage/ocr_20150623/87 pars.3/pst.000005712915/644.png"; bbox 0 0 3896 6306; ppageno 0'>
   <div class='ocr_carea' id='block_1_1' title="bbox 90 274 228 341">
    <p class='ocr_par' dir='ltr' id='par_1_1' title="bbox 90 274 228 341">
     <span class='ocr_line' id='line_1_1' title="bbox 90 274 228 341; baseline 0.036 -5"><span class='ocrx_word' id='word_1_1' title='bbox 90 274 228 341; x_wconf 66' lang='lat'><strong>4657</strong></span> 
     </span>
    </p>
   </div>
   <div class='ocr_carea' id='block_1_2' title="bbox 1083 253 2357 359">
    <p class='ocr_par' dir='ltr' id='par_1_2' title="bbox 1083 253 2357 359">
     <span class='ocr_line' id='line_1_2' title="bbox 1083 253 2357 359; baseline 0.006 -11"><span class='ocrx_word' id='word_1_2' title='bbox 1083 288 1182 353; x_wconf 87' lang='lat' dir='ltr'><strong>DE</strong></span> <span class='ocrx_word' id='word_1_3' title='bbox 1214 253 1685 356; x_wconf 74' lang='lat' dir='ltr'><strong>INVENTIONE</strong></span> <span class='ocrx_word' id='word_1_4' title='bbox 1711 297 2017 357; x_wconf 44' lang='lat' dir='ltr'><strong>salvom</strong></span> <span class='ocrx_word' id='word_1_5' title='bbox 2059 297 2357 359; x_wconf 75' lang='lat' dir='ltr'><strong>CHUCIS.</strong></span> 
     </span>
    </p>
   </div>
   <div class='ocr_carea' id='block_1_3' title="bbox 3226 294 3376 358">
    <p class='ocr_par' dir='ltr' id='par_1_3' title="bbox 3226 294 3376 358">
     <span class='ocr_line' id='line_1_3' title="bbox 3226 294 3376 358; baseline -0.02 0"><span class='ocrx_word' id='word_1_6' title='bbox 3226 294 3376 358; x_wconf 70' lang='lat'><strong>4053</strong></span> 
     </span>
    </p>
   </div>
   <div class='ocr_carea' id='block_1_4' title="bbox 159 390 1681 475">
    <p class='ocr_par' dir='ltr' id='par_1_4' title="bbox 159 390 1672 472">
     <span class='ocr_line' id='line_1_4' title="bbox 159 390 1672 472; baseline 0.007 -27"><span class='ocrx_word' id='word_1_7' title='bbox 159 392 279 445; x_wconf 85' lang='grc' dir='ltr'><strong>Τῶν</strong></span> <span class='ocrx_word' id='word_1_8' title='bbox 311 394 366 446; x_wconf 80' lang='grc' dir='ltr'>δὲ</span> <span class='ocrx_word' id='word_1_9' title='bbox 398 390 678 465; x_wconf 83' lang='grc' dir='ltr'>τυράννων</span> <span class='ocrx_word' id='word_1_10' title='bbox 713 395 776 448; x_wconf 82' lang='grc' dir='ltr'>ἐκ</span> <span class='ocrx_word' id='word_1_11' title='bbox 797 394 975 449; x_wconf 82' lang='grc' dir='ltr'><strong>ποδῶν</strong></span> <span class='ocrx_word' id='word_1_12' title='bbox 1005 398 1336 467; x_wconf 80' lang='grc' dir='ltr'><strong>γενομένων,</strong></span> <span class='ocrx_word' id='word_1_13' title='bbox 1366 402 1462 453; x_wconf 62' lang='grc' dir='ltr'><strong>καὶ⁵</strong></span> <span class='ocrx_word' id='word_1_14' title='bbox 1509 418 1672 472; x_wconf 88' lang='grc' dir='ltr'>μονο-</span> 
     </span>
    </p>
   </div>
   <div class='ocr_carea' id='block_1_5' title="bbox 1787 390 3373 475">
    <p class='ocr_par' dir='ltr' id='par_1_5' title="bbox 1852 402 3373 475">
     <span class='ocr_line' id='line_1_5' title="bbox 1852 402 3373 475; baseline -0.001 -18"><span class='ocrx_word' id='word_1_15' title='bbox 1852 403 2121 475; x_wconf 84' lang='lat' dir='ltr'><strong>Tyrannis</strong></span> <span class='ocrx_word' id='word_1_16' title='bbox 2185 406 2367 474; x_wconf 83' lang='lat' dir='ltr'><strong>itaque</strong></span> <span class='ocrx_word' id='word_1_17' title='bbox 2413 404 2480 458; x_wconf 90' lang='lat' dir='ltr'><strong>de</strong></span> <span class='ocrx_word' id='word_1_18' title='bbox 2549 403 2726 459; x_wconf 87' lang='lat' dir='ltr'><strong>ntedin</strong></span> <span class='ocrx_word' id='word_1_19' title='bbox 2803 402 3066 469; x_wconf 74' lang='lat' dir='ltr'><strong>sublatis,</strong></span> <span class='ocrx_word' id='word_1_20' title='bbox 3139 405 3373 472; x_wconf 80' lang='lat' dir='ltr'><strong>soloque-</strong></span> 
     </span>
    </p>
   </div>
   <div class='ocr_carea' id='block_1_6' title="bbox 88 485 1679 561">
    <p class='ocr_par' dir='ltr' id='par_1_6' title="bbox 88 485 1679 561">
     <span class='ocr_line' id='line_1_6' title="bbox 88 485 1679 561; baseline 0.003 -22"><span class='ocrx_word' id='word_1_21' title='bbox 88 485 356 557; x_wconf 89' lang='grc' dir='ltr'>κράτορος</span> <span class='ocrx_word' id='word_1_22' title='bbox 380 485 664 554; x_wconf 80' lang='grc' dir='ltr'><strong>γεγονότος</strong></span> <span class='ocrx_word' id='word_1_23' title='bbox 681 485 776 539; x_wconf 81' lang='grc' dir='ltr'>τοῦ</span> <span class='ocrx_word' id='word_1_24' title='bbox 803 487 1040 556; x_wconf 83' lang='grc' dir='ltr'>μεγάλου</span> <span class='ocrx_word' id='word_1_25' title='bbox 1055 489 1489 556; x_wconf 83' lang='grc' dir='ltr'>Κωνσταντίνου,</span> <span class='ocrx_word' id='word_1_26' title='bbox 1508 492 1564 544; x_wconf 85' lang='grc' dir='ltr'>ὲν</span> <span class='ocrx_word' id='word_1_27' title='bbox 1583 491 1679 561; x_wconf 87' lang='grc' dir='ltr'><strong>βα-</strong></span> 
     </span>
    </p>
   </div>
   <div class='ocr_carea' id='block_1_7' title="bbox 89 575 1679 650">
    <p class='ocr_par' dir='ltr' id='par_1_7' title="bbox 89 575 1679 650">
     <span class='ocr_line' id='line_1_7' title="bbox 89 575 1679 650; baseline 0.002 -20"><span class='ocrx_word' id='word_1_28' title='bbox 89 575 211 648; x_wconf 78' lang='grc' dir='ltr'>θείᾳ</span> <span class='ocrx_word' id='word_1_29' title='bbox 231 577 420 646; x_wconf 78' lang='grc' dir='ltr'>εἰρήνῃ</span> <span class='ocrx_word' id='word_1_30' title='bbox 452 575 699 647; x_wconf 79' lang='grc' dir='ltr'>ὑπῆρχεν</span> <span class='ocrx_word' id='word_1_31' title='bbox 730 577 764 647; x_wconf 82' lang='grc' dir='ltr'><strong>ή</strong></span> <span class='ocrx_word' id='word_1_32' title='bbox 794 577 1114 648; x_wconf 75' lang='grc' dir='ltr'><strong>οἰκουμένη,</strong></span> <span class='ocrx_word' id='word_1_33' title='bbox 1148 580 1241 630; x_wconf 60' lang='grc' dir='ltr'><strong>καλ⁵</strong></span> <span class='ocrx_word' id='word_1_34' title='bbox 1274 578 1344 632; x_wconf 78' lang='grc' dir='ltr'><strong>τὰ</strong></span> <span class='ocrx_word' id='word_1_35' title='bbox 1395 579 1502 632; x_wconf 84' lang='grc' dir='ltr'>τῶν</span> <span class='ocrx_word' id='word_1_36' title='bbox 1540 581 1679 650; x_wconf 84' lang='grc' dir='ltr'>Χρι-</span> 
     </span>
    </p>
   </div>
   <div class='ocr_carea' id='block_1_8' title="bbox 91 664 1680 739">
    <p class='ocr_par' dir='ltr' id='par_1_8' title="bbox 91 664 1680 739">
     <span class='ocr_line' id='line_1_8' title="bbox 91 664 1680 739; baseline 0.003 -19"><span class='ocrx_word' id='word_1_37' title='bbox 91 665 605 736; x_wconf 84' lang='grc' dir='ltr'>στιανῶνόσημέραι</span> <span class='ocrx_word' id='word_1_38' title='bbox 630 668 710 730; x_wconf 80' lang='grc' dir='ltr'><strong>είς</strong></span> <span class='ocrx_word' id='word_1_39' title='bbox 769 664 903 736; x_wconf 79' lang='grc' dir='ltr'>ὕψος</span> <span class='ocrx_word' id='word_1_40' title='bbox 955 669 1216 739; x_wconf 80' lang='grc' dir='ltr'>ὲγείρετο,</span> <span class='ocrx_word' id='word_1_41' title='bbox 1262 670 1356 723; x_wconf 76' lang='grc' dir='ltr'><strong>καὶ</strong></span> <span class='ocrx_word' id='word_1_42' title='bbox 1404 672 1463 723; x_wconf 81' lang='grc' dir='ltr'><strong>έν</strong></span> <span class='ocrx_word' id='word_1_43' title='bbox 1514 674 1680 726; x_wconf 84' lang='grc' dir='ltr'>πᾶσιν</span> 
     </span>
    </p>
   </div>
   <div class='ocr_carea' id='block_1_9' title="bbox 88 758 1682 832">
    <p class='ocr_par' dir='ltr' id='par_1_9' title="bbox 88 758 1682 832">
     <span class='ocr_line' id='line_1_9' title="bbox 88 758 1682 832; baseline 0.003 -20"><span class='ocrx_word' id='word_1_44' title='bbox 88 758 297 812; x_wconf 76' lang='grc' dir='ltr'><strong>ἔθνεσιν</strong></span> <span class='ocrx_word' id='word_1_45' title='bbox 327 758 357 809; x_wconf 88' lang='lat'><strong>6</strong></span> <span class='ocrx_word' id='word_1_46' title='bbox 392 758 627 828; x_wconf 83' lang='grc' dir='ltr'><strong>σταυρὸς</strong></span> <span class='ocrx_word' id='word_1_47' title='bbox 653 758 748 811; x_wconf 84' lang='grc' dir='ltr'>τοῦ</span> <span class='ocrx_word' id='word_1_48' title='bbox 778 759 1019 829; x_wconf 82' lang='grc' dir='ltr'>Χριστοῦ</span> <span class='ocrx_word' id='word_1_49' title='bbox 1052 759 1464 832; x_wconf 78' lang='grc' dir='ltr'>ἐδοξάζετο.Τῷ</span> <span class='ocrx_word' id='word_1_50' title='bbox 1491 762 1549 815; x_wconf 87' lang='grc' dir='ltr'>δὲ</span> <span class='ocrx_word' id='word_1_51' title='bbox 1586 763 1682 816; x_wconf 86' lang='grc' dir='ltr'><strong>Λι-</strong></span> 
     </span>
    </p>
   </div>
   <div class='ocr_carea' id='block_1_10' title="bbox 88 847 1678 922">
    <p class='ocr_par' dir='ltr' id='par_1_10' title="bbox 88 847 1678 922">
     <span class='ocr_line' id='line_1_10' title="bbox 88 847 1678 922; baseline 0.001 -19"><span class='ocrx_word' id='word_1_52' title='bbox 88 849 264 915; x_wconf 85' lang='grc' dir='ltr'>κινίῳ,</span> <span class='ocrx_word' id='word_1_53' title='bbox 297 847 371 911; x_wconf 86' lang='grc' dir='ltr'><strong>ὡς</strong></span> <span class='ocrx_word' id='word_1_54' title='bbox 402 849 827 919; x_wconf 76' lang='grc' dir='ltr'><strong>συμμαχήσαντι</strong></span> <span class='ocrx_word' id='word_1_55' title='bbox 853 849 1003 919; x_wconf 83' lang='grc' dir='ltr'><strong>αὐτῷ</strong></span> <span class='ocrx_word' id='word_1_56' title='bbox 1047 850 1130 913; x_wconf 83' lang='grc' dir='ltr'><strong>είς</strong></span> <span class='ocrx_word' id='word_1_57' title='bbox 1184 852 1282 922; x_wconf 82' lang='grc' dir='ltr'><strong>τὴν</strong></span> <span class='ocrx_word' id='word_1_58' title='bbox 1321 852 1430 905; x_wconf 81' lang='grc' dir='ltr'><strong>τῶν</strong></span> <span class='ocrx_word' id='word_1_59' title='bbox 1476 852 1678 922; x_wconf 83' lang='grc' dir='ltr'>τυράν-</span> 
     </span>
    </p>
   </div>
   <div class='ocr_carea' id='block_1_11' title="bbox 87 939 1679 1016">
    <p class='ocr_par' dir='ltr' id='par_1_11' title="bbox 87 939 1679 1016">
     <span class='ocr_line' id='line_1_11' title="bbox 87 939 1679 1016; baseline 0.003 -23"><span class='ocrx_word' id='word_1_60' title='bbox 87 957 194 995; x_wconf 90' lang='grc' dir='ltr'><strong>νων</strong></span> <span class='ocrx_word' id='word_1_61' title='bbox 227 940 545 1006; x_wconf 82' lang='grc' dir='ltr'><strong>κατάλυσιν,</strong></span> <span class='ocrx_word' id='word_1_62' title='bbox 578 939 792 1004; x_wconf 75' lang='grc' dir='ltr'>ἐξέδοτο</span> <span class='ocrx_word' id='word_1_63' title='bbox 836 942 1245 1006; x_wconf 78' lang='grc' dir='ltr'>Κωνσταντῖνος</span> <span class='ocrx_word' id='word_1_64' title='bbox 1291 943 1390 1013; x_wconf 82' lang='grc' dir='ltr'>τὴν</span> <span class='ocrx_word' id='word_1_65' title='bbox 1445 944 1679 1016; x_wconf 79' lang='grc' dir='ltr'>ἀδελφὴν</span> 
     </span>
    </p>
   </div>
   <div class='ocr_carea' id='block_1_12' title="bbox 85 1033 1681 1108">
    <p class='ocr_par' dir='ltr' id='par_1_12' title="bbox 85 1033 1681 1108">
     <span class='ocr_line' id='line_1_12' title="bbox 85 1033 1681 1108; baseline 0.003 -20"><span class='ocrx_word' id='word_1_66' title='bbox 85 1033 253 1088; x_wconf 78' lang='grc' dir='ltr'>αὐτοῦ</span> <span class='ocrx_word' id='word_1_67' title='bbox 293 1033 372 1096; x_wconf 83' lang='grc' dir='ltr'><strong>είς</strong></span> <span class='ocrx_word' id='word_1_68' title='bbox 398 1035 653 1101; x_wconf 85' lang='grc' dir='ltr'>γυναῖκα.</span> <span class='ocrx_word' id='word_1_69' title='bbox 682 1034 791 1086; x_wconf 77' lang='grc' dir='ltr'>Καὶ</span> <span class='ocrx_word' id='word_1_70' title='bbox 823 1035 1091 1103; x_wconf 80' lang='grc' dir='ltr'>ἀφορίσας</span> <span class='ocrx_word' id='word_1_71' title='bbox 1120 1035 1270 1105; x_wconf 83' lang='grc' dir='ltr'>αὐτῷ</span> <span class='ocrx_word' id='word_1_72' title='bbox 1322 1038 1519 1108; x_wconf 86' lang='grc' dir='ltr'>μοῖραν</span> <span class='ocrx_word' id='word_1_73' title='bbox 1567 1037 1681 1092; x_wconf 86' lang='grc' dir='ltr'>ίκα-</span> 
     </span>
    </p>
   </div>
   <div class='ocr_carea' id='block_1_13' title="bbox 86 1124 1680 1199">
    <p class='ocr_par' dir='ltr' id='par_1_13' title="bbox 86 1124 1680 1199">
     <span class='ocr_line' id='line_1_13' title="bbox 86 1124 1680 1199; baseline 0.003 -20"><span class='ocrx_word' id='word_1_74' title='bbox 86 1128 184 1195; x_wconf 70' lang='grc' dir='ltr'><strong>νὴν</strong></span> <span class='ocrx_word' id='word_1_75' title='bbox 209 1124 308 1196; x_wconf 78' lang='grc' dir='ltr'>τῆς</span> <span class='ocrx_word' id='word_1_76' title='bbox 348 1125 637 1194; x_wconf 83' lang='grc' dir='ltr'>Ῥωμαίων</span> <span class='ocrx_word' id='word_1_77' title='bbox 666 1126 769 1195; x_wconf 87' lang='grc' dir='ltr'>γῆς</span> <span class='ocrx_word' id='word_1_78' title='bbox 793 1165 807 1187; x_wconf 85' lang='grc'><strong>,</strong></span> <span class='ocrx_word' id='word_1_79' title='bbox 835 1126 1074 1190; x_wconf 83' lang='grc' dir='ltr'><strong>ἀνέδειξε</strong></span> <span class='ocrx_word' id='word_1_80' title='bbox 1103 1127 1349 1196; x_wconf 79' lang='grc' dir='ltr'><strong>βασιλέα,</strong></span> <span class='ocrx_word' id='word_1_81' title='bbox 1370 1129 1680 1199; x_wconf 80' lang='grc' dir='ltr'>ἀπαιτήσας</span> 
     </span>
    </p>
   </div>
   <div class='ocr_carea' id='block_1_14' title="bbox 86 1216 1682 1293">
    <p class='ocr_par' dir='ltr' id='par_1_14' title="bbox 86 1216 1682 1293">
     <span class='ocr_line' id='line_1_14' title="bbox 86 1216 1682 1293; baseline 0.004 -25"><span class='ocrx_word' id='word_1_82' title='bbox 86 1216 235 1287; x_wconf 80' lang='grc' dir='ltr'>αὐτῷ</span> <span class='ocrx_word' id='word_1_83' title='bbox 268 1217 543 1288; x_wconf 81' lang='grc' dir='ltr'>συνθήκας</span> <span class='ocrx_word' id='word_1_84' title='bbox 579 1217 746 1288; x_wconf 82' lang='grc' dir='ltr'>μηδὲν</span> <span class='ocrx_word' id='word_1_85' title='bbox 768 1217 912 1271; x_wconf 83' lang='grc' dir='ltr'><strong>κατά</strong></span> <span class='ocrx_word' id='word_1_86' title='bbox 936 1216 1031 1272; x_wconf 79' lang='grc' dir='ltr'>τοῦ</span> <span class='ocrx_word' id='word_1_87' title='bbox 1063 1219 1334 1291; x_wconf 86' lang='grc' dir='ltr'>δόγματος</span> <span class='ocrx_word' id='word_1_88' title='bbox 1380 1223 1493 1275; x_wconf 86' lang='grc' dir='ltr'>τῶν</span> <span class='ocrx_word' id='word_1_89' title='bbox 1546 1223 1682 1293; x_wconf 84' lang='grc' dir='ltr'>Χρι-</span> 
     </span>
    </p>
   </div>
   <div class='ocr_carea' id='block_1_15' title="bbox 90 1308 1680 1386">
    <p class='ocr_par' dir='ltr' id='par_1_15' title="bbox 90 1308 1680 1386">
     <span class='ocr_line' id='line_1_15' title="bbox 90 1308 1680 1386; baseline 0.003 -23"><span class='ocrx_word' id='word_1_90' title='bbox 90 1308 322 1363; x_wconf 83' lang='grc' dir='ltr'>στιανῶν</span> <span class='ocrx_word' id='word_1_91' title='bbox 353 1309 638 1379; x_wconf 86' lang='grc' dir='ltr'>πράττειν.</span> <span class='ocrx_word' id='word_1_92' title='bbox 674 1309 732 1361; x_wconf 86' lang='lat'><strong>&#39;0</strong></span> <span class='ocrx_word' id='word_1_93' title='bbox 761 1309 816 1362; x_wconf 79' lang='grc' dir='ltr'>δὲ</span> <span class='ocrx_word' id='word_1_94' title='bbox 845 1311 1088 1375; x_wconf 80' lang='grc' dir='ltr'>Λικίνιος</span> <span class='ocrx_word' id='word_1_95' title='bbox 1126 1314 1407 1384; x_wconf 80' lang='grc' dir='ltr'>κρατήσας</span> <span class='ocrx_word' id='word_1_96' title='bbox 1440 1315 1537 1384; x_wconf 86' lang='grc' dir='ltr'>τῆς</span> <span class='ocrx_word' id='word_1_97' title='bbox 1574 1316 1680 1386; x_wconf 81' lang='grc' dir='ltr'>ἀρ-</span> 
     </span>
    </p>
   </div>
   <div class='ocr_carea' id='block_1_16' title="bbox 86 1399 1679 1475">
    <p class='ocr_par' dir='ltr' id='par_1_16' title="bbox 86 1399 1679 1475">
     <span class='ocr_line' id='line_1_16' title="bbox 86 1399 1679 1475; baseline 0.001 -20"><span class='ocrx_word' id='word_1_98' title='bbox 86 1401 207 1471; x_wconf 83' lang='grc' dir='ltr'>χῆς,</span> <span class='ocrx_word' id='word_1_99' title='bbox 241 1400 341 1453; x_wconf 79' lang='grc' dir='ltr'><strong>οὐκ</strong></span> <span class='ocrx_word' id='word_1_100' title='bbox 373 1401 572 1470; x_wconf 81' lang='grc' dir='ltr'>ήνεγκε</span> <span class='ocrx_word' id='word_1_101' title='bbox 602 1399 700 1470; x_wconf 85' lang='grc' dir='ltr'>τὴν</span> <span class='ocrx_word' id='word_1_102' title='bbox 727 1400 1004 1471; x_wconf 85' lang='grc' dir='ltr'>εὐτυχίαν,</span> <span class='ocrx_word' id='word_1_103' title='bbox 1031 1402 1143 1455; x_wconf 79' lang='grc' dir='ltr'>ἀλλ’</span> <span class='ocrx_word' id='word_1_104' title='bbox 1173 1403 1361 1472; x_wconf 85' lang='grc' dir='ltr'>ὥσπερ</span> <span class='ocrx_word' id='word_1_105' title='bbox 1385 1403 1556 1475; x_wconf 82' lang='grc' dir='ltr'><strong>λήθην</strong></span> <span class='ocrx_word' id='word_1_106' title='bbox 1582 1404 1679 1457; x_wconf 87' lang='grc' dir='ltr'>λα-</span> 
     </span>
    </p>
   </div>
   <div class='ocr_carea' id='block_1_17' title="bbox 88 1478 1675 1566">
    <p class='ocr_par' dir='ltr' id='par_1_17' title="bbox 88 1478 1675 1566">
     <span class='ocr_line' id='line_1_17' title="bbox 88 1478 1675 1566; baseline 0.002 -22"><span class='ocrx_word' id='word_1_107' title='bbox 88 1491 201 1545; x_wconf 79' lang='grc' dir='ltr'><strong>ϐὼν</strong></span> <span class='ocrx_word' id='word_1_108' title='bbox 227 1491 336 1544; x_wconf 83' lang='grc' dir='ltr'><strong>τῶν</strong></span> <span class='ocrx_word' id='word_1_109' title='bbox 359 1478 788 1560; x_wconf 78' lang='grc' dir='ltr'>συμϐεϐηκότων</span> <span class='ocrx_word' id='word_1_110' title='bbox 812 1495 926 1556; x_wconf 81' lang='grc' dir='ltr'>τοῖς</span> <span class='ocrx_word' id='word_1_111' title='bbox 976 1493 1085 1564; x_wconf 82' lang='grc' dir='ltr'><strong>πρὸ</strong></span> <span class='ocrx_word' id='word_1_112' title='bbox 1137 1494 1302 1547; x_wconf 77' lang='grc' dir='ltr'>αὐτοῦ</span> <span class='ocrx_word' id='word_1_113' title='bbox 1366 1496 1675 1566; x_wconf 84' lang='grc' dir='ltr'>τυράννοις,</span> 
     </span>
    </p>
   </div>
   <div class='ocr_carea' id='block_1_18' title="bbox 89 1580 1680 1656">
    <p class='ocr_par' dir='ltr' id='par_1_18' title="bbox 89 1580 1680 1656">
     <span class='ocr_line' id='line_1_18' title="bbox 89 1580 1680 1656; baseline 0.004 -21"><span class='ocrx_word' id='word_1_114' title='bbox 89 1583 169 1645; x_wconf 86' lang='grc' dir='ltr'><strong>είς</strong></span> <span class='ocrx_word' id='word_1_115' title='bbox 223 1581 671 1649; x_wconf 78' lang='grc' dir='ltr'>εἰδωλολατρείαν</span> <span class='ocrx_word' id='word_1_116' title='bbox 728 1581 1006 1646; x_wconf 73' lang='grc' dir='ltr'>ἐξώκειλε.</span> <span class='ocrx_word' id='word_1_117' title='bbox 1064 1585 1174 1638; x_wconf 72' lang='grc' dir='ltr'><strong>Καὶ</strong></span> <span class='ocrx_word' id='word_1_118' title='bbox 1220 1580 1296 1640; x_wconf 83' lang='grc' dir='ltr'><strong>ὧν</strong></span> <span class='ocrx_word' id='word_1_119' title='bbox 1344 1586 1444 1656; x_wconf 81' lang='grc' dir='ltr'><strong>τῆς</strong></span> <span class='ocrx_word' id='word_1_120' title='bbox 1474 1588 1680 1656; x_wconf 78' lang='grc' dir='ltr'>πικρᾶς</span> 
     </span>
    </p>
   </div>
   <div class='ocr_carea' id='block_1_19' title="bbox 88 1674 1679 1748">
    <p class='ocr_par' dir='ltr' id='par_1_19' title="bbox 88 1674 1679 1748">
     <span class='ocr_line' id='line_1_19' title="bbox 88 1674 1679 1748; baseline 0.002 -19"><span class='ocrx_word' id='word_1_121' title='bbox 88 1675 474 1745; x_wconf 77' lang='grc' dir='ltr'>καταστροφῆς</span> <span class='ocrx_word' id='word_1_122' title='bbox 506 1674 701 1742; x_wconf 81' lang='grc' dir='ltr'>θεατὴς</span> <span class='ocrx_word' id='word_1_123' title='bbox 723 1674 942 1743; x_wconf 84' lang='grc' dir='ltr'>γέγονε,</span> <span class='ocrx_word' id='word_1_124' title='bbox 979 1676 1187 1730; x_wconf 83' lang='grc' dir='ltr'>τούτων</span> <span class='ocrx_word' id='word_1_125' title='bbox 1207 1677 1296 1731; x_wconf 81' lang='grc' dir='ltr'><strong>τὸν</strong></span> <span class='ocrx_word' id='word_1_126' title='bbox 1326 1679 1438 1748; x_wconf 88' lang='grc' dir='ltr'>βίον</span> <span class='ocrx_word' id='word_1_127' title='bbox 1467 1676 1679 1745; x_wconf 74' lang='grc' dir='ltr'>ἐζηλώ-</span> 
     </span>
    </p>
   </div>
   <div class='ocr_carea' id='block_1_20' title="bbox 88 1766 1678 1841">
    <p class='ocr_par' dir='ltr' id='par_1_20' title="bbox 88 1766 1678 1841">
     <span class='ocr_line' id='line_1_20' title="bbox 88 1766 1678 1841; baseline 0.001 -20"><span class='ocrx_word' id='word_1_128' title='bbox 88 1784 197 1829; x_wconf 82' lang='grc' dir='ltr'>κει,</span> <span class='ocrx_word' id='word_1_129' title='bbox 230 1766 675 1836; x_wconf 86' lang='grc' dir='ltr'>γυναικομανῶν,</span> <span class='ocrx_word' id='word_1_130' title='bbox 710 1767 916 1821; x_wconf 83' lang='grc' dir='ltr'>ἀδικῶν</span> <span class='ocrx_word' id='word_1_131' title='bbox 941 1769 1036 1822; x_wconf 77' lang='grc' dir='ltr'><strong>καὶ</strong></span> <span class='ocrx_word' id='word_1_132' title='bbox 1083 1769 1324 1840; x_wconf 82' lang='grc' dir='ltr'>φονεύων</span> <span class='ocrx_word' id='word_1_133' title='bbox 1369 1772 1496 1835; x_wconf 81' lang='grc' dir='ltr'>τοὺς</span> <span class='ocrx_word' id='word_1_134' title='bbox 1544 1771 1678 1841; x_wconf 80' lang='grc' dir='ltr'>Χρι-</span> 
     </span>
    </p>
   </div>
   <div class='ocr_carea' id='block_1_21' title="bbox 92 1857 1683 1929">
    <p class='ocr_par' dir='ltr' id='par_1_21' title="bbox 92 1857 1683 1929">
     <span class='ocr_line' id='line_1_21' title="bbox 92 1857 1683 1929; baseline 0.002 -18"><span class='ocrx_word' id='word_1_135' title='bbox 92 1859 361 1920; x_wconf 81' lang='grc' dir='ltr'>στιανούς.</span> <span class='ocrx_word' id='word_1_136' title='bbox 397 1857 585 1911; x_wconf 78' lang='grc' dir='ltr'>Ταῦτα</span> <span class='ocrx_word' id='word_1_137' title='bbox 619 1858 809 1929; x_wconf 89' lang='grc' dir='ltr'>μαθὼν</span> <span class='ocrx_word' id='word_1_138' title='bbox 841 1862 870 1914; x_wconf 97' lang='lat'><strong>6</strong></span> <span class='ocrx_word' id='word_1_139' title='bbox 903 1860 1089 1924; x_wconf 81' lang='grc' dir='ltr'>δοῦλος</span> <span class='ocrx_word' id='word_1_140' title='bbox 1111 1861 1204 1914; x_wconf 77' lang='grc' dir='ltr'>τοῦ</span> <span class='ocrx_word' id='word_1_141' title='bbox 1230 1860 1365 1914; x_wconf 83' lang='grc' dir='ltr'>Θεοῦ</span> <span class='ocrx_word' id='word_1_142' title='bbox 1396 1864 1683 1915; x_wconf 85' lang='grc' dir='ltr'>Κωνσταν-</span> 
     </span>
    </p>
   </div>
   <div class='ocr_carea' id='block_1_22' title="bbox 87 1950 1680 2026">
    <p class='ocr_par' dir='ltr' id='par_1_22' title="bbox 87 1950 1680 2026">
     <span class='ocr_line' id='line_1_22' title="bbox 87 1950 1680 2026; baseline 0.001 -23"><span class='ocrx_word' id='word_1_143' title='bbox 87 1953 233 2014; x_wconf 77' lang='grc' dir='ltr'>τ’ίνος</span> <span class='ocrx_word' id='word_1_144' title='bbox 254 1950 541 2018; x_wconf 76' lang='grc' dir='ltr'>σεϐαστδς,</span> <span class='ocrx_word' id='word_1_145' title='bbox 564 1953 660 2006; x_wconf 68' lang='grc' dir='ltr'><strong>καὶ</strong></span> <span class='ocrx_word' id='word_1_146' title='bbox 680 1952 964 2022; x_wconf 75' lang='grc' dir='ltr'>συσχεθεὶς</span> <span class='ocrx_word' id='word_1_147' title='bbox 989 1957 1054 2024; x_wconf 82' lang='grc' dir='ltr'>τῇ</span> <span class='ocrx_word' id='word_1_148' title='bbox 1074 1953 1221 2026; x_wconf 82' lang='grc' dir='ltr'>λύπῃ</span> <span class='ocrx_word' id='word_1_149' title='bbox 1248 1952 1486 2023; x_wconf 76' lang='grc' dir='ltr'>ἔγραψεν</span> <span class='ocrx_word' id='word_1_150' title='bbox 1511 1952 1680 2022; x_wconf 81' lang='grc' dir='ltr'>αὐτῷ,</span> 
     </span>
    </p>
   </div>
   <div class='ocr_carea' id='block_1_23' title="bbox 88 2039 1693 2114">
    <p class='ocr_par' dir='ltr' id='par_1_23' title="bbox 88 2039 1693 2114">
     <span class='ocr_line' id='line_1_23' title="bbox 88 2039 1693 2114; baseline 0.001 -20"><span class='ocrx_word' id='word_1_151' title='bbox 88 2042 373 2114; x_wconf 81' lang='grc' dir='ltr'>παραινῶν</span> <span class='ocrx_word' id='word_1_152' title='bbox 403 2042 711 2112; x_wconf 85' lang='grc' dir='ltr'>ἀποστῆναι</span> <span class='ocrx_word' id='word_1_153' title='bbox 739 2044 905 2098; x_wconf 76' lang='grc' dir='ltr'>αὑτὸν</span> <span class='ocrx_word' id='word_1_154' title='bbox 946 2045 1045 2112; x_wconf 84' lang='grc' dir='ltr'><strong>τῆς</strong></span> <span class='ocrx_word' id='word_1_155' title='bbox 1102 2044 1243 2099; x_wconf 88' lang='grc' dir='ltr'><strong>κατά</strong></span> <span class='ocrx_word' id='word_1_156' title='bbox 1283 2045 1391 2097; x_wconf 85' lang='grc' dir='ltr'><strong>τῶν</strong></span> <span class='ocrx_word' id='word_1_157' title='bbox 1452 2039 1693 2114; x_wconf 74' lang='grc' dir='ltr'><strong>Ἐκκλη-⁴</strong></span> 
     </span>
    </p>
   </div>
   <div class='ocr_carea' id='block_1_24' title="bbox 91 2133 1685 2206">
    <p class='ocr_par' dir='ltr' id='par_1_24' title="bbox 91 2133 1685 2206">
     <span class='ocr_line' id='line_1_24' title="bbox 91 2133 1685 2206; baseline -0.001 -17"><span class='ocrx_word' id='word_1_158' title='bbox 91 2134 219 2189; x_wconf 87' lang='grc' dir='ltr'>σιῶν</span> <span class='ocrx_word' id='word_1_159' title='bbox 259 2133 354 2187; x_wconf 84' lang='grc' dir='ltr'>τοῦ</span> <span class='ocrx_word' id='word_1_160' title='bbox 385 2134 623 2206; x_wconf 83' lang='grc' dir='ltr'>Χριστοῦ</span> <span class='ocrx_word' id='word_1_161' title='bbox 671 2136 891 2204; x_wconf 90' lang='grc' dir='ltr'>μανίας.</span> <span class='ocrx_word' id='word_1_162' title='bbox 942 2136 1001 2189; x_wconf 86' lang='lat'><strong>&#39;0</strong></span> <span class='ocrx_word' id='word_1_163' title='bbox 1021 2137 1076 2190; x_wconf 83' lang='grc' dir='ltr'>δὲ</span> <span class='ocrx_word' id='word_1_164' title='bbox 1110 2137 1530 2206; x_wconf 75' lang='grc' dir='ltr'>καταφρονήσας</span> <span class='ocrx_word' id='word_1_165' title='bbox 1581 2153 1685 2205; x_wconf 92' lang='grc' dir='ltr'>μα-</span> 
     </span>
    </p>
   </div>
   <div class='ocr_carea' id='block_1_25' title="bbox 86 2227 1686 2299">
    <p class='ocr_par' dir='ltr' id='par_1_25' title="bbox 86 2227 1686 2299">
     <span class='ocr_line' id='line_1_25' title="bbox 86 2227 1686 2299; baseline 0.001 -18"><span class='ocrx_word' id='word_1_166' title='bbox 86 2229 397 2297; x_wconf 85' lang='grc' dir='ltr'>νικωτέρως</span> <span class='ocrx_word' id='word_1_167' title='bbox 420 2227 512 2280; x_wconf 70' lang='grc' dir='ltr'><strong>τὸν</strong></span> <span class='ocrx_word' id='word_1_168' title='bbox 534 2227 771 2298; x_wconf 83' lang='grc' dir='ltr'>διωγμὸν</span> <span class='ocrx_word' id='word_1_169' title='bbox 794 2229 1183 2299; x_wconf 74' lang='grc' dir='ltr'>ὲχρήσατο,καὶ</span> <span class='ocrx_word' id='word_1_170' title='bbox 1212 2228 1395 2281; x_wconf 80' lang='grc' dir='ltr'>λοιπὸν</span> <span class='ocrx_word' id='word_1_171' title='bbox 1425 2227 1686 2299; x_wconf 77' lang='grc' dir='ltr'>κρυπτῶς</span> 
     </span>
    </p>
   </div>
   <div class='ocr_carea' id='block_1_26' title="bbox 89 2319 1684 2390">
    <p class='ocr_par' dir='ltr' id='par_1_26' title="bbox 89 2319 1684 2390">
     <span class='ocr_line' id='line_1_26' title="bbox 89 2319 1684 2390; baseline -0.001 -17"><span class='ocrx_word' id='word_1_172' title='bbox 89 2321 229 2373; x_wconf 87' lang='grc' dir='ltr'>κατὰ</span> <span class='ocrx_word' id='word_1_173' title='bbox 258 2319 354 2372; x_wconf 81' lang='grc' dir='ltr'><strong>τοῦ</strong></span> <span class='ocrx_word' id='word_1_174' title='bbox 388 2319 681 2387; x_wconf 85' lang='grc' dir='ltr'>εὐεργέτου</span> <span class='ocrx_word' id='word_1_175' title='bbox 710 2320 1008 2382; x_wconf 75' lang='grc' dir='ltr'>ἐπιϐουλὰς</span> <span class='ocrx_word' id='word_1_176' title='bbox 1040 2321 1277 2380; x_wconf 79' lang='grc' dir='ltr'>ἐπενόει.</span> <span class='ocrx_word' id='word_1_177' title='bbox 1313 2319 1541 2390; x_wconf 76' lang='grc' dir='ltr'>ὕστερον</span> <span class='ocrx_word' id='word_1_178' title='bbox 1589 2319 1684 2372; x_wconf 78' lang='grc' dir='ltr'><strong>καὶ</strong></span> 
     </span>
    </p>
   </div>
   <div class='ocr_carea' id='block_1_27' title="bbox 86 2410 1685 2482">
    <p class='ocr_par' dir='ltr' id='par_1_27' title="bbox 86 2410 1685 2482">
     <span class='ocr_line' id='line_1_27' title="bbox 86 2410 1685 2482; baseline -0.002 -18"><span class='ocrx_word' id='word_1_179' title='bbox 86 2411 347 2482; x_wconf 87' lang='grc' dir='ltr'>δημόσιον</span> <span class='ocrx_word' id='word_1_180' title='bbox 379 2410 619 2481; x_wconf 88' lang='grc' dir='ltr'>πόλεμον</span> <span class='ocrx_word' id='word_1_181' title='bbox 651 2413 968 2481; x_wconf 86' lang='grc' dir='ltr'>συνεκρότει</span> <span class='ocrx_word' id='word_1_182' title='bbox 1001 2411 1123 2464; x_wconf 81' lang='grc' dir='ltr'>κατ’</span> <span class='ocrx_word' id='word_1_183' title='bbox 1156 2411 1343 2472; x_wconf 79' lang='grc' dir='ltr'>αὑτοῦ,</span> <span class='ocrx_word' id='word_1_184' title='bbox 1389 2412 1494 2465; x_wconf 74' lang='grc' dir='ltr'>ὑπὸ</span> <span class='ocrx_word' id='word_1_185' title='bbox 1532 2410 1685 2473; x_wconf 87' lang='grc' dir='ltr'>θείας</span> 
     </span>
    </p>
   </div>
   <div class='ocr_carea' id='block_1_28' title="bbox 87 2501 1685 2574">
    <p class='ocr_par' dir='ltr' id='par_1_28' title="bbox 87 2501 1685 2574">
     <span class='ocr_line' id='line_1_28' title="bbox 87 2501 1685 2574; baseline -0.001 -19"><span class='ocrx_word' id='word_1_186' title='bbox 87 2501 373 2572; x_wconf 77' lang='grc' dir='ltr'>δυνάμεως</span> <span class='ocrx_word' id='word_1_187' title='bbox 404 2502 819 2574; x_wconf 85' lang='grc' dir='ltr'>φρουρουμένου</span> <span class='ocrx_word' id='word_1_188' title='bbox 850 2503 943 2555; x_wconf 84' lang='grc' dir='ltr'>τοῦ</span> <span class='ocrx_word' id='word_1_189' title='bbox 965 2502 1385 2573; x_wconf 85' lang='grc' dir='ltr'>αὐτοκράτορος.</span> <span class='ocrx_word' id='word_1_190' title='bbox 1414 2502 1521 2555; x_wconf 74' lang='grc' dir='ltr'><strong>Καὶ</strong></span> <span class='ocrx_word' id='word_1_191' title='bbox 1554 2518 1685 2571; x_wconf 86' lang='grc' dir='ltr'>συμ-</span> 
     </span>
    </p>
   </div>
   <div class='ocr_carea' id='block_1_29' title="bbox 87 2591 1683 2665">
    <p class='ocr_par' dir='ltr' id='par_1_29' title="bbox 87 2591 1683 2665">
     <span class='ocr_line' id='line_1_29' title="bbox 87 2591 1683 2665; baseline -0.002 -18"><span class='ocrx_word' id='word_1_192' title='bbox 87 2594 249 2662; x_wconf 75' lang='grc' dir='ltr'>ϐολῆς</span> <span class='ocrx_word' id='word_1_193' title='bbox 272 2595 576 2665; x_wconf 78' lang='grc' dir='ltr'>γενομένης</span> <span class='ocrx_word' id='word_1_194' title='bbox 611 2595 669 2647; x_wconf 81' lang='grc' dir='ltr'>ὲν</span> <span class='ocrx_word' id='word_1_195' title='bbox 728 2597 841 2653; x_wconf 84' lang='grc' dir='ltr'>τοῖς</span> <span class='ocrx_word' id='word_1_196' title='bbox 887 2594 986 2664; x_wconf 81' lang='grc' dir='ltr'>τῆς</span> <span class='ocrx_word' id='word_1_197' title='bbox 1032 2594 1286 2658; x_wconf 82' lang='grc' dir='ltr'>Βιθυνίας</span> <span class='ocrx_word' id='word_1_198' title='bbox 1329 2595 1542 2665; x_wconf 82' lang='grc' dir='ltr'>μέρεσι,</span> <span class='ocrx_word' id='word_1_199' title='bbox 1587 2591 1683 2645; x_wconf 72' lang='grc' dir='ltr'>καὶ</span> 
     </span>
    </p>
   </div>
   <div class='ocr_carea' id='block_1_30' title="bbox 86 2680 1703 2757">
    <p class='ocr_par' dir='ltr' id='par_1_30' title="bbox 86 2680 1703 2757">
     <span class='ocr_line' id='line_1_30' title="bbox 86 2680 1703 2757; baseline -0.002 -17"><span class='ocrx_word' id='word_1_200' title='bbox 86 2685 179 2740; x_wconf 82' lang='grc' dir='ltr'>τοῦ</span> <span class='ocrx_word' id='word_1_201' title='bbox 207 2686 423 2751; x_wconf 64' lang='grc' dir='ltr'>ἐνδόξου</span> <span class='ocrx_word' id='word_1_202' title='bbox 454 2685 690 2757; x_wconf 79' lang='grc' dir='ltr'>σταυροῦ</span> <span class='ocrx_word' id='word_1_203' title='bbox 722 2686 1083 2757; x_wconf 83' lang='grc' dir='ltr'>προάγοντος,</span> <span class='ocrx_word' id='word_1_204' title='bbox 1119 2680 1432 2756; x_wconf 79' lang='grc' dir='ltr'>ὑποχείριος</span> <span class='ocrx_word' id='word_1_205' title='bbox 1466 2685 1703 2752; x_wconf 55' lang='grc' dir='ltr'>γένονεν,</span> 
     </span>
    </p>
   </div>
   <div class='ocr_carea' id='block_1_31' title="bbox 87 2776 1712 2853">
    <p class='ocr_par' dir='ltr' id='par_1_31' title="bbox 87 2776 1712 2853">
     <span class='ocr_line' id='line_1_31' title="bbox 87 2776 1712 2853; baseline -0.002 -22"><span class='ocrx_word' id='word_1_206' title='bbox 87 2777 368 2841; x_wconf 85' lang='grc' dir='ltr'>ὁδείλαιος</span> <span class='ocrx_word' id='word_1_207' title='bbox 408 2778 486 2848; x_wconf 83' lang='grc' dir='ltr'><strong>τῷ</strong></span> <span class='ocrx_word' id='word_1_208' title='bbox 525 2778 918 2849; x_wconf 78' lang='grc' dir='ltr'>αὐτοκράτορι,</span> <span class='ocrx_word' id='word_1_209' title='bbox 943 2776 1053 2842; x_wconf 82' lang='grc' dir='ltr'><strong>ζῶν</strong></span> <span class='ocrx_word' id='word_1_210' title='bbox 1082 2777 1424 2847; x_wconf 79' lang='grc' dir='ltr'>συλληφθείς.</span> <span class='ocrx_word' id='word_1_211' title='bbox 1485 2777 1712 2853; x_wconf 39' lang='grc' dir='ltr'>Φιλαντ</span> 
     </span>
    </p>
   </div>
   <div class='ocr_carea' id='block_1_32' title="bbox 88 2869 1679 2939">
    <p class='ocr_par' dir='ltr' id='par_1_32' title="bbox 88 2869 1679 2939">
     <span class='ocr_line' id='line_1_32' title="bbox 88 2869 1679 2939; baseline -0.001 -19"><span class='ocrx_word' id='word_1_212' title='bbox 88 2869 325 2938; x_wconf 84' lang='grc' dir='ltr'>θρώπως</span> <span class='ocrx_word' id='word_1_213' title='bbox 384 2870 441 2923; x_wconf 78' lang='grc' dir='ltr'><strong>δὲ</strong></span> <span class='ocrx_word' id='word_1_214' title='bbox 486 2870 835 2939; x_wconf 81' lang='grc' dir='ltr'>χρησάμενος</span> <span class='ocrx_word' id='word_1_215' title='bbox 889 2871 916 2922; x_wconf 89' lang='lat'><strong>6</strong></span> <span class='ocrx_word' id='word_1_216' title='bbox 956 2869 1098 2923; x_wconf 89' lang='grc' dir='ltr'><strong>κατά</strong></span> <span class='ocrx_word' id='word_1_217' title='bbox 1149 2869 1328 2922; x_wconf 87' lang='grc' dir='ltr'>πάντα</span> <span class='ocrx_word' id='word_1_218' title='bbox 1368 2869 1679 2937; x_wconf 78' lang='grc' dir='ltr'>πραότατος</span> 
     </span>
    </p>
   </div>
   <div class='ocr_carea' id='block_1_33' title="bbox 90 2959 1679 3030">
    <p class='ocr_par' dir='ltr' id='par_1_33' title="bbox 90 2959 1679 3030">
     <span class='ocr_line' id='line_1_33' title="bbox 90 2959 1679 3030; baseline -0.001 -18"><span class='ocrx_word' id='word_1_219' title='bbox 90 2960 343 3028; x_wconf 78' lang='grc' dir='ltr'>βασιλεὺς</span> <span class='ocrx_word' id='word_1_220' title='bbox 371 2960 450 3030; x_wconf 84' lang='grc' dir='ltr'>τῷ</span> <span class='ocrx_word' id='word_1_221' title='bbox 471 2962 745 3030; x_wconf 84' lang='grc' dir='ltr'>δυσμενεῖ,</span> <span class='ocrx_word' id='word_1_222' title='bbox 780 2961 1069 3013; x_wconf 76' lang='grc' dir='ltr'>ἐκέλευσεν</span> <span class='ocrx_word' id='word_1_223' title='bbox 1092 2960 1256 3014; x_wconf 84' lang='grc' dir='ltr'>αὐτὸν</span> <span class='ocrx_word' id='word_1_224' title='bbox 1303 2961 1361 3012; x_wconf 83' lang='grc' dir='ltr'>ἐν</span> <span class='ocrx_word' id='word_1_225' title='bbox 1410 2959 1679 3012; x_wconf 72' lang='grc' dir='ltr'>Θεσσαλοο</span> 
     </span>
    </p>
   </div>
   <div class='ocr_carea' id='block_1_34' title="bbox 1780 492 3372 562">
    <p class='ocr_par' dir='ltr' id='par_1_34' title="bbox 1780 492 3372 562">
     <span class='ocr_line' id='line_1_34' title="bbox 1780 492 3372 562; baseline -0.001 -15"><span class='ocrx_word' id='word_1_226' title='bbox 1780 493 2138 547; x_wconf 83' lang='lat' dir='ltr'><strong>Cnttsluttlinu</strong></span> <span class='ocrx_word' id='word_1_227' title='bbox 2171 493 2362 562; x_wconf 82' lang='lat' dir='ltr'><strong>Magno</strong></span> <span class='ocrx_word' id='word_1_228' title='bbox 2397 492 2506 560; x_wconf 75' lang='lat' dir='ltr'><strong>iam</strong></span> <span class='ocrx_word' id='word_1_229' title='bbox 2539 508 2719 552; x_wconf 83' lang='lat' dir='ltr'><strong>rerum</strong></span> <span class='ocrx_word' id='word_1_230' title='bbox 2775 493 3013 562; x_wconf 91' lang='lat' dir='ltr'><strong>potiente</strong></span> <span class='ocrx_word' id='word_1_231' title='bbox 3035 532 3050 555; x_wconf 86' lang='lat'><strong>,</strong></span> <span class='ocrx_word' id='word_1_232' title='bbox 3102 492 3372 561; x_wconf 76' lang='lat' dir='ltr'><strong>profunda-</strong></span> 
     </span>
    </p>
   </div>
   <div class='ocr_carea' id='block_1_35' title="bbox 1781 583 3376 652">
    <p class='ocr_par' dir='ltr' id='par_1_35' title="bbox 1781 583 3376 652">
     <span class='ocr_line' id='line_1_35' title="bbox 1781 583 3376 652; baseline 0.001 -17"><span class='ocrx_word' id='word_1_233' title='bbox 1781 583 1965 635; x_wconf 86' lang='lat' dir='ltr'><strong>statim</strong></span> <span class='ocrx_word' id='word_1_234' title='bbox 1999 598 2128 651; x_wconf 86' lang='lat' dir='ltr'><strong>pace</strong></span> <span class='ocrx_word' id='word_1_235' title='bbox 2156 593 2322 650; x_wconf 80' lang='lat' dir='ltr'><strong>atque</strong></span> <span class='ocrx_word' id='word_1_236' title='bbox 2347 584 2456 638; x_wconf 89' lang='lat' dir='ltr'><strong>otio</strong></span> <span class='ocrx_word' id='word_1_237' title='bbox 2481 583 2767 639; x_wconf 81' lang='lat' dir='ltr'><strong>universus</strong></span> <span class='ocrx_word' id='word_1_238' title='bbox 2788 583 2933 639; x_wconf 85' lang='lat' dir='ltr'><strong>orbis</strong></span> <span class='ocrx_word' id='word_1_239' title='bbox 2966 583 3072 637; x_wconf 76' lang='lat' dir='ltr'><strong>frui</strong></span> <span class='ocrx_word' id='word_1_240' title='bbox 3096 583 3281 652; x_wconf 64' lang='lat' dir='ltr'><strong>coepit,</strong></span> <span class='ocrx_word' id='word_1_241' title='bbox 3313 583 3376 636; x_wconf 88' lang='lat' dir='ltr'><strong>iu-</strong></span> 
     </span>
    </p>
   </div>
   <div class='ocr_carea' id='block_1_36' title="bbox 1782 673 3371 742">
    <p class='ocr_par' dir='ltr' id='par_1_36' title="bbox 1782 673 3371 742">
     <span class='ocr_line' id='line_1_36' title="bbox 1782 673 3371 742; baseline -0.001 -15"><span class='ocrx_word' id='word_1_242' title='bbox 1782 675 2007 741; x_wconf 78' lang='lat' dir='ltr'><strong>dieSque</strong></span> <span class='ocrx_word' id='word_1_243' title='bbox 2052 673 2488 729; x_wconf 84' lang='lat' dir='ltr'><strong>Christianorum</strong></span> <span class='ocrx_word' id='word_1_244' title='bbox 2558 691 2646 731; x_wconf 81' lang='lat' dir='ltr'><strong>res</strong></span> <span class='ocrx_word' id='word_1_245' title='bbox 2724 675 3018 742; x_wconf 77' lang='lat' dir='ltr'><strong>majoribus</strong></span> <span class='ocrx_word' id='word_1_246' title='bbox 3071 674 3371 728; x_wconf 80' lang='lat' dir='ltr'><strong>incremen-</strong></span> 
     </span>
    </p>
   </div>
   <div class='ocr_carea' id='block_1_37' title="bbox 1785 762 3367 831">
    <p class='ocr_par' dir='ltr' id='par_1_37' title="bbox 1785 762 3367 831">
     <span class='ocr_line' id='line_1_37' title="bbox 1785 762 3367 831; baseline -0.001 -15"><span class='ocrx_word' id='word_1_247' title='bbox 1785 765 1853 816; x_wconf 91' lang='lat' dir='ltr'><strong>tis</strong></span> <span class='ocrx_word' id='word_1_248' title='bbox 1901 772 2026 816; x_wconf 90' lang='lat' dir='ltr'><strong>sunt</strong></span> <span class='ocrx_word' id='word_1_249' title='bbox 2083 764 2357 831; x_wconf 68' lang='lat' dir='ltr'><strong>adaucta),</strong></span> <span class='ocrx_word' id='word_1_250' title='bbox 2421 765 2743 831; x_wconf 88' lang='lat' dir='ltr'><strong>cunctisque</strong></span> <span class='ocrx_word' id='word_1_251' title='bbox 2774 766 2825 817; x_wconf 92' lang='lat' dir='ltr'><strong>in</strong></span> <span class='ocrx_word' id='word_1_252' title='bbox 2885 764 3136 831; x_wconf 79' lang='lat' dir='ltr'><strong>gentibus</strong></span> <span class='ocrx_word' id='word_1_253' title='bbox 3165 762 3367 816; x_wconf 86' lang='lat' dir='ltr'><strong>Christi</strong></span> 
     </span>
    </p>
   </div>
   <div class='ocr_carea' id='block_1_38' title="bbox 1780 853 3465 924">
    <p class='ocr_par' dir='ltr' id='par_1_38' title="bbox 1780 853 3465 924">
     <span class='ocr_line' id='line_1_38' title="bbox 1780 853 3465 924; baseline 0.001 -17"><span class='ocrx_word' id='word_1_254' title='bbox 1780 868 1910 907; x_wconf 82' lang='lat' dir='ltr'><strong>crux</strong></span> <span class='ocrx_word' id='word_1_255' title='bbox 1953 853 2273 923; x_wconf 82' lang='lat' dir='ltr'><strong>gloriﬁcata.</strong></span> <span class='ocrx_word' id='word_1_256' title='bbox 2333 854 2543 909; x_wconf 89' lang='lat' dir='ltr'><strong>Licinio</strong></span> <span class='ocrx_word' id='word_1_257' title='bbox 2608 865 2823 920; x_wconf 88' lang='lat' dir='ltr'><strong>autem,</strong></span> <span class='ocrx_word' id='word_1_258' title='bbox 2879 855 2969 923; x_wconf 90' lang='lat' dir='ltr'><strong>qui</strong></span> <span class='ocrx_word' id='word_1_259' title='bbox 3000 854 3097 923; x_wconf 89' lang='lat' dir='ltr'><strong>ipsi</strong></span> <span class='ocrx_word' id='word_1_260' title='bbox 3149 854 3215 908; x_wconf 89' lang='lat' dir='ltr'><strong>ad</strong></span> <span class='ocrx_word' id='word_1_261' title='bbox 3282 861 3374 924; x_wconf 79' lang='lat' dir='ltr'><strong>ty-</strong></span> <span class='ocrx_word' id='word_1_262' title='bbox 3450 879 3465 888; x_wconf 70' lang='grc' dir='ltr'><strong>ο</strong></span> 
     </span>
    </p>
   </div>
   <div class='ocr_carea' id='block_1_39' title="bbox 1781 944 3367 1012">
    <p class='ocr_par' dir='ltr' id='par_1_39' title="bbox 1781 944 3367 1012">
     <span class='ocr_line' id='line_1_39' title="bbox 1781 944 3367 1012; baseline -0.001 -13"><span class='ocrx_word' id='word_1_263' title='bbox 1781 959 1980 999; x_wconf 90' lang='lat' dir='ltr'><strong>ranuos</strong></span> <span class='ocrx_word' id='word_1_264' title='bbox 2014 945 2079 999; x_wconf 90' lang='lat' dir='ltr'><strong>de</strong></span> <span class='ocrx_word' id='word_1_265' title='bbox 2109 947 2286 1001; x_wconf 90' lang='lat' dir='ltr'><strong>medio</strong></span> <span class='ocrx_word' id='word_1_266' title='bbox 2327 945 2591 1000; x_wconf 90' lang='lat' dir='ltr'><strong>tollendos</strong></span> <span class='ocrx_word' id='word_1_267' title='bbox 2623 945 2807 1000; x_wconf 89' lang='lat' dir='ltr'><strong>socius</strong></span> <span class='ocrx_word' id='word_1_268' title='bbox 2852 944 3062 1012; x_wconf 78' lang='lat' dir='ltr'><strong>fuerat,</strong></span> <span class='ocrx_word' id='word_1_269' title='bbox 3093 944 3367 1000; x_wconf 66' lang='lat' dir='ltr'><strong>Constano</strong></span> 
     </span>
    </p>
   </div>
   <div class='ocr_carea' id='block_1_40' title="bbox 1782 1036 3373 1107">
    <p class='ocr_par' dir='ltr' id='par_1_40' title="bbox 1782 1036 3373 1107">
     <span class='ocr_line' id='line_1_40' title="bbox 1782 1036 3373 1107; baseline 0 -17"><span class='ocrx_word' id='word_1_270' title='bbox 1782 1036 1926 1091; x_wconf 90' lang='lat' dir='ltr'><strong>tinus</strong></span> <span class='ocrx_word' id='word_1_271' title='bbox 1953 1052 2197 1092; x_wconf 89' lang='lat' dir='ltr'><strong>sororem</strong></span> <span class='ocrx_word' id='word_1_272' title='bbox 2241 1053 2396 1092; x_wconf 85' lang='lat' dir='ltr'><strong>suam</strong></span> <span class='ocrx_word' id='word_1_273' title='bbox 2452 1039 2801 1091; x_wconf 88' lang='lat' dir='ltr'><strong>matrimonio</strong></span> <span class='ocrx_word' id='word_1_274' title='bbox 2867 1037 3086 1107; x_wconf 80' lang='lat' dir='ltr'><strong>junxit,</strong></span> <span class='ocrx_word' id='word_1_275' title='bbox 3128 1048 3373 1106; x_wconf 78' lang='lat' dir='ltr'><strong>partem-</strong></span> 
     </span>
    </p>
   </div>
   <div class='ocr_carea' id='block_1_41' title="bbox 1780 1126 3377 1198">
    <p class='ocr_par' dir='ltr' id='par_1_41' title="bbox 1780 1126 3377 1198">
     <span class='ocr_line' id='line_1_41' title="bbox 1780 1126 3377 1198; baseline -0.002 -18"><span class='ocrx_word' id='word_1_276' title='bbox 1780 1142 1885 1196; x_wconf 87' lang='lat' dir='ltr'><strong>que</strong></span> <span class='ocrx_word' id='word_1_277' title='bbox 1913 1128 2313 1195; x_wconf 79' lang='lat' dir='ltr'><strong>provinciarum</strong></span> <span class='ocrx_word' id='word_1_278' title='bbox 2336 1169 2352 1193; x_wconf 87' lang='lat'><strong>,</strong></span> <span class='ocrx_word' id='word_1_279' title='bbox 2384 1143 2503 1198; x_wconf 62' lang='lat' dir='ltr'><strong>qua:</strong></span> <span class='ocrx_word' id='word_1_280' title='bbox 2525 1128 2771 1183; x_wconf 81' lang='lat' dir='ltr'><strong>Romano</strong></span> <span class='ocrx_word' id='word_1_281' title='bbox 2817 1128 3080 1197; x_wconf 87' lang='lat' dir='ltr'><strong>parebant</strong></span> <span class='ocrx_word' id='word_1_282' title='bbox 3114 1126 3377 1195; x_wconf 86' lang='lat' dir='ltr'><strong>imperio,.</strong></span> 
     </span>
    </p>
   </div>
   <div class='ocr_carea' id='block_1_42' title="bbox 1781 1218 3368 1289">
    <p class='ocr_par' dir='ltr' id='par_1_42' title="bbox 1781 1218 3368 1289">
     <span class='ocr_line' id='line_1_42' title="bbox 1781 1218 3368 1289; baseline -0.001 -16"><span class='ocrx_word' id='word_1_283' title='bbox 1781 1233 2011 1287; x_wconf 82' lang='lat' dir='ltr'><strong>eamque</strong></span> <span class='ocrx_word' id='word_1_284' title='bbox 2075 1219 2210 1274; x_wconf 84' lang='lat' dir='ltr'><strong>satis</strong></span> <span class='ocrx_word' id='word_1_285' title='bbox 2259 1221 2492 1289; x_wconf 82' lang='lat' dir='ltr'><strong>amplam</strong></span> <span class='ocrx_word' id='word_1_286' title='bbox 2562 1219 2873 1289; x_wconf 78' lang='lat' dir='ltr'><strong>designans,</strong></span> <span class='ocrx_word' id='word_1_287' title='bbox 2944 1233 3127 1288; x_wconf 90' lang='lat' dir='ltr'><strong>regem</strong></span> <span class='ocrx_word' id='word_1_288' title='bbox 3181 1218 3368 1273; x_wconf 83' lang='lat' dir='ltr'><strong>decla-</strong></span> 
     </span>
    </p>
   </div>
   <div class='ocr_carea' id='block_1_43' title="bbox 1780 1311 3359 1379">
    <p class='ocr_par' dir='ltr' id='par_1_43' title="bbox 1780 1311 3359 1379">
     <span class='ocr_line' id='line_1_43' title="bbox 1780 1311 3359 1379; baseline -0.003 -14"><span class='ocrx_word' id='word_1_289' title='bbox 1780 1312 1920 1365; x_wconf 87' lang='lat' dir='ltr'><strong>ravit</strong></span> <span class='ocrx_word' id='word_1_290' title='bbox 1941 1351 1954 1375; x_wconf 92' lang='lat'><strong>,</strong></span> <span class='ocrx_word' id='word_1_291' title='bbox 1991 1312 2090 1366; x_wconf 90' lang='lat' dir='ltr'><strong>hac</strong></span> <span class='ocrx_word' id='word_1_292' title='bbox 2130 1312 2279 1379; x_wconf 90' lang='lat' dir='ltr'><strong>prius</strong></span> <span class='ocrx_word' id='word_1_293' title='bbox 2310 1311 2376 1365; x_wconf 90' lang='lat' dir='ltr'><strong>ab</strong></span> <span class='ocrx_word' id='word_1_294' title='bbox 2398 1326 2465 1366; x_wconf 90' lang='lat' dir='ltr'><strong>eo</strong></span> <span class='ocrx_word' id='word_1_295' title='bbox 2489 1311 2801 1366; x_wconf 90' lang='lat' dir='ltr'><strong>conditione</strong></span> <span class='ocrx_word' id='word_1_296' title='bbox 2836 1318 3102 1379; x_wconf 88' lang='lat' dir='ltr'><strong>pactoque</strong></span> <span class='ocrx_word' id='word_1_297' title='bbox 3132 1319 3359 1371; x_wconf 81' lang='lat' dir='ltr'><strong>exacto,</strong></span> 
     </span>
    </p>
   </div>
   <div class='ocr_carea' id='block_1_44' title="bbox 1780 1402 3368 1474">
    <p class='ocr_par' dir='ltr' id='par_1_44' title="bbox 1780 1402 3368 1474">
     <span class='ocr_line' id='line_1_44' title="bbox 1780 1402 3368 1474; baseline -0.001 -16"><span class='ocrx_word' id='word_1_298' title='bbox 1780 1418 1850 1458; x_wconf 90' lang='lat' dir='ltr'><strong>ne</strong></span> <span class='ocrx_word' id='word_1_299' title='bbox 1888 1404 2014 1473; x_wconf 88' lang='lat' dir='ltr'><strong>quid</strong></span> <span class='ocrx_word' id='word_1_300' title='bbox 2047 1420 2283 1474; x_wconf 86' lang='lat' dir='ltr'><strong>unquam</strong></span> <span class='ocrx_word' id='word_1_301' title='bbox 2318 1411 2505 1459; x_wconf 89' lang='lat' dir='ltr'><strong>contra</strong></span> <span class='ocrx_word' id='word_1_302' title='bbox 2539 1402 2982 1457; x_wconf 84' lang='lat' dir='ltr'><strong>Christianorum</strong></span> <span class='ocrx_word' id='word_1_303' title='bbox 3016 1402 3209 1471; x_wconf 81' lang='lat' dir='ltr'><strong>dogma</strong></span> <span class='ocrx_word' id='word_1_304' title='bbox 3248 1415 3368 1456; x_wconf 85' lang='lat' dir='ltr'><strong>mo-</strong></span> 
     </span>
    </p>
   </div>
   <div class='ocr_carea' id='block_1_45' title="bbox 1780 1493 3367 1563">
    <p class='ocr_par' dir='ltr' id='par_1_45' title="bbox 1780 1493 3367 1563">
     <span class='ocr_line' id='line_1_45' title="bbox 1780 1493 3367 1563; baseline -0.002 -15"><span class='ocrx_word' id='word_1_305' title='bbox 1780 1494 1990 1550; x_wconf 76' lang='lat' dir='ltr'><strong>lirelur.</strong></span> <span class='ocrx_word' id='word_1_306' title='bbox 2039 1493 2281 1551; x_wconf 88' lang='lat' dir='ltr'><strong>Licinius</strong></span> <span class='ocrx_word' id='word_1_307' title='bbox 2329 1506 2510 1550; x_wconf 87' lang='lat' dir='ltr'><strong>autem</strong></span> <span class='ocrx_word' id='word_1_308' title='bbox 2565 1493 2679 1563; x_wconf 78' lang='lat' dir='ltr'><strong>jam</strong></span> <span class='ocrx_word' id='word_1_309' title='bbox 2737 1509 2964 1563; x_wconf 86' lang='lat' dir='ltr'><strong>regnum</strong></span> <span class='ocrx_word' id='word_1_310' title='bbox 3019 1501 3367 1557; x_wconf 90' lang='lat' dir='ltr'><strong>consecutus,</strong></span> 
     </span>
    </p>
   </div>
   <div class='ocr_carea' id='block_1_46' title="bbox 1781 1584 3369 1654">
    <p class='ocr_par' dir='ltr' id='par_1_46' title="bbox 1781 1584 3369 1654">
     <span class='ocr_line' id='line_1_46' title="bbox 1781 1584 3369 1654; baseline 0.001 -17"><span class='ocrx_word' id='word_1_311' title='bbox 1781 1584 2162 1654; x_wconf 86' lang='lat' dir='ltr'><strong>prosperisque</strong></span> <span class='ocrx_word' id='word_1_312' title='bbox 2192 1586 2353 1640; x_wconf 87' lang='lat' dir='ltr'><strong>rebus</strong></span> <span class='ocrx_word' id='word_1_313' title='bbox 2389 1585 2724 1640; x_wconf 85' lang='lat' dir='ltr'><strong>iusolescens</strong></span> <span class='ocrx_word' id='word_1_314' title='bbox 2746 1585 3118 1653; x_wconf 88' lang='lat' dir='ltr'><strong>oblivionique</strong></span> <span class='ocrx_word' id='word_1_315' title='bbox 3149 1584 3369 1638; x_wconf 87' lang='lat' dir='ltr'><strong>tradens</strong></span> 
     </span>
    </p>
   </div>
   <div class='ocr_carea' id='block_1_47' title="bbox 1782 1672 3369 1744">
    <p class='ocr_par' dir='ltr' id='par_1_47' title="bbox 1782 1672 3369 1744">
     <span class='ocr_line' id='line_1_47' title="bbox 1782 1672 3369 1744; baseline -0.001 -17"><span class='ocrx_word' id='word_1_316' title='bbox 1782 1689 1901 1744; x_wconf 62' lang='lat' dir='ltr'><strong>quas</strong></span> <span class='ocrx_word' id='word_1_317' title='bbox 1953 1675 2196 1744; x_wconf 72' lang='lat' dir='ltr'><strong>tyrannis</strong></span> <span class='ocrx_word' id='word_1_318' title='bbox 2232 1684 2358 1729; x_wconf 89' lang='lat' dir='ltr'><strong>ante</strong></span> <span class='ocrx_word' id='word_1_319' title='bbox 2388 1691 2447 1729; x_wconf 85' lang='lat' dir='ltr'><strong>se</strong></span> <span class='ocrx_word' id='word_1_320' title='bbox 2485 1687 2803 1740; x_wconf 79' lang='lat' dir='ltr'><strong>evenerant,</strong></span> <span class='ocrx_word' id='word_1_321' title='bbox 2839 1675 2906 1728; x_wconf 90' lang='lat' dir='ltr'><strong>ad</strong></span> <span class='ocrx_word' id='word_1_322' title='bbox 2956 1674 3191 1744; x_wconf 88' lang='lat' dir='ltr'><strong>primum</strong></span> <span class='ocrx_word' id='word_1_323' title='bbox 3240 1672 3369 1727; x_wconf 81' lang='lat' dir='ltr'><strong>deo-</strong></span> 
     </span>
    </p>
   </div>
   <div class='ocr_carea' id='block_1_48' title="bbox 1787 1763 3369 1836">
    <p class='ocr_par' dir='ltr' id='par_1_48' title="bbox 1787 1763 3369 1836">
     <span class='ocr_line' id='line_1_48' title="bbox 1787 1763 3369 1836; baseline -0.002 -15"><span class='ocrx_word' id='word_1_324' title='bbox 1787 1783 1904 1821; x_wconf 88' lang='lat' dir='ltr'><strong>rum</strong></span> <span class='ocrx_word' id='word_1_325' title='bbox 1967 1768 2173 1821; x_wconf 91' lang='lat' dir='ltr'><strong>cultum</strong></span> <span class='ocrx_word' id='word_1_326' title='bbox 2247 1782 2547 1822; x_wconf 89' lang='lat' dir='ltr'><strong>conversus</strong></span> <span class='ocrx_word' id='word_1_327' title='bbox 2602 1777 2722 1834; x_wconf 87' lang='lat' dir='ltr'><strong>est,</strong></span> <span class='ocrx_word' id='word_1_328' title='bbox 2791 1775 2846 1820; x_wconf 93' lang='lat' dir='ltr'><strong>et</strong></span> <span class='ocrx_word' id='word_1_329' title='bbox 2897 1781 3128 1836; x_wconf 88' lang='lat' dir='ltr'><strong>quorum</strong></span> <span class='ocrx_word' id='word_1_330' title='bbox 3190 1763 3369 1818; x_wconf 77' lang='lat' dir='ltr'><strong>infeli-</strong></span> 
     </span>
    </p>
   </div>
   <div class='ocr_carea' id='block_1_49' title="bbox 1785 1852 3368 1926">
    <p class='ocr_par' dir='ltr' id='par_1_49' title="bbox 1785 1852 3368 1926">
     <span class='ocr_line' id='line_1_49' title="bbox 1785 1852 3368 1926; baseline -0.003 -13"><span class='ocrx_word' id='word_1_331' title='bbox 1785 1874 1900 1913; x_wconf 85' lang='lat' dir='ltr'><strong>cem</strong></span> <span class='ocrx_word' id='word_1_332' title='bbox 1959 1859 2160 1912; x_wconf 81' lang='lat' dir='ltr'><strong>exitum</strong></span> <span class='ocrx_word' id='word_1_333' title='bbox 2214 1868 2608 1926; x_wconf 78' lang='lat' dir='ltr'><strong>conspexerat,</strong></span> <span class='ocrx_word' id='word_1_334' title='bbox 2660 1852 2847 1912; x_wconf 87' lang='lat' dir='ltr'><strong>eorum</strong></span> <span class='ocrx_word' id='word_1_335' title='bbox 2898 1858 3068 1911; x_wconf 88' lang='lat' dir='ltr'><strong>vitam</strong></span> <span class='ocrx_word' id='word_1_336' title='bbox 3121 1854 3368 1909; x_wconf 80' lang='lat' dir='ltr'><strong>imitatus</strong></span> 
     </span>
    </p>
   </div>
   <div class='ocr_carea' id='block_1_50' title="bbox 1786 1944 3367 2018">
    <p class='ocr_par' dir='ltr' id='par_1_50' title="bbox 1786 1944 3367 2018">
     <span class='ocr_line' id='line_1_50' title="bbox 1786 1944 3367 2018; baseline -0.004 -13"><span class='ocrx_word' id='word_1_337' title='bbox 1786 1949 2128 2005; x_wconf 74' lang='lat' dir='ltr'><strong>Christianos</strong></span> <span class='ocrx_word' id='word_1_338' title='bbox 2186 1960 2363 2005; x_wconf 91' lang='lat' dir='ltr'><strong>morte</strong></span> <span class='ocrx_word' id='word_1_339' title='bbox 2436 1951 2698 2018; x_wconf 90' lang='lat' dir='ltr'><strong>omnique</strong></span> <span class='ocrx_word' id='word_1_340' title='bbox 2766 1946 3093 2003; x_wconf 82' lang='lat' dir='ltr'><strong>contumelia</strong></span> <span class='ocrx_word' id='word_1_341' title='bbox 3163 1944 3367 2000; x_wconf 75' lang='lat' dir='ltr'><strong>affecit.</strong></span> 
     </span>
    </p>
   </div>
   <div class='ocr_carea' id='block_1_51' title="bbox 1784 2038 3375 2109">
    <p class='ocr_par' dir='ltr' id='par_1_51' title="bbox 1784 2038 3375 2109">
     <span class='ocr_line' id='line_1_51' title="bbox 1784 2038 3375 2109; baseline -0.003 -14"><span class='ocrx_word' id='word_1_342' title='bbox 1784 2040 1938 2107; x_wconf 83' lang='lat' dir='ltr'><strong>Quod</strong></span> <span class='ocrx_word' id='word_1_343' title='bbox 1985 2043 2072 2097; x_wconf 90' lang='lat' dir='ltr'><strong>ubi</strong></span> <span class='ocrx_word' id='word_1_344' title='bbox 2139 2042 2359 2097; x_wconf 81' lang='lat' dir='ltr'><strong>rescivit</strong></span> <span class='ocrx_word' id='word_1_345' title='bbox 2426 2041 2851 2105; x_wconf 85' lang='lat' dir='ltr'><strong>Constantinus,</strong></span> <span class='ocrx_word' id='word_1_346' title='bbox 2911 2053 3111 2109; x_wconf 87' lang='lat' dir='ltr'><strong>magno</strong></span> <span class='ocrx_word' id='word_1_347' title='bbox 3183 2038 3375 2092; x_wconf 87' lang='lat' dir='ltr'><strong>dolore</strong></span> 
     </span>
    </p>
   </div>
   <div class='ocr_carea' id='block_1_52' title="bbox 1786 2130 3366 2201">
    <p class='ocr_par' dir='ltr' id='par_1_52' title="bbox 1786 2130 3366 2201">
     <span class='ocr_line' id='line_1_52' title="bbox 1786 2130 3366 2201; baseline -0.004 -14"><span class='ocrx_word' id='word_1_348' title='bbox 1786 2132 2100 2201; x_wconf 88' lang='lat' dir='ltr'><strong>perculsus,</strong></span> <span class='ocrx_word' id='word_1_349' title='bbox 2175 2141 2359 2187; x_wconf 91' lang='lat' dir='ltr'><strong>monet</strong></span> <span class='ocrx_word' id='word_1_350' title='bbox 2410 2147 2568 2196; x_wconf 89' lang='lat' dir='ltr'><strong>eum,</strong></span> <span class='ocrx_word' id='word_1_351' title='bbox 2643 2142 2703 2188; x_wconf 93' lang='lat' dir='ltr'><strong>ut</strong></span> <span class='ocrx_word' id='word_1_352' title='bbox 2768 2132 2838 2187; x_wconf 89' lang='lat' dir='ltr'><strong>ab</strong></span> <span class='ocrx_word' id='word_1_353' title='bbox 2876 2132 2999 2186; x_wconf 73' lang='lat' dir='ltr'><strong>.bac</strong></span> <span class='ocrx_word' id='word_1_354' title='bbox 3060 2144 3262 2184; x_wconf 84' lang='lat' dir='ltr'><strong>vesana</strong></span> <span class='ocrx_word' id='word_1_355' title='bbox 3313 2130 3366 2180; x_wconf 89' lang='lat' dir='ltr'><strong>in</strong></span> 
     </span>
    </p>
   </div>
   <div class='ocr_carea' id='block_1_53' title="bbox 1786 2219 3370 2291">
    <p class='ocr_par' dir='ltr' id='par_1_53' title="bbox 1786 2219 3370 2291">
     <span class='ocr_line' id='line_1_53' title="bbox 1786 2219 3370 2291; baseline -0.005 -11"><span class='ocrx_word' id='word_1_356' title='bbox 1786 2224 1986 2280; x_wconf 87' lang='lat' dir='ltr'><strong>Christi</strong></span> <span class='ocrx_word' id='word_1_357' title='bbox 2066 2225 2338 2280; x_wconf 84' lang='lat' dir='ltr'><strong>Ecclesias</strong></span> <span class='ocrx_word' id='word_1_358' title='bbox 2410 2225 2564 2279; x_wconf 86' lang='lat' dir='ltr'><strong>rabie</strong></span> <span class='ocrx_word' id='word_1_359' title='bbox 2637 2223 2950 2287; x_wconf 87' lang='lat' dir='ltr'><strong>abstineat;</strong></span> <span class='ocrx_word' id='word_1_360' title='bbox 3020 2222 3215 2291; x_wconf 90' lang='lat' dir='ltr'><strong>quibus</strong></span> <span class='ocrx_word' id='word_1_361' title='bbox 3281 2219 3370 2273; x_wconf 87' lang='lat' dir='ltr'><strong>ille</strong></span> 
     </span>
    </p>
   </div>
   <div class='ocr_carea' id='block_1_54' title="bbox 1786 2311 3369 2384">
    <p class='ocr_par' dir='ltr' id='par_1_54' title="bbox 1786 2311 3369 2384">
     <span class='ocr_line' id='line_1_54' title="bbox 1786 2311 3369 2384; baseline -0.004 -16"><span class='ocrx_word' id='word_1_362' title='bbox 1786 2318 2015 2384; x_wconf 78' lang='lat' dir='ltr'><strong>spretis,</strong></span> <span class='ocrx_word' id='word_1_363' title='bbox 2065 2315 2225 2383; x_wconf 90' lang='lat' dir='ltr'><strong>longe</strong></span> <span class='ocrx_word' id='word_1_364' title='bbox 2270 2314 2621 2383; x_wconf 88' lang='lat' dir='ltr'><strong>impotentius</strong></span> <span class='ocrx_word' id='word_1_365' title='bbox 2679 2314 2733 2367; x_wconf 93' lang='lat' dir='ltr'><strong>in</strong></span> <span class='ocrx_word' id='word_1_366' title='bbox 2780 2311 3112 2368; x_wconf 86' lang='lat' dir='ltr'><strong>Christianis</strong></span> <span class='ocrx_word' id='word_1_367' title='bbox 3179 2324 3369 2380; x_wconf 87' lang='lat' dir='ltr'><strong>perse-</strong></span> 
     </span>
    </p>
   </div>
   <div class='ocr_carea' id='block_1_55' title="bbox 1786 2405 3366 2478">
    <p class='ocr_par' dir='ltr' id='par_1_55' title="bbox 1786 2405 3366 2478">
     <span class='ocr_line' id='line_1_55' title="bbox 1786 2405 3366 2478; baseline -0.003 -17"><span class='ocrx_word' id='word_1_368' title='bbox 1786 2409 2017 2478; x_wconf 89' lang='lat' dir='ltr'><strong>quendis</strong></span> <span class='ocrx_word' id='word_1_369' title='bbox 2065 2407 2427 2462; x_wconf 84' lang='lat' dir='ltr'><strong>debacchatus</strong></span> <span class='ocrx_word' id='word_1_370' title='bbox 2456 2415 2573 2471; x_wconf 90' lang='lat' dir='ltr'><strong>est,</strong></span> <span class='ocrx_word' id='word_1_371' title='bbox 2599 2420 2663 2460; x_wconf 87' lang='lat' dir='ltr'><strong>ac</strong></span> <span class='ocrx_word' id='word_1_372' title='bbox 2696 2407 2933 2476; x_wconf 90' lang='lat' dir='ltr'><strong>primum</strong></span> <span class='ocrx_word' id='word_1_373' title='bbox 2987 2405 3204 2474; x_wconf 89' lang='lat' dir='ltr'><strong>quidem</strong></span> <span class='ocrx_word' id='word_1_374' title='bbox 3267 2418 3366 2457; x_wconf 82' lang='lat' dir='ltr'><strong>oc-</strong></span> 
     </span>
    </p>
   </div>
   <div class='ocr_carea' id='block_1_56' title="bbox 1788 2493 3371 2567">
    <p class='ocr_par' dir='ltr' id='par_1_56' title="bbox 1788 2493 3371 2567">
     <span class='ocr_line' id='line_1_56' title="bbox 1788 2493 3371 2567; baseline -0.006 -12"><span class='ocrx_word' id='word_1_375' title='bbox 1788 2499 1927 2555; x_wconf 82' lang='lat' dir='ltr'><strong>culte</strong></span> <span class='ocrx_word' id='word_1_376' title='bbox 1960 2510 2149 2553; x_wconf 88' lang='lat' dir='ltr'><strong>contra</strong></span> <span class='ocrx_word' id='word_1_377' title='bbox 2184 2514 2330 2564; x_wconf 90' lang='lat' dir='ltr'><strong>eum,</strong></span> <span class='ocrx_word' id='word_1_378' title='bbox 2363 2513 2392 2551; x_wconf 89' lang='lat' dir='ltr'><strong>a</strong></span> <span class='ocrx_word' id='word_1_379' title='bbox 2426 2512 2532 2567; x_wconf 90' lang='lat' dir='ltr'><strong>quo</strong></span> <span class='ocrx_word' id='word_1_380' title='bbox 2563 2496 2728 2552; x_wconf 84' lang='lat' dir='ltr'><strong>tantis</strong></span> <span class='ocrx_word' id='word_1_381' title='bbox 2758 2496 3041 2552; x_wconf 79' lang='lat' dir='ltr'><strong>beneﬁciis</strong></span> <span class='ocrx_word' id='word_1_382' title='bbox 3062 2493 3371 2550; x_wconf 87' lang='lat' dir='ltr'><strong>cumulatus</strong></span> 
     </span>
    </p>
   </div>
   <div class='ocr_carea' id='block_1_57' title="bbox 1788 2588 3369 2658">
    <p class='ocr_par' dir='ltr' id='par_1_57' title="bbox 1788 2588 3369 2658">
     <span class='ocr_line' id='line_1_57' title="bbox 1788 2588 3369 2658; baseline -0.003 -14"><span class='ocrx_word' id='word_1_383' title='bbox 1788 2592 1997 2656; x_wconf 80' lang='lat' dir='ltr'><strong>fuerat,</strong></span> <span class='ocrx_word' id='word_1_384' title='bbox 2038 2589 2265 2644; x_wconf 86' lang='lat' dir='ltr'><strong>consilia</strong></span> <span class='ocrx_word' id='word_1_385' title='bbox 2312 2589 2704 2658; x_wconf 87' lang='lat' dir='ltr'><strong>machinasque</strong></span> <span class='ocrx_word' id='word_1_386' title='bbox 2753 2588 2893 2643; x_wconf 89' lang='lat' dir='ltr'><strong>inire</strong></span> <span class='ocrx_word' id='word_1_387' title='bbox 2947 2588 3145 2658; x_wconf 83' lang='lat' dir='ltr'><strong>coepit,</strong></span> <span class='ocrx_word' id='word_1_388' title='bbox 3181 2596 3369 2656; x_wconf 87' lang='lat' dir='ltr'><strong>postea</strong></span> 
     </span>
    </p>
   </div>
   <div class='ocr_carea' id='block_1_58' title="bbox 1785 2678 3370 2751">
    <p class='ocr_par' dir='ltr' id='par_1_58' title="bbox 1785 2678 3370 2751">
     <span class='ocr_line' id='line_1_58' title="bbox 1785 2678 3370 2751; baseline -0.003 -16"><span class='ocrx_word' id='word_1_389' title='bbox 1785 2697 1914 2737; x_wconf 84' lang='lat' dir='ltr'><strong>vero</strong></span> <span class='ocrx_word' id='word_1_390' title='bbox 1952 2682 2003 2736; x_wconf 92' lang='lat' dir='ltr'><strong>in</strong></span> <span class='ocrx_word' id='word_1_391' title='bbox 2036 2679 2387 2736; x_wconf 82' lang='lat' dir='ltr'><strong>manifestum</strong></span> <span class='ocrx_word' id='word_1_392' title='bbox 2439 2682 2699 2736; x_wconf 86' lang='lat' dir='ltr'><strong>adversus</strong></span> <span class='ocrx_word' id='word_1_393' title='bbox 2756 2681 3140 2751; x_wconf 87' lang='lat' dir='ltr'><strong>imperatorem</strong></span> <span class='ocrx_word' id='word_1_394' title='bbox 3188 2678 3370 2733; x_wconf 86' lang='lat' dir='ltr'><strong>divina</strong></span> 
     </span>
    </p>
   </div>
   <div class='ocr_carea' id='block_1_59' title="bbox 1784 2767 3372 2841">
    <p class='ocr_par' dir='ltr' id='par_1_59' title="bbox 1784 2767 3372 2841">
     <span class='ocr_line' id='line_1_59' title="bbox 1784 2767 3372 2841; baseline -0.003 -15"><span class='ocrx_word' id='word_1_395' title='bbox 1784 2774 1986 2827; x_wconf 86' lang='lat' dir='ltr'><strong>virtute</strong></span> <span class='ocrx_word' id='word_1_396' title='bbox 2016 2772 2353 2826; x_wconf 89' lang='lat' dir='ltr'><strong>custoditum</strong></span> <span class='ocrx_word' id='word_1_397' title='bbox 2383 2812 2399 2839; x_wconf 90' lang='lat'><strong>,</strong></span> <span class='ocrx_word' id='word_1_398' title='bbox 2449 2771 2627 2841; x_wconf 89' lang='lat' dir='ltr'><strong>erupit</strong></span> <span class='ocrx_word' id='word_1_399' title='bbox 2663 2769 2895 2825; x_wconf 89' lang='lat' dir='ltr'><strong>bellum.</strong></span> <span class='ocrx_word' id='word_1_400' title='bbox 2937 2768 3237 2824; x_wconf 85' lang='lat' dir='ltr'><strong>Commissa</strong></span> <span class='ocrx_word' id='word_1_401' title='bbox 3268 2767 3372 2821; x_wconf 83' lang='lat' dir='ltr'><strong>ita-</strong></span> 
     </span>
    </p>
   </div>
   <div class='ocr_carea' id='block_1_60' title="bbox 1783 2857 3370 2935">
    <p class='ocr_par' dir='ltr' id='par_1_60' title="bbox 1783 2857 3370 2935">
     <span class='ocr_line' id='line_1_60' title="bbox 1783 2857 3370 2935; baseline -0.004 -18"><span class='ocrx_word' id='word_1_402' title='bbox 1783 2880 1889 2935; x_wconf 91' lang='lat' dir='ltr'><strong>que</strong></span> <span class='ocrx_word' id='word_1_403' title='bbox 1943 2878 2119 2932; x_wconf 83' lang='lat' dir='ltr'><strong>pugna</strong></span> <span class='ocrx_word' id='word_1_404' title='bbox 2181 2864 2233 2917; x_wconf 92' lang='lat' dir='ltr'><strong>in</strong></span> <span class='ocrx_word' id='word_1_405' title='bbox 2281 2863 2549 2934; x_wconf 81' lang='lat' dir='ltr'><strong>Bithyniae</strong></span> <span class='ocrx_word' id='word_1_406' title='bbox 2604 2863 2886 2931; x_wconf 89' lang='lat' dir='ltr'><strong>partibus,</strong></span> <span class='ocrx_word' id='word_1_407' title='bbox 2944 2871 2996 2915; x_wconf 91' lang='lat' dir='ltr'><strong>et</strong></span> <span class='ocrx_word' id='word_1_408' title='bbox 3066 2857 3370 2913; x_wconf 85' lang='lat' dir='ltr'><strong>venerabili</strong></span> 
     </span>
    </p>
   </div>
   <div class='ocr_carea' id='block_1_61' title="bbox 1784 2947 3370 3022">
    <p class='ocr_par' dir='ltr' id='par_1_61' title="bbox 1784 2947 3370 3022">
     <span class='ocr_line' id='line_1_61' title="bbox 1784 2947 3370 3022; baseline -0.005 -13"><span class='ocrx_word' id='word_1_409' title='bbox 1784 2968 1946 3009; x_wconf 87' lang='lat' dir='ltr'><strong>cruce</strong></span> <span class='ocrx_word' id='word_1_410' title='bbox 1973 2952 2341 3022; x_wconf 56' lang='lat' dir='ltr'><strong>praecedente,</strong></span> <span class='ocrx_word' id='word_1_411' title='bbox 2380 2953 2537 3006; x_wconf 89' lang='lat' dir='ltr'><strong>vivus</strong></span> <span class='ocrx_word' id='word_1_412' title='bbox 2573 2960 2767 3021; x_wconf 90' lang='lat' dir='ltr'><strong>captus</strong></span> <span class='ocrx_word' id='word_1_413' title='bbox 2801 2950 2857 3004; x_wconf 94' lang='lat' dir='ltr'><strong>in</strong></span> <span class='ocrx_word' id='word_1_414' title='bbox 2890 2965 3080 3004; x_wconf 85' lang='lat' dir='ltr'><strong>manus</strong></span> <span class='ocrx_word' id='word_1_415' title='bbox 3139 2947 3370 3003; x_wconf 72' lang='lat' dir='ltr'><strong>Czesaris</strong></span> 
     </span>
    </p>
   </div>
   <div class='ocr_carea' id='block_1_62' title="bbox 88 3037 1681 3128">
    <p class='ocr_par' dir='ltr' id='par_1_62' title="bbox 88 3049 1675 3123">
     <span class='ocr_line' id='line_1_62' title="bbox 88 3049 1675 3123; baseline -0.002 -19"><span class='ocrx_word' id='word_1_416' title='bbox 88 3052 213 3123; x_wconf 76' lang='grc' dir='ltr'>νίκῃ</span> <span class='ocrx_word' id='word_1_417' title='bbox 269 3050 476 3118; x_wconf 85' lang='grc' dir='ltr'>διάγειν</span> <span class='ocrx_word' id='word_1_418' title='bbox 521 3052 883 3122; x_wconf 78' lang='grc' dir='ltr'>ἡσυχάζοντα.</span> <span class='ocrx_word' id='word_1_419' title='bbox 930 3051 986 3104; x_wconf 86' lang='lat'><strong>&#39;0</strong></span> <span class='ocrx_word' id='word_1_420' title='bbox 1032 3051 1088 3103; x_wconf 83' lang='grc' dir='ltr'>δὲ</span> <span class='ocrx_word' id='word_1_421' title='bbox 1151 3050 1346 3121; x_wconf 75' lang='grc' dir='ltr'>μικρὸν</span> <span class='ocrx_word' id='word_1_422' title='bbox 1395 3049 1675 3120; x_wconf 77' lang='grc' dir='ltr'>ἡσυχάσας</span> 
     </span>
    </p>
   </div>
   <div class='ocr_carea' id='block_1_63' title="bbox 1787 3037 3370 3128">
    <p class='ocr_par' dir='ltr' id='par_1_63' title="bbox 1787 3037 3370 3112">
     <span class='ocr_line' id='line_1_63' title="bbox 1787 3037 3370 3112; baseline -0.004 -14"><span class='ocrx_word' id='word_1_423' title='bbox 1787 3044 1967 3099; x_wconf 81' lang='lat' dir='ltr'><strong>infelix</strong></span> <span class='ocrx_word' id='word_1_424' title='bbox 2010 3044 2246 3099; x_wconf 79' lang='lat' dir='ltr'><strong>devenit.</strong></span> <span class='ocrx_word' id='word_1_425' title='bbox 2296 3043 2600 3112; x_wconf 79' lang='lat' dir='ltr'><strong>imperator</strong></span> <span class='ocrx_word' id='word_1_426' title='bbox 2666 3050 2849 3098; x_wconf 87' lang='lat' dir='ltr'><strong>autem</strong></span> <span class='ocrx_word' id='word_1_427' title='bbox 2902 3055 3024 3096; x_wconf 88' lang='lat' dir='ltr'><strong>cum</strong></span> <span class='ocrx_word' id='word_1_428' title='bbox 3067 3047 3214 3094; x_wconf 86' lang='lat' dir='ltr'><strong>esset</strong></span> <span class='ocrx_word' id='word_1_429' title='bbox 3265 3037 3370 3092; x_wconf 91' lang='lat' dir='ltr'><strong>mi-</strong></span> 
     </span>
    </p>
   </div>
   <div class='ocr_carea' id='block_1_64' title="bbox 89 3139 1670 3215">
    <p class='ocr_par' dir='ltr' id='par_1_64' title="bbox 89 3139 1670 3215">
     <span class='ocr_line' id='line_1_64' title="bbox 89 3139 1670 3215; baseline -0.002 -20"><span class='ocrx_word' id='word_1_430' title='bbox 89 3141 346 3215; x_wconf 74' lang='grc' dir='ltr'>ιφωράθη</span> <span class='ocrx_word' id='word_1_431' title='bbox 390 3143 697 3213; x_wconf 79' lang='grc' dir='ltr'>βαρϐάρους</span> <span class='ocrx_word' id='word_1_432' title='bbox 746 3142 898 3205; x_wconf 80' lang='grc' dir='ltr'>τινὰς</span> <span class='ocrx_word' id='word_1_433' title='bbox 955 3142 1366 3212; x_wconf 87' lang='grc' dir='ltr'>μισθωσάμενος</span> <span class='ocrx_word' id='word_1_434' title='bbox 1424 3142 1561 3212; x_wconf 79' lang='grc' dir='ltr'>πρὸς</span> <span class='ocrx_word' id='word_1_435' title='bbox 1610 3139 1670 3193; x_wconf 81' lang='grc' dir='ltr'>τὸ</span> 
     </span>
    </p>
   </div>
   <div class='ocr_carea' id='block_1_65' title="bbox 90 3232 1671 3304">
    <p class='ocr_par' dir='ltr' id='par_1_65' title="bbox 90 3232 1671 3304">
     <span class='ocr_line' id='line_1_65' title="bbox 90 3232 1671 3304; baseline -0.002 -18"><span class='ocrx_word' id='word_1_436' title='bbox 90 3232 243 3295; x_wconf 78' lang='grc' dir='ltr'>αὖθις</span> <span class='ocrx_word' id='word_1_437' title='bbox 276 3232 725 3302; x_wconf 83' lang='grc' dir='ltr'>ἀναμαχέσασθαι</span> <span class='ocrx_word' id='word_1_438' title='bbox 754 3249 769 3264; x_wconf 73' lang='grc'><strong><em>⁸</em></strong></span> <span class='ocrx_word' id='word_1_439' title='bbox 801 3233 987 3304; x_wconf 85' lang='grc' dir='ltr'>μαθὼν</span> <span class='ocrx_word' id='word_1_440' title='bbox 1015 3234 1071 3286; x_wconf 80' lang='grc' dir='ltr'><strong>δὲ</strong></span> <span class='ocrx_word' id='word_1_441' title='bbox 1104 3233 1277 3286; x_wconf 86' lang='grc' dir='ltr'>ταῦτα</span> <span class='ocrx_word' id='word_1_442' title='bbox 1316 3234 1343 3284; x_wconf 91' lang='lat'><strong>6</strong></span> <span class='ocrx_word' id='word_1_443' title='bbox 1376 3233 1671 3284; x_wconf 85' lang='grc' dir='ltr'>Κωνσταν-</span> 
     </span>
    </p>
   </div>
   <div class='ocr_carea' id='block_1_66' title="bbox 87 3314 1673 3391">
    <p class='ocr_par' dir='ltr' id='par_1_66' title="bbox 87 3314 1673 3391">
     <span class='ocr_line' id='line_1_66' title="bbox 87 3314 1673 3391; baseline -0.002 -16"><span class='ocrx_word' id='word_1_444' title='bbox 87 3323 234 3386; x_wconf 72' lang='grc' dir='ltr'>τίνος</span> <span class='ocrx_word' id='word_1_445' title='bbox 292 3323 575 3376; x_wconf 72' lang='grc' dir='ltr'>ἐκέλευσεν</span> <span class='ocrx_word' id='word_1_446' title='bbox 617 3323 918 3391; x_wconf 78' lang='grc' dir='ltr'>κεφαλικὴν</span> <span class='ocrx_word' id='word_1_447' title='bbox 963 3323 1124 3375; x_wconf 71' lang='grc' dir='ltr'>αὐτὸν</span> <span class='ocrx_word' id='word_1_448' title='bbox 1173 3322 1468 3391; x_wconf 80' lang='grc' dir='ltr'>ὑποστῆναι</span> <span class='ocrx_word' id='word_1_449' title='bbox 1500 3314 1673 3389; x_wconf 78' lang='grc' dir='ltr'>τιμω-</span> 
     </span>
    </p>
   </div>
   <div class='ocr_carea' id='block_1_67' title="bbox 95 3409 1675 3482">
    <p class='ocr_par' dir='ltr' id='par_1_67' title="bbox 95 3409 1675 3482">
     <span class='ocr_line' id='line_1_67' title="bbox 95 3409 1675 3482; baseline -0.003 -17"><span class='ocrx_word' id='word_1_450' title='bbox 95 3414 233 3481; x_wconf 86' lang='grc' dir='ltr'>ρίαν.</span> <span class='ocrx_word' id='word_1_451' title='bbox 258 3414 394 3467; x_wconf 85' lang='grc' dir='ltr'>Τότε</span> <span class='ocrx_word' id='word_1_452' title='bbox 432 3414 656 3477; x_wconf 84' lang='grc' dir='ltr'>τελείως</span> <span class='ocrx_word' id='word_1_453' title='bbox 688 3414 758 3468; x_wconf 85' lang='grc' dir='ltr'>τὰ</span> <span class='ocrx_word' id='word_1_454' title='bbox 791 3414 1092 3481; x_wconf 83' lang='grc' dir='ltr'>πράγματα</span> <span class='ocrx_word' id='word_1_455' title='bbox 1116 3412 1347 3482; x_wconf 80' lang='grc' dir='ltr'>ἡσυχίας</span> <span class='ocrx_word' id='word_1_456' title='bbox 1374 3412 1467 3465; x_wconf 74' lang='grc' dir='ltr'><strong>καὶ</strong></span> <span class='ocrx_word' id='word_1_457' title='bbox 1507 3409 1675 3480; x_wconf 83' lang='grc' dir='ltr'>γαλή-</span> 
     </span>
    </p>
   </div>
   <div class='ocr_carea' id='block_1_68' title="bbox 91 3503 1677 3576">
    <p class='ocr_par' dir='ltr' id='par_1_68' title="bbox 91 3503 1677 3576">
     <span class='ocr_line' id='line_1_68' title="bbox 91 3503 1677 3576; baseline -0.003 -18"><span class='ocrx_word' id='word_1_458' title='bbox 91 3523 185 3575; x_wconf 85' lang='grc' dir='ltr'><strong>νης</strong></span> <span class='ocrx_word' id='word_1_459' title='bbox 226 3506 511 3576; x_wconf 78' lang='grc' dir='ltr'>ἀπήλαυσε</span> <span class='ocrx_word' id='word_1_460' title='bbox 543 3510 609 3576; x_wconf 79' lang='grc' dir='ltr'>τῇ</span> <span class='ocrx_word' id='word_1_461' title='bbox 634 3505 725 3559; x_wconf 85' lang='grc' dir='ltr'>τοῦ</span> <span class='ocrx_word' id='word_1_462' title='bbox 755 3505 990 3574; x_wconf 79' lang='grc' dir='ltr'>σταυροῦ</span> <span class='ocrx_word' id='word_1_463' title='bbox 1013 3505 1264 3574; x_wconf 86' lang='grc' dir='ltr'>ἀηττήτῳ</span> <span class='ocrx_word' id='word_1_464' title='bbox 1286 3503 1532 3572; x_wconf 84' lang='grc' dir='ltr'>δυνάμει,</span> <span class='ocrx_word' id='word_1_465' title='bbox 1578 3503 1677 3572; x_wconf 76' lang='grc' dir='ltr'>τῆς</span> 
     </span>
    </p>
   </div>
   <div class='ocr_carea' id='block_1_69' title="bbox 91 3596 1285 3669">
    <p class='ocr_par' dir='ltr' id='par_1_69' title="bbox 91 3596 1285 3669">
     <span class='ocr_line' id='line_1_69' title="bbox 91 3596 1285 3669; baseline 0.001 -21"><span class='ocrx_word' id='word_1_466' title='bbox 91 3598 196 3653; x_wconf 80' lang='grc' dir='ltr'>τῶν</span> <span class='ocrx_word' id='word_1_467' title='bbox 218 3598 499 3668; x_wconf 82' lang='grc' dir='ltr'>τυράννων</span> <span class='ocrx_word' id='word_1_468' title='bbox 537 3597 842 3669; x_wconf 86' lang='grc' dir='ltr'>μοχθηρίας</span> <span class='ocrx_word' id='word_1_469' title='bbox 863 3596 1285 3666; x_wconf 82' lang='grc' dir='ltr'>ἀπαλλαγείσης.</span> 
     </span>
    </p>
   </div>
   <div class='ocr_carea' id='block_1_70' title="bbox 161 3861 1682 3932">
    <p class='ocr_par' dir='ltr' id='par_1_70' title="bbox 161 3861 1682 3932">
     <span class='ocr_line' id='line_1_70' title="bbox 161 3861 1682 3932; baseline -0.002 -15"><span class='ocrx_word' id='word_1_470' title='bbox 161 3864 297 3917; x_wconf 84' lang='grc' dir='ltr'>Κατ’</span> <span class='ocrx_word' id='word_1_471' title='bbox 329 3864 537 3916; x_wconf 78' lang='grc' dir='ltr'>ἐκεῖνον</span> <span class='ocrx_word' id='word_1_472' title='bbox 565 3863 654 3915; x_wconf 75' lang='grc' dir='ltr'>τὸν</span> <span class='ocrx_word' id='word_1_473' title='bbox 680 3863 872 3932; x_wconf 80' lang='grc' dir='ltr'>χρόνον</span> <span class='ocrx_word' id='word_1_474' title='bbox 924 3863 951 3915; x_wconf 92' lang='lat'><strong>6</strong></span> <span class='ocrx_word' id='word_1_475' title='bbox 998 3862 1097 3931; x_wconf 82' lang='grc' dir='ltr'><strong>τῆς</strong></span> <span class='ocrx_word' id='word_1_476' title='bbox 1157 3861 1345 3922; x_wconf 79' lang='grc' dir='ltr'>Αίλίας</span> <span class='ocrx_word' id='word_1_477' title='bbox 1382 3861 1682 3925; x_wconf 76' lang='grc' dir='ltr'>ἐπίσκοπος</span> 
     </span>
    </p>
   </div>
   <div class='ocr_carea' id='block_1_71' title="bbox 91 3950 1679 4026">
    <p class='ocr_par' dir='ltr' id='par_1_71' title="bbox 91 3950 1679 4026">
     <span class='ocr_line' id='line_1_71' title="bbox 91 3950 1679 4026; baseline -0.002 -16"><span class='ocrx_word' id='word_1_478' title='bbox 91 3957 377 4026; x_wconf 83' lang='grc' dir='ltr'>Μακάριος</span> <span class='ocrx_word' id='word_1_479' title='bbox 408 3957 437 4007; x_wconf 90' lang='lat'><strong>6</strong></span> <span class='ocrx_word' id='word_1_480' title='bbox 468 3953 789 4025; x_wconf 85' lang='grc' dir='ltr'>φερώνυμος</span> <span class='ocrx_word' id='word_1_481' title='bbox 834 3950 905 4024; x_wconf 78' lang='grc' dir='ltr'><strong>ἦν</strong></span> <span class='ocrx_word' id='word_1_482' title='bbox 942 3953 1230 4022; x_wconf 80' lang='grc' dir='ltr'>Ἐρμωνᾶν</span> <span class='ocrx_word' id='word_1_483' title='bbox 1273 3952 1679 4023; x_wconf 78' lang='grc' dir='ltr'>διαδεξάμενος.</span> 
     </span>
    </p>
   </div>
   <div class='ocr_carea' id='block_1_72' title="bbox 106 4044 1683 4115">
    <p class='ocr_par' dir='ltr' id='par_1_72' title="bbox 106 4044 1683 4115">
     <span class='ocr_line' id='line_1_72' title="bbox 106 4044 1683 4115; baseline -0.002 -16"><span class='ocrx_word' id='word_1_484' title='bbox 106 4047 165 4099; x_wconf 90' lang='lat'><strong>&#39;0</strong></span> <span class='ocrx_word' id='word_1_485' title='bbox 190 4046 248 4098; x_wconf 85' lang='grc' dir='ltr'>δὲ</span> <span class='ocrx_word' id='word_1_486' title='bbox 291 4045 463 4114; x_wconf 89' lang='grc' dir='ltr'>μέγας</span> <span class='ocrx_word' id='word_1_487' title='bbox 516 4046 927 4106; x_wconf 84' lang='grc' dir='ltr'>Κωνσταντῖνος</span> <span class='ocrx_word' id='word_1_488' title='bbox 977 4044 1336 4115; x_wconf 83' lang='grc' dir='ltr'>μονοκράτωρ</span> <span class='ocrx_word' id='word_1_489' title='bbox 1387 4044 1683 4114; x_wconf 86' lang='grc' dir='ltr'>γενόμενος</span> 
     </span>
    </p>
   </div>
   <div class='ocr_carea' id='block_1_73' title="bbox 94 4135 1681 4206">
    <p class='ocr_par' dir='ltr' id='par_1_73' title="bbox 94 4135 1681 4206">
     <span class='ocr_line' id='line_1_73' title="bbox 94 4135 1681 4206; baseline -0.002 -18"><span class='ocrx_word' id='word_1_490' title='bbox 94 4138 275 4190; x_wconf 82' lang='grc' dir='ltr'>πᾶσαν</span> <span class='ocrx_word' id='word_1_491' title='bbox 297 4138 397 4205; x_wconf 83' lang='grc' dir='ltr'>τὴν</span> <span class='ocrx_word' id='word_1_492' title='bbox 421 4135 681 4205; x_wconf 82' lang='grc' dir='ltr'>φροντίδα</span> <span class='ocrx_word' id='word_1_493' title='bbox 713 4136 791 4197; x_wconf 81' lang='grc' dir='ltr'>εἰς</span> <span class='ocrx_word' id='word_1_494' title='bbox 835 4136 905 4189; x_wconf 87' lang='grc' dir='ltr'><strong>τά</strong></span> <span class='ocrx_word' id='word_1_495' title='bbox 953 4136 1072 4189; x_wconf 80' lang='grc' dir='ltr'>θεῖα</span> <span class='ocrx_word' id='word_1_496' title='bbox 1117 4135 1477 4206; x_wconf 82' lang='grc' dir='ltr'>μετήνεγκεν,</span> <span class='ocrx_word' id='word_1_497' title='bbox 1531 4135 1681 4186; x_wconf 88' lang='grc' dir='ltr'>ἀνοι-</span> 
     </span>
    </p>
   </div>
   <div class='ocr_carea' id='block_1_74' title="bbox 95 4224 1685 4297">
    <p class='ocr_par' dir='ltr' id='par_1_74' title="bbox 95 4224 1685 4297">
     <span class='ocr_line' id='line_1_74' title="bbox 95 4224 1685 4297; baseline 0.001 -16"><span class='ocrx_word' id='word_1_498' title='bbox 95 4225 340 4297; x_wconf 60' lang='grc' dir='ltr'>κοδομιῖω</span> <span class='ocrx_word' id='word_1_499' title='bbox 374 4224 672 4294; x_wconf 81' lang='grc' dir='ltr'>ἐκκλησίας</span> <span class='ocrx_word' id='word_1_500' title='bbox 697 4228 791 4278; x_wconf 77' lang='grc' dir='ltr'><strong>καὶ</strong></span> <span class='ocrx_word' id='word_1_501' title='bbox 838 4226 1134 4297; x_wconf 85' lang='grc' dir='ltr'>φιλοτίμως</span> <span class='ocrx_word' id='word_1_502' title='bbox 1157 4226 1403 4281; x_wconf 85' lang='grc' dir='ltr'>πλουτῶν</span> <span class='ocrx_word' id='word_1_503' title='bbox 1434 4227 1603 4292; x_wconf 84' lang='grc' dir='ltr'>αὐτὰς</span> <span class='ocrx_word' id='word_1_504' title='bbox 1620 4228 1685 4282; x_wconf 80' lang='grc' dir='ltr'>ὲκ</span> 
     </span>
    </p>
   </div>
   <div class='ocr_carea' id='block_1_75' title="bbox 94 4316 1680 4390">
    <p class='ocr_par' dir='ltr' id='par_1_75' title="bbox 94 4316 1680 4390">
     <span class='ocr_line' id='line_1_75' title="bbox 94 4316 1680 4390; baseline 0.002 -21"><span class='ocrx_word' id='word_1_505' title='bbox 94 4318 188 4371; x_wconf 75' lang='grc' dir='ltr'>τοῦ</span> <span class='ocrx_word' id='word_1_506' title='bbox 242 4317 504 4389; x_wconf 83' lang='grc' dir='ltr'>δημοσίου</span> <span class='ocrx_word' id='word_1_507' title='bbox 530 4316 690 4384; x_wconf 86' lang='grc' dir='ltr'>λόγου</span> <span class='ocrx_word' id='word_1_508' title='bbox 734 4317 792 4370; x_wconf 81' lang='grc' dir='ltr'><strong>έν</strong></span> <span class='ocrx_word' id='word_1_509' title='bbox 821 4335 882 4372; x_wconf 89' lang='grc' dir='ltr'><strong>τε</strong></span> <span class='ocrx_word' id='word_1_510' title='bbox 931 4319 1179 4390; x_wconf 83' lang='grc' dir='ltr'>χρήμασι</span> <span class='ocrx_word' id='word_1_511' title='bbox 1202 4319 1298 4373; x_wconf 74' lang='grc' dir='ltr'><strong>καὶ</strong></span> <span class='ocrx_word' id='word_1_512' title='bbox 1332 4318 1680 4389; x_wconf 84' lang='grc' dir='ltr'>ἀναλώμασι,</span> 
     </span>
    </p>
   </div>
   <div class='ocr_carea' id='block_1_76' title="bbox 97 4408 1681 4483">
    <p class='ocr_par' dir='ltr' id='par_1_76' title="bbox 97 4408 1679 4481">
     <span class='ocr_line' id='line_1_76' title="bbox 97 4408 1679 4481; baseline 0.001 -20"><span class='ocrx_word' id='word_1_513' title='bbox 97 4411 190 4462; x_wconf 75' lang='grc' dir='ltr'>καὶ</span> <span class='ocrx_word' id='word_1_514' title='bbox 219 4409 500 4471; x_wconf 87' lang='grc' dir='ltr'>παντοίοις</span> <span class='ocrx_word' id='word_1_515' title='bbox 531 4408 855 4480; x_wconf 86' lang='grc' dir='ltr'>κειμηλίοις,</span> <span class='ocrx_word' id='word_1_516' title='bbox 883 4410 980 4463; x_wconf 76' lang='grc' dir='ltr'>καὶ</span> <span class='ocrx_word' id='word_1_517' title='bbox 1005 4410 1222 4480; x_wconf 85' lang='grc' dir='ltr'>πρῶτον</span> <span class='ocrx_word' id='word_1_518' title='bbox 1265 4410 1429 4480; x_wconf 88' lang='grc' dir='ltr'>νόμον</span> <span class='ocrx_word' id='word_1_519' title='bbox 1470 4409 1679 4481; x_wconf 73' lang='grc' dir='ltr'>ἔγραψε</span> 
     </span>
    </p>
   </div>
   <div class='ocr_carea' id='block_1_77' title="bbox 1787 4408 3465 4483">
    <p class='ocr_par' dir='ltr' id='par_1_77' title="bbox 1787 4409 3465 4481">
     <span class='ocr_line' id='line_1_77' title="bbox 1787 4409 3465 4481; baseline -0.002 -14"><span class='ocrx_word' id='word_1_520' title='bbox 1787 4413 2081 4467; x_wconf 83' lang='lat' dir='ltr'><strong>stianorum</strong></span> <span class='ocrx_word' id='word_1_521' title='bbox 2131 4412 2392 4468; x_wconf 87' lang='lat' dir='ltr'><strong>Ecelesiis</strong></span> <span class='ocrx_word' id='word_1_522' title='bbox 2428 4414 2728 4475; x_wconf 86' lang='lat' dir='ltr'><strong>darentur,</strong></span> <span class='ocrx_word' id='word_1_523' title='bbox 2771 4421 2826 4468; x_wconf 91' lang='lat' dir='ltr'><strong>et</strong></span> <span class='ocrx_word' id='word_1_524' title='bbox 2865 4422 2923 4466; x_wconf 89' lang='lat' dir='ltr'><strong>ut</strong></span> <span class='ocrx_word' id='word_1_525' title='bbox 2971 4411 3064 4481; x_wconf 89' lang='lat' dir='ltr'><strong>qui</strong></span> <span class='ocrx_word' id='word_1_526' title='bbox 3116 4409 3374 4479; x_wconf 80' lang='lat' dir='ltr'><strong>deinceps</strong></span> <span class='ocrx_word' id='word_1_527' title='bbox 3464 4430 3465 4433; x_wconf 48' lang='grc' dir='ltr'><strong>η</strong></span> 
     </span>
    </p>
   </div>
   <div class='ocr_carea' id='block_1_78' title="bbox 97 4499 1679 4574">
    <p class='ocr_par' dir='ltr' id='par_1_78' title="bbox 97 4499 1679 4574">
     <span class='ocr_line' id='line_1_78' title="bbox 97 4499 1679 4574; baseline 0.001 -21"><span class='ocrx_word' id='word_1_528' title='bbox 97 4499 443 4553; x_wconf 87' lang='grc' dir='ltr'>ἀποδίδοσθαι</span> <span class='ocrx_word' id='word_1_529' title='bbox 499 4499 569 4553; x_wconf 82' lang='grc' dir='ltr'>τὰ</span> <span class='ocrx_word' id='word_1_530' title='bbox 627 4503 743 4563; x_wconf 80' lang='grc' dir='ltr'>τοῖς</span> <span class='ocrx_word' id='word_1_531' title='bbox 797 4500 1040 4564; x_wconf 78' lang='grc' dir='ltr'>εἰδώλοις</span> <span class='ocrx_word' id='word_1_532' title='bbox 1069 4501 1440 4573; x_wconf 84' lang='grc' dir='ltr'>άφιερωμένα</span> <span class='ocrx_word' id='word_1_533' title='bbox 1467 4501 1578 4573; x_wconf 68' lang='grc'><strong>(54)</strong></span> <span class='ocrx_word' id='word_1_534' title='bbox 1612 4505 1679 4574; x_wconf 83' lang='grc' dir='ltr'>τῇ</span> 
     </span>
    </p>
   </div>
   <div class='ocr_carea' id='block_1_79' title="bbox 97 4588 1685 4661">
    <p class='ocr_par' dir='ltr' id='par_1_79' title="bbox 97 4588 1685 4661">
     <span class='ocr_line' id='line_1_79' title="bbox 97 4588 1685 4661; baseline 0.002 -20"><span class='ocrx_word' id='word_1_535' title='bbox 97 4588 209 4641; x_wconf 82' lang='grc' dir='ltr'>τῶν</span> <span class='ocrx_word' id='word_1_536' title='bbox 229 4590 573 4659; x_wconf 83' lang='grc' dir='ltr'>Χριστιανῶν</span> <span class='ocrx_word' id='word_1_537' title='bbox 602 4589 928 4661; x_wconf 85' lang='grc' dir='ltr'>Ἐκκλησίᾳ,</span> <span class='ocrx_word' id='word_1_538' title='bbox 966 4592 1061 4644; x_wconf 81' lang='grc' dir='ltr'><strong>καὶ</strong></span> <span class='ocrx_word' id='word_1_539' title='bbox 1104 4593 1233 4656; x_wconf 78' lang='grc' dir='ltr'>τοὺς</span> <span class='ocrx_word' id='word_1_540' title='bbox 1271 4592 1353 4646; x_wconf 79' lang='grc' dir='ltr'><strong>ἔτι</strong></span> <span class='ocrx_word' id='word_1_541' title='bbox 1397 4591 1685 4646; x_wconf 80' lang='grc' dir='ltr'>εἰδωλολα-</span> 
     </span>
    </p>
   </div>
   <div class='ocr_carea' id='block_1_80' title="bbox 97 4676 1677 4755">
    <p class='ocr_par' dir='ltr' id='par_1_80' title="bbox 97 4676 1677 4755">
     <span class='ocr_line' id='line_1_80' title="bbox 97 4676 1677 4755; baseline 0.003 -23"><span class='ocrx_word' id='word_1_542' title='bbox 97 4679 360 4750; x_wconf 82' lang='grc' dir='ltr'>τροῦντας</span> <span class='ocrx_word' id='word_1_543' title='bbox 390 4681 714 4750; x_wconf 80' lang='grc' dir='ltr'>κεφαλικαῖς</span> <span class='ocrx_word' id='word_1_544' title='bbox 746 4676 1082 4750; x_wconf 52' lang='grc' dir='ltr'>ὑφίστασθαι</span> <span class='ocrx_word' id='word_1_545' title='bbox 1120 4684 1450 4755; x_wconf 77' lang='grc' dir='ltr'>τιμωρίαιςο</span> <span class='ocrx_word' id='word_1_546' title='bbox 1490 4683 1677 4737; x_wconf 75' lang='grc' dir='ltr'>δεύτεο</span> 
     </span>
    </p>
   </div>
   <div class='ocr_carea' id='block_1_81' title="bbox 101 4770 1685 4848">
    <p class='ocr_par' dir='ltr' id='par_1_81' title="bbox 101 4770 1685 4848">
     <span class='ocr_line' id='line_1_81' title="bbox 101 4770 1685 4848; baseline 0.004 -25"><span class='ocrx_word' id='word_1_547' title='bbox 101 4787 196 4840; x_wconf 88' lang='grc' dir='ltr'><strong>ρον</strong></span> <span class='ocrx_word' id='word_1_548' title='bbox 227 4770 392 4841; x_wconf 88' lang='grc' dir='ltr'>νόμον</span> <span class='ocrx_word' id='word_1_549' title='bbox 437 4772 669 4843; x_wconf 77' lang='grc' dir='ltr'>ἔγραψε,</span> <span class='ocrx_word' id='word_1_550' title='bbox 722 4774 1088 4843; x_wconf 83' lang='grc' dir='ltr'>Χριστιανοὺς</span> <span class='ocrx_word' id='word_1_551' title='bbox 1130 4774 1328 4845; x_wconf 80' lang='grc' dir='ltr'>μόνους</span> <span class='ocrx_word' id='word_1_552' title='bbox 1388 4776 1685 4848; x_wconf 86' lang='grc' dir='ltr'>στρατεύε-</span> 
     </span>
    </p>
   </div>
   <div class='ocr_carea' id='block_1_82' title="bbox 101 4861 1681 4940">
    <p class='ocr_par' dir='ltr' id='par_1_82' title="bbox 101 4861 1681 4940">
     <span class='ocr_line' id='line_1_82' title="bbox 101 4861 1681 4940; baseline 0.004 -23"><span class='ocrx_word' id='word_1_553' title='bbox 101 4861 248 4928; x_wconf 87' lang='grc' dir='ltr'>σθαι,</span> <span class='ocrx_word' id='word_1_554' title='bbox 280 4863 447 4917; x_wconf 78' lang='grc' dir='ltr'>ἐθνῶν</span> <span class='ocrx_word' id='word_1_555' title='bbox 475 4882 535 4918; x_wconf 89' lang='grc' dir='ltr'><strong>τε</strong></span> <span class='ocrx_word' id='word_1_556' title='bbox 601 4865 696 4919; x_wconf 76' lang='grc' dir='ltr'><strong>καὶ</strong></span> <span class='ocrx_word' id='word_1_557' title='bbox 756 4867 1134 4938; x_wconf 83' lang='grc' dir='ltr'>στρατοπέδων</span> <span class='ocrx_word' id='word_1_558' title='bbox 1200 4867 1421 4931; x_wconf 83' lang='grc' dir='ltr'>τούτους</span> <span class='ocrx_word' id='word_1_559' title='bbox 1471 4870 1681 4940; x_wconf 84' lang='grc' dir='ltr'>ἄρχειν.</span> 
     </span>
    </p>
   </div>
   <div class='ocr_carea' id='block_1_83' title="bbox 100 4951 1685 5030">
    <p class='ocr_par' dir='ltr' id='par_1_83' title="bbox 100 4951 1685 5030">
     <span class='ocr_line' id='line_1_83' title="bbox 100 4951 1685 5030; baseline 0.005 -25"><span class='ocrx_word' id='word_1_560' title='bbox 100 4951 294 5022; x_wconf 85' lang='grc' dir='ltr'>Τρίτον</span> <span class='ocrx_word' id='word_1_561' title='bbox 322 4956 485 5025; x_wconf 89' lang='grc' dir='ltr'>νόμον</span> <span class='ocrx_word' id='word_1_562' title='bbox 509 4954 736 5026; x_wconf 62' lang='grc' dir='ltr'>ἔγραψε,</span> <span class='ocrx_word' id='word_1_563' title='bbox 792 4957 1107 5029; x_wconf 87' lang='grc' dir='ltr'>ἀπράκτους</span> <span class='ocrx_word' id='word_1_564' title='bbox 1159 4953 1301 5013; x_wconf 77' lang='grc' dir='ltr'>εἶναι</span> <span class='ocrx_word' id='word_1_565' title='bbox 1354 4959 1453 5030; x_wconf 87' lang='grc' dir='ltr'><strong>τήν</strong></span> <span class='ocrx_word' id='word_1_566' title='bbox 1485 4977 1543 5011; x_wconf 84' lang='grc' dir='ltr'><strong>τε</strong></span> <span class='ocrx_word' id='word_1_567' title='bbox 1591 4958 1685 5013; x_wconf 83' lang='grc' dir='ltr'>τοῦ</span> 
     </span>
    </p>
   </div>
   <div class='ocr_carea' id='block_1_84' title="bbox 103 5047 1687 5121">
    <p class='ocr_par' dir='ltr' id='par_1_84' title="bbox 103 5047 1687 5121">
     <span class='ocr_line' id='line_1_84' title="bbox 103 5047 1687 5121; baseline 0.004 -25"><span class='ocrx_word' id='word_1_568' title='bbox 103 5050 373 5115; x_wconf 84' lang='grc' dir='ltr'>σωτηρίου</span> <span class='ocrx_word' id='word_1_569' title='bbox 425 5047 632 5112; x_wconf 88' lang='grc' dir='ltr'>πάθους</span> <span class='ocrx_word' id='word_1_570' title='bbox 657 5047 951 5120; x_wconf 78' lang='grc' dir='ltr'>ἑϐδομάδα,</span> <span class='ocrx_word' id='word_1_571' title='bbox 979 5048 1078 5103; x_wconf 77' lang='grc' dir='ltr'><strong>καὶ</strong></span> <span class='ocrx_word' id='word_1_572' title='bbox 1132 5048 1221 5120; x_wconf 82' lang='grc' dir='ltr'>τὴν</span> <span class='ocrx_word' id='word_1_573' title='bbox 1260 5050 1361 5118; x_wconf 79' lang='grc' dir='ltr'>τῆς</span> <span class='ocrx_word' id='word_1_574' title='bbox 1387 5052 1687 5121; x_wconf 81' lang='grc' dir='ltr'>Διακαινη-</span> 
     </span>
    </p>
   </div>
   <div class='ocr_carea' id='block_1_85' title="bbox 104 5134 1691 5213">
    <p class='ocr_par' dir='ltr' id='par_1_85' title="bbox 104 5134 1691 5213">
     <span class='ocr_line' id='line_1_85' title="bbox 104 5134 1691 5213; baseline 0.006 -26"><span class='ocrx_word' id='word_1_575' title='bbox 104 5134 265 5204; x_wconf 84' lang='grc' dir='ltr'>σίμου</span> <span class='ocrx_word' id='word_1_576' title='bbox 297 5135 563 5208; x_wconf 77' lang='lat' dir='ltr'><strong>(55).Ka‘t</strong></span> <span class='ocrx_word' id='word_1_577' title='bbox 595 5135 662 5210; x_wconf 80' lang='grc' dir='ltr'>ἢν</span> <span class='ocrx_word' id='word_1_578' title='bbox 686 5141 871 5193; x_wconf 84' lang='grc' dir='ltr'>λοιπὸν</span> <span class='ocrx_word' id='word_1_579' title='bbox 917 5139 1107 5213; x_wconf 84' lang='grc' dir='ltr'>είρήνη</span> <span class='ocrx_word' id='word_1_580' title='bbox 1155 5139 1348 5209; x_wconf 87' lang='grc' dir='ltr'>βαθεῖα</span> <span class='ocrx_word' id='word_1_581' title='bbox 1399 5140 1493 5193; x_wconf 79' lang='grc' dir='ltr'>καὶ</span> <span class='ocrx_word' id='word_1_582' title='bbox 1545 5142 1691 5213; x_wconf 81' lang='grc' dir='ltr'>χαρὰ</span> 
     </span>
    </p>
   </div>
   <div class='ocr_carea' id='block_1_86' title="bbox 1783 3126 3372 3198">
    <p class='ocr_par' dir='ltr' id='par_1_86' title="bbox 1783 3126 3372 3198">
     <span class='ocr_line' id='line_1_86' title="bbox 1783 3126 3372 3198; baseline -0.008 -7"><span class='ocrx_word' id='word_1_583' title='bbox 1783 3138 2048 3198; x_wconf 87' lang='lat' dir='ltr'><strong>tissimus,</strong></span> <span class='ocrx_word' id='word_1_584' title='bbox 2114 3134 2503 3189; x_wconf 87' lang='lat' dir='ltr'><strong>humanissime</strong></span> <span class='ocrx_word' id='word_1_585' title='bbox 2568 3147 2692 3187; x_wconf 91' lang='lat' dir='ltr'><strong>eum</strong></span> <span class='ocrx_word' id='word_1_586' title='bbox 2767 3140 3041 3194; x_wconf 87' lang='lat' dir='ltr'><strong>tractans,</strong></span> <span class='ocrx_word' id='word_1_587' title='bbox 3106 3126 3270 3197; x_wconf 86' lang='lat' dir='ltr'><strong>jussit</strong></span> <span class='ocrx_word' id='word_1_588' title='bbox 3312 3134 3372 3179; x_wconf 89' lang='lat' dir='ltr'><strong>ut</strong></span> 
     </span>
    </p>
   </div>
   <div class='ocr_carea' id='block_1_87' title="bbox 1779 3214 3369 3290">
    <p class='ocr_par' dir='ltr' id='par_1_87' title="bbox 1779 3214 3369 3290">
     <span class='ocr_line' id='line_1_87' title="bbox 1779 3214 3369 3290; baseline -0.008 -7"><span class='ocrx_word' id='word_1_589' title='bbox 1779 3227 2182 3283; x_wconf 66' lang='lat' dir='ltr'><strong>Thessalonica:</strong></span> <span class='ocrx_word' id='word_1_590' title='bbox 2248 3225 2437 3280; x_wconf 88' lang='lat' dir='ltr'><strong>vivens</strong></span> <span class='ocrx_word' id='word_1_591' title='bbox 2517 3221 2764 3278; x_wconf 87' lang='lat' dir='ltr'><strong>modeste</strong></span> <span class='ocrx_word' id='word_1_592' title='bbox 2840 3214 2908 3276; x_wconf 77' lang='lat' dir='ltr'><strong>se</strong></span> <span class='ocrx_word' id='word_1_593' title='bbox 2970 3227 3216 3290; x_wconf 86' lang='lat' dir='ltr'><strong>gereret,</strong></span> <span class='ocrx_word' id='word_1_594' title='bbox 3275 3220 3369 3285; x_wconf 78' lang='lat' dir='ltr'><strong>qui</strong></span> 
     </span>
    </p>
   </div>
   <div class='ocr_carea' id='block_1_88' title="bbox 1783 3294 3365 3388">
    <p class='ocr_par' dir='ltr' id='par_1_88' title="bbox 1783 3294 3365 3388">
     <span class='ocr_line' id='line_1_88' title="bbox 1783 3294 3365 3388; baseline -0.006 -17"><span class='ocrx_word' id='word_1_595' title='bbox 1783 3319 1998 3388; x_wconf 87' lang='lat' dir='ltr'><strong>paulum</strong></span> <span class='ocrx_word' id='word_1_596' title='bbox 2032 3316 2161 3370; x_wconf 92' lang='lat' dir='ltr'><strong>inibi</strong></span> <span class='ocrx_word' id='word_1_597' title='bbox 2198 3294 2523 3385; x_wconf 73' lang='lat' dir='ltr'><strong>quiescens,</strong></span> <span class='ocrx_word' id='word_1_598' title='bbox 2552 3328 2675 3365; x_wconf 78' lang='lat' dir='ltr'><strong>mox</strong></span> <span class='ocrx_word' id='word_1_599' title='bbox 2713 3312 2780 3364; x_wconf 90' lang='lat' dir='ltr'><strong>ad</strong></span> <span class='ocrx_word' id='word_1_600' title='bbox 2815 3311 3093 3379; x_wconf 79' lang='lat' dir='ltr'><strong>ingenium</strong></span> <span class='ocrx_word' id='word_1_601' title='bbox 3127 3309 3365 3373; x_wconf 86' lang='lat' dir='ltr'><strong>rediens,</strong></span> 
     </span>
    </p>
   </div>
   <div class='ocr_carea' id='block_1_89' title="bbox 1781 3402 3375 3474">
    <p class='ocr_par' dir='ltr' id='par_1_89' title="bbox 1781 3402 3375 3474">
     <span class='ocr_line' id='line_1_89' title="bbox 1781 3402 3375 3474; baseline -0.004 -13"><span class='ocrx_word' id='word_1_602' title='bbox 1781 3409 2046 3463; x_wconf 85' lang='lat' dir='ltr'><strong>barbaros</strong></span> <span class='ocrx_word' id='word_1_603' title='bbox 2098 3406 2367 3474; x_wconf 88' lang='lat' dir='ltr'><strong>stipendio</strong></span> <span class='ocrx_word' id='word_1_604' title='bbox 2403 3402 2659 3457; x_wconf 81' lang='lat' dir='ltr'><strong>conduxit</strong></span> <span class='ocrx_word' id='word_1_605' title='bbox 2719 3403 2785 3455; x_wconf 88' lang='lat' dir='ltr'><strong>ad</strong></span> <span class='ocrx_word' id='word_1_606' title='bbox 2828 3402 3022 3455; x_wconf 89' lang='lat' dir='ltr'><strong>bellum</strong></span> <span class='ocrx_word' id='word_1_607' title='bbox 3064 3409 3375 3455; x_wconf 82' lang='lat' dir='ltr'><strong>restauran-</strong></span> 
     </span>
    </p>
   </div>
   <div class='ocr_carea' id='block_1_90' title="bbox 1782 3492 3373 3567">
    <p class='ocr_par' dir='ltr' id='par_1_90' title="bbox 1782 3492 3373 3567">
     <span class='ocr_line' id='line_1_90' title="bbox 1782 3492 3373 3567; baseline -0.003 -15"><span class='ocrx_word' id='word_1_608' title='bbox 1782 3500 1946 3562; x_wconf 90' lang='lat' dir='ltr'><strong>dum,</strong></span> <span class='ocrx_word' id='word_1_609' title='bbox 2003 3512 2112 3567; x_wconf 91' lang='lat' dir='ltr'><strong>quo</strong></span> <span class='ocrx_word' id='word_1_610' title='bbox 2162 3497 2380 3567; x_wconf 85' lang='lat' dir='ltr'><strong>cognito</strong></span> <span class='ocrx_word' id='word_1_611' title='bbox 2429 3495 2604 3565; x_wconf 89' lang='lat' dir='ltr'><strong>capite</strong></span> <span class='ocrx_word' id='word_1_612' title='bbox 2659 3508 2783 3549; x_wconf 89' lang='lat' dir='ltr'><strong>eum</strong></span> <span class='ocrx_word' id='word_1_613' title='bbox 2842 3508 3031 3563; x_wconf 59' lang='lat' dir='ltr'><strong>poenas</strong></span> <span class='ocrx_word' id='word_1_614' title='bbox 3094 3492 3373 3547; x_wconf 82' lang='lat' dir='ltr'><strong>exsolvere</strong></span> 
     </span>
    </p>
   </div>
   <div class='ocr_carea' id='block_1_91' title="bbox 1785 3583 3372 3657">
    <p class='ocr_par' dir='ltr' id='par_1_91' title="bbox 1785 3583 3372 3657">
     <span class='ocr_line' id='line_1_91' title="bbox 1785 3583 3372 3657; baseline -0.003 -14"><span class='ocrx_word' id='word_1_615' title='bbox 1785 3590 2180 3644; x_wconf 86' lang='lat' dir='ltr'><strong>Constantinus</strong></span> <span class='ocrx_word' id='word_1_616' title='bbox 2232 3586 2521 3657; x_wconf 60' lang='lat' dir='ltr'><strong>praecepit.</strong></span> <span class='ocrx_word' id='word_1_617' title='bbox 2579 3585 2657 3640; x_wconf 87' lang='lat' dir='ltr'><strong>Ac</strong></span> <span class='ocrx_word' id='word_1_618' title='bbox 2691 3594 2818 3638; x_wconf 88' lang='lat' dir='ltr'><strong>tunc</strong></span> <span class='ocrx_word' id='word_1_619' title='bbox 2871 3583 3089 3639; x_wconf 90' lang='lat' dir='ltr'><strong>demum</strong></span> <span class='ocrx_word' id='word_1_620' title='bbox 3133 3584 3372 3654; x_wconf 76' lang='lat' dir='ltr'><strong>perlecta</strong></span> 
     </span>
    </p>
   </div>
   <div class='ocr_carea' id='block_1_92' title="bbox 1789 3675 3372 3750">
    <p class='ocr_par' dir='ltr' id='par_1_92' title="bbox 1789 3675 3372 3750">
     <span class='ocr_line' id='line_1_92' title="bbox 1789 3675 3372 3750; baseline -0.004 -14"><span class='ocrx_word' id='word_1_621' title='bbox 1789 3680 2153 3750; x_wconf 82' lang='lat' dir='ltr'><strong>tranquillitas</strong></span> <span class='ocrx_word' id='word_1_622' title='bbox 2187 3679 2453 3748; x_wconf 89' lang='lat' dir='ltr'><strong>quiesque</strong></span> <span class='ocrx_word' id='word_1_623' title='bbox 2484 3677 2646 3732; x_wconf 88' lang='lat' dir='ltr'><strong>rebus</strong></span> <span class='ocrx_word' id='word_1_624' title='bbox 2670 3677 2792 3731; x_wconf 87' lang='lat' dir='ltr'><strong>data</strong></span> <span class='ocrx_word' id='word_1_625' title='bbox 2817 3684 2921 3743; x_wconf 83' lang='lat' dir='ltr'><strong>est,</strong></span> <span class='ocrx_word' id='word_1_626' title='bbox 2951 3676 3128 3730; x_wconf 90' lang='lat' dir='ltr'><strong>crucis</strong></span> <span class='ocrx_word' id='word_1_627' title='bbox 3157 3675 3372 3729; x_wconf 74' lang='lat' dir='ltr'><strong>invictte</strong></span> 
     </span>
    </p>
   </div>
   <div class='ocr_carea' id='block_1_93' title="bbox 1789 3765 3081 3838">
    <p class='ocr_par' dir='ltr' id='par_1_93' title="bbox 1789 3765 3081 3838">
     <span class='ocr_line' id='line_1_93' title="bbox 1789 3765 3081 3838; baseline -0.003 -13"><span class='ocrx_word' id='word_1_628' title='bbox 1789 3771 2017 3833; x_wconf 85' lang='lat' dir='ltr'><strong>virtute,</strong></span> <span class='ocrx_word' id='word_1_629' title='bbox 2064 3778 2422 3838; x_wconf 85' lang='lat' dir='ltr'><strong>tyrannorum</strong></span> <span class='ocrx_word' id='word_1_630' title='bbox 2458 3766 2804 3835; x_wconf 87' lang='lat' dir='ltr'><strong>improbitate</strong></span> <span class='ocrx_word' id='word_1_631' title='bbox 2843 3765 3081 3821; x_wconf 86' lang='lat' dir='ltr'><strong>sublata.</strong></span> 
     </span>
    </p>
   </div>
   <div class='ocr_carea' id='block_1_94' title="bbox 1857 3856 3373 3932">
    <p class='ocr_par' dir='ltr' id='par_1_94' title="bbox 1857 3856 3373 3932">
     <span class='ocr_line' id='line_1_94' title="bbox 1857 3856 3373 3932; baseline -0.003 -14"><span class='ocrx_word' id='word_1_632' title='bbox 1857 3862 2061 3918; x_wconf 91' lang='lat' dir='ltr'><strong>Eodem</strong></span> <span class='ocrx_word' id='word_1_633' title='bbox 2110 3870 2356 3932; x_wconf 88' lang='lat' dir='ltr'><strong>tempore</strong></span> <span class='ocrx_word' id='word_1_634' title='bbox 2402 3860 2560 3915; x_wconf 67' lang='lat' dir='ltr'><strong>IEliae</strong></span> <span class='ocrx_word' id='word_1_635' title='bbox 2594 3858 2883 3928; x_wconf 85' lang='lat' dir='ltr'><strong>episcopus</strong></span> <span class='ocrx_word' id='word_1_636' title='bbox 2934 3856 3206 3913; x_wconf 81' lang='lat' dir='ltr'><strong>Macarius</strong></span> <span class='ocrx_word' id='word_1_637' title='bbox 3239 3856 3373 3913; x_wconf 88' lang='lat' dir='ltr'><strong>l-ler-</strong></span> 
     </span>
    </p>
   </div>
   <div class='ocr_carea' id='block_1_95' title="bbox 1790 3952 3369 4021">
    <p class='ocr_par' dir='ltr' id='par_1_95' title="bbox 1790 3952 3369 4021">
     <span class='ocr_line' id='line_1_95' title="bbox 1790 3952 3369 4021; baseline -0.001 -12"><span class='ocrx_word' id='word_1_638' title='bbox 1790 3954 1933 4011; x_wconf 91' lang='lat' dir='ltr'><strong>moni</strong></span> <span class='ocrx_word' id='word_1_639' title='bbox 1964 3954 2231 4010; x_wconf 88' lang='lat' dir='ltr'><strong>succedit.</strong></span> <span class='ocrx_word' id='word_1_640' title='bbox 2271 3954 2406 4010; x_wconf 90' lang='lat' dir='ltr'><strong>Cum</strong></span> <span class='ocrx_word' id='word_1_641' title='bbox 2439 3955 2509 4008; x_wconf 88' lang='lat' dir='ltr'><strong>ad</strong></span> <span class='ocrx_word' id='word_1_642' title='bbox 2570 3966 2733 4008; x_wconf 92' lang='lat' dir='ltr'><strong>unum</strong></span> <span class='ocrx_word' id='word_1_643' title='bbox 2784 3952 2895 4021; x_wconf 85' lang='lat' dir='ltr'><strong>jam</strong></span> <span class='ocrx_word' id='word_1_644' title='bbox 2951 3953 3369 4008; x_wconf 88' lang='lat' dir='ltr'><strong>Constantinum</strong></span> 
     </span>
    </p>
   </div>
   <div class='ocr_carea' id='block_1_96' title="bbox 1792 4044 3374 4113">
    <p class='ocr_par' dir='ltr' id='par_1_96' title="bbox 1792 4044 3374 4113">
     <span class='ocr_line' id='line_1_96' title="bbox 1792 4044 3374 4113; baseline 0.001 -15"><span class='ocrx_word' id='word_1_645' title='bbox 1792 4045 2074 4113; x_wconf 84' lang='lat' dir='ltr'><strong>imperium</strong></span> <span class='ocrx_word' id='word_1_646' title='bbox 2105 4045 2439 4109; x_wconf 71' lang='lat' dir='ltr'><strong>devenisset,</strong></span> <span class='ocrx_word' id='word_1_647' title='bbox 2457 4059 2673 4098; x_wconf 84' lang='lat' dir='ltr'><strong>omnem</strong></span> <span class='ocrx_word' id='word_1_648' title='bbox 2728 4044 3141 4099; x_wconf 88' lang='lat' dir='ltr'><strong>sollicitudinem</strong></span> <span class='ocrx_word' id='word_1_649' title='bbox 3172 4045 3240 4098; x_wconf 89' lang='lat' dir='ltr'><strong>ad</strong></span> <span class='ocrx_word' id='word_1_650' title='bbox 3287 4059 3374 4099; x_wconf 84' lang='lat' dir='ltr'><strong>res</strong></span> 
     </span>
    </p>
   </div>
   <div class='ocr_carea' id='block_1_97' title="bbox 1791 4135 3371 4207">
    <p class='ocr_par' dir='ltr' id='par_1_97' title="bbox 1791 4135 3371 4207">
     <span class='ocr_line' id='line_1_97' title="bbox 1791 4135 3371 4207; baseline -0.002 -16"><span class='ocrx_word' id='word_1_651' title='bbox 1791 4137 1999 4192; x_wconf 81' lang='lat' dir='ltr'><strong>divinas</strong></span> <span class='ocrx_word' id='word_1_652' title='bbox 2030 4136 2324 4201; x_wconf 86' lang='lat' dir='ltr'><strong>transtulit,</strong></span> <span class='ocrx_word' id='word_1_653' title='bbox 2353 4135 2662 4207; x_wconf 83' lang='lat' dir='ltr'><strong>templaque</strong></span> <span class='ocrx_word' id='word_1_654' title='bbox 2691 4145 2982 4191; x_wconf 78' lang='lat' dir='ltr'><strong>exstruens</strong></span> <span class='ocrx_word' id='word_1_655' title='bbox 3004 4176 3019 4201; x_wconf 95' lang='lat'><strong>,</strong></span> <span class='ocrx_word' id='word_1_656' title='bbox 3059 4147 3116 4192; x_wconf 91' lang='lat' dir='ltr'><strong>et</strong></span> <span class='ocrx_word' id='word_1_657' title='bbox 3142 4135 3371 4204; x_wconf 84' lang='lat' dir='ltr'><strong>benigne</strong></span> 
     </span>
    </p>
   </div>
   <div class='ocr_carea' id='block_1_98' title="bbox 1792 4227 3370 4300">
    <p class='ocr_par' dir='ltr' id='par_1_98' title="bbox 1792 4227 3370 4300">
     <span class='ocr_line' id='line_1_98' title="bbox 1792 4227 3370 4300; baseline -0.004 -15"><span class='ocrx_word' id='word_1_658' title='bbox 1792 4230 2042 4300; x_wconf 87' lang='lat' dir='ltr'><strong>pecuniis</strong></span> <span class='ocrx_word' id='word_1_659' title='bbox 2093 4229 2423 4300; x_wconf 88' lang='lat' dir='ltr'><strong>reliquisque</strong></span> <span class='ocrx_word' id='word_1_660' title='bbox 2451 4229 2712 4299; x_wconf 88' lang='lat' dir='ltr'><strong>impensis</strong></span> <span class='ocrx_word' id='word_1_661' title='bbox 2753 4227 2995 4291; x_wconf 82' lang='lat' dir='ltr'><strong>dolavit.</strong></span> <span class='ocrx_word' id='word_1_662' title='bbox 3028 4242 3092 4282; x_wconf 89' lang='lat' dir='ltr'><strong>ac</strong></span> <span class='ocrx_word' id='word_1_663' title='bbox 3139 4227 3370 4295; x_wconf 88' lang='lat' dir='ltr'><strong>primam</strong></span> 
     </span>
    </p>
   </div>
   <div class='ocr_carea' id='block_1_99' title="bbox 1794 4318 3375 4391">
    <p class='ocr_par' dir='ltr' id='par_1_99' title="bbox 1794 4318 3375 4391">
     <span class='ocr_line' id='line_1_99' title="bbox 1794 4318 3375 4391; baseline -0.001 -17"><span class='ocrx_word' id='word_1_664' title='bbox 1794 4320 1967 4391; x_wconf 84' lang='lat' dir='ltr'><strong>legem</strong></span> <span class='ocrx_word' id='word_1_665' title='bbox 1999 4321 2155 4389; x_wconf 90' lang='lat' dir='ltr'><strong>tulit,</strong></span> <span class='ocrx_word' id='word_1_666' title='bbox 2186 4329 2244 4375; x_wconf 91' lang='lat' dir='ltr'><strong>ut</strong></span> <span class='ocrx_word' id='word_1_667' title='bbox 2271 4336 2388 4390; x_wconf 74' lang='lat' dir='ltr'><strong>quat</strong></span> <span class='ocrx_word' id='word_1_668' title='bbox 2422 4320 2578 4377; x_wconf 88' lang='lat' dir='ltr'><strong>idolis</strong></span> <span class='ocrx_word' id='word_1_669' title='bbox 2603 4320 2784 4378; x_wconf 82' lang='lat' dir='ltr'><strong>oll&#39;erri</strong></span> <span class='ocrx_word' id='word_1_670' title='bbox 2812 4321 2972 4377; x_wconf 85' lang='lat' dir='ltr'><strong>solita</strong></span> <span class='ocrx_word' id='word_1_671' title='bbox 3003 4328 3190 4383; x_wconf 85' lang='lat' dir='ltr'><strong>erant,</strong></span> <span class='ocrx_word' id='word_1_672' title='bbox 3215 4318 3375 4373; x_wconf 86' lang='lat' dir='ltr'><strong>Chri-</strong></span> 
     </span>
    </p>
   </div>
   <div class='ocr_carea' id='block_1_100' title="bbox 1783 4501 3370 4574">
    <p class='ocr_par' dir='ltr' id='par_1_100' title="bbox 1783 4501 3370 4574">
     <span class='ocr_line' id='line_1_100' title="bbox 1783 4501 3370 4574; baseline -0.001 -16"><span class='ocrx_word' id='word_1_673' title='bbox 1783 4504 1924 4559; x_wconf 87' lang='lat' dir='ltr'><strong>idola</strong></span> <span class='ocrx_word' id='word_1_674' title='bbox 1980 4503 2160 4559; x_wconf 88' lang='lat' dir='ltr'><strong>colere</strong></span> <span class='ocrx_word' id='word_1_675' title='bbox 2217 4504 2335 4559; x_wconf 87' lang='lat' dir='ltr'><strong>ausi</strong></span> <span class='ocrx_word' id='word_1_676' title='bbox 2403 4501 2673 4568; x_wconf 79' lang='lat' dir='ltr'><strong>fuissent,</strong></span> <span class='ocrx_word' id='word_1_677' title='bbox 2738 4504 2913 4574; x_wconf 85' lang='lat' dir='ltr'><strong>capite</strong></span> <span class='ocrx_word' id='word_1_678' title='bbox 2972 4501 3370 4571; x_wconf 86' lang='lat' dir='ltr'><strong>plecterentur;</strong></span> 
     </span>
    </p>
   </div>
   <div class='ocr_carea' id='block_1_101' title="bbox 1787 4592 3374 4667">
    <p class='ocr_par' dir='ltr' id='par_1_101' title="bbox 1787 4592 3374 4667">
     <span class='ocr_line' id='line_1_101' title="bbox 1787 4592 3374 4667; baseline -0.003 -15"><span class='ocrx_word' id='word_1_679' title='bbox 1787 4597 2019 4652; x_wconf 84' lang='lat' dir='ltr'><strong>alteram</strong></span> <span class='ocrx_word' id='word_1_680' title='bbox 2075 4597 2204 4651; x_wconf 88' lang='lat' dir='ltr'><strong>item</strong></span> <span class='ocrx_word' id='word_1_681' title='bbox 2256 4595 2428 4667; x_wconf 88' lang='lat' dir='ltr'><strong>legem</strong></span> <span class='ocrx_word' id='word_1_682' title='bbox 2491 4596 2709 4664; x_wconf 86' lang='lat' dir='ltr'><strong>scripsit</strong></span> <span class='ocrx_word' id='word_1_683' title='bbox 2759 4605 2820 4650; x_wconf 92' lang='lat' dir='ltr'><strong>ut</strong></span> <span class='ocrx_word' id='word_1_684' title='bbox 2866 4593 3196 4650; x_wconf 87' lang='lat' dir='ltr'><strong>Christianis</strong></span> <span class='ocrx_word' id='word_1_685' title='bbox 3244 4592 3374 4648; x_wconf 89' lang='lat' dir='ltr'><strong>solis</strong></span> 
     </span>
    </p>
   </div>
   <div class='ocr_carea' id='block_1_102' title="bbox 1783 4685 3372 4761">
    <p class='ocr_par' dir='ltr' id='par_1_102' title="bbox 1783 4685 3372 4761">
     <span class='ocr_line' id='line_1_102' title="bbox 1783 4685 3372 4761; baseline -0.003 -19"><span class='ocrx_word' id='word_1_686' title='bbox 1783 4688 2021 4744; x_wconf 89' lang='lat' dir='ltr'><strong>militare</strong></span> <span class='ocrx_word' id='word_1_687' title='bbox 2072 4686 2289 4752; x_wconf 89' lang='lat' dir='ltr'><strong>liceret,</strong></span> <span class='ocrx_word' id='word_1_688' title='bbox 2321 4685 2532 4756; x_wconf 85' lang='lat' dir='ltr'><strong>ipsique</strong></span> <span class='ocrx_word' id='word_1_689' title='bbox 2591 4688 2645 4742; x_wconf 92' lang='lat' dir='ltr'><strong>in</strong></span> <span class='ocrx_word' id='word_1_690' title='bbox 2674 4697 2864 4758; x_wconf 88' lang='lat' dir='ltr'><strong>gentes</strong></span> <span class='ocrx_word' id='word_1_691' title='bbox 2904 4701 2969 4741; x_wconf 89' lang='lat' dir='ltr'><strong>ae</strong></span> <span class='ocrx_word' id='word_1_692' title='bbox 2994 4686 3199 4761; x_wconf 79' lang='lat' dir='ltr'><strong>milites</strong></span> <span class='ocrx_word' id='word_1_693' title='bbox 3265 4686 3372 4739; x_wconf 57' lang='lat' dir='ltr'><strong>im.</strong></span> 
     </span>
    </p>
   </div>
   <div class='ocr_carea' id='block_1_103' title="bbox 1785 4776 3377 4849">
    <p class='ocr_par' dir='ltr' id='par_1_103' title="bbox 1785 4776 3377 4849">
     <span class='ocr_line' id='line_1_103' title="bbox 1785 4776 3377 4849; baseline 0 -17"><span class='ocrx_word' id='word_1_694' title='bbox 1785 4779 1994 4849; x_wconf 62' lang='lat' dir='ltr'><strong>perium</strong></span> <span class='ocrx_word' id='word_1_695' title='bbox 2026 4777 2325 4843; x_wconf 86' lang='lat' dir='ltr'><strong>haberent;</strong></span> <span class='ocrx_word' id='word_1_696' title='bbox 2359 4776 2577 4830; x_wconf 88' lang='lat' dir='ltr'><strong>tertiam</strong></span> <span class='ocrx_word' id='word_1_697' title='bbox 2619 4777 2838 4846; x_wconf 90' lang='lat' dir='ltr'><strong>insuper</strong></span> <span class='ocrx_word' id='word_1_698' title='bbox 2866 4778 3038 4833; x_wconf 89' lang='lat' dir='ltr'><strong>edidit</strong></span> <span class='ocrx_word' id='word_1_699' title='bbox 3067 4778 3235 4848; x_wconf 87' lang='lat' dir='ltr'><strong>legem</strong></span> <span class='ocrx_word' id='word_1_700' title='bbox 3257 4818 3272 4839; x_wconf 90' lang='lat'><strong><em>.</em></strong></span> <span class='ocrx_word' id='word_1_701' title='bbox 3306 4792 3377 4833; x_wconf 90' lang='lat' dir='ltr'><strong>ne</strong></span> 
     </span>
    </p>
   </div>
   <div class='ocr_carea' id='block_1_104' title="bbox 1795 4866 3368 4938">
    <p class='ocr_par' dir='ltr' id='par_1_104' title="bbox 1795 4866 3368 4938">
     <span class='ocr_line' id='line_1_104' title="bbox 1795 4866 3368 4938; baseline 0.002 -17"><span class='ocrx_word' id='word_1_702' title='bbox 1795 4868 1924 4938; x_wconf 87' lang='lat' dir='ltr'><strong>quid</strong></span> <span class='ocrx_word' id='word_1_703' title='bbox 1989 4867 2171 4937; x_wconf 88' lang='lat' dir='ltr'><strong>operis</strong></span> <span class='ocrx_word' id='word_1_704' title='bbox 2222 4867 2274 4920; x_wconf 91' lang='lat' dir='ltr'><strong>in</strong></span> <span class='ocrx_word' id='word_1_705' title='bbox 2338 4866 2673 4922; x_wconf 87' lang='lat' dir='ltr'><strong>hebdomade</strong></span> <span class='ocrx_word' id='word_1_706' title='bbox 2728 4866 3007 4924; x_wconf 86' lang='lat' dir='ltr'><strong>Passionis</strong></span> <span class='ocrx_word' id='word_1_707' title='bbox 3074 4868 3368 4935; x_wconf 84' lang='lat' dir='ltr'><strong>salutaris,</strong></span> 
     </span>
    </p>
   </div>
   <div class='ocr_carea' id='block_1_105' title="bbox 1796 4957 3374 5028">
    <p class='ocr_par' dir='ltr' id='par_1_105' title="bbox 1796 4957 3374 5028">
     <span class='ocr_line' id='line_1_105' title="bbox 1796 4957 3374 5028; baseline -0.001 -13"><span class='ocrx_word' id='word_1_708' title='bbox 1796 4976 1972 5028; x_wconf 83' lang='lat' dir='ltr'><strong>neque</strong></span> <span class='ocrx_word' id='word_1_709' title='bbox 1997 4960 2048 5013; x_wconf 93' lang='lat' dir='ltr'><strong>iu</strong></span> <span class='ocrx_word' id='word_1_710' title='bbox 2079 4958 2413 5013; x_wconf 83' lang='lat' dir='ltr'><strong>hebdomade</strong></span> <span class='ocrx_word' id='word_1_711' title='bbox 2448 4957 2855 5025; x_wconf 79' lang='lat' dir='ltr'><strong>Renovationis,</strong></span> <span class='ocrx_word' id='word_1_712' title='bbox 2886 4974 3144 5015; x_wconf 79' lang='lat' dir='ltr'><strong>exercere</strong></span> <span class='ocrx_word' id='word_1_713' title='bbox 3167 4958 3374 5024; x_wconf 81' lang='lat' dir='ltr'><strong>liceret,</strong></span> 
     </span>
    </p>
   </div>
   <div class='ocr_carea' id='block_1_106' title="bbox 1774 5047 3376 5119">
    <p class='ocr_par' dir='ltr' id='par_1_106' title="bbox 1774 5047 3376 5119">
     <span class='ocr_line' id='line_1_106' title="bbox 1774 5047 3376 5119; baseline -0.001 -15"><span class='ocrx_word' id='word_1_714' title='bbox 1774 5051 2004 5119; x_wconf 80' lang='lat' dir='ltr'><strong>‘l‘uitque</strong></span> <span class='ocrx_word' id='word_1_715' title='bbox 2047 5050 2305 5117; x_wconf 87' lang='lat' dir='ltr'><strong>deinceps</strong></span> <span class='ocrx_word' id='word_1_716' title='bbox 2356 5061 2461 5117; x_wconf 77' lang='lat' dir='ltr'><strong>pax</strong></span> <span class='ocrx_word' id='word_1_717' title='bbox 2517 5047 2627 5103; x_wconf 86' lang='lat' dir='ltr'><strong>alta</strong></span> <span class='ocrx_word' id='word_1_718' title='bbox 2657 5056 2714 5103; x_wconf 90' lang='lat' dir='ltr'><strong>et</strong></span> <span class='ocrx_word' id='word_1_719' title='bbox 2770 5049 2956 5103; x_wconf 72' lang='lat' dir='ltr'><strong>lmtitia</strong></span> <span class='ocrx_word' id='word_1_720' title='bbox 3006 5049 3061 5103; x_wconf 92' lang='lat' dir='ltr'><strong>in</strong></span> <span class='ocrx_word' id='word_1_721' title='bbox 3122 5050 3376 5104; x_wconf 84' lang='lat' dir='ltr'><strong>universo</strong></span> 
     </span>
    </p>
   </div>
   <div class='ocr_carea' id='block_1_107' title="bbox 1796 5137 3375 5209">
    <p class='ocr_par' dir='ltr' id='par_1_107' title="bbox 1796 5137 3375 5209">
     <span class='ocr_line' id='line_1_107' title="bbox 1796 5137 3375 5209; baseline -0.001 -16"><span class='ocrx_word' id='word_1_722' title='bbox 1796 5140 1962 5205; x_wconf 87' lang='lat' dir='ltr'><strong>orbe,</strong></span> <span class='ocrx_word' id='word_1_723' title='bbox 2022 5137 2276 5193; x_wconf 87' lang='lat' dir='ltr'><strong>omnibus</strong></span> <span class='ocrx_word' id='word_1_724' title='bbox 2309 5137 2622 5195; x_wconf 84' lang='lat' dir='ltr'><strong>nationibus</strong></span> <span class='ocrx_word' id='word_1_725' title='bbox 2673 5139 2741 5193; x_wconf 90' lang='lat' dir='ltr'><strong>ad</strong></span> <span class='ocrx_word' id='word_1_726' title='bbox 2800 5138 3042 5193; x_wconf 82' lang='lat' dir='ltr'><strong>divinum</strong></span> <span class='ocrx_word' id='word_1_727' title='bbox 3110 5138 3375 5209; x_wconf 85' lang='lat' dir='ltr'><strong>baptisma</strong></span> 
     </span>
    </p>
   </div>
   <div class='ocr_carea' id='block_1_108' title="bbox 1622 5323 1853 5381">
    <p class='ocr_par' dir='ltr' id='par_1_108' title="bbox 1622 5323 1853 5381">
     <span class='ocr_line' id='line_1_108' title="bbox 1622 5323 1853 5381; baseline 0.017 -5"><span class='ocrx_word' id='word_1_728' title='bbox 1622 5323 1853 5381; x_wconf 63' lang='lat' dir='ltr'><strong>NOTAE.</strong></span> 
     </span>
    </p>
   </div>
   <div class='ocr_carea' id='block_1_109' title="bbox 179 5409 1688 5479">
    <p class='ocr_par' dir='ltr' id='par_1_109' title="bbox 179 5409 1688 5479">
     <span class='ocr_line' id='line_1_109' title="bbox 179 5409 1688 5479; baseline 0.003 -16"><span class='ocrx_word' id='word_1_729' title='bbox 179 5410 312 5479; x_wconf 15' lang='lat'><strong>(56)”</strong></span> <span class='ocrx_word' id='word_1_730' title='bbox 344 5409 473 5464; x_wconf 79' lang='lat' dir='ltr'><strong>Sch.</strong></span> <span class='ocrx_word' id='word_1_731' title='bbox 519 5411 895 5467; x_wconf 81' lang='grc' dir='ltr'>Ἀποδίδοσθαι</span> <span class='ocrx_word' id='word_1_732' title='bbox 941 5420 1066 5476; x_wconf 75' lang='grc' dir='ltr'>τοὺς</span> <span class='ocrx_word' id='word_1_733' title='bbox 1106 5415 1212 5466; x_wconf 75' lang='grc' dir='ltr'>τῶν</span> <span class='ocrx_word' id='word_1_734' title='bbox 1246 5414 1483 5469; x_wconf 78' lang='grc' dir='ltr'>εἰδώλων</span> <span class='ocrx_word' id='word_1_735' title='bbox 1527 5417 1688 5479; x_wconf 75' lang='grc' dir='ltr'>ναοὺς</span> 
     </span>
    </p>
   </div>
   <div class='ocr_carea' id='block_1_110' title="bbox 103 5478 1687 5554">
    <p class='ocr_par' dir='ltr' id='par_1_110' title="bbox 103 5478 1687 5554">
     <span class='ocr_line' id='line_1_110' title="bbox 103 5478 1687 5554; baseline 0.007 -25"><span class='ocrx_word' id='word_1_736' title='bbox 103 5481 215 5554; x_wconf 66' lang='grc' dir='ltr'>τοῖς</span> <span class='ocrx_word' id='word_1_737' title='bbox 235 5478 328 5554; x_wconf 44' lang='grc' dir='ltr'><strong>-τῷ</strong></span> <span class='ocrx_word' id='word_1_738' title='bbox 362 5482 597 5554; x_wconf 12' lang='grc' dir='ltr'>Χριστῷ,</span> <span class='ocrx_word' id='word_1_739' title='bbox 637 5484 1069 5551; x_wconf 73' lang='grc' dir='ltr'>ἀφιερουμένοις.</span> <span class='ocrx_word' id='word_1_740' title='bbox 1116 5484 1280 5539; x_wconf 85' lang='lat' dir='ltr'><strong>Paulo</strong></span> <span class='ocrx_word' id='word_1_741' title='bbox 1329 5498 1467 5554; x_wconf 88' lang='lat' dir='ltr'><strong>post,</strong></span> <span class='ocrx_word' id='word_1_742' title='bbox 1503 5478 1687 5554; x_wconf 70' lang='grc' dir='ltr'><strong>Κεφαέ</strong></span> 
     </span>
    </p>
   </div>
   <div class='ocr_carea' id='block_1_111' title="bbox 105 5549 1012 5620">
    <p class='ocr_par' dir='ltr' id='par_1_111' title="bbox 105 5549 1012 5620">
     <span class='ocr_line' id='line_1_111' title="bbox 105 5549 1012 5620; baseline 0.004 -19"><span class='ocrx_word' id='word_1_743' title='bbox 105 5549 287 5620; x_wconf 70' lang='grc' dir='ltr'>λικαίς</span> <span class='ocrx_word' id='word_1_744' title='bbox 314 5551 668 5620; x_wconf 63' lang='grc' dir='ltr'>ἐπιτιμᾶσθαι</span> <span class='ocrx_word' id='word_1_745' title='bbox 697 5549 1012 5620; x_wconf 74' lang='grc' dir='ltr'>τιμωρίαις.</span> 
     </span>
    </p>
   </div>
   <div class='ocr_carea' id='block_1_112' title="bbox 180 5618 1687 5687">
    <p class='ocr_par' dir='ltr' id='par_1_112' title="bbox 180 5618 1687 5687">
     <span class='ocr_line' id='line_1_112' title="bbox 180 5618 1687 5687; baseline 0.008 -20"><span class='ocrx_word' id='word_1_746' title='bbox 180 5618 292 5686; x_wconf 79' lang='grc'>(55)</span> <span class='ocrx_word' id='word_1_747' title='bbox 330 5619 401 5670; x_wconf 85' lang='lat' dir='ltr'><strong>Ita</strong></span> <span class='ocrx_word' id='word_1_748' title='bbox 441 5618 780 5673; x_wconf 67' lang='lat' dir='ltr'><strong>Srrsbentlutn</strong></span> <span class='ocrx_word' id='word_1_749' title='bbox 814 5618 865 5674; x_wconf 77' lang='lat' dir='ltr'><strong>et</strong></span> <span class='ocrx_word' id='word_1_750' title='bbox 901 5623 1215 5687; x_wconf 72' lang='lat' dir='ltr'><strong>legendum:</strong></span> <span class='ocrx_word' id='word_1_751' title='bbox 1250 5636 1327 5676; x_wconf 65' lang='lat' dir='ltr'><strong>est</strong></span> <span class='ocrx_word' id='word_1_752' title='bbox 1354 5636 1529 5676; x_wconf 67' lang='lat' dir='ltr'><strong>autem</strong></span> <span class='ocrx_word' id='word_1_753' title='bbox 1555 5626 1687 5678; x_wconf 75' lang='lat' dir='ltr'><strong>lteb-</strong></span> 
     </span>
    </p>
   </div>
   <div class='ocr_carea' id='block_1_113' title="bbox 108 5687 1684 5764">
    <p class='ocr_par' dir='ltr' id='par_1_113' title="bbox 108 5687 1684 5764">
     <span class='ocr_line' id='line_1_113' title="bbox 108 5687 1684 5764; baseline 0.005 -25"><span class='ocrx_word' id='word_1_754' title='bbox 108 5692 296 5743; x_wconf 76' lang='lat' dir='ltr'><strong>doznas</strong></span> <span class='ocrx_word' id='word_1_755' title='bbox 317 5688 413 5757; x_wconf 62' lang='grc' dir='ltr'>τῆς</span> <span class='ocrx_word' id='word_1_756' title='bbox 442 5687 880 5761; x_wconf 72' lang='grc' dir='ltr'>διακαινησίμου,</span> <span class='ocrx_word' id='word_1_757' title='bbox 915 5691 1193 5747; x_wconf 74' lang='lat' dir='ltr'><strong>hcbtlonms</strong></span> <span class='ocrx_word' id='word_1_758' title='bbox 1244 5695 1532 5761; x_wconf 68' lang='lat' dir='ltr'><strong>paschalis,</strong></span> <span class='ocrx_word' id='word_1_759' title='bbox 1581 5713 1684 5764; x_wconf 79' lang='lat' dir='ltr'><strong>qua</strong></span> 
     </span>
    </p>
   </div>
   <div class='ocr_carea' id='block_1_114' title="bbox 1794 5416 3375 5484">
    <p class='ocr_par' dir='ltr' id='par_1_114' title="bbox 1794 5416 3375 5484">
     <span class='ocr_line' id='line_1_114' title="bbox 1794 5416 3375 5484; baseline 0.001 -15"><span class='ocrx_word' id='word_1_760' title='bbox 1794 5416 2122 5472; x_wconf 82' lang='lat' dir='ltr'><strong>resurrectio</strong></span> <span class='ocrx_word' id='word_1_761' title='bbox 2169 5416 2380 5470; x_wconf 87' lang='lat' dir='ltr'><strong>Domini</strong></span> <span class='ocrx_word' id='word_1_762' title='bbox 2412 5417 2739 5473; x_wconf 85' lang='lat' dir='ltr'><strong>celebratur.</strong></span> <span class='ocrx_word' id='word_1_763' title='bbox 2784 5416 2840 5472; x_wconf 80' lang='lat' dir='ltr'><strong>Id</strong></span> <span class='ocrx_word' id='word_1_764' title='bbox 2883 5417 3111 5471; x_wconf 83' lang='lat' dir='ltr'><strong>ostendo</strong></span> <span class='ocrx_word' id='word_1_765' title='bbox 3142 5417 3375 5484; x_wconf 89' lang='lat' dir='ltr'><strong>primum</strong></span> 
     </span>
    </p>
   </div>
   <div class='ocr_carea' id='block_1_115' title="bbox 1794 5485 3374 5558">
    <p class='ocr_par' dir='ltr' id='par_1_115' title="bbox 1794 5485 3374 5558">
     <span class='ocr_line' id='line_1_115' title="bbox 1794 5485 3374 5558; baseline 0.002 -21"><span class='ocrx_word' id='word_1_766' title='bbox 1794 5486 2104 5541; x_wconf 73' lang='lat' dir='ltr'><strong>tesnntouio</strong></span> <span class='ocrx_word' id='word_1_767' title='bbox 2147 5485 2367 5541; x_wconf 80' lang='lat' dir='ltr'><strong>Maximi</strong></span> <span class='ocrx_word' id='word_1_768' title='bbox 2413 5486 2982 5558; x_wconf 72' lang='lat' dir='ltr'><strong>Margtntii,_episenpi</strong></span> <span class='ocrx_word' id='word_1_769' title='bbox 3018 5485 3236 5558; x_wconf 65' lang='lat' dir='ltr'><strong>Graeci,</strong></span> <span class='ocrx_word' id='word_1_770' title='bbox 3283 5487 3374 5555; x_wconf 89' lang='lat' dir='ltr'><strong>qui</strong></span> 
     </span>
    </p>
   </div>
   <div class='ocr_carea' id='block_1_116' title="bbox 1790 5556 3373 5625">
    <p class='ocr_par' dir='ltr' id='par_1_116' title="bbox 1790 5556 3373 5625">
     <span class='ocr_line' id='line_1_116' title="bbox 1790 5556 3373 5625; baseline -0.001 -15"><span class='ocrx_word' id='word_1_771' title='bbox 1790 5558 2076 5611; x_wconf 82' lang='lat' dir='ltr'><strong>eunsultus</strong></span> <span class='ocrx_word' id='word_1_772' title='bbox 2117 5557 2379 5625; x_wconf 86' lang='lat' dir='ltr'><strong>quidnam</strong></span> <span class='ocrx_word' id='word_1_773' title='bbox 2418 5556 2553 5611; x_wconf 26' lang='lat' dir='ltr'><strong>boc‘</strong></span> <span class='ocrx_word' id='word_1_774' title='bbox 2579 5556 2842 5611; x_wconf 78' lang='lat' dir='ltr'><strong>vocabulo</strong></span> <span class='ocrx_word' id='word_1_775' title='bbox 2891 5556 3249 5625; x_wconf 66' lang='lat' dir='ltr'><strong>signiﬁcetur,</strong></span> <span class='ocrx_word' id='word_1_776' title='bbox 3286 5570 3373 5608; x_wconf 88' lang='lat' dir='ltr'><strong>re-</strong></span> 
     </span>
    </p>
   </div>
   <div class='ocr_carea' id='block_1_117' title="bbox 1791 5625 3374 5697">
    <p class='ocr_par' dir='ltr' id='par_1_117' title="bbox 1791 5625 3374 5697">
     <span class='ocr_line' id='line_1_117' title="bbox 1791 5625 3374 5697; baseline -0.001 -19"><span class='ocrx_word' id='word_1_777' title='bbox 1791 5627 2007 5697; x_wconf 68' lang='lat' dir='ltr'><strong>spondit</strong></span> <span class='ocrx_word' id='word_1_778' title='bbox 2035 5627 2120 5697; x_wconf 82' lang='lat' dir='ltr'><strong>his</strong></span> <span class='ocrx_word' id='word_1_779' title='bbox 2173 5626 2353 5683; x_wconf 81' lang='lat' dir='ltr'><strong>verbis</strong></span> <span class='ocrx_word' id='word_1_780' title='bbox 2379 5645 2392 5680; x_wconf 85' lang='lat'><strong>:</strong></span> <span class='ocrx_word' id='word_1_781' title='bbox 2453 5628 2785 5697; x_wconf 84' lang='grc' dir='ltr'>Σημαίνεται</span> <span class='ocrx_word' id='word_1_782' title='bbox 2821 5626 2952 5694; x_wconf 85' lang='grc' dir='ltr'>παρ’</span> <span class='ocrx_word' id='word_1_783' title='bbox 2986 5628 3114 5693; x_wconf 79' lang='grc' dir='ltr'>ἡμῖν</span> <span class='ocrx_word' id='word_1_784' title='bbox 3136 5626 3223 5677; x_wconf 80' lang='grc' dir='ltr'>διὰ</span> <span class='ocrx_word' id='word_1_785' title='bbox 3252 5625 3374 5677; x_wconf 74' lang='grc' dir='ltr'>τού-</span> 
     </span>
    </p>
   </div>
   <div class='ocr_carea' id='block_1_118' title="bbox 1792 5695 3375 5769">
    <p class='ocr_par' dir='ltr' id='par_1_118' title="bbox 1792 5695 3375 5769">
     <span class='ocr_line' id='line_1_118' title="bbox 1792 5695 3375 5769; baseline 0.003 -20"><span class='ocrx_word' id='word_1_786' title='bbox 1792 5713 1883 5749; x_wconf 74' lang='grc' dir='ltr'><strong>του</strong></span> <span class='ocrx_word' id='word_1_787' title='bbox 1915 5696 2007 5750; x_wconf 77' lang='grc' dir='ltr'>τοῦ</span> <span class='ocrx_word' id='word_1_788' title='bbox 2032 5695 2294 5766; x_wconf 73' lang='grc' dir='ltr'>ὀνόματος</span> <span class='ocrx_word' id='word_1_789' title='bbox 2331 5697 2426 5767; x_wconf 75' lang='grc' dir='ltr'>ὅλη</span> <span class='ocrx_word' id='word_1_790' title='bbox 2465 5695 2730 5768; x_wconf 74' lang='grc' dir='ltr'>ήπρώτη</span> <span class='ocrx_word' id='word_1_791' title='bbox 2792 5697 3029 5768; x_wconf 64' lang='grc' dir='ltr'>ἑϐδομὰς</span> <span class='ocrx_word' id='word_1_792' title='bbox 3079 5699 3176 5769; x_wconf 76' lang='grc' dir='ltr'><strong>τῆς</strong></span> <span class='ocrx_word' id='word_1_793' title='bbox 3219 5698 3375 5753; x_wconf 68' lang='grc' dir='ltr'>Ἀναιο</span> 
     </span>
    </p>
   </div>
  </div>
