3946 6318
100 265 244 333 4061
1071 279 1162 337 ms
1203 255 1683 339 lNVENTIONE
1725 273 2036 337 SANCTzE
2075 279 2376 340 CRUCIS.
3272 291 3412 356 4002

99 381 161 436 δὲ
201 383 298 435 σὺν
329 382 514 445 αὐτοῖς
548 384 576 436 6
605 382 961 456 πανεύφημος
988 386 1081 438 καὶ
1123 387 1292 456 μέγας
1350 383 1695 441 Κωνσταντῖ-

1807 389 1964 445 etiam
1995 389 2239 445 interfuit
2288 391 2402 461 ipse
2435 391 2522 446 ille
2573 405 2808 462 magnus
2871 391 3228 468 omniumque
3258 420 3397 470 pm-

97 489 216 535 νος,
277 471 372 524 καὶ
412 470 478 542 δὴ
519 473 617 542 τῆς
677 473 989 537 ὑποθέσεως
1032 476 1370 547 κινηθείσης,
1426 471 1704 549 ἔγγραφον

103 562 344 626 πίστεως
411 562 630 616 ἔκθεσιν
657 564 988 635 ἐξήνεγκαν,
1031 567 1128 636 τὴν
1157 570 1298 622 κατά
1329 567 1514 621 πᾶσαν
1572 569 1702 624 Ἐκ-

99 657 336 727 κλησίαν
388 657 690 729 όρθοδόξως
752 659 850 712 νῦν
881 659 1396 734 ἀπαγγελλομένην.
1455 663 1595 729 Τοὺς
1647 666 1703 720 δὲ

101 767 173 803 πε
185 752 237 820 pl.
271 752 490 822 Ἀρειον
507 752 871 821 ἐπιμένοντας
898 756 964 823 τῇ
989 755 1279 827 κακοδοξίᾳ
1323 755 1500 828 ἀπεκή
1514 759 1698 829 ρυξαν,

101 844 205 896 καὶ
231 843 522 913 ἐξώρισαν,
556 846 653 898 καὶ
693 845 1182 916 ἐχειροτονήθησαν
1230 848 1412 921 ἐτεροι
1451 852 1570 904 ἀντ’
1608 855 1701 906 αὐ-

95 933 236 986 τῶν,
302 935 806 1006 Φιλοτιμησάμενος
854 935 910 988 δὲ
969 938 996 988 ό
1048 937 1305 1006 βασιλεὺς
1366 942 1702 1008 ἐπισκόπους

98 1029 202 1080 καὶ
227 1028 622 1098 ἀσπασάμενος
652 1028 890 1081 ἀπέλυσε
923 1031 1040 1098 μετ’
1071 1032 1294 1103 εἰρήνης
1323 1033 1404 1095 είς
1440 1035 1537 1098 τὰς
1564 1036 1699 1101 ίδίας

97 1121 422 1188 παροικίας,
479 1119 688 1192 χαίρων
737 1119 831 1174 ἐπὶ
851 1122 918 1192 τῇ
974 1122 1262 1195 συμφωνίᾳ
1299 1124 1409 1179 τῶν
1464 1125 1699 1198 Ἐκκλη-

100 1227 317 1266 σηυν.ε

174 1485 628 1557 Παρεκελεύσατο
656 1488 714 1541 δὲ
756 1487 836 1559 τῷ
857 1490 958 1562 τῆς
1003 1489 1194 1554 Αἰλίας
1235 1491 1523 1561 ἐπισκόπῳ
1570 1493 1696 1544 Μα-

97 1578 287 1649 καρίῳ
318 1579 550 1650 παρόντι
583 1581 642 1635 ἐν
696 1584 764 1652 τῇ
792 1583 1020 1652 συνόδῳ,
1047 1583 1140 1636 καὶ
1170 1582 1280 1635 τῶν
1319 1582 1695 1636 ἀποστολικῶν

93 1671 392 1739 δογμάτων
439 1672 874 1744 ὑπερμαχοῦντι,
915 1675 1262 1746 ἀναζητῆσαι
1298 1675 1388 1727 τὸν
1431 1675 1695 1737 ζωοποιὸν

1811 477 1970 532 conio
2039 478 2394 545 dignissimus
2437 479 2847 538 Constantinus.
2895 481 3140 552 Cumque
3175 504 3260 544 res
3295 500 3402 544 tra-

1808 565 1952 618 ctari
1987 577 2168 635 empta
2216 579 2381 632 esset,
2420 569 2543 625 fidei
2571 572 2969 641 expositionem
3011 573 3208 632 litteris
3241 595 3400 634 man-

1808 655 1991 710 datam
2045 659 2368 725 ediderunt,
2401 675 2520 730 quae
2581 678 2727 718 nunc
2778 664 2877 719 rite
2937 680 3034 736 per
3069 667 3398 726 'universam

1805 743 2102 802 Ecclesiam
2151 752 2554 818 pronuntiatur.
2599 753 2706 809 Eos
2739 764 2922 810 autem
2971 757 3064 826 qui
3123 761 3177 812 ln
3225 774 3392 826 prava

1803 837 1919 892 Arii
1966 839 2222 910 opinione
2261 855 2709 913 permanserant,
2745 862 2774 900 a
2806 862 2904 901 suo
2948 863 3178 918 corpore
3211 851 3397 906 absci-

1804 929 2034 995 derunt,
2090 932 2393 1003 exsilioque
2453 936 2828 1006 damnarunt,
2919 938 3044 994 aliis
3098 939 3152 996 in
3208 957 3398 998 eorum

1803 1019 1978 1075 locum
2015 1025 2256 1090 creatis;
2315 1027 2557 1082 maximo
2611 1039 2792 1084 autem
2841 1016 3049 1086 bOnore
3100 1033 3401 1103 imperator

1800 1113 2090 1183 episcopos
2155 1116 2442 1182 alliciens,
2513 1135 2718 1191 eosque
2779 1138 2941 1191 quam
3003 1125 3400 1182 humanissime

1799 1205 2187 1276 complectens,
2244 1212 2719 1281 congregationem
2767 1228 2892 1270 cum
2930 1230 3064 1284 pace
3115 1216 3388 1284 dissolvit,

1800 1299 2026 1366 gavisus
2083 1315 2250 1370 supra
2305 1303 2525 1358 modum
2558 1313 2782 1376 propter
2837 1307 3150 1362 unanimem
3203 1307 3395 1364 Eccle-

1799 1390 2005 1445 siarum
2055 1407 2411 1450 consensum.

1873 1481 2154 1538 Mandavit
2182 1495 2366 1542 autem
2421 1484 2661 1544 Macario
2691 1487 2923 1544 [Eliensi
2978 1494 3256 1560 episcopo,
3297 1489 3388 1558 qui

1796 1585 1853 1631 et
1885 1576 2002 1646 ipse
2057 1579 2268 1648 synodo
2314 1577 2666 1646 interfuerat,
2713 1593 2768 1636 et
2803 1598 2900 1651 pro
2929 1582 3248 1652 apostolicis
3297 1583 3397 1636 doc

1798 1668 2078 1737 gmatibus
2117 1669 2321 1724 acriter
2371 1680 2732 1740 pugnaverat,
2769 1684 2828 1726 nt
2864 1675 2914 1728 in
2966 1672 3182 1727 vivilica
3232 1688 3397 1728 cruce

97 1762 344 1834 σταυρὸν
372 1804 386 1829 ,
417 1765 514 1817 καὶ
643 1742 946 1835 θεόληπτον
970 1742 1182 1837 μνῆμα,
1209 1766 1303 1819 καὶ
1328 1767 1536 1829 πάντας
1564 1766 1695 1829 τοὺς

1807 1759 2098 1828 quaerenda
2130 1761 2501 1830 sepulcroquc
2551 1763 2738 1818 divino
2796 1779 2860 1818 ac
2903 1765 3133 1834 reliquis
3192 1766 3398 1820 sanctis

98 1857 297 1922 ἁγίους
329 1856 550 1920 τόπους,
583 1858 682 1911 καὶ
731 1859 860 1923 τοὺς
905 1859 1099 1922 ἄλλους
1129 1859 1465 1922 ἐπισκόπους
1493 1858 1695 1929 ὁμοίως

98 1949 484 2021 προετρέψατο
515 1951 870 2020 αἰτήσασθαι,
910 1953 964 2004 εἴ
993 1969 1046 2004 τι
1095 1953 1299 2024 συνορᾷ
1340 1953 1479 2021 πρὸς
1511 1953 1693 2022 ἀπαρ-

95 2041 302 2111 τισμὸν
329 2043 557 2106 ἕκαστος
582 2044 682 2114 τῆς
715 2044 851 2107 ἰδίας
893 2044 1216 2116 Ἐκκλησίας
1251 2062 1264 2075 ο
1317 2041 1384 2115 ἦν
1423 2043 1479 2096 δέ
1509 2045 1696 2098 ἐννεα-

96 2134 428 2200 καιδέκατος
454 2137 554 2207 τῆς
571 2136 849 2207 βασιλείας
883 2137 1048 2190 αὐτοῦ
1073 2139 1336 2202 ἐνιαυτὸς,
1366 2139 1455 2191 ὅτε
1478 2139 1697 2206 ἐγένετο

96 2231 138 2298 ἡ
171 2230 315 2282 κατά
353 2229 591 2284 Νίκαιαν
621 2229 860 2294 σύνοδος.
895 2232 1050 2284 Μετά
1088 2232 1262 2286 ταῦτα
1301 2231 1626 2285 ἀπέστειλεν
1666 2231 1696 2284 6

98 2321 360 2392 βασιλεὺς
395 2323 591 2377 ἐαυτοῦ
621 2323 840 2396 μητέρα
879 2325 1099 2393 Ἑλένην
1129 2325 1229 2394 τὴν
1256 2325 1572 2389 ἀξιέπαινον
1599 2324 1696 2378 καὶ

94 2413 330 2483 θεοφιλῆ
362 2416 444 2478 εἰς
478 2414 826 2486 Ἰεροσόλυμα
865 2419 1004 2486 μετὰ
1055 2409 1398 2486 γραμμάτων
1436 2416 1531 2468 καὶ
1557 2433 1694 2486 χρη-

102 2501 299 2572 μάτων
329 2502 593 2570 ἀφθονίας
639 2503 774 2574 πρὺς
803 2505 894 2558 τὸν
923 2505 1211 2574 Μακάριόν
1247 2504 1359 2575 (ὖ7)
1395 2504 1694 2575 Ἰεροσολύ-

98 2612 247 2666 μων,
283 2595 378 2648 ἐπὶ
410 2595 742 2666 ἀναζητήσει
797 2598 890 2650 τοῦ
925 2595 1188 2661 ζωοποιοῦ
1235 2595 1394 2661 ξύλου
1440 2597 1574 2665 (58),
1599 2596 1696 2649 καὶ

98 2687 364 2758 οἰκοδομῇ
403 2687 514 2740 τῶν
545 2687 718 2756 ἁγίων
742 2689 946 2753 τόπων,
987 2688 1162 2759 αὐτῆς
1194 2689 1572 2760 αἰτησαμένης
1594 2689 1695 2758 τῆς

101 2777 402 2848 βασιλίδος,
453 2779 769 2849 φασκούσης
821 2779 1091 2833 ὀπτασίαν
1154 2779 1309 2832 θείαν
1365 2780 1693 2850 ἑωρακέναι,

95 2870 438 2926 κελεύουσαν
490 2871 626 2942 αὐτῇ
681 2872 749 2925 τὰ
795 2871 1147 2942 Ἰεροσόλυμα
1204 2870 1553 2936 καταλαϐεῖν,
1601 2872 1696 2925 καὶ

94 2962 233 3025 τοὺς
263 2962 452 3029 ἁγίους
482 2964 682 3026 τόπους
711 2965 792 3027 είς
826 2964 942 3032 φῶς
982 2965 1211 3032 ἀγαγεῖν
1249 2963 1563 3035 χωσθέντας
1590 2961 1698 3016 ὑπὸ

1802 1849 2188 1920 religiosisqne
2218 1852 2354 1906 locis
2388 1853 2792 1923 investigandis
2814 1870 3032 1910 omnem
3061 1857 3396 1925 diligentiam

1797 1939 2106 1996 abhiberet.
2136 1942 2315 1996 Etiam
2351 1945 2487 2000 alios
2517 1948 2803 2014 episcopos
2839 1957 2929 2002 est
2976 1948 3299 2002 adhortatus
3341 1959 3400 2002 ut

1800 2041 2017 2102 peteret
2046 2035 2444 2102 unusquisque,
2466 2036 2610 2104 quod
2639 2037 2704 2089 ad
2733 2035 3124 2106 perfectionem
3159 2054 3270 2094 suzc
3295 2038 3398 2092 Ec-

1800 2123 1986 2178 clesia:
2017 2126 2389 2180 necessarium
2417 2141 2544 2183 esse
2577 2139 2851 2184 cerneret.
2901 2131 3184 2198 Agebatur
3211 2139 3394 2184 autem

1799 2217 2044 2273 decimus
2093 2233 2268 2273 nonus
2301 2219 2516 2289 imperii
2552 2221 2668 2288 ejus
2729 2237 2908 2276 annus
2933 2262 2949 2287 ,
2980 2223 3200 2292 quando
3250 2224 3396 2277 facta

1797 2317 1881 2362 est
1915 2307 2156 2377 synodus
2184 2306 2425 2364 Nicmna.
2446 2309 2576 2364 Post
2597 2313 2737 2366 hanc
2756 2311 2908 2366 misit
2937 2313 3238 2382 imperator
3279 2329 3395 2367 ma-

1798 2405 1936 2452 trem
1960 2415 2117 2454 suam
2154 2398 2438 2467 Helenam,
2461 2402 2744 2458 mulierem
2765 2405 2914 2458 omni
2944 2405 3162 2458 laudum
3188 2419 3390 2474 genere

1797 2491 2233 2557 ornatissimam,
2274 2507 2403 2546 cum
2439 2495 2656 2560 litteris,
2719 2511 3030 2566 magnaque
3054 2499 3300 2566 pecunia:
3344 2514 3393 2550 vi

1798 2582 1864 2635 ad
1894 2581 2196 2637 Macarium
2234 2583 2538 2640 IEliensem
2563 2588 2906 2656 episcopum,
2947 2597 3006 2643 ut
3038 2605 3143 2642 una
3171 2605 3292 2644 cum
3330 2606 3396 2644 eo

1797 2673 2077 2729 viviﬁcum
2108 2675 2312 2746 lignum
2355 2678 2747 2749 investigaret,
2781 2695 3052 2750 sacraque
3074 2681 3190 2736 loca
3221 2681 3398 2736 aedifi-

1799 2766 1900 2821 ciis
1949 2778 2270 2835 exornaret,
2303 2769 2357 2823 id
2407 2769 2583 2838 ipsum
2633 2780 2968 2841 exposcente
3019 2774 3393 2841 imperatrice,

1798 2869 2194 2928 asserenteque
2225 2861 2466 2916 divinam
2511 2862 2775 2918 visionem
2823 2863 2930 2918 sibi
2974 2864 3398 2936 oblatam,qu:e

1793 2950 2024 3021 jusserit
2055 2960 2117 3006 ut
2153 2951 2585 3023 Hierosolymam
2629 2970 2753 3009 sese
2797 2955 3101 3025 reciperet,
3157 2965 3209 3009 et
3236 2971 3395 3010 sacra

93 3053 212 3106 τῶν
245 3053 487 3124 ἀνόμων,
521 3055 616 3106 καὶ
639 3055 867 3122 ἀφανεῖς
897 3055 1244 3124 γενομένους,
1276 3055 1369 3106 ἐπὶ
1408 3053 1696 3118 τοσούτους

1807 3042 1919 3097 loca
1943 3041 2012 3095 ab
2041 3042 2306 3111 improbis
2335 3043 2554 3107 obruta,
2588 3052 2642 3097 et
2669 3051 2821 3097 tanto
2851 3053 3094 3113 tempore
3122 3059 3188 3098 ex
3223 3045 3397 3099 homi-

93 3144 352 3215 χρόνους.
401 3143 606 3198 Μαθὼν
649 3145 706 3198 δέ
749 3148 776 3198 6
830 3146 1130 3207 ἐπίσκοπος
1193 3147 1538 3216 ἀφικομένην
1595 3147 1696 3215 τὴν

101 3234 380 3305 βασιλίδα,
416 3237 513 3288 σὺν
539 3237 638 3304 τῆς
670 3237 940 3306 ἐπαρχίας
969 3237 1290 3301 ἐπισκόποις
1313 3238 1597 3307 ἀπήντησε
1630 3239 1694 3306 τῇ

100 3327 345 3399 βασιλίδι
389 3328 524 3399 (59).
560 3328 776 3392 Εὐθέως
834 3329 890 3382 δέ
936 3329 1380 3402 παρεκελεύσατο
1403 3333 1517 3393 τοῖς
1573 3332 1696 3382 ἐπι-

98 3419 332 3480 σκόποις
363 3419 460 3488 τὴν
491 3419 717 3489 ζήτησιν
747 3417 842 3471 τοῦ
883 3419 1221 3488 ποθουμένου
1272 3421 1428 3486 ξύλου
1462 3421 1697 3491 ποιήσα-

99 3511 260 3566 σθαι.
304 3512 678 3581 Ἀπορούντων
711 3511 769 3564 δὲ
820 3512 1040 3565 πάντων
1077 3515 1206 3583 περὶ
1249 3514 1342 3564 τοῦ
1382 3513 1572 3576 τόπου,
1605 3515 1697 3565 καὶ

94 3603 281 3658 ἄλλων
308 3603 483 3666 ἄλλως
533 3603 592 3669 ἐξ
626 3603 863 3672 ὑποψίας
885 3605 1276 3673 διηγουμένων,
1306 3605 1334 3655 6
1364 3606 1462 3673 τῆς
1489 3605 1698 3668 πόλεως

95 3695 404 3758 ἐπίσκοπος
464 3695 671 3758 πάντας
723 3695 1026 3766 παρεκάλει
1083 3697 1314 3767 ἡσυχίαν
1373 3698 1549 3765 ἄγειν,
1603 3700 1697 3750 καὶ

96 3785 531 3854 σπουδαιότερον
587 3785 754 3855 εὐχὴν
801 3784 945 3856 ὑπὲρ
989 3785 1181 3838 τούτου
1231 3786 1310 3856 τῷ
1359 3786 1477 3856 Θεῴ
1525 3805 1698 3856 προσ-

95 3877 318 3944 φέρειν.

173 3969 386 4021 Τούτου
447 3969 502 4022 δὲ
545 3969 840 4043 γενομένου
891 3970 1095 4033 εὐθέως
1159 3969 1372 4040 ἐδείχθη
1431 3969 1613 4022 θεόθεν
1671 3973 1698 4024 ὀ

91 4061 269 4124 τόπος
307 4059 383 4130 τῷ
414 4061 720 4133 ἐπισκόπῳ,
747 4065 805 4116 ἐν
825 4055 868 4130 ᾧ
893 4063 1075 4133 ἵδρυτο
1105 4063 1206 4132 τῆς
1241 4061 1556 4134 ἀκαθάρτου
1583 4061 1698 4116 δαί-

96 4168 272 4222 μονος
293 4153 321 4204 6
343 4151 468 4215 ναὸς
499 4153 593 4207 καὶ
619 4154 680 4205 τὸ
701 4153 946 4224 ἄγαλμα.
973 4154 1108 4207 Τότε
1138 4155 1170 4224 ἡ
1197 4155 1486 4222 βασίλισσα
1509 4157 1574 4225 τῇ
1600 4154 1699 4224 βα-

94 4241 291 4311 σιλικῇ
323 4241 582 4311 αύθεντίᾳ
609 4242 892 4312 χρωμένη,
921 4241 1306 4311 συναγαγοῦσα
1334 4242 1538 4314 πλῆθος
1569 4245 1699 4296 πολ-

91 4334 214 4386 λῶν
252 4333 515 4403 τεχνιτῶν
565 4335 660 4388 καὶ
719 4334 970 4406 ἐργατῶν
1031 4335 1318 4388 ἐκέλευσεν
1365 4339 1428 4390 ἐκ
1482 4336 1699 4407 βάθρων

1804 3138 1933 3188 num
1966 3134 2280 3202 cognitione
2314 3145 2503 3204 erepta
2540 3135 2592 3189 in
2629 3136 2806 3192 lucem
2852 3137 3135 3192 educeret.
3168 3137 3396 3208 Episco-

1801 3239 1904 3294 pus
1938 3235 2122 3279 autem
2154 3225 2244 3278 ubi
2291 3225 2558 3280 intellexit
2617 3227 3024 3297 imperatriccm
3047 3230 3161 3300 jam
3192 3232 3397 3286 adven-

1804 3324 1943 3380 tare,
1982 3330 2109 3368 cum
2134 3316 2694 3384 comprovincialibus
2723 3321 2998 3390 episc0pis
3025 3321 3240 3376 obviam
3269 3340 3396 3394 pro~

1802 3409 1987 3462 cessit.
2027 3405 2225 3462 Statim
2257 3423 2388 3462 vero
2416 3411 2498 3465 eis
2530 3410 2788 3478 injunxit,
2827 3420 2884 3466 ut
2905 3413 2972 3466 ad
3003 3413 3394 3470 inveniendum

1803 3504 2184 3559 desideratum
2238 3505 2419 3560 crucis
2451 3505 2656 3588 lignum
2707 3521 2766 3561 se
2805 3516 2947 3562 totos
2978 3509 3192 3564 darent.
3229 3510 3393 3564 Dubi-

1803 3599 2044 3653 tantibus
2072 3612 2202 3653 vero
2233 3598 2486 3652 omnibus
2522 3613 2688 3668 super
2717 3600 2848 3666 hoc,
2879 3601 3114 3670 aliisque
3154 3604 3298 3656 aliud
3328 3619 3394 3657 ex

1802 3690 2120 3759 suspicione
2197 3693 2783 3756 connnemorantibus,
2855 3692 3126 3748 Macarius
3203 3710 3397 3750 ontnes

1802 3782 1990 3851 quieto
2021 3797 2146 3838 esse
2185 3783 2368 3837 animo
2391 3782 2577 3852 jussit,
2613 3793 2668 3838 et
2697 3783 3093 3840 intentissimas
3124 3785 3232 3840 Deo
3265 3800 3390 3853 pre-

1803 3889 1894 3927 ccs
1927 3874 2145 3930 offerre.

1873 3965 1993 4031 Quo
2022 3967 2190 4030 facto,
2227 3965 2512 4020 confestim
2545 3966 2810 4021 divinitus
2847 3967 3004 4022 locus
3033 3967 3123 4021 ille
3144 3969 3397 4037 episcopo

1805 4058 2084 4114 revelatus
2122 4071 2228 4123 est,
2260 4059 2312 4112 in
2339 4074 2449 4128 quo
2485 4059 2664 4113 locata
2693 4068 2814 4113 erat
2850 4059 3240 4128 impurissimaa
3285 4062 3398 4114 dea:

1802 4151 2027 4221 eﬂigies.
2048 4150 2202 4206 Tunc
2231 4152 2572 4220 imperatrix,
2595 4151 2945 4219 imperatoria
2966 4160 3122 4206 utens
3157 4152 3397 4206 auctori-

1805 4252 1939 4310 tate,
1977 4259 2174 4314 magno
2230 4259 2459 4298 numero
2504 4244 2760 4318 upilicum
2809 4251 2863 4297 et
2912 4243 3288 4312 Operariorum
3327 4257 3394 4298 ex

1804 4335 2174 4390 fundamentis
2202 4335 2465 4390 daemonis
2505 4335 2665 4390 istius
2710 4334 2971 4405 templum
3001 4335 3244 4390 subverti
3271 4333 3394 4402 jus-

90 4427 491 4496 ἀνατραπῆναι
515 4427 606 4480 τὸν
638 4427 739 4498 τῆς
755 4427 1008 4498 δαίμονος
1049 4427 1176 4480 ναὸν
1202 4428 1339 4499 (60).
1374 4429 1466 4480 καὶ
1503 4428 1695 4482 τούτου

1807 4428 1873 4482 sit
1903 4445 1915 4481 :
1944 4427 2089 4496 quod
2123 4427 2284 4482 simul
2311 4437 2475 4496 atque
2493 4426 2744 4482 eil‘ectum
2773 4438 2877 4495 est,
2913 4429 3162 4497 apparuit
3186 4429 3282 4484 Dei
3308 4444 3395 4484 se—

91 4520 404 4590 γενομένου
435 4523 679 4592 ἀνεφάνη
711 4522 770 4575 τὸ
799 4521 943 4576 θεῖον
974 4523 1188 4592 μνῆμα,
1230 4523 1325 4576 καὶ
1347 4523 1374 4575 6
1401 4523 1565 4587 τόπος
1599 4523 1692 4577 τοῦ

90 4609 374 4680 Κρανίου,
393 4613 488 4666 καὶ
515 4612 590 4684 μὴ
611 4613 850 4684 μήκοθεν
880 4617 1031 4686 τρεῖς
1063 4614 1290 4683 σταυροὶ
1319 4616 1685 4685 κεχωσμένου

88 4701 386 4771 ἐπιμελῶς
433 4703 490 4756 δὲ
546 4705 943 4776 ἐρευνήσαντες
1000 4700 1159 4774 εὗρον
1205 4706 1302 4758 καὶ
1334 4703 1460 4767 τοὺς
1507 4703 1686 4775 ἥλους.

105 4795 366 4849 Ἐκεῖθεν
399 4793 585 4847 λοιπὸν
614 4796 896 4866 ἀμηχανία
923 4797 1018 4848 καὶ⁹
1066 4796 1246 4866 θλίψις
1291 4796 1560 4850 κατέλαϐε
1595 4797 1694 4866 τὴν

89 4887 382 4961 βασιλίδα,
410 4889 782 4958 ἐπιζητοῦσαν
838 4892 989 4953 ποῖος
1048 4890 1155 4960 ἄρα
1193 4885 1260 4961 ἦν
1299 4890 1327 4941 6
1366 4887 1695 4950 Δεσποτικδς

94 4981 368 5050 σταυρός.
412 4979 472 5036 Ὀ
500 4981 557 5033 δὲ
603 4982 903 5045 ἐπίσκοπος
941 4982 1032 5035 διά
1065 4982 1300 5046 πίστεως
1330 4982 1428 5052 τὴν
1459 4983 1696 5052 ἀμφιϐο-

87 5073 226 5128 λίαν
261 5073 441 5130 ἔλυσε.
464 5075 690 5128 Γυναικὶ
723 5075 832 5146 γὰρ
858 5075 1216 5146 ἀρῤωστούσῃ
1245 5075 1353 5127 τῶν
1392 5075 1696 5142 ἐπιφανῶν,

87 5164 203 5219 καὶ
265 5165 671 5236 ἀπεγνωσμένῃ
722 5167 826 5218 ὑπὸ
877 5166 1118 5228 πάντων,
1165 5169 1260 5218 καὶ
1310 5166 1376 5218 τὰ
1411 5165 1700 5217 τελευταῖα

83 5253 350 5327 πνεούσῃ
379 5254 748 5327 προσαγαγὼν
774 5256 1006 5310 ἕκαστον
1036 5255 1144 5308 τῶν
1177 5255 1444 5326 σταυρῶν,
1483 5257 1574 5309 τὸν
1609 5255 1704 5326 ζη-

1804 4519 2054 4590 pulcrum
2101 4529 2154 4574 et
2209 4519 2362 4573 locus
2393 4518 2677 4584 Calvarite,
2697 4529 2752 4573 et
2776 4534 2881 4574 non
2916 4521 3108 4586 procul
3137 4521 3260 4575 inde
3285 4531 3398 4574 tres

1804 4626 2000 4667 cruces
2027 4609 2296 4676 defossas;
2334 4609 2656 4680 diligentius
2673 4611 2840 4665 etiam
2870 4612 3284 4682 investigantes,
3316 4613 3400 4666 in-

1806 4711 2079 4758 venerunt
2116 4711 2173 4756 et
2199 4704 2409 4756 clavos.
2442 4700 2543 4756 llic
2564 4716 2694 4756 vero
2714 4702 2820 4756 alia
2839 4703 3249 4772 imperatricem
3267 4718 3398 4757 cura

1807 4795 2030 4862 invasit,
2087 4795 2458 4864 inquirentem
2523 4810 2771 4864 quaenam
2810 4795 2879 4850 de
2911 4795 3087 4850 tribus
3119 4809 3246 4848 vere
3287 4793 3398 4847 Do-

1806 4887 2009 4942 minica
2036 4901 2168 4942 crux
2189 4896 2366 4942 esset:
2388 4902 2551 4958 quam
2578 4887 2972 4942 dubitationem
2998 4887 3284 4955 episcopus
3303 4901 3400 4956 per

1807 4979 1967 5034 fidem
2000 4977 2273 5033 dissolvit.
2297 4978 2432 5033 Cum
2463 4978 2714 5046 qumdam
2743 4980 2931 5047 primae
2952 4977 3254 5032 nobilitatis
3283 4993 3399 5029 ma-

1812 5081 1992 5137 trona,
2026 5070 2348 5139 cunctisque
2379 5081 2526 5132 nota,
2553 5071 2792 5139 graviter
2813 5085 2877 5123 ac
2901 5070 3202 5139 periculose
3221 5084 3396 5135 tegm-

1813 5172 1972 5226 taret,
2014 5162 2193 5231 Letiam
2241 5159 2355 5216 fere
2420 5161 2673 5230 spiritum
2743 5160 3056 5226 exhalaret,
3115 5157 3395 5230 productis

1815 5253 2026 5308 duabus
2072 5253 2346 5321 crucibus,
2384 5266 2528 5318 eam,
2577 5267 2699 5320 qua:
2726 5251 3100 5334 quaerebatur,
3139 5249 3342 5303 invcnit
3377 5263 3394 5303 :

1635 5411 1875 5469 ΝΟΤᾹῘ.

177 5502 299 5576 (57)
327 5501 462 5559 Sch.
493 5504 636 5574 Πρὸς
686 5504 779 5557 τὸν
827 5502 1151 5576 φερώνυμον
1194 5506 1287 5559 τὸν
1335 5507 1433 5576 τῆς
1493 5506 1700 5570 πόλεως

87 5575 434 5628 ἐπίσκοπον.

174 5643 298 5712 (58)
331 5647 463 5715 (ξοιι.
488 5643 618 5700 Sch.
669 5646 815 5699 addit
836 5689 848 5709 ,
879 5643 998 5715 τοῦ,
1023 5644 1237 5710 ἐνδόξου
1295 5646 1552 5715 σταυροῦ.

181 5715 300 5786 (59)
357 5714 499 5770 Idem
537 5718 657 5771 cod.
725 5714 1054 5784 Συναγαγὼν
1103 5718 1224 5780 τοὺς
1259 5718 1355 5787 τῆς
1420 5714 1690 5789 ἐπαρχίας

1808 5507 2161 5571 ἐπισκόπους,
2218 5508 2356 5578 μετὰ
2406 5509 2503 5578 τῆς
2557 5504 2780 5576 δεούσης
2837 5503 3008 5575 τιμῆς
3074 5505 3396 5575 ἀπήντησαν

1809 5580 1970 5631 αὐτῆ.

1809 5597 1970 5630 αυτη.

1881 5595 1994 5714 (illi)
2031 5649 2174 5701 Idem
2209 5651 2330 5700 ('(Hl.
2381 5649 2454 5720 Τὸ
2488 5649 2730 5720 μυσαρὸν
2763 5645 3127 5716 οίκοδόμημα,
3158 5643 3248 5697 τὸν
3269 5642 3399 5714 χοῦν

1803 5719 1993 5790 πόρρω
2024 5737 2123 5772 που
2155 5719 2582 5789 ἀπορριφθῆναῑ.
