3946 6318
523 258 661 327 ιο63

1758 254 1799 311 Α
1813 250 2056 313 [ΕΧᾹΝ
2068 249 2199 313 DRI
2230 250 2577 312 ΜΟΝΑΓΗῙ

3658 252 3809 318 405i

520 373 677 428 simul
739 379 906 440 alque
958 368 1104 426 enim
1160 368 1277 423 sola
1334 367 1626 422 Dominica‘.
1674 368 1854 422 crucis
1905 365 2096 421 umbra

2232 363 2453 435 οὕμενον
2513 359 2666 434 εὗρεν
2723 365 2913 436 μόνον’
2946 365 3023 429 ὡς
3080 368 3282 438 ἦγγισε
3324 370 3441 438 γὰρ
3474 371 3509 438 ἡ
3557 374 3684 422 σκιά
3709 372 3813 422 τοῦ-

519 467 780 527 :egrotam
841 456 1041 526 attigit,
1080 456 1334 526 protinus
1365 455 1544 510 divina
1575 456 1777 510 virtute
1814 455 2095 521 exsiliens,

2200 457 2469 526 σωτηρίου
2518 459 2584 527 τῇ
2629 455 2887 529 θανούσῃ,
2921 459 2956 529 ἡ
3001 458 3206 523 ἄπνους
3248 460 3345 513 καὶ
3377 459 3650 531 ἀκίνητος
3683 460 3805 530 θείᾳ

523 561 712 615 magna
771 545 939 599 Deum
995 559 1131 600 voce
1178 542 1522 612 gloriﬁcavit.
1580 541 1903 613 lmperatris
1969 558 2099 598 veno

2229 546 2422 617 υνάμει
2498 549 2840 620 παραχρῆμα
2883 550 3219 621 ἀνεπήδησε,
3253 553 3480 625 μεγάλῃ
3538 556 3608 623 τῇ
3648 556 3809 625 φωνῇ

523 637 765 691 maximo
816 652 939 691 cum
974 636 1175 706 gaudio
1210 636 1417 705 pariter
1446 650 1509 691 ac
1538 635 1841 690 reverentia
1877 648 2098 690 crucem

2228 637 2497 705 οξάζουσα
2549 642 2641 695 τὸν
2693 641 2849 696 Θεόν.
2887 641 2954 696 Ἦ
2989 644 3047 696 δὲ
3092 643 3388 714 βασίλισσα
3447 644 3598 715 μετὰ
3635 648 3807 715 χαρᾶς

521 729 850 798 suscipiens,
893 739 1103 797 partem
1145 728 1264 796 ejus
1296 743 1419 783 cum
1443 728 1611 783 clavis
1643 728 1710 784 ad
1743 727 1909 782 illium
1946 735 2099 781 retu-

522 821 604 886 lit,
630 821 896 886 reliquam
932 836 1085 888 vero,
1115 820 1362 876 confecta
1399 821 1553 875 theca
1586 835 1776 885 aurea,
1808 819 1929 890 eius
1967 819 2102 874 civi-

525 914 653 968 tatis
681 912 938 981 episcopo
978 912 1202 967 tradidit
1222 951 1236 975 ,
1267 914 1317 966 in
1357 924 1671 982 perpetuam
1696 913 1936 966 omnium
1963 927 2100 982 gen-

525 1006 657 1060 tium
689 1009 1030 1059 memoriam.
1048 1007 1179 1074 Qua:
1215 1015 1503 1075 postquam
1528 1006 1877 1075 praecepisset
1902 1005 1957 1058 in
1983 1005 2102 1059 loco

524 1095 726 1149 vivilici
760 1096 995 1163 sepulcri
1034 1096 1294 1163 templum
1329 1096 1610 1170 aediﬁcari,
1643 1106 1690 1147 et
1725 1095 1871 1149 aliud
1903 1095 2101 1149 simili-

527 1200 611 1243 ter
656 1190 710 1242 in
746 1203 903 1243 sacro
936 1201 1119 1243 monte
1161 1188 1451 1257 Golgotha,
1482 1198 1537 1242 et
1580 1190 1630 1242 iu
1669 1186 1963 1254 Bethleem,
2016 1188 2103 1242 ubi

525 1280 789 1336 Dominus
813 1283 1109 1337 secundum
1128 1297 1346 1336 carnem
1371 1290 1530 1335 natus
1557 1281 1752 1346 fuerat,
1773 1290 1826 1336 et
1849 1281 1901 1334 in
1923 1291 2107 1335 monte

526 1369 830 1437 Olivarum,
865 1374 954 1427 ubi
996 1374 1256 1427 Dominus
1298 1372 1587 1440 discipulis
1628 1371 1980 1436 benedicens,
2013 1387 2104 1425 as-

527 1476 779 1535 sumptus
818 1475 923 1533 est,
950 1467 1185 1536 aliisque
1230 1465 1507 1536 praeclaris
1541 1465 1592 1519 id
1616 1479 1786 1535 genus
1816 1464 2107 1528 conlectis,

526 1560 591 1613 ad
616 1557 785 1611 lilium
815 1559 999 1612 rediit.

599 1648 772 1714 Quam
807 1666 1002 1719 magna
1036 1665 1157 1704 cum
1190 1650 1464 1718 voluptate
1493 1648 1816 1715 suscipiens,
1846 1661 2110 1699 veneran-

2204 734 2449 807 μεγάλης
2479 733 2576 790 καὶ
2606 734 2773 804 φόϐου
2799 735 3099 807 ἀνελομένη
3119 736 3211 792 τὸν
3235 738 3514 801 ζωποών
3548 741 3808 808 σταυρὸν,

2206 825 2371 899 μέρος
2386 826 2569 896 μέντοι
2591 827 2689 882 σὺν
2700 829 2812 892 τοῖς
2831 829 2981 899 ἥλοις
3002 816 3297 898 ἀνεκόμισε
3325 832 3473 902 πρὸς
3495 831 3598 884 τὸν
3618 832 3810 895 παῖδα.

2202 916 2264 971 τδ
2315 918 2373 971 δὲ
2412 918 2635 985 λοιπὸν,
2696 918 3086 990 γλωσσόκομον
3131 922 3414 992 ἀργυροῦν
3475 924 3814 992 ποιήσασα,

2205 1008 2489 1079 παρέδωκε
2515 1008 2593 1079 τῷ
2623 1009 2911 1077 ἐπισκόπῳ
2948 1010 3049 1080 τῆς
3094 1012 3302 1075 πόλεως
3336 1014 3421 1075 εἰς
3454 1014 3817 1082 μνημόσυνον

2207 1099 2408 1161 πάσαις
2434 1100 2670 1169 γενεαῖς.
2709 1100 2822 1153 Καὶ
2852 1099 3158 1154 θεσπίσασα
3204 1102 3511 1171 ἐκκλησίαν
3550 1101 3820 1168 γενέσθαι

2207 1191 2264 1241 ἐν
2290 1189 2366 1257 τῷ
2398 1188 2648 1259 ζωοποιῷ
2684 1192 2929 1259 μνήματι
2983 1194 3081 1245 καὶ
3139 1194 3198 1244 ἐν
3241 1192 3321 1262 τῷ
3359 1192 3510 1262 ἁγίῳ
3542 1192 3821 1259 Γολγοθά⁷

2208 1282 2302 1333 καὶ
2347 1284 2404 1334 ὲν
2452 1283 2518 1351 τῇ
2556 1282 2822 1352 Βηθλεὲμ,
2850 1282 2979 1336 ἔνθα
3021 1284 3276 1354 ὁΚύριος
3315 1285 3418 1352 τὴν
3444 1285 3605 1337 κατὰ
3636 1286 3822 1353 σάρκα

2209 1372 2460 1439 γέννησιν
2483 1372 2701 1442 ἐτέχθη,
2730 1375 2826 1427 καὶ
2859 1375 2915 1426 ἐν
2947 1374 3025 1445 τῷ
3052 1375 3168 1444 ὄρει
3199 1375 3312 1427 τῶν
3341 1375 3611 1436 Ἐλαιῶν,
3635 1373 3776 1429 ἔνθα
3797 1380 3821 1427 ο

2212 1462 2413 1534 Κύριος
2440 1462 2741 1534 εὐλογήσας
2777 1463 2905 1526 τοὺς
2938 1465 3187 1535 μαθητὰς
3209 1466 3524 1536 ἀνελήφθη,
3544 1466 3654 1520 καὶ
3688 1466 3823 1520 am

2211 1557 2382 1613 πολλὰ
2407 1559 2546 1612 καλὰ
2586 1559 2885 1628 ποιήσασα,
2916 1561 3216 1632 ἀνέστρεψε
3239 1562 3373 1634 πρὸς
3399 1562 3499 1617 τὸν
3533 1564 3743 1618 παῖδα.

2295 1651 2357 1704 ὐ
2389 1651 2447 1703 δὲ
2490 1650 2628 1720 μετὰ
2663 1652 2837 1720 χαρᾶς
2890 1652 3061 1721 αὐτὴν
3100 1653 3545 1724 ὑποδεξάμενος,
3585 1655 3696 1723 τὴν
3726 1654 3821 1723 μὲν

530 1742 611 1797 ϐω
637 1744 817 1796 crucis
845 1755 1055 1808 partem
1079 1742 1132 1795 in
1159 1742 1356 1796 loculis
1387 1743 1572 1795 aureis
1596 1741 1860 1809 reposuit,
1882 1754 2110 1806 eamque

2228 1740 2312 1793 τοῦ
2338 1741 2522 1810 τιμίου
2561 1743 2795 1811 σταυροῦ
2825 1742 3021 1812 μερίδα
3042 1744 3100 1797 ἐν
3125 1748 3298 1815 χρυσῇ
3339 1744 3491 1816 θήκῃ
3532 1746 3819 1815 ἀποθέμε-

530 1830 787 1899 episcopo
817 1842 1078 1899 perpetuo
1100 1833 1512 1887 custodiendam
1537 1833 1706 1897 dedit,
1732 1832 1929 1886 annuis
1959 1830 2111 1885 feSIis

531 1923 898 1977 inventionem
952 1924 1129 1977 crucis
1156 1925 1541 1978 celebrandam
1575 1925 1958 1992 praescribens.
1987 1924 2113 1981 Cla-

529 2029 629 2069 vos
661 2023 842 2067 autem
868 2015 1065 2081 partim
1094 2016 1263 2084 galea:
1292 2032 1403 2070 suae
1438 2016 1617 2071 incudi
1653 2019 1958 2079 mandavit;
1987 2033 2112 2086 par-

532 2106 628 2160 tim
660 2105 783 2174 equi
821 2110 903 2159 sni
937 2105 1140 2175 lupatis
1169 2108 1487 2171 immiscuit,
1516 2119 1576 2162 ut
1614 2108 1932 2178 impleretur
1969 2112 2112 2176 quod

532 2214 562 2253 a
597 2197 831 2253 Domino
867 2214 965 2267 per
994 2201 1316 2268 prOphetam
1349 2202 1557 2255 dictum
1585 2201 1761 2257 fuerat
1796 2218 1809 2254 :
1863 2222 1883 2255 ι
1929 2202 1986 2257 ln
2026 2204 2112 2258 illa

534 2291 623 2346 die
650 2292 780 2359 erit,
813 2293 956 2361 quod
986 2308 1152 2363 Super
1175 2294 1385 2348 frenum
1420 2295 1547 2363 equi
1574 2304 1677 2359 est,
1719 2304 1967 2350 sanctum
2009 2297 2116 2349 Do-

532 2384 686 2440 mino
706 2388 1061 2452 omnipotenti
1099 2386 1163 2439 ".
1212 2406 1231 2439 ι
1268 2386 1573 2455 Imperator
1602 2389 1800 2443 deinde
1829 2392 1896 2443 ad
1937 2389 2116 2443 Maca-

535 2476 679 2531 rium
704 2478 1021 2545 episcopqu
1060 2479 1302 2547 scripsit,
1330 2489 1388 2533 ut
1433 2480 1849 2536 mdiﬁcationem
1892 2483 2120 2549 templo-

534 2582 656 2621 rum
712 2578 1034 2634 maturaret,
1086 2577 1142 2624 et
1196 2572 1564 2627 architectum
1634 2586 1702 2627 eo
1789 2574 1957 2638 misit,
1991 2591 2115 2628 cum

537 2673 736 2728 magno
778 2663 1021 2726 pecuniae
1078 2664 1353 2732 pondere;
1389 2667 1475 2723 cui
1526 2667 1690 2720 etiam
1746 2665 1799 2720 in
1847 2668 2120 2721 mandatis

537 2752 687 2806 dedit
739 2762 800 2806 ut
835 2754 1128 2823 diligenter
1167 2772 1320 2811 sacra
1363 2758 1478 2812 loca
1514 2759 1763 2815 aediﬁciis
1805 2771 2117 2826 exornaret,

538 2843 615 2898 ita
647 2850 707 2896 ut
737 2856 925 2896 eorum
973 2846 1389 2914 magniﬁcentiae
1419 2848 1553 2902 nihil
1589 2858 1703 2904 toto
1741 2851 1874 2905 orhe
1912 2866 2011 2919 par
2035 2852 2121 2904 in-

537 2936 712 2990 veniri
735 2946 940 3006 posset.
963 2936 1195 3005 Scripsit
1224 2940 1388 2992 etiam
1419 2941 1484 2993 ad
1522 2941 1807 3009 praefectos
1831 2942 1970 2995 illius
1995 2959 2121 3009 pro-

2212 1852 2298 1896 νος
2322 1836 2608 1904 παρέδωκε
2632 1834 2710 1903 τῷ
2745 1837 3028 1905 ἐπισκόπῳ
3057 1836 3168 1905 (61)
3204 1839 3285 1899 είς
3310 1839 3611 1911 τήρησινν
3639 1841 3819 1890 ἐνιαυ-

2215 1927 2416 1991 σιαίαις
2454 1929 2699 1997 μνήμαις
2731 1929 3010 1997 ἑορτάζειν
3033 1928 3130 1999 τὴν
3155 1928 3429 1993 ἀνάδειξιν
3452 1928 3557 1981 τοῦ
3576 1931 3823 2000 σταυροὶ

2215 2020 2546 2088 προστάξας.
2592 2020 2713 2071 Τῶν
2758 2019 2815 2071 δὲ
2864 2020 3007 2087 ἥλων
3050 2020 3177 2082 τοὺς
3218 2021 3318 2089 μὲν
3368 2022 3455 2085 είς
3498 2023 3615 2092 τὴν
3673 2023 3813 2076 ἰδίαν

2217 2110 2648 2179 περικεφαλαίαν
2677 2110 3071 2180 ἀνεχάλκευσε,
3108 2110 3234 2174 τοὺς
3258 2110 3316 2162 δὲ
3336 2112 3575 2180 ἀνέμιξε
3608 2109 3691 2179 τῷ
3731 2134 3815 2168 σει-

2215 2200 2441 2270 λιϐαρίῳ
2465 2199 2557 2254 τοῦ
2591 2202 2758 2254 ἵππου
2782 2202 2970 2263 αὑτοῦ,
2998 2201 3087 2255 ἵνα
3110 2202 3378 2273 πληρωθῇ
3399 2201 3467 2255 τὸ
3501 2203 3685 2272 ῥηθὲν
3714 2200 3813 2252 ὖώ

2217 2293 2310 2345 τοῦ
2349 2292 2555 2361 Κυρίου
2612 2292 2701 2345 διὰ
2752 2292 2846 2345 τοῦ
2910 2295 3187 2362 προφήτου
3233 2294 3515 2360 λέγοντος,
3560 2312 3584 2346 ε
3639 2290 3813 2355 Ἐντῇ

2219 2382 2402 2451 ἡμέρᾳ
2435 2381 2621 2451 ἐκείνῃ
2652 2380 2803 2433 ἔσται
2832 2381 2895 2433 τὺ
2945 2384 3035 2434 ἐπὶ
3075 2382 3295 2450 χαλινὸν
3326 2381 3424 2434 τοῦ
3452 2382 3637 2437 ἵππου
3667 2381 3815 2448 artos

2218 2472 2295 2541 τῷ
2326 2472 2511 2543 Κυρίῳ
2570 2472 2992 2543 παντοκράτορι.
3036 2492 3054 2524 ι
3108 2474 3165 2525 ’0
3197 2474 3253 2527 δὲ
3296 2473 3566 2543 βασιλεὺς
3610 2475 3812 2543 ἔγραψε

2218 2564 2297 2635 τῷ
2333 2564 2617 2634 ὲπισκόπῳ
2643 2564 2914 2633 Μακαρίῳ
2971 2565 3322 2617 ἐπισπεύδειν
3359 2565 3463 2635 τὴν
3495 2564 3814 2634 οἰκοδομὴν,

2221 2654 2313 2706 κα).
2342 2655 2579 2723 ἄρχοντα
2623 2652 2717 2704 τοῦ
2763 2652 2926 2725 ἔργου
2980 2654 3263 2706 ἀπέστειλε
3314 2655 3460 2723 μετὰ
3533 2654 3814 2723 ὢψιλεέας

2220 2744 2543 2814 χρημάτων,
2581 2742 2959 2814 παραγγείλας
2989 2743 3137 2812 αὐτῷ
3177 2745 3485 2815 φιλοτίμως
3527 2745 3813 2813 κτισθῆναι

2221 2838 2346 2899 τοὺς
2371 2837 2566 2903 ἁγίους
2586 2837 2809 2900 τόπους,
2843 2835 2916 2896 ὠς
2952 2835 3027 2907 μὴ
3084 2832 3223 2888 εἶναι
3258 2836 3543 2907 τοσαύτην
3564 2837 3818 2906 unum.

2225 2929 2282 2981 ὲν
2323 2928 2487 2999 ’πάσῃ
2540 2931 2605 2998 τῇ
2660 2931 2754 2998 γῇ.
2785 2928 3033 2999 Ἔγραψε
3072 2929 3129 2982 δὲ
3159 2929 3253 2982 καὶ
3297 2930 3413 2991 τοῖς
3455 2930 3704 2997 ἡγεμόσι
3727 2929 3812 2993 τῆς

538 3028 753 3094 vincim,
772 3036 829 3081 ut
857 3028 1071 3094 publico
1092 3044 1198 3082 :rre
1225 3039 1274 3082 et
1310 3032 1640 3097 sumptibus,
1662 3041 1715 3085 ct
1747 3034 1970 3086 materia
1992 3034 2117 3086 illud

2228 3017 2516 3088 ἐπαρχίας,
2552 3018 2818 3081 παντοίως
2849 3020 3232 3073 συνεπιλαϐεῖν
3281 3019 3377 3073 τοῦ
3406 3020 3584 3090 ἔργου
3619 3022 3688 3073 ἐκ
3718 3021 3813 3072 τῶν

539 3132 706 3202 Opus,
737 3127 998 3188 quantum
1051 3128 1293 3185 possent,
1348 3133 1748 3187 promoverent.
1797 3124 2117 3180 Celebrabat

2230 3110 2501 3179 δημοσίων
2526 3113 2864 3179 πραγμάτων
2904 3112 2960 3164 ἐν
2985 3130 3045 3165 τε
3076 3115 3322 3182 χρήμασι
3356 3114 3459 3167 καὶ
3495 3112 3810 3183 ἀναλώμασι

539 3214 721 3261 autem
769 3218 897 3263 tunc
930 3209 1228 3278 imperator
1260 3210 1538 3278 splendide
1568 3212 1780 3282 imperii
1825 3215 1907 3268 sui
1944 3215 2117 3270 vicen-

540 3297 707 3360 nalia,
764 3300 969 3368 gratias
1018 3314 1187 3366 agens
1236 3299 1347 3353 Deo
1391 3315 1491 3368 pro
1541 3304 1795 3357 omnibus
1842 3306 2119 3362 beneﬂciis

544 3401 791 3459 tempore
822 3391 1035 3461 imperii
1069 3392 1121 3445 in
1149 3408 1207 3446 se
1230 3393 1462 3449 collatis.
1496 3395 1835 3466 Colliguntur
1870 3409 2051 3454 autem
2090 3417 2119 3455 a

547 3482 752 3538 Christi
779 3484 830 3535 in
861 3497 1026 3539 carne
1057 3486 1368 3552 praesentia,
1415 3501 1585 3556 usque
1615 3488 1680 3541 ad
1702 3497 1912 3559 tempus
1934 3491 2121 3546 inven-

552 3573 718 3628 tionis
746 3575 924 3628 crucis
940 3576 1289 3641 veneranda,
1315 3577 1439 3631 anni
1471 3579 1697 3633 trecenti
1729 3582 2120 3653 quinquaginta

543 3670 685 3723 duo:
712 3667 780 3722 ab
815 3665 989 3720 Adam
1020 3682 1150 3722 vero
1181 3683 1359 3736 usque
1392 3669 1458 3723 ad
1482 3679 1714 3739 tempus.
1740 3685 1846 3737 quo
1872 3671 2123 3729 Christus

543 3758 598 3813 in
628 3774 792 3813 carne
824 3760 1096 3828 apparuit,
1152 3760 1278 3812 anui
1327 3759 1619 3829 quinquies
1670 3758 1818 3814 mille
1857 3762 2122 3831 quadrin-

544 3851 690 3918 genti
730 3859 784 3905 et
807 3851 1154 3920 septuaginta
1188 3851 1448 3920 quinque.

615 3941 670 3993 In
707 3946 841 3995 urbe
875 3950 1054 3995 autem
1106 3939 1246 3995 jElia
1289 3943 1551 3997 successit
1588 3943 1827 3999 Macario
1870 3946 2125 4016 episcopo

548 4030 881 4085 Maximinus
929 4032 1015 4084 vir
1054 4031 1460 4100 placidissimus
1503 4043 1557 4086 et
1588 4035 1914 4090 venerabilis
1957 4036 2126 4104 inpri-

549 4123 673 4187 mis,
710 4132 895 4191 utpote
931 4124 1104 4192 quiin
1156 4125 1532 4192 persecutione
1574 4126 1805 4194 plurima
1857 4137 2125 4181 tormenta

549 4215 887 4282 pertulerat;
917 4217 1043 4270 huic
1072 4215 1264 4271 oculus
1286 4217 1426 4270 alter
1454 4217 1689 4270 extritus
1708 4218 1903 4271 fuerat.
1928 4218 2124 4272 Eodem

550 4314 795 4372 tempore
842 4315 897 4357 et
943 4306 1099 4358 beata
1148 4303 1354 4358 Helena
1400 4305 1662 4367 moritur,
1713 4306 1889 4359 aetatis
1926 4323 2126 4361 animm

2226 3204 2321 3255 καὶ
2355 3201 2529 3265 ὕλαις.
2555 3199 2666 3255 Ἦν
2694 3204 2749 3256 δὲ
2771 3205 2894 3258 τότε
2922 3206 2949 3257 6
2987 3206 3240 3277 βασιλεὺς
3269 3206 3521 3276 φαιδρῶς
3547 3206 3707 3274 ἄγων
3725 3206 3812 3275 τῆς

2226 3294 2662 3364 εἰκοσαετηρίδος
2685 3297 2782 3364 τὴν
2813 3297 3026 3366 ἑορτὴν,
3061 3297 3403 3366 εὐχαριστῶν
3418 3297 3504 3367 τῷ
3538 3298 3668 3367 Θεῷ
3685 3296 3812 3368 ὑπὲρ

2228 3388 2446 3439 πάντων
2471 3386 2579 3439 τῶν
2612 3387 2868 3454 ἀγαθῶν,
2912 3381 2986 3441 ὧν
3021 3388 3277 3457 ἐποίησεν
3324 3387 3382 3441 ἐν
3434 3392 3557 3452 τοῖς
3608 3389 3815 3459 χρόνοις

2227 3478 2328 3545 τῆς
2385 3476 2663 3546 βασιλείας
2705 3478 2890 3532 αὐτοῦ.
2952 3479 3286 3547 Συνάγονται
3328 3479 3387 3534 δὲ
3429 3478 3533 3549 ἐτη
3574 3480 3692 3534 ἀπὸ
3730 3480 3813 3548 μὲν

2229 3568 2465 3639 Χριστοῦ
2489 3571 2788 3640 παρουσίας
2812 3571 2912 3633 ἓως
2935 3571 3033 3640 τῆς
3054 3572 3321 3642 εὑρέσεως
3338 3572 3435 3624 τοῦ
3464 3572 3717 3641 σταυροῦ
3734 3572 3815 3637 ἐτη

2229 3659 2515 3729 τριακόσια
2542 3662 2883 3729 πεντήκοντα
2935 3662 3049 3726 δύο,
3096 3663 3204 3715 ἀπὸ
3250 3661 3307 3715 δὲ
3353 3661 3535 3732 Ἀδὰμ
3590 3662 3703 3727 ἕως
3734 3659 3815 3715 τοῦ

2231 3748 2470 3817 Χριστοῦ
2501 3748 2804 3819 παρουσίας
2834 3748 2932 3820 ἔτη
2965 3749 3381 3821 πεντακισχίλια
3426 3752 3531 3803 καὶ
3563 3748 3818 3822 τετρακό-

2233 3857 2324 3893 σια
2353 3839 2553 3907 ἑϐδομή
2563 3856 2724 3892 κοντα
2752 3839 2939 3897 πέντε.
3370 3891 3375 3895 ,

2317 3932 2404 3983 Ἐν
2437 3931 2490 3984 δὲ
2517 3930 2675 3999 Αίλίᾳ
2726 3930 2819 3983 τὸν
2874 3932 3161 4001 Μακάριον
3212 3932 3520 3986 ἐπίσκοπον
3550 3933 3815 3998 διεδέξατο

2230 4023 2565 4094 Μαξιμωνᾶς
2606 4037 2620 4051 ·
2654 4016 2810 4086 οὗτος
2856 4024 2913 4077 δὲ
2979 4026 3154 4096 πρᾶος
3183 4025 3322 4096 ἀνὴρ
3367 4026 3468 4078 καὶ
3495 4027 3775 4099 ἐπίσημος
3799 4040 3813 4055 ’

2232 4115 2288 4168 ἐν
2320 4114 2427 4186 γὰρ
2478 4113 2557 4183 τῷ
2590 4113 2814 4184 διωγμῷ
2849 4114 3073 4179 πολλοὺς
3100 4115 3365 4187 βασάνους
3401 4117 3707 4186 ὑπέμεινε,
3735 4116 3813 4171 καὶ

2233 4204 2325 4258 τὸν
2352 4202 2523 4269 δεξιὸν
2552 4204 2828 4273 ὀφθαλμὸν
2858 4206 3113 4269 ἐκκοπεὶς
3142 4206 3409 4276 ἀπελύθη.
3446 4208 3563 4263 Καὶ
3601 4209 3668 4261 ἐν
3713 4206 3796 4261 τού

2233 4313 2346 4358 τοις
2377 4295 2602 4365 τελευτᾷ
2654 4297 2688 4366 ἡ
2749 4298 2994 4367 μακαρία
3036 4297 3220 4368 Ἑλένη
3258 4297 3397 4349 ἐτῶν
3428 4297 3569 4352 οὖσα
3620 4298 3813 4369 π’(ϐὶ).

549 4404 723 4462 agens
769 4394 1188 4461 octogesimum,
1235 4392 1403 4445 multa
1462 4391 1570 4446 lllio
1602 4406 1698 4445 suo
1731 4394 1794 4445 de
1823 4390 2117 4447 Christiana

2240 4388 2413 4442 πολλὰ
2450 4389 2804 4460 ἐντειλαμένη
2859 4390 2938 4461 τῷ
2981 4390 3130 4443 παιδὶ
3182 4393 3311 4461 περὶ.
3338 4391 3440 4459 τῆς
3484 4391 3569 4453 εις
3596 4389 3815 4460 Χριστὸν

549 4484 757 4552 pietate
787 4483 1133 4550 praecipiens.
1165 4480 1468 4551 Imperator
1506 4490 1685 4536 autem
1717 4492 2002 4550 postquam
2038 4498 2131 4536 co-

550 4570 831 4639 gnovisset
869 4572 1170 4625 absolutam
1217 4586 1337 4626 esse
1368 4579 1696 4625 structuram
1740 4572 1948 4639 templi,
1987 4573 2129 4641 quod

552 4663 771 4729 dicitur,
803 4662 951 4716 Nova
983 4662 1309 4728 Jerusalem,
1342 4664 1623 4717 mandavit
1658 4663 1937 4733 episc0po,
1976 4669 2033 4716 nt
2064 4678 2129 4718 eo

552 4768 611 4807 se
639 4753 940 4817 conferret,
963 4765 1127 4823 utque
1154 4752 1424 4825 synodum
1457 4753 1816 4821 complurium
1847 4753 2130 4824 episc0po-

557 4861 675 4899 rnm
709 4846 973 4902 indiceret
1007 4848 1074 4902 ad
1114 4861 1268 4903 sacra
1310 4847 1429 4902 loca
1472 4846 1796 4901 dedicanda.
1831 4844 2127 4914 Episcopus

552 4944 733 4989 autem
772 4934 875 4991 iste
907 4936 1009 4992 fuit
1052 4936 1320 4993 Eusebius
1351 4934 1812 5000 Nicomediensis,
1846 4934 1938 5005 qui
1970 4935 2129 4990 Aria-

624 5102 669 5133 "
699 5100 865 5159 Zach.
900 5119 1009 5170 xlv,
1035 5104 1127 5161 20.

2237 4480 2542 4543 εὐσεὸείας.
2576 4476 2783 4534 Μαθὼν
2824 4480 2881 4534 δὲ
2932 4481 2961 4532 6
2992 4480 3247 4551 βασιλεὺς
3289 4481 3372 4533 ὅτι
3402 4480 3561 4544 τέλος
3608 4479 3812 4551 Eri-xcvi;

2234 4573 2489 4643 οἰκοδομὴ
2547 4573 2648 4642 τῆς
2710 4571 2835 4636 νέας
2875 4572 3252 4644 Ἰερουσαλὴμ,
3296 4571 3559 4625 ἐκέλευσε
3589 4571 3676 4642 τῷ
3719 4575 3816 4625 ἐπι·

2239 4665 2429 4734 σκόπῳ
2461 4664 2573 4733 (65)
2615 4662 2943 4717 καταλαϐεῖν
2973 4664 3143 4732 αὐτὴν
3180 4664 3275 4716 κα)⁵
3303 4663 3693 4733 συγκροτῖβαι
3721 4660 3815 4715 σύν·

2237 4755 2356 4809 οδον
2388 4754 2650 4809 πλειόνων
2679 4756 2993 4809 ἐπισκόπων
3038 4755 3133 4807 καὶ
3176 4754 3529 4823 ἐγκαινιάσαι
3559 4752 3681 4824 (64)
3714 4753 3815 4812 τοὺς

2232 4844 2422 4914 ἁγίους
2442 4846 2660 4908 τόπους.
2688 4838 2855 4908 Οὗτος
2894 4844 2951 4898 δὲ
2978 4838 3046 4914 ἦν
3068 4843 3329 4904 Εὐσέϐιος
3369 4845 3400 4898 6
3427 4842 3814 4914 Νικομηδειας.

2241 4937 2271 4990 6
2299 4936 2409 4993 τῶν
2439 4934 2739 5008 Ἀρειανῶν
2775 4935 3062 5008 δογμάτων
3091 4935 3450 5007 ἀντεχόμενος
3497 4934 3640 5007 (65).
3670 4928 3815 4995 οὗτος

2053 5198 2291 5255 NOTAE.

626 5342 736 5412 (6i)
773 5343 1061 5412 Παρέδωκε
1084 5340 1159 5412 τῷ
1189 5341 1472 5411 ἐπισκόπῳ
1502 5340 2132 5412 Κωνσταντινουπόλεως

2241 5343 2376 5397 Κατ’
2400 5344 2607 5395 ἐκεῖνον
2627 5340 2718 5395 τὸν
2758 5337 2999 5409 καιρδνή
3029 5336 3278 5408 μακαρία
3315 5334 3509 5404 Ἑλένη
3548 5331 3698 5385 τέλει
3740 5333 3809 5388 τοῦ

554 5411 642 5476 εἰς
694 5411 925 5484 τήρησιν
981 5411 1315 5476 ἐνιαυσαίοις
1374 5413 1616 5482 μνήμαις
1684 5412 1739 5464 ἐο
1780 5411 1963 5476 τάξειν
2037 5411 2143 5478 τὴν
2244 5412 2362 5484 βίου
2390 5412 2689 5482 ἐχρήσατο.

555 5482 826 5546 ἀνάδειξιν
853 5482 947 5536 τοῦ
984 5481 1219 5546 σταυροῦ
1246 5481 1582 5546 προστάξαςο
1618 5428 1970 5546 Ἀλέξανδρος
1987 5480 2045 5535 δὶ
2063 5478 2132 5546 ἦν
2309 5483 2417 5546 (65)
2445 5482 2582 5536 Cod.
2601 5482 2689 5536 scit

555 5478 834 5547 ἀνάδειξιν
853 5482 947 5536 τοῦ
984 5481 1219 5553 σταυροῦ
1246 5478 1582 5552 προστάξαςο
1618 5478 1970 5604 Ἀλέξανδρος
1987 5480 2045 5535 δὶ
2063 5478 2132 5553 ἦν

557 5553 861 5604 τηνικαῦτα
942 5553 1318 5604 ἀποστολικοίε
1397 5551 1701 5604 ναοίσιιασι
1790 5551 1877 5604 δια
1913 5552 2132 5604 άιιπων.

557 5553 861 5619 τηνικαῦτα
942 5551 1318 5617 ἀποστολικοϊς
1397 5551 1701 5622 χαρίσμασι
1790 5551 2134 5622 διαλάμπων,

563 5624 917 5692 μητροτέινην
942 5622 1033 5674 τὸν
1060 5622 1205 5677 ὅσιον
1238 5622 1454 5688 ὁιαδεξά
1502 5638 1640 5683 ενος.

638 5694 750 5744 me)
780 5693 905 5744 Sch.
955 5692 1122 5744 addit.
1201 5692 1325 5744 Ἐπὶ
1353 5695 1419 5744 τῆ
1453 5640 1640 5744 ἔμολοη

638 5694 750 5762 (0‘2)
780 5691 905 5747 Sch.
955 5692 1122 5748 addit.
1201 5692 1325 5746 Ἐπὶ
1353 5695 1420 5764 τῇ
1453 5691 1715 5764 ὁμολογίᾳ
1749 5691 1848 5763 τῆς
1880 5693 2132 5757 πίστεως.

2309 5477 2582 5553 (estw.
2601 5482 2721 5553 sch.
2751 5477 2841 5549 Τῷ
2864 5477 3150 5553 ἐπισκόπῳ
3166 5477 3804 5536 Κωνσταντινουπόλιως.

2339 5552 2428 5618 64)
2454 5549 2639 5616 Forte,
2708 5548 3017 5618 ἐγκαινίσαι
3030 5585 3043 5601 .

2339 5554 2406 5607 64
2454 5554 2639 5616 Forte,
2708 5554 3043 5618 ἐγκαινίσαι.

2317 5554 2428 5694 (65)
2470 5621 2600 5676 Sch.
2631 5621 2689 5674 '0
2713 5621 2820 5674 τῶν
2841 5616 3201 5689 ’Δρειανικῶν
3259 5618 3558 5688 δογμάτων
3585 5616 3804 5689 γενναῖοί

2246 5695 2320 5749 ὢν
2347 5693 2646 5765 πρόμαχος.
