3896 6306
58 349 124 414 ιο
135 348 203 414 65

1040 292 1140 395 οε
1199 333 1678 397 INVENTIONE
1715 333 2022 395 SANCT/E
2063 334 2359 399 CBUCIS;

3202 330 3303 393 4οῐ
3309 332 3343 392 6

58 449 508 525 ἁναθεματισθεὶς
566 449 623 501 ἐν
673 449 740 518 τῇ
791 446 1044 501 Νικαέων
1092 445 1362 519 μετὰτῶν
1415 446 1640 517 συνθρό-

1764 461 1937 501 torum
1967 456 2131 502 sectae
2168 447 2493 503 adhaeserat.
2528 442 2629 499 Hic
2673 443 2724 498 in
2758 442 2933 497 Nicaea
2982 444 3185 514 synodo
3211 456 3345 497 con-

66 563 163 603 δων
192 543 305 616 (66)
330 538 498 596 αὑτοῦ
548 538 646 593 κα)⁸
692 537 1022 609 ἐξορισοεὶς,
1053 537 1192 609 μετά
1239 536 1433 608 χρόνον
1469 537 1524 590 δὲ
1558 537 1657 607 τὴν

78 633 486 709 φιλανθρωπίαν
534 628 630 684 τοῦ
700 628 965 701 βασιλέως
993 630 1070 693 εἰς
1132 628 1344 698 ἐφόδιον
1375 616 1654 690 λαῦόντες,

59 730 284 803 χαρτίον
317 726 594 798 βασιλικὸν
630 725 939 795 ἀνήνεγκαν
977 721 1054 788 τῷ
1078 721 1307 791 βασιλεῖ,
1331 720 1649 790 ὀμνύοντες,

59 826 249 892 ὅτιπερ
272 816 653 888 ὑπογράφουσι
684 818 750 887 τῇ
781 814 995 868 ἐκθέσει
1035 815 1129 885 τῆς
1156 813 1414 877 πίστεως,
1470 813 1564 866 καὶ
1598 814 1656 865 ἐν

62 915 226 967 πᾶσιν
287 908 645 964 ἀκολουθοῦσι
694 910 805 970 τοῖς
843 905 1018 975 ἁγίοις
1057 907 1362 977 Πατράσιν.
1403 904 1652 969 Πεισθεὶς

66 1008 119 1059 δὲ
142 1004 351 1066 τούτοις
404 1002 433 1054 ὁ
493 1000 745 1071 βασιλεὺς
805 997 1171 1052 ἀνεκαλέσατο
1213 999 1411 1061 αὐτοὺς
1450 1002 1517 1051 ἐκ
1546 996 1649 1066 τῆς

62 1095 296 1165 ἐξορίας,
344 1093 439 1145 καὶ
502 1091 670 1160 τιμῆς
714 1090 796 1143 ὅτι
846 1088 1081 1159 μάλιστα
1121 1088 1382 1157 πλείστης
1425 1088 1651 1156 ἠξίωσε.

63 1184 417 1255 Σχολάζοντος
454 1180 511 1234 δὲ
555 1179 649 1233 τοῦ
706 1178 1119 1233 Κωνσταντίνου
1171 1178 1378 1239 πόλεως
1436 1179 1650 1249 θρόνου,

62 1279 179 1339 ταῖς
199 1275 428 1336 οἰκείαις
461 1270 756 1343 μηχανίαις
798 1269 1082 1340 χρώμενος
1138 1270 1475 1340 τυραννικῶς
1521 1288 1653 1323 κατ-

62 1368 218 1437 έσχεν
247 1366 340 1419 τὸν
370 1366 471 1435 τῆς
509 1361 908 1433 βασιλευούσης
942 1361 1129 1432 θρόνον
1154 1362 1182 1414 ό
1214 1361 1492 1424 Εὐσέϐιος.
1512 1362 1655 1414 Ἐπι-

62 1459 354 1528 >αϐόμενος
384 1455 440 1509 δὲ
467 1456 565 1525 τῆς
621 1452 869 1525 μείζονος
926 1453 1179 1520 ἐξουσίας
1223 1454 1318 1507 καὶ
1357 1454 1482 1516 τοὺς
1520 1454 1653 1523 ὁμό-

62 1565 263 1620 φρονας
317 1547 485 1601 αὐτοῦ
549 1546 1001 1616 ἀποκατέστησεν
1065 1548 1145 1609 είς
1208 1546 1304 1609 τάς
1365 1546 1462 1615 τῆς
1529 1546 1653 1599 Ἐκ-

62 1639 285 1710 κλησίας
314 1636 643 1708 ὑπηρεσίας,
679 1636 918 1704 ἐξεώσας
951 1637 1081 1700 τοὺς
1114 1635 1280 1701 ἀξίως
1309 1637 1646 1710 διενεργοῦν-

61 1746 156 1792 τας
180 1728 350 1791 αὐτάς
384 1728 522 1798 (67).

1761 540 2055 594 demnatus
2085 553 2208 594 cum
2263 538 2630 594 sectatoribus
2666 538 2799 600 suis,
2828 534 2991 604 atque
3018 538 3069 587 in
3093 536 3339 589 exsilium

1760 640 1916 685 actus
1947 640 2061 695 est,
2089 638 2276 699 postea
2309 638 2489 685 tamen
2513 630 2586 684 illi
2622 630 3014 683 humanitatem
3051 629 3344 696 imperatu-

1763 723 1838 776 ris
1870 724 1937 777 ad
1969 723 2200 777 reditum
2227 724 2623 794 impetrandum
2648 722 3041 790 periclitantes,
3061 721 3344 788 epistolam

1759 816 2075 872 obtulerunt
2097 816 2198 871 hac
2220 818 2494 871 sententia
2534 832 2548 868 :
2580 814 2836 868 Juramus
2871 831 2968 867 nos
3001 814 3347 869 subscribere

1760 918 1927 979 atque
1965 906 2244 978 suscipere
2284 907 2407 962 ﬁdei
2444 908 2863 976 expositionem,
2890 918 3053 975 atque
3087 905 3139 959 in
3167 906 3347 960 omni-

1760 1002 1866 1056 bus
1893 1010 2115 1055 sanctos
2144 1000 2337 1056 Patres
2379 1000 2556 1069 sequi,
2585 1000 2783 1068 quibus
2809 998 3035 1054 creditis
3071 1016 3084 1052 :
3112 999 3346 1067 impera-

1763 1103 1849 1148 lor
1880 1108 1975 1147 eos
2001 1095 2069 1148 ab
2092 1093 2285 1148 exsilio
2305 1094 2599 1155 revocavit,
2638 1093 2984 1159 maximoque
3022 1090 3348 1143 lmnmecu-

1759 1186 2262 1257 mulavit.Cumque
2280 1190 2439 1244 sedes
2453 1185 3059 1254 Constantinopolitana
3081 1192 3347 1246 vacasset,

1759 1280 1933 1334 solitis
1985 1283 2098 1336 suis
2150 1282 2358 1336 technis
2402 1290 2592 1343 utens,
2644 1279 2927 1348 Iyrannice
2979 1276 3347 1345 imperatricis

1760 1371 1910 1425 urbis
1955 1373 2208 1425 thronum
2260 1372 2551 1440 occupavit
2583 1369 2874 1436 Eusebius,
2910 1378 2965 1423 et
2995 1369 3201 1438 majore
3252 1382 3349 1437 po-

1759 1473 1959 1517 testate
2000 1464 2244 1529 obtenta,
2302 1478 2413 1518 suae
2465 1470 2629 1516 secta:
2675 1460 2924 1515 homines
2959 1461 3024 1513 al
3087 1460 3348 1515 ecclesia.

1755 1562 1892 1616 stica
1926 1560 2224 1615 ministeria
2245 1559 2515 1630 provexit,
2551 1556 2823 1635 legitimos
2850 1555 3129 1611 ministros
3151 1569 3349 1609 eorum

1754 1650 2053 1722 expellens.

130 1818 333 1871 Τούτου
402 1820 456 1871 δὲ
507 1818 805 1888 γενομένου
878 1820 1021 1874 κατὰ
1078 1821 1398 1875 Ἀθανασίου
1464 1823 1649 1877 λοιπὸν

1830 1827 2033 1883 Deinde
2072 1837 2260 1883 contra
2290 1828 2647 1883 Athanasium
2673 1828 3114 1892 insurrexerunt,
3156 1827 3342 1883 multis

73 1909 479 1981 ’Λλεξανδρείας
511 1910 823 1980 ἐσχόλαζον,
852 1912 1052 1976 πολλὰς
1103 1916 1226 1967 κατ’
1262 1914 1429 1968 αὐτοῦ
1466 1931 1650 1968 σκαιο-

65 2001 182 2071 ρίας
213 2001 579 2062 ἐπινοοῦντες.
620 2002 678 2054 ὐ
730 2002 789 2056 δὲ
839 2002 1093 2074 βασιλεὺς
1149 2005 1360 2059 δίκαιον
1402 2006 1648 2077 ἡγήσατο

62 2098 154 2151 καὶ
196 2096 516 2150 Ἀθανάσιον
547 2096 774 2152 καλέσαι
799 2099 880 2161 είς
909 2099 980 2152 τὰ
1042 2102 1294 2168 ἐγκαίνια
1329 2100 1437 2152 τῶν
1476 2102 1647 2168 ἁγίων

61 2187 260 2242 τόπων.
292 2186 525 2241 Κελεύει
558 2183 652 2240 οὖν
685 2187 905 2257 πρῶτον
932 2191 989 2243 ἐν
1021 2191 1184 2261 Τύρῳ
1232 2192 1508 2245 συνελθεῖν
1549 2193 1648 2262 τὴν

63 2275 298 2338 σύνοδον,
325 2278 421 2328 καὶ
452 2278 516 2328 τὰ
545 2275 686 2329 κατὰ
748 2277 1067 2332 Ἀθανάσιον
1107 2280 1522 2346 διασκέψασθαι,
1554 2282 1648 2335 καὶ

54 2366 197 2427 οὕτω
262 2366 389 2436 δίχα
453 2369 634 2438 πάσης
684 2368 997 2439 διχοτομίας
1037 2373 1278 2442 ὁρμῆσαι
1329 2373 1536 2433 πάντας
1559 2374 1650 2425 ἐπὶ

58 2464 156 2536 τὴν
186 2463 407 2536 ἑορτήν.
449 2459 767 2517 Ἀπέστειλε
802 2460 898 2513 καὶ⁵
935 2462 1027 2513 τὸν
1066 2461 1233 2515 αὑτοῦ
1266 2463 1483 2532 ἀνεψιὸν
1511 2465 1645 2518 Δαλ-

65 2559 254 2627 μάτιον
302 2558 553 2627 ἐπόπτην
607 2554 866 2626 γενέσθαι
913 2557 1012 2625 τῆς
1068 2556 1288 2610 συνόδου
1341 2557 1472 2627 (68).
1517 2559 1650 2611 Συνο

61 2649 320 2710 eaeam.
341 2650 400 2704 δὲ
430 2649 539 2703 τῶν
561 2649 877 2704 ἐπισκόπων
900 2652 959 2705 ἐν
988 2646 1170 2722 Τύρῳ,
1203 2650 1384 2719 παρῆν
1422 2649 1519 2702 σὺν
1546 2650 1649 2703 αύ-

61 2744 170 2803 τοίς
202 2748 295 2795 καὶ
320 2744 351 2795 ὁ
374 2742 473 2812 τῆς
501 2740 690 2805 Αίλίας
717 2741 1017 2805 ἐπίσκοπος
1043 2740 1404 2812 Μαξιμωνᾶς,
1438 2738 1650 2808 ἀγνοῶν

63 2836 380 2888 παντάπασι
447 2835 516 2887 τὰ
562 2833 705 2887 κατά
758 2833 1076 2889 Ἀθανασίου
1131 2813 1503 2904 σωρευόμενα.
1562 2829 1649 2896 ’ος

61 2920 119 2972 δὲ
142 2922 393 2993 εἰσῆλθεν
438 2923 758 2988 ’Λθανάσιος
786 2925 863 2987 είς
894 2924 954 2977 τὸ
1010 2925 1309 2995 συνέδριον,
1346 2924 1644 2995 περιέστη-

64 3030 163 3066 σαν
188 3015 338 3086 αὐτῴ
365 3016 416 3068 οἱ
442 3017 763 3086 κατήγοροι,
782 3016 996 3086 μεγάλα
1026 3016 1119 3068 καὶ
1152 3015 1323 3086 βαρέα
1346 3015 1650 3087 αἰτιάματα

65 3105 321 3177 φέροντες
352 3107 471 3161 κατ’
509 3110 695 3175 αὑτοῦ,
733 3111 876 3180 άπερ
910 3109 1174 3163 ὑπέθεντο
1198 3110 1382 3174 αὐτοῖς
1417 3110 1467 3163 οι
1502 3126 1648 3182 παρ-

64 3197 215 3256 όντες
247 3199 525 3264 δικασταὶ,
556 3200 809 3263 Εὐσέϐιος
852 3202 881 3252 ό
910 3200 1280 3270 Νικομηδείας
1308 3203 1401 3255 καὶ
1436 3202 1486 3254 ot
1522 3203 1651 3271 περὶ

64 3289 243 3343 αὐτόν.
265 3291 403 3344 Ἀλλ’
428 3292 528 3344 οὑκ
560 3293 787 3362 ἴσχυσαν
818 3292 1116 3359 ἀποδεῖξαι,
1168 3291 1486 3345 ’Δθανασίου
1512 3293 1649 3346 ἀπο-

66 3379 424 3453 λογουμένου,
454 3384 548 3435 καὶ
576 3384 820 3452 ἀράχνης
869 3381 1025 3453 δίκην
1064 3381 1397 3446 διεσπῶντος
1450 3382 1518 3435 τὰ
1559 3382 1650 3434 ὑπ’

67 3473 244 3528 αὐτῶν
268 3475 667 3547 προτεινόμενα
686 3476 819 3545 (69).
849 3476 942 3538 Et;
970 3475 1169 3545 μανίαν
1190 3474 1247 3527 δὲ
1262 3475 1568 3545 τραπέντες
1601 3476 1651 3527 οί

68 3567 390 3638 κατήγοροι,
453 3568 538 3636 ἐφ’
594 3560 673 3627 οἷς
713 3566 1078 3637 ἐφωράθησαν
1132 3567 1490 3637 ψευσάμενοι,
1521 3584 1650 3619 συν-

68 3656 218 3726 ἐχεον
235 3657 385 3712 διπαν
412 3659 472 3710 τὸ
496 3657 791 3726 συνέδριον,
816 3657 1049 3727 βοῶντες
1069 3673 1083 3687 ⁸
1112 3658 1318 3728 Ἀρατε
1345 3658 1436 3711 τὸν
1455 3658 1648 3728 γόητα,

67 3749 295 3822 γοητείᾳ⁵
316 3749 425 3820 γάρ
446 3766 553 3802 τινι
586 3750 933 3820 χρησάμενος
970 3750 1176 3812 πάντας
1230 3750 1503 3820 ἐφίμωσε.
1544 3753 1654 3804 Καὶ

66 3841 333 3913 ἐφονεύθη
389 3843 455 3895 ἂν
516 3842 850 3907 ’Δθανάσιος,
913 3841 962 3892 εἰ
1006 3840 1082 3910 μὴ
1116 3842 1145 3893 ό
1178 3842 1398 3911 ἀνεψιὸς
1425 3842 1519 3895 τοῦ
1551 3842 1650 3913 βα-

70 3933 261 3998 σιλέως
300 3936 572 4005 ἐξήγαγεν
611 3935 773 3988 αὐτὸν
826 3933 912 3988 διὰ
958 3934 1304 4004 στρατιωτῶν
1359 3936 1423 3988 ἐκ
1470 3935 1652 4007 χειρὸς

69 4027 271 4082 αὐτῶν.

137 4120 311 4188 Λόγος
332 4120 390 4174 δὲ
423 4124 635 4191 κρατεῖ,
687 4121 768 4173 ὅτι
822 4117 1139 4181 Ἀθανάσιος
1182 4119 1392 4173 ἐκεῖθεν
1442 4120 1650 4189 φυγὼν,

69 4205 301 4277 ἀνῆλθεν
330 4211 411 4272 είς
438 4210 535 4279 τὴν
570 4210 733 4277 ἁγίαν
770 4209 927 4262 πόλιν
953 4249 969 4275 ,
1028 4210 1121 4263 καὶ
1178 4211 1411 4281 ποιήσας
1464 4211 1650 4282 εὐχὴν,

71 4299 163 4351 καὶ
192 4299 270 4371 τῷ
294 4300 434 4370 ἁγίῳ
466 4301 624 4371 μύρῳ
654 4301 849 4371 χρίσας
877 4302 970 4354 καὶ
1019 4301 1254 4369 ἁγιάσας
1283 4304 1409 4365 τοὺς
1450 4302 1650 4374 εὐκτη-

74 4388 220 4459 ρίους
251 4395 434 4457 οἴκους
464 4395 571 4463 πρὸ
622 4394 722 4463 τῆς
750 4393 859 4447 τῶν
906 4392 1107 4446 λοιπῶν
1148 4394 1464 4447 ἐπισκόπων
1506 4410 1649 4464 παρ-

1755 1920 1808 1975 in
1833 1934 1955 1975 eum
1980 1919 2118 1975 dolis
2135 1920 2407 1975 confictis.
2434 1920 2739 1990 Imperator
2759 1929 2943 1975 autem
2980 1921 3047 1974 ad
3069 1920 3343 1976 Ecclesia-

1754 2026 1876 2066 rmn
1947 2011 2351 2068 dedicationem
2418 2011 2582 2065 etiam
2652 2010 3016 2064 Athanasium
3079 2011 3348 2063 advocare

1755 2117 1969 2172 aequum
1996 2103 2232 2165 censuit,
2271 2103 2618 2172 primumque
2666 2101 2897 2171 imperat
2920 2102 3047 2171 Tyri
3079 2101 3345 2171 synodum

1755 2196 1876 2265 cogi
1899 2204 1951 2249 et
1979 2194 2263 2248 Athanasii
2295 2209 2518 2247 causam
2543 2193 2866 2258 examinari,
2897 2205 3060 2261 atque
3097 2194 3169 2246 ita
3198 2194 3347 2247 omni

1757 2286 2103 2341 dissensione
2127 2285 2394 2351 deposita,
2422 2284 2614 2339 Patres
2649 2285 2715 2337 ad
2751 2285 3111 2340 dedicationis
3143 2283 3345 2339 festum

1757 2392 2077 2445 properare.
2111 2375 2259 2430 Misit
2285 2378 2353 2430 ad
2380 2377 2495 2431 hare
2525 2374 2915 2430 consobrinum
2948 2390 3103 2429 suum
3132 2376 3347 2429 Dalma-

1761 2471 1917 2533 tium,
1946 2478 2007 2525 ut
2031 2469 2223 2540 synodi
2251 2478 2527 2539 spectator
2555 2467 2804 2522 adesset:
2846 2483 3080 2537 cumque
3108 2467 3346 2537 episcopi

1760 2562 2166 2624 convenissent,
2195 2561 2296 2615 fuit
2323 2576 2443 2615 cum
2486 2560 2598 2615 illis
2625 2561 2790 2615 ctiam
2832 2557 3092 2613 [Eliensis
3135 2560 3348 2627 episco-

1760 2654 2264 2722 pus,~.'llaximonas,
2321 2652 2527 2706 inscius
2578 2665 2792 2715 eorum,
2834 2666 2954 2719 quze
3005 2652 3245 2719 undique
3290 2653 3341 2704 in

1762 2745 2126 2800 Athanasium
2158 2746 2534 2799 struehantur.
2560 2742 2853 2811 Postquam
2890 2756 3018 2795 vero
3059 2743 3110 2795 in
3142 2741 3349 2809 jtttlit'in

1757 2834 2089 2891 Athanasius
2128 2834 2455 2902 comparuit,
2489 2831 2973 2887 circumsteterunt
3013 2845 3134 2883 cum
3187 2846 3348 2884 accu-

1759 2936 2001 2990 satores,
2035 2924 2221 2997 gravia
2261 2923 2490 2978 crimina
2528 2922 2903 2990 obiectantes,
2950 2936 3013 2975 ea
3067 2922 3347 2985 nimirum,

1760 3019 2052 3089 quaeipsis,
2077 3016 2169 3088 qui
2184 3015 2392 3085 judicio
2417 3024 2705 3084 prmeraut,
2733 3021 3352 3085 suggesserantmemre

1762 3112 2028 3167 Eusebius
2047 3110 2507 3177 Niconiedicnsis,
2525 3108 2730 3183 quique
2749 3124 2872 3163 cum
2893 3108 3010 3178 ipso
3026 3116 3184 3161 erant
3206 3107 3348 3162 idem

1760 3201 2068 3256 molientes.
2117 3201 2310 3256 Verqu
2363 3200 2498 3254 nihil
2556 3211 2744 3270 aperte
2788 3198 3118 3256 convincere
3163 3206 3352 3266 potuc-

1760 3303 1909 3359 runt,
1938 3293 2242 3346 Athanasio
2280 3307 2340 3348 se
2371 3293 2616 3362 graviter
2653 3294 3003 3355 defendente,
3045 3304 3350 3360 eorumque

1760 3385 2156 3448 accusationes,
2189 3383 2341 3437 velut
2393 3398 2717 3436 aranearum
2756 3381 2922 3446 telas,
2954 3383 3347 3453 confringente.

1761 3474 1941 3541 Quare
1963 3484 2313 3528 accusatores
2345 3474 2397 3526 iu
2441 3473 2645 3527 rabiem
2681 3473 2844 3537 versi,
2875 3481 3167 3542 aperteque
3200 3487 3352 3528 men-

1761 3567 1903 3621 dacii
1934 3566 2191 3630 convicti,
2225 3579 2386 3619 Omne
2434 3563 2697 3631 judicium
2742 3564 3162 3629 confundentes,
3199 3568 3349 3621 voci-

1762 3662 1860 3715 bus
1938 3658 2178 3712 clamare
2250 3666 2533 3727 cmperuut
2566 3655 2800 3712 :Tollite
2872 3657 3346 3728 prastigialorem,

1761 3750 2049 3823 praestigiis
2094 3751 2238 3805 enim
2271 3758 2431 3805 utens
2479 3764 2669 3805 omnes
2719 3750 3075 3806 dementavit.
3116 3748 3349 3820 Jamque

1762 3846 1998 3916 perierat
2046 3841 2405 3908 Athanasius,
2448 3841 2552 3895 nisi
2607 3840 2952 3911 imperatoris
2988 3842 3351 3896 consobrinus

1760 3950 1885 3991 eum
1933 3949 2029 4003 per
2060 3931 2265 3987 milites
2305 3945 2433 3987 suos
2463 3946 2532 3985 ex
2564 3946 2753 3986 eorum
2790 3931 3041 3987 manibus
3084 3932 3349 3987 abduxis-

1759 4035 1865 4082 set.

1832 4120 1998 4175 Fama
2029 4128 2210 4173 autem
2242 4125 2327 4171 est
2359 4115 2738 4180 Athanasium,
2772 4114 2918 4170 illinc
2942 4114 3258 4183 fugientem,
3295 4117 3347 4171 in

1760 4212 2032 4266 civitatem
2051 4218 2294 4264 sanctam
2323 4208 2658 4278 pervenisse,
2689 4206 2917 4278 fusaque
2944 4209 3011 4262 ad
3048 4209 3212 4262 Deum
3233 4224 3355 4264 ora-

1762 4306 1906 4361 tione
1927 4286 2070 4359 :edes
2095 4317 2284 4357 sacras
2313 4315 2471 4356 sacro
2488 4310 2764 4370 unguento
2795 4300 3118 4370 perunxisse
3139 4308 3194 4354 et
3218 4314 3350 4354 cou-

1759 4411 2026 4459 secrasse,
2089 4404 2381 4464 antequam
2436 4394 2617 4449 caeteri
2673 4392 2914 4462 episcopi
2978 4393 3349 4455 advenissem,

72 4482 281 4549 ουσίας,
311 4479 465 4547 οὗτος
501 4484 765 4537 κατέλαϐε
815 4484 908 4538 τὸν
949 4482 1192 4554 βασιλέα,
1226 4485 1405 4537 πάντα
1431 4484 1499 4537 τὰ
1529 4482 1650 4537 κατ’

1764 4504 1962 4559 eosque
1986 4488 2125 4559 apud
2150 4488 2422 4543 Caesarem
2448 4486 2836 4549 antevertisse,
2869 4486 3049 4539 omnia
3085 4486 3205 4553 ipsi,
3233 4500 3352 4554 qum

73 4572 238 4627 αὑτοῦ
269 4575 522 4643 ἐξειπών.
567 4577 626 4628 Ὀ
657 4576 715 4629 δέ
779 4575 1019 4638 ἀκούσας
1063 4575 1161 4629 καὶ
1207 4574 1492 4644 θαυμάσας
1544 4575 1658 4626 τῶν

72 4665 360 4723 ἀντιδίκων
387 4669 554 4723 αὑτοῦ
582 4669 679 4739 τὴν
739 4670 1029 4741 πονηρίαν,
1070 4668 1166 4723 καὶ
1190 4668 1359 4738 τιμῆς
1392 4666 1655 4738 μεγίστης

72 4757 311 4825 ἀξιώσας
330 4761 513 4827 αὑτὸν,
543 4761 681 4830 μετά
713 4760 1058 4833 γραμμάτων
1077 4758 1373 4830 βασιλικῶν
1406 4759 1661 4812 ἀπέστει-

71 4848 161 4905 λεν
184 4852 279 4906 ἐπὶ
304 4855 405 4923 τὴν
440 4851 872 4924 Ἀλεξάνδρειαν.
906 4851 1351 4923 Παραγενόμενοι
1371 4849 1428 4903 δὲ
1454 4851 1502 4903 οἱ
1531 4849 1657 4902 ἐπί-

74 4956 269 4996 σκοποι
325 4946 406 5007 εἰς
447 4944 829 5014 Ἰερουσαλὴμ,
892 4941 1133 5013 φαιδρῶς
1162 4940 1283 4995 λίαν
1332 4941 1662 4994 ἐπετέλεσαν

71 5031 172 5103 τὴν
210 5034 404 5106 ἑορτὴν
436 5034 546 5087 τῶν
602 5032 916 5103 ὲγκαινίων,
955 5033 1048 5087 τοῦ
1105 5031 1372 5104 βασιλέως
1400 5032 1659 5085 ἀποστεί-

72 5121 263 5189 λαντος
277 5128 536 5198 κειμήλια
557 5130 651 5181 καὶ
680 5126 1003 5182 παντοδαπά
1020 5126 1198 5197 χρυσᾶ
1227 5124 1395 5177 τεκαὶ
1418 5124 1659 5194 ἀργυρᾶ,

74 5211 243 5282 λίθοις
267 5220 469 5288 τιμίοις
493 5220 919 5292 πεποικιλμένα,
948 5221 1045 5274 καὶ
1073 5216 1532 5287 περιπετάσματα
1565 5231 1662 5268 πε-

75 5309 402 5382 ποικιλμένα
435 5314 529 5367 καὶ
588 5313 883 5385 πολύτιμα,
932 5313 1026 5367 καὶ
1075 5312 1337 5381 χρήματα
1388 5307 1549 5362 ἱκανά
1579 5309 1660 5374 εἰς

1764 4584 1867 4637 sibi
1906 4583 2169 4636 intentata
2202 4579 2419 4634 fuerant
2445 4579 2698 4643 crimina,
2733 4577 3076 4647 exponendo.
3104 4578 3235 4644 Qme
3266 4578 3351 4631 ille

1764 4675 2013 4737 audiens,
2068 4673 2368 4726 admiratus
2434 4671 2872 4725 adversariorum
2925 4670 3349 4738 improbitatem,

1767 4766 2023 4820 maximis
2073 4762 2353 4817 beneﬁciis
2405 4771 2569 4831 atque
2600 4761 2806 4815 honore
2847 4760 3201 4815 Athanasium
3237 4762 3354 4813 ath-

1771 4858 1942 4920 ciens,
1978 4870 2098 4909 cum
2133 4854 2332 4908 litteris
2364 4854 2629 4921 imperiali
2665 4855 2988 4908 auctoritate
3003 4844 3353 4923 conscriptis.

1769 4928 2153 5002 Alexandriam
2189 4944 2357 4998 misit.
2380 4942 2649 4998 Caeterum
2678 4958 2802 4997 cum
2822 4943 2935 5010 jam
2960 4943 3196 5011 episcOpi
3230 4942 3356 4996 llic-

1775 5040 2104 5112 rosolymam
2145 5038 2451 5100 venissent,
2487 5036 2847 5092 dedicationis
2873 5037 3066 5091 fesnim
3104 5034 3352 5091 celebra-

1770 5137 1916 5190 runt,
1968 5125 2298 5194 imperatore
2354 5124 2735 5193 suppeditante
2796 5141 3047 5196 magnam
3112 5124 3358 5193 pecunim

1767 5216 1900 5281 vim,
1937 5230 2000 5269 ac
2047 5215 2271 5268 donaria
2308 5214 2458 5267 varia
2493 5229 2654 5268 aurea
2691 5223 2744 5269 et
2781 5223 3063 5285 argentea,
3102 5214 3359 5286 pretiosis

1770 5306 2035 5378 lapidibus
2079 5314 2305 5371 ornata,
2356 5307 2629 5377 variegata
2680 5307 3124 5377 peripetasmata,
3174 5306 3356 5377 magni

1539 5481 1772 5541 NOTAE.

167 5576 259 5642 66)
295 5576 426 5632 Sch.
474 5577 847 5647 Ὀμοιρρὸνων.

171 5648 262 5717 67)
296 5648 428 5702 Cod.
461 5642 591 5702 Sch.
625 5642 719 5700 Ἔν
744 5648 865 5717 ταῖς
891 5646 1127 5717 οἰκείαις
1153 5642 1468 5717 παροικίαις
1498 5642 1664 5709 ἐξεὼυ

79 5716 333 5790 σαςᾲτοὺς
367 5716 955 5790 προχειροτονηθέντας
991 5716 1193 5790 αὐτῶν.

149 5787 261 5860 (65)
297 5785 423 5844 Sch;
455 5785 998 5859 Ἐπόπτηνγενέσθαι
1023 5786 1124 5855 τῆς
1154 5787 1540 5850 καταστάσεως
1560 5785 1658 5854 τῆς

1780 5572 2281 5645 συναθροιζομὲνης
2312 5574 2559 5630 συνόδου.

1846 5642 1966 5715 (69)
2004 5642 2146 5715 Qud.
2204 5642 2332 5699 Sch.
2398 5643 2951 5715 Kataamiwto;s&q
2996 5642 3359 5715 συκοφαντίας

1768 5713 1971 5767 αὐτῶν.
2020 5713 2186 5767 Paulo
2225 5726 2367 5783 post,
2400 5716 2495 5770 καὶ
2557 5716 2735 5768 πάντα
2786 5714 2852 5768 τὰ
2896 5713 3018 5768 κατ’
3055 5716 3218 5769 αὑτὸν
3263 5718 3363 5769 ἀν-

1766 5784 2003 5849 εδίδαξεν
2037 5784 2220 5838 αὐτόν.
