3946 6318
527 310 668 375 ίθῦῖ

1755 308 2216 370 ΑΕΕΧΛΝΒΒΙ
2233 306 2584 369 MONACHI

3688 306 3749 366 ἐξ)
3766 309 3811 368 '8

530 428 693 500 pretii
728 423 1121 495 copiosumque
1148 422 1433 494 pecuniam
1456 422 1642 493 egenis
1662 421 2118 489 distribuendam,

2243 420 2463 474 ῑιάδοσιν
2485 418 2594 472 τῶν
2619 416 2851 488 πτωχῶν
2867 418 2962 471 καὶ
2985 417 3303 489 φιλοτιμίαν
3334 418 3573 473 πάντων
3597 420 3697 473 τῶν
3708 439 3815 476 6w-

527 531 582 574 et
617 520 669 573 in
735 517 1039 573 subsidium
1081 516 1334 571 omnibus
1391 516 1457 570 ad
1512 516 1653 570 diem
1708 515 1860 570 illum
1923 514 2122 569 festum

529 609 1006 666 convenientibus.
1039 606 1108 663 Ut
1154 622 1284 660 vero
1330 607 1539 662 audivit
1579 606 1782 662 Christi
1816 606 2127 661 amantissi-

528 715 651 757 mus
693 701 988 769 imperator
1019 700 1085 752 de
1141 708 1453 752 sanctorum
1489 699 1729 752 locorum
1764 698 2122 761 dedicatione,

532 808 758 869 tttagnas
808 791 1013 861 gratias
1075 789 1185 844 Deo
1236 789 1365 857 egit,
1428 790 1775 859 animumque
1828 791 2000 859 magis
2047 790 2115 843 ad

532 880 904 935 Christianam
943 876 1267 945 religionem
1300 875 1521 944 adjecit.

606 971 736 1026 Fuit
767 984 898 1024 vero
928 970 1017 1023 hic
1047 969 1358 1024 tricesimus
1400 968 1610 1036 imperii
1641 966 1757 1035 ejus
1791 982 1990 1035 anuus,
2014 977 2129 1022 sta-

534 1060 739 1129 timque
793 1060 963 1129 legem
1012 1059 1281 1128 imperiali
1322 1060 1496 1112 forma
1538 1059 1887 1129 conscripsit,
1921 1075 1987 1113 ue
2010 1060 2127 1112 cui-

470 1203 492 1223 ,
536 1167 697 1221 quam
728 1149 1038 1206 Judazorum
1082 1151 1221 1203 intra
1268 1158 1480 1205 sextum
1509 1152 1578 1205 ab
1616 1150 2006 1222 Hierosolymis
2050 1154 2128 1204 la-

535 1244 712 1312 pidem
767 1256 1088 1310 comparere
1136 1242 1349 1306 liceret,
1390 1258 1698 1311 magnaque
1736 1246 1806 1297 ob
1840 1244 1935 1297 Dei
1983 1245 2033 1296 in
2068 1257 2127 1297 se

537 1334 864 1389 beneficium
921 1332 1202 1402 voluptate
1268 1333 1519 1403 perfusus
1569 1345 1649 1388 est
1681 1377 1697 1400 ,
1746 1350 1868 1389 cum
1923 1336 2128 1390 videret

536 1430 699 1479 etiam
734 1425 1002 1480 barbaras
1031 1426 1281 1479 nationes
1318 1425 1383 1480 ad
1417 1428 1721 1480 doctrinam
1767 1428 2011 1482 veritatis
2039 1443 2130 1482 ac-

537 1527 851 1583 currentes,
880 1518 1154 1587 facileque
1191 1519 1422 1588 imperio
1457 1536 1555 1575 suo
1587 1521 1885 1588 subjectus,
1917 1522 2129 1575 vivens-

536 1629 643 1684 que
690 1614 861 1667 aiium
922 1612 1147 1682 insuper
1176 1628 1417 1675 annum,
1457 1629 1521 1667 ac
1568 1628 1785 1667 menses
1816 1627 2038 1682 paucos,
2071 1613 2127 1667 in

540 1705 788 1759 morbum
818 1704 1037 1769 incidit,
1063 1704 1117 1757 in
1148 1720 1255 1772 quo
1283 1705 1587 1772 baptizatus
1611 1703 1942 1758 Nicomediae
1970 1704 2123 1759 obiit.

2228 513 2542 584 ερχομὲνων
2572 512 2653 575 είς
2705 510 2803 580 τὴν
2845 512 3062 581 ἑορτήν.
3112 512 3201 576 Ὧς
3226 511 3285 565 δὲ
3330 512 3549 583 ἤκουσε
3598 514 3669 567 τά
3693 517 3817 569 κατὰ

2226 605 2294 657 τὰ
2348 601 2598 670 ἐγκαίνια
2644 602 2752 655 τῶν
2806 603 2979 669 ἁγίων
3017 602 3200 656 τόπων
3227 605 3255 656 6
3286 603 3655 672 φιλόχριστος
3681 604 3815 672 βασι-

2226 694 2374 754 λεὺς.
2407 693 2575 747 πολλὰ
2608 693 3099 764 εὐχαρίστησεντῷ
3119 692 3259 765 Θεῷ,
3293 694 3395 748 καὶ
3422 695 3643 763 μᾶλλον
3669 712 3819 767 ’.τροτ-

2227 788 2389 855 ετέθη
2421 787 2499 857 τῷ
2527 786 2964 856 Χριστιανισμῷ.

2299 962 2410 1021 Ἦν
2441 968 2498 1020 δὲ
2529 965 2857 1038 τριακοστὸν
2880 965 3040 1020 τοῦτο
3063 967 3182 1030 ἔτος
3200 967 3303 1036 τῆς
3325 965 3634 1036 βασιλείας
3649 966 3825 1021 αὐτοῦ.

2226 1061 2411 1130 Νόμον
2466 1060 2523 1113 δὲ
2587 1060 2747 1122 εὐθὺς
2810 1058 3015 1130 ἔγραψε
3071 1059 3211 1128 μετὰ
3253 1057 3578 1127 ’βασιλικοῦ
3633 1058 3833 1126 τύπου,

2227 1151 2370 1205 ὥστε
2434 1153 2511 1223 μὴ
2539 1151 2802 1205 δύνασθαι
2848 1151 3085 1220 φανῆναι
3131 1151 3426 1213 Ἰουδαίους
3469 1153 3558 1213 εἰς
3614 1152 3840 1219 Ἰερρσό-

2228 1243 2398 1313 λυμα,
2429 1244 2538 1298 ἀπὸ
2568 1242 2625 1310 ἓξ
2675 1243 2917 1313 σημείων
2972 1243 3174 1313 κύκλῳ.
3212 1242 3448 1312 Ἐχαιρε
3516 1242 3583 1294 δὲ
3631 1243 3727 1294 ἐπὶ
3772 1246 3837 1311 τῇ

2229 1335 2415 1406 χάριτι
2455 1336 2548 1387 τοῦ
2578 1334 2739 1398 Θεοῦ,
2765 1334 2979 1405 βλέπων
3004 1335 3183 1388 καὶτὰ
3212 1335 3471 1405 βάρϐαρα
3497 1335 3643 1405 ἔθνη
3683 1354 3839 1405 προτ-

2228 1427 2492 1498 τρέχοντα
2521 1426 2596 1496 τῷ
2624 1426 2766 1494 λόγῳ
2792 1430 2889 1496 τῆς
2916 1426 3197 1497 ἀληθείας,
3236 1429 3327 1479 καὶ
3372 1428 3561 1497 ἡδέως
3595 1428 3838 1482 ὑποτασα

2231 1519 2436 1588 σόμενα
2461 1517 2539 1587 τῷ
2575 1517 2788 1587 βασιλεῖ
2843 1516 2978 1587 (70).
3019 1516 3353 1580 Ἐπιϐιώσας
3406 1518 3470 1571 δὲ
3508 1519 3600 1570 ἑτι
3637 1519 3761 1582 ἔτος
3785 1521 3839 1572 ἐν

2230 1611 2326 1664 καὶ
2364 1612 2538 1680 μῆνας
2591 1611 2808 1678 ὀλίγους
2845 1612 3169 1682 περιέπεσεν
3211 1611 3507 1682 ἀρρωστία
3540 1615 3689 1677 τινὶ,
3724 1608 3837 1685 {vi

2230 1702 2328 1756 καὶ
2361 1702 2682 1774 βαπτισθεὶς
2712 1705 2770 1754 ὲν
2817 1703 3159 1774 Νικομηδείᾳ
3206 1703 3510 1758 ἀπέθανεν.
3580 1705 3838 1759 Ἀνεϐάλ-

541 1796 839 1851 Distulerat
885 1797 1056 1860 enim,
1093 1806 1151 1849 ut
1186 1798 1237 1850 in
1289 1796 1548 1861 .lordane,
1602 1796 1747 1866 quod
1782 1811 2127 1867 summopere

2243 1798 2352 1847 ista
2377 1793 2435 1846 δὲ
2457 1793 2615 1846 τοῦτο
2666 1793 2774 1851 ἕως
2812 1794 2907 1847 τοῦ
2944 1795 3098 1848 τοῦδε
3129 1795 3346 1859 καιροῦ,
3380 1797 3445 1848 ὲν
3474 1795 3561 1865 τῷ
3596 1795 3837 1866 Ἰορδάνῃ

542 1884 972 1953 desideraverat,
1008 1885 1400 1956 baptizaretur.

613 1977 749 2033 Cum
785 1987 966 2032 autem
1009 1979 1281 2032 erectiore
1327 1986 1474 2033 esset
1521 1978 1729 2044 animo,
1765 1992 1855 2034 res
1884 1993 2010 2034 suas
2040 1978 2129 2046 pie

540 2070 833 2138 disposuit,
864 2068 1071 2124 relictis
1104 2069 1279 2124 tribus
1324 2069 1448 2125 ﬁliis
1477 2070 1689 2138 imperii
1721 2071 1879 2125 simul
1920 2080 1975 2126 et
2014 2071 2130 2140 pie-

543 2161 672 2215 tatis
725 2148 1053 2215 haeredibus.
1102 2160 1397 2215 Maximum
1449 2163 1671 2230 quidem
1710 2172 1872 2228 natu,
1916 2163 2130 2231 sibique

540 2253 920 2322 cognominem
951 2252 1371 2308 Constantinum
1432 2254 1677 2323 praefecit
1723 2255 1971 2322 partibus
2005 2270 2126 2323 qua:

541 2353 668 2396 sunt
716 2342 782 2395 ad
815 2355 1099 2396 occasum.
1136 2340 1382 2395 Alterum
1430 2357 1559 2396 vero
1587 2340 1831 2409 ejusdem
1863 2358 1986 2397 cum
2027 2359 2130 2398 avo

540 2435 867 2489 Constantio
890 2434 1134 2497 nomine,
1157 2432 1796 2501 Orientisimperatorem
1820 2436 2125 2493 constituit.

542 2526 822 2581 Minimum
876 2536 1031 2589 natu,
1081 2525 1330 2594 Europae.
1366 2525 1556 2581 Nullus
1586 2542 1711 2581 vero
1743 2529 1901 2582 morti
1943 2544 2133 2599 paren-

544 2620 619 2675 tis
670 2620 865 2673 adl'nit.
924 2616 1074 2672 Obiit
1133 2628 1315 2671 autem
1383 2620 1776 2674 celeberrimus
1837 2622 2133 2688 imperator

543 2712 964 2774 Constantinus,
992 2725 1191 2764 annum
1224 2726 1393 2780 agens
1432 2714 1826 2780 sexagesimum
1856 2714 2128 2782 quintum.

545 2801 841 2873 Imperavit
890 2815 1025 2856 vero
1062 2801 1147 2871 pie
1177 2843 1192 2867 ,
1246 2802 1465 2871 Deoque
1503 2814 1655 2874 grate
1700 2818 1871 2860 annos
1912 2805 2129 2873 triginta

547 2894 707 2956 duos,
735 2901 791 2945 et
818 2890 1012 2945 relicto
1034 2894 1275 2947 terrestri
1310 2909 1496 2962 regno,
1521 2894 1746 2951 caeleste
1779 2896 2007 2961 adeptus
2027 2903 2128 2950 est.

548 2981 908 3038 Venerandas
941 2997 1072 3038 vero
1101 2982 1218 3050 ejus
1261 2984 1523 3053 reliquias
1562 2994 1991 3054 composuerunt
2029 2986 2133 3039 mi-

547 3075 675 3130 lites
712 3077 763 3128 iu
792 3090 927 3128 urna
958 3089 1160 3142 attrca;
1193 3074 1547 3145 feceruntque
1581 3077 1854 3147 planctum
1872 3093 2132 3148 magnum

2234 1884 2467 1955 ποταμῷ
2493 1886 2685 1938 τούτου
2707 1885 3007 1956 ἀξιωθῆναι
3038 1886 3237 1940 ποθῶν.

2306 1974 2554 2046 Εὔθυμος
2580 1975 2691 2045 (7f)
2737 1977 2794 2029 δὲ
2836 1978 3128 2046 γενόμενος
3171 1979 3381 2033 διέθετο
3414 1980 3838 2043 εὐσεϐῶς,τοὺς

2234 2069 2383 2137 τρεῖς
2414 2068 2564 2130 υἱοὺς
2594 2068 2928 2138 καταλείψας
2957 2069 3059 2139 τῆς
3091 2070 3257 2124 αὐτοῦ
3292 2071 3589 2141 βασιλείας
3624 2073 3723 2125 καὶ⁵
3754 2074 3837 2125 se-

2237 2160 2454 2223 σεϐείας
2487 2161 2882 2232 κληρονόμους,
2918 2162 3008 2214 τὸν
3026 2162 3401 2234 πρεσϐύτερον
3438 2165 3538 2217 τὸν
3568 2168 3672 2219 καὶ
3692 2167 3833 2236 ὁμώ-

2235 2269 2405 2321 νυμον
2461 2253 2626 2305 αὐτοῦ
2679 2254 3088 2308 Κωνσταντῖνον
3135 2255 3375 2325 ἄρχοντα
3408 2257 3714 2324 ἀναδείξας
3737 2258 3836 2311 τῶν

2236 2343 2510 2415 ἐσπερίων
2543 2344 2748 2415 μερῶν.
2779 2347 2882 2398 Τδν
2908 2347 2962 2399 δὲ
2990 2347 3241 2417 δεύτερον
3275 2349 3370 2399 τὸν
3417 2348 3729 2420 ὁμώνυμον
3748 2351 3831 2403 τεῦ

2237 2435 2467 2488 πάππου
2511 2436 2914 2499 Κωνσταντίου,
2969 2440 3069 2506 τῆς
3104 2437 3398 2506 Ἀνατολῆς
3435 2440 3680 2511 βασιλέα
3706 2444 3833 2510 ἔχει·

2239 2529 2549 2597 ροτόνησεν,
2580 2527 2674 2580 τὸν
2742 2527 2800 2581 δὲ
2841 2530 3109 2599 νεώτερον
3148 2529 3246 2599 τῆς
3286 2530 3597 2600 Εὐρώπης.
3652 2534 3834 2593 06651:

2236 2620 2290 2673 δὲ
2311 2619 2519 2673 τούτων
2555 2620 2738 2690 παρῆν
2787 2621 2870 2683 είς
2918 2620 3017 2689 τὴν
3070 2621 3235 2674 αὐτοῦ
3267 2622 3561 2690 τελευτήν.
3599 2617 3832 2693 mgni

2236 2714 2293 2766 δὲ
2316 2715 2342 2766 6
2365 2714 2727 2784 πανεύφημος
2787 2714 3194 2777 Κωνσταντῖνος
3231 2716 3260 2766 6
3299 2714 3567 2785 βασιλεὺς
3595 2718 3675 2770 ὢν
3709 2719 3831 2770 ἑτῶν

2239 2804 2503 2876 ἐξήκοντα
2544 2805 2730 2865 πέντε.
2787 2805 3103 2861 ἐϐασίλευσε
3142 2806 3198 2858 δὲ
3236 2806 3484 2871 εὐσεϐῶς
3518 2809 3624 2861 καὶ
3648 2810 3830 2881 θεαρέο

2241 2911 2382 2957 στως
2403 2893 2498 2963 ἔτη
2527 2896 2821 2964 τριάκοντα
2851 2894 2966 2957 δύο,
2989 2897 3086 2950 καὶ
3107 2895 3444 2967 καταλείψας
3462 2898 3569 2969 τὴν
3597 2900 3831 2966 ἐπίγειον

2242 2986 2544 3058 βασιλείαν,
2600 2986 2703 3057 τῆς
2763 2987 3018 3057 οὐρανίου
3085 2987 3413 3042 άπελάϐετο.
3452 2989 3532 3042 Τὸ
3573 2990 3636 3043 δὲ
3666 2992 3830 3061 τίμιον

2240 3079 2404 3134 αὐτοῦ
2430 3079 2684 3149 λείψανον
2742 3081 2801 3133 ἐν
2849 3079 3085 3149 λάρνακι
3117 3080 3454 3149 στρατιῶται
3485 3084 3718 3152 χρυσέῳ
3756 3085 3831 3134 ἐν·

550 3185 717 3238 super
749 3184 898 3234 eum,
932 3167 1184 3238 lugentes
1218 3183 1283 3224 ac
1319 3169 1365 3223 si
1402 3170 1729 3226 charissimo
1756 3180 2002 3241 parente,
2029 3186 2133 3228 non

2243 3170 2446 3234 θέντες,
2478 3171 2746 3242 ἐποίησαν
2772 3171 3004 3224 κοπετὸν
3031 3172 3205 3242 μέγαν
3244 3173 3333 3225 ἐπ’
3362 3173 3535 3225 αὐτὸν
3578 3174 3831 3244 θρηνοῦν-

550 3260 894 3315 dontinatore
938 3260 1285 3341 rege‘orbati
1322 3270 1529 3317 essent.
1577 3263 1648 3316 At
1673 3263 1818 3318 enim
1862 3264 2138 3319 Constan-

551 3358 660 3409 tius
692 3353 934 3409 Orientis
968 3355 1288 3422 imperator,
1323 3365 1603 3423 acceptum
1657 3358 1830 3427 patris
1872 3359 2133 3426 cadaver,

550 3446 825 3515 justisque
853 3445 1225 3514 imperatoriis
1260 3446 1575 3514 persolutis,
1612 3449 1666 3502 in
1695 3450 1842 3505 edito
1872 3451 1988 3506 loco
2011 3467 2143 3507 con-

551 3539 707 3602 didit,
729 3536 1200 3607 Constantinopoli
1226 3578 1241 3601 ,
1280 3539 1333 3592 in
1362 3539 1566 3606 templo
1601 3539 2010 3610 Apostolorum,
2050 3542 2141 3597 ubi

552 3642 732 3685 mater
777 3629 897 3700 ejus
948 3627 1152 3685 Helena
1209 3631 1425 3700 sepulta
1473 3632 1697 3686 fuerat:
1731 3634 1784 3688 in
1836 3648 1962 3689 eum
1995 3635 2140 3691 enim

555 3722 718 3777 fluent
743 3733 1093 3778 exstruxerat
1126 3724 1315 3778 beatus
1349 3724 1750 3781 Constantinus
1781 3727 1927 3780 illam
1958 3729 2140 3783 eccle-

554 3816 714 3883 siam,
743 3827 800 3870 ut
824 3817 894 3872 ibi
928 3817 1291 3885 imperatores
1316 3825 1374 3871 et
1406 3819 1722 3875 sacerdotes
1753 3824 2141 3889 conderentur,

555 3924 625 3964 ue
650 3909 837 3979 procul
871 3910 1128 3964 abessent
1150 3910 1218 3961 ab
1250 3909 1566 3977 apostolicis
1599 3910 1866 3980 reliquiis.
1894 3910 2144 3967 Mortuus

552 4008 641 4055 est
662 4007 843 4054 autem
868 3999 1132 4054 vicesimo
1155 3983 1330 4069 primo
1354 3999 1441 4052 die
1463 3998 1612 4066 Maii,
1628 4000 1922 4057 undecimo
1943 4000 2146 4056 Kalen-

553 4092 656 4149 das
680 4090 856 4157 Junii,
881 4092 984 4149 sub
1014 4093 1301 4149 consulatu
1330 4090 1590 4149 Feliciani
1627 4102 1682 4149 et
1709 4093 1951 4151 Tatiani.
2092 4100 2095 4103 ’

632 4364 902 4420 Caeterum
939 4362 1262 4418 Constantio
1288 4362 1401 4429 jam
1437 4375 1610 4430 nuper
1642 4361 1694 4415 in
1724 4361 2018 4436 imperium
2056 4363 2146 4417 in-

561 4472 767 4528 gresso,
797 4464 1149 4510 accesserunt
1179 4454 1245 4509 ad
1273 4469 1397 4509 eum
1431 4454 1650 4509 Arianae
1669 4455 1904 4510 vesania:
1939 4455 2145 4526 princi-

560 4564 677 4620 pes,
709 4546 1066 4602 adhortantes
1102 4561 1226 4600 eum
1257 4556 1316 4601 ut
1342 4546 1613 4617 adjectum
1646 4546 1795 4612 illud,
1830 4546 2139 4618 ὁμοούσιον,

559 4657 626 4696 ex
654 4640 914 4710 Symbolo
942 4639 1065 4694 fidei
1095 4639 1327 4706 tolleret,
1357 4640 1673 4695 dictitantes
1701 4655 1769 4693 ex
1815 4641 1916 4695 ltac
1953 4639 2144 4695 vocula

2241 3276 2354 3323 τες.
2388 3260 2465 3323 ὡς
2530 3260 2737 3331 πατρὸς
2784 3258 3164 3330 φιλοστόργου,
3197 3261 3291 3312 καὶ
3339 3261 3399 3312 οὐ
3449 3259 3732 3330 βασιλέως
3758 3263 3831 3327 ἐξ.

2243 3350 2532 3405 ουσιαστοῦ
2568 3350 2941 3423 στερηθέντες.
2974 3349 3318 3404 Καταλαϐὼν
3356 3350 3412 3403 δὲ
3447 3353 3833 3415 Κωνστὰντιος

2242 3446 2383 3516 ὁτῆς
2413 3444 2585 3516 Ἑῴας
2605 3444 2883 3516 βασιλεὺς,
2906 3445 3000 3496 καὶ
3015 3442 3311 3513 βασιλικῶς
3334 3442 3619 3512 κηδεύσας
3633 3447 3728 3498 τὸν
3746 3463 3835 3499 κα-

2242 3539 2376 3608 τέρα
2386 3580 2402 3604 ,
2415 3537 2503 3606 ἐφ’
2519 3536 2726 3607 ὑψηλοῦ
2744 3533 2978 3588 ἀπέθετο
2993 3537 3052 3589 ὲν
3063 3537 3129 3603 τῇ
3148 3534 3255 3587 τῶν
3268 3533 3595 3589 ἀποστόλων
3610 3536 3834 3604 Ἐκκλη-

2247 3630 2338 3701 σίᾳ
2349 3630 2408 3683 ἐν
2435 3628 2846 3683 Κωνσταντινου
2867 3627 3039 3691 πόλει,
3063 3626 3193 3681 ἔνθα
3209 3626 3457 3698 ἀπετέθη
3478 3628 3514 3697 ἡ
3536 3630 3730 3700 μήτηρ
3747 3631 3834 3682 αὐ-

2242 3721 2339 3774 τοῦ
2357 3721 2563 3792 Ἑλένη.
2593 3721 2689 3784 Εἰς
2712 3719 2871 3773 τοῦτο
2908 3719 3017 3791 γὰρ
3050 3719 3080 3772 6
3121 3719 3394 3789 μακάριος
3420 3720 3836 3784 Κωνσταντῖνες

2244 3813 2596 3885 ᾠκοδόμησεν
2633 3812 2848 3882 ἐκείνην
2873 3812 2973 3882 τὴν
2993 3810 3307 3882 ἐκκλησίαν,
3332 3812 3415 3874 είς
3433 3812 3500 3864 τὸ
3532 3813 3836 3866 θάπτεσθαι

2245 3905 2567 3968 exsitisset);
2597 3904 2837 3975 βασιλεῖς
2879 3904 2971 3958 καὶ
2998 3905 3184 3975 ἱερεῖς,
3209 3904 3361 3968 ὅπως
3387 3904 3465 3974 μὴ
3483 3897 3590 3958 ὦσι
3629 3907 3839 3977 μακρὰν

2245 3998 2357 4051 τῶν
2385 3996 2759 4051 ἀποπολικῶν
2785 3996 3074 4066 λειψάνων.
3093 3997 3344 4064 Ἐγένετο
3392 3995 3454 4048 δὲ
3511 3998 3711 4068 ἡμέρα
3757 4000 3839 4067 τῆς

2248 4095 2563 4161 κοιμήσεως
2592 4088 2758 4143 αὐτοῦ
2784 4087 2963 4141 εἰκάδι
2985 4086 3182 4159 πρώτῃ
3217 4087 3396 4140 Μαίου
3419 4088 3600 4158 μηνὸς
3626 4092 3699 4160 τῇ
3747 4089 3839 4157 πρὸ

2247 4181 2518 4251 δεκαμιᾶς
2555 4180 2836 4235 καλανδῶν
2873 4179 3131 4245 Ἰουνίων,
3163 4180 3223 4231 ἐν
3252 4179 3460 4251 ὐπατίᾳ
3510 4181 3839 4252 Φηλικιανοῦ

2249 4274 2346 4327 ml.
2378 4272 2666 4326 Τατιανοῢ.

2322 4368 2706 4422 Κωνσταντίου
2739 4367 2795 4421 δὲ
2825 4367 2951 4438 ἄρτι
2997 4369 3375 4440 κρατήσαντος
3402 4367 3511 4435 τῆς
3542 4363 3839 4435 βασιλείας,

2251 4457 2559 4529 προσῆλθον
2584 4458 2735 4529 αὐτῷ
2790 4460 2839 4512 οἱ
2893 4461 2993 4529 τῆς
3027 4458 3241 4529 Ἀρείου
3286 4458 3444 4510 νόσου
3515 4458 3839 4528 προστάται,

2251 4549 2698 4621 παρακαλοῦντες
2732 4551 2895 4604 αὐτὸν
2922 4550 3017 4603 τοῦ
3049 4551 3339 4621 ὀμοουσίου
3365 4549 3426 4603 τὸ
3453 4549 3769 4621 πρόσρημα
3789 4551 3840 4599 ὲι

2250 4638 2345 4692 τοῦ
2365 4640 2638 4712 συμϐόλου
2661 4642 2761 4714 τῆς
2777 4642 3015 4705 πίστεως
3037 4659 3104 4694 πε
3110 4642 3331 4714 ριελεῖν.
3351 4641 3539 4694 Αἴτιον
3562 4642 3643 4709 γὰ
3651 4660 3683 4712 ρ
3701 4641 3840 4695 τοῦτο

2104 4796 2342 4853 NOTAE.

626 4915 734 4979 ('70)
762 4914 911 4968 Idem
933 4912 1057 4968 cod.
1085 4912 1197 4965 Καὶ
1222 4908 1290 4983 ἦν
1316 4912 1445 4965 ίδεῖν
1471 4911 1966 4983 ὑποτασσόμενατῇ
1998 4911 2140 4983 Ῥω-

561 4991 735 5056 μαίων
762 4983 1032 5056 βασι-λείᾳ.
1054 4983 1222 5056 Paulo
1239 4982 1359 5056 post
1378 5001 1391 5037 :
1411 4982 1741 5056 Περιὲπεσεν
1760 4982 2044 5056 ἀρρῳστίᾳ
2065 4983 2137 5036 δι’

554 5051 625 5131 ἧς
648 5058 741 5131 καὶ
763 5051 1039 5131 ἆπέρανεν
1067 5054 1162 5131 κα).
1201 5051 1258 5106 ὲν
1289 5051 1626 5131 ῌικομηόείᾳ
1657 5051 1860 5131 enemy
1891 5055 1949 5131 ὲν
1966 5051 2142 5131 προα-

554 5088 622 5131 ης
649 5088 741 5109 Iw“
765 5088 1038 5108 υιιδσ-υυινςγ
1070 5088 1162 5107 own
1201 5088 1257 5106 εν
1289 5088 1485 5123 nus-qn-
1507 5088 1626 5121 vei-Egi
1657 5088 1858 5120 υιυιιυυν
1891 5088 1947 5105 εν
1974 5088 2005 5104 η
2046 5088 2141 5106 νυ.-

517 5128 530 5187 J
560 5128 720 5195 στείῳ
734 5128 841 5178 τινὶ
865 5125 1078 5195 δέχεται
1102 5124 1161 5195 τὸ
1185 5123 1450 5191 πανάγιον
1476 5088 1784 5191 βάπτισμαν
1813 5088 2141 5195 ἀνεϐάλλετο

555 5200 614 5252 δὲ
635 5192 817 5256 τοῦτο.
851 5192 957 5250 etc.
1020 5194 1218 5247 Incidit
1258 5197 1313 5246 in
1342 5194 1606 5252 morbum,
1639 5208 1738 5261 quo
1760 5204 1809 5247 et
1872 5192 2023 5246 obiit.
2064 5194 2127 5247 Et

559 5268 889 5323 Nicomedia
922 5280 1081 5336 agens
1114 5265 1170 5317 in
1220 5265 1474 5336 suburbio
1516 5265 1765 5336 quodam
1795 5265 2017 5333 suscipit
2057 5282 2144 5336 sa-

558 5347 895 5393 crosanctum
941 5334 1222 5404 baptisma,
1254 5334 1532 5388 distulerat
1575 5351 1693 5388 vero
1747 5334 1863 5392 hoc.
1892 5346 2000 5389 etc.
2041 5335 2140 5390 Se-

559 5415 751 5476 quitur
802 5406 1110 5460 Alexander
1140 5406 1452 5474 opiuionem
1511 5404 1831 5476 Eusebiide
1876 5405 2143 5473 baptismo

558 5475 902 5534 Constantini
938 5494 955 5539 ς
992 5477 1094 5530 8θύ
1121 5476 1409 5530 Eusebium
1443 5476 1625 5544 plures
1667 5475 1943 5535 refellunt,
1972 5477 2138 5528 etiam

560 5566 624 5603 ex
685 5549 911 5603 Graecis.
962 5545 1122 5600 Hunc
1169 5544 1538 5601 Alexandrum
1581 5546 1906 5600 nominatim
1943 5546 2142 5599 refutat

559 5620 779 5686 Clycas,
812 5635 865 5674 ιν
896 5626 1034 5686 part.
1067 5616 1377 5671 Annalium.

635 5688 748 5758 (7f)
779 5688 903 5742 Hmc
932 5689 1138 5749 omnia,
1176 5701 1344 5753 usque
1367 5686 1433 5738 ad
1470 5686 1583 5751 illa,
1645 5688 2021 5758 κρατήσαντος
2038 5686 2139 5754 τῆς

563 5756 861 5828 βασιλείας,
896 5759 1092 5827 partim
1126 5758 1398 5820 restituta,
1433 5757 1631 5826 partim
1679 5756 1887 5822 adjecta
1922 5766 2049 5810 sunt
2079 5772 2145 5810 ex

2244 4926 2490 4968 manusc.
2533 4914 2877 4980 cod.crypt:e
2915 4908 3069 4980 Ferr.
3106 4907 3237 4962 Nam
3272 4908 3323 4962 iu
3358 4906 3634 4959 Bavarieo
3677 4907 3840 4974 plera-

2244 4998 2350 5052 que
2383 4985 2632 5047 deerant,
2669 4979 2866 5050 etquae
2901 4979 3149 5052 aderant,
3187 4988 3295 5052 tam
3333 4981 3642 5052 deprauata
3677 4989 3839 5052 erant.

2245 5045 2303 5107 ut
2328 5054 2414 5107 vix
2467 5055 2579 5106 veri
2620 5045 2823 5106 sensus
2877 5051 3114 5103 sriutilla
3168 5049 3453 5102 emicaret.
3521 5045 3638 5101 Sed
3670 5049 3841 5115 accipe

2247 5124 2364 5191 ipsa
2396 5124 2558 5178 verba
2604 5141 2616 5175 :
2655 5119 3053 5191 KatéksmsBE
3094 5118 3231 5191 Δτούς
3260 5118 3468 5191 αὐτοὺς.
3506 5118 3669 5181 υἱοὺς
3709 5119 3840 5191 τρεῖς

2248 5187 2410 5257 ὄντας
2444 5193 2818 5261 κληρονόμους
2836 5192 2935 5259 τῆς
2966 5188 3264 5261 βασιλείας·
3295 5188 3389 5240 τὸν
3415 5188 3520 5261 μὲν
3543 5187 3838 5261 πρεσϐύτε-

2256 5266 2458 5338 ρονῌείς
2480 5259 2576 5338 ττῖ⁸
2600 5264 2881 5338 Ἑσπερία.
2900 5260 3093 5338 59.12;:
3121 5259 3504 5338 ᾷεύτεροχτὴν
3545 5259 3737 5338 {prius
3773 5260 3839 5309 ἑν-

2247 5328 2621 5397 ἐτείλατο,τὸν
2651 5328 2961 5404 τρίτονητῆς
2989 5328 3282 5404 Εὐρώπης.
3337 5328 3533 5404 Οὐρεὶς
3649 5328 3836 5404 eodem:

2232 5407 2430 5474 ’παρῆν
2443 5407 2522 5467 είς
2538 5404 2635 5475 τὴν
2657 5397 2851 5475 ἑαυτοῦ
2872 5397 3146 5475 τελευτήν,
3164 5400 3408 5475 Τελευτᾷ
3419 5398 3479 5449 δὲ
3496 5397 3578 5475 the
3597 5398 3834 5475 ὲτῷν-ςεκ

2836 5467 2933 5524 λ6².
2957 5454 3282 5539 Ἀνεκόμισε
3312 5454 3393 5543 ’δέ
3415 5469 3618 5543 τούτρυ
3672 5454 3831 5543 Regia:

2246 5565 2335 5601 νον
2365 5547 2394 5598 ὁ
2447 5538 2826 5605 Κωνστάντιος
2875 5544 2954 5605 είς
3006 5538 3425 5593 Κωνσταντίνου
3473 5539 3662 5591 πόλιν.
3710 5538 3836 5591 Ἐτε-

2243 5619 2473 5687 λεύτησε
2513 5617 2569 5668 δὲ
2600 5614 3037 5687 εἰκάδι-δευτέρα
3087 5608 3183 5662 τοῦ
3222 5608 3422 5680 μηνός.
3466 5609 3836 5663 Κωνσταντξον

2252 5685 2431 5742 τοίνυν
2458 5687 2556 5756 τῆς
2591 5685 2889 5757 βασιλείας,
2916 5693 3022 5737 etc.
