3896 6306
111 343 247 411 4060

1111 337 1209 401 DE
1234 336 1705 402 lNVENTlONE
1743 339 2047 398 SANCTJE
2079 341 2374 401 CRUCIS.

3245 345 3390 412 4070

112 463 317 530 ἔφασαν
344 456 627 526 γεγονέναι
658 453 754 522 τῆς
784 452 890 505 τῶν
919 451 1258 520 Ἐκκλησιῶν
1272 451 1612 521 διαιρέσεως.
1631 441 1704 503 υῦ

1813 464 2024 502 omnem
2095 449 2462 505 Ecclesiarum
2526 451 2845 506 divisionem
2895 463 3141 506 exortam
3199 456 3386 518 fuisse.

107 553 386 624 ἀρθέντος,
421 549 520 602 οὐκ
549 547 627 600 ἔτι
660 546 812 598 ἔσται
852 543 1263 614 ἀμφισϐήτησις
1328 543 1457 612 περὶ
1493 541 1696 611 δογμά-

103 662 233 697 των.
283 642 339 696 '0
366 643 421 694 δὲ
452 639 746 709 κουφότητι
780 637 1006 708 γνώμης
1053 635 1430 699 ἀϐασανίστως
1465 633 1693 705 δεξάμε-

105 754 196 798 νος
221 737 346 798 τοὺς
403 733 598 800 λόγους
657 729 860 795 αὐτῶν,
912 727 1167 780 συνέθετο
1212 725 1371 780 τοῦτο
1428 727 1692 797 ποιῆσαι,

105 828 200 878 καὶ
234 826 395 877 πάλιν
426 819 493 894 ἦν
520 824 759 893 τάραχος
809 821 910 872 οὐκ
957 818 1134 888 ὀλίγος
1168 819 1226 871 ὲν
1270 818 1366 890 ὅλῃ
1413 821 1479 889 τῇ
1514 819 1695 871 οίκου-

110 917 269 987 μένῃ.

185 1009 320 1062 Κατ’
346 1009 553 1060 ἐκεῖνον
575 1007 632 1060 δὲ
659 1005 752 1059 τὸν
789 1005 984 1075 καιρὸν
1032 1003 1216 1074 θαῦμα
1247 1004 1472 1072 γέγονεν
1503 1005 1559 1055 ὲν
1603 1003 1700 1056 Ἰε-

112 1096 300 1170 ροσολύ
311 1114 433 1167 μοις
465 1097 644 1163 πάντα
669 1095 828 1164 λόγον
873 1095 1216 1166 ὐπερϐαῖνον.
1261 1093 1481 1163 Ἐπειδὴ
1510 1093 1618 1164 γὰρ
1641 1093 1700 1146 ὲν

107 1191 175 1258 τῇ
196 1187 303 1240 τῶν
320 1187 608 1256 δογμάτων
627 1185 930 1255 φιλονεικίᾳ
946 1186 1157 1253 ὲκκοπὴ
1183 1184 1377 1252 γέγονε
1397 1183 1506 1235 τῶν
1529 1201 1700 1253 προσ-

109 1278 419 1350 ερχομένων
450 1280 516 1348 τῇ
559 1277 760 1342 πίστει,
811 1274 1314 1345 σκανδαλιζομένων
1359 1275 1453 1326 ἐπὶ
1493 1277 1560 1345 τῇ
1591 1274 1702 1326 τῶν

113 1371 426 1441 ἱερωμένων
455 1369 746 1440 διαφωνία,
775 1368 1073 1438 οὐρανόθεν
1117 1366 1320 1433 ἔδειξεν
1355 1369 1383 1420 ὁ
1425 1365 1534 1419 τῶν
1566 1367 1700 1419 θαυ-

116 1463 325 1534 μασίων
349 1461 502 1527 Θεὸς,
529 1463 612 1515 ὅτι
637 1463 734 1532 οὐχ
763 1463 791 1515 ό
812 1461 968 1530 λόγος
994 1459 1092 1529 τῆς
1142 1461 1222 1522 είς
1249 1459 1413 1512 αὐτὸν
1465 1458 1703 1519 πίστεως

112 1557 286 1618 αἴτιος
323 1555 433 1626 τῶν
472 1552 807 1618 σκανδάλων,
845 1552 980 1606 ἀλλὰ
1000 1552 1108 1604 τῶν
1146 1551 1425 1621 ἀδοκίμων
1451 1549 1700 1620 ἱερέωνὴ

116 1647 376 1718 σκαιότης
429 1648 523 1700 καὶ
569 1649 668 1718 τῆς
722 1645 991 1714 κακίστης
1026 1643 1209 1697 αὐτῶν
1233 1641 1462 1713 γνώμης
1491 1643 1524 1710 ἡ
1553 1641 1702 1692 ἀδια-

113 1739 338 1809 κρασία.
362 1737 664 1810 Τοιγαροῦν
712 1737 866 1806 ἄφνω
900 1737 1155 1806 φαίνεται
1189 1735 1375 1788 ἐπάνω
1413 1732 1511 1786 τοῦ
1543 1733 1700 1801 ἁγίου

109 1797 356 1897 Γολγοθά
383 1797 595 1900 ἡμέρας
633 1797 924 1898 μεσούσης.
954 1826 1419 1896 παμμεγέστατος
1469 1797 1700 1893 σταυρὸς
1733 1797 1774 1850 Β

111 1923 181 1975 ὲκ
209 1922 384 1991 φωτὸς
442 1920 978 1991 κατεσκευασμένος,
1009 1918 1304 1974 καλύπτων
1327 1916 1424 1988 τὴν
1444 1915 1539 1968 τοῦ
1567 1917 1706 1985 ἡμε-

114 2015 272 2083 τέρου
305 2013 459 2084 ἡλίου
497 2013 862 2084 λαμπρότητα
913 2014 981 2081 τῇ
1039 2009 1316 2080 ὑπερϐολῇ
1359 2006 1456 2060 τοῦ
1503 2006 1704 2076 φωτὸς,

115 2105 346 2158 ἐνώπιον
375 2106 593 2158 πάντων
619 2105 727 2156 τῶν
749 2104 848 2174 τὴν
883 2103 1037 2156 πόλιν
1055 2100 1371 2161 οἰκούντων,
1409 2097 1621 2169 μικρῶν
1643 2115 1705 2151 τε

117 2198 210 2250 καὶ
235 2196 506 2266 μεγάλων,
534 2194 744 2247 πιστῶν
767 2211 825 2246 τε
858 2194 951 2246 καὶ
976 2193 1240 2245 ἀπίστων.
1268 2190 1535 2261 Κύριλλος
1554 2190 1611 2242 δὲ
1635 2187 1705 2263 ἦν

110 2278 414 2341 τότεότῶν
452 2286 843 2359 Ἰεροσολύμων
882 2285 1200 2349 ἐπίσκοπος,
1236 2282 1329 2336 τὸν
1366 2281 1705 2352 ὁμολογητὴν

112 2379 457 2448 Μάξιμωνᾶν
491 2377 895 2446 διαδεξάμενος.
933 2376 1138 2428 Τούτου
1174 2373 1440 2438 σώζονται
1469 2374 1706 2444 κατηχή-

115 2487 230 2532 σεις
259 2468 561 2532 δεκαοκτὼ,
614 2467 916 2537 εύδοκίμως
971 2464 1486 2536 συγγεγραμμέναι,
1530 2468 1589 2518 ὲν
1614 2459 1704 2528 αἷς

113 2559 178 2610 τὸ
242 2559 398 2626 ἅγιον
465 2557 744 2628 Σύμῦολον
789 2555 1138 2627 ἑρμηνεύσας
1193 2554 1416 2624 μνήμην
1463 2553 1562 2622 τῆς
1609 2553 1703 2606 τοῦ

113 2648 403 2718 όμοουσίου
453 2647 650 2713 λέξεως
686 2649 787 2701 οὐκ
845 2650 1163 2717 ἐποιήσατο,
1231 2645 1338 2698 τῶν
1399 2647 1704 2698 καταδυνα-

117 2743 418 2795 στευόντων
451 2742 570 2794 τότε
601 2742 700 2803 τὰς
731 2740 1005 2802 συσκευὰς
1063 2737 1436 2809 ὑφορώμενος.
1479 2739 1703 2810 Ἔμεινε

115 2835 173 2888 δὲ
213 2835 359 2903 ὅμως
394 2835 490 2885 σὺν
515 2835 626 2895 τοῖς
660 2833 838 2900 ἁγίοις
886 2835 998 2886 Πατ
1013 2833 1160 2902 ράσι,
1190 2833 1509 2904 συνηγορῶν
1532 2833 1705 2901 ἀγρά-

117 2944 234 2994 φως
256 2928 319 2996 τῇ
369 2925 687 2996 Ἐκκλησία.
731 2919 897 2987 Οὗτος
956 2926 1163 2996 ἔγραψε
1206 2926 1284 2996 τῷ
1312 2926 1520 2996 βασιλεῖ
1551 2928 1704 2980 Κων-

118 3020 353 3085 σταντίῳ
387 3035 453 3071 πε
465 3019 514 3087 pl.
537 3016 630 3070 τοῦ
669 3018 962 3088 γενομένου
991 3035 1055 3087 ση
1066 3018 1242 3088 μείου.
1269 3018 1526 3086 Ἀμεινον
1554 3017 1608 3069 δὲ
1636 3016 1704 3068 τὰ

121 3109 250 3178 περὶ
276 3107 465 3162 τούτου
498 3109 698 3173 διδάξει
745 3109 884 3162 αὐτὰ
933 3109 1028 3162 τοῦ
1076 3111 1382 3164 ἐπισκόπου
1416 3107 1486 3163 τὰ
1519 3108 1703 3179 γράμ-
1731 3126 1773 3183 C

120 3216 292 3268 ματα,
320 3198 514 3270 ἔχοντα
547 3198 672 3253 τάδε
705 3215 719 3228 ο

196 3396 215 3428 ι
255 3378 376 3430 Ἐπὶ
408 3377 508 3447 μὲν
541 3377 636 3429 τοῦ
671 3367 946 3448 μακαρίου
978 3378 1070 3431 καὶ
1099 3378 1348 3448 ἀοιδίμου
1377 3379 1583 3450 πατρός
1610 3395 1704 3430 σου

115 3469 178 3522 τὸ
215 3471 484 3540 σωτήριον
515 3467 743 3538 εὕρηται
777 3467 870 3520 τοῦ
931 3465 1198 3530 ζωοποιοῦ
1258 3469 1494 3541 σταυροῦ
1527 3468 1709 3534 ξύλον·

117 3563 215 3614 ἐπὶ
249 3562 306 3615 δὲ
335 3561 454 3626 σοῦ,
487 3561 846 3614 εύσεϐέστατε
902 3562 1147 3631 βασιλεῦ,
1177 3567 1509 3636 προγονικὴν
1549 3567 1708 3620 εὐσέ-

115 3650 274 3704 ϐειαν
306 3652 696 3719 ὲπανάγοντος,
738 3652 964 3715 εἰκότως
1002 3654 1102 3707 οὐκ
1144 3655 1208 3708 ἐκ
1241 3656 1365 3725 γῆς,
1388 3656 1502 3709 ἀλλ’
1523 3657 1580 3724 ἐξ
1615 3659 1704 3709 οὺ-

118 3743 288 3816 ρανοῦ
340 3745 409 3797 τὰ
467 3744 1038 3814 θαυματουργὴματα.
1087 3747 1175 3799 Ἐν
1224 3748 1333 3818 γὰρ
1379 3752 1498 3811 ταῖς
1527 3751 1710 3817 ἁγίαις

117 3831 350 3894 ταύταις
410 3832 645 3901 ἡμέραις
702 3834 803 3902 τῆς
850 3834 1254 3907 Πεντηκοστῆς,
1291 3838 1472 3901 νόναις
1501 3841 1709 3904 Μαῖαις

119 3923 252 3992 περὶ
281 3923 473 3994 τρίτην
510 3923 660 3993 ὥραν
685 3924 1152 3994 παμμεγέστατος
1180 3928 1410 4000 σταυρὸς
1449 3931 1514 3983 ὲκ
1533 3931 1711 3997 φωτὸς

118 4015 637 4084 κατεσκευασμένος
658 4017 714 4068 ὲν
735 4017 794 4068 οὐ
806 4018 950 4088 ρανῴ
972 4019 1228 4090 ὑπεράνω
1269 4021 1361 4073 τοῦ
1397 4023 1552 4090 ἁγίου
1586 4025 1708 4077 Γολ-

77 4117 86 4128 '
119 4103 261 4172 γοθᾶ
291 4107 387 4158 καὶ
409 4108 569 4176 μέχρι
591 4106 683 4158 τοῦ
709 4108 863 4174 ἁγίου
888 4108 1048 4178 ὅρους
1077 4112 1182 4162 τῶν
1214 4112 1441 4164 Ἐλαιῶν
1467 4114 1705 4167 ἐκτεινό-

124 4213 290 4266 μενος
321 4198 596 4266 ἐφαίνετο,
625 4199 724 4267 οὐχ
777 4200 858 4252 ἐνὶ
896 4203 989 4254 καὶ
1035 4203 1272 4274 δευτέρῳ
1306 4205 1466 4274 μόνον
1499 4208 1709 4275 φανεὶς,

124 4287 267 4340 ἁλλὰ
300 4288 462 4340 παντὶ
490 4286 568 4357 τῷ
597 4288 694 4358 τῆς
724 4290 931 4352 πόλεως
984 4292 1176 4362 πλήθει
1216 4295 1574 4367 φανερώτατα
1602 4298 1711 4350 δει-

118 4377 298 4448 χθεὶς,
334 4379 444 4430 οὐδ’
479 4379 554 4442 ὡς
588 4379 653 4433 ἄν
704 4397 787 4444 τις
839 4382 1083 4452 νομίσαι,
1143 4384 1307 4449 ὀξέως
1350 4387 1382 4456 ἡ
1443 4390 1537 4441 καὶ
1570 4391 1710 4445 κατὰ

1799 555 1900 607 qua
1937 540 2169 605 sublata,
2201 542 2402 595 nnilam
2432 543 2659 610 ampline
2681 544 2745 597 de
2779 545 3123 614 dogmatibus
3152 546 3388 604 futuram

1799 633 2264 699 controversiam;
2306 649 2465 703 quem
2521 635 2734 689 illorum
2793 652 3101 693 sermonem
3155 640 3246 694 ille
3307 651 3390 698 te-

1803 737 1971 785 mere,
2003 723 2070 773 ob
2107 723 2304 776 mentis
2327 723 2550 776 nimiam
2581 724 2855 780 levitatem
2894 727 3211 793 admittens,
3255 747 3389 787 con-

1801 815 1967 867 cessit
2012 813 2061 866 id
2118 813 2259 880 fieri,
2323 822 2583 883 ortusque
2633 815 2760 869 hinc
2787 825 2870 870 est
2921 833 3017 886 per
3078 819 3388 876 universum

1801 906 2062 958 mundum
2101 907 2363 960 tumultus
2389 921 2494 959 non
2534 906 2810 961 minimus.

1873 996 2031 1052 Circa
2074 998 2217 1051 idem
2249 1013 2380 1052 vero
2408 1008 2624 1068 tempus
2667 1014 2754 1054 res
2787 1001 3030 1057 miranda
3073 1002 3392 1074 Hierosoly-

1802 1088 1906 1142 mis
1940 1088 2158 1153 accidit,
2193 1104 2315 1158 quae
2352 1103 2573 1142 omnem
2601 1090 2904 1144 orationem
2957 1102 3200 1160 superat.
3254 1094 3388 1148 Cum

1803 1178 1949 1232 enim
1979 1177 2050 1230 ob
2079 1178 2219 1230 hanc
2250 1177 2648 1232 sententiarum
2711 1179 3111 1246 diversitatem,
3150 1184 3390 1238 variam-

1803 1284 1907 1338 que
1940 1267 2405 1339 digladiationem,
2444 1286 2637 1340 magna
2686 1270 2839 1326 fieret
2885 1271 3122 1326 divulsio
3174 1288 3387 1342 eorum,

1803 1360 1893 1429 qui
1924 1375 2114 1414 recens
2162 1361 2226 1413 ad
2261 1359 2420 1414 fidem
2456 1373 2739 1424 venerant,
2789 1363 2930 1431 quod
2980 1363 3391 1422 offenderentur

1804 1453 1904 1505 hac
1936 1452 2281 1506 sacerdotum
2318 1452 2684 1518 dissensione,
2718 1454 2960 1508 ostendit
3014 1457 3233 1511 ccelitus
3284 1460 3390 1512 mi-

1805 1541 2058 1594 rabilium
2110 1541 2198 1614 ille
2229 1553 2484 1610 operator
2528 1543 2707 1610 Deus,
2766 1561 3110 1615 nequaquam
3164 1550 3390 1603 verbum

1805 1644 2007 1688 nostra:
2065 1635 2185 1688 fidei
2231 1651 2419 1690 ansam
2483 1637 2867 1691 scandalorum
2918 1641 3240 1709 przebuisse,
3298 1643 3391 1696 sed

1807 1722 1981 1776 solum
2021 1723 2424 1812 improbitatem
2453 1725 2592 1778 male
2629 1725 2981 1792 probatorum
3040 1730 3392 1784 sacerdotum

1807 1815 2168 1882 stolidamque
2229 1816 2424 1869 mentis
2458 1831 2732 1884 perversae
2789 1819 3190 1886 intemperiem.
3253 1819 3394 1874 Ecce

1809 1904 1951 1960 enim
1989 1908 2281 1973 derepente
2331 1920 2491 1973 supra
2521 1915 2771 1959 sanctum
2818 1918 3060 1961 montem
3095 1907 3391 1978 Golgotha,

1808 1997 2121 2062 mediojam
2151 1995 2258 2059 die,
2296 1997 2692 2065 pretiosissima
2742 2012 2876 2052 crux
2907 2015 2972 2052 ex
3028 2001 3279 2055 coruscis
3301 2016 3394 2054 ra-

1809 2089 1914 2142 diis
1941 2087 2192 2142 confecta
2228 2091 2498 2156 apparuit,
2529 2090 2665 2144 solis
2698 2092 2875 2145 nostri
2931 2093 3236 2146 claritatem
3291 2108 3395 2148 suo

1808 2177 2098 2247 splendore
2152 2178 2474 2242 obscurans,
2533 2179 2697 2247 idque
2755 2181 3063 2234 videntibus
3119 2183 3392 2248 omnibus,

1808 2269 1899 2336 qui
1926 2268 2198 2321 civitatem
2233 2267 2562 2330 incolebant,
2599 2268 2808 2333 pusillis
2834 2277 2888 2320 et
2930 2269 3160 2339 magnis,
3225 2270 3397 2323 fideli-

1809 2363 1909 2416 bus
1934 2373 1987 2416 et
2022 2362 2346 2415 infidelibus.
2407 2361 2641 2430 Fuitqne
2681 2364 2784 2417 hoc
2820 2373 3071 2432 tempore
3104 2364 3398 2431 episcopus

1809 2452 2338 2522 Hierosolymitanus
2393 2453 2654 2524 Cyrillus,
2715 2470 3000 2509 successor
3055 2455 3392 2511 confessoris

1808 2544 2150 2608 Maximorum,
2182 2543 2337 2610 cujus
2369 2544 2668 2596 etlamnum
2707 2545 2890 2597 decem
2916 2552 2971 2597 et
2993 2554 3115 2597 octo
3143 2544 3396 2599 Cateche—

1809 2651 1895 2689 ses
1927 2645 2218 2688 servantur
2245 2634 2487 2704 legitime
2535 2635 2884 2702 conscriptae,
2933 2636 2984 2688 in
3047 2636 3244 2703 quibus
3293 2652 3396 2690 sa—-

1808 2739 1958 2776 crum
1987 2724 2266 2792 explicans
2315 2723 2656 2795 Symbolum,
2711 2726 2861 2781 verbi
2923 2727 3392 2785 consubstantialis

1807 2815 2137 2869 mentionem
2175 2816 2380 2878 omisit,
2415 2818 2718 2886 principum
2763 2819 2815 2871 in
2867 2832 2946 2884 se,
2980 2819 3082 2873 nisi
3121 2820 3172 2873 id
3214 2820 3379 2875 fecis-

1809 2917 1911 2972 set,
1947 2907 2172 2962 insidias
2197 2916 2414 2976 paratas
2437 2908 2648 2974 videns,
2679 2910 2877 2963 mansit
2912 2920 3089 2966 tamen
3125 2927 3247 2966 cum
3276 2928 3394 2966 san-

1809 2997 1909 3051 ctis
1956 2995 2230 3063 Patribus,
2264 2997 2564 3054 Ecclesiam
2614 3014 2770 3065 voce,
2807 3016 2912 3055 non
2950 3003 3168 3071 scriptis
3199 3002 3392 3059 defen-

1809 3090 1962 3144 dens.
2002 3089 2100 3145 Hic
2131 3091 2198 3146 ad
2229 3091 2610 3160 imperatorem
2644 3094 2709 3146 de
2737 3107 2823 3157 eo,
2877 3097 3024 3163 quod
3091 3097 3390 3163 acciderat,

1807 3178 2046 3245 scripsit.
2102 3179 2316 3233 Clarius
2355 3189 2536 3234 autem
2591 3181 2828 3250 episcopi
2873 3181 3046 3252 ipsius
3097 3185 3294 3241 littera:
3339 3187 3393 3241 id

1807 3271 2112 3325 edocebnnt
2138 3289 2153 3325 :
2184 3286 2264 3327 ea;
2296 3274 2370 3326 ita
2403 3289 2461 3328 se
2490 3274 2688 3329 habent
2723 3291 2737 3328 :

1885 3381 1904 3412 ι
1949 3363 2214 3431 Tempore
2238 3368 2679 3432 praastantissimi
2726 3382 2791 3420 ac
2837 3369 2937 3436 piae
2983 3371 3258 3426 memoriae
3297 3389 3394 3442 pa-

1810 3454 1907 3510 tris
1936 3455 2035 3522 tui,
2100 3456 2341 3511 salutare
2367 3457 2595 3512 vivificae
2635 3460 2820 3514 crucis
2860 3461 3063 3530 lignum
3113 3463 3394 3520 inventum

1808 3556 1910 3601 est.
1965 3547 2081 3602 Tuo
2141 3563 2274 3603 vero
2321 3559 2587 3618 tempore,
2637 3552 2883 3619 piissime
2927 3554 3246 3624 imperator,
3299 3557 3393 3613 tibi

1811 3643 2008 3693 avitam
2044 3641 2301 3694 virtutem
2349 3641 2635 3704 referenti,
2675 3645 2873 3698 merito
2933 3662 3039 3699 non
3106 3664 3172 3702 ex
3224 3658 3392 3716 terra,

1810 3730 1905 3784 sed
1940 3745 2007 3783 ex
2059 3731 2197 3786 coelo
2229 3733 2384 3801 signa
2418 3744 2814 3789 monstrantur.
2851 3735 3035 3792 Sacris
3057 3740 3199 3793 enim
3244 3741 3396 3797 hisce

1811 3822 2163 3878 Pentecostes
2191 3825 2421 3892 diebus,
2471 3825 2641 3881 Nonis
2674 3828 2823 3894 Maii,
2867 3830 3014 3886 circa
3058 3833 3248 3888 horam
3293 3845 3396 3890 ter-

1813 3914 1964 3981 tiam,
2016 3916 2249 3970 maxima
2277 3933 2411 3972 crux
2451 3934 2517 3972 ex
2560 3920 2680 3974 luce
2711 3921 2872 3984 facta,
2909 3922 2976 3976 de
3013 3924 3173 3990 caelo,
3230 3910 3396 3996 super

1813 4022 2029 4061 sacrum
2061 4019 2298 4064 montem
2332 4010 2623 4079 Golgotha,
2651 4029 2822 4083 usque
2861 4015 2931 4069 ad
2963 4030 3212 4072 sanctum
3249 4035 3398 4074 mon-

1814 4105 1918 4152 tem
1959 4097 2238 4153 Olivarum
2275 4111 2495 4156 extenta
2540 4106 2833 4172 apparuit;
2887 4122 2992 4160 non
3035 4109 3126 4162 uni
3161 4118 3394 4176 tantum,

1812 4194 1908 4242 aut
1946 4189 2099 4243 alteri
2133 4191 2268 4258 visa,
2325 4197 2418 4246 sed
2452 4194 2720 4251 universa:
2749 4197 2989 4252 civitatis
3056 4200 3393 4258 multitudini

1812 4280 2159 4348 apertissime
2216 4291 2458 4339 ostensa.
2513 4284 2702 4356 Neque
2733 4297 2789 4341 ut
2838 4289 3035 4358 aliquis
3090 4288 3231 4345 forte
3277 4294 3398 4346 exi-

1812 4372 2036 4425 stimare
2096 4384 2300 4442 posset,
2363 4376 2640 4432 celeriter
2693 4381 2994 4434 secundum
3053 4383 3394 4450 phantasiam

121 4469 430 4538 φαντασίαν
486 4471 882 4542 παραδραμὼν,
941 4475 1056 4527 ἀλλ’
1114 4478 1207 4528 ἐπὶ
1255 4479 1498 4532 πλείοσιν
1540 4479 1704 4551 ὥραις

1817 4478 2167 4532 percurrens,
2202 4469 2295 4521 sed
2333 4469 2515 4524 multis
2565 4471 2713 4526 horis
2751 4486 2915 4540 supra
2968 4483 3167 4527 terram
3219 4475 3398 4531 mani-

119 4561 266 4630 ὖπὲρ
317 4563 420 4632 γῆν
463 4563 898 4633 ὀφθαλμοφανῶς
972 4565 1386 4637 θεωρούμενος,
1444 4573 1541 4624 καὶ
1588 4575 1709 4637 ταῖς

120 4653 646 4723 ἁπαστραπτούσαις
671 4659 1062 4725 μαρμαρυγαῖς
1095 4659 1194 4720 τὰς
1229 4659 1460 4728 ἡλιακὰς
1489 4664 1710 4726 ἀκτῖνας

121 4745 454 4814 νικήσας.Ἰ1
483 4749 592 4814 γάρ
622 4745 686 4798 ἂν
709 4749 1009 4817 νικώμενος
1029 4749 1120 4800 ὑπ’
1138 4750 1316 4802 αὐτῶν
1350 4752 1708 4820 ἐκαλύπτετο,

121 4841 283 4910 εἰμὴ
321 4839 702 4910 δυνατωτέρας
748 4840 899 4910 ἡλίου
953 4846 1066 4905 τοῖς
1115 4843 1282 4913 ὁρῶσι
1344 4848 1570 4916 παρεῖχε
1612 4847 1710 4911 τὰς

120 4929 499 4999 λαμπηδόνας,
527 4928 602 4990 ὡς
627 4930 772 4982 ἅπαν
821 4928 880 4993 ἐξ
918 4929 1087 4997 αὐτῆς
1125 4932 1223 5000 τῆς
1276 4933 1434 4999 ἁγίας
1474 4935 1748 5005 ἰικκλη-σ-

121 5024 250 5084 σίας
274 5022 599 5092 συνδραμεῖν
628 5020 688 5072 τὸ
723 5020 948 5089 πλῆθος,
997 5021 1076 5090 τῷ
1113 5022 1211 5090 τῆς
1254 5023 1510 5090 θεοπτίας
1560 5027 1710 5098 φόϐῳ

124 5111 391 5181 συσχεθὲν
421 5112 479 5174 ἐξ
499 5108 728 5181 ούρανοῦ
749 5111 931 5162 θεόθεν
952 5112 1343 5182 γεγενημένης.
1358 5131 1379 5166 ι
1400 5115 1509 5168 Καὶ
1537 5115 1710 5168 ταῦτα

125 5204 229 5274 μὲν
274 5206 302 5254 ὁ
337 5203 629 5265 ἐπίσκοπος
641 5240 654 5256 .

209 5296 306 5349 Ἐκ
354 5295 560 5364 ταύτης
612 5295 668 5347 δὲ
710 5295 1172 5363 παραδοξοποιίας
1226 5297 1420 5349 πολλαὶ
1477 5298 1711 5368 χιλιάδες

123 5384 537 5457 προσετέθησαν
587 5386 653 5454 τῇ
702 5384 902 5436 πίστει.
938 5385 1081 5441 ’Ἕως
1115 5379 1217 5440 ὧδε
1261 5388 1392 5456 περὶ
1430 5389 1524 5456 τῆς
1552 5389 1709 5457 εὑρέ-

120 5495 268 5540 σεως
329 5476 441 5547 (7‘2)
493 5474 588 5528 τοῦ
627 5475 895 5538 ζωοποιοῦ
938 5479 1173 5548 σταυροῦ
1220 5481 1254 5548 ἡ
1299 5479 1507 5548 ἱστορία
1544 5479 1707 5544 ἔστω,

1814 4555 1952 4610 l'este
1987 4567 2304 4625 conspecta,
2335 4559 2620 4628 splendore
2673 4579 2771 4616 suo
2816 4563 2948 4618 solis
3001 4567 3184 4621 radios
3240 4569 3398 4640 longe

1815 4661 2104 4717 superans.
2137 4649 2300 4705 Certe
2324 4652 2469 4705 enim
2503 4655 2571 4707 ab
2602 4655 2709 4709 illis
2739 4667 3015 4726 superata,
3079 4660 3396 4719 abscondita

1813 4739 2029 4805 fuisset,
2065 4743 2165 4797 nisi
2198 4743 2538 4798 intuentibus
2571 4746 2746 4815 ipsam
2777 4749 2890 4803 sole
2951 4751 3247 4806 lucidiores
3309 4771 3398 4808 ra-

1817 4835 1934 4888 dios
1965 4834 2305 4890 exhibuisset
2339 4854 2351 4890 :
2389 4838 2522 4891 adeo
2577 4849 2634 4892 ut
2681 4839 2824 4894 illico
2853 4844 3106 4899 universa
3164 4849 3400 4907 civitatis

1817 4925 2109 4979 multitudo
2139 4927 2205 4980 ad
2233 4937 2478 4982 sanctam
2511 4929 2808 4985 Ecclesiam
2841 4948 3212 5004 concurreret,
3255 4955 3396 4998 metu

1817 5021 1986 5076 divini
2016 5021 2174 5077 istius
2203 5023 2432 5094 prodigii
2463 5026 2676 5082 coalitus
2699 5025 2824 5083 facti
2848 5032 3138 5099 perterriti.
3166 5051 3184 5083 ι
3223 5035 3402 5104 Atque

1817 5112 2080 5169 hactenus
2111 5115 2329 5184 quidem
2363 5117 2672 5188 episcopus.

1889 5292 1968 5346 Ex
1997 5309 2104 5362 quo
2137 5302 2244 5350 tum
2276 5299 2545 5366 stupendo
2571 5301 2838 5379 miraculo
2889 5303 3055 5357 multa
3121 5306 3399 5361 hominum

1821 5385 1980 5438 millia
2021 5387 2086 5439 ad
2117 5386 2275 5442 fidem
2313 5403 2371 5443 se
2424 5391 2820 5460 applicuerunt.
2879 5394 3003 5450 ιιωρ
3064 5399 3128 5450 de
3176 5397 3402 5455 vivifica:

1818 5479 1996 5532 crucis
2043 5478 2374 5546 inventione,
2419 5491 2640 5552 totaque
2693 5484 2921 5540 historia
2979 5487 3122 5542 dicta
3159 5489 3288 5554 sint,
3346 5502 3402 5546 et

1626 5613 1860 5670 NOTIE.

199 5706 312 5775 (Τὲ)
349 5705 541 5758 Addita
576 5713 700 5759 sunt
742 5722 806 5759 ex
855 5705 975 5759 cod.
1025 5705 1215 5774 Crypt.
1273 5705 1429 5760 Fcrr.
1492 5708 1716 5774 scripta,

121 5788 183 5832 ut
214 5787 463 5847 apparet,
499 5778 550 5829 in
589 5776 728 5842 illos,
770 5779 860 5846 qui
899 5775 1239 5840 Quirini-um,
1273 5793 1366 5832 seu
1391 5779 1702 5849 (Syriacum,

1830 5707 1979 5776 prius
2014 5705 2207 5784 ludam
2232 5708 2586 5784 appellatum,
2610 5711 3159 5784 llierosolymitanum
3193 5714 3400 5784 episco-

1817 5794 1942 5846 pum
1973 5778 2313 5833 constituunt
2346 5795 2361 5845 ;
2394 5780 2618 5850 ejusque
2653 5778 2912 5853 auspiciis
2961 5801 3176 5841 crucem
3215 5778 3408 5843 inven-
