3946 6318
504 294 646 364 4071

1744 294 2179 357 ALEXANDRI
2219 294 2564 358 MONACIII

3647 293 3785 360 £072

498 427 661 468 nemo
694 409 933 479 seipsum
970 408 1205 477 decipiat
1232 422 1368 462 vana
1419 406 1727 476 referendo,
1785 409 2093 465 fabulnsaso

2199 413 2290 465 καὶ
2311 411 2508 481 μηδεὶς
2534 410 2725 464 ἑαυτὸν
2750 411 3017 465 ἀπατάτω
3075 410 3454 481 ματαιολογῶν
3489 409 3781 481 ἀσύμφορα

495 519 603 574 que
632 502 971 558 narrationes
1003 501 1304 570 peregrinis
1345 500 1657 556 nominibus
1685 512 1971 556 eontestas
2002 517 2090 555 ar-

495 604 756 664 gumento
803 592 927 646 huic
977 591 1287 645 inserendo.
1348 589 1537 659 Neque
1569 590 1711 645 enim
1764 591 1906 645 ullus
1956 590 2095 644 alius

499 685 789 752 episcoltus
845 693 1044 752 praeter
1083 683 1369 750 praedictos
1426 682 1546 745 fuit,
1572 695 1746 748 neque
1803 681 1944 734 alius
1975 678 2091 734 Ro-

494 786 776 826 manorum
824 770 1138 838 imperator,
1205 785 1376 837 neque
1408 770 1514 823 alio
1577 770 1735 824 modo
1787 770 2093 824 veneranda

496 876 631 918 crux
678 860 1045 929 deprtcdicata
1073 869 1156 912 est
1184 868 1238 912 et
1288 859 1649 927 promulgata.
1702 857 1789 913 Ab
1847 861 2093 927 Augusto

496 954 639 1007 enim
674 954 1019 1019 imperatore,
1046 952 1145 1003 sub
1195 966 1301 1019 quo
1343 949 1594 1004 Christus
1625 950 1924 1004 secundum
1962 964 2089 1004 car-

497 1060 620 1100 nem
654 1055 809 1098 natus
844 1054 947 1109 est,
983 1058 1155 1109 usque
1190 1041 1252 1093 ad
1309 1041 1732 1094 Constantinum
1790 1040 2043 1109 Magnum
2066 1080 2081 1106 ,

500 1136 728 1204 triginta
762 1136 1005 1203 quinque
1039 1135 1398 1201 imperatores
1431 1133 1879 1187 intercesserunt.
1915 1130 2078 1184 Simi-

502 1225 627 1282 liter
655 1244 684 1282 a
708 1226 911 1283 Jacobo
942 1228 1111 1282 fratre
1140 1228 1373 1291 Domini,
1428 1242 1599 1295 usque
1626 1228 1694 1279 ad
1734 1225 1891 1291 hujus
1925 1226 2090 1292 impe-

500 1322 668 1383 rium,
702 1321 926 1388 triginta
968 1322 1212 1388 quinque
1272 1320 1491 1371 fuerunt
1532 1315 1924 1385 Hierosolymis
1967 1315 2089 1383 epis

501 1411 675 1478 scotii.
713 1411 1099 1464 Venerandant
1125 1419 1308 1462 autem
1336 1409 1477 1461 diem
1515 1407 1861 1461 exaltationis
1890 1416 2090 1458 sanctae

501 1500 680 1554 crucis
707 1511 759 1554 et
792 1500 1153 1554 dedicationis
1200 1497 1388 1566 templi
1435 1497 1624 1550 Patres
1645 1512 1708 1550 ex
1741 1496 2088 1563 imperatorio

494 1589 650 1657 jussu
710 1589 1037 1640 deﬁnierunt
1086 1587 1381 1656 quotannis
1441 1587 1823 1639 celebrandam
1878 1586 2086 1637 det-imo

502 1687 694 1748 qttat‘lt)
734 1679 821 1731 die
851 1678 1205 1746 Septembris,
1246 1678 1297 1731 itt
1328 1677 1589 1743 honorem
1617 1676 1817 1741 Patris,
1848 1685 1902 1728 et
1928 1673 2075 1737 Filii,

503 1778 556 1821 et
584 1767 816 1835 Spiritus
870 1766 1065 1820 sancti.

575 1962 1028 2038 Quoniam_vero,
1060 1961 1244 2015 divina
1280 1975 1378 2015 nos
1421 1959 1719 2028 adiuvante
1751 1961 1949 2031 gratia,
1974 1975 2099 2014 ora-

512 2057 660 2109 tione
694 2055 1062 2124 processimus
1094 2056 1161 2108 ad
1196 2055 1539 2124 splendidam
1571 2053 1693 2108 festi
1725 2056 1897 2108 nostri
1930 2056 2095 2119 diem,

506 2160 627 2217 quae
654 2156 741 2201 est
772 2147 1015 2200 ostensio
1068 2159 1125 2199 et
1151 2146 1414 2200 exaltatio
1466 2155 1670 2200 sanctae
1723 2146 1925 2207 crucis,
1974 2160 2095 2213 age,

508 2251 771 2311 quantum
827 2241 879 2294 in
916 2241 1073 2295 nobis
1116 2250 1220 2305 est,
1273 2256 1492 2296 crucem
1540 2240 1724 2308 paucis
1770 2240 2094 2308 quibusdam

511 2334 932 2388 salutationibus
963 2349 1385 2403 prosequamur,
1423 2334 1610 2402 sicque
1638 2333 1871 2387 sermoni
1915 2340 2097 2385 nostro

509 2426 670 2480 ﬁnem
690 2427 1046 2495 imponamus.
1078 2426 1236 2481 Salve
1266 2427 1455 2494 igitur,
1485 2441 1615 2480 crux
1637 2426 1904 2493 pretiosa;
1928 2424 2094 2491 salve,

508 2516 635 2586 quia
668 2519 718 2570 itt
755 2524 806 2571 te
840 2517 1096 2569 Dominus
1132 2531 1317 2570 uoSter
1373 2514 1536 2570 Jesus
1582 2514 1832 2570 Christus
1885 2513 2096 2569 exalta-

508 2616 601 2663 tus
636 2618 740 2675 est,
795 2608 850 2661 in
910 2623 1015 2675 quo
1072 2616 1198 2661 sunt
1256 2620 1447 2660 omnes
1500 2607 1737 2661 thesauri
1790 2607 1993 2661 laetitias
2042 2614 2098 2659 et

511 2700 715 2769 gratiae.
766 2696 950 2759 Salve,
1000 2713 1137 2750 crux
1175 2698 1438 2765 pretiosa,
1472 2714 1566 2767 per
1598 2707 1651 2751 te
1687 2698 1832 2751 enim
1891 2706 2095 2751 azterna

511 2788 698 2842 laetitia
729 2788 780 2839 itt
813 2787 952 2839 CtBIO
984 2785 1144 2839 simul
1177 2797 1345 2854 atque
1375 2788 1427 2840 itt
1463 2796 1606 2841 terra
1636 2796 1881 2857 paratur.
1911 2784 2093 2853 Salve,

513 2892 647 2934 crux
676 2877 952 2945 pretiosa;
990 2877 1160 2940 salve,
1204 2879 1328 2945 quia
1359 2878 1449 2930 ditt
1480 2886 1629 2945 ante,
1656 2888 1820 2947 atque
1851 2879 1987 2932 adeo
2027 2879 2095 2932 ab

513 2970 664 3025 omni
711 2968 976 3037 principio
1027 2967 1288 3021 Conditor
1321 2984 1499 3021 rerum
1536 2969 1587 3021 itt
1638 2970 1897 3024 universa
1945 2985 2098 3024 crea-

517 3071 636 3114 tura
670 3070 813 3113 tuatn
846 3060 1132 3128 imaginem
1182 3059 1525 3126 depinxerat.
1572 3058 1752 3123 Salve,
1790 3078 1923 3114 crux
1980 3060 2093 3130 glo-
2121 3100 2163 3157 Ο

521 3155 661 3205 riosa
686 3194 700 3217 ,
742 3152 869 3219 quia
900 3165 1090 3203 oinnes
1121 3161 1419 3219 potestates
1445 3151 1706 3204 caelorum
1740 3153 1790 3205 itt
1831 3163 1920 3205 tua
1947 3152 2093 3205 ettal-

520 3243 725 3296 tatione
755 3244 1141 3295 inenarrabiles
1192 3243 1299 3295 Deo
1348 3244 1579 3312 hymnos
1631 3243 1886 3298 otl'ernnt.
1914 3245 2095 3311 Salve,

520 3348 674 3394 crux,
710 3349 804 3403 per
838 3344 888 3387 te
918 3334 1061 3385 enim
1094 3348 1148 3385 ιιι
1186 3334 1528 3399 civitatibus,
1573 3336 1783 3399 insulis,
1819 3337 2098 3390 omnibus-

520 3441 627 3494 que
654 3427 961 3479 nattonibus
989 3426 1242 3480 Ecclesia:
1274 3429 1701 3481 orthodoxoruut
1743 3427 2096 3481 fundamenta

522 3519 819 3587 accipiunt.
852 3519 1032 3582 Salve,
1076 3535 1236 3582 crux,
1270 3523 1396 3588 quia
1425 3536 1520 3589 per
1550 3532 1603 3574 te
1639 3522 1824 3576 omnia
1861 3521 2097 3575 lidelium

521 3626 618 3663 ora
646 3612 697 3663 itt
727 3625 1006 3664 sermones
1040 3615 1105 3664 de
1144 3611 1253 3665 Deo
1303 3614 1668 3665 resolvuntur.
1717 3610 1898 3676 Salve,
1937 3626 2097 3677 crux,

521 3716 619 3771 per
649 3711 699 3769 te
731 3716 875 3753 entnt
916 3701 1091 3769 angeli
1136 3716 1260 3754 cum
1314 3702 1624 3756 hominibus
1672 3716 1836 3771 super
1897 3712 2098 3756 terram

522 3793 721 3847 choros
751 3795 1010 3846 ducentes
1060 3793 1337 3847 Christum
1367 3795 1670 3849 celebrant.
1729 3794 1911 3860 Salve,
1938 3810 2094 3861 crux,

523 3884 780 3954 quoniam
813 3900 906 3952 per
932 3893 983 3937 te
1011 3885 1259 3938 homines
1287 3886 1340 3937 itt
1370 3886 1524 3939 cmlis
1558 3903 1680 3940 cunt
1710 3887 1921 3954 angelis
1951 3888 2102 3941 sitni-

526 3980 650 4034 liter
686 3988 809 4033 ante
843 3982 1008 4033 Deum
1042 3981 1370 4044 consistunt,
1404 3997 1528 4035 eum
1581 3982 1844 4037 ineffabili
1902 3985 2102 4054 gaudio

522 4072 762 4124 omnium
819 4087 999 4124 rerum
1061 4073 1408 4128 Conditorem
1465 4074 1853 4142 gloriﬁcantes.
1917 4077 2098 4142 Salve,

520 4177 678 4228 crux,
728 4174 903 4233 perte
938 4165 1081 4219 enim
1131 4166 1361 4221 Adama
1410 4167 1790 4224 tnaledictione
1841 4171 2101 4227 liberatus

520 4266 627 4320 est,
678 4258 878 4311 saliens
928 4267 983 4310 et
1016 4258 1298 4311 exsultans
1330 4260 1469 4312 utin
1528 4263 1850 4328 paradisum
1915 4265 2098 4330 rediit,

524 4357 738 4415 recepta
767 4346 997 4414 pristina
1030 4347 1319 4416 dignitate.
1354 4347 1536 4414 Salve,
1573 4365 1731 4417 crux,
1765 4366 1860 4421 per
1882 4362 1932 4405 te
1954 4356 2098 4408 enim

2195 503 2290 557 καὶ
2319 503 2641 573 μυθοποιίας
2662 501 2727 556 δι’
2758 502 3040 571 ὀνομάτων
3078 503 3405 573 παραξένων
3436 519 3780 573 παρεισαγα-

2193 598 2312 665 γεῖν
2341 599 2406 666 τῇ
2441 595 2718 648 ὑποθέσει.
2752 594 2888 648 Οὐδὲ
2918 594 3028 667 γὰρ
3055 593 3352 658 ἐπίσκοπος
3369 595 3570 664 ἕτερος
3597 594 3785 662 γέγονε

2195 685 2413 739 πώποτε
2448 685 2603 757 παρὰ
2622 687 2747 749 τοὺς
2777 687 3329 756 προγεγραμμένους,
3360 686 3489 738 οὐδὲ
3526 686 3784 755 βασιλεὶς

2192 773 2377 844 ἕτερος
2420 774 2726 845 Ῥωμαίων,
2769 774 2891 827 οὐδὲ
2940 774 3112 844 ἑτέρῳ
3136 776 3323 845 τρόπῳ
3343 776 3373 827 ὁ
3397 777 3590 845 τίμιος
3620 794 3784 830 σταυ-

2196 865 2288 937 ρὸς
2309 864 2680 935 ἀνεκηρύχθη.
2699 864 2837 917 Ἀπὸ
2874 864 2981 935 γὰρ
3013 865 3325 933 Αὐγούστου
3353 866 3449 919 τοῦ
3487 867 3784 936 βασιλέως,

2192 959 2277 1027 ἐφ’
2306 951 2370 1010 οὗ
2399 959 2426 1009 ὁ
2454 958 2689 1026 Χριστὸς
2743 958 2885 1010 κατὰ
2939 956 3119 1027 σάρκα
3152 958 3488 1029 (ἐγεννήθη),
3538 958 3650 1020 ἔως
3694 961 3786 1012 τοῦ

2195 1044 2432 1115 μεγάλου
2482 1045 2895 1099 Κωνσταντίνου
2950 1046 3242 1115 τριάκοντα
3301 1046 3467 1098 πέντε
3524 1048 3790 1114 γεγόνασι

2192 1136 2454 1207 βασιλεῖς
2477 1136 2681 1206 ὁμοίως
2709 1137 2804 1189 καὶ
2835 1136 2942 1189 ἀπὸ
2995 1135 3253 1189 Ἰακώϐου
3298 1136 3393 1190 τοῦ
3447 1136 3788 1206 ἁδελφοθέου

2190 1228 2293 1292 ἕως
2322 1229 2421 1298 τῆς
2453 1228 2619 1298 αὐτῆς
2645 1227 2923 1297 βασιλείας
2966 1228 3262 1296 τριάκοντα
3297 1229 3458 1281 πέντε
3489 1230 3790 1297 γεγόνασιν

2184 1319 2593 1391 ’Ἱεροσολύμων
2622 1318 2937 1373 ἐπίσκοποι.
2968 1319 3079 1389 Τὴν
3120 1320 3177 1372 δὲ
3224 1319 3538 1390 σεϐάσμιον
3569 1321 3792 1390 ἡμέραν

2177 1403 2286 1483 ’τῆς
2313 1412 2573 1482 ὐψώσεως
2604 1412 2697 1465 τοῦ
2726 1414 2912 1482 τιμίου
2944 1410 3199 1482 σταυροῦ,
3232 1413 3457 1465 καὶτῶν
3487 1410 3792 1479 ὲγκαινίων

2191 1506 2461 1575 ὡρίσαντο
2490 1507 2539 1558 οἱ
2570 1505 2815 1575 ΙΙατὲρες
2844 1506 2985 1574 μετὰ
3021 1504 3303 1576 βασιλικοῦ
3351 1504 3792 1575 προστάγματος

2188 1596 2463 1649 τελεῖσθαι
2506 1595 2613 1649 ἀνὰ
2673 1596 2793 1657 ἔτος
2839 1596 3065 1648 ἕκαστον
3101 1598 3166 1666 τῇ
3212 1592 3795 1665 τεσσαρεσκαιδεκάτῃ

2181 1675 2688 1759 ’τοῦοΣεπτεμῦρίου
2723 1688 2910 1757 μηνὸς,
2947 1688 3067 1757 ἥτις
3100 1686 3247 1738 ἐστὶν
3281 1688 3314 1754 ἡ
3344 1688 3454 1758 πρὸ
3479 1686 3625 1739 δέκα
3649 1686 3791 1737 ὀκτὼ

2121 1763 2162 1816 Β
2202 1778 2495 1830 Καλανδῶν
2534 1776 2910 1848 Ὀκτωϐρίων,
2940 1781 3020 1841 εἰς
3065 1777 3221 1841 δόξαν
3266 1778 3505 1847 Πατρὸς,
3534 1776 3673 1828 Υἱοῦ
3703 1777 3793 1828 καὶ

2201 1869 2357 1936 ἁγίου
2388 1868 2724 1939 Πνεύματος,

2295 1964 2512 2034 Ἐπειδὴ
2572 1964 2682 2031 (73)
2739 1963 2796 2016 δὲ
2829 1966 3011 2034 χάριτι
3067 1961 3203 2014 Θεοῦ
3234 1961 3671 2030 κατηντήσαμεν
3716 1960 3791 2029 τῷ

2198 2053 2341 2123 λόγῳ
2364 2056 2444 2118 εἰς
2474 2054 2572 2120 τὴν
2611 2053 2851 2122 εὔσημον
2891 2055 3101 2123 ἡμέραν
3126 2050 3220 2122 τῆς
3250 2053 3448 2121 ἑορτῆς
3481 2051 3644 2122 ἡμῶν
3671 2052 3789 2121 ἥτις

2199 2147 2347 2199 ἐστὶν
2374 2145 2644 2210 ἀνάδειξις
2672 2144 2767 2198 τοῦ
2801 2145 3065 2208 ξωοποιοῦ
3123 2144 3393 2215 σταυροῦ.
3440 2147 3581 2215 φέρε
3611 2143 3789 2206 καθὼς

2196 2232 2307 2291 οἷόν
2335 2237 2393 2289 τέ
2436 2238 2604 2300 ἐστιν,
2634 2238 2805 2307 μικρὰ
2840 2254 2891 2289 τι
2936 2237 3359 2306 χαιρετήσαντες
3391 2235 3485 2287 τὸν
3532 2236 3786 2304 σταυρὸν,

2197 2326 2641 2397 καταπαύσωμεν
2680 2326 2773 2379 τὸν
2827 2327 3006 2395 λόγον,
3066 2326 3293 2395 Χαίροις
3319 2326 3531 2391 τοίνυν,
3588 2328 3785 2395 σταυρὲ

2195 2420 2365 2490 τίμιε.
2400 2420 2649 2491 Χαίροις,
2696 2420 2776 2473 ὅτι
2828 2421 2885 2471 ἐν
2909 2421 2995 2472 σοὶ
3019 2419 3047 2471 ὁ
3091 2418 3295 2487 Κύριος
3311 2417 3529 2487 Ἰησοῦς
3558 2418 3785 2488 Χριστὸς

2197 2511 2479 2582 ὐψώθη,ὲν
2516 2506 2560 2579 ᾧ
2582 2514 2691 2564 εἱσι
2725 2511 2922 2572 πάντες
2955 2510 3005 2563 οἱ
3053 2510 3322 2580 θησαυροὶ
3352 2510 3458 2579 τῆς
3486 2511 3671 2580 χαρᾶς
3699 2514 3787 2561 καί

2194 2604 2293 2674 τῆς
2319 2603 2562 2675 χάριτος.
2602 2602 2810 2675 Σταυρὲ
2857 2602 3029 2671 τίμιε,
3070 2601 3159 2654 διὰ
3207 2600 3302 2653 σοῦ
3352 2602 3464 2671 γὰρ
3501 2606 3534 2670 ἡ
3566 2602 3786 2663 ἀένναος

2196 2692 2342 2762 χαρὰ
2397 2694 2456 2745 ὲν
2508 2690 2724 2763 οὐρανῷ
2764 2691 2859 2745 καὶ
2896 2691 2989 2743 ἐπὶ
3019 2691 3121 2758 γῆς
3152 2689 3512 2760 βραϐεύεται.
3539 2692 3784 2760 Χαίροις,

2199 2783 2400 2853 σταυρὲ
2427 2783 2597 2853 τίμιε,
2627 2784 2708 2836 ὅτι
2762 2781 2970 2844 ἄνωθεν
3008 2782 3102 2834 καὶ
3134 2780 3193 2844 ἐξ
3231 2782 3411 2852 ἀρχῆς
3449 2785 3477 2833 ὁ
3511 2785 3787 2851 Δημιουρ-

2196 2875 2291 2943 γὸς
2321 2877 2381 2928 ὲν
2424 2874 2571 2946 πάσῃ
2597 2877 2669 2946 τῇ
2697 2874 2875 2926 κτίσει
2909 2872 3005 2943 τὴν
3027 2872 3211 2926 εἰκόνα
3239 2889 3332 2925 σου
3360 2873 3784 2944 ἐζωγρὰφησεν.

2196 2967 2388 3036 Χαῖρε,
2438 2966 2639 3035 σταυρὲ
2695 2963 2890 3029 ἐνδοξε,
2947 2965 3029 3017 ὅτι
3089 2966 3263 3017 πᾶσαι
3306 2963 3660 3033 αίδυνάμεκ
3686 2967 3785 3018 silv

2196 3056 2438 3129 οὐρανῶν
2474 3057 2567 3110 ἐπὶ
2620 3060 2686 3128 τῇ
2730 3059 2795 3127 σῇ
2859 3055 3067 3125 ὑψώσει
3105 3056 3381 3120 ἐξαισίους
3414 3054 3625 3126 ὕμνους
3655 3060 3786 3111 ἀνσ-

2200 3150 2479 3220 πέμπουσι
2513 3147 2591 3218 τῷ
2619 3147 2758 3217 Θεῷ.
2790 3148 3042 3218 Χαίροις,
3062 3147 3262 3216 σταυρέ
3283 3162 3298 3175 ·
3329 3147 3425 3200 διὰ
3458 3148 3559 3201 σού
3591 3150 3701 3218 γὰρ
3730 3151 3784 3201 ἐν

2199 3242 2409 3307 πόλεσι,
2444 3242 2539 3294 καὶ
2575 3242 2631 3293 ὲν
2661 3242 2865 3309 νήσοις,
2892 3239 2985 3292 καὶ
3015 3241 3074 3291 ὲν
3100 3243 3263 3292 παντὶ
3283 3239 3453 3303 ἔθνει,
3472 3242 3529 3293 αἱ
3560 3241 3787 3309 Ἐκκληο

2201 3331 2638 3403 σίαιόρθοδόξων
2690 3330 3132 3400 τεθεμελίωνται.
3165 3332 3361 3401 Χαῖρε,
3424 3333 3664 3403 σταυρέ⁹
3701 3332 3789 3383 διὰ

2201 3430 2294 3484 σοῦ
2324 3431 2432 3502 γὰρ
2465 3431 2572 3483 πᾶν
2607 3432 2780 3499 στόμα
2814 3411 3025 3482 πιστῶν
3055 3430 3136 3491 εἰς
3167 3428 3457 3495 θεολογίαν
3488 3430 3786 3499 ἀνέῳκται.

2199 3523 2449 3594 Χαίροις,
2474 3523 2674 3593 σταυρὲ
2709 3523 2949 3592 μακάριε
2976 3536 2991 3552 ⁸
3022 3520 3114 3574 διὰ
3145 3519 3242 3573 σοῦ
3275 3521 3390 3591 γὰρ
3439 3520 3669 3588 ἄγγελοι
3692 3522 3787 3573 σὺν

2200 3614 2507 3683 ἀνθρώποις
2524 3615 2617 3667 ἐπὶ
2640 3615 2741 3683 γῆς
2757 3612 3077 3684 χορεύοντες
3096 3612 3185 3667 τὸν
3205 3612 3445 3682 Χριστὸν
3461 3613 3561 3664 ἀνυ
3570 3613 3786 3682 μνοῦσι.

2201 3708 2455 3779 Χαίροις,
2493 3706 2695 3776 σταυρέ
2716 3723 2731 3736 ·
2756 3706 2845 3759 διὰ
2876 3706 2972 3769 σοῦ
3000 3706 3110 3775 γὰρ
3136 3708 3192 3758 ὲν
3219 3706 3475 3774 οὐρανοῖς
3506 3704 3789 3776 ἄνθρωποι

2200 3802 2404 3872 ὁμοίως
2452 3801 2548 3855 σὺν
2598 3800 2850 3869 ἀγγέλοις
2912 3799 3285 3867 παρίστανται
3340 3799 3421 3872 τῷ
3466 3797 3615 3869 Θεῷ,
3650 3801 3790 3867 μετὰ

2200 3892 2567 3963 ἀνεκλαλήτου
2600 3893 2771 3962 χαρᾶς
2800 3892 2892 3944 τὸν
2923 3892 3161 3959 Ποιητὴν
3211 3889 3559 3954 δοξάζοντες.
3592 3892 3786 3960 Χαῖρε.

2203 3983 2400 4054 σταυρέ
2419 4002 2431 4014 ο
2451 3982 2537 4036 διὰ
2562 3982 2655 4035 σοῦ
2681 3985 2789 4054 γὰρ
2812 3984 2839 4035 ὁ
2872 3982 3045 4051 ’Δδάμ
3068 3984 3165 4052 τῆς
3188 3982 3438 4051 κατάρας
3476 3980 3784 4050 ἐλυτριὶδθη.

2203 4074 2441 4145 σκιρτῶν
2481 4075 2575 4127 καὶ
2605 4071 3013 4142 ἁγαλλιώμενος
3069 4072 3150 4134 εἰς
3202 4072 3294 4124 τὸν
3330 4072 3687 4142 παράδεισον,
3716 4071 3789 4133 ὡς
3818 4085 3837 4109 ο

2204 4166 2502 4236 ἐλήλυθεν,
2571 4162 2868 4218 ἀπολαϐὼν
2914 4163 2974 4215 τὺ
3030 4163 3161 4215 [διον
3229 4161 3470 4230 ἀξίωμα.
3524 4160 3786 4224 Χαίροις,

2205 4258 2405 4328 σταυρέ
2423 4274 2435 4287 ·
2475 4257 2565 4310 σοῦ
2592 4257 2698 4326 γὰρ
2726 4258 2877 4309 πᾶσα
2897 4254 3178 4323 διαϐολικὴ
3196 4254 3426 4322 δύναμις
3450 4253 3791 4320 καταϐέϐληο

2203 4362 2313 4409 ται,
2345 4346 2437 4398 καὶ
2491 4346 2640 4398 πᾶσα
2689 4344 2980 4415 δαιμονικὴ
3004 4344 3255 4414 ἐνέργεια
3303 4345 3787 4413 καταπεπάτηται.

518 4439 698 4493 omnis
735 4438 998 4492 diabolica
1041 4449 1285 4508 potestas
1347 4452 1615 4509 prostrata
1662 4455 1766 4509 est,
1811 4455 1865 4499 et
1922 4449 2093 4503 omnis

2204 4435 2448 4505 Χαίροις,
2507 4435 2706 4505 σταυρὲ
2770 4434 3040 4503 ape-sta
3093 4433 3188 4486 σοῦ
3229 4434 3337 4503 γὰρ
3394 4436 3430 4504 ἡ
3491 4434 3627 4499 ἁγία
3699 4439 3790 4486 καὶ

519 4530 761 4600 operatio
791 4529 1052 4586 daemonis
1090 4532 1426 4588 conculcata.
1462 4534 1643 4602 Salve,
1698 4552 1833 4592 crux
1887 4549 2094 4605 saneta,

519 4638 618 4692 per
666 4632 719 4676 te
762 4624 907 4677 enim
967 4634 1155 4679 sancta
1219 4634 1275 4679 et
1318 4629 1795 4685 ronsubstantialis
1856 4631 2097 4688 Trinitas

520 4715 718 4783 ubique
768 4727 1035 4770 terrarum
1102 4718 1362 4784 creditur,
1422 4730 1695 4785 cantatur,
1761 4724 2092 4790 celebratur,

519 4805 889 4875 gloriﬁcatur,
941 4807 1323 4876 cognoscitur.
1390 4808 1583 4873 Salve,
1650 4826 1823 4876 crux,
1879 4828 1977 4882 per
2043 4824 2093 4868 te

516 4900 661 4953 enim
689 4899 867 4954 omnis
904 4901 1083 4953 anima
1121 4902 1339 4956 Christo
1373 4905 1603 4957 credens
1628 4903 1888 4961 salvator.

588 4990 950 5057 Salve,crux,
983 5008 1077 5060 per
1099 5003 1149 5047 te
1164 4993 1306 5047 enim
1325 4993 1462 5048 bona
1518 5009 1787 5064 nunquam
1811 5000 2101 5058 auferenda

518 5084 826 5138 hominibus
861 5084 1234 5142 conferuntur.
1276 5085 1341 5139 Et
1367 5086 1496 5156 quid
1539 5088 1753 5143 tandem
1813 5091 2056 5150 dicemus
2081 5133 2098 5159 ,

2202 4525 2485 4595 ὁμοούσιος
2541 4525 2710 4594 Τριάς
2766 4525 2823 4577 ὲν
2886 4524 3047 4576 παντὶ
3096 4524 3246 4592 τόπῳ
3290 4522 3640 4584 πιστεύεται,
3692 4523 3788 4573 κυὶ

2202 4616 2413 4687 ᾄδεται,
2436 4617 2711 4686 ὑμνεῖται,
2744 4615 3107 4683 δοξολογείται
3136 4617 3231 4667 καὶ
3260 4615 3615 4685 γνωρίζεται.
3657 4616 3789 4667 Χαῖ-

2206 4725 2341 4777 ροις,
2375 4709 2573 4778 σταυρέ
2597 4725 2611 4739 ο
2665 4708 2754 4760 διὰ
2786 4706 2880 4759 σοῦ
2910 4709 3019 4778 γάρ
3055 4709 3204 4760 πᾶσα
3239 4706 3388 4777 ψυχὴ
3415 4708 3647 4777 Χριστῷ
3698 4723 3785 4759 πιο

2209 4800 2479 4853 στεύουσα
2505 4799 2758 4863 σώζεται.

2174 4946 2199 4967 .
2278 4982 2525 5053 Χαίροις,
2589 4982 2823 5052 σταυρέ·
2879 4982 2968 5034 διὰ
3020 4981 3113 5033 σοῦ
3167 4980 3275 5051 γὰρ
3328 4982 3397 5033 τά
3444 4982 3786 5051 ἀναφαίρετα

2206 5071 2387 5139 ἀγαθὰ
2414 5076 2524 5136 τοῖς
2550 5072 2857 5143 ἀνθρώποις
2887 5071 3210 5143 δεδώρηται.
3257 5072 3367 5124 Καὶ
3414 5076 3471 5125 τί
3514 5076 3785 5141 εἴπωμεν,

2024 5185 2262 5244 NOTAE.

516 5278 625 5324 tam
675 5268 913 5347 tradunt,
972 5269 1355 5347 tnodo_plane
1415 5271 1626 5329 diverso
1688 5276 1757 5329 ab
1832 5277 1938 5336 illo.
1997 5280 2086 5347 qui

513 5340 788 5395 communi
815 5341 1027 5393 Patrum
1066 5350 1119 5395 et
1162 5342 1543 5395 historicorum
1580 5361 1852 5401 consensu
1908 5340 2090 5403 tirnia-

517 5418 627 5486 t_ur.
659 5410 844 5486 Talem
874 5414 1261 5486 narrationem
1282 5416 1610 5486 apocrypltis
1643 5414 1855 5472 fabellis
1876 5420 2089 5486 plenam

515 5480 581 5534 de
609 5481 1128 5555 erucisluventione
1168 5482 1398 5555 legimus
1462 5480 1515 5537 in
1575 5480 1946 5555 manuscripto
1998 5506 2091 5543 eo-

514 5553 699 5604 codice
720 5549 1259 5625 Graccobibliotheca:
1280 5554 1637 5621 Augttstantc,
1676 5572 1782 5625 quo
1815 5549 2090 5614 nonnullae

514 5631 825 5693 sanctorum
886 5619 1014 5672 thzc
1063 5625 1435 5687 continentur,
1496 5619 1659 5693 quam
1695 5619 1986 5683 'cdiditnus
2036 5632 2088 5683 in

516 5685 685 5764 ilorlo
712 5702 907 5743 sancta:
930 5693 1118 5752 cruris,
1169 5685 1429 5761 nttncqtte'
1467 5685 1591 5748 huic
1648 5700 1886 5751 secundo
1939 5710 2087 5752 tomo

514 5768 863 5828 tttsct‘utnttts,
905 5770 963 5814 ut
1031 5764 1075 5816 si
1131 5779 1291 5831 quem
1355 5764 1478 5817 talia
1540 5767 1828 5834 delectant,
1888 5772 2085 5825 habent

2194 5279 2394 5347 quibus
2418 5295 2476 5333 se
2496 5278 2756 5335 oblectet.

2271 5349 2384 5420 (7.3)
2415 5349 2516 5417 Qui
2552 5351 2741 5404 Schoti
2769 5352 3048 5420 exemplar
3080 5350 3313 5405 contulit
3338 5366 3464 5404 eum
3499 5352 3626 5403 cod.
3651 5347 3779 5417 Cry-

2194 5430 2302 5489 ptte
2335 5418 2597 5486 Ἐστι-σιω,
2628 5431 2776 5474 notat
2808 5418 2980 5475 multo
3000 5423 3149 5490 plura
3186 5422 3438 5475 encomia
3491 5423 3546 5473 in
3582 5421 3672 5472 illo
3695 5433 3782 5490 Cof

2196 5488 2317 5545 dice
2356 5491 2652 5555 conttneri,
2711 5507 2872 5558 quam
2907 5488 3015 5545 sint
3042 5494 3095 5545 in
3129 5493 3371 5559 exempl.
3421 5493 3666 5553 Seltotti,
3702 5488 3779 5539 vel

2196 5563 2453 5614 etiamin
2513 5562 2796 5621 Bavarico,
2850 5564 2991 5628 quod
3042 5578 3162 5614 cum
3215 5559 3347 5614 Sch.
3405 5561 3532 5614 cod.
3586 5561 3780 5625 ubique

2199 5632 2588 5699 propemodum
2621 5632 2892 5703 convenit.
2934 5632 3147 5703 Utinam
3179 5647 3308 5703 vero
3357 5643 3414 5684 ιιι
3438 5633 3567 5695 alia,
3622 5634 3700 5683 ita
3731 5636 3781 5703 rt

2199 5703 2378 5755 crucis
2401 5702 2670 5768 praeconia
2703 5702 3015 5755 enotassetl
3050 5717 3162 5754 rem
3199 5702 3301 5770 piis
3325 5715 3568 5771 gratam,
3609 5702 3777 5754 cruci-

2196 5786 2300 5841 que
2331 5773 2685 5827 honoritieam
2712 5773 3070 5841 prazstitisset.
