3896 6306
465 251 602 314 ξιιῗὸ

1673 259 2113 324 ALEXANDRI
2159 265 2316 328 ΜΘΝ
2327 269 2499 330 ACHI

3597 273 3712 337 ωτδ

462 371 758 435 Inl'dldttta,
782 361 1231 426 rursusaccurato
1256 373 1432 426 studio
1446 375 1684 440 pristinae
1708 379 1996 447 integritati
2013 397 2033 434 ε

2167 401 2323 456 τητος
2354 384 2673 456 ρυπωθὲντα
2703 385 2735 456 ἢ
2775 385 2842 438 τὰ
2891 385 2948 452 ἐξ
3001 385 3322 455 ἐπιμελείας
3352 386 3524 440 πάλιν
3558 389 3642 440 ἐπὶ
3665 390 3715 442 al

459 465 624 520 nitori
647 465 1004 520 restituuntur
1019 465 1082 518 ad
1103 480 1165 519 ex
1177 465 1479 523 hilarandos
1497 469 1707 524 animos
1735 486 1920 526 eorum
1946 475 2036 544 qui

460 559 657 616 mentis
674 558 1732 630 ohleetationem-qumruut.Disponamus
1747 565 2036 636 igiturnos,

385 674 394 717 ·,
459 663 518 704 ιιι
561 653 833 720 labentur,
861 652 1350 722 insuavitatemqne
1387 663 1440 708 et
1461 655 1763 720 horrorem,
1797 675 1954 728 quem
1971 677 2034 714 ex

391 799 397 815 ,ν
456 746 664 801 diutina
695 745 1016 815 negligentia
1051 747 1450 811 contraximus,
1506 759 1808 816 exuentes,
1863 751 2035 804 laetam

393 889 396 894 .
456 842 600 894 hanc
665 839 919 908 omnique
958 838 1301 892 veneratione
1341 840 1712 911 dignissimam
1740 843 1916 906 diem,
1983 843 2036 897 in

397 926 406 932 ’
457 931 711 986 salutaris
771 931 954 987 crucis
1039 933 1356 986 memoriam
1419 933 1758 996 institutam,
1823 936 2035 990 miseri-

455 1026 653 1079 cordite
670 1024 922 1093 operibus
941 1041 1002 1080 ac
1018 1024 1118 1080 llde
1135 1027 1468 1081 celebremus
1489 1044 1504 1082 :
1540 1035 1700 1095 atque
1723 1027 1792 1081 ita
1817 1039 2034 1094 peccata

455 1123 638 1167 nostra
702 1110 1044 1177 auferentnr,
1107 1129 1314 1184 nosque
1354 1131 1476 1170 cum
1525 1118 1720 1170 timore
1765 1117 1924 1170 simul
1980 1128 2036 1171 et

454 1203 646 1270 gaudio
660 1203 722 1255 ad
742 1201 904 1257 Deum
927 1204 1311 1258 elamabimus:
1338 1223 1356 1255 ι
1370 1205 1603 1262 Sanctus
1620 1206 1784 1268 Deus,
1807 1217 2033 1266 sanctus

454 1297 628 1358 fortis,
663 1306 886 1352 sanctus
905 1298 1249 1365 immortalis,
1270 1299 1534 1354 miserere
1552 1301 1720 1354 nostri
1739 1318 1754 1365 ;
1775 1313 1961 1357 saneta
1981 1311 2036 1356 et

451 1386 936 1442 censuhslautialis
955 1387 1308 1458 ejusdemque
1331 1388 1631 1456 majestatis
1649 1391 1914 1454 Trinitas,
1938 1391 2033 1445 mi-

451 1494 636 1533 serere
659 1479 830 1533 nostri
853 1497 898 1544 ς»
925 1494 1083 1548 quam
1102 1481 1459 1543 decethonor,
1481 1489 1741 1549 potestas,
1781 1482 2036 1548 maiestas

449 1580 501 1624 et
522 1571 916 1640 magniﬁcentia
936 1573 988 1627 in
1016 1572 1223 1627 inﬁnita
1240 1573 1432 1628 saecula
1453 1572 1796 1628 seculorum.
1826 1573 2018 1628 Anien.

2139 480 2572 550 τιμαλφέστερον
2606 477 3102 549 μετακοσμούμενα
3127 480 3208 539 είς
3239 478 3591 549 εὐφροσύνην
3619 479 3710 534 τῶν

2142 573 2473 643 εὐοχούντων
2493 574 2550 624 ὲν
2589 571 2982 641 ἁγαλλιάμασι.
3031 570 3384 641 Διατεθῶμεν
3422 571 3624 635 τοίνυν,
3649 571 3709 634 ch;

2143 665 2584 736 προτετάγμεθα,
2620 667 2714 720 καὶ
2743 666 2844 735 τὴν
2885 664 3178 735 συμϐᾶσαν
3219 667 3356 735 ἡμῖν
3400 666 3470 717 ἐκ
3496 667 3597 733 τῆς
3630 667 3711 735 ρᾳ-

2132 758 2342 828 ’Θυμίας
2394 758 2836 828 ἀπεκδυσάμενοι
2876 757 3093 827 ἀηδίαν,
3131 760 3232 828 τὴν
3263 757 3505 827 φαιδρὰν
3530 759 3716 826 ταῦτξν

2140 849 2236 902 καὶ
2273 847 2580 900 πάνσεπτον
2630 847 2846 917 ἡμέραν
2898 846 2998 916 τῆς
3040 845 3134 900 τοῦ
3185 846 3455 910 ζωοποιοῦ
3488 846 3713 916 σταυροῦ

2146 942 2368 1011 μνήμης
2418 937 2828 1008 ἐπιτελέσωμεν
2878 938 3272 1009 ἑλεημοσὺναις
3329 939 3429 991 καὶ
3478 937 3714 990 arietum

2142 1030 2608 1102 ἀποκαθαίροντες
2641 1030 2940 1102 ἁμαρτίας,
2993 1028 3179 1093 καθώς
3233 1044 3400 1099 φησιν
3441 1030 3476 1098 ὴ
3515 1028 3555 1080 Γ
3559 1030 3712 1097 ραςιὴ.

2142 1125 2236 1179 καὶ
2275 1123 2412 1193 μετὰ
2434 1122 2622 1192 φόϐου,
2658 1122 2752 1176 καὶ
2777 1123 2952 1192 χαρᾶς
2978 1119 3124 1174 οὕτω
3148 1121 3458 1191 βοήσωμεν,
3489 1139 3510 1173 ι
3542 1121 3716 1188 "Aps;

2141 1209 2171 1269 6
2218 1215 2374 1278 Θεὸς,
2428 1215 2584 1283 ἅγιος
2643 1213 2883 1283 ἰσχυρὸς,
2951 1212 3107 1279 ἅγιος
3153 1211 3460 1275 ἀθάνατος,
3503 1212 3718 1279 ἐλέησον

2140 1302 2312 1371 ἡμᾶς,
2359 1301 2489 1369 ἁγία
2520 1299 2714 1371 Τριὰς,
2759 1298 3014 1366 ὁμοούσιε
3037 1300 3130 1353 καὶ
3173 1301 3464 1370 diadema,
3502 1300 3718 1369 ὶλέησον

2142 1393 2322 1462 ἡμᾶς·
2353 1411 2372 1444 ι
2459 1392 2664 1463 πρέπει
2688 1391 2836 1456 δόξα,
2869 1392 3094 1462 κράτος,
3125 1391 3472 1462 μεγαλοσύνη
3503 1408 3588 1456 τε,
3633 1397 3720 1445 καὶ

2144 1485 2594 1554 μεγαλοπρέπεια
2621 1483 2702 1545 είς
2732 1483 2860 1545 τοὺς
2906 1483 3302 1552 ἀτελευτήτους
3369 1482 3582 1544 αἰῶνας
3623 1483 3719 1535 τῶν

2140 1573 2374 1628 αἰώνων.
2425 1573 2616 1644 Ἀμήν.

533 1781 3696 1818 .W

917 1938 1661 2033 ΑΛΕΞΑΝΔΡΟΥ
1732 1943 2297 2034 ΜΟΝΑΧΟΥ
2367 1944 3244 2035 ΙΣΤΟΡΙΟΓΡΑΦΟΥ

1730 2127 2079 2178 ΙΣΤΟΡΙΚΟΝ
2127 2128 2460 2178 ΕΓΚΩΜΙΟΝ

1043 2253 1204 2308 ΠΕΡΙ
1245 2252 1382 2306 ΤΗΣ
1418 2251 1769 2307 ΕΥΡΕΣΕΩΣ
1804 2252 1942 2306 ΤΟΥ
1991 2253 2033 2307 Τ

2146 2253 2238 2306 or
2269 2252 2392 2307 ΚΑΙ
2440 2240 2782 2308 monetur
2813 2253 3149 2313 ΣτΑΥΡοΥ.

2054 2440 2125 2452 -ι

841 2583 1533 2673 ALEXANDRI
1613 2581 2167 2674 MONACHI
2251 2579 3306 2674 HISTORIOGBAPHI

1695 2779 2087 2834 HISTOBICUM
2122 2782 2456 2836 ENCOMIUM

1134 2915 1233 2975 DE
1262 2914 1737 2978 lNVENTIONE
1777 2915 2174 2983 PRETIOSI‘E
2214 2917 2312 2977 ET
2365 2917 2724 2978 VlVIFIClE
2749 2916 3047 2979 CRUCIS.

2023 3092 2095 3112 ἡ

517 3237 832 3297 Enromium
863 3249 1062 3296 sanctae
1100 3241 1312 3306 crucis,
1373 3242 1515 3312 quod
1559 3258 1701 3299 nunc
1739 3243 2108 3314 publicamus,
2140 3245 2375 3314 epitome
2394 3255 2475 3301 est
2505 3226 2885 3316 priorisaQuis
2931 3243 2982 3298 id
3015 3238 3396 3312 compendium
3443 3240 3732 3310 redegerit.

437 3339 572 3395 mihi
601 3355 702 3393 non
735 3337 920 3407 liquet.
953 3336 1164 3393 Omittit
1196 3337 1465 3392 breviatur
1493 3341 1671 3394 omnia
1699 3354 1869 3408 usque
1901 3341 1966 3393 ad
1995 3341 2280 3409 imperium
2311 3339 2651 3395 Constantini
2674 3339 2873 3410 Magni,
2905 3339 3139 3407 quando,
3163 3336 3391 3392 sublatis
3448 3337 3725 3407 tyrannis,

441 3433 668 3489 rosolns
692 3434 889 3502 potitus
913 3441 1030 3498 est,
1067 3447 1188 3486 cum
1226 3431 1726 3503 Hierosolymitanaa
1759 3433 2010 3490 Ecclesia:
2061 3436 2374 3491 cathedram
2410 3434 2674 3490 Macarius
2742 3445 2970 3490 teneret.
3000 3433 3225 3498 Deinde,
3269 3432 3522 3501 exposita
3554 3432 3727 3486 crucia

442 3525 750 3586 inventione
768 3565 784 3591 ,
831 3524 1023 3578 iterum
1039 3524 1203 3577 multa
1229 3533 1465 3591 resecat,
1491 3541 1664 3594 usque
1687 3528 1750 3579 ad
1778 3526 2031 3583 Encomia
2057 3541 2255 3582 sanetae
2281 3529 2460 3587 crucis
2488 3544 2607 3599 quae
2655 3529 2806 3598 plura
2821 3538 2874 3584 et
2889 3529 3190 3597 cepiosiora
3215 3528 3267 3581 in
3297 3528 3400 3584 hoc
3418 3526 3727 3597 apographo

438 3631 672 3686 exstant,
706 3639 866 3692 quam
900 3626 950 3678 in
975 3623 1178 3678 duobus
1199 3623 1612 3694 exemplaribus,
1643 3625 1836 3694 quibus
1861 3641 1960 3681 nos
1989 3625 2042 3680 in
2107 3628 2344 3683 editione
2365 3626 2653 3682 Alexandri
2708 3626 2789 3681 usi
2821 3624 3040 3680 fuimus.
3073 3623 3321 3680 Invenies
3342 3624 3513 3680 etiam
3535 3626 3726 3678 alicubi

438 3722 738 3775 variantem
773 3720 1094 3789 scripturam
1120 3760 1135 3786 ,
1195 3722 1336 3789 quod
1365 3719 1579 3775 collatio
1604 3737 1727 3776 cum
1761 3722 1998 3777 editione
2044 3723 2281 3780 docebit.

507 3811 638 3876 Quis
667 3825 794 3864 vero
824 3812 1128 3866 Alexander
1160 3811 1259 3865 iste
1280 3811 1461 3877 fuerit,
1496 3813 1633 3866 haud
1667 3814 1801 3866 satis
1824 3825 2154 3882 compertum
2182 3825 2283 3868 est.
2314 3813 2586 3869 Credibile
2613 3813 2691 3877 lit,
2724 3827 2844 3868 esse
2894 3811 3044 3866 illum
3069 3851 3083 3875 ,
3118 3810 3275 3880 cujus
3297 3809 3441 3880 apud
3492 3809 3716 3864 Sui-ium

449 3914 580 3956 tom.
605 3902 772 3956 XXXI
795 3914 973 3958 exstat
1002 3902 1316 3958 Encomium
1339 3906 1388 3958 in
1415 3911 1655 3958 sanctum
1673 3903 1975 3960 Barnabam
1997 3907 2295 3974 apostolum
2317 3907 2417 3961 hac
2439 3907 2824 3977 inscriptione:
2855 3905 3176 3960 tAlexundri
3208 3905 3463 3958 monachi
3492 3903 3729 3956 laudatio

447 3995 497 4046 in
518 3996 818 4062 apostolum
849 3993 1181 4060 Barnaham,
1219 4010 1379 4064 quam
1419 3997 1606 4050 habuit
1635 4005 1851 4064 rogatus
1882 4012 2132 4067 a'magno
2177 3998 2465 4053 sacerdote
2493 3997 2784 4051 venerandi
2844 3997 3025 4066 templi
3055 3994 3310 4065 praafecto
3332 4034 3346 4057 ,
3383 3997 3532 4062 quod
3570 3998 3729 4047 beato

429 4089 704 4142 Barnaba:
727 4098 1102 4144 consecratum
1138 4088 1332 4156 fuerat,
1371 4090 1534 4159 iquia
1587 4089 1760 4158 stylus
1799 4088 2070 4153 concinuit,
2099 4097 2153 4142 et
2193 4090 2500 4143 sollicitudo
2545 4088 2866 4143 excusanda:
2891 4088 3123 4156 propriae
3161 4086 3535 4150 infirmitatis,
3571 4090 3728 4154 quasi

440 4190 592 4234 tanto
614 4183 763 4236 oneri
794 4182 1071 4237 Suhcundo
1107 4184 1349 4253 imparis.
1377 4183 1450 4236 Ex
1495 4183 1746 4253 praedicta
1773 4191 1951 4236 tamen
1985 4183 2287 4253 Epigrapha
2319 4185 2450 4237 nihil
2485 4183 2622 4239 certi
2674 4183 2988 4253 colligitur,
3026 4182 3092 4236 de
3127 4181 3441 4234 conditione
3476 4190 3528 4232 et
3564 4189 3730 4230 atate

438 4276 764 4339 Alexandri,
801 4285 986 4329 utnec
1013 4291 1078 4328 ex
1110 4276 1326 4343 reliqua:
1348 4277 1609 4331 orationis
1645 4278 1907 4341 decursu,
1953 4275 2054 4331 nisi
2095 4277 2237 4345 quod
2273 4276 2578 4330 Alexander
2604 4276 2925 4331 Encomium
2980 4275 3152 4329 sancti
3194 4272 3486 4332 Barnabm,
3519 4271 3574 4323 in
3613 4273 3729 4338 ipsa

426 4368 636 4438 41ypro,
668 4381 731 4422 eo
757 4367 876 4420 loco
899 4368 986 4420 ubi
1030 4370 1199 4422 sancti
1222 4368 1704 4435 Barnabaelipsana
1732 4379 1942 4435 reperta
1981 4367 2211 4432 fuerant,
2265 4368 2567 4423 instituisse
2587 4367 3028 4422 meritocreditur
3056 4385 3070 4420 :
3098 4366 3170 4420 ibi
3200 4366 3344 4419 enim
3372 4362 3729 4432 magniﬁcum

441 4461 698 4529 templum
747 4462 798 4515 in
849 4460 1104 4515 honorem
1162 4461 1330 4514 sancti
1350 4460 1608 4514 Barnabas:
1639 4469 1981 4515 exstruxerat
2022 4461 2346 4516 Anthemius
2369 4461 2654 4530 episeOpus
2687 4457 3195 4521 Salamiua,variis
3227 4456 3507 4510 miraculis
3529 4458 3731 4508 admo-

427 4560 560 4612 dum
595 4552 769 4608 nobile
791 4591 806 4616 ,
841 4553 996 4621 cujus
1027 4551 1336 4622 praefectum
1364 4551 1539 4622 egisse
1563 4551 1773 4605 videtur
1799 4552 1885 4605 ille
1906 4592 1920 4618 ,
1957 4552 2048 4621 qui
2083 4553 2184 4606 hoc
2213 4552 2527 4606 Eucontium
2564 4551 2631 4605 ab
2660 4550 2974 4605 Alexandro
2997 4546 3404 4616 eﬂlagitaverat.

507 4653 675 4708 Porro
707 4668 811 4706 una
844 4667 965 4705 eum
1000 4650 1242 4720 reliquiis
1268 4650 1410 4704 beati
1447 4648 1704 4703 Barnabse
1736 4648 2014 4703 inventum
2051 4660 2132 4704 est
2154 4648 2499 4718 Evangeiium
2526 4647 2850 4703 llebraicnm
2884 4647 3054 4700 sancti
3074 4644 3336 4708 Mattbaai,
3361 4658 3524 4696 manu
3546 4643 3733 4697 sancti

431 4751 696 4805 ﬂarnabm
731 4758 1012 4802 exaratum
1040 4786 1056 4812 ,
1087 4748 1152 4801 de
1179 4762 1287 4816 quo
1318 4747 1624 4799 Alexander
1661 4763 1673 4799 :
1721 4765 1740 4797 ε
1776 4745 1984 4817 Rogatu
2016 4744 2363 4816 imperatoris
2392 4744 2461 4817 (is
2487 4744 2632 4799 Zeno
2660 4742 2818 4814 erat)
2857 4742 3207 4810 Evangelium
3259 4742 3312 4794 in
3358 4741 3547 4793 urbem
3572 4737 3736 4791 Coa-

433 4841 833 4911 stantinOpolim
859 4841 1170 4904 attulerant,
1196 4848 1301 4893 etc.
1336 4837 1431 4893 Ubi
1457 4853 1625 4907 usque
1662 4837 1726 4892 ad
1747 4839 2065 4894 hodiernum
2099 4840 2240 4893 diem
2271 4847 2537 4902 servatur,
2563 4847 2618 4892 et
2646 4837 2697 4890 in
2733 4850 2925 4906 magna
2944 4839 3126 4903 quinta
3151 4832 3369 4887 Pascha
3398 4833 3533 4886 feria
3552 4841 3734 4896 Quot-

433 4937 588 4990 annis
631 4935 683 4990 in
726 4934 909 5004 palatii
950 4933 1186 4988 oratorio
1243 4931 1576 5000 evangelium
1609 4946 1675 4984 ex
1705 4946 1768 4984 eo
1822 4930 1962 4986 libro
1999 4931 2282 4985 recitatur.
2314 4949 2332 4981 ι
2391 4929 2669 4984 Cedrenus
2702 4928 2756 4981 in
2800 4926 3133 4994 Compendio
3174 4922 3563 4977 Historiarum.
3603 4942 3627 4972 a
3679 4921 3732 4972 Η

432 5027 781 5096 Evangelium
809 5025 956 5080 Zeno
987 5025 1221 5093 reposuit
1248 5023 1298 5077 in
1327 5022 1548 5090 palatio,
1579 5023 1629 5074 in
1649 5022 1763 5077 aede
1789 5023 1974 5077 Sancti
2001 5023 2257 5091 Stephani
2283 5023 2336 5076 in
2364 5021 2601 5090 Daphne.
2636 5019 3038 5074 ilnventionem
3071 5017 3240 5069 sancti
3264 5014 3527 5067 Barnabas
3554 5013 3738 5066 refert

434 5120 700 5173 Baronius
727 5119 790 5172 ad
822 5133 1021 5172 annum
1047 5116 1246 5172 Christi
1273 5115 1380 5170 485
1405 5157 1418 5181 ,
1437 5117 1732 5184 eodemque
1755 5126 1998 5186 tempore
2027 5115 2394 5169 Alexandrum
2423 5114 2624 5168 vixisse
2647 5112 2914 5175 aﬂirmat;
2943 5107 3084 5178 quod
3117 5117 3294 5161 tamen
3318 5148 3334 5172 ,
3357 5121 3478 5161 mea
3498 5108 3730 5178 quidem

429 5208 696 5261 sententia
755 5248 771 5269 ,
800 5206 932 5261 satis
955 5207 1237 5276 perspicue
1271 5219 1332 5258 ex
1363 5205 1476 5273 ipso
1508 5204 1767 5258 Encotnio
1792 5219 1895 5257 non
1919 5203 2212 5270 colligitur.

501 5304 570 5356 At
589 5303 701 5356 sive
730 5317 867 5356 unus
889 5302 960 5355 sit
987 5300 1271 5366 utriusque
1300 5297 1540 5353 Eucomii
1571 5307 1760 5352 auctor
1780 5338 1794 5360 ,
1832 5298 1948 5350 sive
2011 5295 2280 5361 diversus,
2343 5297 2454 5353 haec
2479 5297 2721 5368 Epitome
2754 5300 2940 5357 laudes
2969 5312 3170 5358 sancta:
3215 5300 3395 5357 crucis
3424 5299 3736 5352 decantana

431 5407 535 5449 ron
560 5402 643 5448 est
680 5393 893 5463 indigna
921 5392 1102 5457 lectu,
1136 5391 1442 5459 quicunque
1472 5390 1687 5443 tandem
1731 5386 2055 5442 breviatoris
2085 5386 2260 5442 oilieio
2287 5387 2502 5446 functus
2521 5393 2610 5445 sit.
2651 5391 2724 5446 Ea
2757 5392 2823 5445 ad
2857 5407 2941 5447 me
2978 5393 3125 5447 venit
3167 5391 3472 5460 Antuerpia
3503 5407 3531 5444 a
3565 5390 3641 5444 Β.
3674 5384 3733 5438 P-

432 5488 647 5542 Andrea
681 5486 925 5553 Schotto,
957 5487 1233 5542 societatis
1253 5494 1478 5551 nostrae,
1500 5486 1589 5554 qui
1609 5483 1856 5538 eamdem
1879 5483 2018 5538 dono
2047 5485 2412 5552 arceperatab
2429 5487 2662 5554 erudito,
2694 5496 2748 5543 et
2769 5486 3248 5566 lucubrationibus
3277 5484 3627 5540 Arnohianis
3645 5496 3739 5538 sa.

430 5582 499 5635 iis
521 5589 646 5634 noto
681 5580 793 5636 viro
832 5578 1162 5636 Geverharto
1192 5577 1604 5642 Elmenhorstio,
1639 5592 1777 5630 anno
1804 5574 2003 5631 Christi
2028 5573 2183 5628 -l6l8.
2212 5575 2360 5630 Vale.
2834 5559 2842 5566 ’
3237 5559 3248 5572 ’
