3896 6306
431 245 573 309 4079

1667 254 2113 316 ALEXAND“!
2162 256 2506 317 MONACUI

3598 258 3736 325 ωε)

438 360 612 413 Etiam
632 360 763 412 .ilins
788 359 1071 429 episcopos
1099 371 1175 416 est
1201 363 1542 428 adhortatus,
1569 376 1620 417 ιιι
1644 379 1844 434 peteret
1866 384 2014 424 ututs-

2134 370 2535 441 προετρέψατο,
2572 368 2922 440 αἰτήσασθαι,
2958 368 3013 422 εῐ
3052 386 3105 423 τι
3150 372 3351 441 συνορᾷ
3378 371 3460 435 είς
3495 372 3738 445 ἄπαρτι.

437 451 698 520 quisque,
728 451 870 519 quod
898 451 963 504 ad
1000 452 1393 519 perfectionem
1425 471 1535 510 sua:
1564 457 1816 513 Ecclesia:
1839 476 2020 516 neces-

433 539 633 592 sarium
659 550 1056 594 CrSt'CCI‘IlCI'Cl.
1084 540 1345 609 Agebatur
1372 552 1549 596 autem
1574 544 1815 601 decimus
1850 566 2020 601 nonus

354 702 355 705 η
435 631 645 698 inperii
678 631 794 694 ejus
823 647 1017 700 annus,
1068 635 1283 703 quando
1339 635 1478 691 faeta
1527 648 1608 690 est
1652 640 1888 707 synodus
1926 640 2017 694 Ni-

434 740 599 777 (ιαιιιη.

503 813 747 870 Postlucc
775 818 923 873 misit
958 818 1254 889 imperator
1279 831 1508 877 matrem
1545 840 1696 880 suam
1722 826 2016 894 Helenam,

432 906 712 961 mulierem
755 910 900 963 omni
942 910 1161 965 laudum
1192 928 1389 982 genere
1410 917 1783 985 dignissimam
1819 920 2020 990 Deique

430 999 855 1055 amantissimam
872 1041 887 1065 ,
906 1016 1026 1057 eum
1049 1001 1270 1069 litteris,
1302 1022 1601 1076 magnaque
1622 1011 1861 1079 pecunize
1879 1014 1928 1065 vi
1952 1012 2017 1065 ad

432 1089 727 1146 Macarium
758 1095 952 1149 merito
975 1095 1075 1148 boc
1109 1095 1327 1151 nomine
1352 1098 1664 1167 insignitum
1687 1142 1702 1165 ,
1723 1100 2017 1156 Eliensem

416 1184 739 1252 episcopum
762 1225 777 1250 ,
813 1194 871 1239 ut
928 1203 1030 1240 una
1071 1203 1193 1241 cum
1226 1203 1291 1242 eo
1330 1190 1598 1244 vivillcutu
1630 1192 1831 1263 lignum
1867 1195 2018 1248 inve-

427 1275 649 1344 stigaret
676 1290 943 1346 sacraque
971 1278 1214 1336 mditieiis
1238 1292 1546 1346 exornaret.
1568 1266 1809 1353 'idipsum
1853 1302 2017 1356 expo-

427 1376 613 1422 scente
655 1368 1037 1439 imperatrice,
1079 1384 1462 1441 asserenteqne
1501 1376 1735 1432 divinam
1754 1379 2013 1433 visionem

426 1458 527 1512 sibi
560 1459 832 1528 oblatam,
858 1477 979 1531 quae
1013 1464 1260 1533 jusserit,
1305 1478 1361 1521 ιιι
1401 1467 1771 1539 Hierosolyma
1789 1485 1906 1525 sese
1932 1487 2015 1526 re-

426 1548 628 1618 ciperet
651 1590 666 1615 ,
697 1563 752 1609 et.
778 1568 932 1608 sacra
969 1554 1084 1611 loca
1115 1556 1183 1611 ab
1215 1559 1473 1625 improbis
1517 1561 1709 1614 obruta
1731 1601 1746 1626 ,
1771 1571 1825 1615 et
1866 1570 2015 1616 tanto

426 1649 673 1712 tempore
720 1661 785 1700 ex
822 1647 1101 1702 hominum
1142 1651 1451 1721 cognitione
1501 1662 1683 1722 erepta
1726 1655 1777 1708 in
1839 1653 2009 1709 lucem

423 1733 696 1788 educeret.

496 1824 794 1896 Episcopus
824 1836 1002 1884 autent
1024 1870 1038 1893 ,
1079 1832 1166 1886 ubi
1193 1832 1458 1889 intellexit
1475 1835 1871 1906 imperatricem
1895 1840 2006 1906 jam

423 1917 750 1985 adventare,
785 1936 907 1975 cum
932 1926 1490 1993 comprovincialibus
1530 1930 1798 2001 episcopis
1823 1933 2007 1988 debito

413 2025 557 2064 cum
577 2011 1034 2070 honore-obviam
1073 2019 1378 2087 processit.
1429 2021 1624 2076 Statim
1656 2038 1785 2078 vero
1813 2025 1892 2079 eis
1924 2025 2010 2078 iti-

416 2103 597 2175 jungit
622 2148 637 2172 ,
658 2116 714 2161 ut
734 2110 800 2162 ad
823 2108 1201 2165 inveniendum
1220 2114 1583 2170 desideratum
1604 2117 1783 2171 erucis
1805 2116 2007 2187 lignum

422 2211 483 2251 se
514 2207 655 2254 totos
685 2201 896 2256 darent.
924 2199 1305 2259 Dubitantibtts
1329 2207 1734 2262 veroomnibus
1752 2222 1917 2277 super
1934 2208 2010 2261 Io-

425 2305 515 2356 ro,
560 2291 789 2364 aliisque
818 2294 963 2350 aliud
993 2311 1058 2351 ex
1095 2299 1404 2367 suspicione
1433 2302 2007 2365 commemorantibus,

418 2382 694 2440 Macarius
726 2402 914 2445 omnes
946 2391 1130 2461 quieto
1167 2407 1290 2447 esse
1318 2392 1478 2461 jussit
1506 2394 1687 2450 animo
1719 2404 1773 2450 et
1796 2396 2011 2451 sedulus

428 2478 535 2530 Deo
553 2494 741 2547 preces
763 2478 977 2538 olIt-rre.
1006 2482 1124 2550 Quo
1154 2483 1315 2550 facto,
1343 2484 1628 2541 confestim
1652 2486 1910 2542 divinitus
1929 2487 2009 2540 lo-

425 2585 522 2623 t'IlS
546 2571 631 2625 ille
658 2573 911 2643 opiscOpo
937 2573 1207 2630 revelatus
1221 2587 1326 2639 est,
1348 2577 1402 2631 in
1426 2593 1532 2647 quo
1550 2580 1821 2648 proposita
1855 2590 2013 2635 erant

426 2660 777 2730 impurissimi
834 2664 1094 2720 daemonis
1118 2665 1371 2736 templum
1400 2677 1453 2724 et
1481 2667 1704 2742 eﬂigies.

506 2839 655 2895 Tunc
714 2841 1048 2917 imperatrix,
1093 2845 1436 2917 imperatoria
1471 2859 1630 2907 utens
1669 2852 2009 2918 auctoritate,

428 2949 621 3004 magno
664 2949 889 2989 numero
923 2937 1175 3005 opiﬁcum
1217 2949 1271 2993 et
1306 2944 1677 3011 operariorum
1713 2959 1780 2997 ex
1824 2944 2013 3001 funda-

429 3026 623 3081 mentis
684 3028 945 3083 da‘monis
1010 3029 1165 3085 istius
1214 3032 1468 3097 templum
1529 3034 1765 3089 subverti
1816 3034 2012 3103 jussit,

428 3118 573 3182 quod
612 3116 773 3172 simul
815 3128 977 3188 atque
1015 3119 1271 3174 effectum
1326 3130 1446 3188 est,
1487 3120 1738 3192 apparuit
1774 3123 2014 3180 divinum

428 3222 870 3278 monumentum,
896 3222 950 3267 et
974 3212 1123 3269 locus
1152 3212 1442 3279 Calvariae,
1486 3223 1541 3269 et
1567 3230 1674 3270 non
1697 3215 1880 3285 procul
1899 3215 2021 3271 inde

428 3317 539 3361 tres
579 3320 769 3362 cruces
807 3306 1056 3363 defossa.
1110 3307 1426 3379 Diligentius
1467 3308 1630 3364 etiam
1698 3309 2016 3379 investigan-

432 3408 533 3462 tcs,
560 3398 884 3455 invenerunt
912 3408 966 3454 ct
994 3398 1195 3455 clavos.

483 3571 581 3631 llic
599 3575 844 3644 vero;alia
873 3575 1267 3647 imperatrieem
1292 3591 1423 3633 cura
1446 3577 1641 3631 invasit
1659 3576 2016 3646 inquirentem

435 3678 682 3732 qnzeuam
723 3667 789 3719 de
821 3664 993 3720 tribus
1021 3680 1148 3720 vere
1181 3666 1461 3720 Dominica
1485 3681 1615 3720 crux
1642 3677 1785 3720 esset
1810 3683 1825 3732 ;
1854 3678 2017 3732 quam

430 3756 819 3811 dubitationem
843 3758 1129 3827 episc0pus
1147 3773 1239 3827 per
1256 3757 1413 3812 [idem
1429 3756 1693 3812 dissolvit.
1715 3758 1848 3813 Cum
1866 3771 2018 3826 qna:-

429 3847 553 3902 dam
587 3846 811 3913 mulier,
847 3849 1057 3902 cunctis
1097 3857 1218 3902 uola
1245 3889 1260 3911 ,
1325 3857 1380 3902 et
1411 3848 1478 3903 ab
1504 3847 1756 3902 omnibus
1778 3846 1890 3915 jam
1923 3849 2015 3900 de-

432 3948 683 4009 sperata,
718 3942 881 3995 etiam
936 3939 1049 3996 fere
1099 3941 1347 4009 spiritum
1396 3940 1704 4006 exhalaret,
1740 3939 2017 4009 productis

433 4032 641 4087 duabus
665 4032 917 4087 crucibus
944 4073 958 4097 ,
987 4046 1105 4085 eam
1130 4070 1146 4096 ,
1180 4046 1300 4100 qua:
1337 4032 1715 4101 quaerebatur,
1767 4032 1972 4087 invenit
1999 4049 2013 4099 ;

433 4126 596 4181 simul
621 4135 783 4197 atque
809 4127 951 4182 enim
984 4126 1095 4181 sola
1128 4126 1423 4181 Dominicae
1440 4126 1618 4181 crucis
1633 4125 1821 4180 umbra
1847 4140 2017 4196 ingre-

434 4227 545 4272 tam
590 4220 787 4290 attigit,
826 4220 1070 4291 protinus
1114 4215 1296 4275 divina
1318 4220 1779 4275 virtuteexsiliens
1822 4234 2013 4291 magna

435 4311 607 4368 Deum
631 4328 765 4367 voce
792 4312 1134 4383 gloriﬁcavit.

504 4496 825 4567 lmperatrix
858 4510 1010 4561 vero,
1051 4494 1288 4550 maximo
1324 4508 1449 4549 cum
1470 4494 1703 4565 .gandio,
1724 4494 1935 4564 pariter
1962 4503 2015 4549 et

434 4589 740 4647 reverentia
759 4603 977 4644 crucem
1007 4588 1274 4643 viviﬁcam
1297 4587 1600 4655 suscipiens
1622 4628 1637 4652 ,
1666 4596 1875 4656 partem
1896 4586 2015 4656 ejus

433 4695 556 4735 cum
584 4679 752 4734 clavis
779 4677 846 4733 ad
870 4677 1044 4732 ﬁlium
1081 4678 1288 4744 retulit,
1319 4677 1579 4746 reliquam
1616 4692 1741 4731 vero
1768 4677 2014 4733 confecta

435 4773 590 4827 theca
623 4785 785 4826 aurea
818 4769 937 4840 ejus
963 4769 1200 4824 civitatis
1234 4768 1489 4838 episcopo
1512 4767 1729 4823 tradidit
1751 4767 1804 4822 in
1827 4783 2017 4838 perpe-

433 4873 583 4921 tuam
609 4862 860 4919 omnibus
896 4862 1146 4932 gentibus
1195 4861 1536 4917 memoriam.
1572 4859 1703 4926 Qua:
1733 4870 2016 4931 postquam

433 4958 782 5025 prmeepisset
811 4955 863 5009 in
900 4954 1016 5010 loco
1037 4953 1236 5010 viviiici
1281 4952 1520 5024 sepulcri
1562 4958 1818 5022 templum
1846 4951 2017 5007 sediti-

434 5050 570 5113 rari.
598 5058 653 5104 ct
680 5049 823 5103 aliud
848 5047 1100 5104 similiter
1127 5047 1178 5101 in
1202 5062 1359 5102 sacro
1380 5044 1862 5117 monteGolgotha,
1887 5046 2017 5101 etin

435 5141 715 5198 Bethleem
735 5180 750 5206 ,
768 5138 859 5193 ubi
883 5138 1145 5193 Dominus
1168 5138 1467 5193 secundum
1486 5151 1707 5193 carnem
1727 5145 1887 5193 natus
1911 5136 2022 5191 fue-

438 5244 566 5300 rat,
605 5243 659 5288 et
690 5234 741 5287 in
776 5240 963 5287 monte
999 5229 1300 5296 Olivarum,
1339 5229 1427 5284 ubi
1458 5229 1717 5287 Dominus
1742 5228 2020 5297 discipulis

332 5348 339 5353 '
439 5327 767 5385 benedicens
788 5366 805 5391 ,
834 5332 1143 5394 assumptus
1171 5332 1250 5378 est
1271 5362 1286 5387 ,
1317 5322 1548 5393 aliisque
1562 5320 1837 5393 praeclaris
1859 5320 1910 5375 id
1930 5334 2022 5393 ge-

438 5435 541 5479 nus
569 5416 830 5476 coniectis
847 5459 862 5485 ,
886 5416 950 5472 ad
980 5415 1147 5471 tilium
1165 5417 1345 5471 rediit.

508 5684 683 5752 Quam
709 5699 900 5756 magna
929 5699 1054 5742 cum
1080 5684 1355 5754 voluptate
1381 5682 1681 5753 suscipiens
1730 5681 2020 5740 adoranda:

2126 462 2261 530 σμὸν
2320 462 2550 524 ἕκαστος
2614 462 2713 529 τῇς
2763 461 2897 524 ιδίας
2951 460 3301 532 Ἑκκλησίας.
3356 457 3472 517 Ἦν
3531 464 3592 518 δὲ
3654 469 3731 519 ἒν-

2124 553 2549 608 νεακαιδέκατον
2577 554 2694 615 ἔτος
2719 554 2816 624 τῆς
2848 553 3127 622 βασιλείας
3154 556 3344 619 αὐτοῦ,
3383 557 3476 610 ὅτε
3514 558 3727 632 ἐγένετο

2124 644 2264 699 κατὰ
2292 645 2532 699 Νίκαιαν
2565 645 2798 709 σύνοδος.

2190 822 2348 877 Μετὰ
2398 824 2574 878 ταῦτα
2627 825 2946 880 ἀπέστειλεν
2997 828 3026 874 6
3073 825 3327 895 βασιλεὺς
3385 829 3492 899 τὴν
3528 830 3723 883 ἑαυτοῦ

2124 915 2337 988 μητέρα
2353 917 2591 988 Ἑλένην,
2614 918 2712 988 τὴν
2733 918 3046 984 ἀξιέπαινον
3063 922 3157 974 καὶ
3180 921 3431 992 θεοφιλῆ,
3456 926 3547 987 εἰς
3572 924 3728 993 Ἱερο-

2122 1010 2353 1081 σόλυμα,
2391 1010 2530 1080 μετὰ
2581 1010 2929 1081 γραμμάτων
2963 1011 3057 1063 καὶ
3082 1012 3387 1082 χρημάτων
3430 1012 3724 1081 ἀερθονίας,

2120 1103 2258 1174 πρὸς
2290 1102 2381 1156 τὸν
2416 1102 2742 1173 φερώνυμον
2765 1102 3049 1170 Μακάριον
3069 1103 3168 1172 τῆς
3192 1104 3388 1167 Αἰλὶας
3418 1105 3727 1159 ἐπίσκοπα

2121 1194 2213 1248 ἐπὶ
2269 1193 2603 1264 ἀναζητήσει
2660 1193 2755 1247 τοῦ
2808 1193 3079 1257 ξωοποιοῦ
3125 1194 3289 1260 ξύλου
3341 1194 3446 1248 τοῦ
3505 1197 3726 1261 ἐνδόξου

2120 1286 2357 1357 σταυροῦ
2386 1287 2480 1340 καὶ
2507 1285 2763 1359 οἰκοδομῇ
2791 1286 2900 1341 τῶν
2924 1287 3096 1355 ἁγίων
3111 1288 3296 1340 τόπων
3314 1303 3329 1318 ’
3357 1289 3543 1357 αὐτῆς
3569 1288 3729 1341 τοῦτο

2118 1379 2423 1449 αἱτησάσης
2472 1379 2571 1449 τῆς
2603 1378 2897 1449 βασιλίδος,
2926 1379 3243 1448 φασκούσης
3283 1380 3571 1433 δπτασξαν
3605 1381 3730 1434 τινα

2117 1467 2269 1521 θείαν
2321 1469 2625 1538 ἑωρακέναι
2677 1467 3004 1523 κελεύουσαν
3048 1469 3192 1539 αὐτῇ
3241 1470 3311 1521 τά
3360 1468 3727 1537 Ἰεροσόλυμα

2116 1558 2469 1625 καταλαϐεῖν,
2501 1563 2598 1615 καὶ
2621 1563 2748 1626 τοὺς
2778 1560 2967 1630 ἁγίους
2990 1562 3188 1624 τόπους
3221 1564 3304 1624 είς
3331 1562 3456 1629 φῶς
3486 1563 3727 1629 ἀγαγεῖν

2117 1654 2427 1723 χωσθέντας
2473 1654 2579 1707 ὑπὸ
2609 1653 2720 1706 τῶν
2761 1653 3003 1724 ἀνέμων,
3029 1655 3125 1708 καὶ
3152 1654 3388 1723 ἀφανεῖς
3420 1654 3727 1721 γεγονότας

2113 1745 2209 1797 ἐπὶ
2241 1744 2529 1807 τοσούτους
2555 1743 2803 1814 χρόνους.

2186 1835 2391 1891 Μαθὼν
2431 1836 2489 1890 δὲ
2521 1837 2551 1888 6
2590 1838 2891 1900 ἐπίσκοπος
2931 1836 3283 1908 ἀφικομένην
3313 1837 3419 1902 τὴν

2117 1928 2438 1998 συναγαγὼν
2453 1930 2577 1993 τοὺς
2592 1931 2688 2000 τῆς
2705 1931 2976 2000 ἐπαρχίας
2986 1931 3343 1995 ἐπισκόπους,
3354 1929 3508 1999 μετὰ
3519 1929 3624 1998 τῆς
3638 1931 3722 1982 δε-

2114 2023 2281 2094 ούσης
2304 2024 2472 2093 τιμῆς
2500 2025 2818 2094 ἀπήντησεν
2838 2024 2999 2093 αὐτῇ.
3022 2023 3237 2087 Εὐθέως
3250 2023 3310 2077 δὲ
3329 2023 3716 2094 «apetamus

2113 2117 2239 2178 τοὺς
2271 2115 2603 2178 ἐπισκόπους
2632 2115 2733 2185 τὴν
2770 2114 3000 2184 ζήτησιν
3028 2113 3124 2167 τοῦ
3163 2114 3514 2183 ποθουμένου
3560 2115 3716 2181 ξύλου

2115 2205 2465 2277 ποιήσασθαι.
2486 2205 2864 2276 ’Δπορούντων
2875 2206 2931 2260 δὲ
2949 2206 3169 2259 πάντων
3187 2205 3393 2258 ἐπὶτοῦ
3410 2206 3611 2268 τόπου,
3624 2207 3719 2257 καὶ

2115 2298 2278 2355 ἄλλου
2305 2298 2435 2354 ἀλλο
2465 2298 2699 2367 ὑποψίας
2729 2298 3114 2368 διηγουμένου,
3141 2299 3171 2350 ό
3209 2297 3314 2366 τῆς
3344 2297 3564 2359 πόλεως
3600 2297 3719 2350 ἐπί-

2120 2404 2322 2451 σκοπος
2346 2386 2559 2450 πάντας
2590 2386 2892 2458 παρεκάλει
2934 2387 3169 2456 ἡσυχίαν
3200 2386 3382 2453 ἄγειν,
3419 2387 3521 2439 καὶ
3552 2400 3716 2438 σπου-

2114 2478 2404 2550 δαιοτέραν
2451 2477 2618 2548 εύχὴν
2651 2478 2791 2549 ὑπὲρ
2834 2476 3027 2530 τούτου
3058 2476 3134 2545 τῷ
3178 2475 3303 2546 Θεῷ
3336 2477 3713 2546 προσφέρειν.

2118 2570 2324 2624 Τούτου
2355 2571 2411 2623 δὲ
2444 2570 2766 2639 γενομένου,
2793 2568 2995 2631 εὐθέως
3026 2568 3238 2637 ἐδείχθη
3276 2566 3476 2621 θεόθεν
3506 2571 3535 2620 ὁ
3557 2567 3717 2628 τόπες

2116 2662 2194 2734 τῷ
2224 2664 2530 2734 ἐπισκόπει),
2570 2664 2628 2715 ἐν
2657 2655 2702 2730 ᾧ
2732 2662 2916 2732 ἵδρυτο
2941 2660 3037 2714 τοῦ
3086 2659 3406 2730 ἀκαθάρτου
3459 2658 3714 2728 δαίμονος

2118 2758 2146 2809 ὁ
2176 2757 2301 2819 ναὸς
2329 2756 2424 2809 καὶ
2461 2755 2523 2808 τὸ
2555 2753 2802 2825 ἄγαλμα.

2190 2850 2324 2903 Τότε
2354 2851 2386 2919 ὴ
2418 2847 2730 2918 βασῖλισσα,
2761 2849 2827 2917 τῇ
2861 2844 3115 2915 βασιλικῇ
3144 2843 3409 2915 αὖθεντία
3424 2846 3714 2915 χρωμένη,

2123 2941 2506 3010 συναγαγοῦσα
2562 2938 2763 3008 πλῆθος
2814 2937 2951 2991 πολὺ
2983 2936 3245 3007 τεχνιτῶν
3293 2938 3392 2991 καὶ
3442 2939 3714 3009 ἐργατῶν,

2122 3036 2407 3088 ἐκέλευσεν
2433 3034 2497 3084 ἐκ
2531 3029 2747 3101 βάθρων
2773 3029 3159 3100 ἀνατραπῆναι
3193 3028 3255 3081 τδ
3298 3031 3559 3100 μυσαρὸν
3587 3032 3720 3081 οἱκο-

2121 3126 2367 3196 ὃόμημα,
2398 3121 2607 3177 καὶτὸν
2642 3119 2769 3191 χοῦν
2802 3120 2991 3191 πόρῤω
3013 3135 3115 3172 που
3147 3118 3561 3189 ἀπορῤιφῆναι.
3586 3117 3717 3171 Τού-

2122 3228 2215 3265 του
2269 3211 2327 3264 δὲ
2353 3209 2673 3280 γενομένου,
2717 3208 2960 3278 ἀνεφάνη
2999 3207 3061 3260 τὺ
3111 3206 3256 3259 θεῖον
3307 3207 3528 3278 μνῆμα,
3560 3211 3657 3260 καὶ
3692 3214 3717 3258 6

2122 3303 2282 3367 τόπος
2319 3302 2412 3355 τοῦ
2458 3301 2722 3373 Κρανίου,
2761 3302 2857 3354 καὶ
2896 3300 2956 3353 οὐ
2995 3298 3235 3370 μήκοθεν
3272 3302 3434 3370 τρεῖς
3492 3302 3717 3367 σταυροὶ

2122 3396 2524 3467 κεχωρισμένοι
2552 3412 2565 3426 ο
2599 3394 2878 3463 ἐπιμελῶς
2910 3393 2966 3445 δὲ
2996 3392 3403 3464 ἐρευνήσαντες
3430 3385 3597 3463 εὗρον
3626 3392 3719 3446 καὶ

2120 3487 2247 3550 τοὺς
2283 3486 2465 3557 ἥλους.
2774 3519 2780 3524 -

2203 3577 2445 3632 Ἐκεῖθεν
2472 3577 2660 3631 λοιπὸν
2686 3575 2970 3647 ἀμηχανία
2997 3577 3091 3629 καὶ
3111 3574 3290 3645 θλίψις
3317 3576 3597 3631 κατέλαϐε
3621 3577 3717 3646 τὴν

2122 3669 2461 3740 βασίλισσαν,
2488 3667 2875 3739 ἐπιζητοῦσαν,
2906 3669 3056 3730 ποῖος
3078 3670 3188 3737 ἄρα
3214 3666 3303 3737 εἴη
3326 3668 3356 3720 ὁ
3383 3669 3719 3730 Δεσποτικδς

2121 3763 2373 3834 σταυρός.
2419 3763 2478 3816 '0
2507 3762 2564 3815 δὲ
2598 3762 2899 3824 ἐπίσκοπος
2921 3760 3009 3814 διὰ
3046 3760 3284 3823 πίστεως
3315 3760 3418 3829 τὴν
3441 3761 3719 3833 διάκρισιν

2120 3851 2329 3906 ἔλυσεν.
2365 3853 2593 3906 Γυναικὶ
2620 3852 2729 3921 γὰρ
2760 3851 3119 3923 ἀῤῥωστούσῃ
3165 3852 3273 3903 τῶν
3301 3853 3591 3920 ἐμφανῶν,
3627 3854 3717 3906 καὶ

2119 3944 2516 4015 ἀπεγνωσμένῃ
2535 3943 2638 3997 ὑπὸ
2662 3945 2902 4007 πάντων,
2926 3943 3016 3995 καὶ
3040 3942 3109 3996 τὰ
3130 3942 3419 3996 τελευταῖα
3448 3945 3707 4014 πνεούσῃ,

2120 4036 2489 4105 προσαγαγὼν
2506 4035 2770 4105 ἑκάτερον
2789 4035 2899 4088 τῶν
2923 4034 3198 4104 σταυρῶν,
3244 4035 3339 4087 τὸν
3370 4034 3714 4107 ζητούμενον

2116 4118 2287 4194 ηὗρεν
2307 4140 2322 4153 '
2351 4124 2512 4194 μόνον
2534 4125 2643 4197 γὰρ
2660 4126 2889 4196 ῆγγισεν
2912 4126 2944 4192 ἡ
2968 4124 3099 4177 σκιά
3112 4124 3206 4176 τοῦ
3234 4127 3515 4195 σωτηρίου
3546 4143 3713 4178 me-

2123 4213 2213 4286 ροῦ
2244 4218 2310 4287 τῇ
2344 4214 2668 4288 ἀσθενούσῃ,
2699 4217 2863 4280 εὐθὺς
2888 4218 2920 4288 ἡ
2947 4218 3152 4280 ἄπνους
3179 4218 3272 4269 καὶ
3300 4217 3565 4285 ἀκίνητος
3590 4216 3711 4287 θεία

2116 4306 2344 4377 δυνάμει
2400 4308 2746 4379 παραχρῆμα
2799 4309 3143 4379 ἀνεπήδησεν
3202 4307 3302 4361 καὶ
3368 4309 3586 4379 μεγάλῃ
3644 4313 3707 4377 τῇ

2046 4407 2089 4463 1)
2122 4402 2271 4470 φωνῇ
2306 4399 2508 4470 βοῶσα,
2545 4400 2638 4453 καὶ
2669 4397 2968 4465 δοξάζουσα
2994 4400 3085 4453 τὸν
3118 4399 3273 4454 Θεόν.

2203 4492 2269 4545 Ἥ
2305 4492 2361 4545 δὲ
2399 4490 2684 4561 βασίλισσα
2727 4490 2915 4563 Ἑλένη
2944 4496 3009 4563 τῇ
3037 4494 3189 4561 φωνῇ
3223 4491 3404 4563 βοῶσα
3426 4494 3524 4544 καὶ
3550 4492 3704 4556 δοξάς⁵

2116 4585 2290 4650 ¹ζουσα
2310 4583 2407 4637 «τὸν
2430 4584 2589 4651 Θεὸν,
2624 4584 2764 4654 μετὰ
2790 4586 2967 4656 χαρᾶς
2996 4585 3243 4656 μεγάλης
3272 4585 3371 4638 καὶ
3396 4585 3567 4653 φόϐου
3612 4587 3706 4637 ἀν-

2118 4677 2352 4748 ελομένη
2371 4677 2465 4731 τὸν
2488 4676 2755 4741 ζωοποιδν
2776 4678 3030 4748 σταυρὸν,
3054 4677 3220 4747 μέρος
3252 4678 3353 4746 μέν
3380 4694 3434 4729 τι
3476 4679 3574 4731 σὺν
3596 4680 3709 4738 rei;

2115 4770 2266 4841 ἥλοις
2289 4771 2585 4840 ἀνεκόμισε
2611 4769 2748 4843 πρὸς
2779 4769 2875 4823 τὸν
2903 4770 3088 4824 παῖδα.
3121 4768 3212 4839 Τῷ
3236 4770 3293 4822 δὲ
3319 4769 3500 4839 λοιπῷ
3531 4770 3703 4837 γλωσο

2120 4862 2352 4933 σόκομον
2377 4862 2655 4935 ἀργυροῦν
2680 4863 2978 4934 ποιήσασα,
3002 4862 3293 4933 παρέδωκε
3312 4861 3394 4932 τῷ
3418 4862 3706 4928 ﬁgienda?

2117 4954 2218 5023 τῆς
2256 4953 2486 5019 πόλεως,
2546 4956 2627 5017 εἰς
2680 4954 3029 5025 μνημόσυνον
3081 4953 3289 5015 πάσαις
3336 4955 3578 5020 γενεαῖς,
3612 4954 3703 5004 καὶ

2120 5044 2427 5097 θεσπίσασα
2460 5045 2760 5116 ἐκκλησίαν
2799 5044 3054 5114 γενέσθαι
3094 5046 3154 5097 ὲν
3178 5043 3259 5112 τῷ
3288 5040 3543 5118 ζωοποιῷ
3568 5045 3703 5112 μνή-

2124 5150 2254 5204 ματι
2290 5135 2385 5187 καὶ
2414 5134 2492 5204 τῷ
2520 5135 2662 5205 ἁγίῳ
2689 5132 2931 5204 Γολγοθᾷ
2957 5133 3052 5186 καὶ
3088 5134 3145 5185 ἐν
3175 5134 3241 5202 τῇ
3270 5131 3526 5202 Βηθλεὲμ
3544 5134 3603 5185 ὲν
3630 5131 3703 5201 τῷ

2122 5223 2395 5295 σπηλαίῳ,
2441 5225 2570 5279 ἔνθα
2593 5227 2622 5278 ὁ
2649 5223 2852 5294 Κύριος
2891 5222 3051 5294 ἡμῶν
3098 5220 3310 5291 Ἰησοῦς
3336 5223 3575 5294 Χριστὸς
3608 5224 3703 5292 τὴν

2121 5318 2262 5371 κατὰ
2321 5319 2497 5388 σάρκα
2546 5318 2800 5386 γέννησιν
2854 5316 3138 5387 ὑπέμεινε,
3172 5314 3269 5369 καὶ
3317 5316 3381 5368 ὲν
3431 5315 3554 5384 δρει
3592 5316 3701 5367 τῶν

2134 5407 2382 5475 Ἐλαιῶν,
2412 5406 2539 5461 ἔνθα
2563 5410 2591 5461 6
2624 5407 2825 5479 Κύριος
2853 5406 3153 5476 εὐλογήσας
3178 5406 3305 5468 τοὺς
3338 5405 3589 5475 μαθητὰς
3618 5408 3700 5458 ἀν·-

2121 5500 2489 5571 ελήφθηδιΚαὶ
2511 5499 2648 5553 ἀλλα
2703 5498 2877 5552 πολλά
2905 5499 3179 5569 ποιήσασα
3192 5497 3251 5550 ἑν
3284 5497 3697 5567 Ἱεροσολύμοις.

2123 5591 2418 5661 ἀνέστρεψε
2446 5590 2581 5661 πρὸς
2613 5590 2703 5644 τὸν
2736 5590 2919 5644 παῖδα.

2209 5683 2268 5736 'U
2295 5682 2349 5736 δὲ
2395 5681 2533 5754 μετὰ
2575 5683 2750 5754 χαράς
2798 5680 2968 5752 αὐτὴν
3003 5679 3426 5750 ὑποδεξάμενος,
3461 5680 3564 5752 τὴν
3603 5679 3694 5749 μὲν
