3946 6318
224 375 349 440 ιοκι

1183 373 1285 440 DE
1315 360 1783 434 lN't'EN'TlONE
1827 374 2133 437 SANCTE
2166 376 2461 440 CiiUClS.

3356 370 3496 436 4082

224 486 309 539 τοὺ
330 483 509 553 τιμίου
546 481 777 552 σταυροῦ
813 482 1003 554 μερίδα
1038 484 1092 535 ἓν
1124 484 1299 552 χρυσῇ
1334 478 1478 551 θήκῃ
1511 477 1787 547 ἀπιθέμε-
1827 522 1832 542 λ

1942 485 2072 540 fucis
2112 497 2316 555 partem
2344 488 2394 541 in
2421 486 2607 543 loculis
2626 486 2805 540 aureis
2833 496 3090 554 reposuit,
3112 502 3337 555 eamque
3375 488 3490 551 epl-

224 592 326 636 vo;,
366 574 647 645 παρέδωκε
678 572 754 642 τῷ
792 573 1073 641 ὲπισκόπῳ
1100 574 1179 635 είς
1206 574 1457 642 τήρησιν,
1496 570 1795 633 ἐνιαυσίαις

228 667 465 737 μνήμαις
496 665 779 735 ἑορτάζειν
802 665 897 736 τὴν
923 663 1194 729 ἀνάδειξιν
1221 663 1313 717 τοῦ
1341 663 1527 731 τιμίου
1561 663 1798 731 σταυροῦ

229 758 552 830 προστάξας.
585 758 709 811 Τῶν
738 758 795 811 δὲ
822 759 967 829 ἥλων
992 759 1116 821 τοὺς
1139 758 1237 827 μὲν
1260 759 1336 819 εἰς
1363 757 1462 829 τὴν
1492 757 1628 809 ἰδίαν
1647 772 1801 826 περι-

228 850 524 920 κεφαλαίαν
571 852 921 922 ἐχαλκευςεν,
953 852 1078 912 τοὺς
1108 850 1163 902 δὲ
1209 849 1431 918 ἀνέμιξε
1470 848 1547 918 τῷ
1585 850 1799 918 συμϐα-

230 945 327 1017 ρίῳ
352 944 444 998 τοῦ
478 945 644 998 ἵππου
675 944 864 1009 αὑτοῦ,
898 945 984 997 ἵνα
1010 942 1270 1013 πληρωθῇ
1292 942 1349 995 τὸ
1380 941 1543 1012 ῥηθὲν
1572 939 1664 993 τοῦ
1690 943 1802 993 Κυ-

231 1035 343 1105 ρίου
390 1034 477 1089 διὰ
527 1035 623 1088 τοῦ
679 1037 959 1105 προφήτου
998 1033 1282 1100 λέγοντος·
1322 1052 1339 1082 ι
1387 1033 1475 1084 Ἐν
1518 1034 1585 1103 τῇ
1623 1032 1805 1102 ἡμέρᾳ

228 1127 432 1197 ἐκείνῃ,
476 1126 627 1181 ἔσται
667 1130 727 1180 τὸ
763 1126 856 1180 ἐπὶ
882 1127 973 1180 τὸν
1026 1125 1241 1196 χαλινὸν
1289 1124 1382 1178 τοῦ
1420 1125 1611 1191 ἵππου,
1654 1125 1806 1192 Ξιγιον

230 1216 419 1287 Κυρίῳ
453 1218 875 1288 παντοκράτορι.
920 1236 937 1264 ι

313 1311 371 1363 Ὀ
404 1310 460 1363 δὲ
505 1309 759 1381 βασιλεὺς
792 1310 999 1380 ἔγραψε
1044 1309 1328 1378 ὲπισκόπῳ
1367 1309 1639 1380 Μακαρίῳ
1691 1310 1808 1360 ἐπι-

237 1402 489 1456 σπεύδειν
538 1402 636 1473 τὴν
691 1402 1001 1470 οἰκοδομὴν,
1061 1405 1157 1455 καὶ
1207 1403 1465 1471 ἅρχοντα-
1493 1400 1587 1455 τοῦ
1646 1401 1808 1471 ἔργου

232 1491 521 1546 ἀπέστειλε
555 1491 695 1561 μετὰ
738 1490 1018 1560 δαψιλείας
1060 1492 1381 1560 χρημάτων,
1437 1490 1809 1559 παραγγείλας

234 1581 383 1651 αὑτῷ
412 1581 711 1653 φιλοτίμως
760 1582 1046 1650 κτισθῆναι
1094 1584 1219 1645 τοὺς
1253 1582 1442 1649 ἁγίους
1485 1583 1703 1645 τόπους,
1735 1581 1809 1644 ὡς

238 1669 314 1739 μὴ
338 1663 478 1722 εἶναι
511 1668 767 1739 τοιαύτην
798 1669 1061 1739 καλλονὴν
1093 1671 1151 1723 ἐν
1179 1670 1328 1741 πάσῃ
1355 1672 1417 1740 τῇ
1445 1672 1539 1740 γῇ.
1564 1669 1810 1741 Ἔγραψε

234 1762 291 1815 δὲ
325 1764 418 1815 καὶ
450 1763 565 1825 τοῖς
591 1762 827 1831 ἡγεμόσι
861 1763 958 1832 τῆς
1011 1763 1282 1833 ἐπαρχίας
1315 1761 1584 1824 παντοίως
1624 1760 1811 1813 συνελ-

1900 590 2066 645 scapo
2112 586 2371 646 perpetuo
2409 578 2820 635 custodiendam
2849 579 3030 646 dedit,
3072 580 3268 633 annuis
3315 578 3490 643 festis,
3536 634 3553 645 ,

1904 666 2266 721 inventionem
2290 668 2466 723 crucis
2493 670 2867 732 celebrandam
2893 661 3273 737 pra-scribens.
3301 670 3494 726 Clavus

1902 766 2081 810 autem
2123 760 2320 827 partim
2365 760 2529 829 galea:
2573 776 2682 815 sure
2715 762 2892 816 incudi
2936 763 3242 825 mandavit,
3299 762 3494 830 partim

1904 848 2025 917 equi
2055 848 2347 918 suilupatis
2378 851 2702 915 immiscuit,
2728 865 2785 905 ut
2812 853 3129 921 impleretur
3152 852 3292 921 quod
3327 870 3353 905 a
3394 855 3494 906 lin-

1905 942 2052 996 mino
2073 957 2168 1010 per
2189 943 2502 1012 prephetam
2537 943 2738 999 d'ctnm
2761 945 2933 999 fuerat
2962 964 2973 998 :
3007 945 3092 998 rln
3125 945 3210 997 illa
3255 945 3337 997 die
3374 946 3496 1006 crit,

1905 1035 2045 1102 quod
2069 1050 2227 1100 super
2253 1036 2461 1090 frenum
2485 1039 2605 1106 equi
2636 1046 2749 1102 est,
2776 1047 3023 1092 sanctum
3061 1039 3286 1092 Durninu
3328 1038 3501 1089 nurni-

1919 1129 2119 1195 polenli
2138 1127 2203 1182 δ’.
2220 1147 2240 1177 ι
2362 1123 2369 1128 “
3046 1134 3051 1137 ·

1979 1304 2275 1375 Imperator
2297 1308 2488 1362 deinde
2509 1307 2574 1361 ad
2602 1306 2889 1363 Macarium
2918 1310 3231 1377 episcopum
3250 1307 3461 1376 scripsit
3484 1340 3498 1360 .

1912 1406 1967 1452 ut
2005 1399 2415 1457 aediﬁcationem
2465 1399 2785 1468 templorum
2820 1409 3113 1455 maturaret
3135 1402 3167 1464 ,'
3190 1408 3242 1453 ct
3271 1400 3503 1454 archite-

1910 1499 2055 1543 ctum
2074 1504 2138 1542 eo
2162 1490 2329 1555 misit,
2346 1506 2467 1543 cum
2490 1505 2681 1560 magno
2699 1492 2937 1557 pecunia:
2954 1492 3207 1560 pondere.
3233 1489 3317 1545 «υἱ
3342 1490 3504 1546 etiam

1912 1579 1963 1635 in
2001 1582 2267 1635 mandatis
2318 1580 2461 1636 dedit
2489 1620 2505 1645 ,
2539 1591 2595 1635 ut
2621 1582 2904 1651 diligenter
2933 1596 3089 1636 sacra
3117 1582 3232 1636 loca
3264 1579 3506 1635 aediliciis

1911 1683 2217 1733 exornaret,
2251 1676 2319 1728 ita
2347 1684 2403 1727 ut
2429 1691 2612 1729 eorum
2636 1673 3048 1741 magniﬁcentia:
3078 1673 3213 1729 nihil
3240 1682 3352 1728 toto
3373 1677 3505 1726 orbe

1915 1780 2012 1832 par
2053 1764 2277 1818 inveniri
2317 1776 2516 1833 posset.
2548 1762 2779 1832 Scripsit
2808 1765 2970 1817 etiam
3013 1763 3077 1817 ad
3117 1761 3398 1831 praefectos
3447 1761 3510 1814 il-

237 1854 350 1907 θεῖν
387 1853 464 1924 τῷ
500 1854 648 1926 ἔργῳ
677 1855 739 1908 ὲκ
764 1854 857 1908 τοῦ
898 1855 1159 1923 δημοσίου
1189 1854 1372 1922 λόγου,
1406 1853 1461 1906 ἕν
1494 1871 1551 1905 τε
1570 1855 1672 1923 χρή
1683 1870 1814 1923 μασι

1942 1858 2025 1911 ius
2052 1858 2362 1926 provincia’,
2397 1867 2448 1909 ut
2479 1854 2692 1925 publico
2712 1871 2817 1910 aere
2833 1855 3229 1924 etsumptibus,
3252 1865 3302 1909 et
3338 1863 3509 1908 mate-

240 1947 333 1999 καὶ
366 1944 687 2013 ἀναλώμασι
715 1946 811 2000 καὶ
838 1945 1015 2009 ὕλαις.
1037 1941 1145 1998 Ἦν
1165 1946 1221 1998 δὲ
1251 1948 1277 2000 ό
1301 1945 1554 2015 βασιλεὺς
1576 1944 1816 2013 φαιδρῶς

238 2037 389 2103 ἄγων
415 2038 513 2102 τῆς
543 2039 981 2108 είκοσαετηρίδος
1004 2040 1105 2108 τὴν
1132 2039 1345 2109 ἑορτὴν,
1378 2036 1716 2108 εὐχαριστῶν
1740 2035 1817 2106 τῷ

240 2128 361 2199 θεῷ
390 2131 530 2202 ὑπὲρ
556 2133 775 2184 πάντων
807 2131 916 2184 τῶν
945 2130 1189 2198 ἀγαθῶν,
1218 2126 1293 2183 ὧν
1336 2131 1590 2200 ἐποίησεν
1625 2131 1682 2182 ἐν
1706 2131 1818 2191 τοῖς

240 2222 455 2293 χρόνοις
479 2222 579 2290 τῆς
613 2221 887 2291 βασιλείας
923 2223 1109 2276 αὑτοῦ.
1150 2224 1479 2291 Συνάγονται
1519 2223 1575 2275 δὲ
1613 2221 1689 2275 τὰ
1724 2222 1819 2292 ἔτη

239 2314 351 2367 ἀπὸ
394 2313 490 2383 μὲν
539 2314 777 2384 Χριστοῦ
812 2316 1112 2386 παρουσίας
1161 2315 1265 2378 ἕως
1302 2314 1401 2383 τῆς
1432 2314 1698 2382 εὑρέσεως
1726 2312 1818 2367 τοῦ

241 2406 506 2476 σταυροῦ,
543 2406 830 2479 τριακόσια
886 2409 1221 2478 πεντήκοντα
1269 2408 1363 2462 δύο
1422 2408 1537 2478 ἔτη.
1584 2407 1717 2461 ’Δπδ
1765 2408 1821 2460 δὲ

255 2498 427 2569 ’Λδὰμ
460 2498 565 2562 ἕως
612 2499 912 2569 παρουσίας
962 2500 1221 2570 Χριστοῦ,
1277 2500 1369 2569 ἔτη
1411 2499 1823 2568 πεντακισχίλια

243 2590 602 2645 πεντακόσια.
648 2589 789 2644 Καθ’
819 2590 1036 2662 ἐτέρους
1076 2590 1131 2644 δὲ
1163 2590 1577 2659 πεντακισχίλια
1626 2606 1822 2659 τετρα-

244 2683 407 2736 κόσια
441 2681 812 2754 ἐϐδομήκοντα
850 2682 1033 2736 πέντε.

332 2858 420 2911 Ἐν
448 2857 501 2911 δὲ
540 2857 697 2926 Alli;
742 2858 832 2911 τὸν
863 2855 1185 2930 φερώνυμον
1221 2856 1510 2926 Μακάρων
1558 2856 1827 2921 διεδέξατο

248 2946 606 3019 Μαξιμωνᾶς.
639 2941 809 3011 Οὗτος
833 2948 890 3002 δὲ
916 2949 1089 3019 πρᾶος
1114 2948 1251 3019 ἀνὴρ
1278 2949 1370 3001 καὶ
1397 2949 1665 3019 ἐπίσημος
1683 2948 1824 3001 λίαν.

186 3122 191 3125 τ
265 3039 356 3090 Ἢν
385 3038 492 3109 γὰρ
522 3038 601 3108 τῷ
637 3038 864 3110 διωγμῷ
903 3039 1105 3103 πολλὰς
1146 3040 1413 3108 βασάνους
1458 3040 1717 3110 ὑπέμεινε
1741 3039 1831 3092 διὰ

1922 1952 1998 2005 ria
2021 1951 2148 2004 illud
2182 1965 2345 2019 opus,
2376 1958 2637 2019 quantum
2682 1962 2902 2018 possent
2926 1958 3327 2017 promovet-ent.
3355 1948 3509 2003 (Zeleo

1920 2042 2115 2098 brabat
2158 2052 2335 2095 autem
2373 2050 2498 2097 tunc
2544 2041 2840 2109 imperator
2874 2040 3152 2109 splendide
3197 2039 3405 2108 imperii
3428 2041 3508 2092 sui

1922 2134 2243 2199 viceunalia,
2276 2134 2473 2205 gratias
2503 2150 2670 2203 agens
2693 2134 2799 2186 Deo
2831 2149 2927 2201 pro
2955 2133 3209 2187 omnibus
3230 2130 3506 2184 beneﬂciis

1925 2237 2165 2295 tempore
2197 2226 2405 2294 imperii
2432 2226 2482 2279 in
2518 2242 2576 2283 se
2616 2225 2846 2279 collatis.
2875 2224 3216 2294 Cnlliguntur
3265 2233 3443 2276 autem
3481 2236 3509 2274 a

1921 2317 2123 2373 Christi
2141 2318 2194 2372 in
2219 2333 2380 2372 carne
2403 2317 2708 2387 praesentia,
2730 2331 2897 2384 usque
2915 2316 2980 2368 ad
3010 2326 3223 2382 tempus
3249 2313 3515 2368 inventio-

1924 2409 2010 2466 nis
2072 2409 2248 2464 crueis
2295 2409 2645 2472 venerandae,
2683 2409 2809 2463 anni
2851 2405 3078 2461 trecenti
3121 2405 3510 2474 quinquaginta

1925 2504 2054 2559 duo.
2100 2500 2181 2556 Ab
2223 2501 2393 2555 Adam
2415 2515 2564 2563 vero,
2602 2499 2858 2567 usquead
2886 2508 3098 2568 tempus
3142 2513 3249 2568 quo
3268 2497 3515 2551 Christus

1927 2598 1997 2649 iri‘
2026 2608 2190 2649 carne
2220 2592 2489 2662 apparuit,
2537 2594 2661 2645 anni
2685 2589 2969 2661 quinquies
3021 2589 3166 2644 mille
3190 2588 3466 2659 quingenti
3500 2607 3512 2643 :

1927 2688 2218 2743 secundum
2249 2687 2384 2740 alios
2401 2699 2527 2740 vero
2563 2683 2850 2754 quinquies
2866 2682 3010 2737 mille
3030 2681 3411 2752 quadringenti
3429 2693 3530 2736 se-‘

1929 2779 2206 2851 ptuaginta
2241 2778 2497 2848 quinque.

1999 2870 2056 2924 l'n
2111 2871 2242 2924 urbe
2280 2880 2457 2923 autem
2492 2867 2632 2925 Elia
2672 2868 2938 2923 successit
2975 2866 3214 2922 Macario
3269 2867 3521 2936 episcopo

1930 2963 2253 3019 Maximinus
2284 2963 2373 3015 vir
2398 2962 2822 3031 placidissimus,
2862 2970 2917 3016 et
2949 2957 3278 3016 venerabilis
3323 2959 3375 3012 in
3410 2959 3524 3029 pri-

1934 3056 2070 3121 mis,
2106 3064 2316 3124 nrpote-
2359 3054 2449 3124 qui
2509 3055 2561 3108 in
2604 3054 2976 3123 persecutione
3002 3052 3230 3122 plurima
3255 3057 3527 3106 tormenta

253 3130 350 3182 τὸν
383 3131 537 3195 Θεὸν,
569 3133 664 3184 καὶ
682 3131 972 3195 τὸν-δεξιὸν
991 3130 1270 3202 ὀφθαλμὸν
1292 3132 1563 3195 ἀπολέσας
1586 3131 1828 3202 ἀπελύθη

1942 3149 2227 3219 pertulerat
2251 3164 2269 3211 ;
2311 3148 2435 3201 huic
2453 3147 2643 3202 oculus
2664 3147 2800 3203 alter
2828 3147 3062 3201 extritus
3089 3144 3286 3201 l‘u‘erat.
3318 3142 3519 3198 Eodem

252 3221 351 3271 ἐπὶ
382 3223 446 3289 τῇ
497 3221 759 3293 ὁμολογίᾳ
799 3221 897 3291 τῆς
942 3221 1198 3284 πίστεως.
1230 3221 1365 3274 Κατ’
1417 3223 1623 3274 ἐκεῖνον
1657 3222 1712 3275 δὲ
1742 3222 1835 3275 τὸν

254 3312 499 3381 καιρὸνή
533 3314 779 3383 μακαρία
809 3313 995 3381 Ἑλένη
1025 3315 1057 3380 ἡ
1103 3312 1392 3382 βασίλισσα
1415 3313 1569 3375 τέλος
1596 3312 1690 3365 τοῦ
1725 3313 1840 3383 βίου

257 3403 554 3472 ἐχρήσατο,
585 3404 721 3457 ἐτῶν
747 3399 883 3458 οὖσα
908 3403 1260 3472 ὀγδοήκοντα,
1293 3403 1462 3456 πολλὰ
1489 3404 1840 3475 ἐντειλαμένη
1870 3426 1873 3429 ·

256 3492 338 3561 τῷ
368 3492 518 3545 παιδὶ
543 3494 796 3566 περὶτῆς
829 3497 908 3558 εἰς
943 3495 1179 3566 Χριστὸν
1221 3495 1523 3557 εὑσεΰείας.

334 3585 479 3647 Ἕως
507 3579 610 3640 ὧδε
660 3587 788 3655 περὶ
820 3587 918 3655 τῆς
952 3587 1225 3655 εὑρέσεως
1253 3586 1348 3640 τοῦ
1394 3584 1657 3650 ξωοποιοῦ
1691 3603 1846 3638 σταυ-

264 3678 362 3747 ροῦ
396 3680 427 3747 ἡ
459 3678 666 3748 ἱστορία
707 3678 870 3731 ἔστω.
930 3680 1036 3731 Καὶ
1089 3680 1280 3749 μηδεὶς
1336 3678 1534 3731 ἑαυτὸν
1581 3678 1848 3731 ἀπατάτω

264 3770 643 3839 ματαιολογῶν
668 3770 962 3840 ἀσύμφορα
991 3772 1084 3823 καὶ
1122 3768 1445 3839 μυθοποιίας
1479 3771 1545 3823 δι’
1569 3769 1849 3839 ὀνομάτων

260 3863 589 3932 παραξένων
624 3862 975 3932 παρεισάγων
1004 3864 1070 3933 τῇ
1104 3862 1381 3916 ὑποθέσει.
1421 3861 1555 3915 Οὐδὲ
1592 3860 1701 3930 γὰρ
1725 3860 1846 3913 ὲπί-

176 4007 185 4013 _
262 3971 469 4017 σκοπος
519 3952 705 4024 ἕτερος
748 3954 1140 4024 Ἰεροσολύμων
1198 3953 1394 4021 γέγονε
1442 3952 1664 4005 πώποτε
1700 3952 1852 4021 παρᾶι

260 4047 393 4107 τοὺς
440 4046 964 4115 προγεγραμμένους
989 4086 1002 4108 ,
1054 4045 1173 4097 οὑδὲ
1203 4043 1461 4114 βασιλεὺς
1494 4044 1682 4114 ἕτερος
1722 4045 1850 4096 Ῥω-

266 4137 470 4206 μαίων,
520 4137 641 4190 οὑδὲ
697 4138 802 4207 μὴν
855 4138 1028 4207 ἑτέρῳ
1075 4136 1264 4206 τρόπῳ
1301 4137 1329 4188 ὁ
1369 4137 1550 4205 τίμιος
1617 4137 1853 4205 σταυρὸς

264 4227 491 4299 εὑρέθη.
534 4228 667 4280 Ἀπὸ
711 4228 1158 4298 γὰρΑὑγούστου
1204 4227 1300 4281 τοῦ
1351 4226 1638 4297 βασιλέως,
1681 4220 1854 4295 ἐφ’οὖ

266 4320 535 4391 ἐγεννήθη
565 4322 593 4372 ὁ
628 4319 830 4389 Κύριος
877 4320 1036 4391 ἡμῶν
1099 4320 1307 4390 Ἰησοῦς
1365 4319 1599 4389 Χριστὸς
1621 4320 1681 4372 τὸ
1715 4321 1856 4372 κατὰ

268 4411 478 4481 σάρκα,
510 4410 616 4475 ἕως
656 4410 753 4464 τοῦ
809 4411 1065 4473 εὐσεϐοῦς
1094 4410 1358 4480 βασιλέως
1407 4411 1849 4477 Κωνσταντίνου,

1947 3250 2185 3310 tempore
2225 3240 2380 3293 beata
2408 3237 2608 3292 llelena
2637 3238 2890 3304 moritur,
2917 3237 3096 3293 artatis
3132 3253 3338 3292 annum
3364 3248 3551 3302 agens

1944 3333 2354 3401 octogesimum,
2390 3330 2559 3384 multa
2607 3330 2716 3383 tilio
2748 3343 2848 3384 suo
2873 3329 2941 3384 tle
2965 3328 3273 3383 Christiana
3314 3327 3522 3395 pietate

1946 3422 2286 3492 prmeipieus.

2022 3600 2137 3655 lluc
2169 3613 2341 3666 usque
2368 3599 2449 3650 de
2492 3597 2802 3650 inventione
2841 3604 3043 3650 sancta!
3084 3594 3271 3648 crucis
3323 3593 3529 3647 dictum

1951 3695 2041 3758 sit,
2073 3708 2127 3746 et
2158 3706 2315 3745 nemo
2340 3690 2579 3759 seipsum
2607 3688 2841 3756 decipiat
2872 3702 3010 3741 vana
3037 3685 3351 3748 referendo,
3383 3684 3536 3737 fabu-

1952 3786 2200 3853 losasque
2233 3780 2574 3835 narrationes
2618 3777 2917 3849 peregrinis
2963 3775 3272 3833 nominibus
3314 3783 3537 3829 contex—

1955 3886 2036 3931 tas
2066 3883 2386 3941 argumento
2421 3872 2548 3927 huic
2597 3870 2911 3933 inserendo.
2956 3869 3140 3936 Neque
3195 3868 3343 3921 enim
3396 3866 3536 3919 ullus

1953 3966 2090 4020 alius
2117 3963 2401 4032 episcopus
2441 3957 2967 4029 llierosolymitanus
3012 3965 3217 4026 praeter
3249 3952 3537 4023 prtedictos

1956 4057 2080 4119 fuit,
2132 4068 2310 4123 neque
2382 4053 2522 4108 alius
2571 4051 2944 4106 Romanorum
2996 4049 3314 4117 imperator,
3364 4059 3541 4113 neque

1957 4147 2064 4201 alio
2092 4146 2252 4201 modo
2281 4144 2587 4200 veneranda
2634 4156 2767 4197 crux
2803 4140 3020 4196 inventa
3053 4147 3156 4195 est.
3184 4139 3264 4191 Ah
3299 4137 3541 4206 Augusto

1957 4239 2101 4291 cnim
2152 4237 2509 4305 imperatore,
2550 4232 2651 4288 sub
2684 4246 2791 4302 quo
2824 4231 3072 4288 Christus
3093 4228 3386 4286 secundum
3417 4243 3542 4283 car-

1954 4342 2079 4382 nem
2132 4335 2294 4379 natus
2325 4333 2429 4392 est,
2474 4337 2645 4393 usque
2693 4323 2760 4377 ad
2789 4320 3233 4377 tConstanlinum
3289 4317 3541 4387 Magnum

1962 4415 2180 4483 triginta
2212 4414 2457 4483 quinque
2493 4413 2850 4481 imperatores
2893 4411 3346 4465 intercesserunt.
3373 4405 3542 4461 Simi-

264 4501 568 4574 τριάκοντα
600 4503 693 4554 καὶ
739 4503 902 4557 πέντε
936 4504 1195 4571 γεγόνασι
1238 4501 1500 4573 βασιλεῖς.
1538 4501 1771 4572 Ὁμοίως
1799 4502 1828 4555 δ

1964 4505 2086 4559 liter
2118 4521 2147 4557 a
2182 4502 2388 4558 Jacolm
2418 4501 2588 4556 fratre
2631 4500 2842 4555 Domini
2881 4513 3055 4569 usque
3084 4498 3149 4552 ad
3179 4496 3338 4567 hujus
3369 4495 3543 4564 impe-

268 4595 371 4647 καὶ
426 4594 534 4647 ἀπὸ
566 4593 827 4648 Ἰακώϐου
885 4594 980 4648 τοῦ
1035 4595 1338 4648 ἀποστόλου
1371 4594 1462 4646 καὶ
1490 4592 1707 4664 πρώτου
1747 4592 1859 4645 τῶν

265 4685 592 4738 ἐπισκόπων
631 4685 736 4748 ἕως
765 4687 864 4756 τῆς
895 4687 1068 4756 αὑτῆς
1098 4685 1399 4756 βασιλείας,
1436 4685 1735 4755 τριάκοντα
1766 4686 1859 4737 καὶ

264 4778 440 4832 πέντε
498 4778 883 4849 Ἰεροσολύμων
932 4779 1224 4832 ἐπίσκοποι
1272 4780 1552 4846 γεγόνασι.
1630 4778 1741 4848 Τὴν
1801 4776 1859 4829 δὲ

263 4870 580 4940 σεϐάσμιον
632 4873 849 4941 ἡμέραν
875 4873 984 4925 τῶν
1017 4873 1311 4940 ὲγκαινίων
1328 4873 1439 4925 τῶν
1458 4871 1631 4940 ἁγίων
1654 4871 1856 4936 τόπων,

258 4965 375 5017 καὶ
391 4964 489 5028 τῆς
513 4962 773 5033 ὑψώσεως
789 4964 882 5016 τοῦ
905 4964 1281 5034 προσκυνητοιῖ
1302 4964 1562 5035 σταυροῦ,
1589 4963 1861 5035 ὡρίσαντο

251 5058 335 5112 οἱ
374 5056 614 5127 Πατέρες
667 5057 805 5127 μετὰ
845 5056 1125 5128 βασιλικοῦ
1156 5059 1580 5128 προστάγματος
1615 5058 1862 5126 γίνεσθαι

254 5148 386 5202 ἀνὰ
415 5146 532 5210 ἔτος
561 5148 789 5202 ἕκαστον
809 5152 874 5219 τῇ
904 5148 1475 5220 τεσσαρεσκαιδεκάτῃ
1498 5148 1593 5202 τοῦ
1618 5150 1864 5218 Σεπτεμ-

1971 4598 2134 4664 ritttn,
2173 4597 2391 4666 triginta
2432 4594 2672 4664 quinque
2738 4592 2958 4646 fuerunt
3004 4588 3396 4660 Hierosolymis
3433 4588 3546 4656 epi-
3616 4590 3619 4593 ’
3656 4627 3664 4659 τ

1976 4689 2149 4760 scapi.
2175 4688 2554 4742 Yenerandam
2580 4695 2757 4740 autem
2791 4685 2930 4740 diem
2952 4682 3303 4739 dedicationis
3328 4688 3547 4736 sancto-

1968 4798 2090 4837 rum
2123 4782 2391 4847 locorum,
2437 4788 2492 4833 et
2521 4778 2868 4833 exaltationis
2898 4777 3186 4832 adoranda:
3216 4773 3416 4838 crucis,
3444 4770 3548 4824 Pa-

1971 4884 2099 4937 tres,
2134 4886 2200 4927 ex
2243 4874 2593 4941 imperatorio
2632 4871 2809 4941 jussu,
2864 4868 3191 4939 deﬁnierunt
3249 4866 3546 4935 quotannis

1971 4964 2358 5020 celebrandam
2392 4964 2618 5016 decimo
2669 4968 2869 5030 quarto
2908 4960 2995 5014 die
3046 4957 3406 5027 Septembris,
3455 4954 3549 5023 qui

1924 5074 1925 5077 ‘
1971 5067 2057 5111 est
2085 5071 2221 5110 xvut
2269 5054 2496 5109 Kalend.
2534 5053 2810 5117 Octobris,
2854 5052 2907 5106 in
2964 5051 3223 5131 honorem
3264 5046 3462 5111 Patris,
3496 5055 3545 5101 et

1976 5149 2118 5214 Filii,
2156 5158 2209 5203 et
2240 5148 2478 5217 Spiritus
2508 5146 2704 5202 sancti.

252 5240 438 5312 6ρίου
488 5242 677 5311 μηνὸς,
728 5245 849 5315 ἥτις
878 5245 1086 5314 ἐστὶνὴ
1121 5246 1228 5315 πρὸ
1256 5244 1534 5298 δεκαοκτὼ
1594 5243 1888 5297 Καλανδῶν
1939 5242 2306 5312 Ὀκτωϐρίων,
2376 5242 2454 5305 είς
2509 5240 2667 5305 δόξαν
2718 5235 2813 5292 τοῦ
2860 5236 3095 5307 Πατρδς,
3148 5234 3243 5288 καὶ
3280 5230 3370 5287 τοῦ
3400 5231 3550 5290 fio-3,

250 5336 378 5390 καὶ
408 5334 503 5388 τοῦ
539 5336 695 5404 ἁγίου
732 5338 1069 5409 Πνεύματος.

366 5427 586 5497 Ἐπειδὴ
602 5430 658 5481 δὲ
684 5430 866 5499 χάριτι
885 5432 979 5484 τοῦ
1002 5430 1138 5485 Θεοῦ
1168 5432 1593 5502 κατηντήσαμεν
1613 5431 1690 5500 τῷ
1721 5430 1861 5500 λόγῳ

247 5543 287 5579 ε
303 5522 379 5583 lc.
395 5517 494 5589 τὴν
514 5518 754 5588 εὔσημον
777 5522 990 5592 ἡμέραν
1018 5523 1120 5592 τῆς
1147 5522 1338 5591 ἑορτῆς
1362 5521 1539 5592 ἡμῶν,
1572 5520 1692 5591 ἥτις
1718 5521 1865 5573 ἐστὶν

248 5616 308 5687 ἠ
349 5609 616 5676 ἀνάδειξις
647 5609 740 5664 τοῦ
772 5611 1035 5676 ζωοποιοῦ
1080 5613 1336 5683 σταυροῦ,
1385 5612 1517 5683 φέρε
1549 5610 1727 5676 καθὼς
1759 5605 1870 5663 οἷόν

373 5787 419 5821 ’³
441 5785 669 5842 Zatlrar.
704 5803 814 5853 xw,
842 5789 931 5846 20.

2038 5424 2306 5493 Quoniam
2321 5437 2468 5486 vero,
2487 5421 2665 5477 diViua
2686 5418 3082 5488 nosadjuvante
3095 5417 3290 5483 gratia,
3306 5410 3556 5466 oratione

1974 5515 2340 5587 processimus
2388 5515 2453 5567 ad
2486 5509 2818 5579 splendidam
2859 5507 2980 5562 festi
3016 5504 3188 5561 nostri
3231 5504 3396 5566 diem,
3434 5514 3556 5571 qua».

1977 5620 2065 5667 est
2087 5608 2327 5664 ostensio
2362 5614 2415 5660 ct
2470 5603 2726 5663 exultatio
2767 5609 2966 5658 sancta:
2990 5596 3188 5665 crucis,
3236 5608 3355 5665 age,
3384 5607 3557 5662 quau-
