3946 6318
426 318 565 383 4087

1610 324 2057 386 ALEXANDRI
2097 322 2439 383 MONACHI

2908 276 2949 285 μ

3573 330 3719 396 4088

432 431 587 488 cibus
618 433 801 487 crucis
847 435 1015 488 armis
1063 434 1117 488 in
1166 435 1425 490 Lumcros
1472 437 1722 499 sublatis,
1756 439 2015 506 hymnum

2123 436 2515 500 ἀναλαϐόντες,
2552 436 2646 488 καὶ
2681 436 2912 506 ἄραντες
2943 439 3037 492 ἐπὶ
3063 440 3171 495 τῶν
3212 440 3382 512 ὤμων
3416 444 3477 497 τὸ
3508 463 3721 515 νικςτεο

430 523 582 576 ilium
636 525 973 594 angeiicttm,
1001 528 1094 595 qui
1129 526 1282 580 nobis
1325 528 1541 582 tmlitus
1583 530 1648 581 ad
1694 529 2013 596 placandam

427 630 645 669 omnem
677 617 814 669 iram
855 616 1090 672 donatus
1124 627 1227 683 est,
1267 617 1374 672 Deo
1420 634 1517 688 pro
1562 636 1713 676 more
1756 622 2010 675 decante-

431 721 549 762 mus
596 726 609 761 :
668 726 690 759 ι
747 708 983 763 Sanctus
1034 709 1208 772 Deus,
1261 724 1491 767 sanctus
1554 712 1744 777 fortis,
1796 724 2015 767 sanctus

429 800 789 865 immortalis,
851 801 1112 857 miserere
1168 804 1356 867 nobis,
1417 824 1436 856 ›
1509 814 1695 859 sancta
1752 803 2014 869 Trinitas,

427 894 1028 963 incomprehensibilis,
1068 896 1583 966 ineircmuscripta,
1618 908 1772 951 extra
1805 915 1864 952 se
1906 916 2012 955 nou

428 986 706 1054 prodieus,
757 987 1268 1053 consubstantialis,
1307 990 1533 1058 a‘qttalis
1570 992 1879 1060 patestatis,
1915 994 2014 1045 du-

428 1076 675 1139 rationis,
713 1076 924 1146 glorize,
956 1078 1222 1132 miserere
1266 1080 1444 1146 nobis,
1470 1088 1524 1135 et
1556 1082 1851 1150 propitiare
1881 1098 2010 1151 pec-

424 1169 564 1223 catis
604 1171 808 1226 nostris
840 1181 1059 1240 propter
1092 1186 1289 1227 nomen
1333 1186 1588 1228 sanetum
1627 1186 1797 1241 ttttttn,
1840 1187 1893 1229 et
1942 1178 2008 1230 da

426 1263 587 1333 nobis
636 1262 885 1317 invenire
932 1264 1371 1341 miscricordiam
1422 1277 1477 1319 et
1524 1268 1910 1322 miserationes
1957 1270 2009 1322 in

426 1354 516 1409 illa
557 1355 648 1410 die
683 1355 845 1422 justte
897 1357 1278 1412 retributionis
1321 1369 1445 1413 tuan
1481 1358 1558 1413 Tu
1594 1360 1740 1414 enim
1773 1376 1833 1415 es
1869 1360 2012 1415 Deus

428 1460 635 1514 noster,
671 1462 726 1504 et
760 1466 810 1503 te
846 1449 1087 1516 Patrem,
1119 1461 1175 1506 et
1208 1451 1429 1518 Filium,
1462 1463 1518 1506 et
1569 1452 1833 1521 Spiritum
1884 1469 2010 1508 san-

425 1553 571 1593 etum
630 1542 785 1598 decct
844 1544 1052 1613 gloria,
1108 1546 1550 1616 magniﬁcentia,
1610 1548 1898 1615 imperium
1956 1558 2012 1601 et

423 1631 667 1703 potestas
724 1648 850 1690 aute
889 1652 1051 1692 omne
1098 1639 1375 1699 sacculum.
1411 1649 1465 1693 et
1514 1656 1656 1694 nunc
1697 1651 1752 1695 et
1794 1642 1845 1694 itt
1885 1641 2008 1694 uui—

425 1742 583 1778 versa
623 1728 944 1782 surculorum
985 1732 1203 1783 saecula.
1237 1732 1429 1784 Amen.

427 1947 534 1960 -

2123 529 2217 580 κᾶν
2261 527 2425 581 ὅπλον
2491 527 2584 581 τοῦ
2639 529 2909 592 ζωοποιοῦ
2961 533 3219 603 σταυροῦ,
3249 535 3344 588 τὸν
3394 536 3721 608 δωρηθέντα

2120 622 2251 687 ἡμῖν
2294 619 2584 690 οὐρανόθεν
2612 622 2693 684 εις
2750 621 2951 677 παῦσιν
2990 626 3172 695 πάσης
3204 628 3380 697 ὀργῆς
3416 629 3721 697 ἀγγελικῇ

2123 710 2290 778 ὕμνον
2318 709 2567 778 συνήθως
2603 711 2741 782 πρὸς
2766 712 2858 765 τὸν
2888 713 3021 766 Θεὸν
3059 714 3369 786 βοήσωμεν·
3408 739 3429 771 ι
3474 721 3724 788 Ἅγιοςὸ

2120 804 2273 868 Θεὸς,
2302 804 2453 871 ἅγιος
2476 804 2717 875 ἰσχυρὸς.
2744 806 2898 875 ἅγιος
2923 807 3208 875 ἀθάνατος,
3238 810 3469 882 ἐλέησον
3493 814 3673 882 ἡμᾶς·
3700 834 3717 865 ι

2121 897 2252 965 ἁγία
2306 897 2517 966 Τρώς,
2565 899 2950 969 ἀκατάληπτε,
3010 903 3390 973 ἀπεριὸριστε,
3453 907 3726 973 ἀνεκψδίο

2117 1008 2269 1060 τητε,
2293 991 2567 1060 open-icta,
2601 992 2696 1046 καὶ
2718 993 3001 1063 ὁμόθρονε,
3033 996 3125 1048 καὶ
3146 997 3438 1068 ὁμόχρονε,
3468 999 3570 1051 καὶ
3589 1001 3724 1068 ὀμό-

2116 1083 2255 1149 6055,
2317 1083 2539 1152 ἐλέησον
2585 1086 2754 1153 ἡμᾶς,
2814 1087 2910 1138 καὶ
2946 1087 3192 1158 ἱλάσθητι
3240 1092 3365 1152 ταῖς
3410 1092 3726 1160 ἁμαρτίαις

2115 1175 2272 1245 ἡμῶν
2314 1175 2502 1229 ἕνεκεν
2551 1177 2644 1228 τοῦ
2688 1177 2951 1248 ὀνόματός
2990 1196 3083 1232 σου
3111 1181 3206 1234 τοῦ
3258 1182 3438 1249 ἁγίου,
3490 1184 3594 1234 καὶ
3635 1182 3725 1245 ἃς

2119 1270 2253 1339 ἡμῖν
2294 1269 2477 1339 εὑρεῖν
2525 1269 2674 1333 ἔλεος
2718 1270 2814 1323 καὶ
2842 1273 3162 1342 οἱκτιρμοὺς
3198 1276 3256 1326 ὲν
3281 1277 3349 1344 τῇ
3389 1275 3591 1346 ἡμέρᾳ
3620 1275 3727 1341 τῆς

2118 1359 2529 1423 ὰνταποδόσεώς
2588 1378 2681 1415 σου
2718 1364 2816 1434 τῆς
2856 1364 3095 1428 δικαίας.
3154 1368 3227 1420 Σὺ
3262 1367 3373 1440 γὰρ
3414 1364 3473 1421 εἴ
3520 1370 3549 1421 ὁ
3584 1367 3726 1432 Θεὸς

2119 1453 2298 1522 ἡμῶν,
2334 1456 2427 1508 καὶ
2443 1455 2648 1525 πρέπει
2676 1471 2762 1508 σοι
2783 1454 2861 1525 τῷ
2892 1458 3089 1528 Πατρῖ,
3116 1459 3210 1512 καὶ
3240 1458 3320 1527 τῷ
3348 1458 3492 1529 Υἱῷ,
3526 1461 3630 1513 καὶ
3645 1462 3725 1528 τῷ

2120 1548 2399 1618 Πνεύματι
2431 1548 2578 1613 δόξα,
2613 1548 2976 1619 μεγαλοσύνηε
3009 1553 3213 1621 κράτος
3235 1552 3331 1605 καὶ
3354 1551 3586 1618 ἐξουσία
3614 1556 3727 1623 πρὸ

2118 1642 2321 1705 παντὸς
2371 1642 2588 1705 αἰῶνος,
2638 1643 2738 1696 καὶ
2793 1642 2889 1695 νῦν
2938 1644 3032 1696 καὶ
3078 1644 3158 1707 εἰς
3210 1647 3337 1709 τοὺς
3380 1643 3726 1716 σύμπαντας

2120 1733 2324 1796 αἰῶνας
2348 1733 2456 1786 τῶν
2488 1733 2719 1789 αἰώνων.
2771 1735 2966 1806 Ἀμήν.

3102 1958 3325 1967 ’.ου’-,-
3332 1959 3533 1968 --τ-

3154 1959 3391 1980 πτῲ-
3401 1960 3463 1981 .-—
3466 1959 3681 1985 ’ἐξ

604 2066 621 2079 ’
708 2107 1240 2225 unum
1315 2108 1730 2227 MONl€lll
1803 2110 2266 2227 Ltuntrto
2339 2111 2432 2282 IN
2487 2114 2817 2231 trosr.
2899 2116 3439 2293 inlinitur.

1394 2328 1617 2395 (Sumus
1675 2328 1808 2383 Vita:
1838 2327 2150 2383 Sanctorum
2188 2347 2241 2384 XI
2273 2331 2391 2400 jun.
2438 2349 2557 2404 pag.
2602 2335 2746 2405 l69.)

510 2589 546 2643 l'.
570 2589 859 2643 Maximum
901 2586 1167 2639 orationis
1200 2597 1575 2656 argumentum
1620 2587 1801 2651 nobis,
1824 2602 2016 2657 magna
2047 2596 2092 2651 Α
2127 2595 2271 2638 ctam
2319 2587 2601 2663 suscipere
2643 2585 2907 2640 hactenus
2941 2586 3210 2650 recusavi,
3242 2602 3367 2641 cum
3398 2601 3578 2641 meam
3613 2587 3716 2643 inp

426 2697 699 2736 sermonis
723 2689 1043 2747 paupertate
1072 2680 1475 2741 laborantibus,
1513 2681 1691 2748 patrio
1725 2689 1873 2733 certe
1902 2691 2012 2733 stu-

424 2777 515 2828 dio
544 2783 600 2827 et
631 2773 825 2826 alie-ctu
862 2782 1165 2826 commotus
1200 2772 1561 2843 proposuisti,
1596 2772 1756 2826 Pater
1783 2773 2009 2842 Optime,

427 2879 484 2921 et
532 2882 759 2927 eorum,
812 2865 902 2931 qui
962 2865 1183 2918 virtutis
1236 2864 1636 2918 exercitatione
1689 2872 2011 2933 praestantes

428 2973 578 3026 sunt,
625 2957 1024 3027 probatissime.
1058 2954 1225 3010 Nobis
1251 2956 1395 3009 enim
1440 2956 1769 3009 laudandum
1811 2971 2011 3026 prOpo-

431 3054 590 3109 suisti
632 3052 876 3106 divinum
939 3061 992 3103 et
1030 3048 1410 3102 beatissimum
1465 3049 1681 3111 virum,
1737 3049 2007 3119 insignem

433 3149 763 3219 apostolum,
795 3145 1190 3201 consolationis
1224 3143 1415 3208 lilium,
1451 3145 1602 3201 orbis
1631 3155 1897 3200 terrarum
1932 3147 2012 3199 fa-

425 3257 567 3303 cem,
616 3237 942 3302 Barnabam,
989 3237 1232 3304 inquam,
1283 3236 1576 3291 multarum
1610 3237 1829 3292 laudum
1875 3254 2009 3307 pra:-

429 3332 605 3385 coniis
637 3327 989 3383 celebratum.
1042 3327 1153 3395 Ego
1183 3342 1310 3382 vero
1348 3330 1622 3385 inscitiam
1674 3348 1850 3385 meam
1885 3349 2006 3387 cum

437 3422 741 3493 argumenti
807 3419 1179 3489 magnitudine
1235 3420 1567 3485 conferens,
1624 3426 2007 3480 tractationem

440 3518 582 3568 lianc
610 3515 1032 3571 exliorrescens.
1059 3515 1226 3581 jussis
1252 3512 1356 3570 tuis
1388 3530 1582 3584 parere
1616 3516 1819 3569 diutius
1848 3533 2007 3569 recn-

432 3609 574 3662 savi.
606 3608 735 3673 Qua:
765 3608 911 3661 enim
962 3608 1140 3661 oratio
1174 3617 1282 3660 tam
1323 3607 1549 3676 perfecti
1584 3609 1815 3679 apostoli
1847 3610 2008 3664 rebus

433 3699 725 3755 narrandis
770 3717 869 3771 par
914 3716 1034 3755 esse
1064 3701 1282 3770 poterit,
1322 3718 1443 3755 cum
1496 3701 1800 3771 ltujustuodi
1848 3718 2010 3773 nego-

430 3802 566 3843 tium
602 3789 709 3843 tale
741 3789 833 3854 sit,
871 3797 929 3842 ttt
963 3805 1068 3843 non
1101 3789 1278 3843 solum
1312 3805 1463 3845 meas
1492 3794 1639 3846 vires
1671 3793 1896 3846 omnino
1918 3809 2010 3848 su-

428 3896 604 3953 peret,
647 3889 740 3939 sed
785 3885 1040 3939 omnibus
1067 3884 1232 3938 etiam
1268 3882 1389 3938 aliis
1415 3883 1786 3940 difficultatem
1813 3885 2009 3941 alferre

2119 2678 2470 2732 beeillitatem
2499 2679 2632 2732 tanti
2660 2678 2758 2732 viri
2786 2678 3037 2747 gloriosis
3060 2677 3218 2733 factis
3246 2679 3582 2733 enarrandis
3604 2679 3708 2733 im-

2117 2785 2299 2837 parem
2331 2785 2451 2824 esse
2483 2772 2855 2839 cognoverim.

2191 2858 2254 2913 ll.
2296 2862 2364 2914 At
2388 2877 2509 2915 cum
2546 2863 2809 2915 memoria
2845 2874 3166 2930 repeterem,
3208 2865 3350 2932 quod
3396 2865 3450 2917 in
3482 2864 3709 2919 Litteris

2116 2953 2313 3007 divinis
2361 2954 2624 3023 scriptum
2676 2952 2802 3020 legi,
2855 2953 3159 3020 hominem,
3196 2954 3290 3022 qui
3332 2954 3707 3011 obedientiam

2115 3063 2221 3100 non
2295 3055 2515 3110 servat,
2600 3045 2880 3099 interitum
2937 3046 3120 3101 subire
3186 3065 3201 3099 :
3261 3048 3353 3118 qui
3423 3063 3558 3104 vere
3631 3059 3715 3104 est

2115 3138 2398 3204 obediens,
2429 3153 2552 3193 eum
2579 3141 2647 3192 ab
2677 3140 2902 3194 interitu
2929 3139 3162 3195 liberum
3193 3155 3318 3197 esse
3351 3160 3364 3196 :
3401 3145 3491 3197 vix
3531 3147 3600 3198 ad
3622 3145 3698 3207 id,

2118 3234 2263 3301 quod
2292 3232 2623 3303 praccpisti,
2657 3232 2885 3286 multum
2918 3242 3070 3287 certe
3108 3244 3377 3301 metuens,
3406 3250 3698 3306 aggressus

2115 3341 2258 3392 sum,
2293 3327 2467 3380 satius
2510 3339 2634 3380 esse
2663 3326 2869 3381 ducens
2914 3326 2968 3380 in
3004 3342 3070 3381 eo
3095 3327 3211 3397 ipso
3239 3331 3518 3392 accusari,
3556 3333 3701 3399 quod

2113 3424 2288 3474 oratio
2328 3433 2445 3473 mea
2483 3433 2672 3474 manca
2707 3420 2799 3483 sit,
2828 3434 2991 3489 quam
3020 3420 3075 3473 in
3102 3423 3467 3477 contumacia:
3494 3426 3701 3478 crimen

2116 3524 2417 3577 incurrere.
2444 3510 2576 3565 lllud
2606 3512 2772 3578 igitur
2798 3527 2965 3564 unum
2991 3528 3019 3565 a
3052 3513 3206 3568 vobis
3228 3522 3375 3583 peto,
3402 3525 3458 3569 ιιι
3493 3532 3701 3570 mecum

2116 3620 2219 3656 una
2261 3603 2669 3658 sanctissimum
2733 3603 3035 3657 Barnabam
3081 3608 3350 3662 orationis
3397 3607 3705 3678 atljntorem

2116 3696 2247 3752 mihi
2271 3712 2395 3752 esse
2430 3695 2749 3766 precemini,
2787 3697 2888 3766 ipsi
2918 3708 3102 3752 autem
3140 3700 3278 3764 viro,
3321 3714 3484 3768 quem
3519 3701 3707 3754 landu-

2113 3792 2311 3859 bimus,
2356 3809 2461 3849 non
2517 3791 2703 3847 dubito
2751 3792 2803 3843 id
2837 3800 3048 3859 gratum
3083 3789 3216 3853 fore,
3267 3792 3414 3860 quod
3450 3806 3481 3845 a
3530 3795 3704 3853 nobs,

2124 3888 2231 3959 qui
2251 3889 2405 3943 nihili
2438 3902 2648 3953 sumus,
2678 3886 2892 3940 dicetur
2919 3904 2933 3940 :
2963 3902 3083 3938 nam
3118 3893 3174 3940 et
3194 3885 3311 3951 ejus
3341 3884 3577 3941 Domino
3611 3890 3709 3941 ali-

428 3981 605 4048 tossit
628 3978 873 4033 ?Omues
906 3978 1070 4047 igitur
1103 3977 1392 4032 inferiores
1421 3993 1542 4033 esse
1567 3977 1827 4040 arbitror,
1852 3996 2015 4050 quam
2054 3974 2095 4029 Β
2126 3982 2346 4052 quando
2398 3981 2669 4050 placuisse
2717 3980 2946 4050 legimus
2977 3980 3085 4032 dtto
3118 3978 3206 4032 illa
3249 3980 3482 4040 minuta,
3517 3980 3650 4033 olim
3680 3998 3709 4032 a

431 4084 491 4128 ut
539 4072 805 4128 Barnabas
863 4087 950 4127 res
991 4081 1172 4141 gestas
1218 4087 1447 4128 narrare
1491 4074 1722 4127 valeant.
1777 4074 1928 4140 Quod
1970 4077 2014 4130 si

432 4167 559 4235 quis
579 4166 644 4219 de
665 4163 756 4219 illo
775 4164 978 4234 aliquid
999 4164 1179 4219 dicere
1198 4178 1487 4233 aggressus
1510 4163 1696 4231 fuerit,
1718 4169 1808 4231 sit,
1828 4182 2018 4236 quam-

434 4259 521 4312 vis
588 4257 829 4326 sapiens,
900 4256 1106 4325 peritus
1149 4264 1202 4308 et
1242 4254 1512 4309 orationis
1565 4256 1821 4310 facultate
1881 4272 2020 4325 pra:-

438 4346 842 4410 stantissimus,
884 4345 1049 4414 longo
1081 4354 1261 4399 tamen
1298 4345 1582 4400 intervallo
1612 4364 1640 4400 a
1674 4359 1824 4416 tergo
1859 4350 2021 4402 relin-

433 4450 655 4510 quetur,
689 4440 851 4508 longe
874 4437 1100 4493 inferior
1142 4438 1437 4503 cxsistens,
1469 4455 1632 4509 quam
1664 4441 1895 4511 apostoli
1941 4443 2021 4495 tli-

431 4535 613 4602 gnitas
657 4532 919 4603 postulat,
967 4530 1103 4585 etin
1147 4529 1265 4600 ejus
1300 4530 1520 4585 laudum
1572 4531 1763 4603 pelago
1801 4534 2022 4588 omnino

428 4632 796 4697 demergetur.
847 4626 1001 4681 Alius
1035 4626 1258 4696 quidem
1300 4642 1366 4681 ex
1413 4626 1693 4697 justorum
1744 4629 2020 4680 hominum

444 4736 672 4775 uttmero
700 4718 845 4773 aliud
876 4719 1148 4788 quoddam
1175 4735 1204 4772 a
1236 4718 1443 4787 Spiritu
1482 4730 1674 4775 sancto
1702 4723 1899 4774 donum
1933 4737 2023 4776 as-

434 4822 657 4869 secutus
684 4822 767 4867 est
799 4829 814 4865 :
841 4812 1069 4880 apostoli
1104 4822 1283 4867 autem
1340 4814 1439 4880 ipsi
1476 4829 1667 4868 omnes
1718 4814 2022 4868 divinarum

442 4905 742 4975 gratiarum
781 4906 1070 4959 thesauros
1093 4916 1442 4974 acceperunt,
1477 4916 1532 4961 et
1565 4906 1794 4961 virtutes
1831 4924 2024 4963 omnes

435 5020 494 5055 se
523 5000 726 5055 habere
756 5003 1138 5056 ostenderunt.
1169 5002 1269 5067 Qui
1298 5013 1489 5069 potero
1516 5002 1685 5072 igitur
1718 5004 1885 5057 miser
1924 5019 2023 5071 ego

435 5096 670 5150 inﬁnitis
698 5094 1207 5164 perturbationibus
1230 5110 1544 5163 oppressus,
1571 5096 1885 5166 apostolica:
1911 5103 2023 5151 vir-

435 5186 567 5241 tutis
594 5195 819 5254 pontum
856 5185 1123 5239 tranare?
1152 5184 1394 5254 Namque
1433 5188 1578 5241 tenui
1615 5198 1669 5242 et
1701 5190 1852 5242 tarda
1897 5204 2020 5243 sum

2118 4077 2280 4129 vidua
2342 4086 2398 4129 et
2441 4090 2682 4145 paupere
2720 4074 3036 4128 muliercula
3089 4074 3272 4128 oblata
3306 4074 3350 4128 ‘.
3404 4073 3522 4127 Non
3566 4078 3712 4128 enim

2124 4167 2236 4223 Deo
2286 4169 2386 4238 ipsi
2433 4178 2541 4220 lam
2579 4177 2731 4236 grata
2784 4178 2841 4219 et
2878 4176 3100 4233 accepta
3139 4177 3223 4219 est
3266 4183 3454 4220 earum
3505 4183 3711 4223 rerum,

2124 4277 2245 4332 quae
2285 4260 2624 4326 offeruntur,
2675 4261 2988 4328 magnituio
3016 4299 3031 4324 ,
3078 4275 3238 4327 quant
3299 4275 3453 4312 mens
3510 4262 3629 4328 ipsa
3669 4270 3719 4312 et

2125 4370 2316 4425 aequus
2356 4338 2594 4417 animus,
2631 4370 2792 4423 quem
2836 4354 2880 4407 is
2901 4354 3163 4418 ostendit,
3194 4370 3221 4405 a
3256 4370 3361 4420 quo
3390 4354 3604 4422 aliquid
3633 4355 3717 4407 of-

2128 4449 2320 4512 fertur,
2367 4451 2483 4502 sive
2519 4463 2769 4517 parvum,
2814 4447 2930 4500 sive
2968 4462 3222 4516 magnum
3264 4447 3393 4499 illud
3438 4447 3534 4501 sit.
3581 4447 3716 4498 Cum

2129 4557 2259 4596 vero
2290 4541 2598 4594 Barnabam
2627 4540 2931 4600 laudamus,
2971 4548 3099 4592 tunc
3127 4548 3182 4593 et
3211 4540 3455 4592 omnium
3497 4548 3718 4609 aposto-

2127 4634 2299 4687 lorum
2327 4647 2544 4687 sacrum
2579 4631 2864 4699 collegium
2884 4631 3276 4695 collautlamus,
3305 4646 3540 4699 quorum
3571 4633 3714 4684 enim

2129 4725 2346 4781 vocatio
2381 4739 2487 4778 una
2534 4723 2667 4787 fttit,
2711 4737 2902 4777 eorum
2945 4724 3137 4776 eadem
3192 4732 3274 4775 est
3323 4730 3377 4775 ιιι
3410 4723 3585 4793 gloria
3622 4737 3717 4776 :et

2128 4832 2358 4885 quorum
2394 4815 2528 4870 ordo
2549 4830 2707 4877 unus,
2755 4827 2945 4867 eorum
2987 4816 3176 4866 eadem
3210 4823 3292 4867 est
3331 4824 3385 4868 et
3414 4816 3660 4885 dignitas
3699 4835 3712 4868 :

2126 4925 2359 4977 quorum
2408 4910 2559 4978 paria
2611 4907 2935 4972 certamina,
2984 4909 3299 4961 earumdem
3353 4923 3576 4962 corona:
3631 4912 3711 4962 di-

2130 5019 2300 5057 versa:
2327 5018 2431 5055 non
2468 5012 2595 5055 sunt
2624 5016 2891 5070 :quorum
2925 5000 3161 5070 denique
3186 5000 3552 5054 institutionis
3576 5006 3712 5055 ratio

2129 5088 2461 5161 communis,
2493 5111 2679 5149 eorum
2705 5094 2924 5164 praemia
2948 5110 3102 5163 irque
3127 5095 3395 5147 honorata
3414 5103 3569 5149 stmt.
3600 5095 3715 5149 Jattt

2130 5205 2258 5242 γνιοο
2302 5189 2602 5245 Barnabam
2640 5191 2816 5260 ipsum
2853 5190 3105 5243 oratione
3149 5203 3335 5241 nostra
3379 5190 3431 5241 in
3478 5192 3713 5244 medium

436 5280 621 5350 lingua
657 5279 739 5347 (ut
777 5278 923 5348 quod
948 5280 1115 5347 estin
1151 5277 1373 5334 Litteris
1396 5279 1593 5334 divinis
1632 5281 1918 5349 scriptum,
1960 5283 2026 5335 de
2054 5322 2096 5378 ϐ
2132 5282 2521 5352 producamus,
2564 5291 2619 5335 et
2661 5296 2825 5350 quam
2870 5281 3104 5334 maxime
3140 5295 3449 5348 possumus,
3499 5282 3710 5333 laudum

432 5388 521 5428 me
552 5371 726 5425 dicant
750 5370 813 5441 ’j,
843 5385 1017 5441 neque
1048 5371 1120 5426 ita
1151 5372 1418 5439 eloquens
1443 5388 1584 5438 sum,
1610 5382 1669 5427 ut
1689 5373 1902 5427 divinas
1930 5373 2027 5426 ad-

431 5464 705 5519 mirabilis
735 5464 965 5535 apostoli
1008 5463 1268 5519 Baruabze
1300 5465 1527 5519 virtutes
1567 5468 1853 5520 commode
1895 5480 2023 5519 nar-

435 5574 567 5613 rare
598 5558 822 5627 possim.
859 5554 933 5610 Ita
967 5558 1110 5611 enim
1137 5554 1372 5627 petfeete
1402 5556 1654 5611 virtutem
1697 5571 1915 5612 omnem
1944 5556 2029 5611 vir

439 5654 533 5704 hic
573 5652 837 5714 exercuit,
882 5661 938 5703 ut
973 5665 1131 5704 nemo
1173 5649 1312 5703 alius
1357 5651 1409 5704 in
1448 5666 1550 5703 una
1587 5652 1775 5721 aliqua
1828 5651 2028 5703 virtute

434 5738 688 5811 profecit.
735 5743 1101 5805 Quamobrem
1145 5742 1482 5812 provinciam
1509 5742 1646 5798 lianc
1687 5742 1817 5828 milii
1855 5743 2029 5812 injun-

508 5875 523 5905 ί
564 5872 734 5929 Exod.
769 5890 848 5941 iV,
886 5877 966 5933 l0.
1048 5883 1065 5910 ²
1113 5880 1240 5936 Luc.
1285 5897 1398 5946 χχι,
1438 5882 1472 5936 Ξ
1499 5898 1650 5952 seqq.

2131 5376 2400 5445 pra-conia
2432 5375 2504 5428 illi
2525 5373 2932 5438 concinnetnus,
2960 5388 3079 5426 sum
3108 5373 3251 5425 enim
3287 5373 3407 5437 ejus
3434 5375 3536 5427 viri
3564 5390 3711 5426 ama-

2132 5476 2219 5519 tor
2253 5466 2690 5519 ardentissimus.
2743 5465 2867 5518 Scio
2895 5477 3097 5527 autem,
3130 5476 3186 5516 et
3216 5464 3347 5515 mibi
3396 5466 3713 5533 persuadeo,

2134 5557 2293 5624 hujus
2323 5557 2555 5625 apostoli
2598 5555 2681 5610 vel
2708 5570 2904 5610 nomen
2932 5556 3106 5622 ipsum
3138 5554 3365 5607 auribus
3396 5557 3601 5607 vestris
3631 5554 3710 5620 ju-

2132 5648 2526 5704 cundissimum
2574 5647 2842 5703 accidere.
2896 5646 3082 5714 Itaque
3127 5644 3274 5697 illum
3344 5646 3706 5710 ltouoremtts,

2131 5755 2401 5810 quatenus
2441 5756 2540 5811 pro
2574 5741 2774 5795 viribus
2816 5742 2880 5795 de
2918 5739 3006 5794 illo
3049 5739 3316 5798 dicentes,
3376 5738 3519 5807 :equi
3554 5735 3711 5791 animi
