3946 6318
121 377 256 439 £089

1101 378 1484 442 LAUDATIO
1526 380 1606 440 IN
1652 380 1908 440 APOS'I‘.
1951 380 2383 440 BARNABMI.

3237 387 3376 451 4090

121 489 569 558 signiﬁcationem
591 493 779 547 demus
810 511 820 545 :
844 492 987 561 quod
1015 496 1159 550 enim
1185 497 1302 566 ejus
1334 495 1432 550 viri
1454 496 1690 566 dignitas
1719 498 1768 556 Α
1796 496 2054 550 mundum
2093 497 2400 566 dereliquit,
2428 507 2479 552 et
2505 498 2688 552 omnia
2715 514 2832 568 qua:
2857 499 2906 552 in
2927 500 3017 554 illa
3045 514 3189 569 sunt,
3229 508 3380 574 quis-

125 581 379 651 postulat,
415 582 466 637 id
498 583 604 639 tale
629 597 732 652 est,
763 595 820 640 ut
843 600 1058 642 omnem
1090 590 1391 644 orationem
1422 591 1487 643 ab
1518 605 1585 643 eo
1607 605 1698 643 su-

122 675 294 744 perari
320 673 607 735 fateamur.

192 763 278 818 Ill.
326 765 604 823 Laudetnr
640 769 804 840 igitur
849 787 878 826 a
931 773 1090 828 nobis
1119 773 1318 827 inﬁmis
1354 789 1584 842 magnus
1615 773 1702 825 ille

128 856 408 923 apostolus
450 858 751 916 Barnabas.
785 861 1109 919 Celebrelur
1139 867 1526 921 consolationis
1564 869 1704 928 illius

130 947 196 1000 ab
229 947 542 1002 hominibus
575 952 669 1020 qui
730 954 951 1009 Christo
993 957 1372 1010 crediderunt.
1405 957 1707 1011 Extollatur

130 1055 157 1091 a
190 1039 382 1106 quovis
407 1041 626 1096 homine
652 1043 760 1109 ille,
795 1047 886 1112 qui
919 1063 946 1100 a
979 1047 1141 1102 Patre
1171 1049 1286 1118 ipso
1318 1050 1638 1108 honoratus,
1677 1064 1704 1102 a

130 1128 268 1183 Filio
302 1139 546 1197 vocatus,
571 1143 624 1187 et
655 1151 683 1187 a
709 1135 911 1206 Spiritu
934 1151 1122 1195 saneto
1154 1140 1422 1210 perfectus
1451 1151 1553 1196 cst.
1575 1139 1711 1194 Bar-

133 1222 321 1286 nabas,
346 1223 586 1294 inquam,
625 1243 853 1298 magnus
883 1229 1137 1286 Ecclesiae
1177 1241 1386 1293 orator,
1420 1233 1508 1286 illa
1545 1247 1708 1286 evan-

133 1313 322 1382 gelica:
352 1316 754 1384 praedicationis
790 1320 939 1384 tuba,
971 1335 1163 1390 magna
1200 1321 1404 1376 Christi
1430 1337 1556 1386 vox,
1591 1320 1714 1390 Spi-

135 1406 271 1460 ritus
311 1408 483 1462 sancti
515 1409 747 1474 cithara,
788 1410 979 1465 divinae
1026 1413 1214 1482 gratiae
1244 1412 1533 1480 plectrum.
1581 1411 1714 1466 Bar-

135 1498 308 1553 nabas
343 1499 396 1554 in
424 1501 775 1571 expediendis
805 1519 903 1573 pro
937 1503 1156 1559 Christo
1187 1505 1341 1558 bellis
1370 1504 1523 1557 miles
1555 1505 1716 1558 robu-

137 1591 409 1647 stissimus
437 1611 449 1646 :
478 1594 569 1662 qui
596 1609 822 1662 corpore
847 1595 898 1649 in
924 1610 1248 1665 corporeum
1287 1597 1520 1660 hostem,
1551 1597 1713 1649 simul

139 1697 365 1738 versans
401 1698 521 1738 cum
549 1685 919 1754 apostolorum
955 1686 1220 1753 exercitu,
1249 1687 1576 1740 validissime
1601 1701 1720 1754 pro-

139 1770 382 1844 fligavit:
424 1774 512 1843 qui
545 1775 810 1830 bonarum
833 1776 1240 1847 disciplinarum
1273 1777 1556 1845 religiosus
1583 1790 1718 1844 prae-

1801 590 1997 659 quilias
2027 590 2284 658 quasdam
2351 590 2526 653 duxit,
2567 601 2623 643 ut
2659 590 2935 644 Christum
2979 602 3184 648 tantum
3218 597 3383 651 lucri-

1801 682 2008 735 faceret
2049 682 2371 735 saeculorum
2412 683 2632 750 Regem.
2679 683 2770 737 Ille
2807 698 2962 738 suam
3011 699 3228 740 crucem
3261 687 3381 742 sine

1807 773 2148 827 dubitatione
2185 773 2362 842 aliqua
2395 778 2650 842 portavit,
2687 785 2743 828 et
2778 785 2836 829 ut
2878 793 3040 833 verus
3081 779 3383 849 discipulus

1807 872 2054 932 prompto
2088 864 2270 916 animo
2311 862 2588 918 Christum
2631 872 2852 919 secutus
2885 874 2966 918 est
3001 882 3015 918 :
3053 867 3144 936 qui
3182 869 3384 924 (Lemo-

1809 970 1904 1009 nes
1934 954 2260 1025 profugavit,
2280 964 2334 1009 et
2370 955 2588 1010 diabolo
2612 956 2834 1010 vulnera
2867 956 3059 1011 inflixit
3087 976 3100 1011 :
3135 960 3224 1028 qui
3250 973 3385 1030 qua-

1811 1056 1934 1100 tuor
1978 1048 2128 1101 orbis
2160 1057 2426 1101 terrarum
2463 1047 2598 1102 lines
2635 1047 2792 1102 ﬁrmo
2813 1058 2867 1102 et
2897 1053 3168 1104 constanti
3197 1067 3384 1120 gressu

1811 1139 2141 1208 peragravit,
2173 1150 2223 1193 et
2259 1149 2317 1193 ut
2343 1155 2499 1194 sacer
2522 1155 2584 1193 ac
2612 1141 2806 1204 bonus,
2831 1141 3023 1210 suique
3053 1141 3260 1196 Domini
3285 1145 3387 1198 mi-

1813 1227 1986 1280 nister
2022 1228 2451 1293 amantissimus,
2483 1243 2672 1283 omnes
2705 1241 2893 1298 gentes
2927 1229 3202 1300 Evangelii
3238 1249 3393 1303 prae-

1813 1318 2085 1373 dicatione
2115 1320 2182 1374 ad
2225 1320 2427 1375 Christi
2471 1321 2627 1376 ﬁdem
2665 1324 2956 1378 convertit.
2990 1324 3084 1378 Ille
3117 1341 3176 1380 se
3214 1327 3392 1380 domi-

1815 1407 1997 1462 cilium
2049 1420 2294 1479 paratum
2330 1411 2579 1481 praebuit,
2620 1413 2672 1466 in
2709 1429 2816 1483 quo
2858 1416 3100 1484 ejusdem
3145 1420 3396 1474 essentia:

1817 1501 2089 1570 particeps
2130 1502 2415 1558 Trinitatis
2450 1504 2760 1568 habitaret,
2807 1509 3009 1576 quique
3049 1510 3248 1564 summi
3298 1509 3394 1566 Dei

1820 1590 2076 1658 templum
2104 1591 2257 1646 fieret
2299 1610 2310 1646 :
2344 1591 2640 1659 Barnabas,
2679 1596 2922 1664 inquam,
2954 1598 3279 1669 Cypriorum
3315 1601 3398 1654 in-

1819 1681 1972 1750 sigue
2002 1691 2408 1750 ornamentum,
2441 1694 2495 1740 et
2527 1687 2678 1740 orbis
2712 1697 2982 1742 terrarum
3029 1703 3400 1762 propugnator

1821 1771 2278 1843 inexpugnabilis,
2296 1777 2385 1844 qui
2405 1776 2680 1832 Christum
2705 1781 2878 1845 ipsum
2899 1781 3093 1834 tnirum
3111 1783 3162 1835 in
3184 1783 3401 1838 modum

139 1843 329 1930 ceptor
365 1864 599 1928 exstitit,
640 1875 694 1918 et
721 1843 1018 1919 Christiani
1064 1867 1224 1920 ovilis
1263 1843 1619 1926 dux—certus,
1666 1874 1720 1918 et
1757 1843 1795 1896 Β
1825 1863 2037 1926 dilexit,
2065 1873 2118 1918 et
2151 1881 2248 1932 pro
2274 1866 2390 1935 ipso
2408 1869 2654 1935 quotidie
2677 1870 2916 1923 animam
2943 1886 3094 1924 suam
3112 1875 3398 1942 exposuit:

141 1955 426 2010 rationalis
463 1954 680 2023 quidam
719 1956 916 2010 summi
963 1956 1054 2010 Dei
1106 1958 1389 2026 paradisus
1415 1995 1431 2018 ,
1477 1955 1717 2007 omnium

143 2046 402 2101 virtutum
454 2047 696 2117 germina
752 2047 1001 2102 florentia
1053 2049 1104 2101 in
1152 2063 1209 2100 se
1248 2047 1532 2101 continens
1575 2065 1588 2099 :
1630 2045 1720 2113 qui

144 2138 420 2210 egregium
447 2139 714 2208 quoddam
740 2139 860 2193 ﬁdei
885 2155 1103 2209 germen
1135 2138 1552 2202 fuit,charitatis
1572 2152 1720 2201 rosa,

146 2229 530 2283 suavissimum
557 2227 778 2282 odorem
797 2229 1070 2293 etnitteus,
1104 2229 1217 2296 spei
1244 2226 1718 2294 llosiucorruptns,

145 2319 344 2373 divina:
388 2319 576 2388 gratia;
622 2317 828 2373 fructus
867 2320 1332 2386 jucundissimus,
1385 2320 1528 2372 illius
1577 2318 1721 2380 vitis,

145 2425 266 2479 qua:
317 2410 482 2462 vitam
523 2411 777 2464 omuilms
819 2409 1045 2479 praebet,
1087 2411 1290 2480 palmes
1329 2410 1723 2473 l'eracis~imus,

149 2503 582 2557 immortalitatis
628 2517 914 2565 racemus,
965 2503 1069 2556 mel
1107 2502 1413 2568 distillans,
1453 2501 1726 2571 patientia:

152 2594 618 2664 propugnaculum
657 2594 868 2647 ﬁrmum
908 2603 1072 2664 atque
1104 2595 1400 2657 immobile,
1440 2593 1726 2647 continen-

151 2684 237 2739 tia:
262 2694 505 2739 sectator
529 2687 598 2738 ita
630 2685 858 2750 validus,
879 2696 935 2738 nt
958 2702 1176 2740 crucem
1209 2686 1522 2755 gestaverit,
1543 2695 1595 2739 et
1619 2685 1728 2736 ad-

151 2790 348 2832 versus
373 2775 578 2830 Christi
627 2777 1008 2831 interfectores
1049 2778 1350 2846 intrepidus
1387 2777 1592 2830 militiae
1619 2777 1726 2829 dux

153 2863 345 2930 fuerit,
388 2867 590 2921 Christi
646 2867 888 2923 cruciﬁxi
938 2883 1160 2936 germen
1205 2869 1270 2920 ad
1317 2867 1511 2922 ctelum
1560 2882 1730 2934 usque

153 2966 493 3027 protensnm.
550 2960 823 3014 Barnabas
867 2960 1258 3014 consolationis
1295 2961 1463 3025 ﬁlius,
1513 2960 1731 3029 pietatis

153 3050 436 3121 magister,
471 3051 592 3106 fidei
619 3052 867 3106 columna
895 3068 956 3107 ac
983 3053 1280 3122 fastigium,
1314 3054 1478 3106 turris
1505 3052 1655 3106 firma
1679 3061 1735 3106 et

1823 1953 1914 2021 qui
1945 1968 2087 2008 nunc
2121 1970 2225 2008 una
2260 1971 2382 2009 cum
2417 1957 2507 2009 illo
2536 1957 2588 2010 in
2629 1959 2783 2013 etelis
2824 1970 3035 2030 regnat,
3072 1971 3126 2018 et
3153 1963 3404 2019 omnibus

1825 2045 2042 2098 steculis
2083 2045 2355 2113 regnabit.

1898 2135 1985 2191 IV.
2027 2135 2246 2190 Defessa
2279 2147 2362 2189 est
2388 2140 2563 2192 oratio
2597 2149 2806 2204 nostra,
2844 2143 2969 2196 dum
3003 2141 3399 2208 admirabilem,

1827 2225 2069 2279 divinum
2102 2235 2155 2278 et
2188 2226 2593 2293 optatissimum
2630 2229 2934 2297 apostolum
2969 2227 3271 2283 Barnabatu
3296 2229 3410 2284 Iauo

1827 2315 1985 2368 dibus
2042 2315 2308 2369 extollere
2359 2317 2529 2385 cupit,
2581 2327 2742 2386 atque
2795 2319 3106 2385 contendit,
3157 2322 3410 2390 quodque

1829 2407 2023 2460 mirum
2076 2415 2183 2470 est,
2223 2408 2459 2462 nondum
2505 2409 2570 2462 ad
2606 2411 2888 2464 exordium
2931 2411 3195 2480 pervenit.
3241 2411 3410 2480 Ilujus

1829 2499 1974 2552 enim
2007 2498 2343 2553 admirabilis
2374 2500 2473 2554 viri
2503 2501 2690 2555 laudes
2719 2500 2955 2568 majores
2984 2511 3131 2566 sunt,
3159 2517 3319 2571 quam
3354 2513 3414 2558 ut

1832 2599 2018 2643 nostra
2067 2587 2248 2642 oratio
2291 2589 2411 2642 illas
2463 2590 2732 2657 attingere
2777 2591 2973 2659 possit.
3013 2589 3212 2645 Earum
3251 2591 3418 2661 igitur

1833 2681 2237 2748 tractationem,
2263 2691 2326 2735 ut
2349 2681 2692 2736 orationibus
2723 2682 2924 2736 nostris
2945 2681 3228 2751 majorem,
3246 2682 3415 2737 omit-

1834 2782 2031 2841 tentes,
2068 2787 2237 2842 pauca
2288 2773 2534 2842 quaedam
2566 2775 2633 2840 de
2665 2771 2782 2841 ejus
2806 2774 2915 2828 vita
2966 2783 3019 2829 et
3051 2777 3312 2846 martyrio
3350 2777 3417 2829 ab

1835 2876 2058 2921 auctore
2089 2865 2429 2921 Stromatunt
2462 2866 2766 2931 Clemente,
2807 2867 3149 2938 aliorumque
3167 2880 3411 2927 veterum

1837 2960 2119 3013 hominum
2156 2959 2394 3028 scriptis,
2447 2963 2674 3028 repetita
2706 2961 2879 3027 vobis,
2913 2965 3207 3018 venerandi
3253 2965 3415 3018 audi-

1839 3060 2006 3117 tores,
2031 3065 2321 3121 exponam,
2355 3063 2409 3104 et
2445 3053 2518 3105 ita
2558 3055 2857 3109 narrationi
2898 3055 3022 3109 huic
3053 3055 3210 3109 ﬁnem
3246 3056 3419 3125 impn-

157 3143 476 3209 itnmobilis,
503 3143 908 3198 fundamentum
935 3146 1147 3204 stabile,
1171 3155 1224 3199 et
1250 3144 1467 3215 crepida
1501 3145 1733 3200 indisso-
1763 3179 1805 3234 ο
1840 3161 2050 3211 nemus.
2090 3146 2291 3200 divinis
2337 3144 2560 3200 Litteris
2593 3151 2974 3215 concedentes,
3019 3161 3078 3204 ut
3121 3150 3278 3218 hujus
3313 3151 3417 3210 viri

158 3232 366 3298 lubilis,
400 3248 588 3286 saxum
623 3235 930 3296 immotum,
966 3235 1341 3288 ﬂuctuantium
1372 3245 1559 3303 portus
1579 3237 1746 3290 valde.

164 3325 511 3390 tranquillus,
541 3326 714 3382 ﬁdelis
753 3336 805 3380 et
841 3329 1076 3395 prmlens
1114 3330 1474 3395 dispensator,
1503 3329 1738 3382 archite-

165 3428 286 3470 ctus
323 3419 696 3473 nobilissimus
726 3437 737 3470 :
781 3420 870 3488 qui
893 3420 1168 3474 «mlestem
1211 3421 1260 3472 in
1297 3421 1458 3473 terris
1492 3423 1741 3474 semitam

166 3509 360 3570 lenuit,
395 3518 448 3561 et
490 3523 672 3575 parent
715 3510 920 3577 angelis
953 3509 1118 3561 vitam
1145 3509 1297 3560 duxit
1327 3528 1340 3562 :
1378 3510 1468 3576 qui
1499 3509 1596 3561 luit
1645 3509 1745 3562 Ec-

168 3601 460 3654 clesiarum
537 3610 826 3670 patronus,
881 3601 1098 3670 adjutor
1154 3617 1500 3670 pauperum,
1561 3601 1748 3670 inopes

168 3694 385 3746 abunde
411 3695 676 3758 nutriens,
711 3693 1004 3748 viduarum
1033 3695 1358 3758 consolatio,
1385 3705 1438 3748 et
1466 3695 1740 3764 orphauo-

172 3803 291 3838 rutn
324 3787 778 3852 diligentissimus
813 3799 1140 3856 procurator
1166 3803 1227 3841 ac
1259 3796 1434 3856 pater.
1471 3787 1751 3842 Barnabas

169 3874 378 3928 Christi
408 3876 790 3944 mysteriorum
819 3877 1134 3941 thesaurus,
1162 3879 1589 3932 orthodoxorutu
1619 3892 1751 3932 san-

173 3977 275 4021 ctae
310 3965 402 4020 Dei
430 3966 687 4021 Ecclesia:
719 3969 1036 4037 dOgmatum
1071 3970 1338 4034 minister,
1370 3969 1750 4038 aegrotandum

175 4059 420 4112 medicus
447 4059 709 4124 liberalis,
735 4075 898 4115 sanos
933 4070 988 4115 et
1010 4060 1252 4115 Valentes
1285 4063 1555 4125 homines,
1603 4060 1753 4112 ﬁrma

174 4159 434 4219 certaque
491 4152 655 4205 animi
698 4153 1038 4222 jucunditate
1117 4153 1388 4219 alliciens,
1458 4153 1755 4208 Christiani

177 4243 361 4310 gregis
391 4255 578 4299 custos
624 4246 1096 4316 vigilantissimus,
1139 4247 1190 4300 in
1229 4247 1388 4301 terris
1419 4259 1667 4307 manens,
1707 4255 1760 4299 ct

179 4337 232 4387 in
290 4335 448 4390 caelis
493 4337 603 4390 vita
658 4349 818 4406 atque
886 4336 1228 4392 institutione
1273 4353 1496 4392 versans
1536 4353 1549 4390 :
1589 4339 1758 4405 quiin

181 4430 388 4482 mundo
418 4431 635 4498 pietatis
663 4432 915 4499 dogmata
947 4430 1094 4485 clara
1113 4441 1168 4484 et
1196 4431 1302 4484 alta
1334 4445 1466 4484 voce
1493 4431 1759 4500 praedica-

1843 3246 2060 3300 semper
2103 3231 2374 3287 decantati
2423 3243 2478 3285 et
2516 3234 2852 3290 celeberrimi
2918 3247 3081 3308 caput
3131 3239 3426 3308 magniﬁco

1848 3325 1939 3379 illo
1980 3326 2252 3394 praeconio
2281 3336 2546 3380 coronent
2577 3345 2589 3380 :
2623 3326 2754 3381 Erat
2801 3328 3078 3384 Barnabas
3105 3333 3183 3385 vir
3238 3331 3424 3397 bonus,

1849 3430 1895 3471 et
1928 3417 2114 3483 plenus
2139 3418 2343 3485 Spiritu
2384 3427 2570 3472 sancto
2603 3428 2652 3472 et
2682 3420 2787 3488 ﬁde
2819 3420 2859 3475 ³.
2891 3423 3030 3488 Quid
3061 3423 3184 3476 huic
3215 3439 3430 3492 praeco-

1857 3511 1942 3562 nio
1976 3525 2094 3577 par,
2127 3519 2218 3561 aut
2243 3525 2478 3576 unquam
2511 3509 2610 3564 fuit
2647 3510 2866 3565 simile?

1929 3599 1994 3652 ι’.
2021 3600 2210 3652 Ortum
2233 3597 2384 3652 duxit
2402 3599 2749 3655 beatissimus
2770 3601 2858 3656 hic
2880 3601 2961 3656 vir
2977 3603 3042 3657 de
3059 3601 3430 3659 laudatissima

1856 3692 1941 3744 illa
1978 3692 2117 3743 tribu
2155 3689 2304 3756 Levi,
2341 3705 2408 3743 ex
2456 3705 2559 3759 qua
2608 3689 2783 3747 Moses
2821 3699 2875 3746 et
2907 3693 3112 3759 Aaron,
3145 3696 3322 3764 magni
3357 3697 3430 3750 illi

1858 3785 1948 3837 Dei
1991 3783 2268 3852 prophetae
2327 3793 2377 3837 et
2415 3783 2595 3854 p0puli
2649 3784 2939 3853 optimates
2970 3795 3148 3839 ortum
3205 3785 3430 3850 duxere,

1859 3877 2013 3946 cujus
2039 3876 2376 3944 cognationis
2401 3875 2564 3928 etiam
2611 3874 2828 3928 Samuel
2860 3877 3121 3946 propheta
3162 3878 3434 3947 particeps

1860 3969 1982 4023 fttit.
2041 3969 2168 4039 Ejus
2207 3981 2385 4022 autem
2443 3969 2626 4038 proavi
2665 3969 2933 4024 bellorum
2974 3985 3134 4024 causa
3187 3986 3308 4024 cum
3367 3972 3434 4023 ad

1859 4063 2185 4134 Cypriorum
2247 4063 2521 4132 regionem
2583 4062 2984 4131 migravissent,
3039 4079 3192 4131 tequo
3255 4064 3438 4116 animo

1862 4155 1972 4208 illic
2005 4152 2343 4207 habitabant.
2381 4152 2550 4207 Erant
2601 4163 2781 4208 autem
2827 4154 2930 4207 viri
2969 4154 3256 4206 admodum
3312 4154 3440 4206 reli-

1863 4247 2020 4317 giosi,
2057 4246 2145 4300 Dei
2176 4246 2347 4312 legem
2375 4253 2774 4308 reverentes,ct
2803 4245 2956 4299 valde
2988 4245 3216 4299 divites:
3252 4260 3440 4312 quam-

1863 4343 2051 4393 obrem
2091 4346 2145 4392 et
2192 4336 2582 4408 Hierosolymis
2618 4337 2904 4393 facultates
2941 4337 3137 4392 multas
3190 4337 3438 4404 posside-

1865 4434 2014 4496 bant,
2047 4438 2102 4484 et
2149 4445 2337 4499 agrum
2373 4445 2539 4500 prope
2570 4431 2756 4484 urbem
2806 4428 2952 4483 illam
2996 4428 3440 4496 pulcherrimum,

183 4523 282 4584 vit,
313 4531 366 4574 et
396 4522 450 4574 in
477 4522 634 4575 cwlis
664 4522 1057 4590 sempiternam
1088 4536 1348 4576 coronam
1378 4525 1583 4590 recepit
1623 4541 1636 4575 :
1669 4521 1760 4590 qui
1796 4511 1841 4568 υ
1872 4540 1978 4578 non
2016 4522 2188 4578 solum
2219 4523 2460 4576 omnium
2513 4537 2770 4591 generum
2806 4521 3099 4573 fructuosis
3149 4520 3445 4574 arboribus

182 4615 285 4668 fuit
327 4615 564 4683 gentium
599 4618 728 4684 dux,
773 4620 837 4670 ad
870 4619 1036 4672 Deum
1087 4633 1180 4673 eas
1217 4619 1540 4686 perducens,
1581 4628 1634 4672 et
1662 4617 1763 4672 Ec-

181 4708 472 4762 t'lesiarum
514 4710 604 4764 Dei
649 4711 995 4765 beatissimus
1026 4725 1224 4781 praeco,
1272 4726 1496 4782 campus
1543 4711 1762 4780 quidam

185 4801 602 4857 beneolentibus
635 4804 834 4858 Christi
875 4802 1096 4858 floribus
1134 4805 1547 4870 refertissimus,
1590 4807 1763 4858 virtu-

185 4905 301 4946 tum
355 4895 631 4950 cmlestem
674 4898 894 4950 odorem
935 4897 1258 4964 spirantium
1305 4897 1577 4966 quoddam
1613 4912 1762 4950 rose-

188 4996 327 5049 ttttn,
355 4986 555 5040 Christi
597 4989 894 5057 gratiarum
935 5004 1064 5057 ager
1096 4986 1468 5043 fertilissimus
1501 5007 1514 5042 :
1549 4990 1639 5058 qui
1686 4989 1769 5043 vi-

191 5091 307 5132 tam
350 5081 510 5134 valde
540 5083 814 5134 sinceram
869 5096 932 5133 ac
961 5096 1152 5149 puram
1203 5082 1254 5134 in
1285 5081 1446 5136 terris
1482 5082 1768 5151 transegit,

188 5180 306 5220 tam
339 5180 482 5224 recte
512 5170 562 5223 in
591 5181 734 5224 terra
762 5171 974 5235 vivens,
1005 5185 1167 5238 quam
1205 5169 1381 5237 angeli
1409 5169 1504 5239 ipsi
1538 5169 1590 5222 in
1616 5171 1771 5224 coalis

187 5263 404 5315 vivunt.
442 5261 590 5315 Idem
639 5263 902 5315 virtutum
935 5261 1327 5316 exercitatione
1354 5261 1601 5330 insignis,
1642 5276 1772 5315 con-

117 5368 128 5378 '
190 5355 636 5423 templatiunibus
684 5363 738 5407 et
792 5355 1071 5407 miraculis
1116 5363 1404 5423 praestans,
1441 5354 1773 5421 virginitatis

187 5449 486 5516 margarita
535 5448 778 5516 qu.edam
833 5447 1089 5516 pretiosa,
1127 5456 1182 5500 et
1233 5447 1501 5501 castitatis
1536 5446 1774 5517 beryllus

191 5541 966 5610 .ectissimus,"temperantia!
1009 5555 1218 5615 gemma
1259 5540 1569 5608 purissima,
1609 5539 1772 5594 Chri-

185 5647 337 5691 Stutn
364 5635 415 5688 in
445 5649 503 5687 se
538 5634 844 5698 loquentem
887 5631 1113 5696 habens,
1147 5631 1375 5686 electum
1407 5629 1496 5684 Dci
1534 5645 1644 5694 vas,
1683 5633 1772 5700 qui

273 5811 294 5842 ⁸
334 5816 449 5868 Att.
488 5831 559 5879 SI,
601 5813 690 5868 ‘25.

1871 4615 2195 4684 elegantem,
2234 4615 2325 4667 sed
2355 4613 2704 4666 zediliciorum
2736 4610 3102 4680 magnitudine
3143 4609 3294 4663 valde
3325 4609 3445 4662 illu-

1874 4716 2064 4760 strem.
2097 4705 2175 4758 lix
2207 4719 2314 4772 quo
2336 4704 2480 4758 enim
2514 4712 2757 4770 tempore
2783 4701 2945 4755 Isaias
2968 4701 3225 4769 propheta
3260 4701 3329 4754 ita
3369 4716 3446 4754 re-

1877 4797 2031 4866 liquit
2059 4796 2357 4864 scriptum:
2407 4795 2626 4861 Beatus,
2674 4795 2761 4864 qui
2789 4794 2938 4847 liabet
2971 4809 3143 4847 sentam
3195 4793 3248 4845 in
3290 4791 3441 4854 Sion,

1876 4901 1920 4942 et
1952 4893 2165 4942 domum
2197 4889 2250 4940 in
2277 4887 2616 4952 Jerusalem;
2648 4890 2783 4940 hanc
2818 4885 2934 4952 ejus
2971 4885 3309 4956 prephetiatn
3340 4885 3434 4939 lle-

1879 4982 2148 5037 bra'orum
2201 4979 2292 5033 lilii
2341 4994 2603 5048 corporeo
2633 4993 2792 5031 sensu
2833 4977 3352 5046 interpretabantur,
3395 4985 3450 5030 et

1880 5075 2183 5130 ditissimus
2237 5073 2466 5142 quisque
2517 5073 2678 5124 dabat
2731 5085 2978 5140 operam,
3029 5077 3086 5122 ut
3138 5069 3339 5136 aliquid
3395 5070 3449 5122 in

1880 5167 2014 5223 urbe
2044 5164 2417 5234 llierosnlyma
2450 5163 2768 5232 possideret.
2801 5163 2936 5216 Cum
2977 5176 3108 5216 vero
3139 5161 3190 5214 iu
3228 5161 3452 5232 Cyprio-

1883 5276 1999 5313 t‘utu
2035 5257 2258 5326 regione
2295 5265 2457 5311 natus
2493 5263 2634 5310 esset
2671 5254 2778 5318 hic,
2812 5255 2878 5308 de
2907 5269 3015 5322 quo
3043 5253 3353 5315 scribimus,
3399 5261 3452 5304 ct

1880 5361 2137 5420 parentes
2165 5349 2462 5417 elegantem
2489 5362 2712 5416 puerum
2746 5347 3030 5406 vidissent,
3049 5345 3228 5398 statim
3259 5342 3454 5412 .Iuseph

1882 5460 2004 5500 eum
2041 5443 2410 5505 nominarunt,
2453 5455 2676 5510 puerum
2737 5454 2890 5492 suum
2945 5437 3269 5506 patriarclue
3313 5437 3456 5488 illius

1884 5535 2245 5607 appellatione
2282 5535 2634 5587 honorantes.
2686 5528 2909 5583 Factqu
2942 5543 3072 5581 vero
3114 5537 3218 5589 cst,
3253 5537 3307 5578 ut
3334 5542 3458 5580 euut

1885 5630 2120 5686 nominis
2168 5627 2546 5698 appellatione,
2601 5638 2806 5678 metunt
2840 5621 3000 5674 etiam
3031 5619 3282 5675 nobilitas
3325 5635 3456 5674 cott-
