3946 6318
500 343 644 410 4ὒ91

1687 331 2133 397 ALEXANDRI
2161 329 2509 393 MONACIII

3658 324 3797 396 £09!

505 459 738 523 veniret,
768 456 813 514 si
844 457 967 528 quis
992 455 1136 511 enim
1162 469 1353 511 vocem
1386 455 1549 518 hanc,
1584 450 1808 521 Ioseph,
1839 452 2107 518 interpre—
2133 458 2178 511 Α
2212 456 2273 502 ιιι
2309 447 2644 516 ingressione
2671 454 2763 501 tua
2794 443 3011 501 ramulis
3043 444 3155 500 tuis
3183 443 3506 501 benedicas.
3546 446 3681 515 Ejus
3712 463 3797 518 pe-

508 561 673 617 tetur,
698 548 954 604 inveniet
977 548 1117 603 idem
1145 547 1326 601 valere
1351 546 1493 615 quod
1519 544 1612 598 Dei
1643 544 2096 606 additamentum;

508 642 722 695 additus
759 640 903 694 enim
939 638 1042 693 l'uit
1075 651 1105 691 a
1136 637 1247 691 Deo
1275 636 1457 707 justus
1487 635 1578 691 hic
1619 635 1702 689 vir
1729 632 2097 704 apostolorum

506 732 695 795 cmtui,
724 738 780 784 et
811 744 974 785 sacro
999 738 1315 784 sanctorum
1350 726 1651 783 consortio.
1685 725 1767 781 Ad
1802 725 1918 780 lucc
1944 738 2098 777 eam-

505 821 628 877 dem
679 837 889 887 vocem,
943 822 1036 878 Dei
1086 822 1320 894 gloriam
1377 820 1726 891 interpretari
1788 833 2095 888 possumus.

503 912 695 983 Neque
725 915 1010 983 quisquam
1058 923 1210 983 putet
1256 914 1479 967 verbum
1545 910 1648 964 hoc
1694 907 2099 977 exsuperantite

505 1020 668 1058 causa
704 1006 935 1068 dictum,
970 1003 1063 1058 sed
1092 1020 1120 1057 a
1146 1002 1346 1057 divinis
1377 1000 1602 1056 Litteris
1629 1009 1903 1066 sumptum
1934 997 2093 1051 sciat.

503 1096 596 1152 Ait
632 1095 773 1149 enim
805 1094 1038 1150 Paulus:
1091 1092 1184 1148 Vir
1220 1110 1325 1147 non
1354 1092 1501 1145 debet
1534 1098 1693 1159 caput
1736 1100 1925 1159 tegere,
1974 1103 2092 1142 cum

503 1188 572 1243 sit
622 1189 799 1254 imago
842 1195 891 1240 et
954 1185 1129 1256 gloria
1181 1183 1281 1242 Dei
1330 1183 1373 1239 ⁸.
1406 1182 1557 1250 Quod
1597 1182 1642 1237 si
1694 1182 1869 1235 virum
1902 1195 2094 1248 quem-

503 1295 739 1349 cunque,
783 1279 1072 1348 imaginem
1128 1276 1218 1329 Dei
1280 1285 1334 1329 et
1380 1274 1610 1343 gloriam
1640 1269 2095 1326 Iectissimusille

503 1372 782 1441 npusmlus
815 1370 1124 1441 appellavit,
1159 1367 1285 1437 quid
1330 1368 1578 1422 dicemus
1621 1368 1688 1422 de
1723 1366 1826 1422 hoc
1870 1366 1988 1420 viro
2036 1364 2089 1418 iu

504 1466 669 1519 rebus
704 1465 905 1518 divinis
938 1461 1387 1532 perfectissimo?

575 1556 666 1612 Vl.
694 1557 829 1610 Cum
858 1571 985 1609 vero
1012 1554 1291 1607 Barnabas
1315 1554 1432 1620 ipse
1455 1550 1805 1613 adolevisset,
1833 1550 1982 1604 illum
2037 1550 2091 1604 in

503 1651 695 1704 urbem
733 1647 1168 1717 Hierosolymam
1197 1652 1455 1714 parentes
1479 1642 1873 1710 perduxerunt.
1902 1650 1957 1694 et
1988 1638 2095 1696 Ga-

505 1741 705 1795 tualieli
770 1740 941 1808 lugent
1003 1752 1067 1791 ac
1125 1736 1419 1804 prophetas
1472 1734 1766 1803 diligenter
1815 1732 2094 1786 edocendo

507 1791 868 1893 tradiderunt,
917 1830 1008 1896 qui
1057 1791 1399 1892 et'Paitlunt,
1434 1791 1819 1878 tuncvSaulum
1851 1822 2091 1892 appella-
2122 1791 2171 1855 Β

506 1931 642 1982 ιιιιιι,
674 1919 1113 1989 condiscipulum
1158 1919 1408 1971 habebat.
1442 1914 1701 1978 Quotidie
1727 1929 1856 1969 vero
1890 1912 2095 1968 Barna-

505 2015 606 2069 bas
673 2013 846 2082 magis
900 2011 1240 2081 proﬁciebat,
1277 2018 1389 2062 tum
1445 2007 1719 2070 doctrina,
1764 2015 1878 2059 tum
1946 2005 2095 2060 omni

505 2106 735 2168 virtute,
795 2104 1035 2157 nondum
1100 2111 1280 2154 tamen
1346 2099 1412 2152 ad
1469 2097 1783 2153 Levitarum
1847 2096 2096 2151 ordinem

502 2204 837 2268 aggregatus
889 2192 1092 2256 fuerat,
1119 2207 1185 2247 eo
1233 2191 1377 2261 quod
1432 2204 1541 2243 non
1603 2198 1724 2242 erat
1771 2196 1934 2241 aetate
1982 2186 2095 2251 illa,

500 2304 672 2355 quam
705 2301 765 2340 ea
819 2300 905 2339 res
941 2282 1256 2353 postulabat
1284 2298 1298 2335 :
1334 2280 1512 2333 adhuc
1540 2278 1687 2334 enim
1716 2292 1839 2332 cum
1871 2274 2098 2346 ephebis

509 2377 921 2433 numerabatur.
952 2374 1068 2429 Non
1096 2383 1277 2427 tamen
1307 2389 1335 2425 a
1368 2369 1571 2438 templo
1602 2367 1941 2431 discedebat,
1968 2381 2094 2421 cum

508 2469 566 2525 in
596 2468 823 2539 jejuniis
855 2483 918 2521 ac
948 2465 1202 2535 precibus
1231 2464 1318 2517 die
1365 2478 1429 2517 ac
1469 2472 1627 2516 nocte
1660 2468 1993 2515 versaretur.
2023 2459 2099 2513 lta

505 2575 641 2615 vero
682 2566 828 2629 teges
860 2568 917 2612 et
948 2558 1155 2625 reliqua
1186 2556 1365 2608 divina
1397 2555 1601 2623 scripta
1637 2553 1953 2605 memoriter
1982 2566 2104 2621 pro-

506 2652 824 2711 nuntiabat,
850 2659 909 2703 ιιι
947 2649 1250 2701 litterarmu
1283 2645 1638 2700 monimentis
1664 2659 1774 2699 non
1806 2645 2097 2713 indigeret,

504 2744 856 2813 quietemque
897 2741 1071 2808 ipsam
1107 2749 1214 2791 tam
1248 2738 1468 2792 charam
1507 2737 1761 2798 habebat,
1801 2746 1860 2789 ut
1890 2745 2099 2804 tempe-

509 2835 702 2888 rantia:
743 2842 972 2886 matrem
1013 2831 1156 2885 illam
1188 2846 1308 2885 esse
1337 2830 1581 2885 duceret.
1606 2827 1950 2885 Perniciosas
1970 2845 2102 2886 vero

506 2926 786 2980 hominum
802 2922 1223 2978 consuetudines
1240 2926 1653 2987 exsecrabatur,
1671 2937 1734 2976 ac
1750 2923 2105 2978 vehementer

506 3019 767 3088 fugiebat.
796 3032 990 3087 purum
1014 3026 1070 3070 et
1099 3031 1127 3069 a
1155 3016 1303 3069 vitiis
1337 3015 1596 3069 intactum
1629 3014 1867 3082 seipsum
1892 3016 1963 3069 ita
1982 3029 2107 3071 con'

2203 539 2381 594 titioni
2414 540 2672 595 Christus
2705 538 2965 593 Dominus
2998 552 3260 593 assensus
3290 547 3419 604 est;
3462 553 3637 608 quem
3684 556 3795 593 ma-

2201 636 2302 691 lier
2348 632 2443 689 illa
2502 632 2659 687 valde
2713 631 2836 686 laeta
2894 631 2949 686 in
2990 630 3331 686 cenaculum
3358 646 3520 685 suum
3566 633 3795 701 accepit.

2199 727 2280 783 Ex
2314 726 2405 782 illo
2445 726 2610 795 igitur
2642 725 2754 790 die,
2800 726 3014 796 quoties
3053 724 3316 780 Dominus
3359 723 3793 797 Hierosolymam

2199 821 2466 884 venisset,
2507 820 2615 874 illic
2642 834 2749 873 una
2771 834 2895 874 cum
2932 819 3216 887 discipulis
3244 818 3356 872 suis
3388 818 3797 884 diversabatar,

2204 915 2526 984 quibuscum
2555 922 2603 967 et
2637 910 2845 966 Pascha
2876 910 2987 965 illic
3018 910 3167 975 fecit,
3214 909 3304 963 tibi
3333 918 3389 962 et
3411 912 3800 981 mysteriorum

2199 1014 2541 1061 sacramenta
2575 1006 2793 1059 eosdem
2825 1003 3125 1072 discipulos
3155 1019 3287 1059 suos
3313 1003 3562 1059 edocuit.
3606 1003 3802 1057 Sermo

2198 1097 2341 1152 enim
2372 1097 2591 1166 quidam
2626 1111 2655 1147 a
2690 1093 2945 1149 Patribus
2980 1095 3214 1146 traditus
3275 1093 3341 1146 ad
3378 1108 3484 1148 nos
3528 1092 3803 1160 pervenit,

2198 1203 2342 1251 eum,
2365 1186 2457 1256 qui
2492 1186 2741 1255 lagenam
2785 1199 2942 1252 aqua:
2985 1184 3261 1251 portabat,
3305 1197 3467 1250 quem
3534 1181 3805 1235 Dotuinus

2198 1279 2315 1350 ipse
2341 1278 2621 1347 discipulis
2649 1275 2764 1330 suis
2813 1275 3072 1344 praecepit
3102 1283 3161 1327 ut
3222 1284 3625 1341 sequerentur,
3662 1272 3804 1327 Mar-

2198 1386 2319 1423 cum
2354 1368 2522 1423 l'ttisse
2563 1370 2736 1423 bealm
2765 1368 2911 1423 illius
2958 1364 3139 1421 Maria:
3186 1366 3377 1420 ﬁlium.
3417 1363 3584 1434 Quod
3618 1376 3805 1420 autem

2198 1459 2349 1514 illum
2379 1460 2640 1514 Dominus
2670 1475 2779 1514 non
2827 1459 3148 1523 nominarit,
3198 1458 3291 1511 sed
3325 1458 3571 1514 dixerit:
3606 1455 3700 1511 Ite
3740 1459 3806 1511 ad

2196 1552 2472 1623 quemdam
2504 1551 2556 1617 ';
2606 1551 2947 1621 providentia
2997 1551 3230 1619 quadam
3265 1548 3472 1605 factum
3524 1560 3641 1616 est,
3669 1551 3808 1605 sicut

2197 1644 2394 1700 Patres
2422 1646 2597 1698 sancti
2630 1644 2805 1698 locum
2868 1644 3015 1697 hunc
3063 1644 3495 1710 interpretantes
3519 1643 3807 1707 dixerunt,

2197 1746 2257 1790 ut
2283 1751 2341 1790 re
2380 1737 2613 1792 obscure
2643 1737 2789 1790 dicta
2823 1736 2926 1789 hoc
2956 1750 3056 1790 nos
3087 1735 3334 1800 doceret,
3373 1732 3687 1786 Dominum
3717 1731 3807 1788 Je-

2198 1844 2317 1881 sum
2371 1827 2514 1894 apud
2570 1842 2694 1881 eum
2741 1828 3032 1893 diversari,
3081 1827 3399 1897 quicunque
3446 1841 3517 1882 se
3552 1837 3806 1895 paratum

2198 1920 2423 1989 pra-bet.
2451 1923 2507 1971 In
2536 1920 2625 1973 illo
2651 1920 2814 1985 igitur
2839 1920 2958 1988 ipso
2980 1919 3266 1974 caanaeulo
3294 1916 3567 1973 Dominus
3596 1918 3805 1973 Pascha

2199 2012 2351 2076 fecit,
2388 2013 2440 2065 in
2474 2011 2566 2065 illo
2600 2013 2857 2081 apparuit
2882 2010 3106 2067 Thamar
3130 2010 3399 2077 apostolo,
3425 2028 3558 2063 cum
3591 2026 3625 2063 ι
3663 2025 3805 2065 mor-

2202 2104 2309 2159 tuis
2345 2104 2676 2160 surrexissct
2703 2105 2725 2134 ⁸
2753 2122 2766 2158 :
2805 2105 2956 2169 illuc,
2991 2116 3281 2174 postquam
3313 2102 3478 2159 Iesus
3507 2107 3563 2158 in
3599 2108 3801 2160 etclam

2200 2202 2515 2264 assumptus
2547 2204 2654 2259 est,
2680 2196 2932 2265 discipuli
2961 2213 3081 2257 quin
3112 2197 3336 2263 reliquis
3367 2196 3645 2251 fratribus
3669 2214 3803 2254 ceu-

2202 2295 2314 2341 tutu
2362 2286 2580 2357 viginti,
2627 2286 2678 2339 iti
2711 2286 2911 2355 quibus
2948 2295 3107 2340 erant
3152 2285 3432 2342 Barnabas
3466 2299 3527 2342 et
3557 2286 3799 2357 Marcus,

2202 2391 2269 2433 ex
2317 2390 2503 2432 monte
2534 2377 2815 2432 Olivarum
2867 2379 3327 2434 couvcnernut':
3368 2380 3501 2434 illuc
3559 2381 3804 2450 Spiritus

2202 2478 2426 2523 sanctus
2460 2468 2512 2521 in
2540 2468 2744 2539 linguis
2771 2469 2945 2537 igneis
2981 2469 3047 2523 ad
3090 2468 3386 2537 discipulos
3424 2472 3725 2526 descendit
3750 2473 3800 2526 ia

2202 2559 2292 2615 die
2337 2559 2692 2616 Pentecostes
2724 2561 2769 2593 “
2799 2578 2815 2628 ;
2847 2560 2961 2616 illic
2989 2561 3251 2615 collocata
3297 2578 3439 2616 nunc
3473 2574 3561 2618 est
3606 2578 3801 2634 magna

2202 2662 2256 2708 et
2284 2652 2629 2708 sanctissima
2656 2654 2811 2717 Sion,
2839 2656 3082 2709 omnium
3119 2655 3490 2710 Ecclesiarmn
3532 2660 3799 2712 maxima.

2277 2744 2410 2800 VIII.
2454 2746 2607 2801 Tunc
2636 2762 2767 2802 vero
2795 2746 3074 2802 Barnabas
3116 2762 3339 2804 secutus
3369 2758 3458 2804 est
3507 2748 3802 2804 Dominum

2206 2846 2568 2893 revertentem
2605 2840 2673 2892 ab
2697 2839 3091 2912 Hierosolymis
3113 2841 3166 2894 in
3202 2841 3510 2898 Galilaeam.
3543 2843 3689 2897 Cum
3713 2859 3807 2899 al-

2209 2937 2315 2983 tem
2355 2930 2509 2984 multi
2560 2931 2803 2999 undique
2859 2934 2927 2986 ad
2987 2932 3274 2987 Dominum
3319 2938 3714 3000 convenirent,
3754 2950 3803 2991 et

2206 3021 2324 3089 ejus
2354 3022 2511 3075 ﬁdem
2535 3033 2915 3091 sequerentur,
2946 3023 3083 3077 dixit
3107 3024 3392 3091 discipulis
3420 3028 3581 3081 suis:
3611 3026 3803 3083 leuis

504 3129 752 3178 servans,
783 3122 841 3165 ut
865 3110 1081 3164 virtutis
1100 3117 1246 3164 esset
1273 3111 1547 3177 specimen
1580 3108 1874 3178 quoddam.
1896 3108 2100 3175 Quam-
2126 3132 2170 3193 ο
2207 3112 2414 3184 quidem
2446 3113 2632 3175 multa,
2665 3114 2894 3183 operarii
2932 3127 3107 3168 autem
3132 3115 3386 3184 pauci“u
3423 3116 3628 3186 Itaque
3663 3117 3804 3173 desi-

505 3207 696 3261 obrem
728 3205 867 3272 apud
883 3217 1074 3256 attines
1089 3202 1491 3256 existimatione
1508 3210 1559 3254 et
1581 3201 1750 3271 gloria
1779 3198 2026 3256 ﬂorebat.

577 3295 691 3351 VII.
752 3296 966 3351 Accidit
1015 3304 1221 3356 autem,
1278 3302 1338 3347 ut
1376 3302 1619 3363 tempore
1675 3292 1770 3348 illo
1823 3291 2087 3348 Dominus

486 3389 662 3455 ,Jcsus
690 3389 943 3445 Christus
984 3387 1416 3457 Hierosolymam
1469 3386 1703 3450 veniret,
1738 3394 1795 3440 et
1824 3386 2086 3457 paralyti-

505 3500 628 3539 cutn
682 3486 733 3537 iit
793 3481 1069 3551 prohatiea
1121 3481 1326 3548 piscina
1376 3487 1617 3543 sanaret,
1659 3477 1879 3547 aliaque
1933 3478 2085 3549 signa

505 3578 675 3632 multa
720 3585 777 3631 et
808 3575 1051 3645 prodigia
1116 3574 1168 3627 in
1227 3572 1427 3640 templo
1468 3573 1660 3627 ederet
1684 3574 1727 3628 '.
1759 3572 1852 3625 Illa
1903 3571 2089 3625 omnia

504 3682 629 3720 eum
689 3664 966 3720 Barnabas
1019 3663 1266 3725 vidisset,
1313 3661 1628 3731 obstupuit,
1680 3670 1736 3715 et
1782 3661 1968 3715 statim
2020 3660 2087 3714 ad

503 3757 708 3812 Christi
742 3757 906 3827 pedes
952 3771 1013 3811 se
1056 3756 1276 3827 alijecit,
1321 3769 1556 3822 eumque
1588 3762 1843 3822 precatus
1876 3759 1981 3815 est,
2029 3758 2089 3806 ut

505 3851 583 3905 illi
618 3850 990 3905 benediceret.
1019 3847 1275 3903 Christus
1308 3857 1512 3910 autem,
1545 3844 1638 3914 qui
1671 3859 1766 3900 cor
1810 3843 2089 3898 hominum

506 3951 564 3996 et
589 3942 800 3995 animos
833 3940 1079 4008 inspicit,
1109 3938 1375 3993 Barnabas
1409 3938 1567 3991 ﬁdem
1612 3946 1822 4008 gratam
1863 3937 2090 4001 habens,

504 4028 771 4085 Iieiievoie
823 4029 1000 4097 ipsum
1049 4030 1285 4096 accepit,
1311 4038 1367 4083 et
1417 4027 1587 4082 divini
1635 4027 1716 4082 sui
1770 4039 2093 4097 congressus

491 4121 757 4182 ,eumdem
794 4120 1112 4189 participem
1158 4110 1329 4174 feeit:
1366 4133 1540 4188 quare
1568 4118 1634 4172 ad
1663 4115 1867 4172 Christi
1904 4116 2093 4172 chari-

493 4223 676 4270 Jatem
740 4213 911 4282 magis
966 4210 1387 4265 accendebatur.
1447 4208 1619 4275 Quam
1670 4209 1904 4276 primum
1960 4221 2094 4262 vero

490 4304 647 4369 Madiit
693 4303 913 4357 domum
969 4301 1154 4357 Mariae
1208 4300 1401 4355 matris
1452 4300 1703 4366 Joannis,
1753 4302 1845 4370 qui
1881 4301 2095 4357 Marcus

492 4402 700 4469 postea
735 4396 913 4448 dictus
958 4403 1042 4447 est
1081 4411 1096 4446 :
1133 4408 1252 4463 anc
1287 4391 1451 4446 Maria
1481 4392 1598 4460 ejus
1641 4403 1935 4448 matertera
1970 4408 2094 4448 esse

2210 3204 2394 3275 gnavit
2429 3206 2772 3276 septuaginta
2803 3204 2922 3261 illos
2954 3206 3248 3276 discipulos
3272 3247 3289 3271 ,
3320 3222 3561 3279 quorum
3598 3211 3807 3279 primus

2202 3299 2329 3361 dux,
2367 3306 2421 3352 et
2453 3312 2698 3353 summus
2736 3306 2859 3353 erat
2893 3315 3122 3366 magnus
3165 3299 3467 3355 Barnabas.
3488 3300 3601 3359 Sed
3648 3318 3806 3358 nemo

2189 3388 2414 3442 audiens
2438 3387 2710 3457 apostolos
2730 3391 2872 3444 hanc
2910 3389 3321 3457 appellationem
3363 3391 3438 3444 illi
3478 3394 3602 3445 viro
3628 3393 3804 3459 impo-

2190 3479 2390 3541 suisse,
2419 3486 2620 3532 temere
2639 3486 2694 3529 et
2722 3477 2843 3532 sine
2862 3478 3044 3531 divino
3057 3477 3281 3531 consilio
3306 3477 3359 3537 id,
3387 3476 3602 3531 factum
3632 3477 3802 3532 fuisse

2191 3570 2441 3637 opinetur
2463 3587 2476 3622 :
2505 3586 2628 3623 nam
2655 3568 2852 3624 Petrus
2868 3570 3072 3638 ipseilli
3101 3584 3299 3625 nomen
3324 3572 3426 3626 hoc
3443 3571 3719 3641 imposuit
3734 3575 3800 3635 ",

2189 3657 2308 3726 ille,
2326 3660 2571 3727 inquam.
2592 3661 2806 3725 Petrus,
2822 3662 2913 3732 qui
2939 3662 3218 3731 pet-sancti
3249 3662 3491 3730 Spiritus
3512 3666 3805 3720 revelatio-

2194 3764 2318 3804 nem
2344 3748 2464 3804 Filii
2499 3750 2590 3805 Dei
2623 3752 2947 3822 theologiam
2990 3754 3210 3808 edidicit
3241 3756 3305 3809 ".
3340 3754 3407 3809 Et
3436 3761 3805 3826 quemadmo-

2195 3840 2320 3894 dum
2346 3840 2591 3897 Jacobus
2610 3851 2667 3897 et
2696 3840 2933 3898 Ioannes
2964 3856 3186 3913 propter
3219 3846 3504 3911 virtutem,
3529 3847 3630 3901 ﬁlii
3663 3850 3805 3904 toni-

2197 3934 2301 3990 trui
2347 3936 2520 3991 vocati
2579 3946 2710 3992 sunt
2753 3936 2821 4002 ",
2875 3938 2952 3993 ita
2984 3948 3038 3992 et
3066 3937 3347 3993 Barnabas
3406 3939 3643 3996 virtutis
3696 3957 3805 3996 atra

2208 4041 2374 4082 causa
2408 4027 2550 4082 ﬁlius
2575 4030 2973 4085 consolationis
3007 4030 3309 4100 appellatus
3336 4041 3445 4095 est,
3470 4034 3684 4102 quippe
3713 4036 3804 4104 qui

2196 4127 2422 4188 propter
2450 4120 2763 4178 sanctitatis
2809 4121 3206 4193 praastantiam,
3226 4122 3489 4179 omnibus
3527 4126 3793 4181 causula-

2198 4208 2331 4264 tioni
2358 4207 2486 4264 fuit.
2745 4228 2749 4232 ι

2269 4299 2559 4365 lX._Idem
2614 4316 2739 4361 cum
2791 4302 3033 4358 audisset
3093 4298 3383 4360 Dominum
3441 4306 3801 4363 docentem:

2208 4392 2427 4448 Vendite
2456 4409 2574 4463 qua:
2603 4394 2905 4463 possidetis,
2945 4405 2996 4452 et
3021 4397 3143 4450 date
3185 4397 3602 4468 eleemosyuam,
3633 4412 3691 4457 et
3721 4401 3803 4472 [o-

510 4485 818 4547 dieehatur,
846 4482 1198 4551 quamobrem
1230 4491 1285 4537 et.
1316 4481 1554 4536 Marcum
1602 4481 1863 4537 Barnaba:
1896 4497 2093 4537 conso-
2128 4474 2173 4531 Ῐ)
2206 4487 2307 4541 cile
2353 4487 2502 4542 vobis
2529 4487 2792 4554 sacculos,
2824 4489 2917 4559 qui
2950 4508 3054 4544 non
3093 4498 3445 4554 reterascum,
3477 4495 3802 4549 thesaurum

496 4575 729 4639 ὼιιίιιιιιιι
757 4575 1174 4643 appellabant‘.
1208 4574 1355 4629 Illam
1388 4591 1510 4628 eum
1542 4575 1803 4631 adiisset:
1838 4575 1975 4646 Age,
2008 4577 2097 4630 in-
2194 4595 2463 4650 nunquam
2512 4581 2837 4652 deﬁcientem
2887 4582 2949 4637 iu
3001 4583 3144 4638 oculis
3195 4584 3281 4651 l';
3334 4584 3469 4637 nihil
3519 4600 3803 4651 moratus,

496 4667 651 4735 ,quit,
692 4667 908 4731 mulier,
942 4664 1066 4720 veni
1095 4676 1149 4721 et
1174 4667 1318 4732 vide,
1351 4681 1474 4733 qua:
1503 4677 1683 4735 patres
1718 4668 1887 4722 nostri
1913 4668 2097 4724 videre
2193 4674 2378 4728 statim
2417 4690 2533 4729 rem
2562 4691 2780 4753 omnem
2806 4678 3105 4747 pretiosam
3137 4694 3164 4732 a
3199 4679 3518 4750 parentibus
3558 4687 3805 4739 mortuis

497 4761 943 4826 moticuplvermit
970 4774 985 4812 :
1016 4772 1145 4811 ecce
1176 4758 1320 4810 enim
1345 4756 1505 4813 Jesus
1529 4760 1748 4828 quidam
1779 4761 2038 4830 propheta
2063 4776 2095 4817 θ

502 4846 781 4917 g‘iazaretlt
812 4845 1046 4904 Galiliete
1074 4849 1125 4901 in
1170 4849 1371 4919 templo
1397 4858 1500 4915 est,
1525 4852 1814 4920 magniﬁca
1845 4854 2093 4921 quaedam

501 4938 680 4993 edens
729 4935 1012 5002 miracula,
1048 4936 1138 5006 qui
1198 4939 1381 4993 multis
1428 4939 1640 4994 videtur
1667 4940 1896 4997 Messias
1950 4957 2092 5008 esse,

504 5028 607 5097 ,ιιιιί
643 5034 908 5083 venturus
939 5038 1078 5083 erat.
1123 5028 1256 5084 Cum
1306 5031 1419 5086 hac
1467 5032 1713 5088 audisset
1756 5034 2096 5090 admirabilis

508 5119 608 5182 illa
652 5120 868 5188 mulier,
919 5120 1127 5175 relictis
1161 5121 1414 5178 omnibus
1470 5123 1576 5188 his,
1607 5139 1728 5193 qua:
1774 5125 2007 5181 habebat
2042 5126 2094 5181 in

510 5212 789 5279 manibus,
821 5211 1075 5283 templum
1109 5211 1201 5267 Dei
1236 5214 1371 5268 adiit
1401 5232 1415 5270 :
1450 5215 1538 5270 ubi
1584 5232 1708 5272 cum
1749 5200 1941 5273 Iesum.
1963 5228 2097 5273 tem-

509 5305 592 5379 pli
643 5306 933 5360 Dominum
984 5306 1229 5371 vidisset,
1264 5308 1329 5361 ad
1384 5308 1502 5376 ejus
1551 5310 1714 5378 pedes
1766 5323 1825 5365 se
1876 5309 2096 5377 abiecit,

504 5412 748 5468 eumque
790 5398 869 5455 sic
900 5411 1122 5470 precata
1164 5408 1288 5455 est:
1325 5397 1380 5455 Si
1421 5403 1649 5472 gratiam
1692 5403 1895 5467 inveni,
1926 5417 1957 5457 ο
2001 5402 2097 5458 Do-

508 5504 685 5558 ,nnae,
715 5489 768 5545 in
789 5501 1083 5562 conspectu
1105 5500 1219 5559 tuo,
1246 5492 1367 5548 veni
1395 5493 1460 5548 ad
1489 5491 1709 5550 domum
1738 5494 1945 5550 ancillae
1968 5505 2092 5562 tute,

2192 4765 2295 4820 sibi
2347 4765 2594 4821 relictam
2626 4769 2898 4836 vendidit,
2929 4782 2984 4826 et
3015 4773 3300 4842 egentibus
3329 4773 3626 4829 distribuit
3655 4794 3671 4832 :
3702 4777 3804 4832 sibi

2192 4870 2326 4910 vero
2348 4857 2521 4921 solum
2554 4875 2745 4929 agrum
2773 4877 2938 4916 unum
2965 4863 3286 4929 reservavit,
3310 4865 3455 4919 unde
3480 4867 3555 4920 ali
3593 4881 3803 4937 posset.

2203 4947 2400 5005 Postea
2430 4966 2559 5008 vero
2596 4968 2759 5023 quam
2799 4954 3063 5011 Dominus
3100 4972 3316 5013 crucem
3359 4974 3679 5029 perpessus
3704 4975 3803 5028 est,

2203 5049 2260 5096 et
2294 5056 2324 5095 a
2386 5044 2619 5098 mortuis
2655 5047 2972 5109 resurrexit.
3020 5064 3084 5101 ac
3120 5046 3383 5118 Spiritum
3431 5062 3711 5107 sanctum
3740 5057 3803 5108 ad

2205 5131 2501 5202 discipulos
2521 5150 2651 5191 suos
2674 5138 2845 5201 misit,
2874 5149 3005 5193 tunc
3032 5140 3248 5194 divinus
3283 5139 3567 5197 Barnabas
3592 5144 3803 5202 Christi

2204 5223 2471 5280 charitate
2525 5228 2699 5299 magis
2749 5229 3137 5295 inﬂammatus,
3168 5232 3317 5286 illum
3374 5234 3543 5290 etiam
3604 5254 3801 5309 agrum

2206 5315 2470 5379 vendidit,
2507 5331 2742 5390 cumque
2782 5321 3009 5375 multum
3046 5324 3288 5390 pecunize
3315 5339 3381 5379 ex
3422 5325 3544 5393 ejus
3626 5332 3805 5396 pretia

2205 5408 2527 5478 accepisset,
2557 5424 2773 5466 omnem
2804 5414 3089 5483 pecuniam
3127 5414 3271 5469 illam
3308 5417 3374 5470 ad
3408 5422 3798 5487 apostolorum

2146 5571 2152 5578 θ
2206 5499 2369 5569 pedes
2394 5501 2667 5572 deposuit,
2693 5518 2866 5574 neque
2899 5504 3191 5576 quidquam
3223 5508 3451 5565 omnino
3477 5509 3589 5566 sibi
3626 5529 3803 5569 mser-

581 5611 654 5687 f_l
693 5614 902 5687 carm,
932 5613 982 5678 7,
1009 5614 1063 5687 8_.
1141 5614 1161 5647 ⁸
1192 5614 1347 5669 Joan.
1377 5617 1481 5677 v.2
1504 5632 1656 5687 seqq.
1732 5618 1753 5649 ⁸
1777 5615 1984 5673 Coloss.
2015 5635 2088 5684 tr,
2130 5621 2216 5677 to.

498 5693 559 5778 ἐ..
584 5684 1009 5786 112.201.vl?'(3l:!:|,
1036 5685 1057 5738 1
1090 5700 1240 5755 seqq.
1321 5687 1361 5717 ¹¹
1395 5684 1589 5743 Matth
1620 5684 1694 5753 is,
1724 5688 1824 5753 37;
1856 5688 1994 5745 Luc.
2028 5709 2081 5759 xi,
2110 5693 2162 5746 ‘2.

497 5754 552 5788 ³³⁸
595 5754 726 5813 Luc.
769 5768 865 5823 XII,
897 5754 983 5815 53,

2327 5623 2541 5698 [Μαι-ς.
2574 5642 2685 5687 xiv.
2727 5629 2787 5683 Ili
2819 5644 2974 5698 Seqq.
3059 5631 3081 5661 ⁸
3111 5627 3273 5686 Joan.
3312 5645 3407 5693 xx.
3444 5629 3540 5688 26.
3631 5639 3656 5669 ’
3682 5638 3797 5690 Art.

2244 5694 2285 5727 η
2330 5695 2489 5750 Ilare.
2528 5713 2609 5763 tu,
2658 5698 2739 5753 l6.
2772 5694 3242 5770 "Matth.xvt,l7.
3311 5701 3354 5732 "
3384 5703 3559 5759 Marc.
3592 5723 3683 5768 tit,
3716 5712 3793 5763 li.
