3946 6318
106 393 230 458 i093

1065 362 1454 452 LAUDATIO
1492 388 1574 453 IN
1615 386 1876 448 APOST.
1911 388 2346 454 saansaan.-

3204 399 3349 464 4094

107 508 256 569 varii,
300 516 391 559 suo
424 499 670 570 exemplo
720 513 912 555 omnes
957 501 1253 570 discipulos
1299 499 1367 554 ad
1414 497 1661 553 eamdem
1693 498 1737 555 Α
1769 497 1994 564 spltemo
2020 508 2074 555 et
2101 516 2447 568 persecutore
2495 503 2588 559 illo
2616 504 2782 573 dicta,
2806 506 3099 578 obstupuit,
3134 524 3189 567 et
3230 530 3356 582 prae

105 600 334 652 virtutem
361 593 603 648 alliciens
634 592 700 646 ".
731 590 826 646 Ille
871 601 925 646 et
952 606 1075 645 cum
1111 589 1277 645 Saulo
1312 587 1649 657 disputabat,

104 703 248 760 quem
287 688 346 743 ad
370 686 574 743 Christi
601 685 811 740 Domini
846 683 1005 739 fidem
1032 686 1333 754 perducere
1372 680 1653 749 cupiebat.

104 782 288 837 Saulus
306 790 479 834 autem
506 794 630 834 cum
656 777 790 845 legis
816 777 1154 831 institutione
1178 774 1465 843 diligenter
1490 781 1653 840 atque

103 880 333 926 accurate
373 871 662 933 niteretur,
694 867 1000 921 Barnabam
1047 868 1221 935 ipsum
1265 876 1323 919 ut
1369 866 1652 932 deceptum

101 961 360 1025 irridebat,
388 970 442 1017 et
485 961 541 1015 in
590 960 866 1017 Christum
904 959 1190 1013 maledicta
1227 957 1459 1027 jacieus,
1517 953 1657 1009 fabri

100 1055 282 1118 ﬁlium,
322 1055 542 1110 idiotam
581 1065 637 1108 et
687 1063 956 1122 agrestem
1004 1052 1276 1106 hominem
1327 1048 1653 1117 appellabat,

100 1164 251 1217 quem
302 1158 355 1202 ut
402 1158 458 1202 et
508 1157 679 1200 morte
725 1146 962 1199 violenta
1021 1145 1293 1197 sublatum
1352 1140 1654 1195 deridebat.

96 1240 225 1296 Cum
262 1256 379 1301 vero
407 1239 688 1301 miracula,
710 1252 828 1306 quae
852 1251 945 1304 per
966 1237 1240 1304 apostolus
1260 1231 1655 1295 efﬁciebantur,

97 1340 150 1385 ct
195 1330 361 1398 populi
419 1329 820 1383 multitudinem
870 1328 1062 1380 indies
1101 1326 1362 1394 majorem
1419 1322 1485 1375 ad
1534 1321 1655 1375 tidei

96 1422 516 1490 praedicationem
564 1418 926 1474 conﬂuentem
962 1418 1193 1481 videret,
1238 1416 1424 1470 animo
1443 1414 1660 1468 crucia-

96 1514 285 1570 batur:
359 1514 592 1581 cnmque
637 1527 742 1565 una
799 1524 922 1566 cum
980 1508 1294 1573 Libertinis,
1340 1505 1660 1575 Cyrenensi-

95 1606 197 1660 bus
243 1615 396 1674 atque
444 1604 829 1658 Alexandrinis
879 1617 1134 1673 magnum
1190 1601 1341 1653 illum
1401 1598 1660 1652 Ecclesiae

93 1705 353 1749 oratorem
382 1694 716 1762 Stephanum
744 1693 970 1747 adortus
991 1700 1159 1751 esset.
1184 1704 1360 1759 neque
1379 1690 1660 1756 sapientiae

92 1800 145 1843 et
176 1788 411 1856 Spiritui,
437 1788 527 1857 qui
553 1803 649 1857 per
671 1786 1010 1854 Stephanum
1036 1785 1381 1853 loquebatur,
1405 1782 1661 1835 resistere

92 1886 287 1946 posset,
312 1876 513 1931 insania
539 1888 592 1930 et
613 1875 795 1928 furore
820 1875 988 1927 multo
1004 1888 1307 1941 correptus,
1331 1872 1667 1925 inordinatos

91 1967 270 2037 populi
316 1969 562 2022 homines
608 1977 798 2022 contra
875 1966 1213 2034 Stephanum
1271 1965 1569 2019 concitavit
1600 1965 1663 2020 ⁸⁷.

91 2061 210 2128 Quo
245 2058 548 2123 inter-freto,
595 2058 1028 2128 persecutionem
1062 2072 1314 2128 magnam
1374 2058 1669 2112 commovit

91 2151 349 2205 adversus
376 2149 700 2214 Ecclesiam,
731 2164 851 2218 quae
884 2158 1005 2202 erat
1033 2147 1450 2218 Hierosolymis.

165 2240 230 2296 Χ.
262 2240 450 2295 Verum
489 2256 613 2295 cum
646 2241 717 2294 ita
757 2241 1066 2295 inordinate
1120 2239 1448 2294 Damascum
1500 2237 1669 2305 proli-

90 2334 381 2389 cisceretur
431 2333 498 2387 ad
545 2334 824 2387 vexandos
887 2342 1053 2401 atque
1106 2330 1425 2401 atl'tigendos
1479 2330 1666 2384 fideles

87 2426 356 2491 homines,
387 2423 644 2479 Christus
681 2422 945 2477 Dominus
974 2422 1123 2475 illum
1152 2421 1368 2489 dejecit,
1398 2432 1455 2475 et
1475 2422 1530 2474 in
1558 2429 1668 2474 ter-

84 2532 207 2572 ram
237 2517 481 2586 supinum
510 2517 805 2587 prostravit
830 2534 844 2571 :
868 2515 958 2584 qui
1000 2529 1122 2569 cum
1156 2523 1462 2583 prostratus
1498 2521 1664 2577 esset,

84 2624 216 2665 cum
245 2607 455 2662 tandem
493 2608 749 2675 cognovit
790 2623 953 2676 quem
984 2606 1433 2675 persequebatur,
1466 2613 1521 2660 et
1551 2605 1665 2661 visu

83 2713 349 2769 corporeo
374 2709 705 2763 exczccatus,
738 2697 936 2751 mentis
975 2696 1147 2749 aciem
1185 2695 1251 2748 ad
1281 2695 1403 2750 caeli
1448 2694 1668 2749 celsits-

84 2803 197 2849 tem
230 2792 447 2848 omnino
474 2790 670 2845 erexit.
696 2789 830 2843 Cum
864 2802 995 2843 vero
1021 2785 1452 2857 Hierosolymam
1488 2800 1668 2840 rever-

80 2901 185 2940 sus
230 2894 390 2949 esset,
426 2884 586 2938 dabat
615 2895 860 2951 operam,
906 2891 969 2935 ut
1000 2878 1209 2935 Christi
1246 2877 1527 2946 discipulis
1567 2878 1667 2932 ad-

78 2973 317 3027 haereret
349 2986 549 3040 :quem
606 2982 787 3024 tamen
820 2983 1012 3023 omnes
1052 2968 1148 3034 illi,
1179 2966 1403 3020 multam
1420 2966 1538 3037 ejus
1565 2980 1665 3022 sa-

77 3066 275 3121 vitiam
309 3063 684 3124 formidantes.
717 3062 1017 3133 fugiebant.
1043 3061 1115 3114 At
1137 3075 1367 3132 magnus
1387 3058 1664 3115 Barnabas

1763 588 1958 655 gaudio
2003 591 2121 661 ejus
2153 594 2331 648 vultus
2381 593 2662 666 lacrymis,
2699 609 2758 652 ut
2789 600 3059 654 matutino
3096 620 3216 657 rore
3246 607 3356 660 llos

1764 675 1982 745 aliquis,
2036 679 2290 748 perfusus
2348 676 2433 738 est
2508 702 2539 739 το
2579 702 2811 757 cumque
2861 690 3009 745 illttut
3065 693 3349 761 amplexos

1764 776 1819 822 et
1849 768 2129 825 osculatus
2158 771 2391 828 fuisset:
2426 774 2778 846 Ecquisnam,
2824 780 3022 852 inquit,
3076 785 3262 853 Sanle,
3296 798 3350 844 te

1763 858 1953 914 docuit
2002 862 2132 916 talia
2164 864 2426 922 divinitus
2459 868 2724 939 inspirata
2755 874 2922 928 verba
2957 880 3350 941 pronuntiare?

1764 948 1966 1019 Ecquis
2017 952 2110 1007 tibi
2165 962 2467 1026 persuasit,
2527 970 2585 1015 ιιι
2613 960 2797 1016 Jesnm
2856 964 3195 1030 Nazaremtm
3251 973 3346 1028 Dei

1765 1040 1960 1097 Filium
1991 1045 2380 1104 coniitereris?
2407 1052 2687 1108 Undenam
2712 1057 3013 1112 rtelestium
3035 1061 3347 1131 dogmatum

1768 1143 1875 1188 tam
1930 1137 2224 1206 perfectam
2276 1144 2557 1199 scientiam
2604 1147 2841 1203 didicisti
2867 1150 2892 1205 ?
2926 1152 3060 1205 Tum
3091 1143 3229 1219 “le,
3260 1157 3352 1209 de.

1766 1229 1935 1282 misso
1968 1231 2139 1293 vultu,
2173 1241 2229 1285 et
2276 1231 2546 1306 lacrymas
2584 1235 2839 1305 fundens,
2884 1256 2949 1296 ac
2979 1245 3145 1298 corde
3193 1248 3351 1303 valde

1766 1333 2144 1389 compunctus,
2202 1327 2478 1393 reSpondit
2520 1345 2536 1382 :
2587 1329 2679 1385 Ille
2714 1332 2832 1400 ipse
2868 1333 3127 1392 Dominus
3167 1337 3349 1405 Jesns,

1772 1429 1931 1482 quem
1988 1429 2087 1485 ego
2146 1431 2403 1486 peccator
2442 1424 2747 1482 maledictis
2790 1428 3039 1484 lacessivi
3076 1442 3132 1486 et
3163 1447 3349 1500 perse-

1765 1515 1924 1560 cutus
1975 1521 2116 1571 sum,
2165 1510 2280 1563 haec
2325 1515 2508 1567 omnia
2570 1532 2657 1571 nte
2686 1518 3051 1575 docuit.Nam
3087 1534 3349 1591 tanquam

1768 1595 2018 1650 abortivo
2051 1608 2106 1651 et
2139 1599 2271 1654 mihi
2324 1606 2594 1671 apparuit,
2641 1607 2800 1673 cujus
2822 1612 3001 1665 divina
3032 1623 3086 1667 et
3110 1614 3350 1683 jucunda

1769 1701 1902 1741 voce
1954 1704 2114 1743 aures
2153 1690 2296 1760 ipsas
2351 1696 2529 1751 adhuc
2574 1713 2929 1765 personantes
2986 1703 3203 1759 habeo:
3252 1723 3352 1762 sua
3401 1744 3419 1763 .

1768 1780 1913 1835 enim
1942 1778 2277 1850 benignitate
2303 1785 2564 1855 singulari
2598 1800 2652 1843 et
2686 1792 2931 1859 omnium
2959 1796 3194 1849 maxima
3227 1813 3356 1865 pro-

1771 1880 1992 1926 secutus
2039 1888 2123 1926 me
2150 1874 2271 1938 fuit,
2307 1878 2503 1946 quippe
2534 1880 2625 1949 qui
2673 1883 2803 1934 milii
2835 1892 3135 1951 prustrato,
3160 1897 3215 1940 et
3247 1889 3354 1943 mi-

1770 1961 2077 2017 serabiliter
2097 1961 2326 2032 jacenti,
2362 1971 2601 2036 scipsum
2628 1972 2943 2039 defendens,
2978 1978 3160 2043 potius
3188 1993 3352 2048 quam

1771 2054 1903 2108 mihi
1954 2072 2282 2114 succensens
2326 2078 2340 2112 :
2404 2061 2593 2126 Sanle,
2642 2065 2838 2133 inquit,
2904 2066 3084 2132 Sanle,
3115 2086 3212 2124 cur
3269 2088 3354 2128 me

1767 2145 2296 2217 persequeris'°?Ego
2313 2168 2444 2205 vero
2471 2154 2703 2210 horrens
2744 2169 2797 2212 et
2828 2171 3094 2226 metuens,
3128 2177 3355 2232 res-pou.

1769 2239 1824 2294 di
1861 2258 1874 2292 :
1913 2238 2044 2303 Quis
2099 2254 2174 2301 es,
2226 2237 2486 2299 Domine?
2519 2243 2656 2299 Tum
2693 2248 2783 2305 ille
2832 2252 2998 2305 multa
3036 2264 3353 2309 mansuetu-

1769 2337 1896 2391 dine
1929 2347 1984 2391 et
2024 2338 2374 2394 miseratione
2410 2356 2496 2396 me
2558 2359 2893 2414 prosequens
2924 2363 2938 2400 :
2986 2347 3119 2415 Ego,
3153 2349 3350 2416 inquit,

1768 2444 1885 2482 sum
1913 2428 2070 2483 λειω
2128 2428 2467 2498 Nazarenns,
2498 2450 2650 2506 quem
2697 2448 2752 2489 tu
2796 2442 3144 2508 persequeris.
3187 2438 3271 2495 Ob
3299 2442 3351 2496 id

1769 2536 1869 2590 ego
1935 2522 2264 2591 singularem
2343 2525 2462 2593 ejus
2542 2528 2853 2596 patientiam
2933 2532 3349 2601 obstupeseens,

1770 2613 2057 2683 ipsumque
2103 2629 2290 2680 orans,
2345 2617 2455 2671 dixi
2498 2635 2512 2672 :
2557 2620 2826 2685 Quidnam
2862 2639 2955 2693 ego
2987 2625 3218 2698 faciant,
3246 2627 3355 2683 Do-

1770 2701 2241 2759 mine“?Tuncille
2274 2707 2459 2762 statim
2484 2712 2668 2764 omnia
2693 2711 2826 2779 hinc,
2867 2728 2989 2783 quae
3014 2714 3151 2782 dixi,
3186 2727 3243 2772 et
3268 2719 3369 2776 his.

1770 2793 1923 2863 plura
1961 2809 2045 2848 me
2077 2795 2366 2851 instruxit.

1841 2881 1957 2938 ΧΠ.
1993 2884 2090 2940 [iis
2135 2888 2336 2942 auditis
2366 2904 2593 2960 magnus
2623 2890 2904 2949 Barnabas
2932 2893 3159 2951 Saulum
3189 2912 3365 2952 manu:

1768 2976 2164 3044 apprehensum
2181 2978 2412 3033 duxitad
2433 2981 2730 3048 apostolos,
2752 2984 2941 3051 eisque
2966 2986 3104 3040 dixit
3132 3006 3145 3040 :
3177 2988 3371 3054 Quare

1768 3074 2041 3134 pastorem
2072 3063 2277 3135 fugitis,
2310 3067 2489 3136 luputtt
2521 3074 2929 3128 existimantes?
2958 3075 3138 3141 Quare
3162 3080 3356 3145 guber-

75 3159 158 3214 illi
204 3172 515 3219 occurrens,
548 3156 662 3210 ait:
698 3155 992 3223 Quousque
1029 3155 1270 3218 tandem,
1313 3152 1499 3219 Sanle,
1533 3167 1661 3220 per-
1691 3186 1738 3250 C
1772 3169 2041 3223 notorem,
2080 3169 2141 3213 ut
2196 3162 2451 3230 piratam,
2486 3164 2864 3233 propulsatis?
2892 3166 3005 3221 Cur
3032 3167 3353 3223 bellatorem

73 3251 170 3321 gis
202 3263 321 3304 es5e
358 3246 527 3302 Ssul?
569 3247 752 3315 Quare
794 3248 867 3302 ita
918 3246 1223 3315 petulanter
1278 3245 1666 3300 beneficiorum

73 3349 364 3394 auctorem
394 3337 578 3394 Jesum
615 3339 1001 3409 persequeris?
1021 3340 1221 3395 Desine
1253 3338 1665 3395 horribileillud

71 3432 411 3501 mysterium
442 3448 776 3502 oppugnare,
799 3433 945 3503 quod
978 3448 1007 3487 a
1056 3433 1339 3503 prorrltetis
1372 3432 1506 3501 ipsis
1537 3432 1668 3487 olim

68 3525 231 3575 clara
262 3537 393 3578 voce
418 3524 839 3593 praenuntiatum
873 3532 977 3586 est,
1009 3523 1213 3579 nostris
1252 3533 1433 3579 antem
1461 3533 1671 3594 tempo-

70 3614 237 3669 ribus
291 3628 392 3684 pro
437 3626 618 3669 nostra
653 3616 831 3670 salute
860 3615 1194 3686 patefactum
1224 3614 1345 3671 fuit.
1382 3614 1508 3673 Haec
1538 3631 1667 3672 cum

68 3708 331 3763 audisset
360 3707 577 3774 Saulus,
611 3707 677 3761 ad
710 3710 876 3777 pedes
902 3707 1168 3764 Barnabas
1198 3722 1257 3764 se
1293 3708 1513 3779 dcjccit,
1534 3710 1672 3763 mul-

69 3799 265 3867 tisque
315 3800 574 3868 lacrymis
611 3808 666 3853 et
707 3798 1041 3854 clamoribus
1078 3821 1093 3858 :
1129 3798 1390 3870 Ignosce,
1436 3801 1615 3872 inquit
1651 3843 1667 3869 ,

63 3889 242 3957 mihi,
277 3891 390 3945 dux
438 3892 662 3947 luminis
692 3901 747 3948 et
787 3893 1037 3948 veritatis
1068 3895 1327 3963 magister
1369 3893 1620 3951 Barnaba
1654 3915 1667 3951 :

61 3993 341 4051 expertus
383 3985 527 4036 enim
570 3999 710 4050 sum,
751 3992 805 4039 et
858 4001 917 4041 re
948 3987 1063 4054 ipsa
1094 3989 1324 4056 cognovi
1366 4003 1493 4043 vera
1536 4002 1659 4044 esse

61 4088 203 4144 qua
240 4082 295 4128 tu
347 4075 557 4129 dixisti.
602 4075 773 4143 Quem
812 4077 961 4132 enim
1002 4092 1104 4145 ego
1151 4079 1452 4135 maledictis
1482 4096 1670 4150 perse-

61 4181 278 4235 quens,
316 4164 457 4221 fabri
500 4166 669 4221 filium
709 4168 1072 4237 appellabam,
1114 4171 1264 4226 illum
1316 4188 1459 4227 nunc
1501 4173 1674 4227 conti—

61 4269 203 4314 teor
235 4259 331 4314 Dei
378 4259 482 4313 vivi
516 4259 713 4314 Filium
736 4260 1097 4329 unigenitum,
1124 4261 1364 4329 ejusdem
1398 4267 1669 4330 assentiar,

61 4351 270 4420 gloria:
303 4361 359 4407 et
390 4350 511 4406 solii
533 4351 871 4421 participem,
895 4363 1246 4417 consternunt,
1266 4364 1317 4409 et
1343 4356 1670 4426 principium

61 4457 330 4499 romvum
370 4461 385 4498 :
417 4446 509 4513 qui
549 4460 673 4499 cum
710 4446 782 4499 sit
826 4445 1084 4516 splendor
1123 4447 1308 4516 gloria
1333 4488 1349 4513 ,
1381 4457 1436 4503 et
1474 4451 1670 4505 chara-

1771 3249 2059 3318 optimum,
2087 3261 2143 3304 ιιι
2173 3254 2530 3321 proditorem,
2572 3257 2932 3310 exsecramini
2961 3255 3116 3312 ?Cur
3153 3258 3359 3314 Clit-isti

1774 3338 2040 3409 Sponsam
2070 3341 2451 3407 deducentem,
2484 3355 2544 3398 ιιι
2574 3346 2798 3400 thalami
2830 3348 3354 3421 direpturem,'reji-

1736 3433 1936 3488 citis?
2008 3433 2348 3503 (Spiritnalis
2405 3437 2549 3490 enim
2607 3448 2693 3494 est
2779 3442 3054 3497 thalamus
3112 3444 3352 3500 Ecclesia

1774 3519 1914 3589 Dei.)
1948 3517 2100 3574 Hunc
2145 3536 2242 3590 pro
2297 3533 2533 3590 pastore,
2561 3525 2934 3593 gubernatore
2957 3540 3011 3581 et
3038 3545 3354 3599 propugna-

1775 3617 1892 3664 tore
1923 3609 2184 3663 Dominns
2224 3611 2327 3664 sibi
2366 3611 2588 3682 delegit.
2641 3611 2796 3670 Tunc
2820 3603 3080 3672 'ttarravit
3102 3619 3183 3672 eis
3216 3618 3358 3672 Pau-

1773 3699 1880 3765 lus,
1930 3715 2268 3771 qutccunquc
2308 3703 2409 3771 ipsi
2468 3704 2785 3759 acciderant
2841 3706 2894 3760 itt
2958 3707 3066 3775 via,
3102 3710 3359 3779 quodque

1775 3791 2001 3847 vidisset
2050 3790 2329 3847 Christum
2373 3792 2682 3860 Dominum,
2735 3805 2791 3850 et
2831 3796 3140 3867 loquentem
3169 3812 3369 3870 secum~

1773 3883 2092 3948 amlivisset,
2145 3898 2209 3939 ac
2276 3885 2733 3954 quemadmodum
2794 3888 2846 3942 in
2901 3888 3035 3945 urbe
3099 3888 3379 3951 Damascm

1776 3972 1977 4029 Christi
2011 3990 2206 4029 nomen
2257 3976 2432 4029 libera
2466 3979 2712 4031 oratione
2745 3980 3117 4047 praedicasset.
3167 3982 3383 4051 Itaque,

1777 4079 1881 4119 ttna
1915 4080 2037 4119 cum
2072 4065 2177 4121 illis
2211 4065 2263 4119 in
2299 4067 2437 4121 urbe
2467 4066 2841 4140 Hierosolyma
2866 4069 3067 4127 Christi
3095 4072 3357 4141 praedica-

1777 4160 1980 4213 tionem
2025 4160 2337 4215 exercebat.
2391 4160 2522 4214 Erat
2547 4172 2731 4217 autem
2782 4162 2990 4219 .ludzeis
3030 4162 3176 4233 ipsis
3205 4166 3383 4222 valdm

1775 4253 2036 4309 molestus
2087 4266 2248 4324 atque
2294 4257 2525 4324 invisus,
2555 4261 2699 4328 quod
2750 4261 2840 4329 qui
2897 4262 3011 4316 lteri
3042 4271 3097 4316 et
3135 4263 3379 4318 ttudiuse.

1777 4347 1969 4401 tertius
2011 4345 2194 4402 desum
2229 4359 2547 4417 persecutus
2605 4350 2807 4419 fuerat,
2843 4354 2930 4409 ille
2978 4354 3112 4423 ipse,
3152 4366 3379 4419 mutato,

1775 4439 2003 4493 consilio
2080 4449 2208 4494 tunc
2277 4443 2529 4496 eumdem
2578 4445 2727 4498 illttttt
2778 4443 2965 4500 Jesnm
3031 4445 3123 4501 Dei
3163 4446 3371 4507 Filiunt

61 4546 198 4593 cter
229 4538 557 4591 substantiae
592 4536 876 4593 invisibilis
896 4534 1537 4608 Dei“,innovissimisItis
1553 4544 1671 4598 die-
1700 4518 1749 4576 υ
1777 4547 1900 4587 esse
1952 4533 2288 4602 Pl‘il‘dical'el»
2344 4534 2645 4591 (ἷοηεῖιίιιιιι
2688 4539 2870 4608 itaque
2919 4541 3159 4595 ίηῖετιιηι
3186 4540 3381 4603 Ιυιὶωίι

61 4630 182 4684 lius
213 4642 450 4698 propter
488 4646 588 4685 nos
617 4639 672 4684 et
705 4638 947 4685 nostram
995 4631 1229 4688 salutem
1270 4635 1508 4701 seipsnm
1554 4637 1673 4690 exi-

61 4721 318 4785 uauivit,
356 4720 588 4775 formant
622 4723 762 4776 servi
795 4723 1069 4793 accipiens
1107 4723 1186 4790 ",
1227 4724 1330 4779 hoc
1377 4737 1461 4782 est
1494 4727 1676 4797 perfe-

61 4825 226 4869 :‘lttm
279 4814 561 4869 hominem
625 4830 690 4870 ex
738 4829 925 4872 sancta
972 4816 1197 4888 Virgine
1234 4831 1286 4872 et
1324 4819 1415 4874 Dei
1448 4834 1674 4888 parente

61 4904 245 4958 “aria
272 4920 335 4958 se
369 4905 519 4971 fecit,
547 4923 651 4962 non
682 4908 1083 4975 confusionem,
1110 4925 1214 4964 non
1240 4913 1673 4977 conversionem,

62 5012 171 5051 rec
197 4997 560 5064 divisionem,
590 5009 682 5054 attt
710 5001 1110 5069 separationem
1155 5016 1349 5070 passus
1377 5020 1390 5057 :
1428 5013 1480 5057 et
1506 5002 1675 5073 ligura

69 5096 342 5142 nventus
396 5097 455 5141 ut
491 5089 675 5151 homo,
719 5088 1027 5142 hnntiliavit
1073 5088 1445 5157 semetipsum,
1498 5087 1677 5143 factus

61 5179 351 5234 )ttediens
383 5194 555 5249 usque
579 5180 644 5232 ad
672 5189 925 5244 utortem,
945 5190 1175 5234 mortem
1192 5189 1372 5233 autem
1394 5180 1672 5235 crucis”:

61 5270 155 5340 ιιιί
193 5280 255 5323 et
313 5272 622 5325 resurrexit
653 5284 682 5324 a
715 5270 947 5324 mortuis
979 5270 1138 5325 tertia
1172 5270 1279 5332 die,
1323 5280 1375 5325 ct
1424 5272 1679 5340 apparuit

61 5362 230 5417 mltis
264 5362 542 5431 apostolis
575 5361 711 5426 suis,
742 5371 795 5417 et
836 5372 1148 5431 assumptus
1178 5372 1263 5418 est
1292 5363 1345 5416 in
1383 5363 1603 5428 caelum,
1624 5374 1678 5418 et

61 5455 227 5510 cdet
264 5454 340 5508 ad
362 5454 644 5509 dexteram
666 5452 1138 5520 Patris,etrursus
1160 5456 1336 5510 veniet
1366 5469 1487 5509 cum
1506 5456 1676 5525 gloria

64 5547 328 5601 udicare
349 5546 506 5602 vivos
526 5555 581 5602 et
613 5556 875 5611 mortuos,
897 5556 951 5601 et
968 5549 1114 5617 regni
1132 5548 1248 5616 ejus
1268 5562 1371 5600 non
1393 5548 1497 5602 erit
1529 5547 1674 5601 linis.

130 5639 237 5694 XI.
274 5640 413 5694 Haec
441 5658 564 5696 cum
596 5640 889 5696 audivisset
919 5640 1136 5697 divinus
1177 5641 1450 5697 Barnabas
1482 5658 1509 5694 a
1558 5640 1673 5696 bla-

132 5758 183 5788 ¹⁶
248 5760 389 5813 Act.
434 5773 485 5809 tv
542 5755 612 5810 36
640 5774 788 5820 seqq.
871 5757 1060 5812 "Act.
1101 5773 1178 5823 vl,
1250 5758 1284 5811 8
1355 5772 1510 5824 sem.

62 5844 141 5896 ἐς,
190 5829 223 5882 4
271 5843 442 5901 ειιιη,
480 5828 776 5889 νειίωβ
824 5827 866 5856 ν
901 5830 1015 5880 Art.
1055 5844 1173 5896 xm,
1215 5833 1255 5898 ξ
1296 5842 1443 5909 ιαμ.

1637 5770 1693 5802 ι’·
1710 5767 1871 5825 liebr.
1921 5779 1960 5833 ι,
1980 5763 2034 5819 5.

1777 4624 1845 4678 de
1876 4623 2041 4679 Paulo
2093 4626 2490 4684 interﬁciendo.
2525 4629 2678 4695 Quod
2708 4646 2830 4683 eum
2868 4631 3183 4687 didicissent
3229 4647 3362 4701 apo:

1781 4715 1930 4783 stoli,
1967 4732 2089 4770 eum
2129 4719 2415 4786 miserunt,
2449 4729 2508 4774 ut
2550 4722 2605 4774 in
2649 4735 2748 4775 sua
2801 4723 2976 4790 patria
3006 4716 3381 4795 Evangeliutn,

1776 4807 2099 4875 praedicaret
2120 4847 2135 4863 .

1848 4896 1988 4952 Xlll.
2005 4897 2138 4953 Cum
2159 4913 2286 4954 vero
2310 4899 2374 4954 de
2395 4900 2502 4965 bis,
2523 4900 2613 4971 qui
2642 4910 2861 4971 propter
2876 4902 3135 4973 Stephani
3158 4904 3380 4973 caedent,

1780 4998 1947 5057 atque
1996 4990 2281 5058 angustias
2314 4991 2570 5059 diSpersi,
2605 4992 2947 5046 Antiochiam
2987 5005 3273 5059 venerant,
3304 5007 3374 5063 et,

1777 5077 1984 5134 Christi
2018 5080 2369 5150 Evangelinm
2407 5082 2852 5151 praedicaverunt,
2888 5087 3131 5140 au.litum
3166 5086 3360 5146 fuisset

1779 5171 1848 5226 ab
1901 5171 1966 5226 iis
2010 5173 2101 5241 qui
2153 5183 2308 5227 erant
2356 5171 2767 5245 Hierosolymis,
2850 5178 3078 5246 apostoli
3142 5179 3367 5243 beatnnt

1782 5265 2107 5330 Barnabam,
2135 5282 2389 5335 maguum
2415 5277 2468 5321 et
2501 5280 2774 5337 potentem
2803 5270 3003 5332 virum,
3032 5271 3098 5321 ad
3131 5272 3360 5325 sanctis-

1780 5356 1974 5410 simum
2012 5356 2293 5422 Eetlesite,
2324 5375 2444 5428 quae
2495 5360 2606 5414 illic
2640 5370 2781 5418 erat.
2814 5373 2868 5415 et
2912 5361 3113 5415 Christi
3140 5375 3375 5430 grcgenL

1781 5453 2114 5518 pascendum
2171 5452 2434 5506 miserunt
2495 5453 2562 5507 ³³.
2607 5452 2707 5520 Qui
2751 5468 2872 5506 cttnt
2922 5452 3049 5505 illuc
3099 5453 3375 5527 venisset,”

1781 5543 1950 5597 multo
1994 5541 2304 5609 adiumento
2336 5543 2431 5597 fuit
2476 5544 2788 5599 hominibus
2830 5543 3032 5598 Christi
3080 5543 3238 5597 [idem
3269 5559 3357 5596 se-

1780 5637 2070 5707 quentibus
2109 5659 2119 5691 :
2176 5637 2291 5705 ejus
2330 5638 2473 5690 cnim
2506 5637 2687 5691 divina
2747 5638 3133 5705 praedicatione
3163 5653 3225 5691 ac
3262 5636 3376 5691 ('0';

2145 5761 2187 5795 ¹⁹
2224 5756 2433 5835 Philipp
2491 5770 2551 5821 tt,
2587 5758 2639 5808 ti.
2719 5754 2914 5811 "Ibid.
2942 5756 2994 5821 8,
3024 5753 3076 5808 9.
3154 5753 3197 5783 "
3233 5752 3375 5821 Αριιι.

3510 4817 3529 4965 ἔ

3514 4976 3529 5039 ξ

3517 5070 3529 5121 ε
