3946 6318
470 362 619 429 4095

1646 347 2100 419 ALEXANDRI
2132 352 2476 416 MONACHI

3616 352 3756 421 4096

469 476 646 531 ctrina
699 472 903 529 factum
963 479 1066 535 est,
1130 476 1191 524 ut
1252 468 1419 524 multa
1472 470 1653 541 pOpuli
1709 469 1951 525 accessio
1982 469 2048 520 ad
2080 470 2125 526 A
2153 474 2505 520 contemnere
2540 473 2744 536 posset.
2787 464 3079 523 Derelictis
3129 467 3303 539 igitur
3341 468 3641 538 apostolis.
3670 486 3760 528 ra.

470 562 748 617 Christum
794 559 969 615 fleret.
1002 557 1138 615 Cum
1184 572 1312 613 vero
1363 557 1548 615 divino
1598 558 1804 629 Spiritu
1850 558 2052 613 ductus

470 655 770 718 Barnabas,
802 652 870 707 ab
914 650 1050 707 urbe
1081 651 1366 706 Antiochia
1394 666 1644 722 egressus
1677 659 1845 718 esset,
1884 648 2055 706 urbes

472 758 663 799 omnes
693 757 758 798 ac
807 742 1056 813 regiones
1102 742 1434 811 peragravit,
1462 740 1667 797 Christi
1698 740 2054 811 Evangelium

472 836 636 905 longe
688 835 904 905 lateque
977 833 1305 900 diffundens,
1387 848 1566 903 neque
1616 834 1768 903 prius
1819 831 2053 899 destitit,

473 943 638 998 quam
684 927 752 981 ad
786 926 975 982 urbem
1037 926 1265 981 Romam
1296 925 1540 981 omnium
1578 925 1870 980 maximam
1899 938 2060 980 vene-

476 1021 570 1072 rit.
628 1018 707 1072 Ex
760 1015 1028 1072 universis
1075 1018 1221 1070 enim
1272 1015 1553 1087 discipulis
1601 1014 1806 1071 Christi
1848 1013 2060 1084 primus

477 1106 830 1176 Evangelium
890 1107 943 1160 in
990 1106 1123 1161 urbe
1189 1105 1358 1160 Roma
1415 1105 1743 1176 prmdicavit.
1811 1103 2061 1173 Cumque

479 1196 631 1252 multi
714 1197 782 1252 ad
866 1196 1070 1251 ChriSti
1143 1195 1302 1251 (idem
1359 1198 1659 1259 venissent,
1724 1204 1778 1250 et
1850 1193 2060 1249 Barna—

477 1286 603 1340 bam
655 1287 831 1357 ipsum
879 1301 1091 1341 summe
1122 1289 1471 1351 honorarent,
1506 1286 1743 1339 humana
1771 1285 1941 1355 gloria
1975 1301 2064 1341 re-

476 1378 645 1446 jctta,
707 1380 847 1434 clam
914 1377 1151 1449 fugiens,
1198 1376 1370 1433 Roma
1422 1377 1581 1433 exiit.
1616 1377 1827 1432 Etenim
1868 1378 2064 1433 beatus

481 1474 575 1529 ille
612 1473 698 1528 vir
745 1473 821 1528 ita
875 1486 1066 1527 omnes
1121 1471 1389 1537 homines,
1419 1470 1509 1538 qui
1538 1477 1696 1524 erant
1732 1466 2066 1538 temporibus

477 1568 616 1631 illis,
645 1566 810 1620 animi
842 1565 1208 1620 submissione
1242 1578 1306 1619 ac
1344 1561 1612 1618 modestia
1647 1560 1961 1631 superabat,
2008 1569 2067 1615 ut

485 1660 554 1715 ad
587 1659 746 1728 hujus
780 1660 994 1714 virtutis
1021 1658 1233 1714 culmen
1265 1656 1598 1727 perveniret.
1627 1655 1683 1711 Id
1712 1655 1855 1724 quod
1884 1653 2066 1710 decla-

484 1759 573 1804 rat
603 1750 721 1820 ejus
754 1750 1008 1805 historia.
1045 1749 1179 1805 Cum
1207 1749 1353 1803 enim
1378 1748 1575 1801 divina:
1609 1745 1829 1801 Litterae
1867 1745 2067 1814 ubique

2157 572 2349 612 versus
2398 567 2481 613 est
2525 557 2959 629 Hierosolymam
2995 560 3064 613 ad
3101 570 3332 615 matrem
3390 576 3576 617 suam.
3617 563 3751 618 Cum

2156 663 2287 705 vero
2310 648 2543 719 apostoli
2563 648 2841 706 Barnabas
2861 662 2917 707 et
2932 648 3136 706 Paulus
3160 668 3300 721 opus
3320 653 3758 723 complevissent

2158 741 2227 796 ad
2256 741 2403 810 quod
2435 742 2590 798 missi
2626 741 2867 807 fuerant,
2890 752 2945 803 et
2974 743 3189 798 inllnita
3225 759 3325 814 pro
3362 745 3581 802 Christi
3636 762 3759 801 cer-

2160 836 2365 888 tamina
2388 834 2807 898 sustinuissent,
2834 843 3108 889 venerunt
3140 836 3522 904 Antiochiam,
3561 841 3711 892 unde
3731 858 3759 892 a

2160 925 2342 981 divina
2367 926 2542 997 gratia
2587 926 2740 982 missi
2767 936 2897 982 sunt
2930 928 2998 983 ad
3031 928 3551 997 gentes'9.Neeesse
3577 943 3762 985 autem

2162 1015 2265 1072 fuit
2299 1032 2493 1073 rursus
2519 1016 2790 1087 proﬁcisci
2825 1017 3259 1091 Hierosolymam
3286 1022 3352 1076 ad
3379 1021 3610 1076 Petrum
3636 1037 3765 1090 apo-

2163 1108 2359 1163 stolum
2399 1118 2622 1180 propter
2655 1109 2824 1167 falsos
2849 1111 2971 1167 illos
3002 1113 3303 1182 apostolos,
3339 1112 3436 1183 qui
3477 1115 3769 1170 docebant

2165 1200 2478 1271 discipulos,
2529 1210 2588 1257 ut
2623 1216 2682 1257 se
2709 1201 3169 1259 circmnciderent
3218 1214 3273 1258 et
3333 1204 3514 1274 legem
3571 1221 3769 1260 serva-

2167 1304 2289 1347 rent
2309 1294 2373 1347 '°.
2397 1292 2537 1349 Cum
2571 1304 2751 1350 autem
2787 1294 3006 1351 Marcus
3034 1295 3158 1350 illos
3194 1297 3265 1351 ab
3285 1296 3556 1352 omnibus
3585 1298 3768 1353 bono-

2166 1392 2315 1437 ratos
2366 1383 2599 1451 videret,
2633 1385 2887 1455 quodque
2917 1397 3041 1455 post
3078 1387 3246 1441 multa
3296 1387 3388 1442 illa
3430 1391 3675 1445 verbera
3716 1402 3771 1445 et

2165 1474 2409 1544 pericula
2444 1476 2781 1533 robustiores
2809 1477 2940 1532 facti
2971 1490 3179 1544 essent,
3213 1490 3270 1533 et
3300 1480 3540 1551 integris
3567 1498 3773 1551 corpo-

2169 1566 2323 1621 ribus
2360 1568 2568 1636 praediti
2597 1587 2611 1623 :
2642 1553 2922 1637 propriam
2970 1569 3402 1626 imbecillitatem
3439 1589 3723 1629 accusans
3751 1614 3769 1639 ,

2170 1657 2342 1713 doluit
2376 1659 2522 1726 quod
2567 1658 2771 1715 factum
2799 1676 2828 1715 a
2859 1678 2921 1716 se
2954 1663 3159 1727 fuerat,
3195 1674 3250 1718 et
3274 1665 3342 1717 ad
3372 1663 3611 1720 Paulum
3643 1670 3769 1735 qui-

2132 1730 2133 1733 d
2169 1747 2293 1803 dem
2323 1750 2498 1819 ipsum
2520 1751 2741 1806 erubuit
2767 1767 2827 1807 se
2846 1753 3117 1818 conferre,
3141 1753 3448 1809 Barnabam
3477 1772 3616 1811 vero
3636 1730 3772 1813 adiit

485 1817 664 1897 virum
713 1842 861 1896 hunc
886 1857 1008 1897 cum
1035 1841 1230 1910 primis
1257 1838 1540 1892 nominent
1567 1851 1631 1891 ac
1670 1837 1920 1901 laudent,
1952 1836 2068 1904 ipse
2100 1817 2144 1873 Β
2177 1817 2486 1909 lacrymans
2520 1858 2535 1895 :
2570 1856 2803 1912 cumque
2852 1846 2918 1898 ad
2962 1844 3081 1914 ejus
3126 1845 3289 1915 pedes
3332 1860 3394 1900 se
3441 1847 3768 1916 abjeclssct,

487 1931 694 1999 primas
725 1931 850 1985 aliis
896 1928 1224 1992 concedens.
1261 1928 1529 1984 secundas
1563 1936 1752 1996 partes
1781 1927 2067 1994 amplexus

488 2033 593 2089 est,
620 2021 908 2090 diligenter
937 2020 1178 2074 imitatus
1210 2019 1496 2073 Dominum
1529 2032 1709 2080 suum,
1751 2017 1843 2086 qui
1884 2015 2025 2071 dixit
2053 2034 2069 2071 :

489 2113 688 2168 Discite
716 2129 747 2166 a
775 2129 875 2175 me,
905 2112 1027 2182 quia
1056 2112 1198 2166 mitis
1227 2127 1345 2165 sum
1365 2120 1411 2165 et
1439 2109 1651 2163 humilis
1683 2112 1839 2163 corde
1867 2108 1937 2162 “.

561 2202 703 2258 XIV.
728 2204 923 2259 Postea
949 2202 1229 2258 cumidem
1256 2199 1531 2255 Barnabas
1549 2200 1615 2254 ad
1639 2196 1857 2270 Egypti
1882 2198 2071 2254 urbem

490 2296 877 2352 Alexandriam
914 2295 1173 2360 venisset,
1205 2302 1261 2347 et
1309 2292 1401 2347 Dei
1429 2306 1740 2347 sermonem
1776 2288 1846 2344 ibi
1878 2288 2073 2358 pradi-

492 2399 689 2454 casset,
721 2388 871 2441 illinc
903 2385 1056 2450 exiit,
1083 2398 1381 2456 peragrans
1413 2383 1671 2454 deinceps
1697 2382 1859 2437 urbes
1882 2394 2074 2436 omnes

493 2483 672 2553 quoad
722 2479 869 2534 venit
914 2478 1366 2548 Hierosolymam.
1395 2473 1551 2530 Unde
1592 2476 1755 2530 etiam
1796 2487 2072 2545 egressus,

493 2588 747 2628 reversus
792 2581 878 2628 est
931 2570 1298 2625 Antiochiam.
1353 2567 1411 2622 In
1466 2583 1572 2638 qua
1618 2583 1742 2622 cum
1775 2565 1870 2621 Dei
1899 2565 2073 2636 gratia

493 2666 793 2722 Ecclesium
849 2662 1207 2731 copiosiorem
1256 2659 1456 2714 factam
1508 2659 1756 2722 vidisset,
1785 2658 1944 2714 valde
1976 2674 2075 2729 ga-

493 2762 646 2815 visus
673 2767 778 2813 est.
816 2757 948 2811 Inde
979 2765 1161 2808 autem
1218 2752 1526 2818 discedens,
1560 2750 1793 2806 Tarsum
1828 2752 1979 2807 venit
2006 2752 2074 2819 ",

495 2853 725 2908 Paulum
772 2863 1024 2920 quaerens
1069 2865 1085 2902 :
1145 2862 1309 2918 quem
1375 2848 1680 2911 inventum,
1730 2844 2075 2902 Antiochiam

495 2946 770 3018 perduxit.
826 2941 900 2997 lbi
951 2957 1072 2996 cum
1108 2949 1280 2995 tntum
1315 2954 1519 2995 annum
1570 2937 1991 3009 tfansegissent,
2021 2947 2077 2995 et

497 3040 728 3095 multum
786 3034 1046 3107 populum
1091 3033 1157 3088 ad
1195 3032 1399 3087 Christi
1440 3033 1803 3102 disciplinam
1836 3043 2078 3088 transtu-

2174 1943 2297 1984 eum
2335 1932 2584 2002 rogabat,
2620 1944 2675 1987 ut
2710 1937 3013 2003 superioris
3036 1943 3204 1995 errati
3244 1944 3460 1997 veniam
3493 1943 3768 2010 impetra-

2175 2031 2279 2089 ret,
2314 2030 2371 2079 et
2394 2024 2514 2094 ejus
2544 2027 2801 2095 precibus
2829 2029 3038 2091 lirmior
3067 2032 3222 2088 lieret
3246 2035 3303 2090 in
3330 2042 3649 2104 posterum,
3678 2033 3766 2089 fu-

2178 2122 2357 2171 turum
2393 2119 2741 2188 promittens,
2783 2130 2842 2174 ut
2871 2123 3053 2176 omnia
3080 2126 3272 2181 mortis
3294 2141 3496 2197 genera
3521 2141 3623 2196 pro
3659 2126 3770 2181 Do-

2176 2209 2310 2264 mini
2352 2211 2523 2265 nostri
2563 2209 2690 2267 Jesu
2731 2211 2937 2269 Christi
2984 2217 3202 2272 nomine
3229 2256 3246 2282 ,
3290 2226 3545 2287 prompto
3575 2219 3770 2275 animo

2175 2299 2453 2357 sull‘erret.
2487 2301 2667 2356 Multis
2690 2304 2775 2358 bis
2796 2304 3055 2376 lacrymis
3088 2323 3321 2377 magnus
3354 2309 3445 2362 ille
3469 2310 3769 2365 virtutibus

2175 2403 2400 2447 ornatus
2420 2392 2694 2449 Barnabas
2722 2394 2980 2461 flectitur,
3015 2412 3254 2469 eumque
3302 2400 3585 2463 hortatus,
3634 2410 3695 2454 ut
3740 2416 3783 2454 π

2177 2485 2323 2539 luctu
2382 2486 2670 2540 desisteret
2702 2503 2718 2542 :
2748 2486 2906 2552 Fiat,
2950 2489 3164 2557 inquit,
3216 2495 3362 2560 quod
3412 2491 3558 2546 Deus
3610 2492 3767 2556 vult,

2181 2578 2342 2631 modo
2369 2585 2424 2630 tu
2455 2587 2679 2646 paratus
2709 2581 2788 2633 sis
2815 2590 3075 2650 przcstare
3113 2585 3257 2651 quod
3293 2586 3644 2655 promiseris.

2250 2667 2390 2723 XVI.
2412 2669 2546 2725 Cum
2576 2685 2704 2725 vero
2744 2671 2946 2740 scripta
2970 2674 3331 2744 accepissent,
3369 2691 3492 2746 qua;
3521 2677 3592 2731 ab
3624 2678 3776 2745 Apr.-

2179 2760 2335 2817 stolis
2356 2762 2410 2816 in
2440 2761 2574 2818 urbe
2600 2760 2973 2834 Hierosolyma
3000 2764 3216 2821 decreta
3254 2764 3495 2830 fuerant,
3529 2766 3771 2822 descen-

2182 2855 2379 2910 derunt
2403 2854 2773 2916 Antiochiam.
2807 2866 2864 2911 et
2897 2872 3003 2912 una
3054 2872 3177 2914 cum
3212 2856 3479 2914 fratribus
3519 2859 3775 2913 exsulu-

2180 2948 2311 3005 bant
2338 2946 2406 3001 ³⁸.
2440 2947 2655 3005 Marcus
2687 2957 2868 3005 autem
2919 2949 3068 3019 ipsos
3111 2949 3296 3017 animo
3328 2964 3525 3020 parum
3570 2948 3770 3012 ﬁdenti

2182 3050 2400 3095 secutus
2427 3048 2531 3095 est.
2555 3038 2688 3095 Post
2716 3040 2831 3096 haec
2864 3041 3042 3096 visum
3092 3051 3175 3097 est
3207 3041 3478 3096 Barnabas
3511 3050 3568 3095 et
3601 3039 3775 3096 Paule

500 3134 714 3193 lissent,
769 3141 1002 3195 eumque
1065 3126 1137 3181 ibi
1193 3126 1428 3194 primmn
1501 3124 1708 3182 Christi
1779 3125 2150 3216 discipulosc
2193 3145 2482 3202 peragrare
2530 3132 2695 3187 urbes
2750 3147 2966 3198 omnes,
3012 3142 3069 3188 et
3121 3134 3323 3188 fratres
3378 3132 3579 3187 visere.
3615 3129 3778 3186 Tunc

497 3223 846 3281 Christianos
881 3232 1189 3285 vocassent,
1236 3231 1398 3290 atque
1452 3219 1602 3275 illiue
1634 3220 1974 3290 accepissent
2008 3222 2076 3278 ab

500 3316 765 3377 Ecclesia,
819 3328 939 3383 qua:
996 3310 1320 3379 pauperibus
1366 3310 1780 3377 diSIribucrent,
1811 3313 2080 3367 ascende—

501 3417 629 3462 runt
686 3422 872 3460 rursus
934 3404 1363 3472 llierosolymam
1423 3413 1620 3471 quarto
1670 3401 1885 3457 decimo
1939 3417 2081 3457 anno

503 3510 787 3569 postquam
853 3495 1110 3549 Dominus
1146 3491 1304 3548 .lcsus
1336 3509 1553 3547 crucem
1609 3493 1855 3561 pertulit,
1887 3508 2080 3563 quem-

503 3593 791 3647 admodum
842 3590 1036 3644 scribit
1074 3587 1292 3650 Paulus,
1346 3603 1467 3641 cum
1512 3586 1686 3641 dicit:
1742 3586 2082 3652 Quatuorde-

502 3690 601 3741 cim
652 3684 805 3738 annis
854 3695 1032 3752 postea
1088 3681 1505 3750 Hierusolymam
1549 3681 1761 3733 arcendi
1795 3694 1915 3732 cum
1944 3677 2083 3732 Bar-

502 3780 642 3833 naba
670 3779 735 3834 ".
771 3777 907 3831 Cum
944 3789 1073 3829 vero
1112 3773 1473 3827 ministerium
1521 3771 1968 3840 complevisseut,
2030 3779 2086 3822 et

502 3873 661 3926 fidem
694 3886 758 3924 ac
793 3869 1074 3923 dexteram
1106 3865 1172 3919 ab
1202 3864 1461 3931 apostolis
1492 3862 1670 3915 datam
1722 3862 2080 3929 accepissent,

502 3975 561 4018 ut
598 3963 697 4031 ipsi
751 3961 816 4015 ad
874 3969 1062 4030 gentes
1110 3956 1364 4027 profecti,
1390 3955 1425 4008 ii
1460 3968 1609 4019 vero,
1640 3953 1731 4023 qui
1765 3967 1888 4007 cum
1922 3952 2083 4007 Petro

502 4063 683 4119 erant,
715 4052 1058 4109 circumcisis
1110 4050 1489 4121 praedicarent,
1529 4045 1935 4100 descenderunt
1968 4044 2082 4097 An-

504 4149 781 4213 tiochiam,
836 4144 1101 4200 habentes
1149 4140 1388 4195 Marcum
1441 4139 1752 4193 ministrum
1806 4138 1874 4191 ⁸⁷.
1932 4136 2084 4192 Missi

502 4250 682 4296 autem
728 4256 758 4293 a
806 4238 1011 4307 Spiritu
1059 4244 1252 4292 sancto
1286 4251 1353 4288 ex
1383 4234 1517 4288 urbe
1566 4231 1881 4296 Antiochia,
1920 4245 2086 4286 vene-

502 4340 631 4388 runt
677 4332 735 4385 in
780 4331 1041 4401 Cyprum,
1099 4334 1155 4382 et
1199 4334 1365 4381 totam
1419 4323 1652 4379 insulam
1698 4331 2083 4393 peragrarunt,

502 4423 779 4479 Salamina
828 4421 1067 4489 Paphum
1101 4433 1272 4488 usque
1304 4416 1659 4487 Evangelium
1694 4417 2076 4484 praedicantes,

2184 3223 2462 3279 Barnabas
2493 3221 2720 3278 Paulum
2766 3226 3011 3296 rogabat,
3044 3238 3105 3280 ut
3147 3225 3389 3281 Marcum
3421 3240 3613 3281 secum
3668 3241 3774 3279 una

2186 3315 2373 3371 venire
2405 3323 2723 3384 pateretur;
2777 3316 2976 3386 quippe
3015 3328 3239 3385 paratus
3286 3325 3434 3372 esset
3479 3332 3661 3385 usque
3711 3319 3778 3372 ad

2187 3416 2413 3462 mortem
2443 3422 2542 3476 pro
2570 3406 2770 3462 Christi
2799 3407 2903 3462 lide
2938 3418 3215 3464 certamen
3247 3407 3544 3463 sustinere.
3566 3407 3782 3463 Paulus

2186 3516 2314 3555 vero
2373 3510 2562 3555 contra
2618 3500 2843 3569 rogabat
2903 3501 3228 3566 Barnaham,
3292 3513 3353 3556 ut
3406 3518 3595 3557 secum
3670 3520 3777 3558 una

2186 3590 2426 3645 Marcum
2465 3605 2571 3646 non
2624 3591 2908 3646 haberent.
2942 3590 3083 3648 Iliuc
3112 3596 3333 3649 occasio
3356 3596 3613 3664 quaedam
3650 3608 3779 3650 nata

2186 3692 2290 3749 est,
2321 3694 2377 3736 ut
2408 3682 2636 3751 apostoli
2686 3699 2713 3735 a
2761 3699 2820 3737 se
2849 3684 3095 3740 VICI38ll“
3136 3696 3548 3755 separarentur,
3588 3689 3781 3742 divina

2187 3771 2537 3827 Providentia
2577 3771 2628 3825 id
2663 3773 2866 3828 utiliter
2895 3776 3263 3844 permittente.
3307 3777 3449 3832 Deus
3472 3777 3628 3832 enim
3663 3779 3785 3849 ipse

2186 3863 2422 3917 Marcum
2460 3864 2780 3932 populorum
2811 3876 2862 3919 et
2894 3865 3137 3935 gentium
3168 3866 3457 3920 multarum
3495 3879 3782 3936 pastorem

2187 3970 2252 4009 ac
2292 3954 2606 4025 magistrum
2634 3965 2921 4011 creaturos
2950 3967 3073 4011 erat
3106 3957 3174 4010 δι.

2258 4044 2421 4100 XVII.
2459 4045 2566 4101 Sed
2590 4062 2749 4102 nemo
2780 4049 3155 4119 imprudenter
3180 4052 3402 4121 preprio
3430 4048 3634 4105 aﬂectu
3666 4067 3786 4107 rne-

2197 4138 2385 4203 tiatur,
2444 4136 2588 4207 quod
2634 4147 2719 4194 est
2771 4138 2825 4193 in
2879 4154 3034 4195 sacra
3083 4140 3151 4195 de
3188 4140 3577 4210 Apostolorum
3638 4143 3787 4197 actis

2189 4231 2440 4293 historia,
2480 4246 2588 4300 quo
2621 4232 2743 4287 loco
2795 4232 2861 4287 de
2908 4232 3074 4287 Paulo
3112 4245 3168 4289 et
3211 4233 3466 4290 Barnaba
3516 4245 3789 4290 narratur

2188 4325 2351 4381 illud;
2383 4322 2549 4379 Facta
2577 4332 2664 4379 est
2694 4324 2962 4381 dissensio
2999 4326 3073 4380 ita
3110 4336 3168 4382 ut
3199 4328 3547 4384 discederent
3576 4330 3657 4382 ab
3700 4330 3787 4383 in-

2189 4417 2382 4471 vicem.
2422 4415 2539 4471 Non
2564 4416 2709 4471 enim
2757 4418 2823 4471 ad
2862 4418 2964 4472 hoc
2991 4418 3289 4475 iracundia:
3320 4429 3413 4474 aut
3442 4418 3658 4475 furoris
3706 4421 3789 4474 af-

498 4525 556 4569 et
587 4513 849 4569 miracula
890 4509 1154 4569 facientes
1185 4525 1198 4561 :
1255 4522 1362 4577 quo
1419 4514 1659 4575 tempore
1692 4504 1940 4577 Elymam
1977 4520 2076 4561 ex-
2112 4489 2156 4545 Ι)
2188 4505 2331 4560 fectu
2362 4505 2582 4575 impulsi
2638 4514 2770 4559 sunt
2839 4505 3043 4562 Christi
3081 4508 3310 4576 apostoli
3363 4507 3619 4579 (minime
3682 4510 3789 4565 hoc

502 4615 782 4663 cmcarunt
819 4615 875 4658 et
905 4601 1286 4669 proconsulem
1338 4598 1589 4670 Sergium
1620 4597 1846 4653 Paulum
1880 4598 1986 4656 ﬁde
2016 4600 2082 4655 il-

429 4689 435 4695 .
505 4698 839 4754 ltttuittarunl
875 4696 941 4748 ”.

542 4786 661 4842 XV.
680 4784 874 4840 Postea
895 4794 1025 4837 vero
1039 4796 1200 4852 quam
1214 4781 1413 4836 multos
1431 4782 1496 4833 ad
1510 4780 1714 4835 Christi
1734 4779 2080 4850 disciplinam

501 4886 908 4949 converterunt,
957 4890 988 4930 e
1016 4875 1194 4946 Cypro
1219 4874 1581 4937 discedentes,
1611 4881 1879 4928 venerunt
1916 4869 2084 4926 Pam-

505 4970 767 5039 phyliam.
801 4966 935 5023 Cum
977 4982 1106 5021 vero
1144 4965 1361 5021 Marcus
1394 4968 1510 5036 ipse
1548 4964 1828 5035 apostolos
1861 4963 2091 5019 vidisset

504 5078 607 5132 pro
636 5060 910 5130 Evangelii
937 5060 1320 5131 praedicatione
1351 5058 1590 5127 pericula
1635 5059 1958 5122 subeuntes,
1991 5072 2085 5112 ne-

500 5167 614 5222 que
644 5150 835 5206 honori
867 5150 1168 5213 studentes,
1203 5147 1296 5203 sed
1325 5148 1544 5201 brevem
1567 5158 1623 5202 et
1648 5146 1909 5200 caducam
1946 5146 2087 5201 hanc

505 5241 736 5314 gloriam
786 5241 1243 5309 derelinqucntes,
1290 5239 1587 5293 ad‘bellum
1615 5245 1802 5292 contra
1838 5238 2086 5292 infideles

511 5334 765 5389 homines
817 5333 1222 5402 suscipiendum
1250 5345 1567 5401 properare,
1596 5330 1713 5399 ipse
1740 5329 1806 5383 ad
1847 5329 2088 5397 pericula

503 5425 790 5480 subeunda
825 5422 1133 5478 claudicare
1182 5422 1365 5491 coepit,
1401 5420 1600 5490 quippe
1650 5419 1741 5489 qui
1775 5417 2092 5475 adolescens

504 5527 627 5573 erat
663 5515 1064 5582 formidolosus,
1108 5527 1163 5571 ct
1217 5514 1509 5570 iulirmior.
1554 5528 1715 5584 quam
1759 5522 1819 5566 ut
1863 5522 2089 5567 mortem

579 5711 626 5743 “
657 5712 843 5765 Matth.
896 5729 969 5777 Kl,
1014 5714 1104 5767 ἰεῦ.
1184 5714 1228 5743 ’⁸
1284 5713 1399 5765 Act.
1433 5710 1622 5772 v.23.

496 5782 539 5843 ,ι
567 5794 720 5847 seqq.
796 5783 841 5814 ³⁸)
876 5785 996 5839 Act.
1031 5799 1114 5844 xv,
1155 5785 1175 5837 l
1215 5798 1368 5851 seqq.
1449 5783 1487 5812 ³¹
1535 5781 1926 5851 ibtd.53.scqq.

1701 5710 1744 5741 "
1772 5710 1949 5766 Galat.
1983 5726 2042 5767 ιι.
2092 5710 2140 5761 I.

2005 5782 2047 5812 ³³
2075 5780 2272 5850 Ephes.
2314 5794 2385 5846 tv,
2417 5780 2505 5833 5l.

2186 4610 2287 4651 nos
2336 4596 2680 4666 cogitemus);
2720 4610 2843 4650 nam
2898 4597 2992 4667 qui
3044 4613 3265 4653 carnem
3313 4613 3434 4652 cum
3488 4595 3790 4653 aﬂ'ectibls

2186 4696 2242 4742 et
2287 4686 2678 4756 cupiditatibus
2709 4688 3115 4753 crucilixeruut,
3152 4691 3243 4758 qui
3296 4703 3425 4742 voce
3457 4702 3667 4756 magna
3708 4688 3786 4743 sic

2187 4795 2378 4834 omnes
2406 4778 2631 4843 Christo
2657 4780 2943 4834 credentes
2975 4782 3335 4834 admonebant
3363 4794 3378 4833 :
3404 4778 3598 4834 Omnis
3635 4798 3789 4832 ama-

2191 4871 2386 4934 ritudo,
2411 4879 2460 4924 et
2489 4871 2591 4934 ira,
2622 4881 2668 4924 el
2701 4871 3020 4940 indignatio,
3049 4882 3097 4924 et
3124 4872 3345 4932 clamor,
3372 4881 3418 4924 et
3447 4872 3791 4939 blasphemia

2192 4962 2413 5018 tollatur
2441 4980 2473 5017 a
2515 4965 2653 5017 vobis
2703 4981 2821 5017 cum
2866 4965 3011 5017 οηιηὶ
3044 4964 3253 5018 malitia
3282 4965 3368 5030 3’;
3404 4964 3499 5032 qui
3534 4965 3665 5017 fieri
3694 4982 3791 5033 pu-

2194 5064 2318 5121 test,
2357 5063 2416 5109 ut
2459 5055 2534 5108 illi
2568 5058 2666 5125 ipsi
2707 5059 2758 5109 in
2794 5055 3100 5122 huiusmodi
3130 5056 3385 5110 allectum
3428 5058 3739 5111 inciderint
3770 5059 3789 5107 ?

2195 5148 2413 5203 Scimus
2440 5158 2644 5215 autem,
2698 5160 2754 5202 et
2791 5163 2855 5202 ex
2889 5149 3087 5203 divinis
3116 5147 3337 5202 Litteris
3370 5151 3793 5203 tlissettsimlum

2199 5241 2569 5315 diversitatem
2620 5244 2992 5311 cognovimus,
3040 5252 3097 5295 et
3132 5258 3318 5295 vocem
3358 5244 3501 5295 hanc
3533 5247 3788 5314 παροξυ-

2201 5329 2337 5400 σμὸς
2374 5331 2424 5381 in
2457 5330 2654 5384 bonam
2691 5339 2902 5398 partem
2946 5328 3116 5396 accipi
3148 5329 3391 5392 solitam,
3422 5338 3482 5381 ut
3534 5346 3669 5382 cum
3720 5331 3790 5382 ait

2199 5420 2492 5492 Apostolus
2536 5438 2550 5476 :
2588 5419 2988 5476 Consideremus
3029 5421 3372 5488 nasutetipsos
3423 5420 3479 5472 iu
3527 5438 3788 5488 promu-

2200 5515 2341 5566 tione
2367 5511 2668 5578 charitatir,
2698 5521 2747 5566 et
2774 5514 3024 5565 bonorum
3050 5528 3267 5581 operum
3299 5511 3369 5563 ³³.
3416 5511 3569 5567 Talis
3613 5513 3715 5567 fui:
3742 5525 3788 5565 et

2219 5710 2262 5738 ’⁷
2301 5708 2421 5762 Act.
2460 5725 2546 5769 xv,
2578 5708 2707 5779 39.”
2747 5709 2791 5740 "
2842 5708 2957 5761 Αυι.
2992 5712 3159 5774 xut,7
3198 5725 3355 5779 seqq.

3440 5711 3488 5741 ²⁰
3517 5711 3624 5766 Act
3684 5725 3785 5773 ειν,

2586 5779 2630 5810 ⁸³
2671 5778 2833 5835 Hebr.
2872 5796 2922 5846 λ,
2954 5782 3043 5833 “ll.
