3946 6318
192 291 335 357 ’1097

200 497 280 553 lus
315 499 461 553 enim
498 512 812 557 accuratam
852 520 1141 565 censuram
1178 517 1514 584 requirebat,
1551 530 1778 591 aposto-

178 591 314 645 lica:
345 591 667 660 professioni
700 602 1155 659 convenientem:
1207 606 1486 665 Barnabas
1532 626 1665 667 vero
1710 616 1777 669 ad

198 686 587 740 humanitatem
616 692 936 757 propensior
968 704 1084 749 erat
1112 712 1128 762 ;
1164 700 1523 768 quamobrem
1554 714 1610 760 et
1638 705 1778 762 Mar-

180 792 317 831 ~cum
347 794 531 833 secum
569 780 795 847 habens,
824 785 879 839 in
907 786 1143 858 Cyprum
1168 793 1444 863 navigavit
1468 796 1536 854 ³⁸.

249 864 505 926 "XXVIII.
538 871 784 943 Cumque
811 892 930 930 eam
960 879 1190 935 insulam
1224 892 1391 938 totam
1411 898 1774 959 peragrasset,

195 961 421 1030 populos
444 963 643 1019 multos
692 966 759 1020 ad
813 966 1016 1024 Christi
1061 971 1217 1028 iidem
1253 979 1540 1047 convertit,
1573 990 1630 1035 et
1678 982 1773 1034 Sa-

178 1053 452 1111 laminam
494 1059 662 1124 venit,
695 1060 785 1114 ubi
831 1063 1107 1134 paulisper
1164 1078 1407 1141 moratus
1453 1080 1557 1139 est,
1608 1075 1777 1129 edens

177 1149 481 1215 zmiracula,
535 1161 590 1206 et
651 1153 956 1221 praedicans
1014 1174 1240 1228 regnum
1297 1158 1447 1216 Dei:
1509 1180 1616 1233 quo
1656 1167 1777 1222 loco

181 1240 366 1296 ‘turbte
398 1242 580 1299 multa:
617 1245 684 1300 ad
713 1245 917 1302 Christi
951 1249 1108 1304 Iidem
1154 1267 1524 1312 accesserunt.
1581 1259 1775 1329 Dispu-

196 1331 341 1387 tabat
369 1345 550 1390 autem
575 1353 697 1393 cum
722 1337 923 1396 Judaais
955 1341 1009 1396 in
1038 1359 1308 1417 synagoga
1343 1349 1595 1404 omnibus
1634 1349 1773 1406 Sab-

192 1422 354 1490 batis,
418 1428 723 1484 divinarum
792 1430 1124 1489 Litterarum
1198 1437 1526 1495 testimoniis
1587 1439 1773 1496 Jesmn

194 1513 475 1575 Christum
506 1521 659 1578 illum
694 1538 817 1579 esse
854 1526 1116 1594 probans,
1144 1543 1304 1599 quem
1337 1529 1480 1588 Deus
1509 1535 1776 1604 promise-

193 1619 297 1663 rat.
333 1610 535 1671 Omnes
569 1623 753 1671 autem
786 1616 1095 1674 Barnabam
1128 1622 1521 1679 reverebantur
1552 1638 1776 1697 propter

189 1701 430 1756 divinam
481 1704 773 1772 quamdam
815 1706 1177 1776 honestatem,
1225 1725 1345 1778 qua:
1393 1712 1445 1766 in
1484 1713 1628 1769 illius
1681 1730 1770 1769 as-

186 1805 344 1865 pectu
376 1797 611 1867 vigebat.
648 1798 780 1853 Erat
825 1801 969 1856 enim
1003 1802 1115 1859 oris
1147 1807 1329 1873 specie
1364 1807 1529 1864 valde
1558 1812 1766 1879 gravis,

187 1889 377 1944 habitu
418 1904 482 1946 ae
512 1900 662 1947 veste
700 1892 988 1948 admodum
1014 1896 1184 1960 tenui,
1217 1901 1520 1967 cujusmodl
1548 1901 1765 1958 illorum

182 1996 290 2052 est,
316 1987 405 2056 qui
432 1986 654 2044 delicias
682 1988 1024 2057 abjicienles.
1046 1992 1098 2047 in
1128 1994 1344 2050 virtutis
1371 1997 1768 2055 exercitatione

187 2087 497 2135 versantur.
556 2079 687 2134 Erat
743 2083 1052 2151 superciliis
1104 2089 1430 2156 contractis,
1482 2098 1538 2145 et
1592 2090 1767 2148 oculis

165 2172 516 2227 'hilaritatem
548 2189 659 2242 pra:
689 2188 750 2230 se
780 2173 1103 2245 ferentibus,
1147 2194 1253 2234 non
1289 2190 1500 2238 torvum
1535 2183 1761 2253 aliquid,

186 2267 277 2320 sed
301 2279 471 2336 grave
501 2266 758 2335 quiddam
787 2267 839 2323 in
875 2282 935 2325 se
981 2271 1330 2340 habentibus,
1366 2281 1417 2328 et
1450 2283 1766 2330 reverenter

185 2358 475 2412 admodum
524 2358 784 2415 deorsum
836 2363 1230 2429 spectantibus.
1267 2346 1393 2420 dris
1418 2366 1678 2422 honestas
1711 2378 1765 2424 et

184 2448 335 2505 labra
367 2450 587 2517 decora,
620 2449 796 2506 mellis
823 2454 1154 2509 suavitatem
1199 2454 1542 2522 distillantia,
1577 2457 1631 2511 in
1666 2473 1763 2515 eo~

184 2542 306 2597 dem
350 2541 443 2597 illo
467 2542 701 2597 inerant.
730 2542 847 2597 Non
902 2544 1046 2599 enim
1103 2545 1305 2615 aliquid
1351 2562 1591 2617 unquam
1633 2565 1760 2620 pro-

184 2635 491 2699 nuntiabat,
518 2634 659 2704 quod
687 2635 824 2690 foret
846 2649 1337 2705 supervacaneum.
1362 2638 1491 2710 Ejus
1517 2640 1765 2698 incessus

162 2725 534 2794 compositus,
567 2732 621 2780 et
650 2725 717 2781 ab
746 2726 1113 2782 ostentatione
1145 2727 1377 2797 alienus,
1410 2738 1556 2787 totus
1587 2733 1758 2788 deni-

180 2833 284 2886 que
324 2819 472 2872 numi
501 2833 566 2873 ex
605 2826 761 2888 parte
801 2820 1076 2887 apostolus
1114 2818 1395 2879 Barnabas
1449 2833 1567 2879 erat
1630 2833 1759 2885 tan-

178 2926 345 2981 quam
381 2920 523 2966 recta
565 2910 810 2980 quaedam
834 2910 931 2967 Dei
965 2910 1244 2981 columna,
1285 2914 1528 2968 omnium
1566 2915 1746 2969 virtu-

166 3016 290 3056 tum
321 3002 573 3069 splendor
595 3003 840 3059 illustris.

1178 308 1574 377 LAUDATIO
1618 316 1699 379 IN
1738 318 1990 385 APOST.
2036 326 2471 393 BARNABAM.

198 406 452 476 apostolis
479 407 774 465 disSiden'di
813 414 972 480 ratio,
1010 416 1122 474 hoc
1151 432 1258 488 est,
1293 424 1384 479 Dei
1423 429 1594 485 zelus.
1624 433 1767 485 Pau-
1800 440 1843 494 Α
1876 437 2008 492 riter
2070 442 2345 508 praeterire

3324 345 3467 411 4098

2388 463 2401 498 :
2457 443 2623 500 futuri
2670 435 2800 503 vero
2870 451 3015 509 illius
3076 457 3256 511 saeculi
3324 459 3467 516 bona

1883 542 2098 599 semper
2117 531 2170 586 in
2195 534 2384 589 eodem
2410 545 2553 590 statu
2583 552 2932 607 permanere,
2962 556 3165 603 aeterna
3217 558 3272 604 et
3302 550 3467 607 linem

1884 619 2090 676 nullum
2125 623 2401 682 habentia.
2454 626 2643 697 Neque
2697 633 2841 687 enim
2908 652 3139 708 regnum
3202 641 3465 697 coriorum
3553 687 3557 691 .

1882 713 2174 783 aliquando
2201 720 2481 784 printer-ire
2521 724 2722 790 poterit
2756 740 2768 778 :
2798 742 2974 797 neque
3029 728 3291 797 judicium
3332 733 3465 790 illud

1834 806 1835 809 “
1882 805 2041 859 linem
2076 806 2317 873 habebit,
2355 813 2451 867 sed
2503 828 2719 884 semper
2748 819 2872 883 erit,
2907 821 2990 876 his
3029 822 3122 892 qui
3182 829 3461 893 peccando

1882 896 2044 950 vitam
2076 908 2477 968 transegeruut,
2516 905 2882 962 immortalem
2925 925 3140 980 pmnam
3194 914 3452 976 atterens.

1879 997 1932 1041 et
1966 988 2125 1044 linem
2179 990 2382 1046 nullum
2422 994 2753 1053 habituram.
2798 999 2928 1056 Date
2987 1003 3154 1074 igitur
3212 1020 3457 1076 Operam,

1882 1090 1940 1135 ut
1969 1082 2087 1138 sine
2113 1085 2270 1156 culpa
2297 1096 2350 1141 et
2379 1086 2499 1143 labe
2534 1088 2590 1145 in
2637 1090 2723 1145 die
2782 1092 2876 1148 illo
2924 1105 3169 1152 extremo
3217 1099 3462 1154 invenia-

1879 1175 2035 1240 mini,
2070 1190 2138 1229 ne
2169 1177 2221 1230 in
2255 1178 2557 1247 gehennam
2596 1185 2987 1255 sempiternam
3035 1189 3321 1246 decidatis.
3352 1191 3463 1246 illc-

1880 1268 2051 1322 moria
2090 1270 2339 1338 repetite,
2376 1282 2507 1341 quot
2538 1275 2690 1345 signa
2720 1286 2775 1332 et
2808 1279 3050 1349 prodigia
3080 1295 3177 1350 per
3226 1299 3310 1337 me
3342 1299 3460 1339 ser-

1879 1372 2002 1411 vum
2030 1372 2189 1413 suum
2228 1359 2368 1417 Dens
2405 1364 2521 1432 ipse
2556 1367 2699 1436 apud
2728 1384 2826 1423 vos
2848 1368 3112 1439 eﬂ'ecerit,
3162 1383 3216 1427 et
3243 1389 3339 1443 pro
3375 1390 3462 1431 me

1881 1448 2045 1504 Deum
2074 1461 2246 1507 orate.
2299 1452 2413 1524 Ego
2466 1457 2612 1510 enim
2645 1457 2870 1528 jamjam
2912 1462 3278 1520 immolandus
3311 1480 3455 1533 sum,

1876 1547 1931 1594 et
1964 1550 2173 1611 tempus
2205 1544 2335 1600 illud
2362 1561 2529 1616 prope
2553 1559 2662 1614 est,
2693 1566 2802 1618 quo
2834 1553 2901 1608 ab
2937 1553 3039 1609 hoc
3091 1570 3322 1626 corpore
3349 1558 3461 1615 dis-

1876 1630 2163 1688 solvendus
2192 1648 2332 1700 sum,
2364 1638 2505 1691 sicut
2537 1638 2797 1694 Dominus
2825 1652 3012 1698 noster
3034 1641 3190 1701 Jesus
3205 1646 3459 1706 Christus

1878 1722 2008 1776 tnihi
2047 1722 2393 1795 signiﬁcavit.
2423 1727 2630 1783 Bonum
2661 1741 2929 1805 certamen
2988 1740 3209 1806 certavi,
3243 1756 3458 1795 cursant

1875 1818 2258 1881 consummavi,
2280 1819 2435 1886 ﬁdem
2457 1824 2665 1877 servavi
2693 1841 2712 1879 :
2750 1842 2891 1879 nunc
2923 1829 3156 1896 reposita
3207 1833 3334 1885 mihi
3367 1833 3455 1887 'est

1871 1922 2064 1963 corona
2088 1909 2337 1978 justitite,
2371 1929 2473 1967 non
2501 1914 2671 1969 solum
2703 1926 2883 1972 autem
2916 1921 3048 1974 mihi
3081 1923 3173 1977 sed
3201 1932 3253 1978 et
3282 1927 3456 1978 omni-

1870 1999 1966 2056 bus
1993 2002 2084 2071 qui
2119 2014 2331 2072 propter
2369 2001 2568 2059 Christi
2600 2007 2979 2077 corJeaaionem
3005 2021 3266 2069 certamen
3292 2017 3458 2070 susti-

1871 2090 2080 2143 nuerint
2111 2091 2178 2145 ³⁷.

1940 2181 2061 2236 XX.
2097 2182 2222 2239 Haec
2244 2200 2366 2240 cum
2401 2186 2652 2254 dixisset,
2682 2205 2790 2245 una
2820 2205 2941 2246 cum
2974 2193 3232 2249 omnibus
3284 2196 3454 2251 Deum

1866 2274 2431 2345 oravit:mnltusque
2484 2278 2646 2334 ﬂetus
2694 2281 2978 2337 hominum
3041 2283 3260 2353 I'uit,‘eo
3308 2290 3453 2359 quod

1868 2367 2155 2436 Apostolus
2189 2368 2276 2422 ille
2307 2369 2526 2425 dixerat
2588 2380 2804 2440 tempus
2857 2390 3023 2446 prope
3081 2392 3225 2445 esse,
3286 2394 3452 2448 quoa

1867 2472 2095 2527 corpore
2125 2459 2504 2517 dissolvendus
2534 2462 2697 2522 foret.
2730 2464 3013 2524 Barnabas
3042 2484 3172 2525 vero
3203 2487 3326 2527 cum
3353 2488 3452 2543 pa-

1866 2563 1989 2603 nem
2023 2560 2077 2605 et
2120 2552 2344 2607 calicem
2408 2556 2754 2626 sumpsisset,
2803 2569 2859 2615 et
2923 2562 3091 2617 divini
3150 2565 3447 2621 ministerii

1864 2642 2112 2698 ordinem
2170 2655 2337 2701 totum
2379 2648 2785 2718 complevisset,
2844 2668 2951 2709 una
3008 2671 3130 2710 cum
3190 2654 3453 2712 fratribus

1865 2736 2135 2804 particeps
2169 2737 2346 2793 factus
2368 2748 2451 2795 est
2505 2740 2861 2798 Eucharistiae
2906 2746 3309 2815 mysteriorum.
3334 2746 3452 2814 Quo

1865 2826 2011 2882 facto
2050 2827 2292 2884 Marcum
2319 2846 2505 2887 secum
2543 2833 2749 2889 habens
2787 2837 3037 2901 secessit,
3072 2848 3127 2891 et
3170 2838 3273 2907 ipsi
3303 2854 3456 2893 scor-

1865 2932 1984 2972 sum
2018 2918 2200 2974 dixit:
2243 2920 2411 2975 llodie
2461 2922 2762 2978 inﬁdelium
2820 2925 3137 2981 .ludaeorum
3204 2930 3454 2984 manibus

1868 3026 1953 3066 me
1981 3015 2350 3068 consummari
2387 3023 2643 3082 oportet:
2680 3025 2735 3070 tu
2775 3032 2903 3071 vero
2954 3027 3107 3072 extra
3140 3020 3452 3073 «civitatem

229 3095 394 3152 'XIX.
430 3096 528 3153 lIic
564 3113 689 3153 cum
717 3098 769 3152 in
797 3097 930 3152 urbe
965 3096 1243 3153 Salamina
1301 3098 1504 3155 Christi
1557 3098 1760 3169 praedi-
1788 3123 1833 3184 ο
1866 3102 2205 3158 occidentem
2242 3118 2432 3160 versus
2473 3106 2752 3173 egredere,
2791 3115 2847 3162 et
2910 3123 3108 3178 corpus
3150 3124 3334 3163 meum
3363 3110 3453 3164 in-

164 3191 447 3246 cntionem
482 3191 721 3256 doceret,
758 3198 1029 3246 venerunt
1060 3206 1091 3245 e
1120 3190 1276 3261 Syria
1312 3189 1483 3247 iudici
1512 3193 1758 3262 quidam,

178 3284 270 3354 qui
296 3277 587 3340 maiedicta
620 3284 673 3338 in
707 3298 829 3339 eum
866 3283 1246 3353 conjicientes,
1279 3296 1510 3354 qu‘azque
1547 3287 1615 3341 ab
1667 3288 1761 3343 illo

176 3377 506 3433 "dicebantur
568 3385 964 3447 oppugnantes,
1047 3375 1259 3430 turbam
1321 3386 1518 3431 contra
1570 3377 1755 3448 ipsum

161 3470 581 3534 ~excitaverunt,
615 3468 972 3523 criminantes
1020 3466 1155 3523 nihil
1210 3469 1323 3522 veri
1373 3472 1442 3525 ab
1478 3485 1564 3547 _eo
1613 3470 1758 3526 diei:

183 3563 280 3618 sed
310 3576 472 3632 quem
499 3561 617 3630 ipse
650 3559 835 3615 Jesurn
865 3558 1141 3615 Christum
1189 3560 1360 3618 fuisse
1375 3561 1602 3627 diceret,
1636 3578 1760 3618 eum

180 3655 427 3711 fallacem
470 3653 759 3724 quemdam
795 3642 1094 3719 hominem,
1129 3663 1183 3710 et
1211 3654 1323 3710 Deo
1391 3656 1489 3726 ipsi
1544 3669 1763 3715 contra-

180 3747 319 3802 rium
348 3745 537 3811 fuisse,
575 3743 770 3814 legem,
802 3745 1097 3813 prophetas
1122 3754 1175 3798 et
1207 3744 1428 3799 Sabhati
1461 3747 1760 3802 observan-

183 3842 320 3896 tiam
355 3839 759 3910 reprobantem.
800 3837 963 3891 Iidem
998 3847 1052 3892 et
1086 3837 1355 3895 Barnab:e
1391 3841 1758 3906 interﬁciendi

175 3931 641 4002 opportunitatem
687 3930 1065 3984 observabant.
1101 3929 1335 3986 Sanctus
1381 3947 1509 3987 vero
1558 3934 1759 3990 Christi

177 4020 460 4089 apostolus
498 4017 802 4082 Barnabas,
829 4033 951 4072 cum
1009 4031 1203 4073 omnes
1268 4020 1468 4076 fratres
1526 4038 1757 4090 congre-

175 4121 359 4183 gasset
388 4130 402 4169 :
431 4108 557 4171 Vos,
591 4110 784 4181 inquit,
818 4111 972 4165 scitis
1001 4113 1272 4181 quomodo
1329 4131 1431 4167 una
1474 4117 1757 4171 vobiscum

175 4206 325 4261 omni
350 4214 592 4274 tempore
615 4216 862 4258 versatus
896 4202 1114 4270 luerim,
1170 4220 1618 4277 unumquemque
1644 4210 1759 4262 ad-

178 4311 407 4351 monens
430 4306 486 4352 et
519 4295 765 4361 hortans,
797 4294 936 4350 utin
1001 4296 1177 4365 gratia
1207 4304 1262 4350 et
1318 4296 1529 4352 Domini
1585 4300 1757 4354 nostri

176 4388 308 4445 Jesu
342 4388 545 4445 Christi
600 4387 704 4442 ﬁde
749 4395 1070 4442 constanter
1130 4390 1519 4457 permaneatis,
1554 4401 1609 4446 et
1638 4393 1755 4461 ejus

175 4493 445 4557 prrecepta
472 4482 800 4547 observetis,
832 4490 887 4537 et
920 4482 986 4536 ab
1014 4481 1159 4536 omni
1201 4497 1369 4551 pravo
1398 4500 1564 4554 opere
1601 4502 1755 4541 men-
1787 4462 1831 4517 θ

179 4587 286 4632 tem
316 4586 369 4633 et
391 4592 581 4632 manus
602 4574 925 4633 eohibeatis.
980 4573 1226 4644 Namque
1285 4588 1504 4644 oportet
1563 4594 1756 4635 omnes

177 4685 280 4726 nos
307 4669 424 4725 sisti
453 4677 580 4724 ante
615 4668 849 4722 tribunal
876 4667 1077 4723 Christi
1106 4669 1175 4733 ³⁵,
1232 4676 1291 4721 ιιι
1326 4668 1551 4738 recipiat
1591 4686 1759 4725 unus-

174 4762 412 4832 quisque
476 4760 696 4832 propria
745 4760 994 4829 corporis
1046 4761 1152 4827 sui,
1201 4775 1321 4830 qua:
1381 4760 1590 4828 iecerit,
1644 4763 1761 4819 sive

175 4854 343 4920 bona,
376 4853 491 4908 sive
519 4852 660 4907 mala
696 4871 709 4907 :
744 4853 988 4922 praeterit
1018 4854 1163 4908 enim
1203 4853 1373 4924 ﬁgura
1408 4856 1591 4910 mundi
1654 4857 1759 4911 bu-

168 4945 288 5014 jus,
315 4954 369 4998 et
401 4943 665 4998 Dominus
701 4951 964 4998 venturus
993 4951 1078 4997 est
1116 4944 1182 4998 de
1236 4944 1377 4999 coelo
1403 4943 1651 5012 judicare
1680 4948 1759 5002 vi-

175 5050 277 5090 vos
307 5043 362 5088 et
389 5044 653 5089 mortuos.
684 5032 860 5088 Nolite
884 5034 1046 5104 igitur
1061 5036 1390 5107 negligentes
1410 5052 1552 5106 esse,
1583 5041 1763 5095 scien-

164 5139 285 5193 tes,
325 5127 466 5197 quod
499 5142 606 5195 qtta
639 5127 770 5182 hora
806 5141 917 5181 non
970 5128 1188 5195 putatis,
1259 5128 1523 5184 Dominus
1580 5142 1763 5187 noster

172 5221 361 5276 veniet
392 5218 458 5272 ".
488 5216 785 5273 jErumnas
831 5227 887 5272 et
919 5218 1138 5275 labores
1172 5220 1411 5275 libenter
1445 5222 1762 5291 perferatis,

175 5313 344 5369 corda
374 5322 552 5368 vestra
587 5327 681 5381 spe
706 5310 1121 5377 conﬁrmantes,
1154 5314 1296 5382 quod
1351 5315 1620 5371 adventus
1652 5317 1757 5371 Do-

178 5407 314 5461 mini
342 5422 508 5476 prope
533 5405 623 5459 sit.
658 5403 1036 5459 Recordemini
1065 5420 1185 5475 qua:
1212 5406 1364 5461 vobis
1415 5422 1559 5477 saepe
1623 5410 1758 5475 dixi,

162 5500 468 5568 praesentis
511 5499 633 5552 vitae
670 5513 781 5561 res,
838 5496 953 5552 sive
1009 5512 1305 5567 prosperae,
1359 5500 1473 5554 sive
1523 5503 1766 5558 adversm

168 5594 318 5659 .sint,
346 5592 537 5646 breves
552 5600 618 5644 .et
647 5590 879 5645 caducas
907 5604 1049 5657 esse,
1108 5592 1400 5662 omniaque
1461 5592 1577 5647 haec
1618 5595 1764 5649 cele-

240 5769 303 5801 ~"
329 5768 450 5824 Act.
486 5783 576 5834 xv,
607 5766 677 5824 ’59
750 5768 793 5801 ³⁸
826 5766 867 5822 Il
908 5766 1034 5823 Cor.
1062 5783 1113 5835 v,
1152 5768 1240 5826 lO.

1318 5769 1359 5803 ³⁸
1412 5770 1542 5827 Luc.
1574 5788 1671 5837 xu,
1710 5774 1792 5830 iO.

1870 3194 2054 3250 venies
2091 3214 2104 3249 :
2141 3198 2281 3265 quod
2346 3212 2467 3252 cum
2525 3198 2835 3267 sepelieris,
2872 3200 2958 3254 exi
2991 3214 3021 3254 e
3048 3199 3251 3271 Cypro.
3281 3209 3338 3256 et
3385 3201 3454 3256 ad

1866 3284 2091 3341 Paulum
2124 3287 2495 3356 proﬁciscere,
2528 3298 2583 3342 et
2622 3300 2741 3344 esto
2776 3305 2899 3344 cum
2947 3291 3057 3355 illo,
3107 3294 3289 3373 quoad
3348 3293 3452 3348 Do-

1868 3381 2045 3434 minus
2079 3394 2168 3434 res
2238 3390 2359 3434 tuas
2407 3381 2744 3449 disposuerit
2800 3399 2814 3435 :
2859 3382 3101 3436 luturtnn
3142 3386 3302 3456 enim
3345 3393 3451 3446 est,

1866 3482 1926 3527 nt
1960 3487 2152 3527 nomen
2184 3488 2362 3527 meum
2391 3488 2490 3543 per
2545 3480 2718 3526 totum
2789 3474 2979 3530 orbem
3042 3487 3309 3531 terrarum
3368 3477 3454 3532 di—

1865 3564 2135 3635 Vulgelur.

1938 3656 2078 3711 XXI.
2113 3657 2240 3712 Post
2276 3658 2391 3712 haec
2439 3657 2720 3728 ingressus
2744 3667 2822 3712 est
2862 3658 3141 3713 Barnabas
3178 3661 3229 3714 in
3290 3676 3452 3731 syna-

1864 3768 2075 3825 gogam,
2103 3766 2158 3806 et
2203 3752 2420 3806 Judteos
2465 3753 2610 3821 ipsos
2661 3752 2909 3818 docebat,
2945 3752 3050 3806 illis
3110 3754 3453 3822 persuadere

1864 3846 2086 3903 studens
2151 3845 2438 3899 Dominum
2473 3844 2654 3899 .Iesum
2711 3859 2834 3900 esse
2888 3843 3164 3900 Christum
3221 3847 3455 3902 viventis

1865 3938 1957 3992 Dei
1988 3937 2203 3992 Filium.
2239 3937 2315 3991 Illi
2362 3953 2487 3991 vero
2511 3935 2704 4001 Judazi,
2744 3938 2836 4006 qui
2865 3952 2896 3992 e
2920 3937 3077 4008 Syria
3112 3939 3241 3993 illuc
3294 3954 3450 3994 vene-

1864 4040 2008 4099 rant,
2049 4034 2233 4086 furore
2290 4031 2503 4099 perciti,
2556 4046 2589 4084 e
2652 4046 2929 4102 synagoga
2981 4043 3362 4100 surrexerunt,
3398 4043 3453 4088 et

1863 4125 2115 4180 manibus
2141 4126 2191 4178 in
2222 4139 2343 4178 eum
2368 4124 2649 4191 conjectis,
2716 4124 2770 4179 in
2829 4125 3118 4178 obscuram
3158 4125 3451 4195 quamdam

1867 4232 2157 4289 synagoga:
2190 4215 2332 4270 illius
2368 4216 2556 4271 cellam
2610 4232 2781 4286 usque
2819 4219 2884 4270 ad
2949 4217 3171 4271 multam
3237 4227 3451 4273 notteut

1864 4310 2258 4364 custodierunt.
2292 4307 2537 4377 Cumque
2589 4307 2741 4362 illum
2803 4310 3144 4373 eduxissent,
3174 4319 3226 4365 et
3265 4310 3451 4364 multis

1865 4399 2199 4453 cruciatibus
2224 4397 2557 4465 aﬂ‘ecissent,
2609 4410 2886 4470 postremo
2946 4403 3141 4457 nefarii
3203 4404 3452 4459 homines

1860 4490 2546 4559 enmdemlapidaverunt,
2615 4502 2677 4546 et
2734 4508 2967 4547 accenso
3022 4510 3153 4562 rogo
3216 4494 3449 4562 quodam

1862 4597 2080 4651 magno,
2117 4581 2332 4636 beatum
2364 4582 2632 4638 Barnabas
2670 4600 2874 4653 corpus
2903 4586 2954 4637 in
3006 4600 3129 4639 eum
3201 4586 3455 4655 conjece-

1862 4684 2012 4738 runt,
2039 4682 2098 4726 ut
2137 4673 2297 4727 nulla:
2333 4674 2504 4743 ipsius
2539 4675 2789 4745 reliquiae
2861 4687 3235 4745 superessent.
3267 4676 3454 4731 Divina

1862 4780 1992 4820 vero
2012 4764 2363 4821 Providentia
2395 4765 2600 4821 factum
2632 4779 2741 4833 est,
2772 4778 2831 4821 ut
2860 4771 3087 4839 apostoli
3149 4786 3346 4839 corpus
3379 4771 3457 4824 in-

1868 4869 2074 4929 tegrum
2100 4872 2472 4927 permaneret,
2510 4876 2685 4931 neque
2719 4862 2787 4915 ab
2827 4863 2951 4931 igne
2993 4864 3110 4932 ipso
3147 4864 3453 4917 latderetnr.

1869 4950 2082 5005 Marcus
2113 4951 2296 5021 igitur,
2334 4960 2392 5005 ut
2420 4951 2703 5007 Barnabas
2770 4965 3129 5023 pra-ceperat,
3180 4964 3332 5009 extra
3364 4971 3457 5010 nr-

1874 5042 1996 5096 bem
2034 5058 2286 5112 egressus
2340 5043 2684 5099 occidentem
2719 5062 2908 5102 versus
2956 5063 3079 5103 cum
3128 5050 3455 5118 quibusdam

1872 5136 2152 5201 fratribus,
2187 5137 2445 5207 reliquias
2492 5139 2669 5193 sancti
2737 5139 2997 5196 Barnaba:
3033 5142 3173 5197 clam
3208 5143 3454 5208 abstulit,

1869 5236 1923 5281 ct
1946 5228 1997 5281 in
2024 5229 2278 5298 spelunca
2306 5231 2564 5298 quadatn,
2585 5231 2779 5287 Stadiis
2803 5232 2917 5288 fere
2950 5234 3190 5302 quinque
3221 5236 3289 5287 ab
3320 5236 3456 5291 nrie

1869 5319 2127 5385 distante,
2159 5321 2430 5388 sepelivit.
2462 5320 2582 5375 Mox
2633 5321 2685 5374 in
2724 5324 2913 5377 urbem
2973 5324 3199 5390 reversi,
3235 5325 3456 5394 planctu

1872 5422 1925 5464 et
1957 5411 2210 5481 lacnymis
2237 5427 2360 5465 eunt
2396 5414 2668 5481 prosecuti
2702 5424 2849 5468 sunt.

1949 5501 2110 5556 XXII.
2165 5503 2258 5556 Illo
2290 5514 2473 5558 autem
2513 5515 2753 5575 tempore
2795 5516 2985 5561 contra
3033 5506 3322 5561 Salamina:
3361 5522 3453 5561 ur-

1874 5595 1955 5649 bis
1986 5593 2280 5648 Et-clcsiam
2320 5597 2630 5663 persecutio
2686 5612 2880 5668 magna
2915 5609 3184 5654 commota
3209 5606 3314 5664 est,
3342 5613 3452 5654 om-

1872 5778 1912 5808 ³⁷
1956 5775 1996 5830 ll
2027 5775 2165 5832 Tim.
2192 5792 2263 5843 tv,
2309 5778 2363 5847 7,
2395 5777 2450 5835 8.

2873 5846 2921 5885 ἀ.
