3946 6318
520 259 661 324 ἆῦ99

1680 262 2126 327 ALEXAND!“
2158 266 2509 328 MONACHI

3663 253 3793 319 i100

520 383 727 441 aesque
748 367 841 424 alii
867 368 975 424 alio
1004 368 1233 438 dispersi
1254 374 1401 423 sunt.
1432 368 1619 439 Itaque
1647 373 1824 428 sancti
1858 372 2091 441 apostoli
2126 378 2169 430 Α
2198 373 2376 445 debat.
2417 373 2603 441 Itaque
2634 370 2823 425 Petrus
2853 368 2943 447 ille
2971 382 3093 424 cum
3124 364 3408 437 religionis
3446 364 3643 434 specie
3672 382 3795 434 qua.

522 461 783 518 Barnabas
826 461 1130 530 sepulcrum
1164 460 1362 515 deinde
1390 463 1633 533 ignotum
1681 473 1821 518 erat.
1870 462 2105 520 Proinde

531 553 743 609 Marcus
766 570 888 609 cum
924 570 955 608 e
983 553 1163 623 Cypro
1205 555 1532 625 navigasset,
1578 558 1644 611 ad
1679 557 1903 613 Paulum
1936 559 2103 621 venit,

531 646 622 716 qui
651 657 767 701 erat
794 645 1012 715 Ephesi,
1043 660 1279 714 eumque
1307 648 1373 702 de
1413 645 1674 703 Barnaba:
1698 649 1959 720 martyrio
1987 664 2107 706 cer-

531 738 722 792 tiorem
758 738 905 793 fecit.
942 737 996 791 Id
1037 752 1158 792 cum
1199 736 1285 790 illa
1321 739 1635 805 audivisset,
1671 741 2017 811 lacrymavit,
2051 749 2103 794 et

526 832 765 885 Marcum
821 845 1005 885 secum
1061 833 1253 886 tenuit.
1305 829 1499 887 Postea
1550 848 1680 888 vero
1737 849 1863 888 cum
1913 832 2106 889 Petrus

525 921 803 989 apostolus
850 922 1029 975 divina
1070 922 1403 976 revelatione
1453 923 1637 990 jussus
1675 935 1825 981 esset
1879 923 2141 981 Romam

527 1010 821 1079 proﬁcisci,
857 1026 1041 1064 secum
1079 1014 1231 1067 duxit
1260 1022 1314 1067 et
1351 1014 1612 1081 Marcum,
1638 1031 1800 1083 quem
1839 1018 2105 1084 quodam-

529 1101 688 1153 modo
724 1101 826 1153 sibi
875 1101 1042 1153 lilium
1094 1111 1377 1170 genuerat.
1429 1101 1506 1155 Illi
1541 1119 1661 1157 cum
1689 1113 1870 1159 essent
1897 1106 1947 1157 itt
1972 1106 2107 1160 urbe

529 1188 721 1253 Roma,
756 1190 1105 1260 Evangt-liutu
1152 1192 1373 1248 Marcus
1425 1196 1749 1264 conscripsit
1780 1214 1793 1250 :
1832 1199 1972 1264 quod
2005 1196 2107 1251 Pe-

528 1290 648 1335 trus
679 1283 956 1348 apostolus
1007 1285 1157 1353 legit,
1186 1292 1242 1337 et
1274 1285 1457 1338 divino
1491 1285 1697 1352 Spiritu
1728 1289 1989 1355 scriptum
2016 1304 2108 1343 co—

530 1373 715 1441 gnovit
756 1385 919 1442 atque
953 1374 1292 1443 approbavit.
1329 1374 1516 1445 Itaque
1544 1376 1784 1432 Marcum
1806 1379 1982 1446 ipsum
2010 1396 2108 1450 per

530 1479 791 1518 manuum
818 1467 1214 1534 impositionem
1252 1469 1545 1535 ordinavit,
1578 1478 1632 1522 et
1662 1478 1714 1524 ul
1744 1472 1980 1523 maxime
1998 1472 2110 1528 ido-

530 1571 691 1610 neum
738 1558 790 1610 itt
833 1560 1019 1612 urbem
1069 1557 1288 1629 AEgypti
1342 1560 1745 1627 Alexandriam,
1785 1558 2010 1631 Libyam
2053 1575 2109 1619 et

531 1647 868 1715 Pentapolim
907 1652 1072 1704 misit.
1113 1652 1247 1716 Quo'
1293 1666 1415 1705 cum
1450 1650 1664 1707 Marcus
1715 1644 1973 1718 venisset,
2007 1657 2111 1712 Do-

532 1736 668 1791 mini
703 1737 828 1793 Jesu
860 1738 1061 1815 Christi
1092 1740 1445 1810 Evangelium
1485 1742 1592 1796 illis
1620 1743 1930 1814 regionibus
1970 1761 2108 1815 praz-
2139 1733 2182 1787 Β

531 1828 756 1892 dicavit,
797 1831 870 1884 ita
905 1840 962 1883 ut
1000 1831 1153 1885 multi
1182 1833 1249 1886 ad
1283 1833 1481 1887 Christi
1513 1833 1671 1887 Iidem
1701 1836 1951 1889 conversi
1995 1836 2110 1891 lue-

534 1918 666 1973 rint.
695 1917 831 1973 Cum
862 1934 992 1974 vero
1035 1934 1227 1975 novem
1277 1936 1452 1975 annos
1485 1921 1578 1976 Dei
1610 1922 1769 1977 Iidem
1804 1923 2017 1980 Marcus
2055 1926 2107 1980 in

531 2022 596 2063 ea
623 1993 843 2079 regione
892 2011 1188 2078 docuisset,
1223 2013 1489 2082 martyrio
1517 2014 1571 2067 in
1608 2015 1743 2070 urbe
1783 2013 2109 2072 Alexandria

531 2099 755 2156 {unctus
779 2112 883 2159 est.

603 2191 791 2247 XXIII.
819 2192 985 2248 Multo
1034 2205 1213 2250 autem
1252 2205 1495 2266 tempore
1521 2207 1733 2267 postea,
1787 2215 1909 2256 cum
1947 2199 2109 2256 Chri-

531 2286 707 2341 stiana
742 2285 875 2341 ﬁdes
916 2286 1075 2341 latius
1107 2288 1223 2341 l'nsa
1254 2300 1417 2355 esset,
1446 2299 1500 2344 et
1538 2291 1909 2363 imperatores
1942 2292 2105 2349 Chri-

530 2378 694 2431 stiani
738 2375 1105 2430 Routanorum
1164 2379 1395 2447 imperio
1446 2380 1796 2448 pctirentur,
1849 2383 2113 2437 miracula

528 2468 780 2538 quasdam
828 2485 1027 2539 magna
1070 2468 1216 2524 Deus
1253 2471 1368 2539 ipse
1402 2470 1456 2524 in
1495 2487 1561 2526 eo
1593 2471 1715 2525 loco
1753 2471 1971 2535 edebat,
2020 2471 2111 2528 ubi

531 2560 780 2631 reliquiae
811 2563 982 2615 sancti
1020 2560 1251 2626 apostoli
1289 2571 1341 2616 et
1376 2563 1625 2634 generosi
1672 2565 1930 2632 martyris
1978 2563 2111 2619 Bar-

536 2654 686 2707 nabas
746 2653 995 2720 repositae
1034 2650 1269 2705 fuerant.
1316 2651 1452 2705 Nam
1493 2668 1616 2707 cum
1668 2655 1819 2709 multi
1868 2657 2116 2712 homines

535 2745 780 2812 impuros
824 2744 1047 2810 spiritus
1083 2743 1347 2798 habentes
1393 2759 1489 2813 per
1534 2744 1711 2798 locum
1753 2745 1901 2801 illum
1937 2754 2114 2802 trans-

537 2835 702 2896 irent,
742 2835 965 2900 spiritus
996 2833 1098 2901 ipsi
1140 2848 1275 2887 vore
1319 2849 1510 2905 magna
1536 2835 1834 2893 clamantes
1872 2836 2115 2907 egredie-

534 2928 754 2979 bantur.
785 2924 932 2978 Mnlti
965 2925 1130 2978 etiam
1157 2926 1465 2995 paralytici,
1491 2935 1545 2980 et
1575 2926 1778 2988 claudi.
1836 2929 2113 2995 variisque

537 3016 743 3070 morbis
764 3025 818 3068 et
842 3015 1177 3069 cruciatibus
1207 3018 1410 3078 vexati,
1435 3016 1501 3067 ad
1526 3030 1647 3069 emn
1673 3016 1850 3070 locum
1884 3015 2110 3087 profecti

531 3109 923 3175 pernoctabant
967 3125 980 3160 :
1018 3108 1112 3177 qui
1156 3122 1347 3161 omnes
1382 3109 1716 3162 curabantur
1766 3126 1780 3163 :
1831 3109 1901 3162 ob
1954 3109 2115 3179 idque

537 3199 812 3251 Salamina
870 3198 1066 3252 civitas
1133 3199 1333 3267 gaudio
1400 3215 1596 3270 magno
1664 3200 2114 3268 perfundebatur.

535 3294 686 3357 Quod
718 3307 847 3347 vero
890 3293 1070 3345 divina
1110 3294 1358 3361 qua-dam
1404 3294 1644 3361 potentia
1672 3294 1727 3347 in
1769 3309 1833 3347 eo
1874 3294 1991 3349 loco
2018 3295 2119 3347 mi-

535 3384 718 3437 racula
764 3380 1021 3448 ellicct'et,
1057 3386 1111 3439 id
1171 3386 1388 3453 quidem
1435 3401 1627 3440 omnes
1667 3388 2114 3455 cognoscebant:

536 3492 782 3542 qtttrnam
824 3487 1001 3529 tamen
1039 3488 1180 3530 esset
1208 3493 1368 3530 causa
1414 3478 1601 3546 gratiae
1631 3478 1770 3532 illius
1805 3490 1912 3531 tant
1932 3479 2118 3548 copio-

539 3584 636 3633 sm,
681 3563 729 3623 id
757 3587 1100 3639 nequaquam
1146 3571 1448 3638 intelligere
1485 3582 1756 3639 poterant.
1819 3572 2116 3640 Regionem

538 3673 717 3715 autent
775 3665 920 3717 illattt
981 3666 1238 3719 sanitatis
1289 3665 1466 3719 locum
1548 3666 1813 3734 indigena:
1882 3666 2121 3736 appella-

538 3758 688 3808 baut.

522 3870 527 3871 ί
611 3842 799 3900 XXIV.
841 3844 973 3898 Cum
1011 3861 1138 3899 vero
1161 3847 1354 3901 beatus
1378 3845 1676 3903 Mattianus
1712 3849 1958 3909 obiisset,
1990 3863 2119 3903 san-

537 3946 636 3988 cla.-
661 3939 933 3989 tnetnoriae
961 3935 1070 3989 Leu
1115 3937 1346 4003 imperio
1376 3940 1665 3993 successit.
1700 3939 1837 3993 Huic
1867 3948 1984 3993 erat
2025 3953 2120 4006 ge-

540 4041 637 4080 ner
671 4026 816 4079 Zeno
842 4028 1057 4081 Isauros
1099 4044 1329 4094 genere;
1359 4031 1450 4098 qui
1482 4042 1601 4097 post
1642 4029 1880 4084 Leonem
1918 4040 1972 4084 et
2006 4032 2121 4097 ipse

541 4119 837 4185 imperator
901 4118 1020 4174 fuit.
1064 4117 1334 4183 Tempore
1386 4130 1564 4174 autem
1617 4122 1707 4175 illo
1758 4123 1811 4174 in
1872 4122 2122 4193 religioso

538 4209 1000 4266 Acmnzetcnsiunt
1034 4212 1365 4265 ttttmasterio
1416 4214 1628 4267 exsﬁtit
1670 4215 1969 4268 monachus
2003 4215 2123 4282 qni-

536 4303 684 4366 dam,
731 4305 841 4367 qui,
877 4316 932 4358 ut
965 4291 1132 4358 J'udas
1172 4305 1313 4356 inter
1347 4305 1645 4371 apostolos,
1701 4307 1899 4359 diaboli
1947 4322 2125 4362 mores

2211 467 2334 520 dam
2366 480 2427 521 se
2455 464 2743 529 induisset,
2774 472 2899 517 erat
2924 461 3143 531 quidem
3179 460 3400 513 assidue
3433 473 3562 511 cum
3590 457 3798 513 Zenone

2214 556 2555 623 imperatoris
2591 570 2810 624 genero,
2859 571 2966 609 non
3019 552 3258 607 audebat.
3288 561 3479 605 tamen
3521 551 3791 616 propriam

2212 650 2545 716 impietatem
2585 648 2819 717 aperire.
2860 644 3122 700 Enmdem
3164 650 3350 698 autem
3401 641 3692 703 Zenonem
3737 645 3798 695 ad

2211 740 2450 795 Orientis
2484 748 2662 808 partes
2698 738 3133 807 proﬁciscentem
3163 742 3389 791 secutus
3420 740 3515 785 est
3542 730 3687 783 Iullo
3718 730 3798 783 ille

2210 848 2383 902 usque
2411 833 2481 888 ad
2507 832 2696 887 urbem
2729 828 3071 884 Antiochiam
3099 826 3224 880 :uhi
3244 840 3371 878 cum
3405 821 3623 879 multos
3647 820 3801 890 Apol-

2214 924 2403 978 linaris
2449 933 2752 978 sectatores
2798 921 3119 981 invenisset,
3158 933 3262 970 una
3290 931 3418 970 eum
3464 915 3582 968 illis
3619 924 3801 969 contra

2211 1015 2576 1084 patt'iarcltam
2614 1014 2977 1068 temeritatem
3024 1010 3293 1074 exarauit,
3346 1009 3641 1062 adversus
3689 1021 3804 1059 eum

2212 1106 2681 1165 seditiosissimum
2729 1088 3003 1172 quemque
3047 1102 3322 1154 hominem
3378 1100 3683 1152 concitans
3710 1140 3726 1161 ,
3759 1107 3808 1152 et

2211 1200 2708 1257 Cbalcedouensem
2750 1197 3018 1267 synodum
3075 1194 3414 1257 conviciaus,
3457 1207 3527 1247 ac
3573 1193 3807 1259 patriar-

2213 1294 2372 1349 cham
2400 1293 2576 1358 ipsum
2611 1289 2987 1343 Nestorianunt
3025 1286 3324 1353 appellans.

2284 1381 2453 1437 XXV.
2476 1382 2611 1437 Cum
2650 1380 2815 1450 igitur
2842 1380 3179 1432 Antiocltena
3207 1377 3405 1431 civitas
3434 1374 3623 1428 multa
3671 1374 3809 1427 sedi-

2216 1478 2361 1530 tione
2380 1485 2437 1530 et
2471 1473 2700 1528 tumuitu
2729 1472 3159 1541 perturbaretnr,
3190 1468 3385 1527 Petrus
3406 1467 3507 1519 ille
3540 1466 3801 1521 comitem

2215 1571 2487 1626 Zenonem
2527 1568 2650 1621 dolo
2674 1579 3009 1636 aggressus:
3044 1561 3179 1625 Nisi,
3217 1562 3414 1629 inquit,
3453 1559 3634 1624 hujus
3680 1559 3807 1612 civi-

2217 1661 2346 1716 tatis
2373 1660 2659 1728 episcopus
2688 1664 3049 1726 pcrnmtetur,
3096 1653 3213 1708 fieri
3238 1668 3348 1707 non
3377 1662 3592 1719 pou-st,
3622 1662 3683 1702 ut
3721 1664 3806 1718 po-

2212 1752 2370 1822 pulus
2398 1751 2584 1822 quiete
2630 1752 2799 1805 vivat.
2841 1748 3156 1814 Quinetiam
3194 1745 3421 1799 multum
3452 1745 3586 1797 auri
3615 1749 3727 1797 vim
3760 1742 3804 1797 ei

2213 1845 2516 1915 proposuit,
2545 1842 2593 1899 si
2622 1841 2692 1896 ab
2713 1856 2777 1897 eo
2808 1842 3127 1908 impetraret
3161 1837 3306 1907 quod
3330 1839 3565 1903 petebat
3599 1855 3617 1889 :
3655 1847 3802 1903 pate.

2214 1936 2342 1992 fecit
2368 1936 2516 1990 enim
2558 1933 2632 1988 illi
2667 1932 2957 1988 consilium
2988 1944 3168 1989 suum.
3193 1928 3335 1999 quod
3368 1938 3538 1979 antea
3568 1926 3808 1981 occttlta-

2211 2016 2386 2083 verat.
2416 2025 2571 2081 Tunc
2626 2021 2856 2079 Infantes
2899 2021 3166 2091 quosdam
3199 2029 3255 2071 ct
3299 2018 3607 2087 improbos
3636 2017 3806 2070 homi-

2210 2133 2329 2183 nes,
2361 2120 2454 2186 qui
2482 2115 2695 2180 eadem,
2719 2129 2837 2182 qua:
2873 2114 3010 2182 ipse,
3055 2110 3389 2170 sentiebant,
3428 2110 3808 2178 persuasioni-

2212 2209 2317 2265 bus
2351 2207 2468 2263 suis
2499 2220 2685 2261 secum
2722 2204 2898 2269 dnxit,
2953 2212 3006 2257 ct
3035 2202 3363 2273 gravissima
3399 2200 3666 2269 quatiam
3690 2214 3808 2254 sre-

2213 2300 2325 2356 Iera
2355 2308 2548 2354 contra
2585 2297 2954 2368 patriarcham
2988 2293 3129 2348 falso
3166 2292 3433 2357 conﬂi-ta,
3461 2293 3531 2344 ad
3579 2293 3809 2361 iumen.

2217 2401 2385 2448 torem
2410 2390 2622 2447 detulit.
2665 2389 2771 2444 Sed
2813 2387 2934 2455 ejus
2976 2385 3181 2441 malitia
3212 2384 3349 2439 nihil
3393 2383 3669 2451 proiecit,
3694 2400 3807 2435 min

2213 2486 2509 2553 imperator
2535 2481 2959 2551 aposmlieornm
2987 2479 3302 2545 dogmatum
3322 2488 3467 2529 essm
3494 2490 3805 2544 propugna-

2215 2588 2319 2633 tor.
2348 2575 2537 2631 Postea
2562 2591 2689 2629 vero
2722 2588 2885 2642 quam
2937 2571 3048 2627 Leo
3076 2572 3189 2638 ipse
3220 2576 3494 2625 terrestre
3522 2569 3807 2637 imperium

2214 2668 2527 2736 dereliquit,
2559 2676 2615 2720 et
2646 2666 2712 2723 ad
2738 2662 3053 2721 immortale
3087 2661 3216 2715 illttd
3253 2677 3490 2732 regnum
3514 2662 3809 2713 translatus

2213 2770 2318 2828 est,
2348 2760 2574 2829 imperio
2596 2757 2861 2814 successit
2892 2756 3061 2813 Zeno.
3094 2754 3430 2809 Antiocheni
3493 2767 3655 2813 vero,
3684 2767 3811 2821 quos

2217 2868 2379 2922 supra
2430 2852 2688 2914 diximus,
2730 2848 3047 2921 imperatori
3094 2843 3569 2912 supplicationem
3603 2843 3808 2897 obtule-

2217 2953 2363 3009 runt,
2396 2953 2645 3014 petentes
2682 2942 2940 2996 quIonem
2991 2940 3138 2992 illum
3187 2938 3413 2991 Petrum
3455 2935 3565 2988 sibi
3612 2934 3811 3000 episco-

2219 3050 2346 3104 pum
2378 3034 2573 3089 creari.
2611 3033 2669 3086 id
2698 3032 2838 3100 quod
2877 3029 3079 3083 factum
3104 3038 3208 3087 est,
3241 3040 3380 3079 auro
3412 3025 3537 3091 ipso
3561 3024 3811 3076 munibus

2218 3127 2308 3197 qui
2344 3132 2498 3179 erant
2528 3125 2582 3178 in
2612 3122 2730 3177 aula
2759 3123 2929 3191 regia,
2960 3118 3343 3189 persuadente,
3373 3125 3427 3165 ut
3461 3114 3614 3167 Pet-ri
3644 3108 3810 3168 Fullo.

2220 3221 2306 3274 nis
2336 3218 2699 3288 patrocinium
2751 3214 3115 3281 susciperent.
3158 3211 3355 3266 Statim
3393 3210 3567 3277 igitur
3629 3222 3686 3259 ut
3721 3204 3809 3261 Pe.

2222 3321 2339 3366 trus
2367 3310 2456 3364 ille
2479 3309 2762 3362 ordinatus
2788 3315 2873 3362 est
2899 3306 3212 3374 cpiscopus,
3242 3311 3497 3354 sanctam
3514 3301 3809 3354 (il-alcedo-

2222 3418 2442 3457 neusetn
2466 3401 2734 3471 synodum
2767 3400 3115 3452 anathemate
3140 3394 3239 3447 l‘uit
3271 3395 3606 3445 detestatus.
3648 3392 3806 3443 Cusu—

2221 3508 2326 3562 que
2371 3491 2707 3560 Apollinaris
2749 3488 3114 3544 sectatoribus
3162 3487 3377 3554 placere
3411 3484 3698 3545 Stin-locet,
3732 3483 3810 3550 qui

2221 3572 2619 3651 Tlteltitassiatti
2653 3580 3092 3648 appellabantur,
3125 3592 3189 3629 eo
3220 3577 3365 3643 quod
3424 3574 3609 3627 Deum
3646 3576 3810 3641 ipsum

2220 3689 2439 3745 passum
2469 3672 2636 3725 l'nissc
2661 3671 2935 3732 dicebant,
2976 3672 3277 3723 ttoV'itatem
3316 3671 3622 3734 quamdam
3661 3666 3814 3735 pessi-

2224 3782 2366 3820 mam
2389 3764 2712 3833 excogitavit
2749 3772 2806 3817 ut
2834 3762 3038 3832 hymno
3059 3762 3155 3823 illi,
3183 3762 3272 3829 qui
3303 3759 3605 3829 Trisagton
3630 3759 3808 3828 appel-

2223 3857 2389 3920 latur,
2420 3860 2521 3911 hoc
2555 3855 2723 3910 etiam
2761 3856 2812 3907 in
2839 3856 2945 3906 line
2972 3854 3232 3905 addi-ret:
3278 3849 3381 3916 Qui
3410 3851 3717 3917 cruri/ints
3748 3858 3813 3901 est

2223 3962 2435 4020 propter
2463 3962 2577 4000 nos.
2615 3944 2738 3998 Ilaec
2761 3959 2883 3997 cum
2919 3943 3094 3997 sancti
3138 3941 3380 4010 episcopi
3410 3952 3468 3993 et
3500 3941 3696 3991 Patres
3725 3952 3813 3991 no-

2225 4039 2324 4093 stti
2358 4038 2713 4098 audivissent,
2751 4034 2817 4087 ad
2849 4048 3071 4102 pravam
3105 4032 3248 4084 illius
3292 4029 3622 4098 opinionem
3660 4030 3817 4082 reite-

2226 4130 2461 4185 nandum
2502 4127 2672 4181 alacri
2700 4135 2755 4179 et
2777 4135 3029 4194 prompto
3065 4123 3249 4177 animo
3275 4123 3525 4192 aggressi
3557 4133 3696 4173 sunt
3728 4142 3741 4174 :
3770 4133 3816 4172 et

2226 4221 2461 4291 primunt
2490 4220 2709 4288 quidem
2746 4218 2942 4272 litteris
2969 4233 3092 4271 eum
3120 4218 3186 4267 ab
3220 4214 3524 4280 ἱιιιιιίυιειιίς
3558 4220 3814 4279 voragine

2228 4328 2489 4367 revocare
2521 4313 2702 4367 conati
2748 4321 2894 4365 sunt.
2927 4311 3033 4364 Sed
3063 4325 3185 4362 cum
3209 4308 3465 4360 etttntlt-tn
3508 4321 3817 4376 repugnan-

538 4398 874 4450 imitabatur.
918 4397 997 4449 Illi
1046 4411 1239 4451 nomen
1273 4408 1391 4450 erat
1422 4397 1639 4460 Petrus,
1667 4401 1758 4466 qui
1786 4400 2004 4456 fullonis
2029 4419 2120 4455 ar-
2147 4420 2201 4480 ι)
2229 4416 2333 4461 teut
2367 4405 2573 4472 majore
2596 4406 2819 4459 audacia
2861 4413 2915 4457 et
2949 4403 3262 4456 temeritate
3291 4412 3487 4451 cnttlra
3526 4400 3696 4454 ﬁ.|.-...
3731 4416 3813 4449 οτ.

536 4502 646 4543 tem
694 4490 1022 4551 exercebat,
1086 4500 1332 4543 sanctam
1389 4505 1514 4543 vero
1558 4491 1825 4561 synodum
1879 4494 1931 4547 itt
1990 4496 2123 4551 urbe

535 4580 879 4635 Chalcedone
928 4581 1256 4635 celebratam
1315 4583 1694 4651 aversabatur,
1745 4594 1801 4640 et
1850 4587 2124 4655 dogmatis

540 4676 859 4747 Eutycbiani
898 4686 1013 4729 erat
1057 4687 1447 4743 propugnator.
1505 4677 1782 4743 Ejusmodi
1826 4680 2121 4745 hominem,

535 4781 589 4822 ιιι
624 4781 997 4835 corruptorem
1039 4777 1089 4821 et
1118 4769 1480 4835 pestilentem,
1507 4779 1672 4839 atque
1697 4772 2122 4840 apostolicorum

537 4863 850 4928 tlogtnatunt
899 4862 1109 4911 hostem
1138 4860 1492 4923 acerrimum,
1530 4862 1645 4931 ejus
1672 4862 1776 4916 loci
1822 4864 2065 4919 homines
2095 4878 2125 4918 ο

539 4955 870 5007 monasterio
921 4955 1269 5022 cttpuIeruut.
1331 4953 1431 5020 Qui
1490 4971 1612 5007 cutn
1663 4956 1811 5025 illinc
1865 4957 2126 5025 expulsus

537 5046 750 5106 fuisset,
789 5044 1320 5113 Consmntinopolitn
1358 5045 1640 5113 profectus
1665 5056 1769 5109 est,
1799 5052 1854 5098 et
1883 5053 2127 5099 assenta-

542 5150 719 5190 torum
763 5138 928 5189 vitant
964 5139 1231 5202 imitatus,
1264 5139 1423 5191 modo
1455 5138 1617 5203 hanc,
1658 5141 1820 5191 modo
1852 5137 1998 5191 illam
2032 5138 2124 5192 do-

541 5246 690 5284 mum
744 5231 964 5295 obibat,
1008 5232 1181 5284 ventri
1227 5239 1283 5284 et
1340 5231 1478 5299 gulae
1535 5233 1781 5286 serviens
1824 5250 1838 5285 :
1894 5246 2129 5300 cumque

541 5323 900 5377 exsecrabilis
932 5338 1045 5377 suae
1080 5323 1305 5376 btet-esis
1348 5322 1642 5390 participes
1684 5320 1932 5375 homines
1956 5335 2125 5387 quos-

542 5416 666 5467 dam
725 5415 930 5468 honore
995 5415 1253 5484 praeditos
1301 5415 1597 5469 invenisset
1627 5455 1643 5480 ,
1694 5413 1804 5468 illis
1850 5415 2130 5468 adhaerere

545 5510 733 5577 cmpit,
769 5523 866 5577 per
908 5523 1045 5578 quos
1091 5509 1254 5562 etiam
1293 5507 1346 5561 in
1383 5507 1504 5578 ejus
1551 5502 1799 5560 notitiam
1829 5503 1999 5569 venit,
2033 5505 2129 5574 qui

545 5619 666 5665 erat
716 5622 882 5678 gener
934 5605 1301 5676 imperatoris.
1355 5605 1617 5673 patricius
1652 5610 1706 5659 et
1753 5600 2129 5658 excubitorum

543 5715 733 5754 eomes
768 5717 780 5754 :
820 5697 898 5757 sic
936 5698 1078 5755 enim
1119 5696 1514 5769 appellabatur,
1546 5695 1637 5767 qui
1667 5695 1912 5752 excubiis
1943 5694 2131 5765 prasi-

1048 5826 1087 5857 ,δ

2229 4499 2520 4554 lltodoxam
2554 4496 2735 4551 ellerri
2766 4497 3053 4559 vidissent,
3090 4510 3300 4551 ouutes,
3336 4494 3425 4556 qui
3466 4493 3815 4543 suntinnrbe

2229 4601 2521 4656 terrarum,
2554 4590 2819 4660 episcOpi,
2844 4589 3115 4642 sententia
3143 4586 3524 4654 proanntiata,
3560 4587 3671 4639 sub
3696 4600 3815 4637 ana-

2226 4684 2471 4738 themate
2503 4683 2650 4734 illum
2689 4681 3035 4749 expulerunt.

2296 4769 2486 4825 XXVI.
2518 4770 2572 4824 In
2604 4771 2706 4824 hac
2736 4770 3002 4824 orationis
3027 4778 3180 4833 parte
3215 4766 3451 4819 libenter
3479 4780 3606 4827 eos,
3643 4767 3737 4834 qui
3762 4780 3817 4817 ex

2228 4862 2432 4917 nostris
2462 4863 2774 4916 hominibus
2804 4878 2908 4913 non
2939 4861 3085 4921 vitto,
3124 4860 3217 4912 sed
3255 4859 3491 4925 quadam
3527 4873 3736 4911 utentis
3758 4859 3822 4907 le-

2228 4957 2425 5017 vitate,
2453 4956 2747 5008 novitatem
2782 4954 2921 5007 banc
2954 4961 3158 5004 temere
3193 4949 3494 5015 atnplexati
3546 4962 3707 5014 sunt,
3749 4948 3821 5001 his

2231 5049 2413 5110 verbis
2455 5045 2836 5116 compellarem
2874 5062 2887 5096 :
2927 5044 3184 5109 Qua-nam
3235 5056 3402 5094 causa
3445 5055 3572 5101 vos,
3611 5038 3818 5095 fratres.

2230 5141 2497 5204 adduxit,
2560 5149 2618 5191 ut
2672 5148 2818 5190 recte
2856 5137 3181 5189 sentientem
3227 5130 3453 5185 Patrum
3499 5143 3811 5187 nostrorum

2231 5233 2538 5289 doctrinam
2577 5220 2979 5297 relinqueretis,
3022 5236 3077 5280 et
3102 5227 3397 5279 novitatem
3443 5226 3513 5277 ab
3554 5222 3820 5279 haereticis

2234 5340 2405 5392 nuper
2429 5323 2795 5387 excogitatam
2825 5316 3231 5388 sequercmini‘l
3256 5316 3816 5370 Anitnadvertemlum

2239 5417 2391 5472 vobis
2420 5426 2562 5477 erat,
2587 5411 3046 5485 quemadntodum
3072 5408 3247 5463 sancti
3276 5407 3478 5461 Patres
3513 5410 3695 5463 nosui
3724 5420 3815 5460 nos

2236 5509 2387 5563 fictas
2414 5506 2626 5562 fabulas
2653 5504 2848 5570 secuti,
2874 5503 3031 5557 nobis
3051 5502 3191 5555 hunc
3217 5500 3484 5570 hymnum
3514 5500 3814 5554 canendum

2237 5601 2597 5665 tradiderunt,
2635 5599 2727 5653 sed
2759 5597 2942 5650 divina
2981 5595 3226 5665 'qnadatn
3262 5591 3612 5647 revelatione
3662 5587 3813 5646 dedi.

2238 5709 2360 5767 quae
2396 5707 2503 5748 non
2540 5691 2633 5748 uni
2678 5699 2770 5746 aut
2799 5688 2993 5755 alteri,
3031 5699 3206 5756 neque
3237 5684 3290 5740 in
3321 5685 3511 5756 aliquo
3536 5694 3703 5740 terra
3728 5696 3815 5735 aa-
