3946 6318
147 313 282 379 4101

1145 309 1530 376 LAUDATIO
1561 312 1643 374 IN
1687 311 1946 375 APOST.
1988 305 2426 375 BARNABAM.

3007 241 3082 251 ,μω-

3291 309 3429 382 Δίΰὶ

147 433 294 493 gnto,
340 423 436 478 sed
471 421 703 478 meridie
747 419 864 490 Ipso
897 419 950 474 iu
991 417 1112 473 luce
1146 418 1452 473 clarissima
1479 419 1734 473 universo
1763 423 1809 480 Α
1840 418 2075 473 insulam
2111 420 2375 481 manavit,
2415 419 2485 474 ob
2528 419 2579 473 id
2617 420 2778 492 Cypri
2811 421 3112 480 Ecclesium
3165 427 3266 480 sub
3316 430 3425 484 An-

141 514 763 584 Constantinopolitauaa
794 509 947 565 urbis
971 509 1168 582 popqu
1188 510 1391 564 Christi
1423 511 1736 564 amantissi-

145 621 235 661 n.o
268 605 410 660 facta
441 615 548 670 est,
589 619 697 674 quo
730 612 975 670 tempore
1027 599 1379 654 beatissimus
1421 598 1582 652 Pater
1627 599 1738 666 epi-

142 713 343 763 seouus
394 708 451 752 et
504 695 766 766 magister
809 710 931 748 cum
979 693 1169 764 primis
1215 693 1476 762 probatus
1512 691 1740 747 Proclus

140 789 770 859 Constatttinnpnlitante
797 787 909 842 sedi
942 786 1290 855 praesidebat.
1318 783 1592 854 Quidquid
1637 801 1736 840 auo

143 892 251 936 teut
285 883 478 936 divina
511 882 688 950 gratia
721 889 1044 950 suggerente
1073 879 1338 932 divinitus
1388 878 1547 932 nobis
1585 893 1740 948 reve-

141 973 311 1028 latum
333 982 438 1040 est,
477 973 606 1028 illttd
634 972 778 1026 nulla
812 987 874 1025 ex
901 983 1052 1041 parte
1092 987 1369 1032 mancum,
1401 971 1493 1024 sed
1517 970 1740 1026 omnino

139 1065 442 1134 perfectum
477 1076 581 1129 est,
630 1073 686 1120 et
738 1065 804 1118 ad
848 1064 1078 1119 salutem
1111 1063 1388 1124 idoneum,
1439 1079 1544 1116 non
1601 1063 1738 1116 indi.

138 1177 275 1233 gens
303 1160 663 1215 humanarum
702 1159 1237 1230 argumentationum
1266 1157 1523 1223 inventis,
1561 1172 1739 1226 neque

139 1257 552 1318 ndditamento.
596 1254 682 1309 vel
723 1254 1105 1309 suhtractione
1147 1253 1352 1320 aliqua,
1423 1261 1482 1307 ut
1541 1253 1737 1307 divinae

140 1342 365 1399 Littera:
398 1347 629 1410 docent,
681 1359 806 1399 cum
849 1343 1084 1398 dicunt:
1125 1341 1358 1400 Verbum
1384 1383 1399 1409 ,
1441 1345 1585 1412 quod
1637 1357 1736 1412 ego

138 1436 401 1507 praecipio
439 1437 536 1492 tibi
579 1434 767 1502 hodie,
803 1437 930 1492 vide
980 1445 1039 1490 ut
1088 1435 1220 1492 illttd
1263 1436 1419 1490 valde
1451 1435 1733 1499 observes,

137 1543 320 1600 neque
347 1529 647 1598 quidquam
689 1528 880 1593 addas,
921 1542 1097 1596 neque
1124 1528 1192 1582 ab
1226 1541 1291 1582 eo
1311 1527 1516 1597 aliquid
1546 1526 1733 1580 immi-

138 1635 298 1685 nuas,
338 1637 460 1674 cum
510 1635 699 1674 revera
755 1620 960 1675 divinis
985 1620 1224 1689 eloquiis
1253 1619 1463 1690 aliquid
1497 1619 1723 1684 addere,

139 1712 219 1766 vel
269 1714 579 1777 detrahere,
615 1712 1012 1782 periculosum,
1070 1713 1173 1776 ait,
1197 1721 1252 1765 et
1290 1711 1591 1780 perniciem
1642 1711 1730 1778 iis,

137 1803 229 1872 qui
272 1803 386 1858 haec
420 1801 648 1866 faciunt,
678 1817 926 1872 magnam
961 1801 1151 1856 all'erat
1185 1819 1200 1855 :
1243 1815 1347 1855 non
1381 1800 1525 1854 enim
1564 1799 1600 1854 ii
1637 1817 1732 1856 su-

139 1909 294 1958 mus,
334 1896 424 1966 qtti
464 1894 744 1949 Christum
794 1893 1078 1964 corrigere
1129 1892 1444 1963 possimus,
1497 1895 1590 1947 sed
1639 1893 1732 1962 qui

137 1987 360 2042 Christo
389 1986 582 2056 subjici
607 1995 664 2041 et
695 1985 920 2042 obedire
960 1985 1284 2042 debeamus.
1318 1984 1464 2050 Haec,
1492 1985 1732 2038 etmulta

138 2077 242 2134 alia
291 2080 415 2134 licet
452 2079 520 2134 de
565 2077 668 2134 hac
708 2094 768 2134 re
815 2079 1002 2140 dicer:
1053 2077 1255 2132 nostris
1301 2077 1619 2132 hominibus
1653 2077 1727 2131 ita

136 2171 522 2235 sentientibus,
576 2185 714 2239 quos
753 2171 938 2228 doceri
969 2170 1243 2240 cupimus,
1273 2179 1530 2224 extrema:
1563 2169 1730 2225 insci-

143 2261 228 2316 tia:
251 2276 398 2323 esse,
423 2261 662 2316 lueretici
701 2260 943 2316 hominis
968 2259 1266 2313 novitatem
1292 2257 1606 2313 admittere.
1630 2257 1732 2314 De-

140 2356 324 2410 sinant
356 2355 522 2426 igitur
563 2369 686 2410 cum
739 2355 998 2411 heretico
1047 2353 1270 2408 homine
1301 2353 1558 2423 deinceps
1605 2369 1731 2410 sen-

141 2446 177 2500 ti
185 2460 262 2500 re.

212 2535 426 2593 XXVII.
459 2536 647 2606 itaque
691 2550 816 2590 cum
847 2535 1039 2590 Petrus
1083 2535 1177 2591 ille
1227 2537 1295 2591 ab
1324 2536 1579 2593 omnibus
1609 2537 1731 2607 cpio

137 2629 320 2697 scapis
349 2631 448 2684 sub
471 2629 816 2682 anathemate
849 2627 929 2698 (ιιι
955 2626 1211 2697 diximus)
1241 2628 1530 2683 damnatus
1556 2640 1722 2694 esset,

136 2727 188 2772 et
237 2717 398 2772 Zeno
440 2728 657 2788 pmpter
703 2719 1038 2772 invasiouem
1077 2717 1324 2774 Basilisci
1381 2721 1450 2774 ab
1501 2720 1730 2789 itupet‘in

138 2808 464 2877 aufugisset.
494 2809 607 2875 ipse
642 2823 859 2878 quoque
898 2809 1110 2876 fugiens
1167 2809 1232 2862 ad
1266 2812 1453 2878 ignom
1483 2811 1728 2873 quoniam

140 2902 249 2956 loca
297 2915 356 2956 se
385 2901 634 2955 contulit.
669 2900 866 2955 Postea
897 2916 1027 2954 vero
1055 2915 1217 2966 quam
1259 2899 1408 2955 Zeno
1437 2901 1505 2954 ad
1551 2901 1729 2968 impe-

138 2991 275 3045 rium
323 3006 574 3046 reversus
607 3000 710 3056 est,
759 2989 979 3044 Petrum
1015 2989 1296 3044 Fullonetn
1336 2991 1637 3056 requisitit,
1675 3000 1729 3044 et

1764 1761 1812 1820 Β

1845 511 2111 565 tinchente
2137 514 2282 567 sedis
2320 514 2631 580 patriarcha
2665 529 2787 571 esse
2815 527 3052 586 oportet,
3081 522 3427 591 quandoqui-

1842 603 1964 656 dem
1993 605 2290 670 apostolica
2327 617 2378 658 et
2409 606 2772 672 patriareltica
2808 610 2963 663 sedes
3000 619 3106 664 est.

1914 693 2107 748 XXIX.
2151 695 2280 750 Haec
2310 695 2400 750 ille
2428 707 2589 751 rectae
2625 697 2749 752 ﬁdei
2777 708 2832 752 et
2861 703 3145 757 sententiae
3179 702 3429 760 desertor

1841 787 2228 852 contendebat,
2273 797 2607 842 cumtamen
2655 805 2760 843 non
2805 789 3079 861 ignoraret
3115 809 3177 847 ea
3209 811 3328 864 qute
3375 800 3427 848 ιιι

1841 878 1977 932 urbe
2007 878 2221 948 Epheso
2243 887 2429 933 sancta
2465 878 2551 931 illa
2578 879 2836 950 synodus,
2860 880 3064 952 Cyrillo
3087 883 3427 953 praesidente,

1841 968 2144 1034 deﬁnierat,
2176 985 2206 1024 a
2237 984 2296 1023 se
2331 971 2520 1023 violari
2551 980 2714 1039 atque
2737 972 3036 1040 corrumpi.
3074 975 3178 1026 Sed
3203 973 3427 1042 pietatis

1838 1076 2040 1132 pl‘llH'O,
2071 1071 2130 1116 et
2174 1061 2556 1116 sanctissimus
2609 1062 2888 1132 apostolus
2922 1062 3198 1118 Barnabas
3241 1068 3430 1135 patria:

1839 1166 1949 1206 sum
1995 1166 2303 1221 opportuno
2365 1162 2609 1222 tempore
2665 1153 3026 1217 subvenit-ns,
3089 1154 3235 1210 illius
3285 1156 3427 1210 Petri

1839 1243 2128 1298 stultitiam
2157 1243 2240 1298 vel
2271 1245 2531 1296 malitiam
2567 1245 2746 1313 potius
2785 1246 3082 1312 redarguit.
3109 1243 3240 1299 Cum
3281 1251 3428 1302 enim

1838 1337 2124 1406 episc0pus
2159 1335 2448 1390 Salamina:
2475 1337 2658 1402 jussus
2694 1334 2884 1391 fuisset
2909 1337 2975 1390 ad
3011 1340 3424 1406 regianturheut

1839 1440 1897 1481 se
1925 1424 2196 1490 conferre,
2231 1435 2288 1481 et
2346 1427 2606 1480 adversus
2665 1427 3036 1480 Antiocheuos
3093 1442 3278 1480 coram
3332 1443 3428 1497 pa-

1840 1515 2075 1569 triarcha
2114 1530 2336 1570 causam
2390 1516 2595 1580 dicere,
2643 1531 2754 1583 prae
2807 1517 3003 1570 timore
3058 1519 3427 1586 torpescebat,

1837 1604 2084 1660 Fullonis
2121 1606 2266 1660 illius
2299 1607 2526 1661 insidias
2557 1618 2838 1677 suspectas
2871 1609 3097 1664 habens.
3127 1609 3270 1680 ,Erat
3303 1623 3428 1667 tunc

1840 1693 2130 1748 Salamiua:
2171 1694 2321 1748 urbis
2345 1696 2634 1764 episcopus
2663 1696 3011 1757 Anthemius,
3045 1696 3131 1748 vir
3161 1712 3287 1750 cum
3317 1700 3427 1766 pri-

1839 1789 1944 1841 mis
1985 1787 2346 1852 admirabilis,
2379 1789 2522 1857 quod
2557 1787 2625 1841 ad
2651 1799 2855 1841 rectam
2891 1787 3048 1860 ﬁdem
3084 1798 3138 1842 et
3181 1789 3305 1843 vita:
3344 1789 3429 1843 in-

1839 1883 2145 1937 noeeutiam
2193 1884 2514 1950 pertineret,
2568 1882 2661 1934 sed
2711 1879 2777 1933 ad
2830 1878 3252 1948 dISptttaliOttetll
3301 1897 3424 1936 cum

1837 1975 2180 2030 adversariis
2204 1972 2601 2038 sustinendam,
2637 1985 2830 2041 parum
2873 1973 3107 2027 valebat.
3136 1972 3272 2028 Cum
3321 1975 3424 2044 igi-

1837 2076 1926 2122 tur
1975 2067 2200 2138 ancipiti
2246 2068 2578 2134 cogitatione
2644 2066 2950 2131 tluctnaret,
2985 2083 3160 2136 neque
3209 2080 3424 2122 certum

1837 2155 2086 2223 haberet,
2123 2157 2252 2225 quid
2287 2165 2494 2226 ageret,
2528 2172 2654 2210 nutu
2690 2157 2944 2212 videlicet
2971 2157 3426 2230 Constantinopo—

1835 2246 1926 2300 lim
1979 2247 2253 2315 proﬁcisci
2321 2247 2567 2311 deberet,
2621 2262 2796 2302 nccne
2847 2264 2860 2301 :
2905 2259 3063 2302 nocte
3115 2249 3168 2304 in
3216 2252 3424 2305 somnis

1831 2341 2007 2394 astitit
2033 2339 2107 2392 illi
2138 2339 2380 2409 quidam,
2419 2340 2658 2393 divinam
2690 2340 2982 2410 quamdam
3023 2343 3258 2410 speciem
3311 2359 3423 2414 pra:

1831 2447 1890 2487 se
1914 2433 2115 2497 ferens,
2142 2441 2196 2486 et
2226 2432 2446 2486 luminis
2476 2433 2770 2502 splendore
2819 2436 2988 2486 multo
3016 2433 3298 2504 effulgens,
3335 2437 3422 2488 lu-

1830 2523 2060 2590 cidaqne
2109 2532 2259 2576 veste
2307 2522 2548 2586 indutus,
2596 2537 2659 2576 ac
2741 2537 2899 2575 sacro
2939 2523 3123 2576 habitu
3162 2526 3418 2585 decorus,

1831 2613 1923 2682 qui
1950 2624 2007 2666 et
2039 2612 2152 2666 hzec
2185 2611 2362 2665 dixit:
2395 2611 2506 2666 Cur
2532 2612 2606 2666 ita
2643 2612 2816 2667 tristis
2847 2629 2905 2667 es
2938 2629 3103 2678 nunc,
3127 2615 3420 2685 epist-ope?

1832 2702 2112 2768 Quomodo
2133 2711 2316 2756 tantus
2351 2703 2452 2757 iste
2480 2713 2664 2772 torpor
2694 2713 2742 2757 te
2770 2705 3074 2775 corripuit?
3096 2705 3210 2760 Cur
3237 2706 3413 2762 Vultus

1833 2801 1958 2848 tuus
2017 2795 2089 2847 ita
2149 2795 2438 2849 concidit?
2476 2794 2619 2848 Nihil
2655 2797 2778 2849 tuali
2833 2796 2902 2850 ab
2941 2797 3276 2853 adversariis
3311 2801 3416 2852 tuis

1831 2888 2077 2956 patieris.
2118 2887 2244 2943 Iitec
2278 2905 2400 2943 ctttn
2433 2889 2678 2953 dixisset,
2707 2893 2774 2943 ab
2802 2891 3099 2944 Anthemio
3131 2892 3416 2960 discessit;

1832 2978 1922 3046 qui
1970 2987 2348 3045 experrectus,
2388 2989 2444 3032 et
2483 2981 2678 3033 timore
2735 2981 3058 3046 perterritus
3109 2985 3414 3050 episcopus,

134 3082 492 3137 Antiochense
563 3081 825 3135 Ecclesiae
885 3081 1202 3151 episcopum
1275 3082 1551 3149 restituit,
1599 3098 1721 3137 ctam

1834 3069 1884 3123 itt
1914 3069 2105 3124 faciem
2139 3085 2200 3125 se
2231 3071 2522 3140 prostravit
2561 3085 2616 3124 et
2643 3071 2826 3125 multis
2855 3071 3109 3142 Iacrytnis
3143 3073 3308 3127 Deum
3344 3076 3416 3127 ita

136 3175 378 3228 nondum
419 3175 769 3228 anathemate
822 3173 1081 3226 liberatus
1115 3183 1301 3228 esset:
1331 3176 1546 3227 beatum
1597 3190 1725 3228 vero

135 3264 520 3321 Calendionem
553 3266 920 3332 patriarchaut
953 3265 1004 3318 itt
1032 3263 1222 3320 Oaxitn
1249 3265 1491 3318 exsulem
1521 3269 1727 3334 relega-

138 3357 233 3423 vit,
266 3354 494 3410 Fullone
536 3357 629 3411 illo
655 3357 1010 3410 Antiochettte
1065 3357 1211 3411 sedis
1261 3357 1633 3426 episcopatum
1676 3355 1722 3410 vi

137 3450 402 3518 capiente.
439 3448 540 3515 Qui
590 3458 649 3502 ut
688 3449 908 3518 impius,
936 3459 990 3503 et
1030 3449 1231 3502 nullam
1269 3465 1420 3516 spem
1460 3450 1722 3518 reliquam

137 3540 364 3606 habens,
399 3543 737 3609 tyrannidem
801 3542 975 3609 ipsam
1022 3541 1264 3610 impune,
1329 3541 1410 3594 vel
1461 3543 1726 3597 scelerate

136 3633 316 3702 potius
347 3635 660 3701 exercebat,
711 3633 1073 3700 interﬁciens,
1110 3634 1482 3702 proscribens,
1523 3645 1578 3688 et
1606 3651 1725 3687 oin-

139 3740 235 3779 nes
278 3739 376 3778 eos
423 3723 639 3793 fugatis,
679 3725 769 3794 qui
805 3725 1066 3779 uolebant
1113 3740 1237 3778 cum
1287 3723 1402 3792 ejus
1445 3725 1726 3793 impietate

137 3817 562 3873 communicare.
600 3817 707 3872 Sed
753 3818 865 3872 haee
893 3818 1114 3886 quidem
1147 3818 1311 3871 missa
1348 3817 1566 3880 faciam,
1597 3833 1722 3871 eum

137 3906 302 3960 multa
333 3907 464 3971 sint,
497 3917 552 3962 et
585 3910 863 3977 propriam
915 3907 1203 3962 historiam
1241 3909 1547 3974 requirant.
1577 3909 1723 3962 Con-

138 3997 275 4051 feret
303 4009 484 4052 autem
515 4015 575 4054 se
601 4001 780 4054 oratio
815 4011 1004 4054 nostra
1032 4001 1097 4052 ad
1139 4000 1215 4065 id,
1249 4000 1393 4068 quod
1419 4001 1591 4070 magis
1628 4016 1722 4054 ur-

139 4098 248 4158 get,
275 4098 334 4143 ut
371 4092 547 4144 sancti
594 4090 823 4160 apostoli
878 4089 1148 4146 Barnaba)
1193 4093 1423 4162 gratiam
1471 4092 1723 4147 omnibus

137 4192 316 4236 notam
369 4183 652 4247 faciamus,
697 4194 754 4239 et
800 4193 999 4254 quanta
1043 4188 1275 4254 patriam
1307 4203 1457 4241 suam
1503 4201 1631 4240 cura
1667 4195 1724 4240 et

135 4273 466 4344 benignitate
488 4289 866 4348 prosequatur,
902 4278 1260 4334 declaremus.

205 4367 448 4422 XXVIII.
515 4369 648 4424 Cutn
712 4371 947 4423 nondum
999 4383 1285 4425 contentus
1331 4383 1476 4428 esset
1529 4375 1721 4432 Petrus

1831 3172 2082 3230 preCatus
2111 3172 2196 3216 est
2233 3179 2248 3216 :
2304 3161 2530 3218 Domine
2572 3163 2701 3218 Jesu
2739 3164 2980 3230 Christe,
3016 3165 3116 3219 Fili
3163 3167 3254 3221 Dei
3286 3169 3414 3232 vivi,

1829 3256 2024 3323 adjuva
2061 3257 2354 3311 Ecclesium
2385 3259 2693 3310 hanc.Sci'o
2725 3267 2929 3322 autem,
2957 3263 3098 3327 quod
3134 3261 3281 3314 illam
3315 3261 3413 3315 ad-

1823 3347 2000 3414 juvas.
2037 3349 2090 3401 Si
2122 3350 2258 3402 visio
2293 3349 2407 3404 haec
2455 3364 2483 3400 a
2539 3357 2591 3401 te
2641 3350 2882 3416 profecta
2921 3357 3027 3410 est,
3064 3351 3167 3407 fac.
3205 3366 3412 3420 quasso,

1827 3448 1884 3494 ut
1915 3442 2104 3494 eadem
2155 3443 2374 3503 iterum,
2415 3455 2480 3494 ac
2534 3443 2694 3494 tertio
2740 3441 2870 3494 mihi
2927 3442 3248 3495 ostendatur
3281 3453 3335 3498 ut
3366 3455 3417 3498 te

1828 3545 2038 3584 mecum
2075 3546 2195 3585 esse
2225 3544 2380 3584 certo
2412 3531 2555 3584 scire
2588 3531 2810 3597 possint.

1902 3620 2069 3676 XXX.
2091 3622 2301 3676 lutetea
2333 3622 2620 3690 episcopus
2638 3621 2725 3673 ille
2743 3621 2940 3674 divinis
2963 3623 3214 3689 precibus
3237 3635 3413 3679 atten-

1829 3713 1934 3768 tius
1976 3713 2221 3778 vacabat,
2254 3714 2321 3766 ab
2343 3713 2584 3765 omnium
2618 3713 2895 3766 hominum
2918 3717 3305 3782 congressione
3327 3733 3414 3769 re-

1826 3817 2024 3862 motus.
2041 3806 2210 3861 Nocte
2235 3815 2439 3868 autem,
2453 3805 2571 3875 q'ute
2584 3804 2839 3874 deinceps
2856 3820 3144 3860 consecuta
3161 3819 3265 3872 est,
3287 3825 3408 3863 cum

1826 3901 2092 3955 astitisset
2137 3901 2276 3953 idem
2315 3899 2404 3953 ille
2438 3899 2521 3952 vir
2547 3898 2738 3952 eadem
2774 3898 2948 3952 forma
2979 3909 3032 3952 et
3059 3900 3266 3961 habitu,
3304 3918 3412 3969 quo

1827 3999 1985 4046 antea
2039 3993 2188 4045 visus
2241 3992 2414 4045 luerat
2461 4009 2475 4043 :
2518 3989 2663 4053 Jam,
2713 3993 2909 4062 inquit,
2978 3992 3072 4044 tibi
3122 3992 3231 4046 dixi
3275 3994 3410 4047 nihil

1826 4084 1952 4138 mali
1991 4095 2041 4138 te
2077 4101 2362 4154 passurum
2392 4102 2459 4140 ex
2487 4087 2552 4139 iis
2577 4102 2698 4155 quas
2730 4087 2823 4139 tibi
2861 4086 3159 4140 adversarii
3197 4087 3409 4138 mittan-

1828 4185 1934 4231 tur.
1966 4176 2108 4230 Nihil
2145 4179 2309 4246 igitur
2353 4180 2659 4245 suspicans,
2687 4188 2938 4246 prompto
2977 4179 3160 4230 animo
3209 4181 3274 4230 ad
3318 4195 3410 4232 nr-

1825 4271 1946 4325 bem
2001 4270 2526 4340 Constantinopolim
2573 4271 2780 4326 venias.
2829 4269 2954 4324 Ihec
3009 4287 3130 4324 cum
3161 4271 3414 4336 dixisset,

1824 4366 2098 4421 discessit.
2136 4365 2433 4435 Episcopus
2457 4380 2584 4418 vero
2609 4381 2799 4419 rursus
2825 4363 3053 4419 Domino
3079 4365 3279 4431 gratias
3299 4366 3412 4432 egit

145 4458 296 4514 Fullo
331 4460 819 4516 innumerabilibus
858 4465 967 4518 illis
1017 4465 1194 4526 malis,
1227 4465 1424 4535 quibus
1476 4469 1718 4524 orientis
1755 4442 1798 4497 Ῑ)
1829 4473 2002 4527 neque
2022 4461 2313 4529 quidquam
2342 4460 2502 4514 alicui
2534 4460 2695 4538 dixit,
2721 4463 2816 4512 sed
2841 4460 3197 4527 exspectabat
3221 4473 3404 4514 tamen

137 4558 317 4616 partes
341 4549 539 4616 aﬁ‘ecit,
578 4551 631 4605 in
685 4554 996 4620 provincias
1048 4555 1211 4607 etiam
1247 4556 1386 4620 illas,
1424 4573 1543 4624 qua:
1583 4559 1715 4613 nihil

135 4639 200 4692 ad
222 4655 344 4694 eum
389 4644 761 4712 pertinebant,
799 4661 994 4698 manus
1023 4646 1232 4716 injecit.
1267 4647 1401 4701 Cum
1433 4650 1584 4702 enim
1615 4651 1717 4703 itu-

135 4735 425 4800 peratoris,
475 4745 530 4790 et
571 4749 760 4791 eorum
791 4738 884 4807 qui
943 4747 1100 4791 erant
1144 4739 1285 4808 apttd
1332 4739 1714 4809 imperatorem

133 4825 378 4890 gratiosi,
423 4825 705 4880 lenitatem
758 4842 894 4881 auro
939 4827 1043 4882 siht
1087 4841 1496 4898 comparasset,
1544 4832 1716 4899 ipsius

135 4915 298 4969 etiam
349 4917 440 4971 Dei
481 4918 656 4986 legem
691 4919 948 4988 deinceps
995 4924 1343 4990 contempsit,
1391 4933 1444 4976 et
1483 4925 1714 4994 Cyprios

137 5009 380 5064 homines
413 5007 510 5064 Dei
547 5022 601 5065 et
628 5011 752 5064 ﬁdei
776 5021 1070 5076 amatores,
1103 5027 1166 5066 ac
1203 5026 1350 5068 recta
1377 5016 1707 5081 sentientes,

134 5103 385 5156 omnibus
420 5102 594 5157 modis
622 5117 822 5158 vexare
859 5105 1140 5173 cogitavit,
1173 5108 1431 5176 quoniam
1479 5109 1596 5177 ejus
1625 5110 1714 5161 iu-

133 5193 261 5248 sulte
291 5195 629 5250 habitatores
660 5197 916 5264 pietatem
949 5212 977 5248 a
1013 5197 1258 5266 patribus
1290 5199 1404 5253 suis
1456 5200 1710 5254 traditam

133 5297 436 5352 servantes,
476 5289 805 5344 recusabant
837 5304 963 5344 cum
996 5289 1115 5358 ejus
1145 5291 1424 5358 impietate
1459 5307 1710 5346 commu-

136 5378 335 5434 nicare.
366 5381 551 5449 Itaque
581 5379 745 5451 Cypri
775 5381 956 5435 sedem
993 5381 1414 5446 sanctissimam,
1435 5392 1488 5435 et
1519 5398 1544 5434 a
1569 5383 1714 5452 prin-

133 5467 276 5538 cipio
308 5469 430 5524 inde
469 5484 639 5538 usque
673 5471 740 5522 ab
767 5469 1137 5538 apostolorum
1174 5479 1417 5538 tempore
1456 5470 1707 5535 liberam,

135 5560 247 5627 ipse
270 5563 521 5631 arripere
560 5570 614 5616 et
638 5561 740 5616 sibi
781 5562 1048 5629 subjicere
1083 5575 1369 5630 aggressus
1408 5573 1510 5628 est,
1548 5563 1712 5632 idque

134 5652 200 5704 ad
224 5651 604 5718 imperatorem
633 5654 836 5718 retulit,
862 5652 1055 5706 lalsum
1089 5653 1338 5706 deferens
1373 5669 1436 5706 ac
1471 5655 1656 5708 dicens
1693 5674 1703 5708 :

136 5739 401 5804 Quoniam
431 5742 653 5796 verbum
682 5741 773 5797 Dei
807 5741 875 5796 ab
898 5741 1028 5794 urbe
1055 5739 1338 5793 Antiochia
1369 5743 1433 5794 ad
1471 5741 1705 5811 Cyprum

1823 4552 2207 4605 revelationetn
2228 4553 2467 4605 tertiam.
2495 4550 2664 4606 Nocte
2691 4552 2851 4620 igitur
2869 4561 3237 4619 cOusequente
3265 4551 3408 4605 idem

1819 4643 1904 4697 vir
1936 4643 2204 4711 apparuit,
2233 4643 2323 4710 qui
2358 4642 2574 4712 gravius
2604 4657 2724 4696 eum
2753 4644 3037 4711 increpans
3068 4661 3081 4696 :
3117 4644 3411 4710 Quousque

1818 4735 2014 4802 inquit.
2046 4751 2152 4788 non
2188 4735 2268 4788 vis
2297 4735 2521 4788 credere
2551 4734 2732 4788 verbis
2765 4736 2918 4799 nteis,
2953 4750 3073 4804 qu:e
3108 4737 3295 4790 diebus
3323 4737 3412 4789 Itis

1819 4827 2137 4895 complenda
2197 4827 2363 4879 sunt?
2411 4827 2764 4881 Proﬁciscere
2829 4828 2879 4880 ιη
2945 4829 3133 4881 urbem
3196 4831 3400 4895 regiam

1819 4931 2069 4988 protttpto
2098 4930 2148 4973 et
2175 4918 2340 4973 alacri
2375 4921 2555 4971 animo
2589 4937 2604 4974 :
2642 4919 2752 4972 illic
2782 4919 2926 4972 euitu
2963 4935 3084 4971 eum
3117 4920 3287 4985 gloria
3319 4935 3404 4973 rc-

1820 5014 2055 5067 verteris
2078 5051 2093 5076 ,
2129 5027 2306 5082 neque
2337 5012 2629 5080 quidquam
2662 5011 2788 5065 mali
2818 5013 2884 5064 ab
2911 5012 3244 5065 adversariis
3277 5028 3403 5080 pas—

1818 5120 1911 5159 sns
1945 5103 2134 5168 lucris,
2186 5119 2310 5157 cum
2371 5103 2538 5156 Deum
2580 5103 2752 5172 ipsum
2791 5114 3008 5173 proltter
3045 5118 3130 5158 nte
3177 5120 3406 5160 servum

1817 5210 1973 5248 suntn
2040 5196 2114 5246 tui
2172 5205 2525 5264 pttgttatorent
2576 5196 2802 5249 habeas.
2866 5195 3019 5249 Tunc
3063 5196 3397 5264 epiSt-Opus:

1818 5285 2030 5351 Qutcso,
2075 5286 2269 5356 inquit,
2311 5287 2526 5340 domine
2567 5288 2660 5351 tui,
2715 5289 2823 5352 dic,
2890 5289 3014 5357 quis
3057 5303 3118 5342 es
3167 5299 3256 5352 ttt,
3305 5289 3403 5358 qui

1820 5379 1932 5432 hac
1961 5393 2170 5432 mecum
2207 5377 2492 5447 loqueris?
2521 5377 2654 5432 Tum
2686 5379 2777 5434 ille
2811 5380 2884 5431 ait
2917 5394 2929 5432 :
2961 5380 3074 5449 Ego
3118 5396 3236 5434 sum
3269 5379 3402 5433 Bar-

1818 5469 2006 5532 nabas,
2033 5471 2331 5539 discipulus
2367 5469 2575 5524 Domini
2602 5473 2769 5525 nostri
2795 5471 2920 5526 Jesu
2951 5470 3180 5535 Christi,
3210 5486 3398 5540 segre-

1815 5571 1972 5629 gatus
2006 5578 2031 5615 a
2067 5561 2267 5630 Spiritu
2315 5574 2526 5630 sancto,
2579 5571 2634 5616 nl
2667 5580 2770 5616 una
2806 5580 2926 5616 cum
2954 5563 3120 5616 Paulo
3150 5567 3400 5627 apostolo

1816 5653 2101 5707 electionis
2123 5669 2245 5707 vase
2267 5670 2461 5709 munus
2492 5656 2847 5724 apostolicum
2881 5657 3022 5708 inter
3043 5666 3227 5726 gentes
3245 5672 3402 5711 exer-

1816 5759 2020 5799 cerem.
2076 5743 2244 5814 Ilujus
2295 5746 2368 5800 rei
2421 5747 2629 5817 signum
2681 5750 2780 5802 hoc
2837 5750 3036 5802 habeas
3074 5763 3087 5800 :
3124 5747 3400 5815 Egredere
