3946 6318
551 237 695 303 4103

1764 245 2209 309 ALEXANDRI
2255 248 2599 312 MONACIII

3695 267 3807 332 4101

552 359 708 402 extra
739 347 929 402 urbem
973 348 1312 404 occidentem
1344 365 1536 407 versus
1563 352 1754 408 stadiis
1783 357 2046 424 quinque,
2078 355 2128 408 in
2165 360 2202 412 A
2235 368 2340 420 est,
2372 357 2574 414 divinae
2604 362 2793 429 gratiae
2838 364 3056 422 divitias
3088 367 3397 434 admirans,
3444 374 3597 441 quod
3624 374 3802 444 imperii

546 454 670 493 eam
708 438 1002 509 regionem,
1053 452 1173 507 qua:
1206 438 1468 496 Sanitatis
1496 442 1647 499 locus
1678 446 1981 515 appellatur
2018 447 2137 514 (per

545 546 634 586 me
661 530 806 587 enlm
845 531 987 585 Deus
1018 533 1132 599 ipse
1183 532 1379 587 inloco
1422 534 1511 589 illo
1545 537 1804 591 miracula
1834 538 2047 604 eIIicit),
2080 549 2136 593 et

545 622 649 677 sub
681 621 878 676 arbore
918 622 1123 691 Siliqtta
1152 622 1379 679 ell'odias
1411 645 1426 680 :
1457 627 1770 695 speluncam
1797 630 1943 683 enim
1971 637 2134 699 atque

545 728 729 768 arcam
760 712 1029 778 invenies,
1087 715 1343 783 quoniam
1373 716 1486 772 illic
1517 727 1690 773 totum
1718 734 1916 790 corpus
1950 724 2133 776 meum

545 801 824 856 conditum
856 812 964 867 est,
984 813 1033 856 et
1057 802 1405 873 Evangelium
1439 821 1599 861 manu
1629 810 1845 878 propria
1864 808 2129 879 scriptum

542 895 685 962 quod
718 908 749 946 a
783 902 975 949 sancto
1015 896 1263 964 apostolo
1297 907 1351 951 et
1386 900 1717 967 evangelista
1743 900 1997 957 Matthaeo
2030 917 2130 958 ex-

544 986 685 1054 cepi.
705 984 968 1050 Quoniam
988 1002 1122 1041 vero
1143 989 1441 1043 adversarii
1465 990 1538 1044 tui
1561 1008 1774 1047 sursum
1798 1003 1854 1049 et
1873 994 2127 1050 deorsum

542 1078 836 1131 miscentes
872 1080 1079 1141 omnia,
1110 1090 1165 1133 et
1202 1081 1324 1149 jura
1376 1085 1622 1151 quaedam
1667 1086 2010 1154 objicientes,
2048 1098 2128 1144 te-

539 1184 662 1224 cum
692 1169 1021 1239 disceptant,
1048 1172 1353 1229 Antiochiae
1392 1175 1574 1231 sedem
1621 1178 1972 1247 apostolicam
2004 1194 2128 1236 esse

539 1262 958 1326 contendentes,
989 1274 1042 1318 et
1086 1275 1142 1319 tu
1176 1267 1478 1338 contrajus
1511 1279 1663 1323 tuum
1701 1270 1805 1325 illis
1829 1286 2070 1341 opponas
2104 1288 2120 1325 :

536 1353 608 1408 Et
648 1369 796 1417 mea,
847 1355 1136 1423 inquiens,
1194 1359 1352 1414 sedes
1400 1362 1696 1430 apostolica
1735 1372 1862 1417 est:
1911 1378 2036 1417 nam
2069 1375 2124 1419 et

540 1442 847 1510 apostolum
880 1443 1054 1500 habeo
1077 1447 1129 1501 in
1156 1448 1328 1514 patria
1356 1463 1493 1502 mea.
1518 1449 1611 1504 llis
1635 1450 1814 1515 dictis,
1850 1449 2122 1507 Barnabas

536 1533 809 1592 discessit.

606 1632 799 1702 XXXI.
833 1647 1133 1718 Episcopus
1165 1664 1297 1705 vero
1320 1663 1698 1720 experrectus,
1727 1654 1891 1709 Deum
1921 1656 2119 1711 adora-

533 1741 632 1805 vit,
690 1749 912 1810 totoque
954 1740 1099 1795 clero
1134 1751 1189 1795 et
1232 1744 1430 1811 populo
1477 1744 1680 1800 Christi
1732 1749 2110 1804 amantissimo

540 1841 896 1901 congregato,
947 1830 1083 1885 exiit
1111 1831 1164 1885 in
1191 1847 1315 1885 eum
1360 1833 1561 1899 locum,
1596 1851 1753 1904 quem
1783 1854 1879 1907 per
1911 1838 2118 1895 revela-

531 1922 737 1975 tionetn
795 1921 1096 1988 didicerat,
1140 1923 1311 1979 multo
1358 1938 1642 1994 apparatu,
1690 1938 1744 1983 et
1790 1945 1951 1987 cruce
1999 1932 2117 2001 ipsa

531 2015 777 2081 praelata.
823 2014 1067 2085 Cumque
1112 2031 1302 2087 preces
1342 2018 1408 2073 ad
1433 2018 1600 2075 Deum
1651 2022 1910 2089 misisset,
1953 2023 2119 2092 jussit

532 2105 711 2159 locum
761 2104 922 2160 eﬁ'odi
956 2122 970 2158 :
1008 2119 1169 2174 quem
1215 2116 1502 2177 postquam
1549 2109 1769 2179 paulum
1815 2111 2115 2177 (odissent,

531 2199 861 2254 invenerunt
896 2198 1210 2268 speluncam
1277 2201 1551 2272 lapidibus
1586 2203 1942 2260 obstructam.
2001 2206 2117 2262 Illis

533 2301 713 2346 autem
742 2290 997 2359 sublatis,
1028 2294 1283 2363 apparuit
1313 2309 1441 2350 arca
1462 2293 1549 2351 illa
1583 2311 1597 2348 :
1632 2311 1738 2367 qua
1770 2297 2002 2363 detecta,
2032 2299 2116 2352 iu-

531 2392 805 2437 venerunt
842 2387 1191 2443 venerandas
1229 2388 1403 2443 sancti
1435 2398 1493 2444 et
1518 2390 1852 2446 venerabilis
1882 2391 2114 2462 apostoli

543 2473 807 2529 Barnabas
846 2475 1124 2546 reliquias,
1165 2493 1388 2534 suavem
1422 2481 1610 2549 gratia:
1649 2481 1951 2551 spiritualis
1982 2484 2117 2538 odo-

534 2581 648 2620 rem
674 2566 968 2636 spirantes,
1010 2569 1338 2627 invenerunt
1370 2574 1534 2628 etiam
1566 2573 1919 2644 Evangelium
1948 2589 2114 2645 supra

531 2656 795 2714 Barnabaa
828 2669 1018 2729 pectus
1043 2661 1377 2730 impositum.
1403 2661 1555 2718 Illam
1571 2679 1703 2721 vero
1728 2681 1908 2722 arcam
1941 2668 2117 2737 plnm-
2165 2709 2168 2711 λ

529 2752 633 2806 beo
656 2750 833 2821 sigillo
867 2753 1199 2809 tnunierunt.
1231 2754 1474 2827 Cumque
1499 2758 1664 2813 Deum
1691 2761 1894 2829 precati
1932 2772 2116 2818 essent

530 2850 585 2895 et
615 2840 962 2909 adorassenl,
997 2844 1389 2912 discesserunt,
1425 2848 1559 2904 viris
1596 2851 1864 2922 religiosis
1892 2855 1963 2911 in
1995 2856 2113 2912 loco

531 2934 626 2989 illo
658 2934 727 2989 ab
756 2936 872 3005 ipso
900 2936 1158 3006 episcopo
1188 2940 1524 3007 constitutis,
1567 2944 1658 3013 qui
1691 2947 2016 3014 vespertinis
2057 2958 2113 3005 et

2244 450 2325 501 sui
2361 454 2697 517 temporibus
2741 465 2950 510 tantum
3006 459 3327 515 miraculum
3378 480 3409 517 a
3462 463 3587 520 Deo
3636 465 3805 523 factum

2238 554 2615 608 cognosreret.

2312 632 2552 691 XXXIII.
2588 637 2740 693 Tunc
2771 641 3124 699 Antiochena:
3146 645 3297 702 urbis
3331 649 3656 719 episcopum
3687 653 3807 710 illinc

2237 725 2463 793 expulit,
2504 737 2558 781 et
2598 728 2784 798 jussit,
2837 742 2895 786 ut
2938 734 2989 787 itt
3029 745 3307 804 posterum
3341 739 3513 811 Cypri
3559 746 3804 815 episcopo,

2235 818 2380 887 quod
2401 822 2469 874 ad
2497 836 2616 876 eam
2649 838 2872 879 causam
2905 830 3234 894 pertinebat,
3279 833 3414 887 nihil
3447 837 3682 891 omnino
3717 857 3810 893 uto-

2234 907 2407 965 Iestus
2457 925 2623 969 esset.
2671 913 2898 970 Beatum
2948 934 3075 973 vero
3121 922 3475 980 Anthemium
3520 930 3809 998 episcopum

2233 1000 2308 1056 ita
2338 1005 2591 1073 rogavit:
2623 1005 2892 1073 Quoniam
2935 1013 3111 1066 sancti
3157 1016 3514 1083 pontiﬁcatus
3564 1022 3643 1075 tui
3693 1032 3809 1078 tem-

2231 1096 2456 1166 poribus
2510 1097 2745 1155 Domino
2774 1112 2966 1157 nostro
3013 1103 3145 1161 .lesu
3176 1105 3402 1163 Christo
3448 1112 3683 1181 placuit,
3702 1130 3813 1169 san-

2232 1194 2380 1240 ctum
2418 1202 2577 1243 suum
2646 1193 2953 1261 apostolum
2999 1195 3301 1253 Barnabam
3359 1202 3648 1267 revelare,
3679 1205 3809 1274 jubr,

2228 1291 2437 1345 qnzeso,
2466 1280 2720 1336 celeriter
2765 1282 3118 1355 Evangelium
3164 1289 3314 1356 illud,
3346 1295 3497 1363 quod
3546 1296 3809 1352 inventum

2225 1379 2329 1435 εει,
2363 1369 2518 1425 nobis
2555 1370 2761 1427 aﬂ’erri.
2805 1373 2863 1429 Id
2909 1377 2954 1431 si
3004 1376 3219 1444 feceris,
3254 1383 3388 1437 mihi
3428 1384 3555 1440 ﬁlio
3584 1396 3676 1441 tuo
3709 1406 3809 1459 gra.

2226 1457 2500 1513 tissimum
2528 1463 2641 1516 crit
2676 1482 2690 1516 :
2725 1466 2950 1521 habebis
2998 1471 3145 1524 enim
3176 1480 3232 1526 et
3274 1474 3549 1543 mcipsum
3600 1457 3807 1548 posthac

2228 1548 2345 1613 tibi,
2387 1560 2564 1617 pater,
2612 1554 2665 1607 in
2704 1557 2959 1613 omnibus
3004 1562 3500 1632 obtemperantem.
3545 1570 3807 1630 Asseusus

2225 1650 2313 1693 est
2348 1641 2467 1710 ejus
2512 1645 2758 1711 petitioni
2800 1649 3107 1719 episcopus,
3147 1662 3201 1705 et
3249 1659 3547 1724 quemdam
3614 1675 3682 1715 ex
3723 1666 3803 1728 iis,

2223 1744 2361 1798 quos
2393 1747 2575 1787 secum
2621 1737 2876 1801 habebat,
2910 1754 3015 1793 una
3052 1756 3182 1797 cum
3228 1744 3554 1803 ﬁdelissimo
3581 1751 3806 1820 impera-

2223 1824 2357 1877 toris
2391 1827 2641 1883 ministro
2669 1830 2984 1901 episcopum
3014 1835 3186 1902 misit,
3226 1840 3317 1909 qui
3347 1840 3715 1913 Evangelium
3750 1848 3805 1901 il-

2222 1910 2310 1964 lud
2357 1914 2410 1967 in
2455 1917 2645 1971 urbem
2688 1918 3222 1993 Coastantinopolim
3275 1910 3605 1988 attulerunt.
3652 1935 3803 1992 Erant

2222 2012 2401 2058 autem
2435 2004 2558 2060 libri
2599 2009 2809 2064 tabella:
2837 2012 3043 2082 thyinis
3071 2014 3233 2085 lignis
3254 2023 3606 2091 compositae.
3638 2026 3801 2083 Evan-

2220 2095 2417 2164 gelimn
2451 2096 2580 2151 illud
2612 2100 2914 2169 imperator
2942 2103 2999 2157 in
3037 2121 3231 2163 manus
3257 2114 3520 2181 sumpsit,
3564 2126 3622 2171 et
3655 2118 3802 2174 deos-

2219 2186 2433 2242 culatus
2453 2200 2557 2253 est,
2587 2206 2832 2261 auroque
2858 2195 3029 2250 multo
3058 2210 3383 2257 exornatum
3403 2204 3460 2258 in
3487 2207 3695 2275 palatio
3714 2225 3803 2267 suo

2222 2280 2492 2347 reposuit,
2534 2281 2624 2337 ubi
2673 2286 2740 2340 ad
2771 2285 3098 2343 hodiernum
3149 2305 3325 2363 usque
3342 2294 3494 2351 diem
3535 2312 3802 2368 servatur,

2220 2383 2275 2425 et
2305 2372 2356 2425 in
2382 2389 2575 2446 magna
2617 2377 2809 2446 quinta
2842 2378 3069 2439 Pascha:
3099 2382 3236 2438 feria
3277 2390 3585 2457 quotannis
3630 2393 3685 2447 in
3717 2410 3803 2463 pa-

2219 2461 2334 2518 latii
2361 2468 2601 2523 oratorio
2625 2468 2979 2543 Evangelium
3006 2489 3071 2530 ex
3102 2490 3170 2533 eo
3191 2478 3332 2534 libro
3357 2484 3652 2541 recitatur.
3688 2461 3804 2558 Elpi-

2219 2571 2441 2628 scopum
2474 2574 2604 2616 vero
2634 2561 2983 2619 Anthemium
3020 2569 3236 2639 magnis
3270 2571 3580 2632 honoribus
3624 2594 3804 2647 prose-

2219 2660 2398 2716 cutus,
2435 2652 2682 2720 pecuniis
2714 2656 2902 2712 multis
2919 2659 3199 2727 donatum,
3226 2662 3292 2719 ad
3316 2664 3556 2721 insulam
3574 2668 3806 2740 Cyprum

2220 2741 2455 2810 remisit,
2492 2744 2653 2815 eique
2680 2749 2960 2806 mandavit
2997 2761 3057 2807 ut
3091 2764 3281 2812 sancto
3303 2760 3558 2827 apostolo
3603 2761 3808 2817 Barna~

2220 2834 2303 2890 ba:
2349 2839 2609 2907 templum
2659 2840 2713 2894 iu
2756 2855 2823 2896 eo
2862 2842 2985 2899 loco
3027 2846 3299 2915 erigeret,
3343 2850 3436 2904 ubi
3488 2857 3808 2915 venerande

2220 2928 2391 2998 ipsius
2416 2930 2661 3000 reliquiae
2694 2932 2928 2989 inventa:
2950 2934 3184 2991 fuerant.
3214 2937 3365 2994 Multi
3395 2953 3588 2995 autem
3625 2959 3694 2999 ex
3723 2960 3809 3015 op-

529 3029 812 3082 matutiuis
846 3028 1063 3098 hymnis
1094 3028 1266 3085 Deum
1291 3031 1686 3090 collaudarent.
1715 3037 1811 3092 Ille
1830 3037 1996 3109 igitur
2024 3042 2109 3095 in-

2219 3019 2466 3074 titnatum
2497 3036 2725 3078 numero
2771 3037 2872 3094 pro
2902 3024 3046 3081 illius
3078 3029 3262 3098 templi
3299 3030 3682 3092 aediﬁcatione
3725 3052 3811 3108 pe-

529 3117 801 3185 siguiores
828 3117 1114 3188 episcopos
1134 3134 1322 3175 secum
1367 3123 1595 3191 habens,
1633 3127 1786 3182 venit
1821 3129 1875 3183 in
1916 3129 2109 3185 urbem

530 3210 735 3279 regiam
764 3209 1324 3284 Constantinopolim,
1349 3225 1405 3271 et
1427 3217 1495 3272 ad
1528 3220 1852 3289 patriarcha:
1881 3224 2104 3281 domum

527 3302 793 3359 deductus
819 3316 925 3360 est
958 3305 1033 3360 De
1060 3308 1214 3378 cujus
1248 3308 1482 3364 adventu
1515 3327 1638 3367 cum
1677 3314 1980 3385 imperator
2009 3334 2111 3374 au-

523 3395 772 3461 divisset,
796 3396 1121 3465 patriarchae
1149 3398 1250 3469 ipsi
1284 3402 1585 3470 mandavit,
1616 3414 1672 3458 ut
1697 3421 1821 3462 cum
1875 3408 2104 3479 synodo,

524 3503 644 3555 qua:-
680 3488 808 3543 illuc
851 3503 1201 3557 convenerat,
1248 3493 1490 3548 omnium
1529 3497 1760 3564 partium
1789 3506 2109 3554 controver-

523 3583 660 3635 siam
708 3581 956 3648 audiret,
995 3593 1051 3638 et
1107 3585 1254 3654 quod
1298 3586 1372 3641 illi
1420 3588 1701 3644 videretur
1767 3592 2103 3648 decerneret.

522 3671 725 3729 Coacto
777 3675 941 3745 igitur
973 3678 1226 3743 concilio,
1256 3694 1380 3733 cum
1420 3695 1583 3736 causa
1628 3682 1714 3736 illa
1753 3693 2104 3751 tractaretur,

522 3768 820 3822 adversarii
868 3768 1168 3824 aIl‘erebant
1215 3786 1311 3824 sua
1339 3772 1484 3840 jura,
1515 3782 1573 3826 ut
1614 3775 1716 3828 sibi
1756 3775 2100 3843 videbantur,

523 3860 665 3929 quod
714 3862 1055 3916 Antiochena
1103 3862 1261 3918 sedes
1301 3865 1596 3931 apostolica
1642 3878 1696 3922 et
1739 3869 2100 3936 patriarchiea

521 3951 675 4004 sedes
703 3959 848 4004 esset
875 3970 887 4004 :
919 3952 987 4005 ob
1018 3951 1179 4020 idqtte
1210 3954 1613 4009 contendebant
1644 3965 1695 4010 et
1721 3956 1855 4011 alias
1881 3956 2122 4027 provier

518 4042 632 4095 cias
666 4043 766 4095 sibi
801 4043 1071 4110 subjectas
1095 4060 1216 4099 esse
1248 4047 1469 4101 debere.

588 4133 804 4188 XXXII.
841 4124 964 4191 Ilaec
1016 4153 1137 4190 ctttn
1171 4149 1501 4204 assererem,
1543 4141 1648 4206 iis,
1674 4143 1764 4209 qui
1805 4150 2100 4211 prtesentes

515 4236 690 4293 erant,
728 4230 923 4283 rationi
956 4243 1319 4286 consentanea
1364 4234 1544 4289 dicere
1578 4234 1923 4290 videbantur.
1964 4236 2099 4291 Bea-

520 4329 611 4374 tus
631 4335 764 4374 vero
799 4323 1124 4377 Anthemius
1173 4310 1388 4392 paulum
1439 4337 1702 4394 moratus,
1732 4338 1920 4382 contra
1959 4327 2096 4397 obji-

515 4412 667 4465 cietts
693 4430 705 4465 :
743 4411 811 4466 Et
829 4426 969 4477 mea,
998 4414 1193 4483 inquit,
1222 4415 1378 4470 sedes
1400 4418 1691 4485 apostolica
1723 4418 1825 4471 fuit
1851 4419 1975 4474 inde
2005 4434 2093 4474 us-

516 4519 621 4570 que
655 4519 681 4554 a
719 4504 987 4574 principio
1035 4516 1091 4558 et
1126 4506 1379 4561 libertate
1415 4509 1700 4576 honorata,
1731 4510 1820 4579 qui
1849 4519 1904 4564 et
1965 4526 2095 4580 apo-

518 4595 717 4651 stolum
754 4597 927 4653 habeo
959 4599 1010 4652 iu
1041 4601 1215 4667 patria
1266 4615 1383 4655 mea
1438 4603 1650 4672 integro
1705 4619 1932 4673 corpore
1965 4618 2096 4659 con-

450 4672 458 4679 ’
514 4701 773 4756 stantem,
826 4692 1218 4758 beatissimum,
1268 4695 1507 4764 inquam,
1571 4696 1718 4749 illum
1766 4695 2091 4765 Barnabatn,

514 4795 830 4839 sanctarum
886 4783 1100 4838 laudum
1159 4789 1445 4856 praeconiis
1499 4786 1936 4846 celeberrinmm.
1983 4788 2096 4846 Hoc

518 4895 642 4933 eum
679 4879 1001 4934 Anthemius
1032 4879 1395 4947 opposuisset,
1441 4878 1574 4933 nihil
1621 4879 1723 4933 loci
1765 4880 2094 4935 adversariis

518 4972 766 5025 relictum
811 4980 915 5036 est,
948 4986 1073 5024 cum
1115 4971 1377 5040 episcopi,
1424 4971 1517 5041 qui
1562 4981 1861 5041 prmsentes
1912 4981 2091 5037 erant,

517 5063 735 5118 silentio
759 5061 1035 5115 Anthemii
1064 5063 1368 5115 orationem
1403 5061 1839 5116 conﬁrmassent.
1887 5062 2091 5116 Adver-

513 5154 643 5211 ειη-11
687 5167 817 5208 \ero
853 5153 954 5223 ipsi
995 5155 1192 5206 rubore
1242 5151 1468 5222 perfusi,
1516 5152 1649 5206 muti
1687 5165 2088 5220 remanserunt,

515 5262 779 5318 responso
814 5246 903 5300 illo
935 5256 1043 5299 tam
1086 5244 1230 5313 justo
1254 5243 1511 5312 perculsi.
1548 5242 1673 5298 Hrec
1703 5259 1825 5298 cum
1858 5244 2092 5313 impera-

458 5321 468 5333 ’
513 5349 597 5392 tur
632 5337 949 5399 audivisset,
982 5336 1291 5406 episcopum
1328 5333 1488 5405 Cypri
1524 5334 1589 5387 ad
1614 5349 1672 5388 se
1700 5334 2090 5404 accersirijus-

513 5431 608 5496 sit,
649 5429 793 5484 etde
839 5429 1169 5483 revelatione
1208 5428 1381 5480 sancti
1418 5426 1644 5496 apostoli
1677 5422 1936 5480 Barnabae
1967 5425 2089 5481 dili-

508 5534 698 5593 genter
747 5523 815 5576 ab
855 5535 919 5575 co
943 5520 1210 5591 quaesivit.
1244 5519 1336 5573 Ille
1367 5520 1498 5573 nihil
1537 5533 1601 5572 ex
1642 5519 1744 5583 his,
1802 5534 1921 5585 qua:
1963 5532 2086 5572 vera

510 5626 860 5687 cognoverat,
892 5614 1202 5679 occultavit,
1230 5614 1322 5668 sed
1348 5613 1541 5667 ordine
1582 5626 1692 5665 rem
1725 5624 1943 5663 omnem
1982 5610 2087 5664 itu-

508 5705 746 5773 pct'atori
787 5707 1042 5761 narravit.
1084 5705 1174 5760 Ille
1225 5706 1337 5759 haec
1366 5704 1610 5768 audiens,
1664 5702 1817 5757 valde
1865 5703 2081 5772 satisus

2217 3110 2433 3164 cuniam
2464 3110 2843 3169 contulerunt.

2284 3200 2526 3257 XXXIV.
2570 3201 2663 3258 Ille
2709 3203 2877 3276 igitur
2908 3207 2960 3261 in
2997 3206 3234 3277 Cyprum
3273 3226 3562 3283 reversus,
3608 3218 3807 3273 multos

2214 3292 2458 3347 artiﬁces
2485 3303 2650 3361 atque
2676 3296 2960 3364 operarios
2980 3297 3215 3370 collegit,
3236 3312 3291 3355 et
3314 3303 3678 3360 :cdiﬁcationi
3706 3322 3806 3363 non

2212 3384 2542 3439 mediocrem
2573 3401 2794 3455 operam
2822 3389 2991 3455 dedit,
3019 3400 3073 3445 et
3095 3394 3340 3461 apostolo
3375 3394 3650 3453 Barnabze
3672 3411 3806 3454 tern-

2214 3474 2360 3544 plum
2414 3478 2573 3531 valde
2622 3493 2877 3544 magnum
2928 3491 3039 3538 tum
3086 3484 3338 3550 aediﬁcio,
3389 3496 3506 3540 tum
3547 3490 3724 3543 multo
3756 3499 3807 3545 et

2214 3566 2368 3619 vario
2391 3577 2593 3621 ornatu
2630 3569 2844 3641 insigne
2874 3576 3208 3630 construxit.
3237 3577 3318 3630 Ad
3359 3584 3482 3632 eam
3512 3595 3649 3635 vero
3680 3593 3808 3637 tem-

2212 3657 2285 3728 pli
2308 3670 2537 3727 partem.
2557 3677 2677 3731 quae
2705 3665 2770 3718 ad
2793 3665 3016 3738 Libyam
3040 3679 3276 3738 spectat,
3306 3670 3488 3725 aulam
3507 3675 3805 3743 quamdam

2209 3754 2542 3821 composuit,
2595 3767 2827 3825 quatuor
2882 3761 3127 3830 porticus
3171 3763 3496 3831 habentem,
3546 3777 3609 3819 et
3639 3768 3804 3821 cellas

2209 3845 2338 3901 hinc
2371 3855 2534 3917 atque
2572 3847 2723 3904 illinc
2763 3865 2793 3904 e
2825 3852 3052 3922 regione
3091 3855 3193 3910 sibi
3243 3858 3529 3925 oppositas
3586 3860 3643 3912 in
3682 3858 3804 3910 aula

2206 3942 2536 4007 construxit,
2571 3952 2624 3993 ιιι
2666 3943 2757 4011 qui
2803 3944 2988 3999 divina
3019 3945 3193 4001 oﬂicia
3234 3948 3287 4003 in
3324 3951 3531 4021 templo
3562 3951 3664 4005 illo
3684 3967 3804 4005 mo-

2205 4030 2367 4084 nachi
2413 4032 2778 4096 celebrarent,
2816 4036 2870 4089 in
2919 4037 3026 4092 illis
3064 4039 3217 4101 cellis
3268 4040 3518 4097 habitare
3551 4054 3799 4112 possent.

2205 4120 2347 4187 Quin
2381 4124 2545 4177 etiam
2597 4138 2628 4178 e
2659 4125 2947 4196 longinqua
2993 4132 3215 4199 regione
3252 4147 3408 4200 aqua:
3443 4137 3672 4189 ductum
3711 4138 3803 4191 de-

2206 4214 2368 4267 rivari
2415 4214 2564 4281 fecit,
2599 4224 2654 4271 et
2700 4218 2754 4272 iu
2795 4221 2972 4275 medio
3013 4222 3153 4276 atrio
3184 4224 3449 4277 concham
3496 4227 3799 4293 quamdam

2203 4305 2623 4375 pulcherrimam
2654 4312 2983 4378 construxit,
3015 4313 3067 4367 in
3102 4330 3263 4383 quam
3289 4331 3432 4386 aqua
3471 4317 3565 4371 illa
3593 4317 3798 4372 deﬂue-

2204 4408 2308 4463 ret,
2358 4410 2418 4453 ut
2469 4410 2579 4456 tam
2623 4404 2715 4472 qui
2770 4405 2925 4459 eoin
2966 4406 3084 4461 loco
3128 4410 3667 4479 habilabant,quam
3706 4412 3796 4479 qui

2196 4507 2426 4564 peregre
2465 4495 2767 4560 venissent,
2808 4481 3023 4553 abunde
3057 4502 3213 4569 aquis
3251 4503 3360 4556 illis
3384 4502 3493 4557 frui
3540 4515 3793 4573 possent.

2197 4585 2363 4641 Multa
2392 4590 2558 4644 etiam
2586 4590 2691 4645 alia
2740 4594 2977 4662 hospitia
3011 4592 3118 4646 illic
3146 4594 3461 4661 :cdilicavit,
3495 4596 3555 4649 in
3588 4599 3797 4666 quibus

2195 4683 2469 4751 peregrini
2499 4692 2553 4736 et
2581 4683 2822 4753 hospites
2846 4688 3082 4742 recreari
3114 4698 3358 4756 possent,
3389 4688 3463 4741 ita
3494 4699 3555 4741 ut
3590 4691 3689 4758 qui
3720 4691 3796 4745 lo-

2197 4786 2321 4825 cum
2354 4772 2501 4827 illum
2543 4774 2786 4840 vidisset,
2815 4793 2991 4845 parvae
3031 4778 3261 4848 alicujus
3293 4787 3347 4833 et
3373 4778 3647 4849 jucunda:
3699 4799 3795 4836 ur-

2196 4863 2282 4919 bis
2333 4864 2558 4935 ﬁgurant
2593 4867 2777 4920 videte
2832 4869 2933 4922 sibi
2985 4869 3133 4924 visus
3176 4882 3347 4926 esset.
3406 4874 3545 4928 Dein
3605 4891 3795 4929 arcam

2197 4956 2379 5021 illatn,
2432 4958 2484 5010 in
2525 4974 2630 5027 qua
2686 4959 2949 5015 Barnahte
2997 4964 3223 5033 apostoli
3252 4965 3499 5036 reliquias
3551 4970 3796 5024 condita

2194 5062 2375 5115 erant,
2422 5050 2743 5117 in,dextera
2798 5070 2966 5109 sacrae
3009 5072 3116 5110 arae
3147 5067 3301 5126 parte
3323 5060 3653 5127 collocavit,
3700 5064 3797 5132 qui

2195 5144 2347 5198 locus
2372 5144 2542 5199 multo
2578 5156 2806 5214 argento
2833 5158 2888 5203 et
2922 5152 3242 5207 marmoreis
3262 5152 3545 5211 columnis
3560 5167 3795 5209 ornatus

2195 5248 2332 5290 erat.
2364 5236 2516 5291 Diem
2550 5252 2678 5293 vero
2702 5237 2922 5306 festum,
2957 5255 3064 5309 quo
3096 5242 3237 5297 beati
3268 5245 3501 5313 apostoli
3540 5258 3598 5301 et
3618 5262 3794 5317 gene-

2196 5333 2303 5385 rosi
2343 5331 2597 5402 martyris
2627 5331 2889 5387 Barnabte
2925 5336 3185 5388 memoria
3238 5335 3645 5402 celebraretur,
3682 5338 3794 5391 Pa-

2194 5433 2306 5479 tres
2358 5427 2444 5492 agi
2504 5440 2602 5495 per
2666 5425 2908 5491 singulos
2972 5419 3144 5481 annos
3196 5428 3664 5493 constituerunt,
3733 5444 3791 5482 tu

2192 5516 2313 5573 Idus
2359 5515 2527 5584 Junii,
2570 5526 2629 5570 ut
2675 5517 2906 5571 Itotnaui
2953 5527 3286 5574 numerant:
3322 5530 3380 5573 ut
3418 5536 3559 5575 vero
3600 5519 3793 5591 Cyprii

2192 5604 2664 5675 Ctmstautiettses,
2700 5610 2785 5665 die
2826 5611 3113 5664 undecimo
3155 5611 3274 5680 ejus
3328 5614 3564 5679 utensis,
3596 5613 3693 5683 qui
3724 5608 3793 5664 ab

2194 5704 2297 5759 iIILS
2351 5700 2551 5758 dicitur
2594 5701 2864 5770 M'sores,
2918 5714 2971 5757 et
3015 5703 3255 5759 decimus
3300 5716 3634 5761 numeratur
3672 5722 3687 5760 :
3736 5710 3795 5757 cl.
