3896 6306
115 336 252 404 4105

1104 332 1490 400 LAUDATIO
1525 333 1605 395 IN
1647 329 1910 392 APOST.
1940 322 2376 391 BERNABAM.

3240 319 3381 383 4106

119 471 295 515 autem
326 456 514 511 Asiani
543 455 813 518 homines,
850 455 933 510 vel
959 454 1147 524 Paphii
1185 460 1496 516 numerant,
1544 449 1690 505 dcci-
1720 447 1773 506 A
1800 445 1976 499 monis
1997 451 2370 514 paupertatem
2393 439 2642 512 exiguam
2663 437 2810 494 illam
2834 437 3074 506 quidem,
3097 437 3189 493 sed
3208 452 3378 508 prmu-

118 566 205 604 mo
229 563 370 602 nono
402 545 628 610 mensis,
684 545 773 614 qui
817 544 1138 614 Phthipatus
1163 544 1383 608 dicitur,
1420 549 1475 596 et
1518 553 1694 594 nonus

116 648 454 695 numeratur.
487 636 599 691 Hoc
626 637 791 708 igitur
826 637 955 690 anni
985 647 1228 706 tempore
1253 639 1308 690 in
1343 649 1466 689 eum
1489 633 1692 697 locum,

117 743 276 801 quem
299 747 465 802 supra
495 730 755 798 diximus,
798 730 1028 801 gentiles
1061 728 1310 800 plurima:
1337 725 1691 788 conveniunt,

118 835 172 878 et
199 825 382 879 divina
411 821 584 879 ollicia
618 824 1004 879 concelebrant
1033 822 1086 876 in
1112 821 1340 892 gloriam
1369 818 1567 882 Patris,
1599 815 1690 871 Fi-

117 912 196 977 lii,
222 921 270 966 et
306 911 544 981 Spiritus
588 913 790 979 sancti,
825 913 912 968 cui
944 913 1170 968 debetur
1194 911 1363 982 gloria
1399 909 1452 964 in
1502 906 1696 963 secula

117 1005 464 1059 saculorum.
488 1003 682 1058 Amen.

189 1094 410 1150 XXXV.
455 1095 834 1163 Reliquiarum
862 1097 1037 1151 sancti
1067 1095 1302 1166 apostoli
1327 1091 1592 1148 Barnabae
1616 1106 1699 1146 re-

121 1189 319 1246 velatio
345 1189 420 1244 ita
453 1203 512 1245 se
532 1189 742 1254 habuit,
777 1199 836 1243 ut
859 1189 1120 1244 diximus.
1157 1189 1287 1257 Quae
1314 1202 1445 1243 vero
1461 1188 1699 1242 miracu-

120 1283 168 1337 la
196 1283 440 1352 quotidie
494 1297 523 1335 a
565 1282 912 1338 sanctissimo
963 1283 1134 1350 ipsius
1179 1281 1434 1351 sepulcro
1485 1276 1700 1333 abunde

121 1375 565 1444 proﬁciscuntur,
601 1388 662 1427 ea
685 1374 728 1427 si
759 1375 884 1443 quis
915 1373 1261 1429 conscribere
1289 1370 1437 1435 velit,
1466 1385 1532 1424 ne
1563 1369 1702 1424 mul-

121 1465 188 1520 tis
217 1465 434 1534 quidem
487 1466 852 1522 voluminibus
904 1465 986 1537 (ut
1033 1465 1251 1535 Opinor)
1295 1463 1383 1518 illa
1415 1459 1699 1530 complecti

121 1558 342 1628 poterit.
379 1557 490 1613 Nos
535 1558 700 1628 igitur
739 1559 804 1612 ad
835 1573 1050 1624 eorum,
1081 1572 1202 1628 qua:
1248 1571 1408 1626 supra
1437 1554 1696 1616 diximus,

84 1639 436 1704 'utemoriam'
489 1650 780 1705 redeuntes
806 1689 822 1715 ,
865 1651 1040 1706 virum
1085 1651 1226 1706 hunc
1275 1648 1496 1719 pietatis
1538 1659 1700 1700 causa

115 1743 374 1797 omnibus
415 1743 802 1798 certaminibus
843 1743 1063 1815 egregie
1108 1741 1374 1808 functum,
1416 1740 1486 1796 ob
1536 1739 1701 1807 idque

1797 546 1944 605 ptam
1973 544 2143 600 certe,
2173 540 2451 603 acceptam
2486 532 2715 595 habens,
2750 545 2847 600 pro
2879 530 3034 584 nobis
3052 531 3191 597 apud
3225 544 3375 592 eum,

1798 643 1960 697 quem
1990 626 2247 691 dilexisti,
2278 625 2556 679 Christum
2588 622 2926 690 unigenitum
2963 622 3053 676 Dei
3078 619 3278 675 Filium
3323 631 3379 674 et

1799 721 2060 784 Verbum,
2097 719 2434 774 intercedere
2467 733 2570 773 non
2594 719 2862 797 graveris,
2893 727 2951 772 ut
2978 717 3067 772 ille
3087 732 3116 770 a
3143 733 3386 787 praesen-

1804 816 1838 871 ti
1884 823 1938 869 et
1987 813 2261 870 laborioso
2313 812 2415 866 hoc
2465 812 2663 867 saeculo
2707 827 2808 867 nos
2850 812 3068 881 eripiat,
3119 813 3387 881 uobisque

1801 907 2080 971 concedat,
2109 914 2166 958 ut
2199 902 2576 958 remissionem
2621 911 2993 972 peccatorum,
3027 903 3380 957 clementiam

1803 1011 1856 1056 et
1912 997 2348 1054 misericordiam
2393 996 2618 1050 multam
2674 1011 3036 1066 assequamur
3081 996 3135 1050 in
3178 997 3268 1050 illo
3297 996 3384 1050 die

1805 1089 2062 1154 terribili,
2103 1104 2227 1143 cum
2255 1088 2467 1143 venerit
2493 1088 2744 1158 judicare
2776 1090 2928 1143 vivos
2957 1099 3012 1143 et
3038 1099 3305 1148 mortuos.

1874 1182 2117 1237 XXXVI.
2169 1181 2342 1236 Tuum
2385 1197 2513 1237 vero
2562 1197 2971 1256 successorem,
3015 1183 3106 1252 qui
3137 1193 3384 1240 sanctam

1803 1277 1986 1330 sedem
2029 1285 2175 1330 tuam
2220 1273 2511 1345 gubernat,
2557 1273 2772 1329 ﬁrmam
2817 1286 2980 1345 atque
3031 1275 3386 1340 immobilem,

1804 1368 1958 1435 cujus
1983 1377 2037 1422 et
2064 1375 2118 1422 tu
2163 1375 2532 1437 propugnator
2572 1364 2748 1434 fuisti,
2789 1367 2946 1422 ﬁdem
2990 1367 3182 1424 eodem
3226 1383 3387 1423 sensu

1807 1473 2070 1525 tuentem,
2118 1461 2434 1514 orthodoxa:
2468 1459 2718 1514 veritatis
2752 1458 3051 1530 legitimum
3094 1469 3150 1516 et
3192 1475 3385 1516 verum

1804 1554 2108 1617 doctorem,
2156 1549 2460 1606 Salvatoris
2491 1551 2663 1606 nostri
2713 1551 3069 1618 imitatorem,
3111 1561 3384 1622 pastorem

1805 1655 1859 1702 et
1902 1643 2120 1699 Patrem
2163 1651 2433 1709 nostrum,
2480 1645 2573 1712 qui
2623 1658 2863 1712 praesens
2891 1652 2995 1708 est,
3049 1652 3104 1698 et
3141 1655 3385 1698 sanctam

1807 1739 1884 1793 tui
1921 1737 2240 1794 memoriam
2285 1737 2551 1793 illustrem
2578 1746 2953 1807 repraesentat,
2991 1737 3162 1792 Deum
3187 1751 3380 1800 exora,

121 1833 331 1888 cmlesti
369 1849 572 1888 corona
587 1834 868 1900 donatum,
889 1835 1106 1905 hymnis
1137 1835 1337 1891 divinis
1354 1848 1698 1904 prosequau-
1732 1806 1774 1863 Β
1805 1843 1860 1887 ut
1891 1831 2078 1887 multis
2105 1846 2372 1887 annorum
2405 1830 2623 1886 circulis
2654 1830 2708 1883 in
2747 1829 3096 1885 sanctissima
3130 1838 3220 1883 tua
3257 1832 3388 1884 sede

117 1941 258 1986 mur,
293 1936 346 1979 et
385 1927 633 1980 eumdem
657 1926 874 1980 beatum
900 1927 1281 1996 pradicantes,
1305 1927 1520 1980 laudum
1558 1939 1696 1993 prae-

117 2018 292 2071 eoniis
323 2016 685 2073 celebremus.
723 2017 823 2073 llic
861 2019 1031 2087 enim,
1071 2030 1328 2088 tanquam
1372 2018 1515 2074 oliva
1551 2033 1698 2087 quae-

122 2109 246 2164 dam
282 2109 584 2174 lructil‘era,
611 2110 663 2164 in
687 2111 846 2166 domo
873 2112 966 2167 Dei
1003 2112 1277 2181 plantatus
1302 2110 1546 2180 quotidie
1587 2109 1699 2164 fru-

113 2210 236 2255 ctus
271 2215 491 2256 suavem
531 2201 755 2256 odorem
793 2203 1066 2273 spirantes
1105 2202 1218 2258 Deo
1243 2202 1345 2272 ipsi
1379 2201 1553 2257 oﬁ'ert.
1581 2199 1697 2273 .Hic

112 2292 507 2362 imperatorum
545 2293 744 2363 gloria,
781 2296 1124 2350 sacerdotum
1153 2293 1490 2364 iucunditas,
1523 2307 1694 2362 popu-

110 2383 288 2438 lorum
319 2385 634 2450 exsultatio,
678 2401 888 2453 eorum,
924 2386 1015 2457 qui
1048 2387 1316 2456 angustiis
1349 2395 1694 2455 premuntur,

111 2476 439 2543 consolatio,
473 2477 805 2534 amictorum
829 2479 1141 2550 profugiam
1179 2494 1243 2534 ac
1276 2478 1568 2548 recreatio,
1599 2477 1694 2532 de-

109 2579 452 2636 speratorum
500 2585 626 2641 spes
667 2583 831 2643 atque
873 2573 1108 2643 adjutor,
1151 2573 1562 2642 peregrinorum
1610 2585 1697 2627 re-

111 2661 296 2729 quies,
323 2663 708 2730 aagrotantium
740 2665 1033 2733 medicina,
1063 2680 1322 2720 sanorum
1345 2674 1550 2730 custos,
1583 2662 1696 2732 spi-

108 2752 392 2807 ritualium
433 2753 730 2824 gratiarum
763 2755 905 2821 fons,
958 2755 1216 2811 Ecclesiae
1268 2771 1477 2819 murus,
1512 2753 1692 2809 ortho-

113 2847 387 2900 doxorum
437 2848 864 2916 ﬁrmamentum,
907 2849 1144 2904 ﬁdelium
1191 2849 1470 2904 hominum
1501 2863 1696 2918 propu-

107 2940 320 3008 gnatio,
353 2941 518 2996 totius
542 2941 692 2997 orbis
716 2951 984 2998 terrarum
1016 2945 1200 2998 decus.
1234 2943 1502 2998 Caeterum
1538 2949 1616 2995 tot
1642 2947 1696 2994 et

107 3041 286 3086 tanta:
309 3041 458 3098 sunt,
490 3032 808 3090 beatissime
837 3035 1081 3106 apostole
1107 3034 1238 3090 Jesu
1261 3033 1462 3089 Christi
1495 3031 1697 3086 Barna-

104 3125 196 3189 ba,
230 3124 420 3179 laudes
446 3133 569 3192 tuae,
605 3135 662 3180 ut
689 3127 931 3182 omnium
959 3127 1245 3185 hominum
1273 3135 1507 3186 mentem
1532 3135 1697 3199 atque

111 3218 426 3273 orationem
457 3227 741 3292 snperent.
772 3217 1134 3278 Nihilominus
1159 3233 1338 3278 tamen
1369 3223 1542 3278 nostri
1572 3237 1687 3276 ser-

422 5821 694 5882 Pn'nut..
743 5825 857 5887 Gn.
913 5829 1072 5889 [XX
1091 5817 1286 5891 XVII.

1803 1934 2088 1980 conservet
2126 1924 2422 1988 valentem,
2464 1933 2519 1978 et
2565 1921 2818 1994 populum
2862 1922 3034 1993 ipsius
3067 1923 3119 1977 in
3155 1938 3289 1994 pace
3329 1932 3388 1976 et

1803 2017 2197 2088 tranquillitate
2244 2026 2548 2088 regentem,
2577 2017 2668 2086 qui
2699 2027 2753 2072 et
2788 2017 3033 2072 veritatis
3073 2016 3383 2072 doctrinam

1801 2113 1948 2167 omni
1978 2126 2102 2166 cum
2145 2111 2435 2165 sanctitate
2464 2119 2517 2164 et
2541 2110 2755 2179 justitia
2785 2110 3002 2179 dirigat.
3038 2108 3114 2164 Te
3142 2110 3369 2179 insuper

1799 2218 2041 2268 oramus,
2085 2212 2144 2258 ut
2171 2219 2277 2272 qua
2327 2219 2455 2258 cura
2493 2204 2724 2272 patriam
2751 2213 2897 2257 tuam
2941 2218 3162 2272 semper
3188 2217 3380 2273 prose~

1800 2302 1960 2350 cutus
1988 2310 2068 2361 es,
2100 2297 2286 2350 eadem
2316 2304 2370 2349 et
2399 2311 2544 2350 nunc
2569 2295 2714 2349 illam
2737 2297 3110 2365 prosequaris,
3151 2311 3385 2365 eamque

1803 2388 1910 2444 tuis
1951 2389 2157 2444 sanctis
2200 2388 2340 2458 apud
2373 2389 2540 2443 Deum
2589 2389 2840 2458 precibus
2886 2390 3201 2454 custodias,
3247 2401 3302 2444 et
3351 2407 3380 2443 a

1803 2477 2082 2534 scandalis
2137 2479 2480 2548 operantium
2529 2479 2872 2551 iniquitatem
2929 2480 3155 2549 eripias,
3217 2491 3277 2534 ut
3329 2482 3427 2534 iu'

1800 2588 1956 2644 pace,
1986 2572 2251 2628 modestia
2297 2588 2362 2627 ac
2393 2573 2594 2643 pietate
2639 2573 2802 2628 vitam
2830 2573 2882 2628 in
2924 2573 3027 2629 hoc
3062 2575 3260 2631 saeculo
3284 2576 3387 2629 du-

1799 2679 2005 2731 camus,
2034 2673 2088 2718 et
2113 2664 2544 2720 misericordiam
2577 2665 2790 2720 Domini
2818 2667 2990 2722 nostri
3012 2663 3140 2722 Jesu
3171 2666 3379 2723 Christi

1798 2765 2181 2826 exspectantes
2209 2799 2222 2822 ,
2261 2758 2329 2811 ad
2380 2766 2640 2812 :eternam
2677 2759 2824 2814 illam
2884 2761 3050 2814 vitam
3099 2761 3384 2830 pervenire

1799 2849 2094 2919 possimus,
2131 2849 2286 2918 cujus
2313 2863 2412 2904 nos
2445 2864 2635 2905 omnes
2665 2852 2960 2922 participes
2993 2851 3109 2908 ﬁeri
3133 2863 3384 2922 Optamus

1798 2941 1996 3012 gratia,
2053 2941 2435 2997 misericordia
2479 2951 2532 2996 et
2571 2942 3166 3014 heniguitate'Domini
3209 2944 3383 2999 nostri

1799 3033 1929 3090 Jesu
1975 3031 2179 3090 Christi
2221 3053 2234 3090 :
2275 3035 2361 3090 cui
2414 3035 2585 3105 gloria
2630 3036 2722 3101 sit,
2775 3034 3040 3105 Patrique
3092 3045 3148 3092 et
3193 3047 3384 3092 saneto

1806 3127 2058 3201 Spiritui,
2100 3143 2242 3189 nunc
2283 3137 2336 3188 et
2366 3143 2600 3204 semper,
2637 3136 2691 3188 et
2722 3130 2770 3184 in
2802 3129 2993 3189 saecula
3035 3130 3381 3190 smculorum.

1793 3227 1988 3280 Amen.

2943 5838 3052 5900 120
