4268 6458
675 410 817 473 2795

1933 422 2285 483 PROCOPU
2324 424 2562 483 U.\Z.'El

3781 435 3920 502 2796

680 530 844 579 modo
872 524 1131 580 beneficia
1162 537 1418 596 repenset
1453 530 1624 598 gratia
1657 529 1976 595 referenda,
2002 534 2122 586 ideo
2158 537 2236 586 vel
2279 545 2314 599 Α

2286 545 2314 598 Α
2347 557 2432 591 ναι
2480 539 2587 590 τῶν
2625 541 2845 609 δωρεῶν
2899 543 2997 610 (Ι),
3063 544 3295 614 ἀμοιῦᾗς
3347 547 3544 614 ἀπορεί
3588 549 3699 609 τοῖς
3741 550 3922 617 ἐρίοις

680 618 918 670 maxime
951 626 1002 670 tc
1033 617 1334 683 admirans,
1365 622 1507 688 quod
1537 622 1908 675 munificentia
1934 633 2025 676 tua
2053 625 2118 676 ab
2147 626 2236 686 iis,

680 710 734 761 in
765 724 906 778 quos
939 726 1058 763 eam
1092 711 1397 774 contulisti,
1435 716 1712 781 repeoSari
1741 723 1991 784 nequeat.
2023 718 2073 769 Is
2097 718 2240 769 enim

680 809 910 856 ornatus
941 803 1186 872 principe
1235 803 1438 872 dignus
1484 816 1587 870 est,
1651 822 1758 860 una
1805 823 1929 860 cum
1994 809 2245 863 hostibus

681 891 843 944 etiam
870 893 1122 947 subditos
1145 910 1428 963 superare,
1461 897 1584 950 illos
1627 901 1815 963 armis,
1847 899 1946 954 lios
1998 901 2245 953 multitu-

660 982 804 1034 'tline
852 983 1147 1046 bonormu,
1200 997 1462 1056 utrosque
1506 989 1826 1045 virtutibus.
1863 991 2063 1048 Nostra
2120 1010 2246 1047 vero

683 1076 836 1134 urbs,
864 1091 1006 1145 qum,
1043 1076 1412 1134 benefactoris
1448 1081 1680 1151 imagine
1717 1085 1914 1151 posita,
1951 1086 2072 1155 ipso
2113 1103 2247 1155 prae-

685 1176 838 1218 sente
880 1168 1102 1231 fruitur,
1161 1171 1621 1236 quemadmodum
1661 1175 1960 1229 vehemens
2015 1186 2245 1239 amator,

683 1267 976 1324 conspecto
1023 1274 1183 1326 quem
1237 1259 1433 1328 diligit,
1483 1263 1678 1329 surgit,
1731 1266 2020 1334 (minisque
2069 1270 2249 1320 artatis

685 1349 931 1403 homines
969 1352 1212 1412 excitat,
1244 1361 1296 1405 et
1334 1362 1485 1420 pater
1536 1370 1706 1422 puero
1759 1366 1811 1409 et
1836 1373 2001 1411 senex
2058 1358 2248 1424 juveni

683 1457 802 1491 eum
840 1441 1100 1504 ostendit,
1127 1452 1178 1494 et
1206 1459 1396 1498 omnes
1417 1445 1580 1498 simul
1606 1449 1926 1514 speetaculo
1950 1451 2244 1502 exsultant.

683 1533 760 1584 Ae
815 1533 1045 1587 fortasse
1079 1535 1296 1602 quidem
1341 1536 1561 1589 videbor
1597 1554 1740 1592 unus
1780 1548 1976 1606 praeter
2025 1547 2252 1594 exteros

685 1623 750 1675 ad
805 1631 911 1674 tam
949 1623 1267 1676 immensam
1302 1640 1480 1677 rerum
1523 1625 1736 1679 laudem
1768 1643 1853 1678 me
1905 1636 2247 1690 Convertere,

687 1723 947 1783 tantaque
981 1714 1208 1767 audacia
1261 1715 1528 1784 instigari,
1578 1725 1638 1767 ut
1669 1717 1754 1770 vel
1789 1719 1966 1771 medio
1999 1734 2062 1771 cx
2096 1721 2248 1774 thea-

686 1813 770 1855 tro
823 1805 1178 1864 surrexerim,
1214 1815 1266 1858 et
1301 1806 1530 1859 recitare
1579 1807 1879 1876 quidquam
1918 1810 2168 1874 audeam,
2195 1819 2248 1864 et

686 1894 934 1960 quamvis
961 1895 1200 1948 minetur
1225 1896 1421 1963 aliquis
1451 1897 1519 1948 ab
1553 1897 1772 1966 incepto
1823 1914 1931 1952 non
1961 1899 2244 1953 desistam.
2281 1901 2322 1952 li

693 1983 887 2037 Verum
920 1983 1022 2037 hoc
1059 2000 1167 2038 non
1200 1996 1284 2039 est
1313 1987 1408 2049 ita,
1439 1988 1530 2040 sed
1565 1995 1676 2042 tota
1714 1989 1848 2042 urbs
1888 1990 1953 2042 ad
2001 1992 2249 2043 meritam

692 2088 788 2138 pro
821 2074 1117 2129 benefactis
1149 2077 1380 2143 gratiam
1420 2076 1759 2131 referendam
1813 2090 2096 2148 movetur;
2133 2098 2252 2151 qua:

690 2183 809 2217 eum
842 2176 1058 2234 tempus
1092 2183 1199 2219 non
1225 2166 1471 2221 sufficere
1500 2170 1778 2223 existimet
1806 2179 1864 2223 tit
1897 2187 1993 2240 pro
2023 2189 2080 2226 se
2102 2175 2253 2242 quis-

689 2273 796 2326 que
827 2259 996 2321 dicat,
1033 2259 1274 2310 unanimi
1321 2275 1514 2313 omnes
1544 2263 1814 2316 sententia
1849 2265 2085 2317 oratoris
2122 2282 2252 2320 voce

689 2349 930 2402 contenti
963 2357 1090 2403 sunt
1125 2367 1136 2402 :
1180 2350 1225 2402 is
1247 2352 1390 2402 enim
1421 2350 1486 2402 ad
1509 2351 1803 2406 dicendum
1830 2369 1929 2422 pro
1969 2356 2104 2409 urbe
2142 2357 2252 2410 ele-

689 2449 826 2501 ctus,
865 2453 969 2490 una
1003 2453 1134 2493 voce
1163 2439 1407 2492 omnium
1442 2441 1675 2508 cogitata
1709 2443 1982 2512 exprimit.
2009 2445 2135 2499 Inde
2167 2463 2254 2497 ιιιιο

690 2543 819 2591 tem,
854 2531 991 2584 mira
1023 2546 1130 2596 res,
1188 2532 1349 2584 simul
1403 2543 1455 2584 et
1507 2534 1650 2586 bono
1703 2550 1788 2588 me
1829 2538 2014 2589 animo
2046 2551 2168 2591 esse
2201 2548 2255 2590 et

693 2625 904 2683 timere,
935 2623 1135 2676 accidit
1170 2641 1182 2675 :
1220 2622 1364 2692 quod
1401 2625 1546 2677 cnim
1589 2623 1754 2689 facta,
1809 2642 1932 2693 qua:
1971 2629 2107 2680 nihil
2151 2629 2254 2680 lm-

693 2716 821 2768 mile
856 2715 1163 2775 continent,
1205 2715 1256 2766 in
1292 2712 1526 2780 sublime
1551 2716 1809 2772 attollunt
1833 2719 2158 2782 orationem,
2202 2729 2256 2774 et

695 2807 895 2859 dicenti
927 2806 1177 2874 expedita
1205 2814 1354 2869 sunt,
1387 2820 1640 2876 maguum
1673 2808 1777 2861 hoc
1807 2817 1972 2863 estet
2015 2811 2254 2880 splendi-

692 2899 842 2960 dum,
894 2912 1088 2966 meque
1139 2897 1360 2966 adjuvat
1408 2916 1419 2950 :
1459 2905 1643 2952 metuo
1695 2908 1897 2964 autem,
1955 2915 2022 2954 ne
2071 2918 2254 2956 rermn

697 2989 1032 3042 abundantia
1064 2995 1118 3041 et
1151 2989 1508 3042 multitudine
1557 2989 1991 3059 obstupefactus,
2041 2993 2254 3046 dicendi

697 3079 924 3130 materia
976 3077 1054 3130 uti
1084 3076 1359 3142 nesciens,
1393 3094 1501 3133 non
1541 3079 1723 3150 eloqui
1755 3081 1976 3136 divitias
2025 3083 2254 3150 possim,

699 3179 860 3240 atque
887 3169 1101 3224 consilii
1133 3170 1289 3238 inops
1316 3185 1626 3240 appaream,
1679 3175 1822 3227 sicut
1854 3173 1908 3226 in
1960 3182 2118 3242 prato
2170 3175 2256 3242 ju-

698 3262 880 3313 t-uudo
911 3270 962 3313 ct
997 3261 1205 3314 varituu
1239 3264 1604 3330 speetaculum
1634 3266 1906 3332 praebente
1937 3268 2117 3318 omnia
2143 3265 2263 3335 qui-

699 3357 820 3407 dem
848 3354 1074 3423 pulchra
1106 3365 1236 3409 sunt
1267 3365 1488 3424 aspectu
1528 3375 1541 3410 :
1579 3366 1855 3427 spectator
1878 3369 2084 3422 autem,
2136 3374 2260 3412 cum

699 3447 878 3497 omnia
915 3445 1078 3499 simul
1111 3445 1400 3509 delectent,
1454 3448 1672 3500 nescius
1725 3448 1855 3517 quid
1911 3449 2166 3517 pra:ferat
2211 3459 2264 3501 et

700 3545 977 3611 decerpat,
1031 3541 1098 3594 ab
1146 3541 1398 3596 onmibus
1451 3542 1615 3596 simul
1659 3543 1941 3598 abstinens
1984 3544 2259 3598 consistit.

702 3631 805 3686 Sed
850 3647 1165 3700 quanquam
1196 3645 1280 3683 res
1311 3631 1389 3684 sic
1419 3647 1476 3686 se
1518 3633 1732 3694 habeat,
1764 3635 1944 3686 oratio
1982 3641 2159 3686 tamen
2197 3633 2264 3685 ad

700 3725 881 3776 omnia
910 3723 1087 3776 audax
1118 3722 1316 3776 fiducia
1353 3723 1581 3792 impleta
1612 3729 1720 3788 est,
1751 3734 1805 3777 et
1827 3725 2144 3794 petulanter
2173 3739 2264 3778 sa-

703 3817 782 3877 lit,
820 3823 873 3868 et
902 3829 1010 3882 prae
1058 3815 1334 3883 voluptate
1383 3814 1700 3879 baethatur,
1739 3816 2064 3885 fortunaque
2095 3819 2265 3884 magis

702 3921 862 3974 quam
893 3906 1124 3960 consilio
1154 3906 1455 3971 confidens,
1497 3923 1616 3979 qum
1653 3911 1832 3960 futura
1863 3917 1988 3960 sunt
2015 3907 2147 3962 nihil
2171 3924 2266 3962 cu-

704 4007 806 4048 rat.
837 3995 953 4059 Qua
979 3979 1045 4048 de
1075 4009 1238 4050 causa
1295 3997 1618 4051 audebimus
1657 3997 1860 4066 aliquid
1890 4013 2052 4066 supra
2099 3999 2264 4062 vires,

702 4101 822 4149 qua:
858 4085 1190 4154 indulgentia
1223 4097 1406 4156 egent,
1443 4087 1612 4140 animi
1643 4089 1829 4140 studio
1859 4088 2124 4142 excusati.

773 4289 840 4344 ll.
868 4289 989 4344 Tibi
1024 4289 1168 4345 enim
1205 4288 1431 4343 fortuna
1461 4291 1618 4359 quasi
1666 4289 1851 4345 futura
1882 4291 2018 4346 bene
2054 4292 2267 4361 prospi-

703 4383 876 4445 ciens,
926 4381 1108 4435 omnia
1160 4381 1308 4435 dedit
1354 4397 1473 4451 qum
1530 4383 1906 4450 imperatorem
1965 4381 2267 4434 Romanum

703 4475 976 4528 deccrent.
997 4471 1062 4524 Et
1090 4471 1350 4541 primum,
1376 4481 1436 4525 ut
1467 4487 1564 4541 par
1595 4479 1732 4535 erat,
1759 4471 1979 4526 donarit
2010 4473 2264 4541 patriam,

2346 631 2730 700 ἁμιλλωμένης
2760 647 2771 660 ·
2827 634 2920 684 καὶ
2963 635 3054 685 τον
3087 636 3383 704 εὐεργέτην
3432 636 3681 689 ἐντεῦθεν
3721 640 3921 707 μᾶλλον

2346 722 2614 792 οανμάζει
2667 723 2745 776 δι’
2781 717 2855 775 ὧν
2910 719 2968 776 εὖ
3022 728 3186 789 ποιεῖ,
3241 725 3351 778 τῶν
3412 723 3470 778 εὖ
3519 728 3801 780 παθόντων
3845 748 3919 780 νι-

2347 812 2527 866 κῶντα
2558 813 2654 875 τὰς
2687 815 2940 883 ἀμοιϐάς.
2986 816 3218 884 Πρέπων
3243 815 3350 885 γὰρ
3379 812 3529 880 οὗτος
3569 817 3778 886 βασιλεῖ
3831 819 3917 870 κό-

2349 923 2502 976 σμος,
2537 907 2673 976 μετά
2703 907 2808 959 τῶν
2854 907 3129 975 πολεμίων
3159 909 3252 960 καὶ
3279 908 3407 970 τοὺς
3442 909 3716 978 ὑπηκόους
3743 913 3916 979 νικᾷν,

2345 1001 2470 1061 τοὺς
2501 1000 2598 1067 μὲν
2631 1001 2742 1060 τοῖς
2783 998 2989 1064 ὅπλοις,
3030 1002 3156 1062 τοὺς
3181 999 3237 1052 δὲ
3263 1000 3342 1068 τῷ
3369 999 3563 1068 πλήθει
3599 1000 3708 1052 τῶν
3739 1002 3916 1072 ὑπαρ-

2348 1093 2549 1161 χόντων
2583 1091 2826 1159 ἀγαθῶν,
2865 1091 3208 1162 ἀμφοτέρους
3240 1091 3296 1144 δὲ
3323 1095 3441 1152 ταῖς
3473 1093 3715 1161 ἀρεταῖς.
3761 1093 3822 1144 Ἥ
3862 1095 3915 1144 εξ

2348 1185 2592 1255 ἡμετέρα
2637 1185 2813 1246 πόλις,
2862 1185 2948 1238 διὰ
2988 1185 3088 1253 τῆς
3121 1185 3330 1246 εἰκόνος
3378 1185 3540 1236 αὑτὸν
3572 1183 3918 1236 ἀπολαϐοῦσα

2347 1279 2436 1328 τὸν
2475 1276 2794 1346 εὐεργέτην,
2821 1276 3012 1346 ὥσπερ
3035 1293 3114 1337 τις
3151 1275 3321 1337 δεινὸς
3353 1277 3608 1346 ἐραστὴς,
3639 1277 3918 1330 ἀνίσταται

2349 1367 2482 1436 πρὸς
2504 1367 2601 1438 τὴν
2641 1366 2788 1432 Οέαν,
2826 1367 2918 1419 καὶ
2962 1369 3140 1419 πᾶσαν
3179 1367 3394 1436 ἡλικίαν
3423 1368 3659 1434 ἐγείρει’
3703 1369 3794 1420 καὶ
3817 1385 3920 1420 πα-

2345 1460 2451 1527 τὴρ
2485 1459 2633 1511 παιδὶ
2683 1459 2967 1527 παραστὰς
3011 1458 3105 1510 καὶ
3172 1458 3481 1528 πρεσϐύτης
3528 1459 3633 1528 νέῳ
3665 1460 3788 1528 ἣκει
3827 1461 3918 1512 καὶ

2347 1550 2586 1603 δείκνυσι
2645 1551 2735 1602 καὶ
2782 1549 3074 1620 σκιρτῶσιν
3115 1549 3228 1617 ἆμα
3270 1553 3332 1619 τῇ
3369 1549 3483 1620 θέᾳ.
3522 1552 3680 1613 Ἴσως
3711 1553 3805 1618 μὲν
3827 1549 3918 1604 οὖν

2347 1642 2482 1705 δόξω
2517 1642 2675 1710 μόνος
2718 1642 2864 1711 παρὰ
2899 1641 3024 1701 τοὺς
3062 1638 3252 1702 ἄλλους
3280 1641 3374 1692 ἐπὶ
3413 1641 3731 1710 τηλικοῦτον
3758 1643 3918 1707 ὄγκον

2349 1735 2688 1802 πραγμάτων
2741 1735 2898 1793 ἰέναι.
2945 1733 3036 1784 καὶ
3080 1732 3331 1784 τοσοῦτον
3379 1728 3519 1784 εἷναί
3565 1751 3653 1801 μοι
3696 1733 3915 1802 Οράσος,

2350 1825 2489 1878 ὥστε
2543 1826 2636 1878 καὶ
2685 1825 2912 1895 θεάτρου
2967 1823 3129 1894 μέσος
3182 1825 3475 1893 ἀνέστηκα,
3521 1827 3615 1878 καὶ
3648 1825 3829 1892 τολμῶ
3867 1843 3917 1877 τι

2354 1917 2550 1984 πτειν.
2605 1916 2705 1969 κᾶν
2770 1917 2966 1986 ἀπειλῇ
3015 1934 3096 1979 τις
3157 1918 3216 1968 οὑ
3269 1915 3566 1986 παύσομαι.
3616 1917 3689 1969 Τὸ
3728 1917 3783 1968 δὲ
3822 1918 3918 1984 οὐχ

2353 2009 2522 2072 οὑτως
2555 2009 2697 2078 ἔχει’
2734 2009 2827 2078 ὅλη
2873 2009 2928 2061 δὲ
2979 2009 3129 2070 πόλις
3171 2009 3286 2062 ἀνθ’
3330 2004 3402 2062 ὧν
3446 2005 3503 2062 εὖ
3554 2010 3748 2079 πάσχει
3785 2010 3918 2078 πρὸς

2353 2102 2588 2171 ἀμοιϐὴν
2639 2103 2868 2154 κινεῖται
2920 2100 3169 2153 δικαίαν·
3215 2101 3307 2153 καὶ
3345 2100 3464 2153 καθ’
3497 2101 3725 2154 ἕκαστον
3753 2101 3920 2168 ἄνδρα

2353 2196 2531 2262 λέγειν
2560 2195 2657 2263 οὑχ
2701 2193 2882 2246 ἱκανὸν
2927 2193 3202 2262 ἡγουμένη
3234 2194 3324 2246 τὸν
3350 2193 3564 2262 χρόνον,
3594 2196 3744 2262 κοινῇ
3787 2192 3922 2244 πάν-

2351 2302 2442 2347 τες
2464 2285 2628 2354 ψήφῳ
2661 2287 2726 2354 τῇ
2767 2286 2858 2336 τοῦ
2911 2284 3136 2353 ῥήτορος
3180 2284 3474 2352 ἀρκοῦνται
3528 2286 3677 2353 φωνῇ
3713 2300 3726 2314 ο
3760 2283 3788 2334 ό
3815 2283 3922 2352 γὰρ

2354 2375 2493 2445 ὑπὲρ
2526 2373 2731 2436 πόλεως
2775 2373 3216 2444 προϐεϐλημένος
3258 2370 3336 2441 τῷ
3365 2373 3530 2442 λόγῳ,
3568 2376 3664 2442 μιᾷ
3710 2372 3922 2442 γλώττῃ

2352 2465 2452 2528 τὰς
2503 2465 2754 2518 ἁπάντων
2799 2463 3150 2533 ὑποκρίνεται
3189 2461 3433 2531 γνώμας.
3481 2464 3576 2516 Ἐκ
3622 2463 3678 2514 δὲ
3721 2463 3923 2515 τούτων

2355 2555 2578 2625 θαρρεῖν
2609 2571 2667 2608 τε
2696 2554 2810 2622 ἅμα
2850 2554 2942 2606 καὶ
2972 2553 3198 2606 δεδιέναι
3232 2569 3298 2621 με
3330 2552 3650 2621 παραλόγως
3687 2552 3923 2619 συμϐαί-

2355 2666 2436 2702 νει
2457 2667 2470 2682 σ
2491 2649 2573 2702 ὅτι
2602 2647 2699 2717 μὲν
2729 2648 2837 2716 γὰρ
2869 2646 2929 2698 τὸ
2951 2646 3057 2696 τῶν
3092 2646 3453 2715 πραγμάτων,
3487 2645 3742 2697 ταπεινὸν
3771 2644 3924 2696 οὐδὲν

2357 2740 2714 2809 ἐφελκόμενον
2735 2743 2811 2802 είς
2831 2737 2960 2806 ’ὑψος
2979 2737 3193 2807 ἐπαίρει
3213 2737 3487 2803 τὸνλόγον,
3511 2735 3603 2788 καὶ
3625 2737 3700 2804 τῷ
3717 2737 3926 2802 λέγοντι

2359 2832 2494 2901 πρὸς
2514 2829 2770 2899 εὐπορίαν
2785 2829 3127 2890 καθίσταται,
3150 2830 3289 2898 μέγα
3302 2827 3460 2880 τοῦτο
3476 2829 3570 2878 καὶ
3587 2828 3830 2896 λαμπρὸν
3849 2829 3926 2888 εἰς

2359 2923 2612 2991 εὐτυχίαν
2642 2922 2781 2990 ἐμοί’
2801 2921 3010 2973 δέδοικα
3038 2919 3186 2988 δὲμὴ
3209 2923 3274 2989 τῇ
3291 2920 3408 2973 λίαν
3428 2918 3696 2988 ὑπερϐολῇ
3731 2917 3819 2970 καὶ
3850 2916 3926 2985 τῷ

2360 3010 2548 3078 πλήθει
2571 3008 2676 3060 τῶν
2705 3009 3051 3078 ὑπαρχόντων
3087 3007 3476 3074 καταπλαγεὶς,
3510 3008 3610 3058 οὑκ
3633 3006 3769 3075 ἔχων
3804 3007 3832 3058 ὅ
3870 3023 3920 3057 τι

2360 3102 2634 3170 χρήσομαι
2666 3101 2776 3162 τοῖς
2798 3098 3084 3169 παροῦσιν,
3115 3100 3191 3160 είς
3215 3099 3456 3167 ἀφωνίαν
3494 3096 3808 3166 μεταϐάλλω
3835 3099 3927 3149 τὸν

2286 3225 2329 3282 C
2363 3189 2608 3251 πλοῦτον,
2624 3189 2716 3240 καὶ
2733 3189 3101 3257 ἀπορούμενος
3115 3191 3210 3260 στή
3219 3206 3276 3240 σο
3284 3189 3614 3258 μαι.”Ωσπερ
3631 3191 3688 3241 ἐν
3704 3187 3926 3258 λειμῶνι

2363 3278 2578 3352 τερπνῷ
2600 3279 2692 3332 καὶ
2719 3280 2968 3350 ποικίλην
2992 3282 3348 3349 παρεχομένῳ
3364 3280 3459 3347 τὴν
3477 3279 3621 3340 Οέαν,
3640 3278 3811 3330 πάντα
3834 3279 3930 3346 μὲν

2367 3374 2444 3432 είς
2496 3369 2691 3432 κάλλος
2728 3372 2916 3440 ὁρᾶται
2950 3388 2962 3401 ·
3001 3372 3029 3421 ὁ
3081 3370 3137 3421 δὲ
3191 3369 3410 3438 Θεατὴς,
3462 3370 3678 3420 πάντων
3731 3369 3964 3435 ὁμοίως¹

2366 3460 2780 3528 εὑφραινόντων,
2822 3462 2921 3513 οὑκ
2955 3459 3090 3530 ἔχων
3125 3460 3151 3511 ὅ
3174 3475 3225 3511 τι
3259 3460 3585 3528 προτιμήσει
3611 3459 3706 3511 καὶ
3737 3458 3925 3528 δρέψε-

2365 3566 2474 3613 ται,
2519 3548 2733 3601 πάντων
2774 3549 2973 3620 ὁμοίως
3021 3549 3358 3620 ἀπεχόμενος
3407 3549 3655 3618 ἕστηκεν.
3712 3550 3786 3600 υὺ
3825 3549 3930 3618 μὴν

2368 3639 2520 3698 ἀλλά.
2554 3641 2754 3710 καίπερ
2783 3641 2988 3694 τούτων
3009 3640 3180 3703 οὕτως
3209 3641 3458 3710 ἐχόντων,
3490 3639 3666 3694 πάντα
3691 3640 3933 3710 τολμῶν-

2367 3745 2455 3792 τες
2475 3731 2524 3782 οί
2543 3731 2692 3797 λόγοι
2721 3731 2814 3782 καὶ
2844 3731 2939 3784 νῦν
2961 3732 3161 3800 ὁμοίως
3197 3731 3572 3802 Θρασὺνονται,
3625 3733 3718 3784 καὶ
3762 3731 3935 3800 πηδῶ-

2371 3836 2451 3870 σιν
2506 3820 2774 3882 ἀτάκτως,
2834 3821 2927 3872 καὶ
2979 3820 3166 3890 ὥσπερ
3212 3822 3298 3889 ὑφ’
3332 3822 3523 3891 ἡδονῆς
3577 3821 3933 3890 βακχεύοντες

2369 3913 2608 3979 πάρεισι,
2646 3912 2779 3981 τύχη
2813 3912 3007 3981 μᾶλλον
3032 3914 3062 3980 ἦ
3092 3911 3282 3982 γνώμῃ
3308 3911 3636 3982 Οαρῥοῦντες
3656 3952 3669 3974 ,
3707 3911 3799 3962 καὶ
3829 3912 3935 3962 τῶν

2373 4001 2671 4070 μελλόντων
2692 4003 2842 4054 οὐδὲν
2870 4002 3395 4071 λογίζόμενοι.”0οεν
3418 4002 3757 4071 τολμήσομέν
3777 4020 3826 4054 τι
3845 4003 3938 4054 καὶ

2347 4093 2518 4160 παρὰ
2563 4093 2812 4160 δύναμιν,
2853 4094 3123 4161 ἀρκοῦσαν
3159 4097 3238 4157 εἰς
3295 4097 3624 4163 συγγνώμην
3661 4094 3758 4162 τὴν
3805 4114 3936 4165 πρω-

2369 4181 2568 4250 Θυμίαν
2603 4183 3056 4252 προϐεϐλημένοι.

2443 4295 2516 4347 B'.
2542 4295 2632 4346 Σοὶ
2658 4295 2765 4362 γὰρ
2795 4294 2983 4362 ὥσπερ
3035 4297 3067 4363 ὴ
3116 4295 3252 4364 τύχη
3281 4295 3459 4357 καλῶς
3489 4295 3549 4348 τὸ
3583 4296 3772 4364 μέλλον
3808 4313 3939 4364 μαν-

2372 4385 2657 4454 τευομένη.
2723 4385 3003 4455 πρέποντα
3047 4387 3223 4438 πάντα
3269 4385 3506 4454 παρέσχε
3537 4388 3599 4454 τῇ
3658 4384 3938 4455 Ῥωμαίων

2374 4474 2636 4544 ἡγεμονία
2661 4492 2673 4506 ⁸
2708 4475 2803 4527 καὶ
2847 4474 3082 4540 πρῶτον,
3125 4473 3310 4542 ὥσπερ
3344 4473 3471 4532 ἔδει.
3511 4471 3795 4541 χαρίζεται
3838 4490 3940 4524 πῖ.-

703 4581 826 4635 qtta:
859 4566 1088 4619 aliarum
1124 4572 1396 4618 terrarmu
1433 4566 1746 4620 felicitatem
1773 4573 2058 4636 superaret
2091 4580 2105 4617 :
2143 4567 2264 4635 Epi-
2295 4552 2322 4610 Ι

2295 4552 2528 4637 Βτρίδα
2581 4565 2817 4618 νικῶσαν
2865 4565 2962 4632 τὴν
3026 4564 3133 4615 τῶν
3184 4564 3358 4617 ἄλλων
3412 4563 3791 4632 εὐδαιμονίαν·
3845 4563 3940 4631 τὴν

703 4660 959 4713 damnum
991 4657 1134 4712 enirn
1161 4667 1363 4712 cammt
1395 4658 1712 4727 scriptores,
1736 4667 1790 4712 et
1839 4673 1962 4712 cum
2013 4659 2119 4713 illis
2151 4659 2262 4713 cla-

705 4765 859 4805 mans
894 4747 1166 4804 collaudat
1196 4749 1360 4816 fama,
1397 4749 1584 4803 urbem
1643 4765 1706 4802 ex
1735 4749 2060 4804 continente
2092 4751 2271 4819 proje-

2370 4659 2477 4728 γὰρ
2513 4657 2836 4725 Ἐπίδαμνον
2877 4656 3060 4726 ᾅδουσι
3112 4656 3189 4724 (2)
3238 4656 3333 4725 μὲν
3375 4657 3731 4724 συγγραφεῖς,
3779 4654 3940 4724 βοῶσι

2371 4750 2426 4802 δὲ
2485 4751 2575 4802 καὶ
2627 4750 2742 4817 μετ’
2779 4748 2999 4800 ἐκείνων
3047 4751 3101 4800 αἱ
3154 4749 3355 4817 φῆμαι,
3409 4749 3559 4800 πόλιν
3606 4747 3665 4811 ἐξ
3713 4748 3940 4818 ἠπείρου

1848 4923 2071 4980 ANSSII
2101 4924 2538 4980 VILLOISONIS
2566 4925 2794 4980 NOTIE.

777 5038 1066 5107 (l)Eodem
1102 5052 1265 5107 sensu
1293 5037 1580 5091 Cborieius
1611 5039 1665 5091 in
1698 5039 1787 5091 illa
1812 5037 2074 5092 Oratione
2105 5037 2265 5091 fune-

708 5106 932 5178 bri,qua
953 5109 1199 5161 eumdem
1217 5106 1562 5178 Procopium,
1582 5124 1745 5178 suqu
1764 5109 2104 5176 magistrum,
2126 5110 2268 5178 ητις-

707 5176 858 5241 bral,
882 5179 1020 5242 apud
1053 5177 1262 5230 Fabric.
1295 5178 1435 5231 Bibl.
1469 5176 1634 5230 (ἐι-ωε.
1663 5186 1701 5229 ι.
1736 5177 1866 5238 Vill,
1905 5193 1956 5246 p.
1983 5178 2086 5230 862
2109 5177 2270 5246 ε-Νὑν

706 5252 758 5299 ἠὲ
786 5249 865 5310 τίς
910 5241 968 5298 οὑ
1006 5249 1230 5298 κατόπιν
1265 5249 1501 5317 χωρήσει
1552 5247 1658 5297 τῶν
1689 5241 2086 5315 εἰργασμένων,
2117 5241 2192 5299 ὧν
2220 5246 2271 5298 τί

708 5321 902 5385 παρεὶς
929 5317 1072 5375 τίνος
1100 5317 1316 5383 μνησῦὼ
1347 5334 1359 5379 ;

779 5391 854 5452 l1!)
917 5385 1178 5452 Evagrius
1228 5386 1640 5443 SCllUlJSliCIIS.
1693 5385 2006 5439 Ecclesiast.
2065 5387 2274 5452 "ister.

709 5459 744 5510 Ι.
781 5473 858 5514 ιιι,
891 5472 938 5508 c.
962 5451 1051 5516 9.9,
1082 5472 1134 5522 p.
1175 5456 1295 5518 557,
1321 5453 1603 5509 ed.Vales.
1641 5455 2022 5508 Amsurlodami
2053 5473 2063 5505 :
2103 5451 2270 5514 Οὗτος

707 5532 734 5578 ὁ
801 5527 1144 5594 Ἀναστασιος
1197 5525 1428 5594 πατρίδα
1486 5526 1583 5592 τὴν
1636 5525 1960 5594 Ἐπίδαμνον
2019 5524 2178 5592 ἔχων,

709 5595 1008 5665 Δυρράχιον
1037 5593 1130 5644 νῦν
1164 5593 1616 5665 προσὴγόρευῖαι,
1673 5596 1774 5665 τήν
1803 5593 1861 5646 τε
1903 5595 2146 5662 Ζήνωνος
2173 5596 2270 5665 βα-

712 5662 916 5716 σιλείαν
982 5666 1075 5716 καὶ
1133 5662 1376 5731 γαμετὴν
1417 5662 1549 5716 τοῦ
1608 5663 1772 5717 αὑτοῦ
1831 5666 2108 5730 Ζήνωνος,
2171 5662 2271 5730 τὴν

723 5733 1023 5802 ΪΑριὰδνην,
1055 5735 1398 5788 ἐσοικίζεται.
1452 5735 1595 5786 Idem
1632 5737 1829 5786 ibidem
1865 5735 2024 5802 paulo
2057 5747 2224 5801 supra
2254 5751 2265 5784 :

719 5801 1067 5870 ἠἈριάδνη
1121 5804 1448 5873 Ἀναστασίῳ
1471 5805 1561 5856 τὸν
1620 5801 1878 5870 στέφανον
1946 5802 2266 5871 ἐπιτίθησιν,

2373 5038 2527 5091 οὔπω
2553 5039 2650 5106 μὲν
2683 5039 2873 5106 ἥκοντι
2911 5041 2990 5100 εἰς
3021 5039 3331 5107 γερουσίαν,
3381 5041 3438 5092 ἐν
3463 5039 3519 5092 δὲ
3561 5040 3627 5107 τῇ
3675 5037 3944 5109 λεγομένῃ

2371 5109 2482 5161 τῶν
2509 5109 2893 5176 Σιλεντιαρίων
2943 5111 3104 5178 σχολῇ
3137 5111 3552 5177 καταλεγομένῳ
3582 5125 3594 5138 ·
3628 5123 3690 5161 ex
3722 5124 3850 5175 quo,
3883 5118 3944 5161 ιιι

2375 5195 2438 5230 ex
2479 5179 2568 5241 iis,
2595 5193 2714 5245 qute
2765 5180 2904 5230 infra
2933 5181 3262 5239 notatnmus,
3323 5189 3546 5248 apparet
3593 5179 3942 5232 AuaSIasium

2377 5248 2614 5299 obscuro
2644 5256 2830 5298 natum
2874 5251 3012 5300 loco.
3052 5249 3342 5302 Silentiarii
3379 5261 3580 5308 autem,
3617 5252 3944 5301 observante

2378 5317 2585 5369 Jacobo
2627 5317 2805 5369 Goaro
2845 5333 2897 5384 p.
2942 5318 3010 5370 55
3045 5327 3097 5369 et
3129 5320 3196 5370 56
3235 5333 3483 5371 notarum
3514 5320 3564 5368 iu
3610 5319 3938 5375 tledrt-num,

2383 5387 2586 5439 Graecis
2616 5394 2744 5437 sunt
2775 5388 3113 5454 ἠσυχοποιοί.
3155 5389 3208 5440 id
3243 5400 3346 5448 est,
3377 5389 3468 5456 qui
3498 5390 3562 5440 ad
3600 5388 3944 5453 imperatoris

2379 5456 2546 5508 latera
2609 5457 2887 5509 silentium
2968 5466 3022 5508 et
3097 5461 3333 5520 quietem
3419 5460 3712 5512 imliCant.
3787 5457 3939 5523 juxta

2379 5526 2662 5595 Agatlriam
2715 5525 3023 5595 frusta-ra:
3099 5528 3194 5594 τῆς
3256 5530 3397 5595 ἀμφὶ
3447 5529 3538 5578 τὸν
3590 5525 3811 5594 βασιλέα
3867 5540 3944 5574 σι-

2377 5590 2498 5662 γῆς.
2541 5593 2600 5646 ν,
2632 5603 2684 5646 et
2715 5590 2962 5648 Fabrott.
3009 5600 3063 5648 in
3099 5590 3377 5650 tilossario
3402 5590 3653 5650 Cedreni.
3686 5595 3941 5660 Epidam-

2379 5679 2480 5715 nus
2517 5678 2668 5721 vero,
2708 5663 2854 5718 illius
2879 5668 3073 5732 patria.
3125 5678 3240 5718 erat
3271 5671 3332 5718 ἐκ
3380 5669 3478 5732 τῆς
3520 5669 3643 5726 νέας
3685 5667 3942 5724 Ἠπείρου

2379 5733 2668 5800 ἐπαρχίας,
2695 5744 2752 5784 ιιι
2783 5735 2857 5784 ait
2901 5735 3194 5787 Chronico»
3231 5736 3511 5800 Paschale,
3551 5738 3616 5787 de
3649 5738 3958 5786 AuaStasto'

2380 5802 2666 5855 videntluzn
2707 5818 2756 5870 p.
2794 5802 2896 5855 529
2936 5814 2981 5856 et
3023 5823 3178 5873 seqq.
