4268 6458
337 455 476 522 2817

1214 459 1738 518 PANEGYBICUS
1774 459 1850 517 IN
1892 461 2046 519 1MP.
2077 463 2574 522 ANAbTASIUM.

3441 469 3583 532 2818

339 573 438 632 νῆς
465 568 652 636 χρείας
679 571 775 638 τὴν
797 568 1208 639 φιλανθρωπίαν
1255 568 1534 630 ἐκτείνειν,
1563 568 1678 619 ἀλλ’
1722 567 1910 636 ὥσπερ
1939 576 1983 630 Α
2013 585 2024 621 t

1901 585 1910 617 ι
1939 576 1983 630 Α
2013 571 2317 640 complecti.
2351 571 2442 625 sed
2472 571 2622 638 quasi
2655 577 2906 638 perpetuo
2957 569 3324 624 benefaciendi
3376 573 3586 626 deside-

338 660 648 728 εὐεργετεῖ»
684 663 768 710 ἀεὶ
796 659 976 712 ποθῶν
1006 662 1321 720 ἐπισκοπεῖς
1341 659 1466 719 τοὺς
1492 654 1552 711 εὖ
1584 658 1772 710 παθεῖν
1795 659 1913 711 δεο-

343 750 559 817 μένους,
619 751 713 802 καὶ
770 753 868 803 ὅσα
933 751 1074 802 κατὰ
1111 751 1274 818 μέρος
1325 749 1510 800 ἐλύπει
1571 749 1662 808 τὰς
1707 750 1912 810 πόλεις.

337 839 507 900 Γνοὺς
539 841 594 890 δὲ
627 839 799 892 ταῦτα
849 841 1185 909 προσετίθεις
1214 840 1275 890 τὸ
1309 839 1512 901 λεῖπον,
1561 840 1652 889 καὶ
1684 839 1818 908 πρὸς
1853 837 1914 888 τὸ

338 934 590 998 κρεῖττον
623 932 980 993 μεταϐάλλειν
1002 931 1185 999 ἠξίους
1210 947 1221 961 ·
1255 931 1347 982 καὶ
1373 928 1781 997 μετεϐάλλοντο.
1814 922 1913 979 Ὧν

337 1023 406 1071 τὰ
448 1023 673 1074 πλεῖστα
706 1025 903 1092 παρεὶς
927 1023 1125 1090 (μείζω
1148 1021 1256 1091 γάρ
1286 1022 1456 1073 ταῦτα
1482 1022 1573 1072 καὶ
1606 1020 1696 1072 τοῦ
1723 1018 1911 1087 καιροῦ

338 1113 597 1174 νικῶντος
627 1115 724 1182 τὴν
782 1115 1014 1183 χρείαν),
1050 1114 1239 1182 ὥσπερ
1287 1113 1346 1177 ἐξ
1388 1112 1546 1182 ἱερῶν
1600 1115 1912 1181 πρέπουσαν

339 1205 516 1274 ἀρχὴν
560 1205 821 1274 ποιοῦμαι
851 1206 929 1275 τῷ
954 1207 1118 1272 λόγῳ.

413 1387 520 1438 ΠΡ.
558 1387 720 1448 Πόλις
756 1387 903 1438 ἐστὶν
957 1387 1078 1452 ἱερὰ
1139 1387 1274 1453 (49),
1319 1387 1425 1439 τῶν
1457 1386 1589 1455 πρὸς
1623 1386 1769 1455 ἦλιον
1827 1387 1915 1437 ἀν-

349 1477 629 1544 ισχόντων,
658 1478 1104 1547 πολυάνθρωπος,
1136 1481 1197 1531 ὲκ
1224 1480 1320 1545 τῆς
1359 1479 1634 1541 εὐσεϐείας
1679 1479 1914 1547 φέρουσα

337 1567 645 1636 γνώρισμα,
675 1567 768 1618 καὶ
797 1570 914 1626 ταῖς
949 1567 1122 1629 θείαις
1163 1569 1408 1628 τελεταῖς
1436 1569 1543 1618 τῶν
1575 1569 1748 1620 ἄλλων
1783 1586 1914 1637 προ-

338 1659 649 1726 εεδλημένη
668 1674 681 1686 ⁸
711 1659 833 1710 ὅθεν
856 1661 937 1720 εἰς
961 1659 1162 1725 ταύτην
1195 1659 1451 1725 φοιτῶσιν
1483 1659 1630 1710 Ἰνδοὶ
1651 1661 1742 1711 καὶ
1771 1660 1912 1726 Πέρ-

340 1765 429 1798 σαι
462 1751 554 1799 καὶ
592 1748 838 1809 Φοίνικες
867 1750 957 1799 καὶ
989 1749 1210 1800 Σκυθῶν
1243 1749 1372 1817 γένη
1403 1750 1495 1800 καὶ
1519 1748 1586 1800 τὰ
1615 1749 1787 1816 σεμνᾶ
1815 1750 1912 1817 τῆς

346 1839 619 1900 Ἑλλάδος.
671 1839 845 1890 Ἰωνία
878 1855 936 1890 τε
973 1841 1120 1892 πάσα
1143 1855 1158 1870 ο
1214 1841 1306 1890 καὶ
1335 1838 1522 1908 ὥσπερ
1553 1839 1646 1890 τοῦ
1681 1840 1788 1890 τῶν
1817 1841 1910 1891 ἁν-

334 1930 570 1999 θρώπων
597 1930 786 1996 γένους
833 1931 1022 1998 κοινήν
1073 1947 1157 1990 τις
1213 1929 1277 1981 ἃν
1313 1931 1452 1981 εἴποι
1485 1931 1737 1999 πατρίδα.
1767 1930 1912 2000 Αὕτη

333 2021 445 2070 τῶν
478 2021 690 2072 ὑδάτων
741 2020 918 2088 ἐνδείᾳ
971 2020 1105 2088 μετὰ
1149 2021 1256 2072 τῶν
1284 2021 1586 2088 οἰκητόρων
1639 2020 1732 2072 καὶ⁵
1785 2021 1912 2081 τους

335 2109 674 2174 πανταχόθεν
693 2107 848 2183 ὄντας
875 2108 1082 2160 ἐλύπει.
1115 2107 1362 2161 Τοσαῦτα
1389 2111 1495 2179 γάρ
1517 2112 1796 2177 παρεῖχεν,
1816 2109 1914 2161 ὅσα

332 2200 444 2249 τῶν
473 2198 697 2266 δμόρων
727 2199 760 2266 ἡ
817 2198 953 2265 τύχη
977 2213 988 2225 ·
1029 2199 1124 2250 καὶ
1160 2200 1271 2249 ἀντ’
1304 2198 1465 2251 ἄλλου
1527 2197 1670 2260 τινὸς
1711 2198 1912 2250 ὑδάτων

332 2290 646 2356 θησαυροὺς
678 2289 1007 2356 ἐπεποίηντο
1033 2303 1047 2316 ·
1096 2289 1190 2340 καὶ
1219 2288 1314 2358 τὴν
1336 2288 1540 2341 ἔνδειαν
1571 2287 1911 2356 σοφιζόμενοι

334 2383 474 2450 πρὶς
506 2383 566 2433 τὸ
595 2381 768 2432 δεινὸν
820 2380 964 2432 οὕτω
1002 2383 1154 2450 μόλις
1217 2383 1485 2451 ἀντεῖχον.
1532 2382 1691 2434 Ἀλλά
1754 2383 1913 2451 μέχρι

331 2469 428 2520 σοῦ
467 2471 510 2500 ⁸³
539 2469 634 2520 καὶ
670 2468 827 2520 τοῦτο
857 2469 1020 2521 πάλιν
1050 2472 1238 2521 ἐλύπει
1257 2488 1270 2502 ο
1294 2473 1392 2541 τήν
1415 2489 1474 2523 τε
1496 2473 1603 2540 γάρ
1635 2471 1786 2524 πόλιν
1807 2470 1913 2540 ᾤου

330 2559 444 2607 δεῖν
476 2556 742 2624 τιμᾶσθαι
788 2557 856 2608 τά
885 2558 1219 2628 νπρέποντα’
1261 2561 1356 2612 καὶ
1399 2561 1567 2613 δεινὸν
1612 2561 1915 2629 ἡγούμενος

328 2646 419 2697 διὰ
455 2649 583 2714 uti;
617 2646 824 2714 ταύτης
858 2648 1066 2710 πάντας
1103 2648 1431 2719 ἀνθρώπους
1482 2652 1773 2721 πειρᾶσθαι
1807 2652 1914 2703 τῶν

328 2737 634 2805 δυσχερῶν,
656 2739 879 2806 ὀχετοὺς
910 2739 1116 2792 ὑδάτων
1137 2743 1218 2802 εἰς
1254 2741 1386 2810 ὕψος
1431 2743 1641 2812 ἐπάρας
1663 2743 1797 2812 (50),
1823 2743 1916 2795 καὶ

328 2832 413 2892 εἰς
441 2832 639 2883 ταυτὸν
665 2831 891 2898 ἀγαγὼν
914 2832 982 2884 τά
1015 2832 1089 2903 μὴ
1109 2832 1152 2864 ¹⁸
1173 2833 1563 2902 διανεστηκότα
1580 2837 1690 2897 τοῖς
1716 2833 1917 2901 μετεώ-

332 2937 476 2986 ροις,
517 2921 610 2971 καὶ
653 2922 722 2971 δι’
762 2921 1051 2988 ἀνωμάλου
1104 2921 1198 2972 καὶ
1244 2922 1504 2991 τραχείας
1547 2921 1650 2988 γῆς
1700 2921 1916 2972 εὐθεῖαν

325 3009 455 3062 ὁδ³›ν
511 3009 858 3073 διατυπώσας
919 3009 1000 3078 τῷ
1054 3013 1321 3079 ῥεύματι,
1379 3012 1562 3081 πηγὰς
1591 3011 1677 3063 διὰ
1714 3010 1916 3078 ταύτης

326 3101 620 3171 πόρρωθεν
648 3101 920 3168 συνῆπτες
937 3119 950 3131 ·
975 3104 1068 3152 καὶ
1093 3105 1149 3154 ὲν
1173 3104 1354 3163 αὐτοῖς
1382 3103 1616 3172 διαφανῆ
1637 3106 1731 3156 καὶ
1753 3103 1917 3169 ἄφθοο

2019 663 2099 713 rio
2152 672 2349 722 motus,
2406 662 2494 730 qui
2546 662 2842 714 benefactis
2902 662 3230 729 indigerent,
3279 663 3589 730 quibusque

2017 761 2390 820 premerentur
2417 753 2627 821 singula
2682 754 2872 820 oppida
2919 753 3281 806 incommodis
3349 756 3580 804 circum-

2016 842 2272 910 Spieieus,
2306 844 2446 910 quod
2480 844 2693 898 deesset
2729 843 3095 909 suppeditare,
3128 853 3290 911 atque
3322 844 3374 896 in
3402 844 3589 896 melio-

2015 945 2126 982 rem
2158 939 2355 982 statnm
2388 947 2574 983 eurum
2609 947 2719 984 rem
2751 941 3071 985 convertere
3118 934 3378 986 statuisti.
3413 933 3589 1000 Atque

2015 1029 2240 1072 eventus
2273 1022 2603 1074 voluntatem
2648 1032 2976 1076 consecutus
3001 1030 3099 1075 est.
3133 1023 3372 1088 Quarum
3403 1039 3584 1078 rerum

2016 1111 2265 1176 plurimis
2311 1113 2712 1180 praetermissis,
2744 1112 3026 1184 (amphora
3073 1116 3218 1167 enim
3279 1115 3391 1169 bch
3439 1123 3587 1176 Sunt,

2015 1203 2214 1269 quibus
2247 1205 2567 1259 enarrandis
2613 1218 2824 1273 tempus
2854 1223 2959 1258 nun
2987 1205 3266 1276 suﬂieiat,)
3300 1208 3456 1276 quasi
3523 1222 3586 1261 ex

2016 1296 2186 1346 sueris
2213 1296 2423 1347 initimn
2465 1297 2696 1348 orationi
2724 1299 2981 1349 decorum
3017 1307 3218 1364 petam.

2087 1383 2269 1439 XVIII.
2300 1384 2438 1439 Urbs
2468 1397 2548 1438 est
2574 1402 2747 1450 sacra,
2773 1387 2824 1439 in
2844 1386 3083 1440 Orientis
3115 1389 3429 1454 regionibus
3461 1390 3586 1454 sita,

2016 1471 2292 1540 frequens,
2327 1475 2526 1541 pietate
2557 1475 2792 1542 cognita,
2824 1491 2886 1527 ac
2920 1477 3116 1529 divinis
3151 1481 3422 1548 mysteriis
3455 1481 3581 1533 aliis

2014 1574 2299 1633 praestans.
2363 1564 2547 1632 Itaque
2601 1565 2738 1618 banc
2779 1566 2978 1619 adeunt
3035 1565 3172 1628 Indi,
3206 1577 3258 1620 et
3291 1567 3464 1619 Persae
3489 1608 3502 1632 ,
3530 1578 3585 1621 et

2017 1654 2187 1716 Pteni,
2216 1665 2260 1706 et
2291 1653 2614 1723 Scytharum
2645 1655 3250 1724 nationes,Gra~.ciarque
3281 1667 3466 1722 gentes
3494 1674 3588 1710 nu-

2015 1745 2170 1805 bilus.
2209 1754 2261 1798 et
2288 1754 2400 1798 tota
2444 1743 2588 1798 Ionia
2613 1764 2627 1799 :
2655 1762 2882 1815 eamque
2916 1749 3070 1815 quasi
3107 1763 3448 1801 rolinnunem
3482 1748 3585 1800 hu-

2015 1837 2156 1888 mani
2188 1837 2402 1905 generis
2430 1838 2660 1906 patriant
2699 1837 2920 1891 dixeris.
2948 1838 3117 1902 Quam
3154 1855 3305 1907 aqu:e
3361 1840 3586 1906 penuria

1952 1912 1989 1964 Β
2026 1927 2291 1986 laborare,
2327 1926 2377 1980 id
2424 1938 2617 1996 prazter
2650 1929 2796 1983 cives
2852 1932 3015 1982 etiam
3043 1931 3279 1983 advenas
3338 1931 3575 1998 undique

2014 2015 2290 2068 aﬂlnentes
2323 2018 2572 2069 vexabat.
2599 2017 2990 2072 'I‘antumenim
3031 2020 3295 2087 pra-bebat
3325 2033 3585 2089 quantum

2016 2106 2215 2159 imbres
2246 2109 2382 2160 l'urte
2406 2107 2750 2161 demitterent
2785 2129 2798 2164 :
2824 2124 3053 2176 cumque
3083 2119 3240 2163 terra:
3267 2127 3398 2163 vena
3433 2113 3590 2163 dees-

2014 2207 2116 2259 set,
2151 2198 2344 2264 pluviae
2377 2199 2662 2250 thesaurus
2703 2207 3037 2263 struxerant,
3064 2216 3167 2264 qua
3202 2203 3414 2254 ratione
3469 2202 3588 2254 ino-

2016 2288 2155 2354 piam
2211 2299 2326 2340 arte
2361 2291 2609 2341 vincente
2639 2305 2779 2358 πετο
2810 2306 2867 2344 se
2925 2293 3326 2345 StISBentaI-aul.
3387 2290 3489 2343 Sed
3524 2299 3578 2344 et

2017 2378 2116 2431 Imc
2141 2395 2328 2432 rursus
2361 2395 2532 2447 usque
2570 2381 2635 2432 ad
2663 2390 2713 2432 te
2742 2382 2992 2449 angebat.
3025 2381 3160 2435 Cum
3211 2382 3354 2436 enim
3396 2397 3587 2435 cense—

2016 2483 2102 2520 res
2144 2469 2330 2522 urbem
2361 2470 2504 2521 illaut
2560 2471 2741 2523 debito
2799 2473 3002 2524 honore
3053 2471 3388 2525 alliciendatn
3442 2489 3583 2534 esse,

2016 2558 2361 2624 graviterque
2387 2557 2557 2610 ferres
2588 2574 2681 2626 per
2725 2558 2862 2610 hanc
2897 2575 3056 2611 unam
3114 2575 3305 2614 omnes
3343 2560 3588 2615 homines

2018 2646 2376 2702 incommodis
2405 2648 2669 2714 laborare,
2717 2664 2870 2718 aqua:
2901 2651 3155 2704 ductibus
3183 2653 3236 2705 in
3283 2653 3447 2704 altum
3495 2668 3588 2706 cx-

2018 2741 2244 2790 struetis
2288 2746 2342 2790 et
2399 2739 2644 2792 collectis
2692 2740 2954 2803 fontibus,
2989 2743 3079 2808 qui
3131 2742 3183 2794 in
3214 2743 3588 2809 superioribus

2018 2826 2146 2878 lui-is
2173 2830 2522 2892 seaturirent,
2559 2836 2612 2883 et
2668 2846 2762 2898 per
2818 2832 3154 2886 salebrosum
3219 2848 3583 2903 asperumque

2021 2921 2174 2964 teri-:e
2201 2916 2376 2966 solum
2411 2915 2574 2967 durto
2602 2915 2842 2972 ﬂuminis
2875 2920 3050 2982 alveo,
3073 2921 3398 2989 longinquus
3441 2923 3584 2976 rivos

2025 3003 2382 3070 conjunxisli,
2413 3007 2504 3073 qui
2533 3022 2628 3075 per
2651 3008 2770 3061 illos
2801 3009 2997 3064 ductus
3051 3011 3368 3078 pellm-idam
3401 3023 3452 3065 et
3475 3013 3584 3065 lar-

2017 3110 2135 3163 gum
2197 3111 2346 3165 aqua:
2404 3099 2613 3164 cepiant
2671 3099 2983 3163 eﬂ'unduut,
3019 3101 3258 3157 ﬂuminis
3309 3105 3584 3157 celeritate

326 3206 395 3240 να
426 3189 677 3256 ῥεύματα
702 3189 998 3256 πέμπουσι,
1023 3192 1088 3259 τῇ
1111 3190 1212 3257 τῆς
1246 3191 1416 3260 φορᾶς
1445 3189 1661 3257 ὀξύτητι
1682 3191 1916 3242 νικῶντα
1944 3195 1985 3252 C

1892 3208 1916 3242 ι
1944 3195 1985 3252 c
2019 3195 2292 3254 aspectum
2325 3197 2638 3256 superante,
2661 3191 2734 3243 ita
2775 3198 2830 3244 ut
2854 3207 2997 3265 nunc
3030 3193 3250 3246 advena:
3284 3194 3350 3246 ad
3379 3194 3577 3245 volun-

324 3276 427 3347 τὴν
463 3276 627 3328 Θέαν·
675 3277 748 3338 ὡς
805 3276 1058 3340 καὶτοὺς
1113 3278 1546 3348 ἀφικνουμένους
1591 3279 1677 3331 ἐπ’
1721 3280 1904 3342 ἀδείας

325 3365 730 3432 πανηγυρίζειν
759 3366 852 3415 καὶ
884 3366 981 3417 σὺν
1015 3366 1173 3436 ἡδονῇ
1207 3367 1416 3428 πάντας
1448 3369 1833 3422 ἐνδιαιτᾶσθαι.

404 3454 502 3506 16⁸.
536 3456 706 3508 Πάλιν
738 3456 805 3507 τὰ
829 3456 948 3508 καθ’
981 3457 1148 3524 ἡμᾶς.
1180 3457 1288 3508 Τοῦ
1319 3458 1598 3528 Καίσαρος
1627 3459 1780 3512 πόλιν
1809 3460 1908 3512 ἑπ-

323 3545 568 3613 ὡνυμον,
609 3547 975 3616 ἀπειρηκότος
1020 3549 1157 3616 αὐτῇ
1201 3547 1296 3600 τοῦ
1339 3549 1554 3617 λιμένος
1585 3549 1662 3620 τῷ
1709 3551 1905 3621 χρόνῳ,

324 3637 425 3688 καὶ
452 3635 590 3704 πρὸς
625 3637 805 3688 πᾶσαν
830 3637 1059 3708 ἀπειλὴν
1090 3638 1364 3706 θαλάττης
1403 3640 1771 3710 ἠνεῳγμένον,
1814 3643 1908 3695 καὶ

327 3727 534 3794 μηκέτι
564 3724 832 3789 σώζοντος
877 3728 977 3796 τὴν
1027 3728 1362 3797 κατηγορίαν
1399 3733 1510 3790 τοῖς
1558 3730 1758 3800 ἔργοις,
1791 3731 1906 3782 ἀλλ’

323 3821 393 3868 ὲκ
431 3817 534 3883 τῆς
559 3817 795 3879 παλαιᾶς
826 3817 994 3887 τύχης
1019 3817 1174 3886 ψιλὸν
1194 3820 1431 3888 τούνομα
1462 3837 1628 3890 κεκτη
1638 3820 1820 3888 μένου,
1845 3820 1905 3872 ού

322 3906 602 3974 περιεῖδες
625 3906 886 3976 δεομένην
919 3909 1013 3959 καὶ
1059 3907 1361 3978 θρηνοῦσαν
1399 3910 1490 3962 ἀεὶ
1514 3909 1612 3973 τὰς
1650 3910 1904 3974 ὁλκάδας,

321 4000 382 4050 αἶ
438 4000 706 4061 πολλάκις
756 3999 1118 4068 διαφυγοῦσαι
1173 4001 1234 4052 τὸ
1257 4002 1495 4070 πέλαγος
1535 4004 1592 4054 ιν
1622 4002 1698 4070 τῷ
1728 4003 1906 4071 λιμένι

318 4093 424 4157 τὴν
454 4091 726 4157 ναυαγίαν
755 4092 1076 4157 ὑπέμειναν.
1114 4093 1221 4145 Καὶ
1257 4094 1309 4145 oi
1343 4093 1586 4162 δεόμενοι
1626 4093 1733 4146 τῶν
1775 4111 1908 4164 φορ-

317 4180 456 4230 τίων
479 4180 844 4248 ἐλεεινότερον
870 4177 1017 4250 εἶχον
1045 4182 1107 4234 τὸ
1133 4182 1336 4245 πάθος·
1359 4183 1780 4252 διαφθειρόμενα
1799 4185 1908 4254 γὰρ

319 4272 516 4338 ἑώρων
538 4264 614 4323 ὧν
642 4272 702 4323 ἐν
733 4273 895 4341 χρεία
931 4275 1288 4340 τυγχάνοντες
1325 4273 1584 4342 ἀνόνητον
1633 4271 1780 4344 εἶχον
1809 4277 1908 4344 τὴν

319 4362 478 4414 θέαν.
519 4362 680 4414 Ἀλλὰ
722 4362 830 4432 γὰρ
862 4360 956 4414 σοῦ
998 4363 1351 4433 βουληθέντος
1397 4362 1600 4428 νεάζει,
1632 4365 1728 4416 καὶ
1778 4364 1908 4435 θαρ-

2012 3287 2173 3329 latent
2207 3279 2322 3331 dies
2357 3278 2523 3335 festos
2564 3282 2863 3348 celebrent,
2894 3297 3193 3353 Omnesque
3220 3284 3465 3337 hilariter
3500 3285 3572 3338 ibi

2013 3375 2318 3419 VCTSPHIHT.

2086 3453 2223 3508 XIX.
2259 3459 2337 3510 Ad
2361 3467 2580 3513 nostras
2641 3460 2888 3528 regiones
2947 3469 3206 3515 revertor.
3271 3459 3433 3526 Urbs,
3461 3479 3581 3530 qua:

2009 3545 2261 3601 Caesareo
2287 3551 2502 3603 nomine
2534 3559 2781 3614 ornatur,
2818 3566 2876 3606 re
2915 3550 3031 3620 ipsa
3065 3553 3268 3607 nomini
3307 3571 3409 3608 non
3468 3572 3582 3610 am-

2012 3639 2152 3706 plius
2180 3640 2560 3708 respondebat,
2592 3642 2700 3695 imo
2724 3642 2854 3695 nihil
2885 3652 3080 3711 prmter
3128 3643 3329 3697 nudum
3385 3659 3577 3698 IIOIIIt‘n

2009 3743 2073 3782 ex
2103 3732 2268 3783 veteri
2297 3731 2511 3784 fortuna
2543 3741 2894 3798 servaverat;
2922 3750 3045 3787 cum
3081 3743 3270 3803 portus
3311 3744 3578 3790 vetustate

2012 3819 2320 3881 defecisset,
2346 3824 2707 3892 omnibusque
2732 3823 2989 3879 ﬂuctuum
3016 3826 3176 3880 minis
3191 3835 3413 3896 pateret.
3443 3827 3570 3882 Eam

2012 3919 2070 3966 tu
2103 3928 2207 3968 non
2236 3915 2610 3982 contempsisti
2633 3925 2898 3975 orantem.
2919 3927 2971 3970 et
2999 3919 3258 3969 continuo
3287 3915 3572 3970 drﬂenteut

2012 4003 2248 4073 navigia,
2288 4020 2409 4073 quae
2430 4020 2572 4074 sape
2625 4015 2746 4076 post
2775 4014 3029 4076 superata
3052 4005 3218 4060 maris
3246 4007 3484 4076 pericula
3523 4009 3576 4061 in

2012 4106 2173 4165 portu
2229 4095 2590 4150 elidi-bantur.
2631 4095 2772 4163 Quin
2825 4095 3001 4152 adhuc
3047 4098 3219 4166 magis
3275 4100 3573 4154 miserandi

2007 4184 2273 4254 erantqui
2318 4186 2591 4240 mercibus
2621 4187 2927 4254 indigerent
2964 4205 2978 4242 :
3020 4190 3198 4256 perire
3224 4190 3369 4243 enim
3432 4191 3580 4242 vide-

2011 4265 2280 4343 bautquaa
2305 4289 2444 4344 opus
2473 4285 2679 4341 essent,
2715 4278 2989 4332 incassum
3023 4278 3198 4333 oculis
3235 4279 3434 4333 oblata.
3475 4277 3579 4333 Sed

2011 4371 2063 4418 te
2095 4366 2310 4418 volente
2351 4366 2482 4419 urbs
2521 4365 2846 4433 iuvenescit,
2883 4373 2936 4420 et
2992 4367 3334 4423 confidenter
3386 4371 3580 4438 recipit

321 4454 497 4504 σοῦσα
525 4453 740 4522 δέχεται
765 4454 865 4516 τὰς
889 4459 1026 4516 ναῦς
1047 4470 1061 4484 ·
1091 4454 1184 4506 καὶ
1215 4453 1432 4523 πλήρης
1451 4453 1560 4506 τῶν
1588 4453 1908 4523 ἐπιτηδείων
1942 4469 1984 4522 ι)

1451 4453 1560 4506 τῶν
1588 4453 1908 4523 ἐπιτηδείων
1942 4469 1984 4522 ι)
2014 4467 2176 4506 naves
2202 4471 2214 4506 :
2242 4463 2288 4508 el
2316 4453 2557 4508 abundat
2587 4455 2749 4509 rebus
2786 4456 3129 4510 necessariis.

316 4548 352 4614 η
386 4545 569 4606 πόλις.

394 4633 482 4684 Κ⁹.
515 4632 912 4701 Παραπλήσιον
934 4632 990 4685 δέ
1019 4649 1072 4684 τι
1100 4632 1270 4694 πάθος
1303 4631 1499 4702 μικροῦ
1529 4631 1639 4684 δεῖν
1683 4631 1778 4684 καὶ
1810 4631 1908 4700 τὴν

331 4721 697 4794 Ἀλεξάνδρου
726 4727 1045 4796 κατείληφε.
1096 4725 1312 4792 Πύργος
1350 4722 1458 4792 γὰρ
1510 4723 1650 4788 ἄγαν
1685 4723 1909 4792 ὑψηλὸς,

317 4813 568 4873 παλαιᾶς
595 4812 758 4881 ἔργον
806 4813 1178 4881 εὐδαιμονίας,
1223 4810 1313 4864 ἐπ’
1357 4811 1529 4880 ἄκρου
1557 4811 1650 4862 τοῦ
1697 4811 1912 4881 λιμένος

315 4904 556 4971 ἀνέχων,
610 4903 816 4972 ἐγείρει
849 4903 1027 4971 φλόγα
1074 4904 1187 4964 τοῖς
1215 4902 1280 4954 ἐκ
1320 4901 1592 4967 πελάγους
1623 4903 1909 4969 σωτήριον.

317 4995 433 5045 Καὶ
492 4995 905 5061 παραμυθεῖται
949 4995 1078 5054 τοὺς
1131 4993 1195 5044 ἐκ
1250 4991 1543 5060 θαλάττης,
1581 4990 1911 5060 προμηνύων

314 5087 418 5152 τὴν
460 5085 641 5136 πόλιν.
677 5085 820 5153 Πρὸς
850 5084 1042 5136 τοῦτον
1067 5083 1405 5153 κυϐερνήτης
1449 5081 1593 5149 ὁρῶν
1640 5080 1807 5133 ἰθύνει
1836 5082 1906 5135 τὸ

316 5178 558 5242 σκάφος,
607 5175 704 5227 καὶ
737 5173 839 5244 τὴν
870 5175 1003 5228 ναῦν
1034 5173 1295 5243 άπείρατι
1327 5172 1370 5203 ¹⁸
1403 5171 1566 5234 σώζει
1594 5172 1700 5223 τῶν
1727 5189 1908 5242 παρα-

312 5264 597 5332 κειμένων
629 5263 923 5315 κινδύνων·
960 5264 1010 5314 οἱ
1039 5262 1096 5314 δὲ
1129 5262 1318 5314 ναῦται
1348 5262 1485 5329 πρὸς
1510 5262 1609 5331 τὴν
1640 5261 1768 5314 θέαν
1786 5263 1908 5330 ἡδό-

315 5372 475 5420 μενοι
506 5353 799 5423 κροτοῦσιν
819 5353 1004 5416 εὐθὺς,
1033 5354 1124 5407 καὶ
1153 5354 1423 5406 δείκνυσιν
1444 5353 1598 5413 ἄλλος
1626 5352 1792 5421 ἄλλῳ,
1813 5356 1907 5405 καὶ

2087 4632 2202 4687 XX.
2229 4632 2345 4688 Non
2377 4636 2604 4688 multum
2645 4634 2840 4701 abfuit,
2877 4637 3005 4705 quin
3035 4636 3232 4690 similis
3262 4649 3426 4690 casus
3453 4637 3580 4688 ΑΙιι-

2009 4724 2293 4778 xandriam
2327 4741 2543 4794 quoque
2572 4727 2892 4795 corriperet.
2930 4725 3119 4781 Turris
3146 4726 3287 4780 enim
3330 4728 3574 4793 pra-alta.

2009 4814 2252 4882 pristina:
2279 4816 2564 4883 opulentiae
2591 4830 2748 4885 opus,
2767 4825 3012 4870 extremo
3049 4816 3101 4869 in
3131 4827 3285 4884 portu
3323 4830 3381 4868 se
3414 4816 3576 4866 attul-

2010 4907 2143 4970 Iens,
2175 4909 2376 4961 excitat
2399 4907 2671 4961 ﬂammam
2702 4923 2734 4962 e
2765 4908 2899 4961 mari
2931 4907 3338 4962 advenientibus
3369 4906 3575 4960 saluta-

2008 5013 2144 5060 rem,
2173 4999 2424 5052 solatium
2453 4999 2857 5068 navigantibus,
2885 4999 3072 5053 urbem
3100 4998 3292 5052 adesse
3324 5012 3574 5065 pramun-

2013 5089 2179 5142 tians.
2205 5087 2394 5143 Oculis
2422 5091 2474 5142 in
2505 5091 2644 5144 hanc
2667 5091 2944 5145 conversis
2972 5089 3306 5158 gubernatur
3349 5103 3574 5143 cursum

2014 5177 2217 5245 dirigit,
2251 5187 2304 5232 et
2333 5194 2524 5233 navem
2557 5189 2738 5234 servat
2759 5187 3030 5248 expertem
3061 5179 3381 5232 instantium
3435 5177 3576 5245 peri-

2014 5268 2284 5323 culorum.
2315 5269 2498 5324 Naula
2527 5286 2651 5325 vero
2691 5272 2794 5324 laeti
2825 5281 3041 5339 aspectu
3075 5271 3256 5324 statim
3291 5270 3572 5337 plaudunt,

2014 5368 2066 5411 et
2100 5360 2240 5413 alius
2263 5362 2352 5413 alii
2387 5377 2505 5416 eam
2534 5363 2770 5416 ostendit
2802 5371 2854 5416 et
2897 5363 2962 5416 ad
3013 5362 3200 5416 urbem
3250 5376 3308 5414 se
3361 5360 3576 5413 venisse

1604 5467 1842 5522 VARUE
1884 5469 2289 5526 LECTIONES.

353 5569 392 5601 -‘
433 5568 601 5636 μέχρι
639 5563 736 5618 σοῦ
773 5573 1032 5633 corrupta
1055 5580 1178 5619 esse
1208 5579 1362 5633 susp.
1395 5562 1459 5616 Ν.

1540 5565 1582 5595 ³³
1612 5565 1684 5632 μὴ
1721 5573 1847 5617 ante
1884 5564 2273 5633 διανεστηκότα
2296 5570 2401 5622 del.
2430 5587 2549 5625 esse
2584 5581 2733 5642 putat
2761 5571 2825 5623 N.

2905 5571 2945 5602 ⁸⁸
2978 5569 3268 5637 ἀπείρατον
3291 5564 3357 5619 Ν.

1494 5658 1711 5712 ANSSII
1751 5658 2182 5715 \'ILLOISON’.S
2215 5664 2436 5718 ῢΟΤίΕ.

382 5747 497 5816 (49)
526 5747 854 5816 Hierapth—

379 5821 500 5888 (5U)
531 5818 606 5873 De
642 5820 746 5873 hoc
781 5820 950 5871 altum
979 5820 1121 5887 apud
1148 5833 1338 5873 omnes
1372 5817 1622 5872 Historia’
1653 5818 1963 5888 Byzantium
1998 5819 2292 5887 scriptores
2313 5819 2606 5877 silentium.
