4268 6458
703 407 850 472 289.1

2031 401 2376 461 ιιιιοαυιιιι
2423 401 2661 458 ΗΑΖΈῘ

3807 394 3945 457 2324

711 521 859 572 ferro
889 526 942 573 et
971 517 1122 571 bellis
1155 517 1372 578 invasit,
1401 532 1603 588 eosque
1652 517 1717 573 ad
1761 519 2075 573 servitutem
2104 529 2158 571 et
2199 520 2272 572 le-
2305 524 2346 577 Α
2375 533 2396 566 τ

2261 547 2272 556 -
2305 524 2346 577 Α
2375 515 2542 567 ταῦτα
2567 514 2677 580 (6i)
2718 513 2920 582 σιδιζρῳ
2955 511 3044 565 καὶ
3081 511 3280 580 μὶχαις
3307 511 3465 582 ἐπῄει
3497 511 3620 574 τοὺς
3665 509 3766 580 τῆς
3794 510 3946 563 ἐλευ-

715 624 808 678 gcs
847 609 1088 661 insuetas
1123 608 1303 677 adegit
1336 627 1346 660 :
1399 608 1578 677 itaque
1625 624 1718 678 per
1763 609 2046 662 victoriam
2077 609 2142 662 de
2176 624 2274 662 ne.

715 700 971 754 cessariis
1000 700 1180 753 Asiam
1219 700 1474 753 obtinuit.
1518 701 1596 754 Tu
1622 715 1771 763 vero,
1805 702 1948 754 nuila
1980 701 2277 770 cupiditate

715 793 808 844 sed
839 789 1004 857 justis
1037 789 1306 855 suIIragiis
1358 789 1423 840 ad
1481 789 1770 857 imperium
1821 800 2061 852 evectus,
2118 790 2277 842 nobis

717 878 968 931 omnibus
1001 875 1137 928 idem
1169 874 1343 929 factus
1371 891 1450 937 es,
1491 877 1636 946 quod
1676 876 1854 947 Cyrus
1885 877 2017 930 solis
2053 877 2230 932 Persis
2260 897 2272 931 :

719 978 830 1021 tum
865 981 993 1020 vero
1023 976 1211 1019 contra
1244 982 1406 1034 quam
1451 967 1560 1032 ille,
1595 969 1877 1023 consuetis
1913 970 2131 1022 tributis
2181 985 2278 1022 nos

721 1058 986 1114 liberasti.
1026 1060 1087 1110 lit
1121 1074 1264 1111 nunc
1295 1059 1512 1127 quidem
1572 1073 1635 1112 ea
1687 1059 1846 1113 unice
1906 1060 2129 1112 libertas
2156 1073 2281 1113 esse

720 1153 972 1204 omnibus
1004 1149 1242 1214 videtur,
1289 1151 1386 1203 tibi
1423 1157 1613 1218 sponte
1645 1151 1866 1204 obedire
1892 1160 1945 1205 et
1975 1150 2080 1205 tuis
2107 1151 2281 1220 jussis

719 1244 1118 1309 obtemperare.

791 1327 977 1382 XXVI.
1019 1328 1330 1396 Agesilaum
1382 1327 1636 1395 Spartani
1689 1328 1970 1383 celebrant
2013 1339 2066 1382 et
2113 1329 2180 1383 de
2217 1345 2284 1384 eo

723 1419 1010 1485 magniﬁce
1052 1417 1314 1471 sentiunt.
1349 1415 1415 1469 Et
1446 1434 1546 1488 ego
1571 1433 1787 1486 quoque
1810 1433 1932 1471 cum
1967 1418 2073 1471 illis
2105 1417 2282 1487 ipsum

723 1507 889 1575 diligo
917 1515 969 1559 et
1005 1505 1252 1558 admiror
1292 1522 1457 1558 unum
1501 1522 1565 1560 ex
1605 1508 1882 1569 omnibus,
1919 1507 2010 1574 qui
2047 1522 2283 1575 unquam

727 1595 934 1662 Sparta:
979 1604 1310 1665 regnarunt;
1366 1607 1649 1664 propterea
1697 1597 1864 1663 quod,
1912 1611 2035 1648 cum
2096 1612 2287 1665 parere

730 1686 1020 1748 didicerat,
1069 1685 1134 1737 ad
1195 1686 1479 1753 imperium
1533 1686 1788 1740 accessit.
1838 1683 2289 1754 Cunspiciebatur

733 1775 784 1826 in
826 1775 918 1826 ilto
959 1775 1040 1826 vir
1078 1775 1275 1836 bonus,
1311 1776 1538 1843 spiritus
1587 1775 1792 1830 ducens
1836 1774 2154 1840 Lacouicos,
2194 1778 2286 1844 qui

2379 599 2562 666 θερίας
2591 598 2853 666 ἐρῶντας,
2886 599 2963 660 είς
3009 598 3251 650 δουλείαν
3297 599 3446 664 ἄγων
3490 600 3584 650 καὶ
3620 598 3817 666 νόμους
3846 600 3950 667 ἀή-

2379 690 2491 752 θεις
2513 705 2528 720 ·
2561 692 2667 743 κάκ
2692 690 2801 743 τῶν
2831 690 3215 759 προσηκόντων
3244 691 3542 758 ἀνεδήσατο
3587 690 3684 760 τὴν
3729 689 3914 742 Ἀσίαν
3934 706 3948 720 ο

2382 784 2445 832 ab
2479 782 2534 833 δὲ
2565 779 2726 850 ἔρωτι
2788 782 2887 850 μὲν
2935 781 3129 844 οὐδενὶ,
3161 781 3326 850 ψήφῳ
3352 781 3408 833 δὲ
3432 782 3618 851 δικαίᾳ
3654 780 3752 850 τὴν
3800 781 3954 848 βασι-

2379 871 2527 924 λείαν
2557 871 2866 936 ἀπολαϐὼν,
2897 872 3127 940 γέγονας
3174 874 3304 940 ἡμῖν
3338 872 3561 935 ἀπασιν,
3602 872 3738 940 ὅπερ
3772 870 3954 939 μόνοις

2379 966 2490 1023 τοῖς
2522 962 2756 1033 Πέρσαις
2782 965 2809 1014 ὁ
2842 963 3022 1031 Κῦρος
3043 979 3058 993 ο
3113 963 3206 1014 καὶ
3241 963 3374 1031 πρὸς
3405 963 3712 1014 τούναντίον
3761 961 3955 1028 ἐκείνῳ

2380 1054 2488 1104 τῶν
2526 1054 2766 1121 συνήθων
2791 1053 2970 1123 φόρων
2999 1053 3307 1118 ἀπαλλάξας
3328 1055 3566 1122 (ϋόοϋϐ).
3590 1052 3700 1106 Καὶ
3721 1051 3814 1104 νῦν
3857 1052 3956 1120 μία

2381 1140 2529 1192 δοκεῖ
2556 1143 2718 1194 πᾶσιν
2746 1141 3024 1212 ἐλευθερία
3056 1143 3115 1193 τι
3141 1142 3248 1194 ὑπὸ
3277 1142 3362 1194 σοὶ
3395 1142 3567 1194 τελεῖν
3601 1142 3844 1205 ἐξιόντας,
3863 1140 3956 1191 καὶ

2385 1230 2745 1300 φιλανθρώπῳ
2776 1231 3056 1284 πείθεσθαι
3089 1231 3338 1299 νεύματι.

2453 1321 2598 1386 KG".
2626 1323 2728 1374 Τὸν
2775 1321 3090 1390 Ἀγησίλαον
3122 1321 3380 1387 ὑμνοῦσιν
3400 1322 3449 1373 οί
3482 1321 3840 1388 Σπαρτιᾶται,
3862 1322 3955 1372 καὶ

2389 1411 2573 1480 σεμνοί
2601 1412 2710 1480 (67)
2745 1412 2886 1474 τινές
2917 1413 3054 1464 εἰσιν
3083 1413 3170 1463 ἐπ’
3201 1412 3390 1478 ἐκείνῳ
3422 1411 3774 1480 φρο-.οῦντες⁶
3802 1408 3956 1476 κάγὼ

2386 1504 2440 1554 δὲ
2467 1504 2584 1568 μετ’
2619 1502 2840 1552 ἐκείνων
2873 1503 3106 1570 ἐραστής
3139 1503 3274 1570 είμι,
3307 1500 3400 1552 καὶ
3441 1500 3760 1567 τεθαύμακα
3798 1498 3956 1567 μόνον

2387 1596 2496 1647 τῶν
2528 1594 2746 1646 πώποτε
2797 1595 3052 1664 Σπάρτης
3111 1593 3376 1661 βασιλέων
3417 1591 3681 1661 ἄρχεσθαι
3743 1591 3957 1659 πρῶτον

2393 1685 2565 1746 καλῶς
2596 1685 2892 1751 ἐγνωκότα,
2926 1685 3017 1737 καὶ
3045 1683 3190 1736 οὕτω
3221 1685 3318 1752 τὴν
3361 1683 3534 1752 ἀρχὴν
3569 1681 3954 1750 κομισάμενον.

2389 1770 2497 1826 Ἷιν
2526 1774 2634 1842 γὰρ
2658 1775 2786 1826 ἰδεῖν
2817 1775 3017 1841 ἀγαθὸν
3040 1775 3226 1844 ἄνδρα,
3257 1775 3350 1824 καὶ
3381 1773 3608 1824 πνέοντά
3627 1789 3680 1823 τι
3710 1774 3957 1823 Λακωνι-

727 1865 989 1917 harbaros
1031 1866 1290 1918 docuerat
1345 1868 1585 1919 modeste
1632 1881 1791 1935 agere
1836 1874 1890 1920 et
1932 1882 2285 1936 cognoscere,
2323 1865 2362 1917 Β
2392 1886 2412 1919 ν

2272 1910 2285 1933 ,
2323 1865 2362 1917 Β
2392 1867 2506 1929 κον,
2538 1867 2634 1918 καὶ
2665 1869 2788 1927 τοὺς
2831 1867 3137 1937 βαρϐάρους
3165 1867 3489 1918 παιδεύοντα
3513 1867 3828 1934 σωφρονεῖν,
3870 1863 3957 1914 καὶ

726 1973 846 2024 (ιιιιιι
871 1964 1016 2009 esset
1043 1955 1266 2010 Grzecim
1291 1957 1520 2009 indoles.
1554 1955 1722 2010 Porro
1750 1957 1838 2010 ille
1861 1958 2003 2026 quod
2033 1958 2084 2010 in
2112 1959 2285 2026 patria

728 2047 1041 2098 morbosum
1105 2053 1159 2098 et
1222 2047 1539 2098 seditiosum
1600 2056 1745 2099 esset
1812 2049 2184 2114 compescuit,
2236 2058 2287 2102 et

729 2135 978 2202 Spartam
1039 2134 1286 2210 consiliis
1341 2134 1408 2187 ad
1463 2135 1810 2188 concordiam
1862 2133 2111 2190 adduxit.
2167 2133 2284 2188 Jam

728 2241 856 2280 vero
902 2225 1184 2294 superbire
1220 2225 1504 2294 Spartanis
1554 2240 1664 2278 non
1713 2225 1852 2278 ultra
1902 2226 2285 2290 concedcmus,

727 2330 850 2367 cum
887 2332 1086 2368 novum
1128 2315 1425 2368 habeamus
1454 2316 1790 2383 Agesilaum,
1826 2331 1922 2384 per
1958 2332 2118 2385 quem
2161 2317 2287 2370 bar-

729 2406 892 2460 barus
925 2420 1194 2474 suspenso
1227 2406 1417 2475 clypeo
1444 2406 1694 2474 quiescit,
1725 2413 1778 2460 et
1817 2421 2005 2474 pacem
2036 2407 2288 2476 quamvis

729 2496 992 2561 ingratam
1023 2494 1391 2564 amplectitur,
1429 2493 1694 2562 quidquid
1741 2509 1870 2547 vero
1906 2495 2133 2562 imperio
2172 2503 2288 2547 tur-

729 2586 908 2636 batum
941 2594 1056 2636 erat
1086 2584 1149 2635 ad
1183 2585 1594 2652 temperantiam
1627 2593 1680 2637 et
1711 2585 2008 2653 legitimum
2041 2586 2288 2639 ordinem

731 2680 1037 2726 revOeatuiu
1067 2683 1170 2726 est.
1204 2669 1406 2725 Verum
1439 2673 1582 2726 enim
1617 2674 1810 2728 amicis
1840 2673 2042 2740 injuste
2075 2672 2286 2737 adesse,

728 2780 792 2818 ac
832 2773 1026 2831 pra:ter
1072 2761 1155 2816 Ias
1202 2763 1393 2815 honori
1440 2763 1666 2826 servire,
1697 2763 1836 2816 unde
1881 2772 2010 2816 tunc
2055 2763 2288 2830 primum

731 2855 965 2905 hostium
992 2855 1143 2922 ignes
1172 2851 1363 2922 Sparta
1394 2851 1548 2914 vidit,
1573 2851 1869 2920 ﬂoremque
1894 2851 2034 2920 apud
2058 2849 2289 2904 Leuctra

729 2944 929 3006 amisit,
970 2943 1082 2996 haec
1130 2945 1391 3012 antiquus
1447 2943 1537 2996 ille
1582 2943 1870 3011 Agesilaus
1915 2942 2020 2996 sibi
2069 2941 2288 3007 habeto,

729 3052 829 3090 nos
863 3035 930 3089 ab
969 3036 1090 3090 istis
1131 3035 1290 3106 longe
1325 3035 1516 3089 remoti
1551 3049 1764 3089 sumus.

798 3215 1012 3272 XXVII.
1052 3217 1186 3271 Cum
1242 3231 1373 3272 vero
1421 3216 1662 3271 audirem
1714 3215 2118 3280 Alexandrum,
2163 3189 2361 3270 Phi-C

731 3309 862 3378 lippi
897 3309 1087 3372 lilium,
1121 3309 1362 3362 animum
1407 3315 1558 3360 tanto
1600 3308 1828 3376 imperio
1866 3307 2090 3376 dignum
2140 3308 2292 3361 exhi-

730 3405 936 3465 buisse,
973 3418 1096 3455 cum
1139 3417 1357 3455 manum
1405 3401 1637 3456 subditis
1685 3403 1986 3472 porrigeret
2024 3417 2159 3457 auro
2200 3419 2288 3457 re-

727 3495 1082 3556 dundantem,
1107 3503 1160 3546 et
1187 3495 1557 3563 voluptatibus
1585 3497 1829 3563 corporis
1851 3494 2291 3562 imperaret,imo

729 3600 859 3640 vero
892 3585 1074 3640 divina
1107 3595 1298 3638 natura
1333 3587 1621 3654 prmditum
1659 3584 1851 3650 fuisse,
1881 3598 2037 3640 antea
2071 3587 2289 3654 quidem

729 3674 1044 3729 incredulus
1099 3673 1338 3728 fabulam
1395 3678 1507 3728 haec
1565 3689 1687 3730 esse
1745 3684 1950 3730 temere
2002 3675 2291 3731 conﬁctam

731 3767 1010 3830 putabam.
1060 3766 1217 3818 Nunc
1263 3780 1392 3818 vero
1430 3775 1688 3834 expertus
1736 3767 1891 3821 video
1941 3783 2061 3835 qua:
2110 3768 2291 3822 verbis

731 3855 927 3906 tradita
960 3854 1219 3908 mirabar.
1253 3853 1344 3907 SIC
1375 3854 1442 3908 de
1475 3856 1566 3907 Illo
1605 3856 1781 3910 sentio
1819 3873 1833 3910 ι
1867 3857 2132 3925 siquidem
2168 3857 2292 3911 talis

728 3956 864 4010 erat,
904 3947 1118 4014 qualem
1164 3953 1215 4000 te
1262 3962 1361 4002 usu
1414 3957 1752 4016 compertum
1800 3947 2081 4012 habemus,
2128 3948 2291 4002 credo

727 4051 853 4088 elllll
900 4037 1156 4089 omnibus
1203 4038 1548 4106 execlluisse,
1587 4047 1642 4093 et
1684 4037 1832 4093 Jovis
1883 4039 2053 4095 fuisse
2098 4041 2290 4106 tilium,

730 4142 793 4180 ac
823 4125 1130 4195 Philippum
1171 4127 1477 4196 deceptum.

801 4216 1035 4270 XXVIII.
1078 4217 1254 4286 Atque
1286 4221 1366 4274 sic
1395 4221 1554 4275 nobis
1595 4221 1932 4290 processisti,
1961 4237 2150 4276 omnes
2187 4221 2292 4275 mi~

729 4307 923 4360 r.:culo
951 4307 1253 4361 occultans.
1302 4307 1443 4363 Ilinc
1489 4311 1650 4364 urbes
1693 4322 1895 4366 nostrae
1936 4311 2122 4366 felices
2161 4317 2294 4364 eho-

731 4395 840 4447 reis
877 4403 932 4447 et
963 4395 1106 4449 ludis
1142 4408 1353 4451 vacant.
1412 4396 1524 4452 Pax
1579 4400 1722 4454 enim
1773 4401 1828 4454 in
1883 4405 2045 4455 rebus
2091 4403 2292 4455 nostris

2388 1957 2676 2009 πεπεῖσθαι
2710 1957 2910 2022 καλῶς,
2943 1959 3065 2009 ὅσον
3102 1952 3170 2026 ἦν
3198 1957 3302 2025 ἄρα
3332 1957 3523 2025 χρῆμα
3559 1957 3654 2022 τῆς
3711 1953 3958 2014 Ἐλλάδς

2385 2051 2417 2118 ὴ
2449 2048 2628 2114 φύσις.
2657 2049 2797 2116 Ἱιδη
2831 2047 2886 2100 δὲ
2909 2048 3001 2099 καὶ
3029 2047 3127 2115 τῆς
3160 2048 3416 2116 πατρίδος
3448 2047 3509 2098 τὸ
3540 2045 3729 2098 νοσοῦν
3759 2062 3818 2096 τε
3866 2046 3957 2096 καὶ

2388 2137 2676 2200 στασιάζον
2703 2138 3036 2199 κατέπαυσε,
3077 2139 3170 2190 καὶ
3201 2137 3328 2206 μίαν
3358 2138 3456 2206 τὴν
3498 2137 3755 2207 Σπάρτην
3783 2136 3956 2187 ἐποίει

2386 2231 2505 2289 ταῖς
2554 2227 2815 2298 γνώμαις.
2881 2228 3040 2280 Ἀλλά
3089 2228 3249 2298 μέχρι
3305 2227 3509 2280 τούτων
3557 2229 3772 2294 φρονεῖν
3801 2227 3958 2278 οὐδὲν

2387 2319 2545 2369 πλέον
2576 2318 2936 2387 ἐπιτρέψομεν
2965 2321 3075 2380 τοῖς
3108 2320 3493 2388 Σπαρτιάταις,
3535 2317 3624 2370 τὸν
3667 2318 3783 2369 νέον
3810 2316 3958 2385 ἔχον-

2388 2427 2476 2472 τες
2523 2409 2862 2477 Ἀγησίλαον,
2889 2410 2954 2461 δι’
2982 2409 3040 2461 ὃν
3065 2409 3337 2480 βάρϐαρος
3369 2409 3588 2478 ἠρεμεῖ,
3633 2409 3732 2476 τὴν
3757 2406 3957 2459 ἀσπίδα

2392 2500 2692 2569 κρεμάσας,
2738 2499 2833 2550 καὶ
2865 2499 2963 2568 τὴν
2992 2500 3234 2568 εἰρήνην,
3287 2497 3462 2550 καίτοι
3499 2498 3573 2566 μὴ
3605 2497 3763 2566 φίλην
3793 2493 3958 2549 οὖσαν

2391 2589 2728 2653 ἀσπάζεται·
2756 2591 2856 2656 τῆς
2893 2590 3068 2658 ἀρχῆς
3092 2590 3150 2640 δὲ
3183 2591 3305 2641 ὅσον
3347 2589 3580 2642 ἄτακτον
3629 2589 3708 2652 είς
3745 2605 3958 2658 σωφρο-

2387 2682 2610 2744 νοῦντας
2642 2679 3061 2750 μεταὸἐΰληται,
3109 2685 3204 2732 καὶ
3238 2681 3424 2748 φέρειν
3469 2679 3699 2749 ἔννομον
3751 2679 3958 2740 εἰδότας

2388 2770 2582 2838 ἀρχὴν.
2616 2770 2658 2819 Τ
2661 2770 2690 2821 ὸ
2733 2769 2788 2822 δὲ
2839 2773 2950 2830 τοῖς
2998 2769 3170 2836 φίλοις
3228 2768 3427 2830 ἀδίκως
3459 2767 3832 2836 παρίστασθαι
3865 2769 3960 2820 καὶ

2389 2860 2540 2929 παρὰ
2566 2860 2624 2912 τὸ
2646 2859 2761 2911 δέον
2785 2859 3125 2928 φιλονεικεῖν,
3150 2857 3216 2911 δι’
3244 2859 3272 2910 ὃ
3299 2860 3390 2911 καὶ
3413 2858 3523 2928 πῦρ
3549 2875 3678 2911 ποτε
3704 2858 3959 2928 πολέμιον

2388 2955 2509 3006 τότε
2543 2953 2758 3024 πρῶτον
2788 2950 2925 3004 εἶδεν
2951 2956 2982 3021 ἠ
3008 2954 3251 3024 Σπάρτη,
3285 2953 3378 3005 καί
3425 2953 3486 3005 τὸ
3542 2953 3698 3016 ἄνθος
3731 2955 3788 3006 ἐν
3819 2954 3960 3006 Λεύ-

2391 3062 2575 3115 κτροις
2598 3045 2858 3108 ἀπέϐαλε,
2888 3045 3062 3097 ταῦτα
3107 3044 3163 3096 δὲ
3204 3044 3525 3114 ’Δγησίλαος
3559 3047 3589 3097 ὁ
3617 3043 3808 3114 πρώην
3847 3044 3957 3115 (68)

2392 3137 2578 3206 ἐχέτω,
2611 3135 2796 3206 πόρρω
2820 3136 2882 3204 δὴ
2911 3137 2952 3168 ’⁸
2987 3135 3188 3188 τούτων
3209 3137 3395 3204 ἡμεῖς.

2463 3226 2588 3280 KZ'.
2622 3227 2966 3296 Ἀλέξανδρον
2991 3227 3046 3278 δὲ
3068 3225 3156 3278 τὸν
3180 3227 3448 3278 Φιλίππου
3484 3225 3785 3295 πυθόμενος
3804 3223 3961 3290 ἀξίαν

2392 3320 2616 3388 γνώμην
2648 3319 2744 3387 τῆς
2769 3317 3024 3387 τοιαύτης
3053 3318 3383 3386 παρέχεσθαι
3415 3317 3709 3386 βασιλείας,
3736 3317 3960 3386 χρυσίου
3997 3382 4000 3386 _

2395 3411 2620 3478 ῥέουσαν
2653 3409 3003 3478 προτείνοντα
3034 3411 3191 3478 χεῖρα
3247 3411 3357 3472 τοῖς
3395 3411 3678 3477 ὑπηκόοις,
3713 3408 3808 3461 καὶ
3855 3407 3964 3460 τῶν

2391 3498 2484 3550 τοῦ
2517 3498 2764 3567 σώματος
2797 3497 2998 3567 ἡδονῶν
3016 3497 3345 3567 κρατοῦντα,
3379 3497 3478 3566 ἠδη
3509 3497 3564 3548 δὲ
3598 3497 3691 3548 καὶ
3722 3495 3964 3564 κρείττο-

2393 3604 2481 3649 νος
2515 3586 2624 3653 (69)
2649 3584 2900 3653 γενέσθαι
2940 3583 3174 3652 φύσεως,
3210 3584 3404 3654 πρώην
3431 3585 3530 3654 μὲν
3552 3583 3838 3653 ἠπίστουν,
3871 3585 3964 3636 καὶ

2397 3678 2562 3746 μῦθος
2590 3677 2760 3738 ἄλλως
2785 3677 2898 3744 (70)
2930 3676 3102 3729 ἐδόκει
3126 3693 3215 3744 μοι
3242 3675 3399 3728 τοῦτο
3429 3676 3522 3728 καὶ
3571 3675 3816 3745 πλάσμα.
3849 3675 3965 3728 Νῦν

2392 3769 2447 3820 δὲ
2469 3771 2579 3830 τοῖς
2609 3767 2788 3837 ἔργοις
2818 3766 2950 3836 ὁρῶ,
2971 3766 3006 3819 ὃ.
3036 3771 3146 3828 τοῖς
3169 3766 3346 3832 λόγοις
3379 3766 3593 3819 ἀκούων
3627 3766 3961 3834 ἐθαύμαζον.

2393 3857 2654 3910 Τοσοῦτον
2681 3858 2792 3925 (71)
2825 3857 2950 3924 περὶ
2977 3856 3167 3907 τούτου
3207 3853 3458 3922 γινώσκω
3484 3871 3498 3885 ·
3528 3857 3576 3906 εί
3616 3855 3852 3917 τοιοῦτος
3897 3850 3966 3924 ἦν

2395 3951 2631 4010 ἐκεῖνος,
2658 3943 2915 4016 οἷοςημίν
2935 3947 3093 4008 αὐτὸς
3113 3945 3378 4014 προῆλθες
3403 3947 3468 4014 τῇ
3494 3946 3681 4016 πείρᾳ,
3706 3945 3966 4013 πείθομαι

2393 4039 2583 4091 τοῦτον
2619 4039 2731 4099 τοῖς
2768 4039 2899 4089 πᾶσι
2929 4035 3298 4104 νενικηκέναι,
3331 4035 3424 4088 καὶ
3457 4037 3576 4096 Διὸς
3610 4031 3749 4087 εἶναι
3779 4035 3963 4101 παῖδα,

2394 4131 2488 4184 καὶ
2517 4129 2783 4182 Φίλιππον
2813 4127 3150 4196 ὴπατῆσθαι.

2465 4221 2599 4272 KH'.
2633 4217 2743 4272 Καὶ
2765 4218 2936 4279 οὓτως
2967 4217 3098 4284 ἡμῖν
3129 4215 3398 4286 προῆλθες
3419 4255 3434 4275 ,
3477 4215 3682 4279 πάντας
3724 4215 3966 4286 ἀποκρύ-

2397 4328 2545 4363 πτων
2570 4309 2644 4379 τῷ
2688 4308 2946 4376 θαύματι.
2982 4306 3142 4359 Ὅθεν
3166 4308 3297 4376 ἡμῖν
3324 4309 3380 4359 aI
3417 4306 3599 4366 πόλεις
3625 4306 3963 4376 εὐδαίμονες,

2395 4402 2574 4472 χοροῖς
2631 4397 3008 4468 μεμελημέναι
3063 4397 3158 4449 καὶ
3189 4396 3592 4466 πανηγύρεσιν·
3629 4396 3817 4466 εἰρήνη
3857 4395 3966 4467 γάρ

731 4483 903 4548 Iloret,
941 4484 1083 4539 Mars
1121 4494 1176 4539 ct
1224 4489 1420 4541 seditio
1466 4492 1655 4557 procul
1695 4505 1724 4542 a
1768 4491 1926 4545 nobis
1964 4491 2102 4559 pulsi
2144 4500 2292 4553 sunt,
2327 4509 2368 4562 ι)
2399 4495 2416 4541 i

2281 4530 2292 4553 ,
2327 4509 2368 4562 ι)
2399 4495 2528 4560 ἡμῖν
2555 4495 2667 4552 τοῖς
2703 4490 3022 4556 πράγμασιν
3055 4486 3312 4539 ἐπανθεῖ·
3355 4489 3526 4556 ’Λρης
3555 4487 3610 4538 δὲ
3654 4489 3747 4539 καὶ
3779 4489 3966 4549 στάσις

731 4583 1063 4628 mercatores
1112 4578 1290 4630 securi
1343 4594 1438 4647 per
1482 4595 1630 4634 mare
1675 4583 1928 4650 navigant
1965 4601 1976 4635 :
2011 4583 2126 4634 Iteta
2169 4597 2291 4634 cum

731 4679 826 4732 spe
870 4679 999 4733 ager
1027 4668 1264 4732 colitur;
1309 4683 1372 4720 ae
1399 4669 1551 4736 galea
1595 4685 1718 4722 cum
1754 4671 1908 4724 hasta
1940 4681 1994 4725 et
2026 4671 2204 4740 gladio
2237 4671 2292 4723 iu

731 4765 911 4807 aratra
950 4767 1002 4809 et
1031 4765 1185 4824 grata
1218 4767 1421 4810 mutata
1453 4767 1582 4812 sunt
1611 4761 1827 4812 nomina
1861 4777 1874 4812 :

798 4923 1046 4982 Mulieres
1078 4945 1196 4983 rcro
1238 4931 1557 4998 genitoribus
1593 4933 1788 4986 similes
1820 4937 2033 5002 pariunt
2061 4949 2234 4992 natos.

2401 4585 2587 4654 πόρρω
2610 4583 2717 4634 τῶν
2769 4583 3054 4652 ἡμετέρων
3113 4581 3407 4635 πλανᾶται.
3454 4580 3672 4632 ιΙλεῖται
3731 4581 3829 4648 μὲν
3858 4583 3967 4642 τοῖς

2401 4675 2662 4743 ἐμπόροις
2688 4673 2984 4735 ἀκινδύνως
3073 4671 3314 4724 θάλαττα
3340 4687 3352 4699 ·
3387 4671 3479 4721 ἐπὶ
3517 4670 3572 4722 δὲ
3619 4669 3848 4737 κούφαις
3883 4671 3969 4722 ὲλ-

2403 4765 2550 4816 πίσιν
2569 4767 2601 4832 ἡ
2633 4765 2702 4832 γῆ
2723 4765 3046 4833 γεωργεῖται
3071 4778 3084 4791 ·
3113 4763 3308 4832 κράνος
3338 4761 3393 4813 δὲ
3430 4761 3523 4812 καὶ
3549 4761 3674 4829 δόρυ
3701 4762 3794 4813 καὶ
3819 4761 3968 4830 ξίφος

2401 4859 2478 4916 εἰς
2505 4855 2712 4924 ἄροτρα
2744 4853 3174 4923 μετεσκεύασται
3209 4852 3299 4904 καὶ
3346 4852 3503 4919 φίλας
3538 4852 3902 4920 προσηγορίας
3923 4868 3937 4883 ο

2449 4947 2724 4998 Τίκτουσι
2760 4945 2828 4996 δὲ
2874 4943 3150 5014 γυναῖκες
3179 4942 3412 4996 ἐοικότα
3456 4943 3635 4996 τέκνα
3667 4942 3926 5010 γονεῦσι.

1977 5117 2210 5176 VARI/ﬁ
2262 5120 2664 5176 LECTIONES.

805 5197 846 5228 ⁸⁸
872 5199 936 5270 δὴ
968 5201 1112 5270 conj.
1145 5200 1349 5272 Schup.

1873 5324 2095 5379 ANSSII
2126 5323 2554 5382 VILLOISONIS
2580 5327 2816 5386 ΝΟΤΔΞ.

803 5415 912 5486 (Iit)
941 5415 1100 5468 Forte
1132 5417 1265 5486 μετά
1288 5417 1474 5470 ταῦτα.

801 5485 1004 5556 (ϐξ-(56)
1037 5485 1141 5539 una
1170 5490 1382 5540 mallem
1413 5487 1746 5556 ἀπῂλλαξας.

801 5554 912 5622 (b7)
945 5554 1082 5622 Lege
1111 5560 1326 5627 σεμνόν,
1359 5554 1521 5624 quod
1549 5561 1784 5611 rel'ertur
1819 5557 1882 5610 ad
1928 5557 2250 5627 φρονοῦντες
2281 5578 2294 5613 :

733 5630 792 5676 ut
822 5639 981 5701 supra
1018 5626 1361 5701 εᾼύσανδρος
1385 5668 1399 5690 ,
1437 5629 1484 5678 εἰ
1529 5631 1622 5680 καὶ
1665 5626 2008 5700 Σπαρτιάτης
2055 5626 2156 5701 ἦν,
2203 5630 2298 5682 καὶ

735 5696 929 5756 σεμνὸν
958 5696 1192 5760 ἐφρόνει.

805 5761 916 5830 ((58)
945 5761 1079 5816 Male
1107 5766 1158 5816 ill
1184 5765 1302 5817 cod.
1334 5766 1506 5835 πριῖθν.

2477 5425 2588 5498 (δῦ)
2617 5427 2947 5498 κρείττονος.
2985 5428 3164 5498 Supra
3209 5429 3499 5484 humanam
3539 5441 3786 5484 naturam
3821 5434 3970 5498 posi—

2403 5501 2472 5545 tae
2497 5496 2715 5550 diriuw.
2763 5497 2974 5552 Passim
3029 5496 3090 5551 τὸ
3135 5504 3381 5570 κρεῖττον
3429 5517 3527 5571 pro
3564 5505 3788 5556 nmniue
3821 5496 3973 5556 ιιιρί-

2405 5573 2513 5617 tur.

2475 5633 2586 5703 (70)
2623 5633 2674 5687 In
2706 5636 2828 5690 cod.
2865 5638 3043 5701 ἄλλος.

2475 5705 2557 5772 (‘lt
2572 5717 2590 5772 )
2615 5705 2887 5762 τοσοῦτον.
2921 5708 3032 5762 lloc
3067 5716 3273 5763 tantum
3303 5709 3370 5764 de
3397 5708 3500 5765 hoc
3525 5717 3706 5768 teneo.
