  <div class='ocr_page' id='page_1' title='image "/cluster/home/n/w/nwhite01/storage/ocr_20150623/87 tp.3/nnc1.0046980288/035.png"; bbox 0 0 4268 6458; ppageno 0'>
   <div class='ocr_carea' id='block_1_1' title="bbox 717 418 858 484">
    <p class='ocr_par' dir='ltr' id='par_1_1' title="bbox 717 418 858 484">
     <span class='ocr_line' id='line_1_1' title="bbox 717 418 858 484; baseline 0.028 -4"><span class='ocrx_word' id='word_1_1' title='bbox 717 418 858 484; x_wconf 75' lang='lat'><strong>2839</strong></span> 
     </span>
    </p>
   </div>
   <div class='ocr_carea' id='block_1_2' title="bbox 2028 432 2661 499">
    <p class='ocr_par' dir='ltr' id='par_1_2' title="bbox 2028 432 2661 499">
     <span class='ocr_line' id='line_1_2' title="bbox 2028 432 2661 499; baseline 0.014 -8"><span class='ocrx_word' id='word_1_2' title='bbox 2028 432 2400 495; x_wconf 76' lang='lat' dir='ltr'><strong>PROCOPII&#39;</strong></span> <span class='ocrx_word' id='word_1_3' title='bbox 2419 437 2661 499; x_wconf 64' lang='lat' dir='ltr'><strong>GAZEI</strong></span> 
     </span>
    </p>
   </div>
   <div class='ocr_carea' id='block_1_3' title="bbox 3844 442 3984 507">
    <p class='ocr_par' dir='ltr' id='par_1_3' title="bbox 3844 442 3984 507">
     <span class='ocr_line' id='line_1_3' title="bbox 3844 442 3984 507; baseline -0.014 0"><span class='ocrx_word' id='word_1_4' title='bbox 3844 442 3984 507; x_wconf 63' lang='lat'><strong>2850</strong></span> 
     </span>
    </p>
   </div>
   <div class='ocr_carea' id='block_1_4' title="bbox 719 531 3974 625">
    <p class='ocr_par' dir='ltr' id='par_1_4' title="bbox 719 531 3974 625">
     <span class='ocr_line' id='line_1_4' title="bbox 719 531 3974 625; baseline 0.008 -43"><span class='ocrx_word' id='word_1_5' title='bbox 719 531 1055 625; x_wconf 47' lang='lat' dir='ltr'><strong>arationem,</strong></span> <span class='ocrx_word' id='word_1_6' title='bbox 1088 546 1118 613; x_wconf 71' lang='grc' dir='ltr'><strong>ο</strong></span> <span class='ocrx_word' id='word_1_7' title='bbox 1148 533 1380 625; x_wconf 73' lang='lat' dir='ltr'><strong>tumulo,</strong></span> <span class='ocrx_word' id='word_1_8' title='bbox 1407 551 1515 603; x_wconf 85' lang='lat' dir='ltr'><strong>quo</strong></span> <span class='ocrx_word' id='word_1_9' title='bbox 1549 535 1831 618; x_wconf 56' lang='lat' dir='ltr'><strong>Ifabricius</strong></span> <span class='ocrx_word' id='word_1_10' title='bbox 1861 543 2149 601; x_wconf 88' lang='lat' dir='ltr'><strong>universas</strong></span> <span class='ocrx_word' id='word_1_11' title='bbox 2188 545 2452 612; x_wconf 76' lang='lat' dir='ltr'><strong>condidit,</strong></span> <span class='ocrx_word' id='word_1_12' title='bbox 2489 549 2802 616; x_wconf 63' lang='lat' dir='ltr'><strong>excitatam,</strong></span> <span class='ocrx_word' id='word_1_13' title='bbox 2837 549 3172 620; x_wconf 82' lang='lat' dir='ltr'><strong>protulerint.</strong></span> <span class='ocrx_word' id='word_1_14' title='bbox 3212 550 3385 622; x_wconf 83' lang='lat' dir='ltr'><strong>lpsam</strong></span> <span class='ocrx_word' id='word_1_15' title='bbox 3444 567 3572 608; x_wconf 76' lang='lat' dir='ltr'><strong>vero</strong></span> <span class='ocrx_word' id='word_1_16' title='bbox 3619 552 3734 624; x_wconf 88' lang='lat' dir='ltr'><strong>jam</strong></span> <span class='ocrx_word' id='word_1_17' title='bbox 3781 569 3974 625; x_wconf 81' lang='lat' dir='ltr'><strong>super-</strong></span> 
     </span>
    </p>
   </div>
   <div class='ocr_carea' id='block_1_5' title="bbox 719 601 1670 676">
    <p class='ocr_par' dir='ltr' id='par_1_5' title="bbox 719 601 1670 676">
     <span class='ocr_line' id='line_1_5' title="bbox 719 601 1670 676; baseline 0.012 -25"><span class='ocrx_word' id='word_1_18' title='bbox 719 601 925 659; x_wconf 72' lang='lat' dir='ltr'><strong>stitem.</strong></span> <span class='ocrx_word' id='word_1_19' title='bbox 956 603 1064 666; x_wconf 89' lang='lat' dir='ltr'><strong>jant</strong></span> <span class='ocrx_word' id='word_1_20' title='bbox 1103 601 1436 658; x_wconf 86' lang='lat' dir='ltr'><strong>incolumem</strong></span> <span class='ocrx_word' id='word_1_21' title='bbox 1463 608 1670 676; x_wconf 86' lang='lat' dir='ltr'><strong>aspice.</strong></span> 
     </span>
    </p>
   </div>
   <div class='ocr_carea' id='block_1_6' title="bbox 788 690 2370 780">
    <p class='ocr_par' dir='ltr' id='par_1_6' title="bbox 788 690 2370 780">
     <span class='ocr_line' id='line_1_6' title="bbox 788 690 2370 780; baseline 0.013 -37"><span class='ocrx_word' id='word_1_22' title='bbox 788 690 911 744; x_wconf 83' lang='lat' dir='ltr'><strong>Fuit</strong></span> <span class='ocrx_word' id='word_1_23' title='bbox 970 694 1138 764; x_wconf 76' lang='lat' dir='ltr'><strong>igitur</strong></span> <span class='ocrx_word' id='word_1_24' title='bbox 1175 697 1462 752; x_wconf 74' lang='lat' dir='ltr'><strong>calamitas</strong></span> <span class='ocrx_word' id='word_1_25' title='bbox 1508 701 1844 769; x_wconf 73' lang='lat' dir='ltr'><strong>calamitate,</strong></span> <span class='ocrx_word' id='word_1_26' title='bbox 1879 704 2038 760; x_wconf 89' lang='lat' dir='ltr'><strong>dolor</strong></span> <span class='ocrx_word' id='word_1_27' title='bbox 2084 707 2292 768; x_wconf 87' lang='lat' dir='ltr'><strong>dolore,</strong></span> <span class='ocrx_word' id='word_1_28' title='bbox 2325 722 2370 780; x_wconf 74' lang='grc' dir='ltr'>Α</span> 
     </span>
    </p>
   </div>
   <div class='ocr_carea' id='block_1_7' title="bbox 718 785 2296 864">
    <p class='ocr_par' dir='ltr' id='par_1_7' title="bbox 718 785 2296 864">
     <span class='ocr_line' id='line_1_7' title="bbox 718 785 2296 864; baseline 0.01 -22"><span class='ocrx_word' id='word_1_29' title='bbox 718 785 902 842; x_wconf 66' lang='lat' dir='ltr'><strong>lui-tus</strong></span> <span class='ocrx_word' id='word_1_30' title='bbox 935 789 1120 856; x_wconf 89' lang='lat' dir='ltr'><strong>luctu,</strong></span> <span class='ocrx_word' id='word_1_31' title='bbox 1167 791 1402 860; x_wconf 83' lang='lat' dir='ltr'><strong>gemitus</strong></span> <span class='ocrx_word' id='word_1_32' title='bbox 1449 798 1652 864; x_wconf 79' lang='lat' dir='ltr'><strong>gemitu</strong></span> <span class='ocrx_word' id='word_1_33' title='bbox 1690 838 1705 863; x_wconf 93' lang='lat'><strong>,</strong></span> <span class='ocrx_word' id='word_1_34' title='bbox 1752 809 1808 854; x_wconf 92' lang='lat' dir='ltr'><strong>et</strong></span> <span class='ocrx_word' id='word_1_35' title='bbox 1852 801 2172 856; x_wconf 81' lang='lat' dir='ltr'><strong>lamentatio</strong></span> <span class='ocrx_word' id='word_1_36' title='bbox 2225 805 2296 857; x_wconf 89' lang='lat' dir='ltr'><strong>la-</strong></span> 
     </span>
    </p>
   </div>
   <div class='ocr_carea' id='block_1_8' title="bbox 718 879 2297 959">
    <p class='ocr_par' dir='ltr' id='par_1_8' title="bbox 718 879 2297 959">
     <span class='ocr_line' id='line_1_8' title="bbox 718 879 2297 959; baseline 0.01 -29"><span class='ocrx_word' id='word_1_37' title='bbox 718 879 1054 932; x_wconf 84' lang='lat' dir='ltr'><strong>mentatione</strong></span> <span class='ocrx_word' id='word_1_38' title='bbox 1083 880 1259 949; x_wconf 86' lang='lat' dir='ltr'><strong>major</strong></span> <span class='ocrx_word' id='word_1_39' title='bbox 1283 889 1337 936; x_wconf 90' lang='lat' dir='ltr'><strong>et</strong></span> <span class='ocrx_word' id='word_1_40' title='bbox 1363 885 1562 937; x_wconf 89' lang='lat' dir='ltr'><strong>acrior.</strong></span> <span class='ocrx_word' id='word_1_41' title='bbox 1583 886 1802 944; x_wconf 65' lang='lat' dir='ltr'><strong>Caetera:</strong></span> <span class='ocrx_word' id='word_1_42' title='bbox 1828 892 2050 959; x_wconf 91' lang='lat' dir='ltr'><strong>quidem</strong></span> <span class='ocrx_word' id='word_1_43' title='bbox 2083 892 2297 948; x_wconf 80' lang='lat' dir='ltr'><strong>amicti-</strong></span> 
     </span>
    </p>
   </div>
   <div class='ocr_carea' id='block_1_9' title="bbox 719 972 2293 1044">
    <p class='ocr_par' dir='ltr' id='par_1_9' title="bbox 719 972 2293 1044">
     <span class='ocr_line' id='line_1_9' title="bbox 719 972 2293 1044; baseline 0.012 -20"><span class='ocrx_word' id='word_1_44' title='bbox 719 985 874 1036; x_wconf 91' lang='lat' dir='ltr'><strong>ones,</strong></span> <span class='ocrx_word' id='word_1_45' title='bbox 914 972 1104 1040; x_wconf 86' lang='lat' dir='ltr'><strong>quales</strong></span> <span class='ocrx_word' id='word_1_46' title='bbox 1131 973 1254 1028; x_wconf 85' lang='lat' dir='ltr'><strong>libri</strong></span> <span class='ocrx_word' id='word_1_47' title='bbox 1283 985 1337 1030; x_wconf 89' lang='lat' dir='ltr'><strong>et</strong></span> <span class='ocrx_word' id='word_1_48' title='bbox 1365 981 1640 1034; x_wconf 74' lang='lat' dir='ltr'><strong>memoria:</strong></span> <span class='ocrx_word' id='word_1_49' title='bbox 1662 979 1866 1044; x_wconf 87' lang='lat' dir='ltr'><strong>feruttt,</strong></span> <span class='ocrx_word' id='word_1_50' title='bbox 1900 985 2115 1040; x_wconf 87' lang='lat' dir='ltr'><strong>urbium</strong></span> <span class='ocrx_word' id='word_1_51' title='bbox 2138 1002 2293 1042; x_wconf 84' lang='lat' dir='ltr'><strong>ever-</strong></span> 
     </span>
    </p>
   </div>
   <div class='ocr_carea' id='block_1_10' title="bbox 718 1061 2295 1134">
    <p class='ocr_par' dir='ltr' id='par_1_10' title="bbox 718 1061 2295 1134">
     <span class='ocr_line' id='line_1_10' title="bbox 718 1061 2295 1134; baseline 0.012 -22"><span class='ocrx_word' id='word_1_52' title='bbox 718 1061 924 1126; x_wconf 85' lang='lat' dir='ltr'><strong>siones,</strong></span> <span class='ocrx_word' id='word_1_53' title='bbox 958 1063 1290 1133; x_wconf 87' lang='lat' dir='ltr'><strong>templorum</strong></span> <span class='ocrx_word' id='word_1_54' title='bbox 1336 1070 1696 1134; x_wconf 75' lang='lat' dir='ltr'><strong>vastationes,</strong></span> <span class='ocrx_word' id='word_1_55' title='bbox 1742 1073 2030 1129; x_wconf 83' lang='lat' dir='ltr'><strong>domorum</strong></span> <span class='ocrx_word' id='word_1_56' title='bbox 2078 1078 2295 1132; x_wconf 88' lang='lat' dir='ltr'><strong>destru-</strong></span> 
     </span>
    </p>
   </div>
   <div class='ocr_carea' id='block_1_11' title="bbox 716 1151 2293 1233">
    <p class='ocr_par' dir='ltr' id='par_1_11' title="bbox 716 1151 2293 1233">
     <span class='ocr_line' id='line_1_11' title="bbox 716 1151 2293 1233; baseline 0.013 -32"><span class='ocrx_word' id='word_1_57' title='bbox 716 1151 948 1212; x_wconf 87' lang='lat' dir='ltr'><strong>ctinnes,</strong></span> <span class='ocrx_word' id='word_1_58' title='bbox 993 1163 1300 1209; x_wconf 79' lang='lat' dir='ltr'><strong>statuarum</strong></span> <span class='ocrx_word' id='word_1_59' title='bbox 1347 1158 1584 1226; x_wconf 81' lang='lat' dir='ltr'><strong>excidia,</strong></span> <span class='ocrx_word' id='word_1_60' title='bbox 1627 1165 2157 1233; x_wconf 82' lang='lat' dir='ltr'><strong>transmigrationes,</strong></span> <span class='ocrx_word' id='word_1_61' title='bbox 2195 1169 2293 1222; x_wconf 87' lang='lat' dir='ltr'><strong>ab-</strong></span> 
     </span>
    </p>
   </div>
   <div class='ocr_carea' id='block_1_12' title="bbox 713 1241 2293 1314">
    <p class='ocr_par' dir='ltr' id='par_1_12' title="bbox 713 1241 2293 1314">
     <span class='ocr_line' id='line_1_12' title="bbox 713 1241 2293 1314; baseline 0.011 -21"><span class='ocrx_word' id='word_1_62' title='bbox 713 1241 1026 1307; x_wconf 83' lang='lat' dir='ltr'><strong>ductioncs,</strong></span> <span class='ocrx_word' id='word_1_63' title='bbox 1069 1248 1415 1314; x_wconf 75' lang='lat' dir='ltr'><strong>captivitates</strong></span> <span class='ocrx_word' id='word_1_64' title='bbox 1470 1253 1725 1308; x_wconf 84' lang='lat' dir='ltr'><strong>novimus</strong></span> <span class='ocrx_word' id='word_1_65' title='bbox 1773 1264 1827 1309; x_wconf 84' lang='lat' dir='ltr'><strong>et</strong></span> <span class='ocrx_word' id='word_1_66' title='bbox 1873 1257 2100 1313; x_wconf 89' lang='lat' dir='ltr'><strong>scimus.</strong></span> <span class='ocrx_word' id='word_1_67' title='bbox 2137 1257 2293 1312; x_wconf 81' lang='lat' dir='ltr'><strong>Vidi-</strong></span> 
     </span>
    </p>
   </div>
   <div class='ocr_carea' id='block_1_13' title="bbox 715 1340 2291 1413">
    <p class='ocr_par' dir='ltr' id='par_1_13' title="bbox 715 1340 2291 1413">
     <span class='ocr_line' id='line_1_13' title="bbox 715 1340 2291 1413; baseline 0.014 -33"><span class='ocrx_word' id='word_1_68' title='bbox 715 1345 836 1386; x_wconf 88' lang='lat' dir='ltr'><strong>mus</strong></span> <span class='ocrx_word' id='word_1_69' title='bbox 864 1347 987 1401; x_wconf 71' lang='lat' dir='ltr'><strong>quae</strong></span> <span class='ocrx_word' id='word_1_70' title='bbox 1020 1349 1127 1388; x_wconf 91' lang='lat' dir='ltr'><strong>non</strong></span> <span class='ocrx_word' id='word_1_71' title='bbox 1156 1340 1520 1405; x_wconf 89' lang='lat' dir='ltr'><strong>speravimus,</strong></span> <span class='ocrx_word' id='word_1_72' title='bbox 1559 1357 1667 1395; x_wconf 91' lang='lat' dir='ltr'><strong>non</strong></span> <span class='ocrx_word' id='word_1_73' title='bbox 1693 1347 2159 1413; x_wconf 81' lang='lat' dir='ltr'><strong>exspectavimus,</strong></span> <span class='ocrx_word' id='word_1_74' title='bbox 2185 1366 2291 1403; x_wconf 89' lang='lat' dir='ltr'><strong>non</strong></span> 
     </span>
    </p>
   </div>
   <div class='ocr_carea' id='block_1_14' title="bbox 715 1431 2294 1509">
    <p class='ocr_par' dir='ltr' id='par_1_14' title="bbox 715 1431 2294 1509">
     <span class='ocr_line' id='line_1_14' title="bbox 715 1431 2294 1509; baseline 0.014 -38"><span class='ocrx_word' id='word_1_75' title='bbox 715 1432 896 1478; x_wconf 90' lang='lat' dir='ltr'><strong>mente</strong></span> <span class='ocrx_word' id='word_1_76' title='bbox 921 1440 1159 1494; x_wconf 83' lang='lat' dir='ltr'><strong>unquam</strong></span> <span class='ocrx_word' id='word_1_77' title='bbox 1184 1431 1537 1499; x_wconf 88' lang='lat' dir='ltr'><strong>concepimus</strong></span> <span class='ocrx_word' id='word_1_78' title='bbox 1566 1449 1585 1492; x_wconf 73' lang='grc' dir='ltr'><strong>ς</strong></span> <span class='ocrx_word' id='word_1_79' title='bbox 1611 1434 1771 1503; x_wconf 86' lang='lat' dir='ltr'><strong>cujus</strong></span> <span class='ocrx_word' id='word_1_80' title='bbox 1801 1437 2088 1494; x_wconf 84' lang='lat' dir='ltr'><strong>calamitas</strong></span> <span class='ocrx_word' id='word_1_81' title='bbox 2120 1442 2294 1509; x_wconf 83' lang='lat' dir='ltr'><strong>major</strong></span> 
     </span>
    </p>
   </div>
   <div class='ocr_carea' id='block_1_15' title="bbox 713 1514 2290 1596">
    <p class='ocr_par' dir='ltr' id='par_1_15' title="bbox 713 1514 2290 1596">
     <span class='ocr_line' id='line_1_15' title="bbox 713 1514 2290 1596; baseline 0.014 -32"><span class='ocrx_word' id='word_1_82' title='bbox 713 1514 813 1567; x_wconf 83' lang='lat' dir='ltr'><strong>fuit</strong></span> <span class='ocrx_word' id='word_1_83' title='bbox 865 1517 984 1570; x_wconf 87' lang='lat' dir='ltr'><strong>visu</strong></span> <span class='ocrx_word' id='word_1_84' title='bbox 1035 1534 1198 1588; x_wconf 89' lang='lat' dir='ltr'><strong>quam</strong></span> <span class='ocrx_word' id='word_1_85' title='bbox 1261 1524 1475 1588; x_wconf 87' lang='lat' dir='ltr'><strong>auditu,</strong></span> <span class='ocrx_word' id='word_1_86' title='bbox 1520 1527 1664 1596; x_wconf 83' lang='lat' dir='ltr'><strong>quod</strong></span> <span class='ocrx_word' id='word_1_87' title='bbox 1727 1539 1854 1582; x_wconf 87' lang='lat' dir='ltr'><strong>ante</strong></span> <span class='ocrx_word' id='word_1_88' title='bbox 1907 1547 2101 1586; x_wconf 87' lang='lat' dir='ltr'><strong>omnes</strong></span> <span class='ocrx_word' id='word_1_89' title='bbox 2154 1535 2290 1586; x_wconf 86' lang='lat' dir='ltr'><strong>mori</strong></span> 
     </span>
    </p>
   </div>
   <div class='ocr_carea' id='block_1_16' title="bbox 710 1607 2290 1688">
    <p class='ocr_par' dir='ltr' id='par_1_16' title="bbox 710 1607 2290 1688">
     <span class='ocr_line' id='line_1_16' title="bbox 710 1607 2290 1688; baseline 0.012 -32"><span class='ocrx_word' id='word_1_90' title='bbox 710 1607 1069 1674; x_wconf 83' lang='lat' dir='ltr'><strong>cupivissent.</strong></span> <span class='ocrx_word' id='word_1_91' title='bbox 1107 1609 1247 1675; x_wconf 82' lang='lat' dir='ltr'><strong>Quid</strong></span> <span class='ocrx_word' id='word_1_92' title='bbox 1327 1623 1410 1669; x_wconf 88' lang='lat' dir='ltr'><strong>est</strong></span> <span class='ocrx_word' id='word_1_93' title='bbox 1447 1615 1549 1668; x_wconf 88' lang='lat' dir='ltr'><strong>hoc</strong></span> <span class='ocrx_word' id='word_1_94' title='bbox 1605 1617 1628 1668; x_wconf 86' lang='lat'><strong>?</strong></span> <span class='ocrx_word' id='word_1_95' title='bbox 1687 1619 1950 1672; x_wconf 88' lang='lat' dir='ltr'><strong>mundum</strong></span> <span class='ocrx_word' id='word_1_96' title='bbox 2018 1632 2290 1688; x_wconf 90' lang='lat' dir='ltr'><strong>nostrum,</strong></span> 
     </span>
    </p>
   </div>
   <div class='ocr_carea' id='block_1_17' title="bbox 709 1703 2288 1783">
    <p class='ocr_par' dir='ltr' id='par_1_17' title="bbox 709 1703 2288 1783">
     <span class='ocr_line' id='line_1_17' title="bbox 709 1703 2288 1783; baseline 0.011 -33"><span class='ocrx_word' id='word_1_97' title='bbox 709 1707 959 1752; x_wconf 87' lang='lat' dir='ltr'><strong>nostrum</strong></span> <span class='ocrx_word' id='word_1_98' title='bbox 1017 1703 1242 1767; x_wconf 70' lang='lat' dir='ltr'><strong>cmiunt,</strong></span> <span class='ocrx_word' id='word_1_99' title='bbox 1276 1705 1470 1770; x_wconf 86' lang='lat' dir='ltr'><strong>solem,</strong></span> <span class='ocrx_word' id='word_1_100' title='bbox 1515 1715 1740 1773; x_wconf 88' lang='lat' dir='ltr'><strong>tectum,</strong></span> <span class='ocrx_word' id='word_1_101' title='bbox 1795 1710 2080 1780; x_wconf 73' lang='lat' dir='ltr'><strong>effugium,</strong></span> <span class='ocrx_word' id='word_1_102' title='bbox 2113 1730 2288 1783; x_wconf 84' lang='lat' dir='ltr'><strong>spem,</strong></span> 
     </span>
    </p>
   </div>
   <div class='ocr_carea' id='block_1_18' title="bbox 707 1789 2286 1874">
    <p class='ocr_par' dir='ltr' id='par_1_18' title="bbox 707 1789 2286 1874">
     <span class='ocr_line' id='line_1_18' title="bbox 707 1789 2286 1874; baseline 0.012 -32"><span class='ocrx_word' id='word_1_103' title='bbox 707 1789 885 1844; x_wconf 85' lang='lat' dir='ltr'><strong>solum</strong></span> <span class='ocrx_word' id='word_1_104' title='bbox 932 1792 1416 1860; x_wconf 85' lang='lat' dir='ltr'><strong>delectanteutum,</strong></span> <span class='ocrx_word' id='word_1_105' title='bbox 1474 1799 1650 1854; x_wconf 89' lang='lat' dir='ltr'><strong>solum</strong></span> <span class='ocrx_word' id='word_1_106' title='bbox 1688 1801 1971 1870; x_wconf 87' lang='lat' dir='ltr'><strong>jttvatnett,</strong></span> <span class='ocrx_word' id='word_1_107' title='bbox 2000 1807 2286 1874; x_wconf 74' lang='lat' dir='ltr'><strong>auxilium,</strong></span> 
     </span>
    </p>
   </div>
   <div class='ocr_carea' id='block_1_19' title="bbox 709 1882 2289 1963">
    <p class='ocr_par' dir='ltr' id='par_1_19' title="bbox 709 1882 2289 1963">
     <span class='ocr_line' id='line_1_19' title="bbox 709 1882 2289 1963; baseline 0.013 -30"><span class='ocrx_word' id='word_1_108' title='bbox 709 1882 1174 1951; x_wconf 82' lang='lat' dir='ltr'><strong>prOpitiatorium,</strong></span> <span class='ocrx_word' id='word_1_109' title='bbox 1208 1888 1315 1942; x_wconf 89' lang='lat' dir='ltr'><strong>ltoc</strong></span> <span class='ocrx_word' id='word_1_110' title='bbox 1345 1889 1694 1958; x_wconf 78' lang='lat' dir='ltr'><strong>magniﬁcum</strong></span> <span class='ocrx_word' id='word_1_111' title='bbox 1719 1894 1999 1963; x_wconf 87' lang='lat' dir='ltr'><strong>templum,</strong></span> <span class='ocrx_word' id='word_1_112' title='bbox 2028 1897 2170 1952; x_wconf 88' lang='lat' dir='ltr'><strong>hanc</strong></span> <span class='ocrx_word' id='word_1_113' title='bbox 2201 1901 2289 1954; x_wconf 90' lang='lat' dir='ltr'><strong>in-</strong></span> 
     </span>
    </p>
   </div>
   <div class='ocr_carea' id='block_1_20' title="bbox 707 1975 2290 2056">
    <p class='ocr_par' dir='ltr' id='par_1_20' title="bbox 707 1975 2290 2056">
     <span class='ocr_line' id='line_1_20' title="bbox 707 1975 2290 2056; baseline 0.013 -31"><span class='ocrx_word' id='word_1_114' title='bbox 707 1975 1367 2042; x_wconf 84' lang='lat' dir='ltr'><strong>comparabilemdomum</strong></span> <span class='ocrx_word' id='word_1_115' title='bbox 1386 1995 1550 2050; x_wconf 80' lang='lat' dir='ltr'><strong>quant</strong></span> <span class='ocrx_word' id='word_1_116' title='bbox 1571 1983 1857 2040; x_wconf 54' lang='lat' dir='ltr'><strong>aedificavit</strong></span> <span class='ocrx_word' id='word_1_117' title='bbox 1878 1987 2082 2056; x_wconf 80' lang='lat' dir='ltr'><strong>sophia,</strong></span> <span class='ocrx_word' id='word_1_118' title='bbox 2114 1989 2168 2042; x_wconf 92' lang='lat' dir='ltr'><strong>id</strong></span> <span class='ocrx_word' id='word_1_119' title='bbox 2205 2000 2290 2045; x_wconf 91' lang='lat' dir='ltr'><strong>est</strong></span> 
     </span>
    </p>
   </div>
   <div class='ocr_carea' id='block_1_21' title="bbox 2471 705 3974 786">
    <p class='ocr_par' dir='ltr' id='par_1_21' title="bbox 2471 705 3974 786">
     <span class='ocr_line' id='line_1_21' title="bbox 2471 705 3974 786; baseline 0.005 -24"><span class='ocrx_word' id='word_1_120' title='bbox 2471 705 2577 762; x_wconf 85' lang='grc' dir='ltr'><strong>Ἦν</strong></span> <span class='ocrx_word' id='word_1_121' title='bbox 2597 710 2704 780; x_wconf 78' lang='grc' dir='ltr'><strong>ἄρα</strong></span> <span class='ocrx_word' id='word_1_122' title='bbox 2721 713 2815 765; x_wconf 77' lang='grc' dir='ltr'><strong>καὶ</strong></span> <span class='ocrx_word' id='word_1_123' title='bbox 2833 712 3084 784; x_wconf 81' lang='grc' dir='ltr'><strong>συμφορά</strong></span> <span class='ocrx_word' id='word_1_124' title='bbox 3108 717 3412 786; x_wconf 76' lang='grc' dir='ltr'><strong>συμφορᾶς,</strong></span> <span class='ocrx_word' id='word_1_125' title='bbox 3434 715 3526 768; x_wconf 64' lang='grc' dir='ltr'><strong>καί⁵</strong></span> <span class='ocrx_word' id='word_1_126' title='bbox 3549 713 3719 776; x_wconf 88' lang='grc' dir='ltr'><strong>πάθος</strong></span> <span class='ocrx_word' id='word_1_127' title='bbox 3744 715 3974 778; x_wconf 71' lang='grc' dir='ltr'><strong>πάθον-ις,</strong></span> 
     </span>
    </p>
   </div>
   <div class='ocr_carea' id='block_1_22' title="bbox 2400 801 3978 875">
    <p class='ocr_par' dir='ltr' id='par_1_22' title="bbox 2400 801 3978 875">
     <span class='ocr_line' id='line_1_22' title="bbox 2400 801 3978 875; baseline 0.004 -23"><span class='ocrx_word' id='word_1_128' title='bbox 2400 802 2492 853; x_wconf 77' lang='grc' dir='ltr'><strong>καὶ</strong></span> <span class='ocrx_word' id='word_1_129' title='bbox 2523 801 2665 872; x_wconf 85' lang='grc' dir='ltr'><strong>λύπη</strong></span> <span class='ocrx_word' id='word_1_130' title='bbox 2697 803 3008 871; x_wconf 73' lang='grc' dir='ltr'><strong>λύπης,καὶ</strong></span> <span class='ocrx_word' id='word_1_131' title='bbox 3047 805 3260 874; x_wconf 77' lang='grc' dir='ltr'><strong>οἰμωγὴ</strong></span> <span class='ocrx_word' id='word_1_132' title='bbox 3304 805 3551 875; x_wconf 80' lang='grc' dir='ltr'><strong>οἰμωγῆς</strong></span> <span class='ocrx_word' id='word_1_133' title='bbox 3581 845 3595 868; x_wconf 94' lang='grc'><strong>,</strong></span> <span class='ocrx_word' id='word_1_134' title='bbox 3639 805 3732 858; x_wconf 74' lang='grc' dir='ltr'><strong>καὶ</strong></span> <span class='ocrx_word' id='word_1_135' title='bbox 3784 805 3978 874; x_wconf 80' lang='grc' dir='ltr'><strong>θρῆνος</strong></span> 
     </span>
    </p>
   </div>
   <div class='ocr_carea' id='block_1_23' title="bbox 2399 895 3978 968">
    <p class='ocr_par' dir='ltr' id='par_1_23' title="bbox 2399 895 3978 968">
     <span class='ocr_line' id='line_1_23' title="bbox 2399 895 3978 968; baseline 0.001 -21"><span class='ocrx_word' id='word_1_136' title='bbox 2399 895 2596 965; x_wconf 80' lang='grc' dir='ltr'><strong>θρήνου</strong></span> <span class='ocrx_word' id='word_1_137' title='bbox 2639 897 2843 965; x_wconf 76' lang='grc' dir='ltr'><strong>μείζων</strong></span> <span class='ocrx_word' id='word_1_138' title='bbox 2885 915 2943 950; x_wconf 88' lang='grc' dir='ltr'><strong>τε</strong></span> <span class='ocrx_word' id='word_1_139' title='bbox 2997 900 3092 951; x_wconf 68' lang='grc' dir='ltr'><strong>καὶ</strong></span> <span class='ocrx_word' id='word_1_140' title='bbox 3134 896 3581 968; x_wconf 78' lang='grc' dir='ltr'><strong>ἀργαλεώτερος⁹</strong></span> <span class='ocrx_word' id='word_1_141' title='bbox 3616 897 3712 950; x_wconf 76' lang='grc' dir='ltr'><strong>καὶ</strong></span> <span class='ocrx_word' id='word_1_142' title='bbox 3764 898 3828 951; x_wconf 65' lang='grc' dir='ltr'><strong>τὰ</strong></span> <span class='ocrx_word' id='word_1_143' title='bbox 3880 898 3978 968; x_wconf 81' lang='grc' dir='ltr'><strong>μὲν</strong></span> 
     </span>
    </p>
   </div>
   <div class='ocr_carea' id='block_1_24' title="bbox 2395 985 3978 1067">
    <p class='ocr_par' dir='ltr' id='par_1_24' title="bbox 2395 985 3978 1067">
     <span class='ocr_line' id='line_1_24' title="bbox 2395 985 3978 1067; baseline 0.003 -31"><span class='ocrx_word' id='word_1_144' title='bbox 2395 985 2533 1038; x_wconf 83' lang='grc' dir='ltr'><strong>ἄλλα</strong></span> <span class='ocrx_word' id='word_1_145' title='bbox 2564 985 2673 1038; x_wconf 82' lang='grc' dir='ltr'><strong>τῶν</strong></span> <span class='ocrx_word' id='word_1_146' title='bbox 2706 987 3044 1057; x_wconf 73' lang='grc' dir='ltr'><strong>παθημάτων</strong></span> <span class='ocrx_word' id='word_1_147' title='bbox 3070 989 3175 1067; x_wconf 68' lang='grc' dir='ltr'><strong>ὅσα</strong></span> <span class='ocrx_word' id='word_1_148' title='bbox 3192 990 3285 1042; x_wconf 76' lang='grc' dir='ltr'><strong>καὶ</strong></span> <span class='ocrx_word' id='word_1_149' title='bbox 3311 988 3483 1058; x_wconf 78' lang='grc' dir='ltr'><strong>βίϐλοι</strong></span> <span class='ocrx_word' id='word_1_150' title='bbox 3517 990 3614 1041; x_wconf 79' lang='grc' dir='ltr'><strong>καὶ</strong></span> <span class='ocrx_word' id='word_1_151' title='bbox 3642 990 3851 1058; x_wconf 77' lang='grc' dir='ltr'><strong>μνῆμαι</strong></span> <span class='ocrx_word' id='word_1_152' title='bbox 3880 989 3978 1055; x_wconf 62' lang='grc' dir='ltr'><strong>φέ-</strong></span> 
     </span>
    </p>
   </div>
   <div class='ocr_carea' id='block_1_25' title="bbox 2407 1079 3978 1150">
    <p class='ocr_par' dir='ltr' id='par_1_25' title="bbox 2407 1079 3978 1150">
     <span class='ocr_line' id='line_1_25' title="bbox 2407 1079 3978 1150; baseline 0.001 -20"><span class='ocrx_word' id='word_1_153' title='bbox 2407 1094 2596 1147; x_wconf 75' lang='grc' dir='ltr'><strong>ρουσιο</strong></span> <span class='ocrx_word' id='word_1_154' title='bbox 2631 1079 2842 1133; x_wconf 84' lang='grc' dir='ltr'><strong>πόλεων</strong></span> <span class='ocrx_word' id='word_1_155' title='bbox 2883 1083 3264 1149; x_wconf 76' lang='grc' dir='ltr'><strong>κατασκαφὰς,</strong></span> <span class='ocrx_word' id='word_1_156' title='bbox 3312 1081 3455 1134; x_wconf 82' lang='grc' dir='ltr'>ναῶν</span> <span class='ocrx_word' id='word_1_157' title='bbox 3491 1081 3822 1150; x_wconf 82' lang='grc' dir='ltr'><strong>ἐρημώσεις,</strong></span> <span class='ocrx_word' id='word_1_158' title='bbox 3893 1082 3978 1132; x_wconf 85' lang='grc' dir='ltr'><strong>οἰ-</strong></span> 
     </span>
    </p>
   </div>
   <div class='ocr_carea' id='block_1_26' title="bbox 2397 1170 3980 1242">
    <p class='ocr_par' dir='ltr' id='par_1_26' title="bbox 2397 1170 3980 1242">
     <span class='ocr_line' id='line_1_26' title="bbox 2397 1170 3980 1242; baseline -0.001 -18"><span class='ocrx_word' id='word_1_159' title='bbox 2397 1171 2536 1222; x_wconf 67' lang='grc' dir='ltr'><strong>κιὼν</strong></span> <span class='ocrx_word' id='word_1_160' title='bbox 2599 1170 2955 1240; x_wconf 83' lang='grc' dir='ltr'><strong>ἐρειπώσεις,</strong></span> <span class='ocrx_word' id='word_1_161' title='bbox 3011 1173 3345 1242; x_wconf 83' lang='grc' dir='ltr'><strong>ἀγαλμάτων</strong></span> <span class='ocrx_word' id='word_1_162' title='bbox 3411 1172 3800 1241; x_wconf 73' lang='grc' dir='ltr'><strong>συμπτώσεις.</strong></span> <span class='ocrx_word' id='word_1_163' title='bbox 3852 1189 3980 1242; x_wconf 82' lang='grc' dir='ltr'><strong>μετ-</strong></span> 
     </span>
    </p>
   </div>
   <div class='ocr_carea' id='block_1_27' title="bbox 2395 1263 3976 1335">
    <p class='ocr_par' dir='ltr' id='par_1_27' title="bbox 2395 1263 3976 1335">
     <span class='ocr_line' id='line_1_27' title="bbox 2395 1263 3976 1335; baseline 0.002 -23"><span class='ocrx_word' id='word_1_164' title='bbox 2395 1263 2758 1326; x_wconf 73' lang='grc' dir='ltr'><strong>αναστάσεις,</strong></span> <span class='ocrx_word' id='word_1_165' title='bbox 2805 1264 3140 1332; x_wconf 80' lang='grc' dir='ltr'><strong>ἀπαγωγὰς,</strong></span> <span class='ocrx_word' id='word_1_166' title='bbox 3198 1265 3576 1335; x_wconf 77' lang='grc' dir='ltr'><strong>αἰχμαλωσίας</strong></span> <span class='ocrx_word' id='word_1_167' title='bbox 3625 1265 3873 1332; x_wconf 82' lang='grc' dir='ltr'><strong>ἓγνωμέν</strong></span> <span class='ocrx_word' id='word_1_168' title='bbox 3915 1282 3976 1316; x_wconf 88' lang='grc' dir='ltr'><strong>τε</strong></span> 
     </span>
    </p>
   </div>
   <div class='ocr_carea' id='block_1_28' title="bbox 2395 1355 3976 1426">
    <p class='ocr_par' dir='ltr' id='par_1_28' title="bbox 2395 1355 3976 1426">
     <span class='ocr_line' id='line_1_28' title="bbox 2395 1355 3976 1426; baseline 0.003 -22"><span class='ocrx_word' id='word_1_169' title='bbox 2395 1356 2489 1404; x_wconf 73' lang='grc' dir='ltr'><strong>καὶ</strong></span> <span class='ocrx_word' id='word_1_170' title='bbox 2521 1355 2771 1423; x_wconf 78' lang='grc' dir='ltr'><strong>οἴδαμεν·</strong></span> <span class='ocrx_word' id='word_1_171' title='bbox 2804 1355 3016 1424; x_wconf 73' lang='grc' dir='ltr'><strong>εἴδομεν</strong></span> <span class='ocrx_word' id='word_1_172' title='bbox 3043 1373 3103 1409; x_wconf 85' lang='grc' dir='ltr'><strong>τε</strong></span> <span class='ocrx_word' id='word_1_173' title='bbox 3131 1355 3166 1409; x_wconf 81' lang='grc' dir='ltr'>ἃ</span> <span class='ocrx_word' id='word_1_174' title='bbox 3191 1358 3290 1410; x_wconf 74' lang='grc' dir='ltr'><strong>οὑκ</strong></span> <span class='ocrx_word' id='word_1_175' title='bbox 3322 1357 3388 1410; x_wconf 83' lang='grc' dir='ltr'><strong>ἂν</strong></span> <span class='ocrx_word' id='word_1_176' title='bbox 3412 1357 3720 1426; x_wconf 76' lang='grc' dir='ltr'><strong>ἠλπίσαμεν</strong></span> <span class='ocrx_word' id='word_1_177' title='bbox 3743 1373 3757 1386; x_wconf 78' lang='grc' dir='ltr'><strong>ο</strong></span> <span class='ocrx_word' id='word_1_178' title='bbox 3785 1358 3884 1408; x_wconf 64' lang='grc' dir='ltr'><strong>οὐκ</strong></span> <span class='ocrx_word' id='word_1_179' title='bbox 3911 1357 3976 1410; x_wconf 71' lang='grc' dir='ltr'><strong>ἂν</strong></span> 
     </span>
    </p>
   </div>
   <div class='ocr_carea' id='block_1_29' title="bbox 2395 1448 3973 1517">
    <p class='ocr_par' dir='ltr' id='par_1_29' title="bbox 2395 1448 3973 1517">
     <span class='ocr_line' id='line_1_29' title="bbox 2395 1448 3973 1517; baseline 0.004 -21"><span class='ocrx_word' id='word_1_180' title='bbox 2395 1448 2912 1517; x_wconf 77' lang='grc' dir='ltr'><strong>προσεδοκήσαμεν·</strong></span> <span class='ocrx_word' id='word_1_181' title='bbox 2945 1449 3046 1501; x_wconf 71' lang='grc' dir='ltr'><strong>οὐκ</strong></span> <span class='ocrx_word' id='word_1_182' title='bbox 3077 1451 3144 1504; x_wconf 85' lang='grc' dir='ltr'><strong>ἂν</strong></span> <span class='ocrx_word' id='word_1_183' title='bbox 3174 1453 3252 1514; x_wconf 79' lang='grc' dir='ltr'><strong>εἰς</strong></span> <span class='ocrx_word' id='word_1_184' title='bbox 3289 1451 3414 1502; x_wconf 76' lang='grc' dir='ltr'><strong>νοῦν</strong></span> <span class='ocrx_word' id='word_1_185' title='bbox 3447 1467 3578 1503; x_wconf 84' lang='grc' dir='ltr'><strong>ποτε</strong></span> <span class='ocrx_word' id='word_1_186' title='bbox 3613 1448 3973 1503; x_wconf 82' lang='grc' dir='ltr'><strong>ἀνετυπὼσα-</strong></span> 
     </span>
    </p>
   </div>
   <div class='ocr_carea' id='block_1_30' title="bbox 2398 1537 3970 1612">
    <p class='ocr_par' dir='ltr' id='par_1_30' title="bbox 2398 1537 3970 1612">
     <span class='ocr_line' id='line_1_30' title="bbox 2398 1537 3970 1612; baseline 0.002 -22"><span class='ocrx_word' id='word_1_187' title='bbox 2398 1556 2526 1608; x_wconf 82' lang='grc' dir='ltr'><strong>μεν·</strong></span> <span class='ocrx_word' id='word_1_188' title='bbox 2559 1542 2650 1592; x_wconf 73' lang='grc' dir='ltr'><strong>καὶ</strong></span> <span class='ocrx_word' id='word_1_189' title='bbox 2677 1537 2738 1594; x_wconf 79' lang='grc' dir='ltr'>οὗ</span> <span class='ocrx_word' id='word_1_190' title='bbox 2770 1543 2954 1609; x_wconf 76' lang='grc' dir='ltr'><strong>μεῖζον</strong></span> <span class='ocrx_word' id='word_1_191' title='bbox 2984 1544 3083 1595; x_wconf 71' lang='grc' dir='ltr'><strong>οὐκ</strong></span> <span class='ocrx_word' id='word_1_192' title='bbox 3123 1539 3191 1612; x_wconf 83' lang='grc' dir='ltr'><strong>ἦν</strong></span> <span class='ocrx_word' id='word_1_193' title='bbox 3225 1545 3395 1595; x_wconf 65' lang='grc' dir='ltr'><strong>κακον</strong></span> <span class='ocrx_word' id='word_1_194' title='bbox 3427 1543 3458 1612; x_wconf 80' lang='grc' dir='ltr'>ἦ</span> <span class='ocrx_word' id='word_1_195' title='bbox 3493 1543 3620 1595; x_wconf 86' lang='grc' dir='ltr'><strong>ίδεῖν</strong></span> <span class='ocrx_word' id='word_1_196' title='bbox 3650 1543 3682 1612; x_wconf 85' lang='grc' dir='ltr'><strong>ἧ</strong></span> <span class='ocrx_word' id='word_1_197' title='bbox 3708 1541 3970 1595; x_wconf 71' lang='grc' dir='ltr'><strong>ἀκοῦσαι*</strong></span> 
     </span>
    </p>
   </div>
   <div class='ocr_carea' id='block_1_31' title="bbox 2394 1627 3974 1706">
    <p class='ocr_par' dir='ltr' id='par_1_31' title="bbox 2394 1627 3974 1706">
     <span class='ocr_line' id='line_1_31' title="bbox 2394 1627 3974 1706; baseline 0.003 -24"><span class='ocrx_word' id='word_1_198' title='bbox 2394 1631 2490 1682; x_wconf 68' lang='grc' dir='ltr'><strong>καὶ</strong></span> <span class='ocrx_word' id='word_1_199' title='bbox 2527 1627 2585 1685; x_wconf 69' lang='grc' dir='ltr'><strong>οὗ</strong></span> <span class='ocrx_word' id='word_1_200' title='bbox 2611 1633 3014 1702; x_wconf 73' lang='grc' dir='ltr'><strong>προαποθανεῖν</strong></span> <span class='ocrx_word' id='word_1_201' title='bbox 3058 1638 3164 1697; x_wconf 81' lang='grc' dir='ltr'><strong>πᾶς</strong></span> <span class='ocrx_word' id='word_1_202' title='bbox 3207 1636 3272 1688; x_wconf 85' lang='grc' dir='ltr'><strong>ἂν</strong></span> <span class='ocrx_word' id='word_1_203' title='bbox 3315 1635 3542 1706; x_wconf 76' lang='grc' dir='ltr'><strong>ηὔξατοο</strong></span> <span class='ocrx_word' id='word_1_204' title='bbox 3582 1635 3635 1687; x_wconf 81' lang='grc' dir='ltr'><strong>τί</strong></span> <span class='ocrx_word' id='word_1_205' title='bbox 3665 1634 3850 1700; x_wconf 84' lang='grc' dir='ltr'><strong>τοῦτο;</strong></span> <span class='ocrx_word' id='word_1_206' title='bbox 3882 1635 3974 1687; x_wconf 71' lang='grc' dir='ltr'><strong>τὸν</strong></span> 
     </span>
    </p>
   </div>
   <div class='ocr_carea' id='block_1_32' title="bbox 2395 1724 3974 1798">
    <p class='ocr_par' dir='ltr' id='par_1_32' title="bbox 2395 1724 3974 1798">
     <span class='ocr_line' id='line_1_32' title="bbox 2395 1724 3974 1798; baseline 0.002 -22"><span class='ocrx_word' id='word_1_207' title='bbox 2395 1724 2599 1795; x_wconf 89' lang='grc' dir='ltr'><strong>κόσμον</strong></span> <span class='ocrx_word' id='word_1_208' title='bbox 2623 1725 2800 1795; x_wconf 75' lang='grc' dir='ltr'><strong>ἡμῶν,</strong></span> <span class='ocrx_word' id='word_1_209' title='bbox 2827 1728 2917 1779; x_wconf 74' lang='grc' dir='ltr'><strong>τὸν</strong></span> <span class='ocrx_word' id='word_1_210' title='bbox 2947 1728 3176 1798; x_wconf 75' lang='grc' dir='ltr'><strong>οὐρανὸν</strong></span> <span class='ocrx_word' id='word_1_211' title='bbox 3206 1729 3385 1797; x_wconf 81' lang='grc' dir='ltr'><strong>ἡμῶν,</strong></span> <span class='ocrx_word' id='word_1_212' title='bbox 3419 1729 3514 1780; x_wconf 83' lang='grc' dir='ltr'><strong>τὸν</strong></span> <span class='ocrx_word' id='word_1_213' title='bbox 3537 1728 3712 1798; x_wconf 77' lang='grc' dir='ltr'><strong>ἣλιον,</strong></span> <span class='ocrx_word' id='word_1_214' title='bbox 3737 1728 3835 1797; x_wconf 75' lang='grc' dir='ltr'><strong>τὴν</strong></span> <span class='ocrx_word' id='word_1_215' title='bbox 3859 1727 3974 1780; x_wconf 81' lang='grc' dir='ltr'><strong>σκέ-</strong></span> 
     </span>
    </p>
   </div>
   <div class='ocr_carea' id='block_1_33' title="bbox 2393 1818 3971 1890">
    <p class='ocr_par' dir='ltr' id='par_1_33' title="bbox 2393 1818 3971 1890">
     <span class='ocr_line' id='line_1_33' title="bbox 2393 1818 3971 1890; baseline -0.007 -10"><span class='ocrx_word' id='word_1_216' title='bbox 2393 1835 2523 1884; x_wconf 82' lang='grc' dir='ltr'><strong>πην.</strong></span> <span class='ocrx_word' id='word_1_217' title='bbox 2558 1818 2658 1888; x_wconf 79' lang='grc' dir='ltr'><strong>τὴν</strong></span> <span class='ocrx_word' id='word_1_218' title='bbox 2693 1819 3038 1888; x_wconf 69' lang='grc' dir='ltr'><strong>καταφυγὴν,</strong></span> <span class='ocrx_word' id='word_1_219' title='bbox 3070 1821 3170 1890; x_wconf 79' lang='grc' dir='ltr'><strong>τὴν</strong></span> <span class='ocrx_word' id='word_1_220' title='bbox 3208 1820 3432 1880; x_wconf 82' lang='grc' dir='ltr'><strong>ἐλπίδα,</strong></span> <span class='ocrx_word' id='word_1_221' title='bbox 3469 1819 3570 1888; x_wconf 73' lang='grc' dir='ltr'><strong>τὴν</strong></span> <span class='ocrx_word' id='word_1_222' title='bbox 3605 1821 3774 1888; x_wconf 81' lang='grc' dir='ltr'><strong>μόνην</strong></span> <span class='ocrx_word' id='word_1_223' title='bbox 3831 1818 3971 1887; x_wconf 72' lang='grc' dir='ltr'><strong>ψυχ-</strong></span> 
     </span>
    </p>
   </div>
   <div class='ocr_carea' id='block_1_34' title="bbox 2393 1909 3974 1981">
    <p class='ocr_par' dir='ltr' id='par_1_34' title="bbox 2393 1909 3974 1981">
     <span class='ocr_line' id='line_1_34' title="bbox 2393 1909 3974 1981; baseline -0.001 -21"><span class='ocrx_word' id='word_1_224' title='bbox 2393 1909 2604 1976; x_wconf 82' lang='grc' dir='ltr'><strong>γωγίαν</strong></span> <span class='ocrx_word' id='word_1_225' title='bbox 2627 1952 2640 1972; x_wconf 96' lang='grc'><strong>,</strong></span> <span class='ocrx_word' id='word_1_226' title='bbox 2666 1910 2764 1980; x_wconf 72' lang='grc' dir='ltr'><strong>τὴν</strong></span> <span class='ocrx_word' id='word_1_227' title='bbox 2794 1912 2962 1981; x_wconf 82' lang='grc' dir='ltr'><strong>μόνην</strong></span> <span class='ocrx_word' id='word_1_228' title='bbox 2984 1912 3289 1980; x_wconf 72' lang='grc' dir='ltr'><strong>ἀντίληψιν,</strong></span> <span class='ocrx_word' id='word_1_229' title='bbox 3313 1909 3373 1962; x_wconf 79' lang='grc' dir='ltr'><strong>τὸ</strong></span> <span class='ocrx_word' id='word_1_230' title='bbox 3403 1909 3724 1979; x_wconf 57' lang='grc' dir='ltr'><strong>ἐρεισμαμτὸ</strong></span> <span class='ocrx_word' id='word_1_231' title='bbox 3757 1909 3974 1976; x_wconf 77' lang='grc' dir='ltr'><strong>ἱλαστή-</strong></span> 
     </span>
    </p>
   </div>
   <div class='ocr_carea' id='block_1_35' title="bbox 2395 1994 3972 2072">
    <p class='ocr_par' dir='ltr' id='par_1_35' title="bbox 2395 1994 3972 2072">
     <span class='ocr_line' id='line_1_35' title="bbox 2395 1994 3972 2072; baseline -0.002 -20"><span class='ocrx_word' id='word_1_232' title='bbox 2395 2017 2530 2070; x_wconf 91' lang='grc' dir='ltr'><strong>ριον,</strong></span> <span class='ocrx_word' id='word_1_233' title='bbox 2577 2001 2666 2053; x_wconf 82' lang='grc' dir='ltr'><strong>τὸν</strong></span> <span class='ocrx_word' id='word_1_234' title='bbox 2709 2002 3013 2072; x_wconf 81' lang='grc' dir='ltr'>περικαλλῆ</span> <span class='ocrx_word' id='word_1_235' title='bbox 3058 2001 3314 2065; x_wconf 64' lang='grc' dir='ltr'><strong>ναὶν,τδν</strong></span> <span class='ocrx_word' id='word_1_236' title='bbox 3367 1999 3697 2068; x_wconf 77' lang='grc' dir='ltr'><strong>ἀσύγκριτον</strong></span> <span class='ocrx_word' id='word_1_237' title='bbox 3738 1994 3883 2050; x_wconf 81' lang='grc' dir='ltr'><strong>οἶκον</strong></span> <span class='ocrx_word' id='word_1_238' title='bbox 3913 1998 3972 2050; x_wconf 75' lang='grc' dir='ltr'><strong>ὃν</strong></span> 
     </span>
    </p>
   </div>
   <div class='ocr_carea' id='block_1_36' title="bbox 706 2063 2391 2162">
    <p class='ocr_par' dir='ltr' id='par_1_36' title="bbox 706 2063 2359 2148">
     <span class='ocr_line' id='line_1_36' title="bbox 706 2063 2359 2148; baseline 0.013 -30"><span class='ocrx_word' id='word_1_239' title='bbox 706 2067 974 2134; x_wconf 83' lang='lat' dir='ltr'><strong>sapientia</strong></span> <span class='ocrx_word' id='word_1_240' title='bbox 1028 2069 1130 2123; x_wconf 88' lang='lat' dir='ltr'><strong>sub</strong></span> <span class='ocrx_word' id='word_1_241' title='bbox 1161 2063 1382 2126; x_wconf 81' lang='lat' dir='ltr'><strong>nomine</strong></span> <span class='ocrx_word' id='word_1_242' title='bbox 1429 2087 1554 2138; x_wconf 87' lang='lat' dir='ltr'><strong>suo,</strong></span> <span class='ocrx_word' id='word_1_243' title='bbox 1579 2090 1744 2144; x_wconf 87' lang='lat' dir='ltr'><strong>super</strong></span> <span class='ocrx_word' id='word_1_244' title='bbox 1773 2093 1936 2146; x_wconf 89' lang='lat' dir='ltr'><strong>quam</strong></span> <span class='ocrx_word' id='word_1_245' title='bbox 1967 2084 2162 2135; x_wconf 88' lang='lat' dir='ltr'><strong>statuit</strong></span> <span class='ocrx_word' id='word_1_246' title='bbox 2186 2083 2285 2139; x_wconf 88' lang='lat' dir='ltr'><strong>has</strong></span> <span class='ocrx_word' id='word_1_247' title='bbox 2317 2093 2359 2148; x_wconf 81' lang='grc' dir='ltr'>Β</span> 
     </span>
    </p>
   </div>
   <div class='ocr_carea' id='block_1_37' title="bbox 2286 2063 3971 2162">
    <p class='ocr_par' dir='ltr' id='par_1_37' title="bbox 2317 2063 3971 2162">
     <span class='ocr_line' id='line_1_37' title="bbox 2317 2063 3971 2162; baseline -0.007 -14"><span class='ocrx_word' id='word_1_248' title='bbox 2317 2093 2359 2148; x_wconf 85' lang='grc' dir='ltr'><strong><em>Β</em></strong></span> <span class='ocrx_word' id='word_1_249' title='bbox 2396 2063 2840 2162; x_wconf 42' lang='grc' dir='ltr'><strong>’ᾠκοδόμησε-νή</strong></span> <span class='ocrx_word' id='word_1_250' title='bbox 2871 2063 3062 2160; x_wconf 67' lang='grc' dir='ltr'><strong>Σοφία</strong></span> <span class='ocrx_word' id='word_1_251' title='bbox 3092 2093 3186 2142; x_wconf 68' lang='grc' dir='ltr'><strong>ἐπὶ</strong></span> <span class='ocrx_word' id='word_1_252' title='bbox 3213 2091 3289 2160; x_wconf 77' lang='grc' dir='ltr'><strong>τῷ</strong></span> <span class='ocrx_word' id='word_1_253' title='bbox 3313 2089 3510 2158; x_wconf 79' lang='grc' dir='ltr'><strong>ἐαυτῆς</strong></span> <span class='ocrx_word' id='word_1_254' title='bbox 3538 2090 3760 2156; x_wconf 85' lang='grc' dir='ltr'><strong>ὀνόματι</strong></span> <span class='ocrx_word' id='word_1_255' title='bbox 3779 2104 3792 2118; x_wconf 76' lang='grc' dir='ltr'><strong><em>ο</em></strong></span> <span class='ocrx_word' id='word_1_256' title='bbox 3812 2091 3902 2140; x_wconf 74' lang='grc' dir='ltr'><strong>καὶ</strong></span> <span class='ocrx_word' id='word_1_257' title='bbox 3928 2081 3971 2152; x_wconf 80' lang='grc' dir='ltr'>ᾧ</span> 
     </span>
    </p>
   </div>
   <div class='ocr_carea' id='block_1_38' title="bbox 706 2160 2280 2239">
    <p class='ocr_par' dir='ltr' id='par_1_38' title="bbox 706 2160 2280 2239">
     <span class='ocr_line' id='line_1_38' title="bbox 706 2160 2280 2239; baseline 0.013 -32"><span class='ocrx_word' id='word_1_258' title='bbox 706 2165 915 2228; x_wconf 67' lang='lat' dir='ltr'><strong>septem</strong></span> <span class='ocrx_word' id='word_1_259' title='bbox 943 2160 1251 2226; x_wconf 86' lang='lat' dir='ltr'><strong>columnas,</strong></span> <span class='ocrx_word' id='word_1_260' title='bbox 1285 2161 1338 2217; x_wconf 90' lang='lat' dir='ltr'><strong>itt</strong></span> <span class='ocrx_word' id='word_1_261' title='bbox 1370 2181 1476 2233; x_wconf 87' lang='lat' dir='ltr'><strong>qua</strong></span> <span class='ocrx_word' id='word_1_262' title='bbox 1509 2182 1637 2222; x_wconf 89' lang='lat' dir='ltr'><strong>suas</strong></span> <span class='ocrx_word' id='word_1_263' title='bbox 1680 2169 2280 2239; x_wconf 87' lang='lat' dir='ltr'><strong>immolavitviclimas,</strong></span> 
     </span>
    </p>
   </div>
   <div class='ocr_carea' id='block_1_39' title="bbox 703 2249 2283 2321">
    <p class='ocr_par' dir='ltr' id='par_1_39' title="bbox 703 2249 2283 2321">
     <span class='ocr_line' id='line_1_39' title="bbox 703 2249 2283 2321; baseline 0.012 -21"><span class='ocrx_word' id='word_1_264' title='bbox 703 2259 758 2300; x_wconf 85' lang='lat' dir='ltr'><strong>et</strong></span> <span class='ocrx_word' id='word_1_265' title='bbox 785 2249 1050 2320; x_wconf 74' lang='lat' dir='ltr'><strong>scyphum</strong></span> <span class='ocrx_word' id='word_1_266' title='bbox 1083 2251 1340 2321; x_wconf 91' lang='lat' dir='ltr'><strong>miscuit;</strong></span> <span class='ocrx_word' id='word_1_267' title='bbox 1371 2269 1404 2308; x_wconf 93' lang='grc' dir='ltr'><strong>ο</strong></span> <span class='ocrx_word' id='word_1_268' title='bbox 1437 2257 1710 2314; x_wconf 88' lang='lat' dir='ltr'><strong>dolorem!</strong></span> <span class='ocrx_word' id='word_1_269' title='bbox 1749 2275 1782 2315; x_wconf 92' lang='grc' dir='ltr'><strong>ο</strong></span> <span class='ocrx_word' id='word_1_270' title='bbox 1813 2263 2219 2318; x_wconf 85' lang='lat' dir='ltr'><strong>calamitatem!</strong></span> <span class='ocrx_word' id='word_1_271' title='bbox 2249 2282 2283 2321; x_wconf 96' lang='lat' dir='ltr'><strong>o</strong></span> 
     </span>
    </p>
   </div>
   <div class='ocr_carea' id='block_1_40' title="bbox 708 2341 2280 2428">
    <p class='ocr_par' dir='ltr' id='par_1_40' title="bbox 708 2341 2280 2428">
     <span class='ocr_line' id='line_1_40' title="bbox 708 2341 2280 2428; baseline 0.014 -38"><span class='ocrx_word' id='word_1_272' title='bbox 708 2341 976 2394; x_wconf 88' lang='lat' dir='ltr'><strong>malorum</strong></span> <span class='ocrx_word' id='word_1_273' title='bbox 1011 2345 1443 2410; x_wconf 78' lang='lat' dir='ltr'><strong>magnitudinem</strong></span> <span class='ocrx_word' id='word_1_274' title='bbox 1477 2349 1490 2400; x_wconf 75' lang='grc' dir='ltr'><strong>ί</strong></span> <span class='ocrx_word' id='word_1_275' title='bbox 1527 2362 1560 2403; x_wconf 95' lang='lat' dir='ltr'><strong>o</strong></span> <span class='ocrx_word' id='word_1_276' title='bbox 1590 2349 1852 2406; x_wconf 87' lang='lat' dir='ltr'><strong>Iliadem!</strong></span> <span class='ocrx_word' id='word_1_277' title='bbox 1887 2356 2011 2424; x_wconf 89' lang='lat' dir='ltr'><strong>quis</strong></span> <span class='ocrx_word' id='word_1_278' title='bbox 2041 2356 2280 2428; x_wconf 77' lang='lat' dir='ltr'><strong>linguam</strong></span> 
     </span>
    </p>
   </div>
   <div class='ocr_carea' id='block_1_41' title="bbox 705 2430 2283 2508">
    <p class='ocr_par' dir='ltr' id='par_1_41' title="bbox 705 2430 2283 2508">
     <span class='ocr_line' id='line_1_41' title="bbox 705 2430 2283 2508; baseline 0.013 -26"><span class='ocrx_word' id='word_1_279' title='bbox 705 2445 815 2484; x_wconf 90' lang='lat' dir='ltr'><strong>non</strong></span> <span class='ocrx_word' id='word_1_280' title='bbox 860 2430 1079 2487; x_wconf 64' lang='lat' dir='ltr'><strong>lmderet</strong></span> <span class='ocrx_word' id='word_1_281' title='bbox 1112 2435 1383 2492; x_wconf 84' lang='lat' dir='ltr'><strong>dicendo?</strong></span> <span class='ocrx_word' id='word_1_282' title='bbox 1411 2439 1536 2508; x_wconf 90' lang='lat' dir='ltr'><strong>quis</strong></span> <span class='ocrx_word' id='word_1_283' title='bbox 1567 2440 1744 2495; x_wconf 88' lang='lat' dir='ltr'><strong>libens</strong></span> <span class='ocrx_word' id='word_1_284' title='bbox 1779 2459 1886 2498; x_wconf 92' lang='lat' dir='ltr'><strong>non</strong></span> <span class='ocrx_word' id='word_1_285' title='bbox 1917 2445 2283 2502; x_wconf 73' lang='lat' dir='ltr'><strong>sulfocaretur</strong></span> 
     </span>
    </p>
   </div>
   <div class='ocr_carea' id='block_1_42' title="bbox 702 2527 2282 2606">
    <p class='ocr_par' dir='ltr' id='par_1_42' title="bbox 702 2527 2282 2606">
     <span class='ocr_line' id='line_1_42' title="bbox 702 2527 2282 2606; baseline 0.012 -29"><span class='ocrx_word' id='word_1_286' title='bbox 702 2532 998 2595; x_wconf 86' lang='lat' dir='ltr'><strong>antequam</strong></span> <span class='ocrx_word' id='word_1_287' title='bbox 1034 2527 1354 2598; x_wconf 88' lang='lat' dir='ltr'><strong>loqueretur</strong></span> <span class='ocrx_word' id='word_1_288' title='bbox 1383 2531 1451 2586; x_wconf 90' lang='lat' dir='ltr'><strong>de</strong></span> <span class='ocrx_word' id='word_1_289' title='bbox 1481 2531 1767 2590; x_wconf 78' lang='lat' dir='ltr'><strong>haedomo</strong></span> <span class='ocrx_word' id='word_1_290' title='bbox 1800 2553 1962 2606; x_wconf 88' lang='lat' dir='ltr'><strong>quam</strong></span> <span class='ocrx_word' id='word_1_291' title='bbox 2004 2538 2107 2594; x_wconf 87' lang='lat' dir='ltr'><strong>sibi</strong></span> <span class='ocrx_word' id='word_1_292' title='bbox 2140 2539 2282 2596; x_wconf 88' lang='lat' dir='ltr'><strong>Deus</strong></span> 
     </span>
    </p>
   </div>
   <div class='ocr_carea' id='block_1_43' title="bbox 702 2615 2282 2699">
    <p class='ocr_par' dir='ltr' id='par_1_43' title="bbox 702 2615 2282 2699">
     <span class='ocr_line' id='line_1_43' title="bbox 702 2615 2282 2699; baseline 0.011 -32"><span class='ocrx_word' id='word_1_293' title='bbox 702 2615 1021 2686; x_wconf 75' lang='lat' dir='ltr'><strong>selegerat?</strong></span> <span class='ocrx_word' id='word_1_294' title='bbox 1071 2634 1233 2688; x_wconf 90' lang='lat' dir='ltr'><strong>quam</strong></span> <span class='ocrx_word' id='word_1_295' title='bbox 1301 2623 1704 2692; x_wconf 83' lang='lat' dir='ltr'><strong>frequentabat,</strong></span> <span class='ocrx_word' id='word_1_296' title='bbox 1764 2643 1928 2698; x_wconf 89' lang='lat' dir='ltr'><strong>quam</strong></span> <span class='ocrx_word' id='word_1_297' title='bbox 1985 2638 2040 2683; x_wconf 90' lang='lat' dir='ltr'><strong>ttt</strong></span> <span class='ocrx_word' id='word_1_298' title='bbox 2108 2633 2282 2699; x_wconf 80' lang='lat' dir='ltr'><strong>magis</strong></span> 
     </span>
    </p>
   </div>
   <div class='ocr_carea' id='block_1_44' title="bbox 699 2706 2280 2790">
    <p class='ocr_par' dir='ltr' id='par_1_44' title="bbox 699 2706 2280 2790">
     <span class='ocr_line' id='line_1_44' title="bbox 699 2706 2280 2790; baseline 0.012 -32"><span class='ocrx_word' id='word_1_299' title='bbox 699 2706 900 2771; x_wconf 73' lang='lat' dir='ltr'><strong>dicam,</strong></span> <span class='ocrx_word' id='word_1_300' title='bbox 937 2716 998 2762; x_wconf 92' lang='lat' dir='ltr'><strong>ut</strong></span> <span class='ocrx_word' id='word_1_301' title='bbox 1044 2710 1274 2778; x_wconf 90' lang='lat' dir='ltr'><strong>patriam</strong></span> <span class='ocrx_word' id='word_1_302' title='bbox 1307 2712 1608 2779; x_wconf 77' lang='lat' dir='ltr'><strong>habitabat,</strong></span> <span class='ocrx_word' id='word_1_303' title='bbox 1652 2716 1707 2771; x_wconf 88' lang='lat' dir='ltr'><strong>itt</strong></span> <span class='ocrx_word' id='word_1_304' title='bbox 1734 2733 1838 2788; x_wconf 89' lang='lat' dir='ltr'><strong>qna</strong></span> <span class='ocrx_word' id='word_1_305' title='bbox 1874 2721 2146 2790; x_wconf 89' lang='lat' dir='ltr'><strong>propitius</strong></span> <span class='ocrx_word' id='word_1_306' title='bbox 2168 2722 2280 2776; x_wconf 85' lang='lat' dir='ltr'><strong>clli-</strong></span> 
     </span>
    </p>
   </div>
   <div class='ocr_carea' id='block_1_45' title="bbox 699 2797 2282 2879">
    <p class='ocr_par' dir='ltr' id='par_1_45' title="bbox 699 2797 2282 2879">
     <span class='ocr_line' id='line_1_45' title="bbox 699 2797 2282 2879; baseline 0.011 -29"><span class='ocrx_word' id='word_1_307' title='bbox 699 2797 969 2864; x_wconf 83' lang='lat' dir='ltr'><strong>ciebatur,</strong></span> <span class='ocrx_word' id='word_1_308' title='bbox 1002 2815 1110 2872; x_wconf 90' lang='lat' dir='ltr'><strong>qua</strong></span> <span class='ocrx_word' id='word_1_309' title='bbox 1135 2803 1534 2867; x_wconf 86' lang='lat' dir='ltr'><strong>delectabatur.</strong></span> <span class='ocrx_word' id='word_1_310' title='bbox 1571 2809 1625 2862; x_wconf 92' lang='lat' dir='ltr'><strong>in</strong></span> <span class='ocrx_word' id='word_1_311' title='bbox 1667 2824 1774 2879; x_wconf 91' lang='lat' dir='ltr'><strong>qua</strong></span> <span class='ocrx_word' id='word_1_312' title='bbox 1807 2813 2282 2868; x_wconf 85' lang='lat' dir='ltr'><strong>conservabantur</strong></span> 
     </span>
    </p>
   </div>
   <div class='ocr_carea' id='block_1_46' title="bbox 701 2890 2282 2971">
    <p class='ocr_par' dir='ltr' id='par_1_46' title="bbox 701 2890 2282 2971">
     <span class='ocr_line' id='line_1_46' title="bbox 701 2890 2282 2971; baseline 0.013 -31"><span class='ocrx_word' id='word_1_313' title='bbox 701 2890 1126 2960; x_wconf 79' lang='lat' dir='ltr'><strong>pretiosissima,</strong></span> <span class='ocrx_word' id='word_1_314' title='bbox 1181 2897 1385 2960; x_wconf 87' lang='lat' dir='ltr'><strong>oleum,</strong></span> <span class='ocrx_word' id='word_1_315' title='bbox 1442 2898 1702 2961; x_wconf 85' lang='lat' dir='ltr'><strong>chrisma.</strong></span> <span class='ocrx_word' id='word_1_316' title='bbox 1749 2903 1958 2971; x_wconf 76' lang='lat' dir='ltr'><strong>regium</strong></span> <span class='ocrx_word' id='word_1_317' title='bbox 2032 2902 2161 2960; x_wconf 89' lang='lat' dir='ltr'><strong>dico</strong></span> <span class='ocrx_word' id='word_1_318' title='bbox 2229 2915 2282 2960; x_wconf 94' lang='lat' dir='ltr'><strong>et</strong></span> 
     </span>
    </p>
   </div>
   <div class='ocr_carea' id='block_1_47' title="bbox 699 2985 2282 3064">
    <p class='ocr_par' dir='ltr' id='par_1_47' title="bbox 699 2985 2282 3064">
     <span class='ocr_line' id='line_1_47' title="bbox 699 2985 2282 3064; baseline 0.012 -31"><span class='ocrx_word' id='word_1_319' title='bbox 699 2985 1118 3049; x_wconf 76' lang='lat' dir='ltr'><strong>sacratnentale,</strong></span> <span class='ocrx_word' id='word_1_320' title='bbox 1152 2987 1540 3044; x_wconf 79' lang='lat' dir='ltr'><strong>miraculesunt</strong></span> <span class='ocrx_word' id='word_1_321' title='bbox 1569 2990 1772 3047; x_wconf 86' lang='lat' dir='ltr'><strong>Christi</strong></span> <span class='ocrx_word' id='word_1_322' title='bbox 1817 3007 2018 3064; x_wconf 83' lang='lat' dir='ltr'><strong>corpus</strong></span> <span class='ocrx_word' id='word_1_323' title='bbox 2051 3004 2106 3051; x_wconf 93' lang='lat' dir='ltr'><strong>et</strong></span> <span class='ocrx_word' id='word_1_324' title='bbox 2153 3010 2282 3051; x_wconf 89' lang='lat' dir='ltr'><strong>san-</strong></span> 
     </span>
    </p>
   </div>
   <div class='ocr_carea' id='block_1_48' title="bbox 694 3075 2283 3157">
    <p class='ocr_par' dir='ltr' id='par_1_48' title="bbox 694 3075 2283 3157">
     <span class='ocr_line' id='line_1_48' title="bbox 694 3075 2283 3157; baseline 0.01 -30"><span class='ocrx_word' id='word_1_325' title='bbox 694 3075 843 3144; x_wconf 68' lang='lat' dir='ltr'><strong>guis,</strong></span> <span class='ocrx_word' id='word_1_326' title='bbox 908 3075 962 3131; x_wconf 88' lang='lat' dir='ltr'><strong>in</strong></span> <span class='ocrx_word' id='word_1_327' title='bbox 1029 3092 1133 3147; x_wconf 83' lang='lat' dir='ltr'><strong>qua</strong></span> <span class='ocrx_word' id='word_1_328' title='bbox 1205 3080 1590 3137; x_wconf 90' lang='lat' dir='ltr'><strong>immolabatur</strong></span> <span class='ocrx_word' id='word_1_329' title='bbox 1641 3084 1833 3153; x_wconf 87' lang='lat' dir='ltr'><strong>ipse?</strong></span> <span class='ocrx_word' id='word_1_330' title='bbox 1899 3087 2027 3157; x_wconf 88' lang='lat' dir='ltr'><strong>quis</strong></span> <span class='ocrx_word' id='word_1_331' title='bbox 2101 3087 2283 3144; x_wconf 88' lang='lat' dir='ltr'><strong>dicere</strong></span> 
     </span>
    </p>
   </div>
   <div class='ocr_carea' id='block_1_49' title="bbox 698 3165 2284 3246">
    <p class='ocr_par' dir='ltr' id='par_1_49' title="bbox 698 3165 2284 3246">
     <span class='ocr_line' id='line_1_49' title="bbox 698 3165 2284 3246; baseline 0.011 -27"><span class='ocrx_word' id='word_1_332' title='bbox 698 3165 926 3223; x_wconf 86' lang='lat' dir='ltr'><strong>audebit</strong></span> <span class='ocrx_word' id='word_1_333' title='bbox 978 3171 1126 3241; x_wconf 87' lang='lat' dir='ltr'><strong>quod</strong></span> <span class='ocrx_word' id='word_1_334' title='bbox 1195 3171 1402 3230; x_wconf 85' lang='lat' dir='ltr'><strong>factum</strong></span> <span class='ocrx_word' id='word_1_335' title='bbox 1459 3175 1595 3231; x_wconf 80' lang='lat' dir='ltr'><strong>est?</strong></span> <span class='ocrx_word' id='word_1_336' title='bbox 1632 3177 1758 3246; x_wconf 84' lang='lat' dir='ltr'><strong>quis</strong></span> <span class='ocrx_word' id='word_1_337' title='bbox 1824 3177 1991 3235; x_wconf 87' lang='lat' dir='ltr'><strong>ferret</strong></span> <span class='ocrx_word' id='word_1_338' title='bbox 2064 3182 2284 3238; x_wconf 88' lang='lat' dir='ltr'><strong>animus</strong></span> 
     </span>
    </p>
   </div>
   <div class='ocr_carea' id='block_1_50' title="bbox 697 3261 2284 3336">
    <p class='ocr_par' dir='ltr' id='par_1_50' title="bbox 697 3261 2284 3336">
     <span class='ocr_line' id='line_1_50' title="bbox 697 3261 2284 3336; baseline 0.008 -23"><span class='ocrx_word' id='word_1_339' title='bbox 697 3273 889 3315; x_wconf 87' lang='lat' dir='ltr'><strong>vocem</strong></span> <span class='ocrx_word' id='word_1_340' title='bbox 932 3261 1233 3332; x_wconf 76' lang='lat' dir='ltr'><strong>proferre?</strong></span> <span class='ocrx_word' id='word_1_341' title='bbox 1269 3267 1530 3336; x_wconf 88' lang='lat' dir='ltr'><strong>templum</strong></span> <span class='ocrx_word' id='word_1_342' title='bbox 1575 3267 1681 3322; x_wconf 89' lang='lat' dir='ltr'><strong>hoc</strong></span> <span class='ocrx_word' id='word_1_343' title='bbox 1713 3268 2007 3336; x_wconf 82' lang='lat' dir='ltr'><strong>famosum,</strong></span> <span class='ocrx_word' id='word_1_344' title='bbox 2042 3272 2284 3328; x_wconf 85' lang='lat' dir='ltr'><strong>celebra-</strong></span> 
     </span>
    </p>
   </div>
   <div class='ocr_carea' id='block_1_51' title="bbox 698 3353 2280 3428">
    <p class='ocr_par' dir='ltr' id='par_1_51' title="bbox 698 3353 2280 3428">
     <span class='ocr_line' id='line_1_51' title="bbox 698 3353 2280 3428; baseline 0.008 -25"><span class='ocrx_word' id='word_1_345' title='bbox 698 3361 838 3416; x_wconf 90' lang='lat' dir='ltr'><strong>tum,</strong></span> <span class='ocrx_word' id='word_1_346' title='bbox 895 3353 1217 3410; x_wconf 86' lang='lat' dir='ltr'><strong>inviolatum</strong></span> <span class='ocrx_word' id='word_1_347' title='bbox 1249 3357 1468 3422; x_wconf 89' lang='lat' dir='ltr'><strong>cecidit,</strong></span> <span class='ocrx_word' id='word_1_348' title='bbox 1515 3366 1692 3428; x_wconf 88' lang='lat' dir='ltr'><strong>puto;</strong></span> <span class='ocrx_word' id='word_1_349' title='bbox 1743 3361 1945 3416; x_wconf 88' lang='lat' dir='ltr'><strong>cecidit</strong></span> <span class='ocrx_word' id='word_1_350' title='bbox 1971 3371 2280 3418; x_wconf 63' lang='lat' dir='ltr'><strong>terramotn</strong></span> 
     </span>
    </p>
   </div>
   <div class='ocr_carea' id='block_1_52' title="bbox 2388 2173 3972 2251">
    <p class='ocr_par' dir='ltr' id='par_1_52' title="bbox 2388 2173 3972 2251">
     <span class='ocr_line' id='line_1_52' title="bbox 2388 2173 3972 2251; baseline -0.003 -17"><span class='ocrx_word' id='word_1_351' title='bbox 2388 2183 2656 2251; x_wconf 83' lang='grc' dir='ltr'><strong>ὑπήρεισε</strong></span> <span class='ocrx_word' id='word_1_352' title='bbox 2688 2183 2816 2244; x_wconf 79' lang='grc' dir='ltr'><strong>τοὺς</strong></span> <span class='ocrx_word' id='word_1_353' title='bbox 2843 2182 2981 2234; x_wconf 81' lang='grc' dir='ltr'><strong>ἐπτά</strong></span> <span class='ocrx_word' id='word_1_354' title='bbox 3033 2182 3258 2244; x_wconf 81' lang='grc' dir='ltr'><strong>στύλους</strong></span> <span class='ocrx_word' id='word_1_355' title='bbox 3286 2181 3528 2242; x_wconf 79' lang='grc' dir='ltr'><strong>ἐκείνους</strong></span> <span class='ocrx_word' id='word_1_356' title='bbox 3550 2197 3563 2210; x_wconf 78' lang='grc' dir='ltr'><strong>ο</strong></span> <span class='ocrx_word' id='word_1_357' title='bbox 3611 2180 3750 2248; x_wconf 85' lang='grc' dir='ltr'><strong>ὑπὲρ</strong></span> <span class='ocrx_word' id='word_1_358' title='bbox 3790 2173 3849 2232; x_wconf 73' lang='grc' dir='ltr'><strong>οὗ</strong></span> <span class='ocrx_word' id='word_1_359' title='bbox 3876 2179 3972 2231; x_wconf 76' lang='grc' dir='ltr'><strong>καὶ</strong></span> 
     </span>
    </p>
   </div>
   <div class='ocr_carea' id='block_1_53' title="bbox 2385 2269 3972 2342">
    <p class='ocr_par' dir='ltr' id='par_1_53' title="bbox 2385 2269 3972 2342">
     <span class='ocr_line' id='line_1_53' title="bbox 2385 2269 3972 2342; baseline -0.004 -16"><span class='ocrx_word' id='word_1_360' title='bbox 2385 2272 2453 2326; x_wconf 72' lang='grc' dir='ltr'><strong>τὰ</strong></span> <span class='ocrx_word' id='word_1_361' title='bbox 2484 2275 2678 2341; x_wconf 75' lang='grc' dir='ltr'><strong>ἑαυτῆς</strong></span> <span class='ocrx_word' id='word_1_362' title='bbox 2712 2271 2912 2340; x_wconf 77' lang='grc' dir='ltr'><strong>ἔσφαξε</strong></span> <span class='ocrx_word' id='word_1_363' title='bbox 2941 2272 3162 2342; x_wconf 83' lang='grc' dir='ltr'><strong>θύματα</strong></span> <span class='ocrx_word' id='word_1_364' title='bbox 3185 2289 3199 2303; x_wconf 76' lang='grc' dir='ltr'><strong>ο</strong></span> <span class='ocrx_word' id='word_1_365' title='bbox 3236 2273 3332 2326; x_wconf 72' lang='grc' dir='ltr'><strong>καὶ</strong></span> <span class='ocrx_word' id='word_1_366' title='bbox 3369 2271 3465 2324; x_wconf 78' lang='grc' dir='ltr'><strong>τὸν</strong></span> <span class='ocrx_word' id='word_1_367' title='bbox 3494 2271 3668 2340; x_wconf 85' lang='grc' dir='ltr'><strong>κρατῆ</strong></span> <span class='ocrx_word' id='word_1_368' title='bbox 3681 2287 3747 2338; x_wconf 86' lang='lat' dir='ltr'><strong>pa.</strong></span> <span class='ocrx_word' id='word_1_369' title='bbox 3777 2269 3972 2338; x_wconf 84' lang='grc' dir='ltr'><strong>ἐκέρα-</strong></span> 
     </span>
    </p>
   </div>
   <div class='ocr_carea' id='block_1_54' title="bbox 2388 2358 3967 2431">
    <p class='ocr_par' dir='ltr' id='par_1_54' title="bbox 2388 2358 3967 2431">
     <span class='ocr_line' id='line_1_54' title="bbox 2388 2358 3967 2431; baseline -0.001 -17"><span class='ocrx_word' id='word_1_370' title='bbox 2388 2379 2502 2415; x_wconf 91' lang='grc' dir='ltr'><strong>σεν.</strong></span> <span class='ocrx_word' id='word_1_371' title='bbox 2535 2363 2600 2414; x_wconf 83' lang='grc' dir='ltr'><strong><em>Ὢ</em></strong></span> <span class='ocrx_word' id='word_1_372' title='bbox 2637 2361 2731 2414; x_wconf 77' lang='grc' dir='ltr'><strong>τοῦ</strong></span> <span class='ocrx_word' id='word_1_373' title='bbox 2763 2361 3002 2424; x_wconf 76' lang='grc' dir='ltr'><strong>πάθουςί</strong></span> <span class='ocrx_word' id='word_1_374' title='bbox 3039 2361 3084 2414; x_wconf 84' lang='grc' dir='ltr'>ὢ</span> <span class='ocrx_word' id='word_1_375' title='bbox 3115 2363 3216 2428; x_wconf 83' lang='grc' dir='ltr'><strong>τῆς</strong></span> <span class='ocrx_word' id='word_1_376' title='bbox 3251 2361 3537 2431; x_wconf 70' lang='grc' dir='ltr'><strong>συμφορᾶς</strong></span> <span class='ocrx_word' id='word_1_377' title='bbox 3563 2362 3577 2414; x_wconf 87' lang='lat' dir='ltr'><strong>l</strong></span> <span class='ocrx_word' id='word_1_378' title='bbox 3605 2358 3651 2412; x_wconf 82' lang='grc' dir='ltr'>ὦ</span> <span class='ocrx_word' id='word_1_379' title='bbox 3679 2359 3774 2413; x_wconf 85' lang='grc' dir='ltr'><strong>τοῦ</strong></span> <span class='ocrx_word' id='word_1_380' title='bbox 3805 2359 3967 2428; x_wconf 76' lang='grc' dir='ltr'><strong>μεγέ-</strong></span> 
     </span>
    </p>
   </div>
   <div class='ocr_carea' id='block_1_55' title="bbox 2387 2449 3970 2520">
    <p class='ocr_par' dir='ltr' id='par_1_55' title="bbox 2387 2449 3970 2520">
     <span class='ocr_line' id='line_1_55' title="bbox 2387 2449 3970 2520; baseline -0.001 -18"><span class='ocrx_word' id='word_1_381' title='bbox 2387 2449 2510 2513; x_wconf 81' lang='grc' dir='ltr'><strong>θους</strong></span> <span class='ocrx_word' id='word_1_382' title='bbox 2534 2452 2640 2503; x_wconf 84' lang='grc' dir='ltr'><strong>τῶν</strong></span> <span class='ocrx_word' id='word_1_383' title='bbox 2664 2452 2848 2505; x_wconf 82' lang='grc' dir='ltr'>κακῶν</span> <span class='ocrx_word' id='word_1_384' title='bbox 2873 2453 2885 2505; x_wconf 91' lang='lat'><strong>!</strong></span> <span class='ocrx_word' id='word_1_385' title='bbox 2917 2451 2962 2503; x_wconf 78' lang='grc' dir='ltr'>ὦ</span> <span class='ocrx_word' id='word_1_386' title='bbox 2989 2452 3088 2520; x_wconf 85' lang='grc' dir='ltr'><strong>τῆς</strong></span> <span class='ocrx_word' id='word_1_387' title='bbox 3128 2451 3376 2514; x_wconf 82' lang='grc' dir='ltr'><strong>Ἰλιάδοςί</strong></span> <span class='ocrx_word' id='word_1_388' title='bbox 3410 2449 3504 2513; x_wconf 77' lang='grc' dir='ltr'><strong>Τίς</strong></span> <span class='ocrx_word' id='word_1_389' title='bbox 3530 2449 3628 2503; x_wconf 74' lang='grc' dir='ltr'><strong>οὐκ</strong></span> <span class='ocrx_word' id='word_1_390' title='bbox 3660 2449 3725 2501; x_wconf 83' lang='grc' dir='ltr'><strong>ἂν</strong></span> <span class='ocrx_word' id='word_1_391' title='bbox 3757 2449 3853 2501; x_wconf 66' lang='grc' dir='ltr'><strong>καὶ</strong></span> <span class='ocrx_word' id='word_1_392' title='bbox 3871 2449 3970 2516; x_wconf 81' lang='grc' dir='ltr'><strong>τὴν</strong></span> 
     </span>
    </p>
   </div>
   <div class='ocr_carea' id='block_1_56' title="bbox 2427 2537 3970 2610">
    <p class='ocr_par' dir='ltr' id='par_1_56' title="bbox 2427 2537 3970 2610">
     <span class='ocr_line' id='line_1_56' title="bbox 2427 2537 3970 2610; baseline 0.001 -21"><span class='ocrx_word' id='word_1_393' title='bbox 2427 2538 2680 2604; x_wconf 83' lang='grc' dir='ltr'><strong>γλῶσσαν</strong></span> <span class='ocrx_word' id='word_1_394' title='bbox 2706 2539 2918 2592; x_wconf 85' lang='grc' dir='ltr'><strong>ἐνδάκοι</strong></span> <span class='ocrx_word' id='word_1_395' title='bbox 2971 2539 3115 2593; x_wconf 83' lang='grc' dir='ltr'><strong>ὥστε</strong></span> <span class='ocrx_word' id='word_1_396' title='bbox 3147 2541 3220 2610; x_wconf 84' lang='grc' dir='ltr'><strong>μὴ</strong></span> <span class='ocrx_word' id='word_1_397' title='bbox 3256 2542 3430 2593; x_wconf 84' lang='grc' dir='ltr'><strong>είπεῖν</strong></span> <span class='ocrx_word' id='word_1_398' title='bbox 3454 2557 3469 2602; x_wconf 89' lang='lat'><strong>;</strong></span> <span class='ocrx_word' id='word_1_399' title='bbox 3503 2539 3585 2602; x_wconf 88' lang='grc' dir='ltr'><strong>τίς</strong></span> <span class='ocrx_word' id='word_1_400' title='bbox 3611 2539 3711 2592; x_wconf 79' lang='grc' dir='ltr'><strong>οὐκ</strong></span> <span class='ocrx_word' id='word_1_401' title='bbox 3737 2538 3802 2590; x_wconf 80' lang='grc' dir='ltr'><strong>ἄν</strong></span> <span class='ocrx_word' id='word_1_402' title='bbox 3827 2537 3970 2591; x_wconf 81' lang='grc' dir='ltr'><strong>ἑκὼν</strong></span> 
     </span>
    </p>
   </div>
   <div class='ocr_carea' id='block_1_57' title="bbox 2386 2625 3969 2698">
    <p class='ocr_par' dir='ltr' id='par_1_57' title="bbox 2386 2625 3969 2698">
     <span class='ocr_line' id='line_1_57' title="bbox 2386 2625 3969 2698; baseline 0.001 -20"><span class='ocrx_word' id='word_1_403' title='bbox 2386 2625 2715 2696; x_wconf 82' lang='grc' dir='ltr'><strong>ἀποπνιγείη</strong></span> <span class='ocrx_word' id='word_1_404' title='bbox 2746 2629 2874 2698; x_wconf 75' lang='grc' dir='ltr'><strong>πρὶν</strong></span> <span class='ocrx_word' id='word_1_405' title='bbox 2913 2628 3210 2698; x_wconf 75' lang='grc' dir='ltr'><strong>ἐκλαλῆσαι</strong></span> <span class='ocrx_word' id='word_1_406' title='bbox 3236 2629 3422 2681; x_wconf 83' lang='grc' dir='ltr'><strong>τοῦτον</strong></span> <span class='ocrx_word' id='word_1_407' title='bbox 3452 2629 3662 2681; x_wconf 81' lang='grc' dir='ltr'><strong>ἐκεῖνον</strong></span> <span class='ocrx_word' id='word_1_408' title='bbox 3688 2626 3748 2680; x_wconf 84' lang='grc' dir='ltr'><strong>δν</strong></span> <span class='ocrx_word' id='word_1_409' title='bbox 3777 2628 3805 2680; x_wconf 92' lang='lat'><strong>6</strong></span> <span class='ocrx_word' id='word_1_410' title='bbox 3835 2626 3969 2690; x_wconf 82' lang='grc' dir='ltr'><strong>Θεδς</strong></span> 
     </span>
    </p>
   </div>
   <div class='ocr_carea' id='block_1_58' title="bbox 2385 2712 3969 2788">
    <p class='ocr_par' dir='ltr' id='par_1_58' title="bbox 2385 2712 3969 2788">
     <span class='ocr_line' id='line_1_58' title="bbox 2385 2712 3969 2788; baseline 0.001 -19"><span class='ocrx_word' id='word_1_411' title='bbox 2385 2717 2688 2784; x_wconf 77' lang='grc' dir='ltr'><strong>ἐξελέξατο,</strong></span> <span class='ocrx_word' id='word_1_412' title='bbox 2736 2712 2780 2786; x_wconf 83' lang='grc' dir='ltr'>ᾧ</span> <span class='ocrx_word' id='word_1_413' title='bbox 2808 2721 3108 2787; x_wconf 77' lang='grc' dir='ltr'><strong>ἐπεφοίτα,</strong></span> <span class='ocrx_word' id='word_1_414' title='bbox 3149 2713 3193 2786; x_wconf 83' lang='grc' dir='ltr'><strong>ᾧ</strong></span> <span class='ocrx_word' id='word_1_415' title='bbox 3245 2719 3448 2788; x_wconf 80' lang='grc' dir='ltr'><strong>μᾶλλον</strong></span> <span class='ocrx_word' id='word_1_416' title='bbox 3481 2720 3654 2771; x_wconf 80' lang='grc' dir='ltr'><strong>εἰπεῖν</strong></span> <span class='ocrx_word' id='word_1_417' title='bbox 3693 2717 3969 2787; x_wconf 82' lang='grc' dir='ltr'><strong>ἐνεδήμει,</strong></span> 
     </span>
    </p>
   </div>
   <div class='ocr_carea' id='block_1_59' title="bbox 2383 2800 3961 2881">
    <p class='ocr_par' dir='ltr' id='par_1_59' title="bbox 2383 2800 3961 2881">
     <span class='ocr_line' id='line_1_59' title="bbox 2383 2800 3961 2881; baseline 0.004 -24"><span class='ocrx_word' id='word_1_418' title='bbox 2383 2800 2428 2875; x_wconf 75' lang='grc' dir='ltr'>ᾧ</span> <span class='ocrx_word' id='word_1_419' title='bbox 2464 2809 2753 2879; x_wconf 73' lang='grc' dir='ltr'><strong>ἠρέσκετο,</strong></span> <span class='ocrx_word' id='word_1_420' title='bbox 2803 2803 2848 2878; x_wconf 83' lang='grc' dir='ltr'><strong>ᾧ</strong></span> <span class='ocrx_word' id='word_1_421' title='bbox 2885 2811 3238 2881; x_wconf 81' lang='grc' dir='ltr'><strong>ἐπετέρπετο,</strong></span> <span class='ocrx_word' id='word_1_422' title='bbox 3297 2811 3376 2872; x_wconf 80' lang='grc' dir='ltr'><strong>είς</strong></span> <span class='ocrx_word' id='word_1_423' title='bbox 3413 2809 3473 2862; x_wconf 73' lang='grc' dir='ltr'><strong>ὃν</strong></span> <span class='ocrx_word' id='word_1_424' title='bbox 3509 2810 3770 2862; x_wconf 81' lang='grc' dir='ltr'><strong>ἀπέκειτο</strong></span> <span class='ocrx_word' id='word_1_425' title='bbox 3793 2809 3864 2862; x_wconf 79' lang='grc' dir='ltr'><strong>τὰ</strong></span> <span class='ocrx_word' id='word_1_426' title='bbox 3887 2825 3961 2863; x_wconf 70' lang='grc' dir='ltr'><strong>τι·</strong></span> 
     </span>
    </p>
   </div>
   <div class='ocr_carea' id='block_1_60' title="bbox 2389 2900 3964 2973">
    <p class='ocr_par' dir='ltr' id='par_1_60' title="bbox 2389 2900 3964 2973">
     <span class='ocr_line' id='line_1_60' title="bbox 2389 2900 3964 2973; baseline 0.003 -21"><span class='ocrx_word' id='word_1_427' title='bbox 2389 2900 2655 2970; x_wconf 80' lang='grc' dir='ltr'><strong>μιώτατα,</strong></span> <span class='ocrx_word' id='word_1_428' title='bbox 2690 2900 2752 2954; x_wconf 83' lang='grc' dir='ltr'><strong>τὸ</strong></span> <span class='ocrx_word' id='word_1_429' title='bbox 2784 2902 2978 2973; x_wconf 88' lang='grc' dir='ltr'><strong>μύρον,</strong></span> <span class='ocrx_word' id='word_1_430' title='bbox 3023 2903 3085 2954; x_wconf 82' lang='grc' dir='ltr'><strong>τὸ</strong></span> <span class='ocrx_word' id='word_1_431' title='bbox 3117 2903 3345 2972; x_wconf 85' lang='grc' dir='ltr'><strong>χρίσμα,</strong></span> <span class='ocrx_word' id='word_1_432' title='bbox 3387 2902 3448 2955; x_wconf 79' lang='grc' dir='ltr'><strong>τὸ</strong></span> <span class='ocrx_word' id='word_1_433' title='bbox 3483 2903 3765 2971; x_wconf 80' lang='grc' dir='ltr'><strong>βασιλικὸν</strong></span> <span class='ocrx_word' id='word_1_434' title='bbox 3795 2901 3964 2970; x_wconf 87' lang='grc' dir='ltr'><strong>λέγω,</strong></span> 
     </span>
    </p>
   </div>
   <div class='ocr_carea' id='block_1_61' title="bbox 2385 2992 3966 3064">
    <p class='ocr_par' dir='ltr' id='par_1_61' title="bbox 2385 2992 3966 3064">
     <span class='ocr_line' id='line_1_61' title="bbox 2385 2992 3966 3064; baseline 0.002 -21"><span class='ocrx_word' id='word_1_435' title='bbox 2385 2992 2478 3044; x_wconf 76' lang='grc' dir='ltr'><strong>καὶ</strong></span> <span class='ocrx_word' id='word_1_436' title='bbox 2513 2992 2574 3045; x_wconf 84' lang='grc' dir='ltr'><strong>τὸ</strong></span> <span class='ocrx_word' id='word_1_437' title='bbox 2613 2993 2890 3062; x_wconf 76' lang='grc' dir='ltr'><strong>ἱερατικὸν</strong></span> <span class='ocrx_word' id='word_1_438' title='bbox 2911 3033 2925 3056; x_wconf 90' lang='grc'><strong>,</strong></span> <span class='ocrx_word' id='word_1_439' title='bbox 2947 2993 3088 3046; x_wconf 84' lang='grc' dir='ltr'><strong>εἴπω</strong></span> <span class='ocrx_word' id='word_1_440' title='bbox 3108 2994 3167 3046; x_wconf 80' lang='grc' dir='ltr'><strong>τὸ</strong></span> <span class='ocrx_word' id='word_1_441' title='bbox 3189 2993 3488 3064; x_wconf 81' lang='grc' dir='ltr'><strong>παράδοξον</strong></span> <span class='ocrx_word' id='word_1_442' title='bbox 3510 2993 3571 3046; x_wconf 79' lang='grc' dir='ltr'><strong>τὸ</strong></span> <span class='ocrx_word' id='word_1_443' title='bbox 3599 2992 3695 3049; x_wconf 80' lang='grc' dir='ltr'><strong>τοῦ</strong></span> <span class='ocrx_word' id='word_1_444' title='bbox 3725 2992 3966 3062; x_wconf 82' lang='grc' dir='ltr'><strong>Χριστοῦ</strong></span> 
     </span>
    </p>
   </div>
   <div class='ocr_carea' id='block_1_62' title="bbox 2387 3075 3969 3152">
    <p class='ocr_par' dir='ltr' id='par_1_62' title="bbox 2387 3075 3969 3152">
     <span class='ocr_line' id='line_1_62' title="bbox 2387 3075 3969 3152; baseline 0.002 -19"><span class='ocrx_word' id='word_1_445' title='bbox 2387 3080 2546 3151; x_wconf 85' lang='grc' dir='ltr'><strong>σῶμα</strong></span> <span class='ocrx_word' id='word_1_446' title='bbox 2587 3083 2683 3134; x_wconf 64' lang='grc' dir='ltr'><strong>καὶ⁹</strong></span> <span class='ocrx_word' id='word_1_447' title='bbox 2723 3077 2882 3152; x_wconf 77' lang='grc' dir='ltr'><strong>αἷμα,</strong></span> <span class='ocrx_word' id='word_1_448' title='bbox 2914 3085 2971 3136; x_wconf 88' lang='grc' dir='ltr'><strong>ἐν</strong></span> <span class='ocrx_word' id='word_1_449' title='bbox 3003 3076 3048 3150; x_wconf 83' lang='grc' dir='ltr'>ᾧ</span> <span class='ocrx_word' id='word_1_450' title='bbox 3074 3083 3263 3136; x_wconf 81' lang='grc' dir='ltr'><strong>ἐθύετο</strong></span> <span class='ocrx_word' id='word_1_451' title='bbox 3291 3075 3481 3146; x_wconf 48' lang='grc' dir='ltr'><strong>οὗτος</strong></span> <span class='ocrx_word' id='word_1_452' title='bbox 3514 3084 3610 3144; x_wconf 87' lang='grc' dir='ltr'><strong>Τίς</strong></span> <span class='ocrx_word' id='word_1_453' title='bbox 3643 3085 3818 3136; x_wconf 72' lang='grc' dir='ltr'><strong>εἰπεῖν</strong></span> <span class='ocrx_word' id='word_1_454' title='bbox 3851 3082 3969 3136; x_wconf 83' lang='grc' dir='ltr'><strong>τολ-</strong></span> 
     </span>
    </p>
   </div>
   <div class='ocr_carea' id='block_1_63' title="bbox 2389 3173 3966 3247">
    <p class='ocr_par' dir='ltr' id='par_1_63' title="bbox 2389 3173 3966 3247">
     <span class='ocr_line' id='line_1_63' title="bbox 2389 3173 3966 3247; baseline 0.002 -22"><span class='ocrx_word' id='word_1_455' title='bbox 2389 3175 2551 3244; x_wconf 81' lang='grc' dir='ltr'><strong>μήσει</strong></span> <span class='ocrx_word' id='word_1_456' title='bbox 2579 3173 2640 3227; x_wconf 79' lang='grc' dir='ltr'><strong>τὸ</strong></span> <span class='ocrx_word' id='word_1_457' title='bbox 2673 3177 2930 3243; x_wconf 88' lang='grc' dir='ltr'><strong>γεγονός;</strong></span> <span class='ocrx_word' id='word_1_458' title='bbox 2967 3176 3051 3238; x_wconf 85' lang='grc' dir='ltr'><strong>τίς</strong></span> <span class='ocrx_word' id='word_1_459' title='bbox 3077 3176 3292 3244; x_wconf 85' lang='grc' dir='ltr'><strong>ἐνέγκοι</strong></span> <span class='ocrx_word' id='word_1_460' title='bbox 3310 3175 3458 3245; x_wconf 77' lang='grc' dir='ltr'><strong>ψυχὴ</strong></span> <span class='ocrx_word' id='word_1_461' title='bbox 3488 3178 3841 3247; x_wconf 77' lang='grc' dir='ltr'><strong>προενεγκεῖν</strong></span> <span class='ocrx_word' id='word_1_462' title='bbox 3864 3176 3966 3245; x_wconf 80' lang='grc' dir='ltr'><strong>τὴν</strong></span> 
     </span>
    </p>
   </div>
   <div class='ocr_carea' id='block_1_64' title="bbox 2386 3259 3967 3336">
    <p class='ocr_par' dir='ltr' id='par_1_64' title="bbox 2386 3259 3967 3336">
     <span class='ocr_line' id='line_1_64' title="bbox 2386 3259 3967 3336; baseline 0.003 -20"><span class='ocrx_word' id='word_1_463' title='bbox 2386 3267 2600 3335; x_wconf 79' lang='grc' dir='ltr'><strong>φωνήν;</strong></span> <span class='ocrx_word' id='word_1_464' title='bbox 2653 3259 2808 3328; x_wconf 76' lang='grc' dir='ltr'><strong>οὗτος</strong></span> <span class='ocrx_word' id='word_1_465' title='bbox 2860 3263 3128 3336; x_wconf 82' lang='grc' dir='ltr'><strong>διώνυμος</strong></span> <span class='ocrx_word' id='word_1_466' title='bbox 3151 3281 3163 3293; x_wconf 80' lang='lat'><strong><em>°</em></strong></span> <span class='ocrx_word' id='word_1_467' title='bbox 3216 3268 3246 3319; x_wconf 93' lang='lat'><strong>6</strong></span> <span class='ocrx_word' id='word_1_468' title='bbox 3291 3265 3644 3336; x_wconf 86' lang='grc' dir='ltr'><strong>περιϐόητος,</strong></span> <span class='ocrx_word' id='word_1_469' title='bbox 3694 3269 3724 3320; x_wconf 98' lang='lat'><strong>6</strong></span> <span class='ocrx_word' id='word_1_470' title='bbox 3770 3267 3967 3328; x_wconf 77' lang='grc' dir='ltr'><strong>ἄσυλος</strong></span> 
     </span>
    </p>
   </div>
   <div class='ocr_carea' id='block_1_65' title="bbox 2386 3351 3968 3434">
    <p class='ocr_par' dir='ltr' id='par_1_65' title="bbox 2386 3351 3968 3434">
     <span class='ocr_line' id='line_1_65' title="bbox 2386 3351 3968 3434; baseline 0 -26"><span class='ocrx_word' id='word_1_471' title='bbox 2386 3351 2804 3426; x_wconf 80' lang='grc' dir='ltr'><strong>ἓπεσεν,οῐμαιί</strong></span> <span class='ocrx_word' id='word_1_472' title='bbox 2840 3356 3004 3414; x_wconf 70' lang='grc' dir='ltr'><strong>ἔπεσε</strong></span> <span class='ocrx_word' id='word_1_473' title='bbox 3040 3356 3249 3426; x_wconf 81' lang='grc' dir='ltr'><strong>σεισμῷ</strong></span> <span class='ocrx_word' id='word_1_474' title='bbox 3278 3358 3560 3427; x_wconf 79' lang='grc' dir='ltr'><strong>κλονηθεὶς</strong></span> <span class='ocrx_word' id='word_1_475' title='bbox 3599 3359 3694 3412; x_wconf 71' lang='grc' dir='ltr'><strong>καὶ</strong></span> <span class='ocrx_word' id='word_1_476' title='bbox 3735 3357 3968 3434; x_wconf 67' lang='grc' dir='ltr'><strong>βρασμῷ</strong></span> 
     </span>
    </p>
   </div>
   <div class='ocr_carea' id='block_1_66' title="bbox 695 3437 2380 3526">
    <p class='ocr_par' dir='ltr' id='par_1_66' title="bbox 695 3437 2351 3526">
     <span class='ocr_line' id='line_1_66' title="bbox 695 3437 2351 3526; baseline 0.008 -26"><span class='ocrx_word' id='word_1_477' title='bbox 695 3460 1014 3511; x_wconf 77' lang='lat' dir='ltr'><strong>excussum,</strong></span> <span class='ocrx_word' id='word_1_478' title='bbox 1051 3457 1212 3505; x_wconf 62' lang='lat' dir='ltr'><strong>terra:</strong></span> <span class='ocrx_word' id='word_1_479' title='bbox 1240 3461 1478 3506; x_wconf 87' lang='lat' dir='ltr'><strong>tremore</strong></span> <span class='ocrx_word' id='word_1_480' title='bbox 1505 3451 1798 3522; x_wconf 82' lang='lat' dir='ltr'><strong>dejectum.</strong></span> <span class='ocrx_word' id='word_1_481' title='bbox 1835 3452 1896 3507; x_wconf 87' lang='lat' dir='ltr'><strong>Et</strong></span> <span class='ocrx_word' id='word_1_482' title='bbox 1922 3455 2015 3524; x_wconf 87' lang='lat' dir='ltr'><strong>qui</strong></span> <span class='ocrx_word' id='word_1_483' title='bbox 2050 3454 2282 3526; x_wconf 89' lang='lat' dir='ltr'><strong>despicit</strong></span> <span class='ocrx_word' id='word_1_484' title='bbox 2306 3437 2351 3501; x_wconf 63' lang='grc' dir='ltr'><strong>(ἶ</strong></span> 
     </span>
    </p>
   </div>
   <div class='ocr_carea' id='block_1_67' title="bbox 2281 3437 3966 3526">
    <p class='ocr_par' dir='ltr' id='par_1_67' title="bbox 2281 3437 3966 3520">
     <span class='ocr_line' id='line_1_67' title="bbox 2281 3437 3966 3520; baseline 0.001 -19"><span class='ocrx_word' id='word_1_485' title='bbox 2281 3437 2351 3506; x_wconf 38' lang='lat' dir='ltr'><strong>,C</strong></span> <span class='ocrx_word' id='word_1_486' title='bbox 2384 3448 2488 3518; x_wconf 78' lang='grc' dir='ltr'><strong>γῆς</strong></span> <span class='ocrx_word' id='word_1_487' title='bbox 2535 3448 2806 3518; x_wconf 83' lang='grc' dir='ltr'><strong>τιναχθείς</strong></span> <span class='ocrx_word' id='word_1_488' title='bbox 2832 3464 2843 3479; x_wconf 75' lang='grc'><strong><em>⁸</em></strong></span> <span class='ocrx_word' id='word_1_489' title='bbox 2881 3450 2974 3502; x_wconf 77' lang='grc' dir='ltr'><strong>καὶ</strong></span> <span class='ocrx_word' id='word_1_490' title='bbox 3021 3451 3050 3502; x_wconf 91' lang='lat'><strong>6</strong></span> <span class='ocrx_word' id='word_1_491' title='bbox 3099 3448 3408 3502; x_wconf 86' lang='grc' dir='ltr'><strong>ἐπιϐλέπων</strong></span> <span class='ocrx_word' id='word_1_492' title='bbox 3444 3449 3538 3502; x_wconf 78' lang='grc' dir='ltr'><strong>ἐπὶ</strong></span> <span class='ocrx_word' id='word_1_493' title='bbox 3579 3448 3678 3520; x_wconf 82' lang='grc' dir='ltr'><strong>τὴν</strong></span> <span class='ocrx_word' id='word_1_494' title='bbox 3725 3448 3830 3518; x_wconf 81' lang='grc' dir='ltr'><strong>γῆν</strong></span> <span class='ocrx_word' id='word_1_495' title='bbox 3869 3448 3966 3503; x_wconf 75' lang='grc' dir='ltr'><strong>καὶ</strong></span> 
     </span>
    </p>
   </div>
   <div class='ocr_carea' id='block_1_68' title="bbox 695 3538 2280 3611">
    <p class='ocr_par' dir='ltr' id='par_1_68' title="bbox 695 3538 2280 3611">
     <span class='ocr_line' id='line_1_68' title="bbox 695 3538 2280 3611; baseline 0.008 -21"><span class='ocrx_word' id='word_1_496' title='bbox 695 3538 754 3592; x_wconf 88' lang='lat' dir='ltr'><strong>in</strong></span> <span class='ocrx_word' id='word_1_497' title='bbox 808 3547 1010 3595; x_wconf 83' lang='lat' dir='ltr'><strong>terram</strong></span> <span class='ocrx_word' id='word_1_498' title='bbox 1036 3549 1092 3595; x_wconf 91' lang='lat' dir='ltr'><strong>et</strong></span> <span class='ocrx_word' id='word_1_499' title='bbox 1132 3539 1261 3596; x_wconf 86' lang='lat' dir='ltr'><strong>facit</strong></span> <span class='ocrx_word' id='word_1_500' title='bbox 1292 3557 1413 3598; x_wconf 88' lang='lat' dir='ltr'><strong>eam</strong></span> <span class='ocrx_word' id='word_1_501' title='bbox 1463 3551 1700 3599; x_wconf 90' lang='lat' dir='ltr'><strong>tremere</strong></span> <span class='ocrx_word' id='word_1_502' title='bbox 1749 3560 1857 3598; x_wconf 90' lang='lat' dir='ltr'><strong>non</strong></span> <span class='ocrx_word' id='word_1_503' title='bbox 1904 3555 1957 3602; x_wconf 90' lang='lat' dir='ltr'><strong>te</strong></span> <span class='ocrx_word' id='word_1_504' title='bbox 1990 3548 2280 3611; x_wconf 83' lang='lat' dir='ltr'><strong>reveritus,</strong></span> 
     </span>
    </p>
   </div>
   <div class='ocr_carea' id='block_1_69' title="bbox 695 3629 2284 3702">
    <p class='ocr_par' dir='ltr' id='par_1_69' title="bbox 695 3629 2284 3702">
     <span class='ocr_line' id='line_1_69' title="bbox 695 3629 2284 3702; baseline 0.006 -20"><span class='ocrx_word' id='word_1_505' title='bbox 695 3644 808 3682; x_wconf 84' lang='lat' dir='ltr'><strong>non</strong></span> <span class='ocrx_word' id='word_1_506' title='bbox 841 3629 1208 3688; x_wconf 89' lang='lat' dir='ltr'><strong>collabentem</strong></span> <span class='ocrx_word' id='word_1_507' title='bbox 1237 3641 1306 3702; x_wconf 63' lang='grc' dir='ltr'><strong>,ιε</strong></span> <span class='ocrx_word' id='word_1_508' title='bbox 1338 3633 1634 3690; x_wconf 87' lang='lat' dir='ltr'><strong>miseratus</strong></span> <span class='ocrx_word' id='word_1_509' title='bbox 1690 3636 1818 3690; x_wconf 79' lang='lat' dir='ltr'><strong>cst?</strong></span> <span class='ocrx_word' id='word_1_510' title='bbox 1853 3636 1921 3690; x_wconf 89' lang='lat' dir='ltr'><strong>ad</strong></span> <span class='ocrx_word' id='word_1_511' title='bbox 1954 3645 2005 3690; x_wconf 88' lang='lat' dir='ltr'><strong>te</strong></span> <span class='ocrx_word' id='word_1_512' title='bbox 2048 3637 2217 3701; x_wconf 90' lang='lat' dir='ltr'><strong>enim,</strong></span> <span class='ocrx_word' id='word_1_513' title='bbox 2250 3657 2284 3692; x_wconf 83' lang='grc' dir='ltr'>υ</span> 
     </span>
    </p>
   </div>
   <div class='ocr_carea' id='block_1_70' title="bbox 699 3721 2284 3791">
    <p class='ocr_par' dir='ltr' id='par_1_70' title="bbox 699 3721 2284 3791">
     <span class='ocr_line' id='line_1_70' title="bbox 699 3721 2284 3791; baseline 0.008 -19"><span class='ocrx_word' id='word_1_514' title='bbox 699 3721 984 3791; x_wconf 90' lang='lat' dir='ltr'><strong>templum,</strong></span> <span class='ocrx_word' id='word_1_515' title='bbox 1025 3721 1119 3776; x_wconf 91' lang='lat' dir='ltr'><strong>Dei</strong></span> <span class='ocrx_word' id='word_1_516' title='bbox 1171 3739 1354 3779; x_wconf 89' lang='lat' dir='ltr'><strong>sermo</strong></span> <span class='ocrx_word' id='word_1_517' title='bbox 1396 3741 1412 3790; x_wconf 93' lang='lat'><strong>;</strong></span> <span class='ocrx_word' id='word_1_518' title='bbox 1465 3735 1521 3780; x_wconf 88' lang='lat' dir='ltr'><strong>et</strong></span> <span class='ocrx_word' id='word_1_519' title='bbox 1562 3728 1845 3781; x_wconf 79' lang='lat' dir='ltr'><strong>ruinarum</strong></span> <span class='ocrx_word' id='word_1_520' title='bbox 1894 3743 2151 3783; x_wconf 78' lang='lat' dir='ltr'><strong>acervum</strong></span> <span class='ocrx_word' id='word_1_521' title='bbox 2206 3730 2284 3784; x_wconf 87' lang='lat' dir='ltr'><strong>fa-</strong></span> 
     </span>
    </p>
   </div>
   <div class='ocr_carea' id='block_1_71' title="bbox 651 3811 2284 3884">
    <p class='ocr_par' dir='ltr' id='par_1_71' title="bbox 651 3811 2284 3884">
     <span class='ocr_line' id='line_1_71' title="bbox 651 3811 2284 3884; baseline 0.006 -22"><span class='ocrx_word' id='word_1_522' title='bbox 651 3833 655 3836; x_wconf 92' lang='grc'>·</span> <span class='ocrx_word' id='word_1_523' title='bbox 702 3819 850 3864; x_wconf 76' lang='lat' dir='ltr'><strong>ctum</strong></span> <span class='ocrx_word' id='word_1_524' title='bbox 884 3819 939 3866; x_wconf 91' lang='lat' dir='ltr'><strong>et</strong></span> <span class='ocrx_word' id='word_1_525' title='bbox 966 3811 1257 3882; x_wconf 87' lang='lat' dir='ltr'><strong>disjectum</strong></span> <span class='ocrx_word' id='word_1_526' title='bbox 1289 3823 1343 3868; x_wconf 91' lang='lat' dir='ltr'><strong>ct</strong></span> <span class='ocrx_word' id='word_1_527' title='bbox 1374 3815 1655 3884; x_wconf 88' lang='lat' dir='ltr'><strong>pulverem</strong></span> <span class='ocrx_word' id='word_1_528' title='bbox 1693 3816 1759 3870; x_wconf 89' lang='lat' dir='ltr'><strong>ad</strong></span> <span class='ocrx_word' id='word_1_529' title='bbox 1797 3825 1997 3871; x_wconf 90' lang='lat' dir='ltr'><strong>terram</strong></span> <span class='ocrx_word' id='word_1_530' title='bbox 2027 3818 2284 3873; x_wconf 75' lang='lat' dir='ltr'><strong>delaben-</strong></span> 
     </span>
    </p>
   </div>
   <div class='ocr_carea' id='block_1_72' title="bbox 699 3902 2284 3972">
    <p class='ocr_par' dir='ltr' id='par_1_72' title="bbox 699 3902 2284 3972">
     <span class='ocr_line' id='line_1_72' title="bbox 699 3902 2284 3972; baseline 0.009 -22"><span class='ocrx_word' id='word_1_531' title='bbox 699 3910 809 3955; x_wconf 89' lang='lat' dir='ltr'><strong>tent</strong></span> <span class='ocrx_word' id='word_1_532' title='bbox 874 3909 1038 3972; x_wconf 88' lang='lat' dir='ltr'><strong>atque</strong></span> <span class='ocrx_word' id='word_1_533' title='bbox 1083 3902 1359 3957; x_wconf 82' lang='lat' dir='ltr'><strong>sublatum</strong></span> <span class='ocrx_word' id='word_1_534' title='bbox 1415 3921 1526 3964; x_wconf 90' lang='lat' dir='ltr'><strong>non</strong></span> <span class='ocrx_word' id='word_1_535' title='bbox 1590 3906 1863 3960; x_wconf 86' lang='lat' dir='ltr'><strong>attendit!</strong></span> <span class='ocrx_word' id='word_1_536' title='bbox 1925 3908 2070 3962; x_wconf 91' lang='lat' dir='ltr'><strong>nulla</strong></span> <span class='ocrx_word' id='word_1_537' title='bbox 2111 3909 2177 3965; x_wconf 92' lang='lat' dir='ltr'><strong>de</strong></span> <span class='ocrx_word' id='word_1_538' title='bbox 2231 3917 2284 3965; x_wconf 88' lang='lat' dir='ltr'><strong>te</strong></span> 
     </span>
    </p>
   </div>
   <div class='ocr_carea' id='block_1_73' title="bbox 697 3993 2282 4068">
    <p class='ocr_par' dir='ltr' id='par_1_73' title="bbox 697 3993 2282 4068">
     <span class='ocr_line' id='line_1_73' title="bbox 697 3993 2282 4068; baseline 0.008 -26"><span class='ocrx_word' id='word_1_539' title='bbox 697 3993 1019 4062; x_wconf 79' lang='lat' dir='ltr'><strong>eompnnxit</strong></span> <span class='ocrx_word' id='word_1_540' title='bbox 1058 3995 1383 4050; x_wconf 84' lang='lat' dir='ltr'><strong>miseratio!</strong></span> <span class='ocrx_word' id='word_1_541' title='bbox 1429 3996 1552 4051; x_wconf 89' lang='lat' dir='ltr'><strong>sine</strong></span> <span class='ocrx_word' id='word_1_542' title='bbox 1609 3997 1902 4054; x_wconf 82' lang='lat' dir='ltr'><strong>sacrificiis</strong></span> <span class='ocrx_word' id='word_1_543' title='bbox 1932 4007 1987 4053; x_wconf 90' lang='lat' dir='ltr'><strong>et</strong></span> <span class='ocrx_word' id='word_1_544' title='bbox 2037 4000 2282 4068; x_wconf 86' lang='lat' dir='ltr'><strong>pulchris</strong></span> 
     </span>
    </p>
   </div>
   <div class='ocr_carea' id='block_1_74' title="bbox 699 4080 2279 4160">
    <p class='ocr_par' dir='ltr' id='par_1_74' title="bbox 699 4080 2279 4160">
     <span class='ocr_line' id='line_1_74' title="bbox 699 4080 2279 4160; baseline 0.008 -28"><span class='ocrx_word' id='word_1_545' title='bbox 699 4080 897 4137; x_wconf 75' lang='lat' dir='ltr'><strong>ritibus</strong></span> <span class='ocrx_word' id='word_1_546' title='bbox 926 4082 1053 4149; x_wconf 91' lang='lat' dir='ltr'><strong>erit,</strong></span> <span class='ocrx_word' id='word_1_547' title='bbox 1080 4084 1201 4138; x_wconf 90' lang='lat' dir='ltr'><strong>sine</strong></span> <span class='ocrx_word' id='word_1_548' title='bbox 1223 4085 1480 4140; x_wconf 86' lang='lat' dir='ltr'><strong>cantibus</strong></span> <span class='ocrx_word' id='word_1_549' title='bbox 1509 4087 1758 4140; x_wconf 87' lang='lat' dir='ltr'><strong>manebit</strong></span> <span class='ocrx_word' id='word_1_550' title='bbox 1784 4105 1800 4154; x_wconf 92' lang='lat'><strong>;</strong></span> <span class='ocrx_word' id='word_1_551' title='bbox 1859 4103 1962 4142; x_wconf 89' lang='lat' dir='ltr'><strong>nec</strong></span> <span class='ocrx_word' id='word_1_552' title='bbox 1991 4098 2279 4160; x_wconf 88' lang='lat' dir='ltr'><strong>propterea</strong></span> 
     </span>
    </p>
   </div>
   <div class='ocr_carea' id='block_1_75' title="bbox 696 4175 2278 4247">
    <p class='ocr_par' dir='ltr' id='par_1_75' title="bbox 696 4175 2278 4247">
     <span class='ocr_line' id='line_1_75' title="bbox 696 4175 2278 4247; baseline 0.006 -20"><span class='ocrx_word' id='word_1_553' title='bbox 696 4175 902 4245; x_wconf 85' lang='lat' dir='ltr'><strong>aliquid</strong></span> <span class='ocrx_word' id='word_1_554' title='bbox 937 4191 1132 4247; x_wconf 87' lang='lat' dir='ltr'><strong>passus</strong></span> <span class='ocrx_word' id='word_1_555' title='bbox 1147 4188 1231 4234; x_wconf 83' lang='lat' dir='ltr'><strong>est</strong></span> <span class='ocrx_word' id='word_1_556' title='bbox 1253 4179 1308 4234; x_wconf 90' lang='lat' dir='ltr'><strong>in</strong></span> <span class='ocrx_word' id='word_1_557' title='bbox 1340 4189 1428 4234; x_wconf 85' lang='lat' dir='ltr'><strong>tua</strong></span> <span class='ocrx_word' id='word_1_558' title='bbox 1450 4181 1754 4247; x_wconf 88' lang='lat' dir='ltr'><strong>eversione,</strong></span> <span class='ocrx_word' id='word_1_559' title='bbox 1792 4181 1885 4236; x_wconf 87' lang='lat' dir='ltr'><strong>sed</strong></span> <span class='ocrx_word' id='word_1_560' title='bbox 1911 4181 2103 4236; x_wconf 90' lang='lat' dir='ltr'><strong>faciem</strong></span> <span class='ocrx_word' id='word_1_561' title='bbox 2122 4198 2278 4238; x_wconf 91' lang='lat' dir='ltr'><strong>suam</strong></span> 
     </span>
    </p>
   </div>
   <div class='ocr_carea' id='block_1_76' title="bbox 701 4265 2281 4341">
    <p class='ocr_par' dir='ltr' id='par_1_76' title="bbox 701 4265 2281 4341">
     <span class='ocr_line' id='line_1_76' title="bbox 701 4265 2281 4341; baseline 0.008 -24"><span class='ocrx_word' id='word_1_562' title='bbox 701 4275 760 4318; x_wconf 90' lang='lat' dir='ltr'><strong>ut</strong></span> <span class='ocrx_word' id='word_1_563' title='bbox 784 4265 978 4320; x_wconf 86' lang='lat' dir='ltr'><strong>duram</strong></span> <span class='ocrx_word' id='word_1_564' title='bbox 1031 4276 1244 4338; x_wconf 87' lang='lat' dir='ltr'><strong>petram</strong></span> <span class='ocrx_word' id='word_1_565' title='bbox 1293 4271 1649 4341; x_wconf 90' lang='lat' dir='ltr'><strong>composuit!</strong></span> <span class='ocrx_word' id='word_1_566' title='bbox 1687 4270 1828 4326; x_wconf 89' lang='lat' dir='ltr'><strong>istud</strong></span> <span class='ocrx_word' id='word_1_567' title='bbox 1871 4271 1918 4326; x_wconf 88' lang='lat' dir='ltr'><strong>si</strong></span> <span class='ocrx_word' id='word_1_568' title='bbox 1971 4273 2171 4339; x_wconf 91' lang='lat' dir='ltr'><strong>adhuc,</strong></span> <span class='ocrx_word' id='word_1_569' title='bbox 2221 4283 2281 4329; x_wconf 90' lang='lat' dir='ltr'><strong>ut</strong></span> 
     </span>
    </p>
   </div>
   <div class='ocr_carea' id='block_1_77' title="bbox 698 4358 2280 4430">
    <p class='ocr_par' dir='ltr' id='par_1_77' title="bbox 698 4358 2280 4430">
     <span class='ocr_line' id='line_1_77' title="bbox 698 4358 2280 4430; baseline 0.009 -24"><span class='ocrx_word' id='word_1_570' title='bbox 698 4358 930 4424; x_wconf 68' lang='lat' dir='ltr'><strong>videtur,</strong></span> <span class='ocrx_word' id='word_1_571' title='bbox 962 4359 1168 4415; x_wconf 86' lang='lat' dir='ltr'><strong>oblitus</strong></span> <span class='ocrx_word' id='word_1_572' title='bbox 1193 4370 1310 4428; x_wconf 85' lang='lat' dir='ltr'><strong>est;</strong></span> <span class='ocrx_word' id='word_1_573' title='bbox 1345 4362 1583 4418; x_wconf 88' lang='lat' dir='ltr'><strong>humano</strong></span> <span class='ocrx_word' id='word_1_574' title='bbox 1615 4363 1797 4430; x_wconf 88' lang='lat' dir='ltr'><strong>modo,</strong></span> <span class='ocrx_word' id='word_1_575' title='bbox 1825 4363 2026 4425; x_wconf 86' lang='lat' dir='ltr'><strong>dicam,</strong></span> <span class='ocrx_word' id='word_1_576' title='bbox 2055 4377 2109 4421; x_wconf 92' lang='lat' dir='ltr'><strong>et</strong></span> <span class='ocrx_word' id='word_1_577' title='bbox 2133 4383 2280 4422; x_wconf 87' lang='lat' dir='ltr'><strong>com-</strong></span> 
     </span>
    </p>
   </div>
   <div class='ocr_carea' id='block_1_78' title="bbox 698 4453 2278 4524">
    <p class='ocr_par' dir='ltr' id='par_1_78' title="bbox 698 4453 2278 4524">
     <span class='ocr_line' id='line_1_78' title="bbox 698 4453 2278 4524; baseline 0.007 -22"><span class='ocrx_word' id='word_1_578' title='bbox 698 4457 881 4506; x_wconf 79' lang='lat' dir='ltr'><strong>motus</strong></span> <span class='ocrx_word' id='word_1_579' title='bbox 910 4461 967 4505; x_wconf 91' lang='lat' dir='ltr'><strong>ut</strong></span> <span class='ocrx_word' id='word_1_580' title='bbox 1000 4453 1163 4507; x_wconf 91' lang='lat' dir='ltr'><strong>homo</strong></span> <span class='ocrx_word' id='word_1_581' title='bbox 1197 4453 1372 4508; x_wconf 87' lang='lat' dir='ltr'><strong>factus</strong></span> <span class='ocrx_word' id='word_1_582' title='bbox 1394 4464 1498 4519; x_wconf 88' lang='lat' dir='ltr'><strong>est,</strong></span> <span class='ocrx_word' id='word_1_583' title='bbox 1527 4463 1583 4510; x_wconf 85' lang='lat' dir='ltr'><strong>et</strong></span> <span class='ocrx_word' id='word_1_584' title='bbox 1607 4458 1913 4524; x_wconf 85' lang='lat' dir='ltr'><strong>corporalia</strong></span> <span class='ocrx_word' id='word_1_585' title='bbox 1947 4457 2155 4524; x_wconf 88' lang='lat' dir='ltr'><strong>induit;</strong></span> <span class='ocrx_word' id='word_1_586' title='bbox 2180 4474 2278 4514; x_wconf 89' lang='lat' dir='ltr'><strong>vos</strong></span> 
     </span>
    </p>
   </div>
   <div class='ocr_carea' id='block_1_79' title="bbox 695 4542 2278 4616">
    <p class='ocr_par' dir='ltr' id='par_1_79' title="bbox 695 4542 2278 4616">
     <span class='ocr_line' id='line_1_79' title="bbox 695 4542 2278 4616; baseline 0.006 -22"><span class='ocrx_word' id='word_1_587' title='bbox 695 4550 908 4608; x_wconf 84' lang='lat' dir='ltr'><strong>autem,</strong></span> <span class='ocrx_word' id='word_1_588' title='bbox 939 4552 994 4598; x_wconf 92' lang='lat' dir='ltr'><strong>ut</strong></span> <span class='ocrx_word' id='word_1_589' title='bbox 1019 4543 1114 4598; x_wconf 86' lang='lat' dir='ltr'><strong>filii</strong></span> <span class='ocrx_word' id='word_1_590' title='bbox 1170 4542 1303 4604; x_wconf 86' lang='lat' dir='ltr'><strong>Sion</strong></span> <span class='ocrx_word' id='word_1_591' title='bbox 1335 4546 1519 4600; x_wconf 88' lang='lat' dir='ltr'><strong>decori</strong></span> <span class='ocrx_word' id='word_1_592' title='bbox 1543 4555 1597 4600; x_wconf 89' lang='lat' dir='ltr'><strong>et</strong></span> <span class='ocrx_word' id='word_1_593' title='bbox 1634 4561 1770 4601; x_wconf 89' lang='lat' dir='ltr'><strong>auro</strong></span> <span class='ocrx_word' id='word_1_594' title='bbox 1819 4549 2143 4616; x_wconf 82' lang='lat' dir='ltr'><strong>comparati,</strong></span> <span class='ocrx_word' id='word_1_595' title='bbox 2177 4550 2278 4603; x_wconf 88' lang='lat' dir='ltr'><strong>mi-</strong></span> 
     </span>
    </p>
   </div>
   <div class='ocr_carea' id='block_1_80' title="bbox 699 4640 2276 4712">
    <p class='ocr_par' dir='ltr' id='par_1_80' title="bbox 699 4640 2276 4712">
     <span class='ocr_line' id='line_1_80' title="bbox 699 4640 2276 4712; baseline 0.003 -20"><span class='ocrx_word' id='word_1_596' title='bbox 699 4640 887 4705; x_wconf 76' lang='lat' dir='ltr'><strong>nistri,</strong></span> <span class='ocrx_word' id='word_1_597' title='bbox 931 4641 1250 4695; x_wconf 85' lang='lat' dir='ltr'><strong>sacerdotes</strong></span> <span class='ocrx_word' id='word_1_598' title='bbox 1288 4648 1342 4694; x_wconf 87' lang='lat' dir='ltr'><strong>et</strong></span> <span class='ocrx_word' id='word_1_599' title='bbox 1385 4641 1793 4698; x_wconf 86' lang='lat' dir='ltr'><strong>sacrificatores</strong></span> <span class='ocrx_word' id='word_1_600' title='bbox 1825 4643 2006 4712; x_wconf 79' lang='lat' dir='ltr'><strong>magni</strong></span> <span class='ocrx_word' id='word_1_601' title='bbox 2057 4651 2109 4697; x_wconf 88' lang='lat' dir='ltr'><strong>et</strong></span> <span class='ocrx_word' id='word_1_602' title='bbox 2152 4645 2276 4697; x_wconf 87' lang='lat' dir='ltr'><strong>novi</strong></span> 
     </span>
    </p>
   </div>
   <div class='ocr_carea' id='block_1_81' title="bbox 692 4728 2280 4800">
    <p class='ocr_par' dir='ltr' id='par_1_81' title="bbox 692 4728 2280 4800">
     <span class='ocr_line' id='line_1_81' title="bbox 692 4728 2280 4800; baseline 0.004 -18"><span class='ocrx_word' id='word_1_603' title='bbox 692 4728 978 4794; x_wconf 63' lang='lat' dir='ltr'><strong>uacrilicii,</strong></span> <span class='ocrx_word' id='word_1_604' title='bbox 1031 4737 1086 4784; x_wconf 92' lang='lat' dir='ltr'><strong>et</strong></span> <span class='ocrx_word' id='word_1_605' title='bbox 1129 4730 1174 4786; x_wconf 93' lang='lat' dir='ltr'><strong>si</strong></span> <span class='ocrx_word' id='word_1_606' title='bbox 1207 4731 1335 4800; x_wconf 90' lang='lat' dir='ltr'><strong>quid</strong></span> <span class='ocrx_word' id='word_1_607' title='bbox 1371 4731 1517 4786; x_wconf 86' lang='lat' dir='ltr'><strong>aliud</strong></span> <span class='ocrx_word' id='word_1_608' title='bbox 1551 4741 1636 4786; x_wconf 89' lang='lat' dir='ltr'><strong>est</strong></span> <span class='ocrx_word' id='word_1_609' title='bbox 1686 4733 1740 4786; x_wconf 91' lang='lat' dir='ltr'><strong>itt</strong></span> <span class='ocrx_word' id='word_1_610' title='bbox 1770 4731 2018 4788; x_wconf 89' lang='lat' dir='ltr'><strong>diaconis</strong></span> <span class='ocrx_word' id='word_1_611' title='bbox 2049 4740 2104 4788; x_wconf 88' lang='lat' dir='ltr'><strong>et</strong></span> <span class='ocrx_word' id='word_1_612' title='bbox 2149 4733 2280 4788; x_wconf 85' lang='lat' dir='ltr'><strong>sub-</strong></span> 
     </span>
    </p>
   </div>
   <div class='ocr_carea' id='block_1_82' title="bbox 695 4822 2273 4894">
    <p class='ocr_par' dir='ltr' id='par_1_82' title="bbox 695 4822 2273 4894">
     <span class='ocr_line' id='line_1_82' title="bbox 695 4822 2273 4894; baseline 0.004 -22"><span class='ocrx_word' id='word_1_613' title='bbox 695 4822 964 4886; x_wconf 80' lang='lat' dir='ltr'><strong>diaconis,</strong></span> <span class='ocrx_word' id='word_1_614' title='bbox 1001 4830 1053 4875; x_wconf 89' lang='lat' dir='ltr'><strong>et</strong></span> <span class='ocrx_word' id='word_1_615' title='bbox 1106 4823 1192 4877; x_wconf 87' lang='lat' dir='ltr'><strong>his</strong></span> <span class='ocrx_word' id='word_1_616' title='bbox 1237 4834 1415 4878; x_wconf 87' lang='lat' dir='ltr'><strong>vestes</strong></span> <span class='ocrx_word' id='word_1_617' title='bbox 1458 4823 1726 4878; x_wconf 92' lang='lat' dir='ltr'><strong>tolluntur</strong></span> <span class='ocrx_word' id='word_1_618' title='bbox 1754 4831 1809 4878; x_wconf 87' lang='lat' dir='ltr'><strong>et</strong></span> <span class='ocrx_word' id='word_1_619' title='bbox 1856 4823 2273 4894; x_wconf 84' lang='lat' dir='ltr'><strong>disperduntur,</strong></span> 
     </span>
    </p>
   </div>
   <div class='ocr_carea' id='block_1_83' title="bbox 695 4916 2280 4988">
    <p class='ocr_par' dir='ltr' id='par_1_83' title="bbox 695 4916 2280 4988">
     <span class='ocr_line' id='line_1_83' title="bbox 695 4916 2280 4988; baseline 0.006 -25"><span class='ocrx_word' id='word_1_620' title='bbox 695 4923 749 4967; x_wconf 76' lang='lat' dir='ltr'><strong>rt</strong></span> <span class='ocrx_word' id='word_1_621' title='bbox 790 4925 1079 4969; x_wconf 91' lang='lat' dir='ltr'><strong>cantorum</strong></span> <span class='ocrx_word' id='word_1_622' title='bbox 1123 4925 1174 4969; x_wconf 90' lang='lat' dir='ltr'><strong>ct</strong></span> <span class='ocrx_word' id='word_1_623' title='bbox 1214 4916 1547 4972; x_wconf 83' lang='lat' dir='ltr'><strong>musicorum</strong></span> <span class='ocrx_word' id='word_1_624' title='bbox 1611 4928 1669 4972; x_wconf 88' lang='lat' dir='ltr'><strong>et</strong></span> <span class='ocrx_word' id='word_1_625' title='bbox 1724 4919 2024 4988; x_wconf 80' lang='lat' dir='ltr'><strong>psaltarum</strong></span> <span class='ocrx_word' id='word_1_626' title='bbox 2077 4919 2280 4973; x_wconf 84' lang='lat' dir='ltr'><strong>cohors</strong></span> 
     </span>
    </p>
   </div>
   <div class='ocr_carea' id='block_1_84' title="bbox 698 5002 2278 5074">
    <p class='ocr_par' dir='ltr' id='par_1_84' title="bbox 698 5002 2278 5074">
     <span class='ocr_line' id='line_1_84' title="bbox 698 5002 2278 5074; baseline 0.003 -18"><span class='ocrx_word' id='word_1_627' title='bbox 698 5018 1015 5066; x_wconf 89' lang='lat' dir='ltr'><strong>numerosa,</strong></span> <span class='ocrx_word' id='word_1_628' title='bbox 1047 5006 1162 5074; x_wconf 90' lang='lat' dir='ltr'><strong>qui,</strong></span> <span class='ocrx_word' id='word_1_629' title='bbox 1199 5013 1258 5058; x_wconf 92' lang='lat' dir='ltr'><strong>ut</strong></span> <span class='ocrx_word' id='word_1_630' title='bbox 1281 5002 1548 5062; x_wconf 77' lang='lat' dir='ltr'><strong>Jeremias</strong></span> <span class='ocrx_word' id='word_1_631' title='bbox 1581 5007 1738 5072; x_wconf 89' lang='lat' dir='ltr'><strong>dicit,</strong></span> <span class='ocrx_word' id='word_1_632' title='bbox 1771 5008 1964 5062; x_wconf 87' lang='lat' dir='ltr'><strong>tnollcs</strong></span> <span class='ocrx_word' id='word_1_633' title='bbox 2013 5015 2067 5062; x_wconf 89' lang='lat' dir='ltr'><strong>et</strong></span> <span class='ocrx_word' id='word_1_634' title='bbox 2108 5009 2278 5062; x_wconf 85' lang='lat' dir='ltr'><strong>malo-</strong></span> 
     </span>
    </p>
   </div>
   <div class='ocr_carea' id='block_1_85' title="bbox 699 5093 2274 5166">
    <p class='ocr_par' dir='ltr' id='par_1_85' title="bbox 699 5093 2274 5166">
     <span class='ocr_line' id='line_1_85' title="bbox 699 5093 2274 5166; baseline 0.003 -20"><span class='ocrx_word' id='word_1_635' title='bbox 699 5108 818 5146; x_wconf 79' lang='lat' dir='ltr'><strong>tum</strong></span> <span class='ocrx_word' id='word_1_636' title='bbox 842 5104 1114 5161; x_wconf 80' lang='lat' dir='ltr'><strong>expertes,</strong></span> <span class='ocrx_word' id='word_1_637' title='bbox 1135 5103 1189 5148; x_wconf 93' lang='lat' dir='ltr'><strong>et</strong></span> <span class='ocrx_word' id='word_1_638' title='bbox 1214 5093 1307 5148; x_wconf 84' lang='lat' dir='ltr'><strong>Dei</strong></span> <span class='ocrx_word' id='word_1_639' title='bbox 1332 5097 1734 5166; x_wconf 80' lang='lat' dir='ltr'><strong>magnitudines</strong></span> <span class='ocrx_word' id='word_1_640' title='bbox 1757 5111 1888 5152; x_wconf 90' lang='lat' dir='ltr'><strong>voce</strong></span> <span class='ocrx_word' id='word_1_641' title='bbox 1909 5099 2274 5162; x_wconf 79' lang='lat' dir='ltr'><strong>celebrantes,</strong></span> 
     </span>
    </p>
   </div>
   <div class='ocr_carea' id='block_1_86' title="bbox 695 5187 2280 5263">
    <p class='ocr_par' dir='ltr' id='par_1_86' title="bbox 695 5187 2280 5263">
     <span class='ocr_line' id='line_1_86' title="bbox 695 5187 2280 5263; baseline 0.004 -23"><span class='ocrx_word' id='word_1_642' title='bbox 695 5187 1132 5258; x_wconf 81' lang='lat' dir='ltr'><strong>quomodonam:</strong></span> <span class='ocrx_word' id='word_1_643' title='bbox 1157 5191 1530 5262; x_wconf 78' lang='lat' dir='ltr'><strong>trattsmigrati</strong></span> <span class='ocrx_word' id='word_1_644' title='bbox 1563 5192 1738 5247; x_wconf 88' lang='lat' dir='ltr'><strong>estis?</strong></span> <span class='ocrx_word' id='word_1_645' title='bbox 1759 5209 1868 5263; x_wconf 90' lang='lat' dir='ltr'><strong>quo</strong></span> <span class='ocrx_word' id='word_1_646' title='bbox 1894 5194 2232 5247; x_wconf 86' lang='lat' dir='ltr'><strong>convenietis</strong></span> <span class='ocrx_word' id='word_1_647' title='bbox 2257 5197 2280 5246; x_wconf 72' lang='grc' dir='ltr'><strong>ζ’</strong></span> 
     </span>
    </p>
   </div>
   <div class='ocr_carea' id='block_1_87' title="bbox 695 5279 2277 5354">
    <p class='ocr_par' dir='ltr' id='par_1_87' title="bbox 695 5279 2277 5354">
     <span class='ocr_line' id='line_1_87' title="bbox 695 5279 2277 5354; baseline 0.003 -22"><span class='ocrx_word' id='word_1_648' title='bbox 695 5279 972 5349; x_wconf 83' lang='lat' dir='ltr'><strong>quomodo</strong></span> <span class='ocrx_word' id='word_1_649' title='bbox 999 5294 1264 5336; x_wconf 85' lang='lat' dir='ltr'><strong>conversa</strong></span> <span class='ocrx_word' id='word_1_650' title='bbox 1297 5291 1382 5336; x_wconf 85' lang='lat' dir='ltr'><strong>est</strong></span> <span class='ocrx_word' id='word_1_651' title='bbox 1410 5295 1594 5337; x_wconf 85' lang='lat' dir='ltr'><strong>nostra</strong></span> <span class='ocrx_word' id='word_1_652' title='bbox 1629 5283 1794 5338; x_wconf 89' lang='lat' dir='ltr'><strong>facies</strong></span> <span class='ocrx_word' id='word_1_653' title='bbox 1832 5284 1884 5338; x_wconf 93' lang='lat' dir='ltr'><strong>in</strong></span> <span class='ocrx_word' id='word_1_654' title='bbox 1918 5284 2277 5354; x_wconf 79' lang='lat' dir='ltr'><strong>squalorem?</strong></span> 
     </span>
    </p>
   </div>
   <div class='ocr_carea' id='block_1_88' title="bbox 697 5371 2273 5446">
    <p class='ocr_par' dir='ltr' id='par_1_88' title="bbox 697 5371 2273 5446">
     <span class='ocr_line' id='line_1_88' title="bbox 697 5371 2273 5446; baseline 0.004 -22"><span class='ocrx_word' id='word_1_655' title='bbox 697 5372 971 5441; x_wconf 85' lang='lat' dir='ltr'><strong>quomodo</strong></span> <span class='ocrx_word' id='word_1_656' title='bbox 998 5371 1132 5428; x_wconf 80' lang='lat' dir='ltr'><strong>festa</strong></span> <span class='ocrx_word' id='word_1_657' title='bbox 1163 5374 1219 5428; x_wconf 90' lang='lat' dir='ltr'><strong>in</strong></span> <span class='ocrx_word' id='word_1_658' title='bbox 1265 5374 1684 5431; x_wconf 87' lang='lat' dir='ltr'><strong>lamentationes</strong></span> <span class='ocrx_word' id='word_1_659' title='bbox 1713 5377 1737 5429; x_wconf 86' lang='lat'><strong>?</strong></span> <span class='ocrx_word' id='word_1_660' title='bbox 1764 5391 1949 5431; x_wconf 91' lang='lat' dir='ltr'><strong>nonne</strong></span> <span class='ocrx_word' id='word_1_661' title='bbox 1983 5377 2273 5446; x_wconf 91' lang='lat' dir='ltr'><strong>pulchrum</strong></span> 
     </span>
    </p>
   </div>
   <div class='ocr_carea' id='block_1_89' title="bbox 698 5466 2272 5537">
    <p class='ocr_par' dir='ltr' id='par_1_89' title="bbox 698 5466 2272 5537">
     <span class='ocr_line' id='line_1_89' title="bbox 698 5466 2272 5537; baseline 0.006 -19"><span class='ocrx_word' id='word_1_662' title='bbox 698 5466 894 5520; x_wconf 76' lang='lat' dir='ltr'><strong>fuisset</strong></span> <span class='ocrx_word' id='word_1_663' title='bbox 921 5466 1078 5521; x_wconf 87' lang='lat' dir='ltr'><strong>nobis</strong></span> <span class='ocrx_word' id='word_1_664' title='bbox 1099 5478 1152 5521; x_wconf 88' lang='lat' dir='ltr'><strong>et</strong></span> <span class='ocrx_word' id='word_1_665' title='bbox 1171 5467 1408 5537; x_wconf 84' lang='lat' dir='ltr'><strong>justum,</strong></span> <span class='ocrx_word' id='word_1_666' title='bbox 1434 5476 1493 5522; x_wconf 88' lang='lat' dir='ltr'><strong>ttt</strong></span> <span class='ocrx_word' id='word_1_667' title='bbox 1522 5470 1655 5524; x_wconf 82' lang='lat' dir='ltr'><strong>mihi</strong></span> <span class='ocrx_word' id='word_1_668' title='bbox 1678 5470 1894 5526; x_wconf 91' lang='lat' dir='ltr'><strong>videtur</strong></span> <span class='ocrx_word' id='word_1_669' title='bbox 1917 5479 1971 5524; x_wconf 89' lang='lat' dir='ltr'><strong>et</strong></span> <span class='ocrx_word' id='word_1_670' title='bbox 1997 5471 2272 5536; x_wconf 89' lang='lat' dir='ltr'><strong>omnibus,</strong></span> 
     </span>
    </p>
   </div>
   <div class='ocr_carea' id='block_1_90' title="bbox 698 5558 2277 5629">
    <p class='ocr_par' dir='ltr' id='par_1_90' title="bbox 698 5558 2277 5629">
     <span class='ocr_line' id='line_1_90' title="bbox 698 5558 2277 5629; baseline 0.005 -18"><span class='ocrx_word' id='word_1_671' title='bbox 698 5558 841 5612; x_wconf 87' lang='lat' dir='ltr'><strong>mori</strong></span> <span class='ocrx_word' id='word_1_672' title='bbox 879 5567 1173 5629; x_wconf 89' lang='lat' dir='ltr'><strong>antequam</strong></span> <span class='ocrx_word' id='word_1_673' title='bbox 1209 5576 1677 5616; x_wconf 88' lang='lat' dir='ltr'><strong>commoreremttr</strong></span> <span class='ocrx_word' id='word_1_674' title='bbox 1709 5563 1764 5617; x_wconf 88' lang='lat' dir='ltr'><strong>itt</strong></span> <span class='ocrx_word' id='word_1_675' title='bbox 1795 5563 1898 5618; x_wconf 87' lang='lat' dir='ltr'><strong>hac</strong></span> <span class='ocrx_word' id='word_1_676' title='bbox 1935 5564 2220 5619; x_wconf 85' lang='lat' dir='ltr'><strong>eversione</strong></span> <span class='ocrx_word' id='word_1_677' title='bbox 2254 5565 2277 5618; x_wconf 86' lang='lat'><strong>?</strong></span> 
     </span>
    </p>
   </div>
   <div class='ocr_carea' id='block_1_91' title="bbox 699 5650 2272 5712">
    <p class='ocr_par' dir='ltr' id='par_1_91' title="bbox 699 5650 2272 5712">
     <span class='ocr_line' id='line_1_91' title="bbox 699 5650 2272 5712; baseline 0.006 -10"><span class='ocrx_word' id='word_1_678' title='bbox 699 5650 834 5704; x_wconf 70' lang='lat' dir='ltr'><strong>tiam</strong></span> <span class='ocrx_word' id='word_1_679' title='bbox 863 5658 1045 5705; x_wconf 89' lang='lat' dir='ltr'><strong>autem</strong></span> <span class='ocrx_word' id='word_1_680' title='bbox 1081 5652 1222 5708; x_wconf 83' lang='lat' dir='ltr'><strong>Deus</strong></span> <span class='ocrx_word' id='word_1_681' title='bbox 1250 5652 1436 5708; x_wconf 84' lang='lat' dir='ltr'><strong>vivere</strong></span> <span class='ocrx_word' id='word_1_682' title='bbox 1473 5655 1632 5710; x_wconf 90' lang='lat' dir='ltr'><strong>nobis</strong></span> <span class='ocrx_word' id='word_1_683' title='bbox 1668 5655 1822 5710; x_wconf 85' lang='lat' dir='ltr'><strong>dedit</strong></span> <span class='ocrx_word' id='word_1_684' title='bbox 1847 5663 1901 5712; x_wconf 91' lang='lat' dir='ltr'><strong>et</strong></span> <span class='ocrx_word' id='word_1_685' title='bbox 1937 5672 2034 5711; x_wconf 83' lang='lat' dir='ltr'><strong>vos</strong></span> <span class='ocrx_word' id='word_1_686' title='bbox 2078 5657 2272 5711; x_wconf 86' lang='lat' dir='ltr'><strong>rudera</strong></span> 
     </span>
    </p>
   </div>
   <div class='ocr_carea' id='block_1_92' title="bbox 702 5743 2269 5817">
    <p class='ocr_par' dir='ltr' id='par_1_92' title="bbox 702 5743 2269 5817">
     <span class='ocr_line' id='line_1_92' title="bbox 702 5743 2269 5817; baseline 0.008 -24"><span class='ocrx_word' id='word_1_687' title='bbox 702 5751 911 5798; x_wconf 78' lang='lat' dir='ltr'><strong>tantum</strong></span> <span class='ocrx_word' id='word_1_688' title='bbox 946 5743 1106 5800; x_wconf 84' lang='lat' dir='ltr'><strong>nobis</strong></span> <span class='ocrx_word' id='word_1_689' title='bbox 1135 5745 1371 5817; x_wconf 87' lang='lat' dir='ltr'><strong>reliquit,</strong></span> <span class='ocrx_word' id='word_1_690' title='bbox 1425 5761 1612 5816; x_wconf 68' lang='lat' dir='ltr'><strong>quanto</strong></span> <span class='ocrx_word' id='word_1_691' title='bbox 1649 5749 1739 5804; x_wconf 91' lang='lat' dir='ltr'><strong>ubi</strong></span> <span class='ocrx_word' id='word_1_692' title='bbox 1795 5752 1982 5804; x_wconf 81' lang='lat' dir='ltr'><strong>sedeat</strong></span> <span class='ocrx_word' id='word_1_693' title='bbox 2029 5759 2269 5805; x_wconf 82' lang='lat' dir='ltr'><strong>vestrum</strong></span> 
     </span>
    </p>
   </div>
   <div class='ocr_carea' id='block_1_93' title="bbox 699 5835 2268 5908">
    <p class='ocr_par' dir='ltr' id='par_1_93' title="bbox 699 5835 2268 5908">
     <span class='ocr_line' id='line_1_93' title="bbox 699 5835 2268 5908; baseline 0.005 -18"><span class='ocrx_word' id='word_1_694' title='bbox 699 5835 981 5906; x_wconf 71' lang='lat' dir='ltr'><strong>templum,</strong></span> <span class='ocrx_word' id='word_1_695' title='bbox 1006 5837 1093 5892; x_wconf 84' lang='lat' dir='ltr'><strong>ubi</strong></span> <span class='ocrx_word' id='word_1_696' title='bbox 1118 5845 1224 5893; x_wconf 89' lang='lat' dir='ltr'><strong>stet</strong></span> <span class='ocrx_word' id='word_1_697' title='bbox 1251 5839 1620 5895; x_wconf 70' lang='lat' dir='ltr'><strong>venerandum</strong></span> <span class='ocrx_word' id='word_1_698' title='bbox 1647 5840 2149 5908; x_wconf 81' lang='lat' dir='ltr'><strong>concionatorinnt;</strong></span> <span class='ocrx_word' id='word_1_699' title='bbox 2179 5843 2268 5898; x_wconf 88' lang='lat' dir='ltr'><strong>ubi</strong></span> 
     </span>
    </p>
   </div>
   <div class='ocr_carea' id='block_1_94' title="bbox 2386 3539 3966 3612">
    <p class='ocr_par' dir='ltr' id='par_1_94' title="bbox 2386 3539 3966 3612">
     <span class='ocr_line' id='line_1_94' title="bbox 2386 3539 3966 3612; baseline 0 -19"><span class='ocrx_word' id='word_1_700' title='bbox 2386 3539 2557 3593; x_wconf 85' lang='grc' dir='ltr'><strong>ποιῶν</strong></span> <span class='ocrx_word' id='word_1_701' title='bbox 2576 3541 2744 3612; x_wconf 79' lang='grc' dir='ltr'><strong>αὐτὴν</strong></span> <span class='ocrx_word' id='word_1_702' title='bbox 2767 3541 3012 3611; x_wconf 78' lang='grc' dir='ltr'><strong>τρέμειν,</strong></span> <span class='ocrx_word' id='word_1_703' title='bbox 3036 3541 3135 3594; x_wconf 78' lang='grc' dir='ltr'><strong>οὐκ</strong></span> <span class='ocrx_word' id='word_1_704' title='bbox 3161 3539 3362 3611; x_wconf 72' lang='grc' dir='ltr'><strong>ᾐδέσθη</strong></span> <span class='ocrx_word' id='word_1_705' title='bbox 3385 3557 3443 3594; x_wconf 91' lang='grc' dir='ltr'><strong>σε</strong></span> <span class='ocrx_word' id='word_1_706' title='bbox 3469 3541 3578 3612; x_wconf 80' lang='grc' dir='ltr'><strong>ἄρα</strong></span> <span class='ocrx_word' id='word_1_707' title='bbox 3601 3557 3617 3606; x_wconf 90' lang='lat'><strong>;</strong></span> <span class='ocrx_word' id='word_1_708' title='bbox 3649 3542 3748 3594; x_wconf 82' lang='grc' dir='ltr'><strong>οὐκ</strong></span> <span class='ocrx_word' id='word_1_709' title='bbox 3775 3541 3966 3612; x_wconf 86' lang='grc' dir='ltr'><strong>ἐλέησε</strong></span> 
     </span>
    </p>
   </div>
   <div class='ocr_carea' id='block_1_95' title="bbox 2387 3632 3967 3703">
    <p class='ocr_par' dir='ltr' id='par_1_95' title="bbox 2387 3632 3967 3703">
     <span class='ocr_line' id='line_1_95' title="bbox 2387 3632 3967 3703; baseline 0 -18"><span class='ocrx_word' id='word_1_710' title='bbox 2387 3632 2692 3697; x_wconf 86' lang='grc' dir='ltr'><strong>πίπτοντα;</strong></span> <span class='ocrx_word' id='word_1_711' title='bbox 2723 3633 2860 3703; x_wconf 83' lang='grc' dir='ltr'><strong>πρὸς</strong></span> <span class='ocrx_word' id='word_1_712' title='bbox 2897 3633 2954 3685; x_wconf 82' lang='grc' dir='ltr'><strong>σὲ</strong></span> <span class='ocrx_word' id='word_1_713' title='bbox 2988 3632 3093 3702; x_wconf 84' lang='grc' dir='ltr'><strong>γὰρ</strong></span> <span class='ocrx_word' id='word_1_714' title='bbox 3144 3634 3173 3686; x_wconf 91' lang='lat'><strong>6</strong></span> <span class='ocrx_word' id='word_1_715' title='bbox 3199 3632 3374 3700; x_wconf 83' lang='grc' dir='ltr'><strong>λόγος,</strong></span> <span class='ocrx_word' id='word_1_716' title='bbox 3408 3632 3504 3687; x_wconf 71' lang='grc' dir='ltr'><strong>ναὶ</strong></span> <span class='ocrx_word' id='word_1_717' title='bbox 3535 3632 3630 3686; x_wconf 82' lang='grc' dir='ltr'><strong>τοῦ</strong></span> <span class='ocrx_word' id='word_1_718' title='bbox 3659 3632 3795 3686; x_wconf 72' lang='grc' dir='ltr'><strong>Θεοῦ</strong></span> <span class='ocrx_word' id='word_1_719' title='bbox 3819 3649 3834 3664; x_wconf 77' lang='grc'>⁸</span> <span class='ocrx_word' id='word_1_720' title='bbox 3869 3632 3967 3686; x_wconf 75' lang='grc' dir='ltr'><strong>καὶ</strong></span> 
     </span>
    </p>
   </div>
   <div class='ocr_carea' id='block_1_96' title="bbox 2385 3715 3966 3796">
    <p class='ocr_par' dir='ltr' id='par_1_96' title="bbox 2385 3715 3966 3796">
     <span class='ocr_line' id='line_1_96' title="bbox 2385 3715 3966 3796; baseline 0.001 -21"><span class='ocrx_word' id='word_1_721' title='bbox 2385 3724 2549 3792; x_wconf 84' lang='grc' dir='ltr'><strong>χῶμα</strong></span> <span class='ocrx_word' id='word_1_722' title='bbox 2569 3725 2854 3794; x_wconf 83' lang='grc' dir='ltr'><strong>γινόμενον</strong></span> <span class='ocrx_word' id='word_1_723' title='bbox 2876 3725 2972 3777; x_wconf 74' lang='grc' dir='ltr'><strong>καὶ</strong></span> <span class='ocrx_word' id='word_1_724' title='bbox 2997 3723 3348 3795; x_wconf 76' lang='grc' dir='ltr'><strong>διαλυόμενον</strong></span> <span class='ocrx_word' id='word_1_725' title='bbox 3370 3742 3383 3756; x_wconf 90' lang='grc'><strong>·</strong></span> <span class='ocrx_word' id='word_1_726' title='bbox 3407 3715 3501 3778; x_wconf 70' lang='grc' dir='ltr'><strong>καὶ</strong></span> <span class='ocrx_word' id='word_1_727' title='bbox 3525 3725 3802 3796; x_wconf 71' lang='grc' dir='ltr'><strong>κονιορτὸν</strong></span> <span class='ocrx_word' id='word_1_728' title='bbox 3830 3725 3966 3795; x_wconf 72' lang='grc' dir='ltr'><strong>πρδς</strong></span> 
     </span>
    </p>
   </div>
   <div class='ocr_carea' id='block_1_97' title="bbox 2389 3814 3968 3886">
    <p class='ocr_par' dir='ltr' id='par_1_97' title="bbox 2389 3814 3968 3886">
     <span class='ocr_line' id='line_1_97' title="bbox 2389 3814 3968 3886; baseline 0.001 -19"><span class='ocrx_word' id='word_1_729' title='bbox 2389 3814 2560 3884; x_wconf 78' lang='grc' dir='ltr'><strong>αὐτὴν</strong></span> <span class='ocrx_word' id='word_1_730' title='bbox 2597 3815 2760 3868; x_wconf 76' lang='grc' dir='ltr'><strong>πάλιν</strong></span> <span class='ocrx_word' id='word_1_731' title='bbox 2799 3815 3086 3883; x_wconf 77' lang='grc' dir='ltr'><strong>αἰρόμενον</strong></span> <span class='ocrx_word' id='word_1_732' title='bbox 3134 3814 3230 3871; x_wconf 80' lang='grc' dir='ltr'><strong>καὶ</strong></span> <span class='ocrx_word' id='word_1_733' title='bbox 3279 3815 3686 3886; x_wconf 78' lang='grc' dir='ltr'><strong>ἀναφερόμενον</strong></span> <span class='ocrx_word' id='word_1_734' title='bbox 3725 3815 3826 3868; x_wconf 84' lang='grc' dir='ltr'><strong>οὐκ</strong></span> <span class='ocrx_word' id='word_1_735' title='bbox 3872 3819 3968 3869; x_wconf 80' lang='grc' dir='ltr'><strong>ἐπ-</strong></span> 
     </span>
    </p>
   </div>
   <div class='ocr_carea' id='block_1_98' title="bbox 2385 3904 3964 3977">
    <p class='ocr_par' dir='ltr' id='par_1_98' title="bbox 2385 3904 3964 3977">
     <span class='ocr_line' id='line_1_98' title="bbox 2385 3904 3964 3977; baseline -0.001 -19"><span class='ocrx_word' id='word_1_736' title='bbox 2385 3907 2654 3976; x_wconf 71' lang='grc' dir='ltr'><strong>εστραςρη.</strong></span> <span class='ocrx_word' id='word_1_737' title='bbox 2679 3905 2810 3959; x_wconf 75' lang='grc' dir='ltr'><strong>Οὐδὲ</strong></span> <span class='ocrx_word' id='word_1_738' title='bbox 2833 3904 3104 3975; x_wconf 87' lang='grc' dir='ltr'><strong>κατενύγη</strong></span> <span class='ocrx_word' id='word_1_739' title='bbox 3122 3906 3227 3958; x_wconf 70' lang='grc' dir='ltr'><strong>ιέπὶ</strong></span> <span class='ocrx_word' id='word_1_740' title='bbox 3251 3905 3310 3959; x_wconf 77' lang='grc' dir='ltr'><strong>σέ</strong></span> <span class='ocrx_word' id='word_1_741' title='bbox 3341 3907 3369 3959; x_wconf 91' lang='lat'><strong>6</strong></span> <span class='ocrx_word' id='word_1_742' title='bbox 3393 3904 3964 3977; x_wconf 65' lang='lat' dir='ltr'><strong>e_Dcn).ayxvo¢.&#39;A0tt-</strong></span> 
     </span>
    </p>
   </div>
   <div class='ocr_carea' id='block_1_99' title="bbox 2386 3995 3968 4066">
    <p class='ocr_par' dir='ltr' id='par_1_99' title="bbox 2386 3995 3968 4066">
     <span class='ocr_line' id='line_1_99' title="bbox 2386 3995 3968 4066; baseline -0.001 -18"><span class='ocrx_word' id='word_1_743' title='bbox 2386 4014 2477 4057; x_wconf 83' lang='grc' dir='ltr'><strong>τος</strong></span> <span class='ocrx_word' id='word_1_744' title='bbox 2508 3996 2564 4049; x_wconf 79' lang='grc' dir='ltr'><strong>δέ</strong></span> <span class='ocrx_word' id='word_1_745' title='bbox 2594 3995 2750 4049; x_wconf 73' lang='grc' dir='ltr'><strong>ἔσται</strong></span> <span class='ocrx_word' id='word_1_746' title='bbox 2779 3998 2874 4050; x_wconf 84' lang='grc' dir='ltr'><strong>καὶ</strong></span> <span class='ocrx_word' id='word_1_747' title='bbox 2917 3996 3344 4066; x_wconf 85' lang='grc' dir='ltr'><strong>ἀκαλλιέργητος</strong></span> <span class='ocrx_word' id='word_1_748' title='bbox 3363 4013 3376 4027; x_wconf 92' lang='grc'><strong>·</strong></span> <span class='ocrx_word' id='word_1_749' title='bbox 3408 3998 3504 4051; x_wconf 73' lang='grc' dir='ltr'><strong>καὶ</strong></span> <span class='ocrx_word' id='word_1_750' title='bbox 3535 3997 3782 4066; x_wconf 78' lang='grc' dir='ltr'><strong>διαμενεῖ</strong></span> <span class='ocrx_word' id='word_1_751' title='bbox 3797 3995 3968 4065; x_wconf 88' lang='grc' dir='ltr'><strong>ἀμελ-</strong></span> 
     </span>
    </p>
   </div>
   <div class='ocr_carea' id='block_1_100' title="bbox 2390 4081 3964 4158">
    <p class='ocr_par' dir='ltr' id='par_1_100' title="bbox 2390 4081 3964 4158">
     <span class='ocr_line' id='line_1_100' title="bbox 2390 4081 3964 4158; baseline 0.001 -20"><span class='ocrx_word' id='word_1_752' title='bbox 2390 4085 2629 4157; x_wconf 82' lang='grc' dir='ltr'><strong>ᾠδητος’</strong></span> <span class='ocrx_word' id='word_1_753' title='bbox 2665 4085 2782 4137; x_wconf 80' lang='grc' dir='ltr'><strong>ἀνθ’</strong></span> <span class='ocrx_word' id='word_1_754' title='bbox 2839 4081 2914 4139; x_wconf 82' lang='grc' dir='ltr'><strong>ὧν</strong></span> <span class='ocrx_word' id='word_1_755' title='bbox 2976 4087 3076 4139; x_wconf 79' lang='grc' dir='ltr'><strong>οὐκ</strong></span> <span class='ocrx_word' id='word_1_756' title='bbox 3128 4086 3296 4138; x_wconf 74' lang='grc' dir='ltr'><strong>ἔπαθέ</strong></span> <span class='ocrx_word' id='word_1_757' title='bbox 3348 4103 3402 4140; x_wconf 90' lang='grc' dir='ltr'><strong>τι</strong></span> <span class='ocrx_word' id='word_1_758' title='bbox 3444 4087 3540 4140; x_wconf 76' lang='grc' dir='ltr'><strong>ἐπὶ</strong></span> <span class='ocrx_word' id='word_1_759' title='bbox 3586 4090 3651 4158; x_wconf 78' lang='grc' dir='ltr'><strong>τῇ</strong></span> <span class='ocrx_word' id='word_1_760' title='bbox 3705 4085 3964 4157; x_wconf 80' lang='grc' dir='ltr'><strong>συντριϐῇ</strong></span> 
     </span>
    </p>
   </div>
   <div class='ocr_carea' id='block_1_101' title="bbox 2384 4177 3968 4248">
    <p class='ocr_par' dir='ltr' id='par_1_101' title="bbox 2384 4177 3968 4248">
     <span class='ocr_line' id='line_1_101' title="bbox 2384 4177 3968 4248; baseline 0.001 -20"><span class='ocrx_word' id='word_1_761' title='bbox 2384 4194 2480 4230; x_wconf 88' lang='grc' dir='ltr'><strong>σου</strong></span> <span class='ocrx_word' id='word_1_762' title='bbox 2501 4193 2514 4206; x_wconf 87' lang='grc'><strong>·</strong></span> <span class='ocrx_word' id='word_1_763' title='bbox 2549 4178 2662 4230; x_wconf 80' lang='grc' dir='ltr'><strong>ἀλλ’</strong></span> <span class='ocrx_word' id='word_1_764' title='bbox 2687 4178 2848 4248; x_wconf 78' lang='grc' dir='ltr'><strong>ἔθηκε</strong></span> <span class='ocrx_word' id='word_1_765' title='bbox 2881 4179 2940 4231; x_wconf 84' lang='grc' dir='ltr'><strong>τὸ</strong></span> <span class='ocrx_word' id='word_1_766' title='bbox 2989 4179 3276 4248; x_wconf 83' lang='grc' dir='ltr'><strong>πρόσωπον</strong></span> <span class='ocrx_word' id='word_1_767' title='bbox 3317 4177 3483 4234; x_wconf 82' lang='grc' dir='ltr'><strong>αὑτοῦ</strong></span> <span class='ocrx_word' id='word_1_768' title='bbox 3514 4179 3590 4242; x_wconf 83' lang='grc' dir='ltr'><strong>ὡς</strong></span> <span class='ocrx_word' id='word_1_769' title='bbox 3622 4177 3848 4248; x_wconf 83' lang='grc' dir='ltr'><strong>στερεὰν</strong></span> <span class='ocrx_word' id='word_1_770' title='bbox 3873 4177 3968 4230; x_wconf 82' lang='grc' dir='ltr'><strong>πέ-</strong></span> 
     </span>
    </p>
   </div>
   <div class='ocr_carea' id='block_1_102' title="bbox 2382 4269 3967 4339">
    <p class='ocr_par' dir='ltr' id='par_1_102' title="bbox 2382 4269 3967 4339">
     <span class='ocr_line' id='line_1_102' title="bbox 2382 4269 3967 4339; baseline 0.001 -19"><span class='ocrx_word' id='word_1_771' title='bbox 2382 4285 2550 4338; x_wconf 74' lang='grc' dir='ltr'><strong>τρανσ</strong></span> <span class='ocrx_word' id='word_1_772' title='bbox 2591 4269 2659 4320; x_wconf 80' lang='grc' dir='ltr'><strong>ἵν’</strong></span> <span class='ocrx_word' id='word_1_773' title='bbox 2692 4269 2771 4339; x_wconf 78' lang='grc' dir='ltr'><strong>ἰδῇ</strong></span> <span class='ocrx_word' id='word_1_774' title='bbox 2804 4271 2897 4321; x_wconf 79' lang='grc' dir='ltr'><strong>καὶ</strong></span> <span class='ocrx_word' id='word_1_775' title='bbox 2930 4269 3063 4321; x_wconf 82' lang='grc' dir='ltr'><strong>αὐτὸ</strong></span> <span class='ocrx_word' id='word_1_776' title='bbox 3113 4272 3161 4321; x_wconf 88' lang='grc' dir='ltr'><strong>εί</strong></span> <span class='ocrx_word' id='word_1_777' title='bbox 3195 4271 3288 4322; x_wconf 72' lang='grc' dir='ltr'><strong>καὶ</strong></span> <span class='ocrx_word' id='word_1_778' title='bbox 3329 4271 3423 4323; x_wconf 82' lang='grc' dir='ltr'><strong>νῦν</strong></span> <span class='ocrx_word' id='word_1_779' title='bbox 3448 4270 3523 4332; x_wconf 90' lang='grc' dir='ltr'><strong>ὼς</strong></span> <span class='ocrx_word' id='word_1_780' title='bbox 3561 4269 3740 4322; x_wconf 76' lang='grc' dir='ltr'><strong>ἔοικεν</strong></span> <span class='ocrx_word' id='word_1_781' title='bbox 3785 4269 3967 4322; x_wconf 77' lang='grc' dir='ltr'><strong>ἐπιλέ-</strong></span> 
     </span>
    </p>
   </div>
   <div class='ocr_carea' id='block_1_103' title="bbox 2389 4360 3969 4432">
    <p class='ocr_par' dir='ltr' id='par_1_103' title="bbox 2389 4360 3969 4432">
     <span class='ocr_line' id='line_1_103' title="bbox 2389 4360 3969 4432; baseline 0.001 -19"><span class='ocrx_word' id='word_1_782' title='bbox 2389 4360 2583 4431; x_wconf 83' lang='grc' dir='ltr'><strong>λησται</strong></span> <span class='ocrx_word' id='word_1_783' title='bbox 2609 4379 2621 4391; x_wconf 88' lang='grc'><strong>·</strong></span> <span class='ocrx_word' id='word_1_784' title='bbox 2677 4361 2744 4413; x_wconf 78' lang='grc' dir='ltr'><strong>ἶν’</strong></span> <span class='ocrx_word' id='word_1_785' title='bbox 2783 4361 3138 4432; x_wconf 79' lang='grc' dir='ltr'><strong>ἀνθρωπίνως</strong></span> <span class='ocrx_word' id='word_1_786' title='bbox 3172 4363 3332 4426; x_wconf 75' lang='grc' dir='ltr'><strong>εἴπω,</strong></span> <span class='ocrx_word' id='word_1_787' title='bbox 3378 4363 3474 4415; x_wconf 78' lang='grc' dir='ltr'><strong>καὶ</strong></span> <span class='ocrx_word' id='word_1_788' title='bbox 3523 4360 3844 4432; x_wconf 78' lang='grc' dir='ltr'><strong>περιπαθῶς</strong></span> <span class='ocrx_word' id='word_1_789' title='bbox 3889 4361 3969 4423; x_wconf 82' lang='grc' dir='ltr'><strong>ὼς</strong></span> 
     </span>
    </p>
   </div>
   <div class='ocr_carea' id='block_1_104' title="bbox 2382 4452 3963 4524">
    <p class='ocr_par' dir='ltr' id='par_1_104' title="bbox 2382 4452 3963 4524">
     <span class='ocr_line' id='line_1_104' title="bbox 2382 4452 3963 4524; baseline -0.002 -18"><span class='ocrx_word' id='word_1_790' title='bbox 2382 4452 2669 4523; x_wconf 76' lang='grc' dir='ltr'><strong>ἄνθρωπός</strong></span> <span class='ocrx_word' id='word_1_791' title='bbox 2698 4469 2756 4506; x_wconf 88' lang='grc' dir='ltr'><strong>τε</strong></span> <span class='ocrx_word' id='word_1_792' title='bbox 2791 4454 3008 4521; x_wconf 79' lang='grc' dir='ltr'><strong>ἐγένετο</strong></span> <span class='ocrx_word' id='word_1_793' title='bbox 3033 4469 3047 4484; x_wconf 88' lang='grc'><strong>·</strong></span> <span class='ocrx_word' id='word_1_794' title='bbox 3095 4455 3188 4506; x_wconf 75' lang='grc' dir='ltr'><strong>καὶ</strong></span> <span class='ocrx_word' id='word_1_795' title='bbox 3215 4455 3281 4506; x_wconf 70' lang='grc' dir='ltr'><strong>τὰ</strong></span> <span class='ocrx_word' id='word_1_796' title='bbox 3309 4454 3599 4524; x_wconf 84' lang='grc' dir='ltr'><strong>σωματικά</strong></span> <span class='ocrx_word' id='word_1_797' title='bbox 3640 4452 3929 4517; x_wconf 79' lang='grc' dir='ltr'><strong>ἀνεδέξατο</strong></span> <span class='ocrx_word' id='word_1_798' title='bbox 3948 4467 3963 4482; x_wconf 78' lang='grc' dir='ltr'><strong>ο</strong></span> 
     </span>
    </p>
   </div>
   <div class='ocr_carea' id='block_1_105' title="bbox 2383 4544 3970 4614">
    <p class='ocr_par' dir='ltr' id='par_1_105' title="bbox 2383 4544 3970 4614">
     <span class='ocr_line' id='line_1_105' title="bbox 2383 4544 3970 4614; baseline -0.001 -17"><span class='ocrx_word' id='word_1_799' title='bbox 2383 4545 2540 4614; x_wconf 83' lang='grc' dir='ltr'><strong>ὑμεῖς</strong></span> <span class='ocrx_word' id='word_1_800' title='bbox 2565 4546 2622 4598; x_wconf 81' lang='grc' dir='ltr'><strong>δέ</strong></span> <span class='ocrx_word' id='word_1_801' title='bbox 2655 4545 2729 4609; x_wconf 86' lang='grc' dir='ltr'><strong>ὡς</strong></span> <span class='ocrx_word' id='word_1_802' title='bbox 2761 4547 2865 4597; x_wconf 70' lang='grc' dir='ltr'><strong>υἱοὶ</strong></span> <span class='ocrx_word' id='word_1_803' title='bbox 2893 4544 3031 4598; x_wconf 88' lang='grc' dir='ltr'><strong>Σιὼν</strong></span> <span class='ocrx_word' id='word_1_804' title='bbox 3064 4547 3112 4598; x_wconf 89' lang='grc' dir='ltr'><strong>οί</strong></span> <span class='ocrx_word' id='word_1_805' title='bbox 3142 4546 3314 4614; x_wconf 78' lang='grc' dir='ltr'><strong>τίμιοι</strong></span> <span class='ocrx_word' id='word_1_806' title='bbox 3350 4548 3443 4598; x_wconf 71' lang='grc' dir='ltr'><strong>καὶ</strong></span> <span class='ocrx_word' id='word_1_807' title='bbox 3465 4545 3804 4614; x_wconf 86' lang='grc' dir='ltr'><strong>ἀντιθέμενοι</strong></span> <span class='ocrx_word' id='word_1_808' title='bbox 3835 4561 3970 4614; x_wconf 82' lang='grc' dir='ltr'><strong>χρυ-</strong></span> 
     </span>
    </p>
   </div>
   <div class='ocr_carea' id='block_1_106' title="bbox 2387 4635 3967 4710">
    <p class='ocr_par' dir='ltr' id='par_1_106' title="bbox 2387 4635 3967 4710">
     <span class='ocr_line' id='line_1_106' title="bbox 2387 4635 3967 4710; baseline 0 -21"><span class='ocrx_word' id='word_1_809' title='bbox 2387 4638 2486 4708; x_wconf 78' lang='grc' dir='ltr'><strong>σίῳ</strong></span> <span class='ocrx_word' id='word_1_810' title='bbox 2508 4653 2523 4667; x_wconf 79' lang='grc' dir='ltr'>ο</span> <span class='ocrx_word' id='word_1_811' title='bbox 2546 4639 2594 4691; x_wconf 83' lang='grc' dir='ltr'><strong>οί</strong></span> <span class='ocrx_word' id='word_1_812' title='bbox 2615 4637 2942 4708; x_wconf 77' lang='grc' dir='ltr'><strong>λειτουργοὶ,</strong></span> <span class='ocrx_word' id='word_1_813' title='bbox 2971 4639 3063 4692; x_wconf 76' lang='grc' dir='ltr'><strong>καὶ</strong></span> <span class='ocrx_word' id='word_1_814' title='bbox 3086 4639 3268 4710; x_wconf 79' lang='grc' dir='ltr'><strong>ἱερεῖς,</strong></span> <span class='ocrx_word' id='word_1_815' title='bbox 3297 4637 3388 4689; x_wconf 79' lang='grc' dir='ltr'><strong>καὶ</strong></span> <span class='ocrx_word' id='word_1_816' title='bbox 3410 4637 3568 4690; x_wconf 83' lang='grc' dir='ltr'><strong>θύται</strong></span> <span class='ocrx_word' id='word_1_817' title='bbox 3602 4635 3692 4688; x_wconf 76' lang='grc' dir='ltr'><strong>τοῦ</strong></span> <span class='ocrx_word' id='word_1_818' title='bbox 3725 4635 3967 4706; x_wconf 81' lang='grc' dir='ltr'><strong>μεγάλου</strong></span> 
     </span>
    </p>
   </div>
   <div class='ocr_carea' id='block_1_107' title="bbox 2391 4729 3971 4800">
    <p class='ocr_par' dir='ltr' id='par_1_107' title="bbox 2391 4729 3971 4800">
     <span class='ocr_line' id='line_1_107' title="bbox 2391 4729 3971 4800; baseline 0.001 -20"><span class='ocrx_word' id='word_1_819' title='bbox 2391 4731 2482 4780; x_wconf 74' lang='grc' dir='ltr'><strong>καὶ</strong></span> <span class='ocrx_word' id='word_1_820' title='bbox 2512 4729 2700 4782; x_wconf 76' lang='grc' dir='ltr'><strong>καινοῦ</strong></span> <span class='ocrx_word' id='word_1_821' title='bbox 2724 4730 2964 4799; x_wconf 77' lang='grc' dir='ltr'><strong>Θὺματος</strong></span> <span class='ocrx_word' id='word_1_822' title='bbox 2982 4747 2994 4761; x_wconf 88' lang='grc'><strong>·</strong></span> <span class='ocrx_word' id='word_1_823' title='bbox 3027 4731 3119 4783; x_wconf 76' lang='grc' dir='ltr'><strong>καὶ</strong></span> <span class='ocrx_word' id='word_1_824' title='bbox 3142 4729 3196 4782; x_wconf 80' lang='grc' dir='ltr'><strong>εἴ</strong></span> <span class='ocrx_word' id='word_1_825' title='bbox 3216 4746 3267 4780; x_wconf 90' lang='grc' dir='ltr'><strong>τι</strong></span> <span class='ocrx_word' id='word_1_826' title='bbox 3288 4729 3475 4800; x_wconf 70' lang='grc' dir='ltr'><strong>ἕτερον</strong></span> <span class='ocrx_word' id='word_1_827' title='bbox 3501 4732 3557 4781; x_wconf 89' lang='grc' dir='ltr'><strong>ἐν</strong></span> <span class='ocrx_word' id='word_1_828' title='bbox 3577 4729 3845 4792; x_wconf 83' lang='grc' dir='ltr'><strong>διακόνοις</strong></span> <span class='ocrx_word' id='word_1_829' title='bbox 3875 4729 3971 4782; x_wconf 75' lang='grc' dir='ltr'><strong>καὶ</strong></span> 
     </span>
    </p>
   </div>
   <div class='ocr_carea' id='block_1_108' title="bbox 2394 4821 3969 4891">
    <p class='ocr_par' dir='ltr' id='par_1_108' title="bbox 2394 4821 3969 4891">
     <span class='ocr_line' id='line_1_108' title="bbox 2394 4821 3969 4891; baseline -0.001 -18"><span class='ocrx_word' id='word_1_830' title='bbox 2394 4821 2765 4886; x_wconf 79' lang='grc' dir='ltr'><strong>ὖποδιακόνοις</strong></span> <span class='ocrx_word' id='word_1_831' title='bbox 2785 4839 2796 4852; x_wconf 89' lang='grc'>·</span> <span class='ocrx_word' id='word_1_832' title='bbox 2832 4826 2925 4874; x_wconf 77' lang='grc' dir='ltr'><strong>καὶ</strong></span> <span class='ocrx_word' id='word_1_833' title='bbox 2954 4824 3066 4885; x_wconf 84' lang='grc' dir='ltr'><strong>τοῖς</strong></span> <span class='ocrx_word' id='word_1_834' title='bbox 3096 4821 3311 4891; x_wconf 75' lang='grc' dir='ltr'><strong>αἴρουσι</strong></span> <span class='ocrx_word' id='word_1_835' title='bbox 3345 4822 3410 4874; x_wconf 71' lang='grc' dir='ltr'><strong>τὰ</strong></span> <span class='ocrx_word' id='word_1_836' title='bbox 3443 4821 3614 4890; x_wconf 78' lang='grc' dir='ltr'><strong>σκεύη</strong></span> <span class='ocrx_word' id='word_1_837' title='bbox 3643 4821 3736 4874; x_wconf 74' lang='grc' dir='ltr'><strong>καὶ</strong></span> <span class='ocrx_word' id='word_1_838' title='bbox 3775 4822 3969 4874; x_wconf 83' lang='grc' dir='ltr'><strong>καθαι-</strong></span> 
     </span>
    </p>
   </div>
   <div class='ocr_carea' id='block_1_109' title="bbox 2387 4911 3967 4986">
    <p class='ocr_par' dir='ltr' id='par_1_109' title="bbox 2387 4911 3967 4986">
     <span class='ocr_line' id='line_1_109' title="bbox 2387 4911 3967 4986; baseline -0.003 -18"><span class='ocrx_word' id='word_1_839' title='bbox 2387 4915 2568 4986; x_wconf 60' lang='grc' dir='ltr'><strong>ροῦσγ</strong></span> <span class='ocrx_word' id='word_1_840' title='bbox 2603 4915 2698 4967; x_wconf 75' lang='grc' dir='ltr'><strong>καὶ</strong></span> <span class='ocrx_word' id='word_1_841' title='bbox 2753 4914 3096 4985; x_wconf 88' lang='grc' dir='ltr'><strong>μελουργοῖς,</strong></span> <span class='ocrx_word' id='word_1_842' title='bbox 3129 4915 3224 4967; x_wconf 74' lang='grc' dir='ltr'><strong>καὶ</strong></span> <span class='ocrx_word' id='word_1_843' title='bbox 3271 4913 3560 4984; x_wconf 78' lang='grc' dir='ltr'><strong>ὑμνῳδοῖς,</strong></span> <span class='ocrx_word' id='word_1_844' title='bbox 3587 4913 3683 4966; x_wconf 74' lang='grc' dir='ltr'><strong>καὶ</strong></span> <span class='ocrx_word' id='word_1_845' title='bbox 3734 4911 3967 4980; x_wconf 71' lang='grc' dir='ltr'><strong>ψάλταις</strong></span> 
     </span>
    </p>
   </div>
   <div class='ocr_carea' id='block_1_110' title="bbox 2394 5005 3970 5079">
    <p class='ocr_par' dir='ltr' id='par_1_110' title="bbox 2394 5005 3970 5079">
     <span class='ocr_line' id='line_1_110' title="bbox 2394 5005 3970 5079; baseline -0.004 -17"><span class='ocrx_word' id='word_1_846' title='bbox 2394 5009 2649 5079; x_wconf 75' lang='grc' dir='ltr'><strong>σύστημά</strong></span> <span class='ocrx_word' id='word_1_847' title='bbox 2668 5026 2726 5060; x_wconf 80' lang='grc' dir='ltr'><strong>τε</strong></span> <span class='ocrx_word' id='word_1_848' title='bbox 2759 5009 2853 5060; x_wconf 77' lang='grc' dir='ltr'><strong>καὶ</strong></span> <span class='ocrx_word' id='word_1_849' title='bbox 2873 5007 3145 5078; x_wconf 80' lang='grc' dir='ltr'><strong>πλήρωμα</strong></span> <span class='ocrx_word' id='word_1_850' title='bbox 3165 5009 3178 5060; x_wconf 91' lang='lat'><strong>!</strong></span> <span class='ocrx_word' id='word_1_851' title='bbox 3199 5006 3267 5069; x_wconf 87' lang='grc' dir='ltr'><strong>οἳ,</strong></span> <span class='ocrx_word' id='word_1_852' title='bbox 3287 5005 3360 5068; x_wconf 83' lang='grc' dir='ltr'><strong>ὡς</strong></span> <span class='ocrx_word' id='word_1_853' title='bbox 3380 5005 3647 5075; x_wconf 85' lang='grc' dir='ltr'><strong>Ἱερεμίας</strong></span> <span class='ocrx_word' id='word_1_854' title='bbox 3667 5005 3821 5073; x_wconf 71' lang='grc' dir='ltr'><strong>φησὶ,</strong></span> <span class='ocrx_word' id='word_1_855' title='bbox 3840 5020 3970 5074; x_wconf 83' lang='grc' dir='ltr'><strong>τρυ-</strong></span> 
     </span>
    </p>
   </div>
   <div class='ocr_carea' id='block_1_111' title="bbox 2384 5096 3968 5172">
    <p class='ocr_par' dir='ltr' id='par_1_111' title="bbox 2384 5096 3968 5172">
     <span class='ocr_line' id='line_1_111' title="bbox 2384 5096 3968 5172; baseline -0.003 -18"><span class='ocrx_word' id='word_1_856' title='bbox 2384 5101 2540 5172; x_wconf 79' lang='grc' dir='ltr'><strong>φεροί</strong></span> <span class='ocrx_word' id='word_1_857' title='bbox 2566 5118 2626 5154; x_wconf 85' lang='grc' dir='ltr'><strong>τε</strong></span> <span class='ocrx_word' id='word_1_858' title='bbox 2661 5101 2756 5154; x_wconf 76' lang='grc' dir='ltr'><strong>καὶ</strong></span> <span class='ocrx_word' id='word_1_859' title='bbox 2801 5100 2987 5154; x_wconf 83' lang='grc' dir='ltr'><strong>κακῶν</strong></span> <span class='ocrx_word' id='word_1_860' title='bbox 3021 5099 3282 5164; x_wconf 83' lang='grc' dir='ltr'><strong>ἀπαθεῖς⁹</strong></span> <span class='ocrx_word' id='word_1_861' title='bbox 3319 5099 3415 5152; x_wconf 74' lang='grc' dir='ltr'><strong>καὶ</strong></span> <span class='ocrx_word' id='word_1_862' title='bbox 3463 5099 3564 5161; x_wconf 82' lang='grc' dir='ltr'><strong>τάς</strong></span> <span class='ocrx_word' id='word_1_863' title='bbox 3602 5096 3841 5167; x_wconf 77' lang='grc' dir='ltr'><strong>ὑψώσεις</strong></span> <span class='ocrx_word' id='word_1_864' title='bbox 3872 5097 3968 5151; x_wconf 73' lang='grc' dir='ltr'><strong>τοῦ</strong></span> 
     </span>
    </p>
   </div>
   <div class='ocr_carea' id='block_1_112' title="bbox 2383 5190 3965 5269">
    <p class='ocr_par' dir='ltr' id='par_1_112' title="bbox 2383 5190 3965 5269">
     <span class='ocr_line' id='line_1_112' title="bbox 2383 5190 3965 5269; baseline -0.004 -20"><span class='ocrx_word' id='word_1_865' title='bbox 2383 5195 2520 5249; x_wconf 71' lang='grc' dir='ltr'><strong>θεοῦ</strong></span> <span class='ocrx_word' id='word_1_866' title='bbox 2554 5197 2612 5248; x_wconf 84' lang='grc' dir='ltr'><strong>ἐν</strong></span> <span class='ocrx_word' id='word_1_867' title='bbox 2638 5195 2715 5264; x_wconf 81' lang='grc' dir='ltr'><strong>τῷ</strong></span> <span class='ocrx_word' id='word_1_868' title='bbox 2757 5193 2994 5264; x_wconf 81' lang='grc' dir='ltr'><strong>λάρυγγι</strong></span> <span class='ocrx_word' id='word_1_869' title='bbox 3034 5193 3439 5269; x_wconf 78' lang='grc' dir='ltr'><strong>περιφέροντες,</strong></span> <span class='ocrx_word' id='word_1_870' title='bbox 3467 5191 3581 5255; x_wconf 85' lang='grc' dir='ltr'><strong>πῶς</strong></span> <span class='ocrx_word' id='word_1_871' title='bbox 3613 5190 3708 5243; x_wconf 85' lang='grc' dir='ltr'><strong>νῦν</strong></span> <span class='ocrx_word' id='word_1_872' title='bbox 3743 5191 3965 5259; x_wconf 80' lang='grc' dir='ltr'><strong>μετατέο</strong></span> 
     </span>
    </p>
   </div>
   <div class='ocr_carea' id='block_1_113' title="bbox 2380 5281 3967 5357">
    <p class='ocr_par' dir='ltr' id='par_1_113' title="bbox 2380 5281 3967 5357">
     <span class='ocr_line' id='line_1_113' title="bbox 2380 5281 3967 5357; baseline -0.003 -17"><span class='ocrx_word' id='word_1_873' title='bbox 2380 5288 2592 5349; x_wconf 81' lang='grc' dir='ltr'><strong>θεισθε;</strong></span> <span class='ocrx_word' id='word_1_874' title='bbox 2623 5287 2723 5339; x_wconf 77' lang='grc' dir='ltr'><strong>ποῦ</strong></span> <span class='ocrx_word' id='word_1_875' title='bbox 2763 5286 3079 5357; x_wconf 74' lang='grc' dir='ltr'><strong>ἁθροίζεσθε</strong></span> <span class='ocrx_word' id='word_1_876' title='bbox 3106 5301 3118 5347; x_wconf 90' lang='grc'><strong>;</strong></span> <span class='ocrx_word' id='word_1_877' title='bbox 3151 5285 3265 5348; x_wconf 77' lang='grc' dir='ltr'><strong>πῶς</strong></span> <span class='ocrx_word' id='word_1_878' title='bbox 3288 5283 3536 5354; x_wconf 73' lang='grc' dir='ltr'><strong>ἐστράφη</strong></span> <span class='ocrx_word' id='word_1_879' title='bbox 3567 5285 3600 5354; x_wconf 81' lang='grc' dir='ltr'>ὴ</span> <span class='ocrx_word' id='word_1_880' title='bbox 3632 5286 3776 5354; x_wconf 78' lang='grc' dir='ltr'><strong>χαρᾶ</strong></span> <span class='ocrx_word' id='word_1_881' title='bbox 3810 5281 3967 5352; x_wconf 81' lang='grc' dir='ltr'><strong>ἡμῶν</strong></span> 
     </span>
    </p>
   </div>
   <div class='ocr_carea' id='block_1_114' title="bbox 2379 5369 3969 5447">
    <p class='ocr_par' dir='ltr' id='par_1_114' title="bbox 2379 5369 3969 5447">
     <span class='ocr_line' id='line_1_114' title="bbox 2379 5369 3969 5447; baseline -0.006 -15"><span class='ocrx_word' id='word_1_882' title='bbox 2379 5381 2459 5442; x_wconf 83' lang='grc' dir='ltr'><strong>εἰς</strong></span> <span class='ocrx_word' id='word_1_883' title='bbox 2491 5379 2718 5444; x_wconf 75' lang='grc' dir='ltr'><strong>πένθοςς</strong></span> <span class='ocrx_word' id='word_1_884' title='bbox 2752 5379 2868 5441; x_wconf 86' lang='grc' dir='ltr'><strong>πῶς</strong></span> <span class='ocrx_word' id='word_1_885' title='bbox 2909 5379 2965 5430; x_wconf 80' lang='lat' dir='ltr'><strong>at!</strong></span> <span class='ocrx_word' id='word_1_886' title='bbox 2997 5377 3181 5447; x_wconf 70' lang='grc' dir='ltr'><strong>ἐςρταὶ</strong></span> <span class='ocrx_word' id='word_1_887' title='bbox 3210 5379 3286 5439; x_wconf 81' lang='grc' dir='ltr'><strong>εἰς</strong></span> <span class='ocrx_word' id='word_1_888' title='bbox 3316 5377 3578 5447; x_wconf 71' lang='grc' dir='ltr'><strong>θρήνους,</strong></span> <span class='ocrx_word' id='word_1_889' title='bbox 3603 5375 3676 5428; x_wconf 75' lang='grc' dir='ltr'><strong>Οὐ</strong></span> <span class='ocrx_word' id='word_1_890' title='bbox 3708 5374 3873 5427; x_wconf 72' lang='grc' dir='ltr'><strong>καλὸν</strong></span> <span class='ocrx_word' id='word_1_891' title='bbox 3899 5369 3969 5444; x_wconf 75' lang='grc' dir='ltr'><strong>ἦν</strong></span> 
     </span>
    </p>
   </div>
   <div class='ocr_carea' id='block_1_115' title="bbox 2381 5468 3967 5542">
    <p class='ocr_par' dir='ltr' id='par_1_115' title="bbox 2381 5468 3967 5542">
     <span class='ocr_line' id='line_1_115' title="bbox 2381 5468 3967 5542; baseline -0.004 -18"><span class='ocrx_word' id='word_1_892' title='bbox 2381 5475 2512 5542; x_wconf 85' lang='grc' dir='ltr'><strong>ἡμῖν</strong></span> <span class='ocrx_word' id='word_1_893' title='bbox 2541 5473 2637 5526; x_wconf 76' lang='grc' dir='ltr'><strong>καὶ</strong></span> <span class='ocrx_word' id='word_1_894' title='bbox 2663 5474 2832 5539; x_wconf 81' lang='grc' dir='ltr'><strong>ὅσιον,</strong></span> <span class='ocrx_word' id='word_1_895' title='bbox 2852 5471 2926 5534; x_wconf 83' lang='grc' dir='ltr'><strong>ὡς</strong></span> <span class='ocrx_word' id='word_1_896' title='bbox 2961 5475 3053 5524; x_wconf 76' lang='grc' dir='ltr'><strong>καὶ</strong></span> <span class='ocrx_word' id='word_1_897' title='bbox 3086 5471 3208 5540; x_wconf 67' lang='grc' dir='ltr'><strong>ἐμοὶ</strong></span> <span class='ocrx_word' id='word_1_898' title='bbox 3233 5468 3376 5534; x_wconf 78' lang='grc' dir='ltr'><strong>ἔδοξε</strong></span> <span class='ocrx_word' id='word_1_899' title='bbox 3418 5469 3511 5523; x_wconf 77' lang='grc' dir='ltr'><strong>καὶ</strong></span> <span class='ocrx_word' id='word_1_900' title='bbox 3532 5470 3688 5530; x_wconf 79' lang='grc' dir='ltr'><strong>πᾶσι,</strong></span> <span class='ocrx_word' id='word_1_901' title='bbox 3717 5483 3967 5537; x_wconf 79' lang='grc' dir='ltr'><strong>προαπο-</strong></span> 
     </span>
    </p>
   </div>
   <div class='ocr_carea' id='block_1_116' title="bbox 2381 5558 3969 5634">
    <p class='ocr_par' dir='ltr' id='par_1_116' title="bbox 2381 5558 3969 5634">
     <span class='ocr_line' id='line_1_116' title="bbox 2381 5558 3969 5634; baseline -0.004 -18"><span class='ocrx_word' id='word_1_902' title='bbox 2381 5563 2584 5629; x_wconf 83' lang='grc' dir='ltr'><strong>θανεῖν,</strong></span> <span class='ocrx_word' id='word_1_903' title='bbox 2610 5563 2642 5634; x_wconf 83' lang='grc' dir='ltr'><strong>ἦ</strong></span> <span class='ocrx_word' id='word_1_904' title='bbox 2677 5565 3065 5616; x_wconf 79' lang='grc' dir='ltr'><strong>συναποθανεῖν</strong></span> <span class='ocrx_word' id='word_1_905' title='bbox 3088 5561 3163 5632; x_wconf 78' lang='grc' dir='ltr'><strong>τῷ</strong></span> <span class='ocrx_word' id='word_1_906' title='bbox 3197 5561 3485 5631; x_wconf 82' lang='grc' dir='ltr'><strong>πτώματι;</strong></span> <span class='ocrx_word' id='word_1_907' title='bbox 3524 5559 3679 5613; x_wconf 74' lang='grc' dir='ltr'><strong>Ἐπεὶ</strong></span> <span class='ocrx_word' id='word_1_908' title='bbox 3701 5559 3758 5612; x_wconf 78' lang='grc' dir='ltr'><strong>δὲ</strong></span> <span class='ocrx_word' id='word_1_909' title='bbox 3787 5561 3816 5612; x_wconf 89' lang='lat'><strong>6</strong></span> <span class='ocrx_word' id='word_1_910' title='bbox 3833 5558 3969 5622; x_wconf 75' lang='grc' dir='ltr'><strong>Θεὸς</strong></span> 
     </span>
    </p>
   </div>
   <div class='ocr_carea' id='block_1_117' title="bbox 2383 5648 3968 5725">
    <p class='ocr_par' dir='ltr' id='par_1_117' title="bbox 2383 5648 3968 5725">
     <span class='ocr_line' id='line_1_117' title="bbox 2383 5648 3968 5725; baseline -0.003 -22"><span class='ocrx_word' id='word_1_911' title='bbox 2383 5654 2480 5725; x_wconf 75' lang='grc' dir='ltr'><strong>ζῇν</strong></span> <span class='ocrx_word' id='word_1_912' title='bbox 2514 5655 2645 5724; x_wconf 85' lang='grc' dir='ltr'><strong>ἡμῖν</strong></span> <span class='ocrx_word' id='word_1_913' title='bbox 2677 5653 2842 5706; x_wconf 78' lang='grc' dir='ltr'><strong>ἔδωκε</strong></span> <span class='ocrx_word' id='word_1_914' title='bbox 2881 5654 2973 5704; x_wconf 71' lang='grc' dir='ltr'><strong>καὶ</strong></span> <span class='ocrx_word' id='word_1_915' title='bbox 3026 5652 3441 5721; x_wconf 76' lang='grc' dir='ltr'><strong>ἐγκατάλειμμα</strong></span> <span class='ocrx_word' id='word_1_916' title='bbox 3485 5651 3615 5720; x_wconf 79' lang='grc' dir='ltr'><strong>ἡμῖν</strong></span> <span class='ocrx_word' id='word_1_917' title='bbox 3658 5649 3802 5716; x_wconf 77' lang='grc' dir='ltr'><strong>ὑμᾶς</strong></span> <span class='ocrx_word' id='word_1_918' title='bbox 3863 5648 3968 5700; x_wconf 84' lang='grc' dir='ltr'><strong>ὑπ-</strong></span> 
     </span>
    </p>
   </div>
   <div class='ocr_carea' id='block_1_118' title="bbox 2383 5740 3972 5816">
    <p class='ocr_par' dir='ltr' id='par_1_118' title="bbox 2383 5740 3972 5816">
     <span class='ocr_line' id='line_1_118' title="bbox 2383 5740 3972 5816; baseline -0.002 -16"><span class='ocrx_word' id='word_1_919' title='bbox 2383 5748 2650 5812; x_wconf 77' lang='grc' dir='ltr'><strong>ελείπετο,</strong></span> <span class='ocrx_word' id='word_1_920' title='bbox 2667 5745 2814 5816; x_wconf 74' lang='grc' dir='ltr'><strong>ζητῶ</strong></span> <span class='ocrx_word' id='word_1_921' title='bbox 2843 5744 2945 5799; x_wconf 75' lang='grc' dir='ltr'><strong>ποῦ</strong></span> <span class='ocrx_word' id='word_1_922' title='bbox 2965 5745 3021 5799; x_wconf 72' lang='grc' dir='ltr'><strong>τὸ</strong></span> <span class='ocrx_word' id='word_1_923' title='bbox 3053 5746 3196 5816; x_wconf 65' lang='grc' dir='ltr'><strong>ἱερὸν</strong></span> <span class='ocrx_word' id='word_1_924' title='bbox 3221 5745 3374 5815; x_wconf 73' lang='grc' dir='ltr'><strong>ὑμῶν</strong></span> <span class='ocrx_word' id='word_1_925' title='bbox 3396 5744 3627 5811; x_wconf 79' lang='grc' dir='ltr'><strong>κάθηται</strong></span> <span class='ocrx_word' id='word_1_926' title='bbox 3650 5740 3746 5794; x_wconf 82' lang='grc' dir='ltr'><strong>νῦν</strong></span> <span class='ocrx_word' id='word_1_927' title='bbox 3768 5741 3800 5814; x_wconf 74' lang='grc' dir='ltr'>ἢ</span> <span class='ocrx_word' id='word_1_928' title='bbox 3824 5741 3972 5798; x_wconf 73' lang='grc' dir='ltr'><strong>ἵστα·</strong></span> 
     </span>
    </p>
   </div>
   <div class='ocr_carea' id='block_1_119' title="bbox 2383 5832 3964 5910">
    <p class='ocr_par' dir='ltr' id='par_1_119' title="bbox 2383 5832 3964 5910">
     <span class='ocr_line' id='line_1_119' title="bbox 2383 5832 3964 5910; baseline -0.003 -17"><span class='ocrx_word' id='word_1_929' title='bbox 2383 5857 2472 5895; x_wconf 76' lang='grc' dir='ltr'><strong>ται</strong></span> <span class='ocrx_word' id='word_1_930' title='bbox 2504 5837 2908 5910; x_wconf 79' lang='grc' dir='ltr'><strong>σεμνολὸγημα·</strong></span> <span class='ocrx_word' id='word_1_931' title='bbox 2939 5838 3038 5892; x_wconf 81' lang='grc' dir='ltr'><strong>ποῦ</strong></span> <span class='ocrx_word' id='word_1_932' title='bbox 3070 5841 3097 5910; x_wconf 80' lang='grc' dir='ltr'>ἡ</span> <span class='ocrx_word' id='word_1_933' title='bbox 3135 5837 3341 5900; x_wconf 78' lang='grc' dir='ltr'><strong>σύνοδος</strong></span> <span class='ocrx_word' id='word_1_934' title='bbox 3374 5854 3384 5863; x_wconf 90' lang='grc'>·</span> <span class='ocrx_word' id='word_1_935' title='bbox 3423 5835 3522 5889; x_wconf 84' lang='grc' dir='ltr'><strong>ποῦ</strong></span> <span class='ocrx_word' id='word_1_936' title='bbox 3559 5837 3591 5905; x_wconf 84' lang='grc' dir='ltr'><strong>ἠ</strong></span> <span class='ocrx_word' id='word_1_937' title='bbox 3630 5832 3964 5897; x_wconf 71' lang='grc' dir='ltr'><strong>συνέλευσις⁸</strong></span> 
     </span>
    </p>
   </div>
  </div>
