4268 6458
298 443 436 512 28H

1304 446 1645 508 MONODIA
1678 448 1759 507 IN
1814 449 2157 509 SANCTAM
2210 449 2564 509 SOPHIAM.

3421 452 3561 515 2842

295 558 404 612 ποῦ
436 556 465 625 ή
499 552 798 623 συζήτησις
822 553 929 605 τῶν
978 551 1269 622 Γραφικῶν
1319 555 1495 624 ῥητῶν
1522 571 1575 605 τι
1614 555 1745 624 περὶ
1782 554 1873 621 τῆς

1907 558 1954 612 Α
1982 553 2478 622 congregatiohxbi
2508 553 2781 607 afﬂuentia
2809 553 2832 605 ἲ
2857 552 2945 606 ubi
2972 553 3243 621 expositio
3264 547 3556 623 Scriptum

297 645 588 713 συμφορᾶς
639 642 853 710 ἐκείνης
894 641 1175 710 φιλοσοφεῖ
1201 658 1282 707 τε,
1328 643 1454 712 περὶ
1500 642 1835 710 εὐδοκήσεως
1864 658 1876 670 ·

297 741 427 805 περὶ
480 736 966 803 παραχωρήσεως,
1034 736 1160 804 περὶ
1211 734 1544 803 οἰκονομίας,
1602 734 1729 802 περὶ
1771 733 1880 785 τῶν

294 830 608 895 ἀνεξίκτων
654 829 987 896 χρημάτων·
1024 827 1191 889 εἴτις
1240 827 1396 897 ἐδόθη
1438 827 1626 895 ὑμῖνῆ
1667 828 1879 878 ἀπεκα-

292 920 473 987 λύφθη
521 919 677 986 λόγος
698 936 711 949 ·
744 920 933 972 εἴπατε
970 921 1062 971 καὶ
1083 921 1243 989 ἡμῖν·
1283 921 1377 972 καί
1402 918 1475 988 μὴ
1506 920 1700 987 ἐάσητε
1735 918 1882 987 μόνῳ

291 1012 373 1080 τῷ
404 1012 802 1078 ἁποσπάσματι
851 1008 944 1063 τοῦ
980 1009 1125 1078 ἱεροῦ
1156 1010 1325 1079 ὕμνον
1359 1012 1714 1079 προσανέχειν
1735 1027 1748 1040 ·
1778 1012 1879 1064 οὑκ

291 1104 440 1156 ἐστιν
464 1106 523 1155 ὲν
546 1102 624 1172 τῷ
651 1102 829 1173 καιρῷ
854 1101 1439 1172 τούτιε›,λέγων,ἂρχων
1472 1101 1505 1170 ἦ
1534 1103 1819 1172 προφήτης
1843 1103 1874 1173 ἦ

293 1196 428 1266 ήγού
438 1213 597 1264 μενος
623 1211 635 1224 ·
660 1196 781 1247 οὑδὲ
798 1196 1163 1257 ὁλοκα·3τωσις
1186 1211 1196 1223 ·
1216 1195 1337 1247 οὐδὲ
1358 1195 1535 1257 θυσία,
1555 1195 1673 1246 οῦδὲ
1707 1212 1875 1264 προσ-

294 1289 458 1357 φορὰ,
499 1288 620 1339 οὐδὲ
679 1288 948 1357 θυμίαμα.
981 1288 1054 1339 Οὑ
1104 1288 1269 1348 τόπος
1312 1286 1407 1339 τοῦ
1459 1285 1748 1356 καρπῶσαι
1793 1288 1876 1338 ἐν·

290 1380 467 1432 ὠπιόν
498 1398 592 1433 σου
637 1381 732 1433 καὶ
774 1382 957 1450 εὑρεῖν
989 1380 1161 1443 ἕλεος·
1190 1379 1301 1431 ἀλλ’
1330 1381 1483 1448 ὑμεῖς
1517 1379 1616 1446 μὲν
1646 1381 1737 1431 καὶ
1770 1379 1873 1430 σώ-

291 1474 473 1537 ζοισθε
516 1474 614 1526 καὶ
648 1474 809 1526 ἴδοιτε
841 1474 938 1541 τήν
970 1473 1097 1524 νέαν
1140 1473 1497 1541 Ἰερουσαλὴμ
1534 1471 1877 1541 ἀναγομένην

288 1582 348 1618 τε
380 1566 459 1627 είς
505 1565 638 1632 ὕψος
682 1565 777 1615 καὶ
828 1563 1341 1630 ἁνακαινιξομένην,
1390 1563 1483 1614 καὶ
1525 1564 1645 1624 ταῖς
1688 1563 1877 1629 εὐχαῖς

292 1658 659 1725 συγκάμοιτε.
706 1658 799 1708 καί
845 1654 1268 1724 δοξασθήσοισθε
1318 1657 1378 1706 ἐν
1430 1655 1564 1723 αὑτῇ
1600 1654 1692 1705 καὶ
1749 1653 1881 1720 λαμ-

291 1748 698 1818 πρυνθήσοισθε
720 1765 732 1776 ·
766 1748 830 1798 σὺ
863 1747 951 1811 δὲ,·
972 1746 1109 1814 ἥλιε,
1138 1746 1234 1796 καὶ
1271 1744 1489 1813 σελήνη,
1521 1746 1611 1795 καὶ
1646 1743 1877 1812 ἀστέρες

288 1840 471 1908 ὑμεῖς.
508 1838 614 1890 ποῦ
647 1854 776 1889 ποτε
821 1838 945 1905 ἄρτι
998 1835 1250 1903 φαίνετε;
1284 1832 1387 1884 ποῦ
1431 1832 1727 1899 adﬁgere;
1774 1831 1873 1883 ποῦ

1985 646 2274 697 verborum
2314 642 2336 694 ?
2373 652 2553 694 utrum
2587 642 2791 710 aliquid
2841 642 2907 696 de
2948 642 3048 695 hac
3112 642 3420 697 Calamitate
3450 646 3559 701 (ηε.

1982 745 2126 790 serat
2178 736 2296 800 ;de
2357 734 2758 796 benevolentia,
2817 734 2884 788 de
2933 736 3276 797 remissione,
3327 736 3393 790 de
3438 738 3555 791 dis-

1984 828 2322 897 pensatione,
2372 828 2437 881 de
2494 826 2795 880 inaccessis
2850 827 3077 892 divitiis,
3132 836 3313 880 utrum
3356 829 3555 898 aliquis

1980 919 2141 973 datus
2192 919 2263 973 sit
2312 917 2466 971 vobis
2517 924 2611 970 aut
2651 916 3009 969 ileCﬂlldllllS
3068 933 3255 971 Sermo
3314 919 3339 970 Υ
3388 921 3555 974 dicite

1979 1012 2159 1071 nobis.
2190 1026 2368 1080 neque
2386 1010 2547 1063 sinite
2579 1009 2673 1061 uni
2703 1024 2733 1061 e
2761 1006 2945 1075 templi
2977 1007 3295 1076 fragmentis
3324 1011 3555 1079 hymnos

1979 1105 2278 1158 adhaerere.
2313 1102 2430 1156 Non
2479 1112 2563 1157 est
2608 1102 2663 1155 in
2694 1101 2795 1155 hoc
2848 1110 3089 1169 tempore
3125 1102 3350 1169 loquens
3401 1102 3556 1169 prin.

1979 1212 2130 1265 ccps,
2179 1195 2439 1265 propheta
2468 1203 2560 1247 aut
2589 1192 2699 1246 dux
2735 1209 2752 1260 ;
2808 1208 2917 1247 non
2960 1192 3338 1247 holocaustum
3379 1210 3394 1258 ;
3449 1209 3553 1246 non

1978 1288 2306 1343 sacrificium
2339 1302 2512 1356 neque
2540 1285 2747 1339 oblatio
2778 1303 2793 1350 ;
2824 1302 2931 1339 non
2966 1286 3387 1344 iuceusum,nec
3406 1284 3557 1338 locus

1977 1378 2262 1448 colligendi
2320 1393 2503 1432 coram
2562 1387 2613 1429 te
2645 1384 2699 1429 et
2745 1376 3061 1427 inveniendi
3098 1374 3553 1429 misericordiam.

1982 1468 2087 1524 Vos
2126 1478 2305 1521 autem
2351 1473 2679 1519 mementote
2710 1474 2761 1517 et
2795 1463 2971 1517 videte
3019 1478 3215 1517 novam
3252 1462 3554 1519 Jerusalem

1977 1562 2362 1616 ascendentem
2405 1561 2458 1612 in
2493 1560 2660 1611 altum
2689 1566 2739 1609 et
2774 1566 3089 1609 reuovatam
3128 1574 3141 1620 ;
3180 1558 3431 1626 precibus
3465 1558 3558 1610 ad-

1974 1652 2180 1721 juvate,
2206 1658 2257 1705 et
2288 1649 2729 1721 glurificabimini
2766 1648 2819 1701 in
2857 1648 2946 1700 illa
2972 1658 3025 1701 et
3055 1650 3554 1717 magnilicabintiui.

1979 1742 2055 1796 Tu
2088 1753 2287 1806 autem,
2316 1742 2396 1795 sul
2428 1751 2481 1794 ct
2515 1740 2663 1802 luna,
2688 1754 2784 1793 vos
2808 1740 2997 1799 stellae,
3033 1739 3124 1792 ubi
3149 1755 3293 1792 nunc
3321 1740 3559 1793 lucetis?

1980 1834 2069 1886 ubi
2131 1832 2400 1900 fulgetis?
2459 1830 2547 1882 ubi
2603 1828 2783 1882 radios
2838 1830 3053 1884 mittitis
3116 1830 3557 1899 orientes?qu:e

285 1934 387 1993 τὰς
417 1934 645 1994 ἀκτῖνας
684 1932 995 1998 ἀνίσχοντες
1024 1928 1307 1996 πέμπετε;
1341 1928 1491 1987 ποῖος
1522 1927 1663 1993 ὑμᾶς
1688 1926 1873 1994 ἔτερος

1908 1912 1950 1969 Β
1981 1941 2075 1978 vos
2114 1924 2283 1977 altera
2317 1923 2511 1976 domus
2540 1921 2743 1989 excipit
2786 1931 2840 1976 et
2895 1923 3199 1989 hospitatur
3234 1924 3382 1990 ?qua
3413 1941 3557 1978 nunc

284 2022 435 2089 οἶκος
454 2024 737 2094 ἐκδέχεται
754 2024 841 2074 καὶ
870 2020 1185 2089 ὑποδέχεται
1205 2036 1219 2085 ;
1237 2019 1342 2071 τίνι
1365 2017 1724 2087 ἐναϐρύνεσθε
1747 2016 1869 2079 νῦν;

282 2118 392 2171 τίνι
424 2116 827 2183 ἁντιλὰμπετες
858 2113 996 2182 ποίῳ
1021 2112 1167 2182 ἔργῳ
1191 2108 1615 2178 ἑνσεμνὺνεσθες
1642 2108 1723 2169 τίς
1747 2108 1872 2160 ἰδεῖν

283 2210 434 2278 ὑμᾶς
474 2208 589 2262 ἄνω
621 2207 835 2277 βλέπων
860 2205 1069 2268 ἐθέλοις
1105 2204 1188 2267 τίς
1214 2203 1337 2273 οὐχὶ
1379 2202 1578 2272 μᾶλλον
1626 2199 1872 2253 κατακύ-

284 2318 439 2355 πτων
470 2302 527 2353 ὲν
560 2300 742 2353 σκότει
784 2296 1189 2366 διαπορεύεται,
1226 2294 1321 2347 καὶ
1372 2294 1485 2362 φῶς
1532 2293 1871 2362 ἀποστρέφε-

279 2376 410 2459 ῖίαι;
441 2393 557 2444 Οὑκ
582 2391 688 2443 ἔδει
716 2407 774 2441 σε
820 2386 1207 2457 περιϐαλέσθαι
1240 2386 1430 2448 σκότος
1474 2386 1535 2436 τὸ
1576 2384 1868 2453 πένθιμον;

281 2486 466 2538 ἐκεῖνο
492 2481 653 2536 τοῦτο
675 2482 776 2552 ήδη
800 2480 1077 2549 δεύτερον,
1109 2479 1414 2548 φωστήρων
1442 2476 1626 2546 ἄριστε
1653 2476 1746 2528 καὶ
1779 2476 1872 2545 μέ-

280 2594 439 2645 γιστε
473 2576 624 2645 ἧλιε;
664 2575 784 2643 οὑχὶ
823 2575 917 2626 καὶ
962 2573 1045 2636 σὲ,
1088 2572 1414 2639 πανσέληνε,
1450 2570 1724 2623 κωνοειδεῖ
1765 2588 1873 2623 τινι

280 2668 588 2736 σκιάσματι
616 2666 953 2734 ὑποδραμεῖν
987 2664 1084 2717 καὶ
1114 2662 1490 2733 ὑποκρυδῆναι
1518 2663 1549 2731 ἢ
1585 2662 1868 2729 ἐκλεῖψαις

290 2757 434 2809 Ἀλλ’
463 2755 605 2807 οὕτω
656 2754 943 2824 παρείδετε
970 2754 1031 2804 τὸ
1070 2752 1293 2821 γεγονὸς
1320 2752 1393 2812 ὡς
1420 2751 1684 2819 ἀγένητον
1707 2767 1718 2779 ·
1779 2753 1871 2802 καὶ

278 2846 389 2899 ποῦ
409 2844 771 2914 ὲνδοξασθήσε
783 2842 874 2896 σθε
898 2862 913 2910 ;
933 2843 1135 2911 Ἔγωγ⁸
1156 2838 1251 2895 οὖν
1273 2841 1531 2901 πολλάκις
1564 2843 1592 2893 ὑ
1601 2843 1703 2911 μᾶς
1733 2838 1871 2894 εἶδον

275 2936 343 2988 ἰν
381 2934 464 3004 τῷ
508 2934 827 3003 σελασφόρῳ
876 2934 1277 3003 περιγνάμπτῳ
1329 2933 1440 3003 ναῷ
1488 2934 1680 3001 ἐκείνῳ
1712 2951 1723 2963 ·
1778 2932 1872 2985 καὶ

279 3025 411 3079 ἰδὼν
440 3024 729 3094 ἐθαύμασα
752 3027 844 3076 καὶ
873 3026 967 3092 τὴν
991 3024 1169 3075 αἰτίαν
1191 3022 1469 3094 ήρεὺνησα
1492 3062 1507 3085 ,
1538 3022 1602 3075 δι’
1627 3026 1693 3095 ἦν
1716 3022 1872 3076 τοῦτο

274 3117 583 3185 ὑπέστητε.
614 3115 723 3168 Καὶ
750 3116 811 3166 τὶ
838 3112 929 3166 τοῦ
955 3114 1086 3167 ναοῦ
1115 3114 1311 3175 κάλλος
1344 3115 1516 3166 αἴτιον
1548 3112 1749 3183 ἔμαθον
1771 3115 1871 3182 τῆς

274 3208 572 3279 διατριδῆς
625 3207 861 3277 ἐκείνης.
901 3206 1096 3261 Καίτοι
1140 3205 1449 3277 δυσέρωτας
1494 3207 1640 3277 ὑμᾶς
1712 3206 1871 3278 ᾤμην

275 3300 422 3355 εἶναι
453 3301 489 3371 ἢ
526 3300 807 3371 ἁνέρωτας
830 3316 845 3331 ·
890 3300 1019 3352 ποτὲ
1048 3300 1105 3352 δέ
1147 3315 1239 3369 μοι
1280 3300 1372 3351 καὶ
1403 3300 1470 3352 δι’
1498 3299 1626 3369 ὅλης
1668 3302 1873 3369 ἐφάνης

273 3394 380 3463 τῆς
409 3394 651 3463 ἡμέρας,
673 3392 809 3460 ήλιε,
843 3390 1239 3461 ἐμφιλοχωρῶν
1269 3392 1448 3443 ἐκεῖσε
1472 3407 1484 3420 ·
1519 3392 1611 3444 καί
1644 3391 1876 3461 στρεφό-

278 3501 445 3555 μενος
479 3486 571 3536 κα“ι
604 3482 813 3551 φαίνων
856 3484 948 3535 καὶ
975 3482 1243 3551 λάμπων·
1282 3481 1378 3534 καὶ
1423 3480 1565 3535 ἑκὼν
1614 3483 1714 3535 οὑκ
1766 3484 1874 3550 ἀφ-

278 3558 479 3629 ίστασο
516 3575 549 3646 ἢ
579 3574 904 3643 μεθίστασο·
931 3575 1035 3638 ἕως
1065 3578 1098 3643 ή
1131 3574 1229 3638 νὺξ
1262 3573 1463 3643 ἐπῆλθε
1507 3572 1604 3645 τὴν
1635 3574 1875 3643 διάδοχον

276 3686 363 3723 σοι
398 3669 639 3737 σελήνην
684 3667 948 3737 φέρουσα.
974 3668 1084 3721 Καὶ
1117 3666 1277 3725 τοῦτο
1302 3665 1413 3736 ἐγὼ
1454 3665 1665 3735 βλέπων
1699 3665 1874 3733 ὲλογι-

277 3760 457 3829 ζόμην
486 3759 571 3811 ὅτι
619 3758 711 3810 καὶ
737 3758 970 3825 γίγαντα
1017 3758 1111 3810 καὶ
1144 3757 1377 3826 νυμφίον
1430 3758 1493 3809 ὲκ
1523 3757 1616 3809 τοῦ
1664 3757 1871 3809 παστοῦ

278 3852 645 3921 ὲξερχόμενον
695 3851 723 3902 ό
784 3850 1021 3919 μελῳδὸς
1082 3849 1247 3902 Δαυῖδ
1306 3866 1367 3901 σε
1422 3848 1868 3918 προανεφώνησε.

281 3944 510 4013 Προεῖδε
547 3944 660 4011 γάρ
698 3959 758 3994 σε
790 3944 999 4005 ἐκεῖνος
1034 3942 1128 3995 τοῦ
1161 3942 1459 4011 παμφαοῦς
1500 3941 1710 3993 ἐκείνου
1741 3941 1871 3993 ναοῦ

280 4035 517 4103 ἐρῶντα.
553 4034 665 4085 Καὶ
698 4028 819 4085 εῐπε
850 4032 905 4085 δέ
932 4050 1012 4085 σοι
1046 4031 1239 4085 ταῦτα.
1271 4032 1382 4085 Καὶ
1424 4032 1518 4084 νῦν
1548 4032 1737 4085 τοῦτον
1774 4033 1873 4085 οὑκ

280 4124 595 4193 ἐνετράπης
623 4122 891 4175 πίπτοντα
914 4120 982 4173 δι’
1011 4114 1085 4173 ὧν
1108 4116 1176 4191 ἧς
1203 4122 1403 4190 μείζων
1432 4138 1445 4151 ⁸
1475 4122 1542 4173 δι’
1564 4114 1637 4173 ὧν
1673 4122 1873 4184 ἐνδοξό-

279 4232 436 4285 τερος
464 4256 481 4279 ,
512 4214 583 4267 δι’
606 4208 682 4264 ὧν
710 4214 1067 4283 φαιδρότερος
1102 4214 1231 4283 ἔσῃ·
1266 4213 1357 4265 καὶ
1392 4215 1456 4265 ab
1491 4214 1710 4265 πάντων
1742 4214 1867 4265 ἁδό-

280 4304 474 4367 ξαστος
494 4303 888 4375 ταπεινωθήσῃ
934 4305 1129 4374 μικρὸν
1160 4305 1257 4357 καὶ
1298 4304 1622 4371 στυγνάσεις
1669 4306 1761 4357 ἐπὶ
1794 4305 1871 4374 τῷ

278 4399 579 4467 πτώματι·
631 4398 717 4450 ἵνα
753 4398 931 4468 μάθῃς
970 4398 1262 4459 ἀλλοιωτὸς
1298 4399 1392 4451 καὶ
1422 4398 1583 4460 αὑτὸς
1626 4398 1718 4450 καὶ
1745 4415 1869 4468 τρε-

274 4490 409 4552 πτὸς
446 4488 729 4557 γεγονὼς,
768 4490 863 4541 καὶ
900 4487 1079 4557 φθορᾷ
1109 4489 1499 4558 ὑποκείμενος·
1537 4484 1692 4552 οὗτος
1723 4489 1778 4541 δὲ
1821 4489 1869 4541 εί

275 4582 379 4651 μὲν
414 4581 815 4648 ἀναστήσεται,
852 4580 947 4632 καὶ
979 4579 1349 4651 ὑψωθήσεται,
1378 4582 1473 4633 καὶ
1506 4581 1871 4653 ἐδραιωθήσε-

270 4687 387 4733 ¹ται.
410 4673 444 4742 ή
470 4670 990 4740 συντελεσθήσεται,
1013 4672 1117 4723 οὑκ
1142 4672 1274 4741 ἐμὸν
1317 4672 1518 4725 είδέναι
1540 4690 1553 4705 ·
1586 4673 1645 4725 τὸ
1675 4672 1719 4725 δ’
1741 4674 1872 4742 ὲμδν

270 4765 331 4815 εί
366 4763 681 4825 ἐπιϐιώσω,
710 4765 759 4816 εί
794 4763 1040 4828 εἰσέλθω,
1068 4766 1118 4817 εί
1155 4764 1299 4830 εῖδω,
1324 4766 1373 4817 εί
1400 4767 1787 4836 προσκυνήσω,
1820 4766 1871 4818 εί

272 4854 651 4928 θεοκλυτήσω,
680 4854 815 4909 Θεοῦ
841 4854 948 4925 ἄρα
982 4854 1143 4907 τοῦτο
1176 4858 1397 4908 κακεῖνο
1435 4856 1659 4919 εἰδότος,

1981 2016 2285 2086 gloriamini
2318 2015 2340 2067 ?
2372 2013 2502 2083 quid
2529 2012 2895 2067 illuminatis?
2920 2029 3028 2082 quo
3051 2022 3245 2068 ornatu
3271 2015 3559 2084 gaudetis?

1983 2110 2106 2177 quis
2141 2122 2363 2161 cernere
2397 2122 2493 2160 vos
2530 2122 2766 2176 superne
2800 2108 3069 2177 aspiciens
3103 2108 3269 2161 velit?
3296 2108 3417 2177 quis
3449 2124 3556 2162 non

1980 2194 2157 2271 potius
2186 2209 2347 2269 caput
2396 2199 2666 2253 inclinans
2693 2201 2745 2252 in
2767 2200 3008 2253 tenebris
3038 2200 3322 2268 graditur?
3354 2199 3557 2254 Lucem

1978 2293 2123 2345 enim
2152 2290 2457 2343 abhorrens
2475 2304 2579 2343 nou
2602 2290 2779 2342 timuit
2798 2288 3126 2344 circumdari
3144 2292 3381 2345 tenebris
3401 2293 3559 2362 lugu—-

1978 2384 2189 2438 bribus.
2243 2381 2357 2435 Hoc
2381 2382 2646 2450 idemjam
2684 2383 2924 2436 secundo
2956 2384 3251 2448 illuminas,
3274 2386 3477 2452 optime
3503 2394 3558 2439 et

1979 2474 2211 2528 maxime
2223 2474 2301 2529 sol
2319 2492 2331 2527 :
2348 2490 2454 2525 non
2469 2473 2623 2541 plena
2645 2473 2986 2534 luna,conica
3006 2472 3107 2527 sub
3122 2475 3311 2527 umbra
3328 2475 3559 2527 submit-

1985 2567 2135 2631 teris,
2169 2564 2463 2618 occultaris
2478 2578 2530 2618 et
2548 2564 2737 2618 deﬁcis
2759 2580 2772 2629 ;
2795 2564 2889 2618 sed
2920 2566 2991 2617 ita
3019 2566 3270 2633 apparuit
3298 2566 3441 2634 quod
3473 2564 3557 2619 fa-

1978 2668 2122 2713 ctum
2154 2664 2237 2710 est
2270 2663 2329 2709 ut
2358 2671 2465 2709 non
2491 2658 2787 2717 factum,et
2829 2657 2918 2709 ubi
2938 2656 3190 2711 colemini
3216 2656 3369 2727 ?Ego
3391 2657 3557 2725 igitur

1977 2762 2121 2816 saepe
2151 2760 2247 2799 vos
2286 2743 2395 2797 vidi
2456 2745 2509 2797 in
2545 2744 2648 2797 hoc
2681 2744 2905 2814 fulgenti
2935 2744 3202 2811 sphaerico
3231 2743 3430 2812 templo
3459 2751 3557 2809 -,et

1978 2840 2167 2893 videns
2199 2840 2479 2908 obstupui,
2509 2849 2563 2893 et
2602 2852 2824 2893 causam
2860 2838 3126 2907 quaesivi,
3165 2851 3265 2889 cur
3298 2836 3372 2889 ibi
3403 2835 3557 2890 habi—

1978 2933 2170 2989 taretis
2211 2950 2225 2999 ;
2269 2940 2321 2986 et
2369 2932 2555 3001 templi
2608 2931 3075 3001 pulchritudinem
3097 2944 3323 2984 causam
3387 2927 3557 2983 didici

1980 3026 2142 3095 hujus
2191 3026 2541 3079 moratiouis.
2594 3024 2658 3079 Et
2708 3040 2802 3080 vos
2858 3025 3080 3095 quidem
3140 3024 3460 3094 reputabam
3497 3024 3553 3079 in

1979 3134 2165 3173 amore
2194 3119 2438 3174 infelices
2471 3128 2566 3172 aut
2593 3119 2797 3173 amoris
2826 3126 3079 3187 expertes
3104 3133 3249 3182 esse,
3279 3119 3366 3172 hic
3419 3119 3552 3172 mihi

1980 3218 2093 3267 toto
2112 3211 2200 3265 die
2216 3212 2366 3266 visus
2389 3226 2469 3274 es,
2490 3210 2671 3275 sol,ex
2696 3211 2871 3265 amica
2904 3209 3033 3265 sede
3054 3211 3228 3275 exsul,
3247 3218 3301 3263 et
3330 3211 3557 3267 volvent!

1978 3312 2031 3359 et
2078 3305 2253 3358 lucem
2287 3312 2339 3359 et
2387 3303 2627 3371 fulgens,
2662 3309 2717 3357 et
2754 3302 2927 3357 libens
2970 3316 3075 3355 non
3108 3302 3411 3357 abcedebas
3455 3319 3555 3359 nec

1980 3394 2157 3447 locum
2192 3393 2461 3453 mutabas.
2501 3391 2803 3461 usquedum
2836 3407 2938 3445 nox
2964 3392 3170 3445 venerit
3198 3393 3554 3447 alternantem

1978 3484 2074 3537 tibi
2123 3483 2307 3537 lunam
2352 3482 2579 3537 ducens.
2615 3480 2681 3534 Et
2724 3481 2855 3535 illud
2888 3497 3116 3536 cernens
3165 3483 3468 3551 cogitabam
3502 3492 3555 3539 te

1979 3582 2037 3628 ut
2083 3574 2374 3643 gigantem,
2429 3586 2485 3627 ut
2507 3588 2768 3641 sponsum
2828 3588 2859 3627 e
2908 3574 3149 3626 thalamo
3187 3574 3553 3644 egredientem

1978 3673 2153 3720 vatem
2183 3665 2348 3719 David
2376 3665 2642 3720 cecinisse
2671 3680 2684 3716 :
2724 3665 2813 3718 hic
2844 3670 2987 3719 enim
3018 3666 3265 3736 prmidit
3295 3674 3347 3721 te
3390 3667 3554 3737 hujus

1977 3757 2240 3827 fulgentis
2266 3758 2449 3826 templi
2484 3772 2671 3811 amore
2701 3765 2942 3825 captum,
2966 3769 3020 3812 et
3047 3761 3160 3812 haec
3194 3759 3261 3813 de
3311 3771 3361 3814 te
3402 3760 3555 3813 lucu-

1976 3858 2063 3903 tus
2094 3850 2277 3903 est.Et
2305 3864 2449 3902 nunc
2471 3849 2547 3902 illi
2574 3849 2816 3917 collapso
2843 3863 2949 3902 non
2976 3849 3221 3903 adhaeres
3254 3851 3267 3904 !
3300 3848 3406 3904 Per
3432 3867 3553 3919 qua:

1978 3940 2155 4009 tnajor
2187 3956 2338 3995 esses
2367 3940 2507 4009 ?per
2546 3955 2666 4009 qua:
2703 3941 2971 3993 illustrior
2997 3940 3022 3992 3
3069 3956 3163 4009 per
3211 3955 3331 4011 qua:
3366 3942 3551 4009 splen-

1977 4034 2155 4088 didior
2184 4034 2293 4087 eris
2317 4031 2417 4086 ?Et
2443 4042 2499 4087 tu
2527 4034 2770 4087 omnimn
2797 4038 3030 4087 maxime
3061 4034 3326 4101 inglorius
3350 4034 3549 4088 demito

1975 4126 2107 4180 teris
2146 4125 2295 4179 brevi
2338 4132 2391 4178 et
2450 4124 2835 4179 obscuraberis
2884 4127 2986 4178 hac
3034 4122 3428 4187 destructione,
3494 4137 3552 4179 ut

1976 4218 2159 4273 discas
2194 4226 2247 4271 et
2284 4227 2339 4270 ιιι
2377 4219 2696 4271 inconstans
2734 4228 2787 4271 et
2820 4217 3078 4272 volubilis
3125 4217 3324 4281 factus,
3361 4219 3548 4273 eadem

1978 4310 2132 4363 ruina
2162 4320 2483 4378 prcstratus.
2512 4307 2621 4361 lloc
2640 4316 2818 4362 autem
2845 4309 3099 4377 templum
3131 4311 3548 4375 restaurabitur,

1972 4400 2348 4462 aatliticabitur,
2412 4400 2719 4453 tirmabilur
2793 4408 2887 4453 aut
2958 4400 3319 4468 pcrlicictur?
3368 4417 3545 4455 meum

1974 4490 2114 4545 scire
2155 4507 2261 4543 nou
2296 4499 2423 4554 est;
2460 4505 2637 4544 meum
2684 4497 2888 4553 autem,
2918 4489 2967 4543 si
3004 4500 3284 4559 superstes
3315 4504 3459 4554 sum,
3499 4493 3543 4543 si

1906 4616 1949 4671 υ
1981 4586 2273 4655 ingredior,
2300 4585 2344 4639 si
2371 4585 2544 4649 video,
2572 4584 2615 4638 si
2639 4583 2833 4645 adoro,
2860 4587 2906 4638 si
2931 4583 3112 4637 divina
3129 4584 3341 4655 eloquia
3362 4584 3550 4653 audio,

1983 4677 2091 4733 Deo
2120 4678 2284 4748 igitur
2313 4678 2415 4732 hoc
2446 4685 2501 4733 et
2522 4676 2656 4731 illud
2688 4678 2917 4732 sciente.
2952 4715 2966 4731 .
3006 4715 3024 4731 .
3052 4714 3069 4731 .
3101 4715 3118 4732 .
