4268 6458
307 400 450 464 2860
1059 406 1374 468 PiiA'l'U-M
1403 407 1878 469 SPIRITUALE.
1927 436 1996 446 -
2034 411 2469 502 LIPOMANL'S
2500 416 2841 477 LECTORI.
3096 492 3103 499 ε
3442 427 3584 490 9850

305 506 590 579 σολύμων,
623 511 728 565 hoc
767 521 873 579 est,
905 529 969 567 ex
1002 530 1174 582 parvo
1208 517 1374 572 Prata
1402 521 1580 573 sancti
1613 521 1791 573 l'aii-is
1825 519 1997 574 nostri
2028 519 2324 590 Sophronii
2356 523 2750 592 archiepiscopi
2786 525 3310 596 Iticrosolymornm.
3340 528 3582 588 Joannes

300 606 572 668 prmtcrea
620 601 916 667 diaconus,
955 615 1144 672 postea
1192 605 1475 664 Romanus
1521 608 1798 673 Pontifex,
1843 610 1895 662 in
1944 617 2145 680 quarto
2195 609 2356 670 libro,
2393 626 2556 678 quem
2597 612 2663 665 de
2699 613 2838 666 beati
2885 613 3132 682 Gregorii
3175 611 3292 668 Vita
3336 617 3578 686 scripsit,

299 699 426 754 cap.
462 686 556 751 65,-
590 688 758 757 hnjus
790 691 1092 746 voluminis
1142 697 1474 750 mentionem
1526 696 1680 764 fecit,
1711 699 1841 752 dum
1888 700 2141 751 mirabile
2198 698 2346 750 illius
2402 701 2576 751 sancti
2627 699 2906 753 Pontificis
2951 703 3150 754 factum
3200 714 3470 764 recenset.
3502 709 3581 759 sic

298 771 566 840 inquiens
601 793 614 828 :
650 795 670 827 ι
711 776 816 832 Sed
862 795 929 831 ne
961 782 1109 836 solis-
1130 783 1314 836 verbis
1351 785 1488 838 tanti
1531 788 1782 852 pra'sulis
1814 787 2096 841 humilitas
2130 786 2395 839 inculcari
2432 788 2712 849 credatur,
2750 798 3020 855 superest,
3067 799 3123 842 ut
3167 806 3230 843 ex
3265 790 3576 845 Graecorum

296 861 669 918 relationibus
713 881 741 918 a
790 883 876 920 me
923 885 1098 935 nuper
1153 871 1555 941 interpretatis.
1589 874 1778 926 eadem
1815 877 1987 943 pati-is
2022 875 2304 928 humilitas
2337 876 2476 927 vivis
2507 877 2768 942 operibus
2811 877 3244 940 demonstretur,
3286 880 3337 931 in
3375 883 3578 948 quibus

295 948 565 1003 videlicet
598 953 671 1005 ita
703 953 965 1008 refertur.
999 955 1294 1011 Euarravit
1333 959 1496 1015 nobis
1525 960 1694 1015 abbas
1724 959 1963 1016 Joannes
2006 961 2194 1023 Persa,
2235 972 2463 1017 sanctus
2505 972 2556 1016 et
2596 965 2949 1018 venerandus
2981 965 3059 1016 \ir
3088 967 3365 1019 assistens
3396 968 3509 1037 (a);
3550 986 3568 1018 ι

292 1044 350 1088 et
382 1047 608 1100 caitera,
642 1056 764 1109 qua:
801 1055 1134 1111 sequuntur.
1175 1059 1335 1115 prout
1386 1050 1437 1101 in
1492 1049 1656 1102 Prata
1711 1050 1815 1102 hoc
1865 1052 2158 1118 spirituali.
2210 1065 2332 1118 Cap.
2388 1051 2507 1114 15!,
2551 1052 2838 1105 habentur.
2889 1051 2992 1104 Sed
3025 1060 3168 1119 quod
3203 1054 3287 1107 his
3318 1059 3573 1113 omnibus

292 1124 480 1191 majus
511 1137 617 1189 cst,
651 1129 702 1181 in
734 1131 977 1184 secunda
1011 1134 1233 1187 Niea-na
1265 1137 1499 1206 synodo,
1533 1153 1652 1205 quin
1685 1152 1782 1204 pro
1823 1141 1976 1190 cultu
2019 1139 2416 1190 veneraliiliuiu
2465 1138 2764 1206 imaginum
2800 1150 2990 1192 contra
3035 1140 3402 1194 Ιςοιιοριτιεικε
3433 1147 3574 1197 cele-

290 1209 454 1264 brata
501 1224 610 1270 est.
645 1219 863 1272 actione
897 1231 1091 1288 quarta
1147 1224 1218 1276 ita
1271 1224 1472 1290 legitur
1513 1242 1526 1278 :
1571 1244 1588 1276 i
1632 1223 1961 1278 [instar-hius
2005 1224 2338 1278 venerabilis
2387 1227 2714 1287 monachus,
2760 1227 3047 1296 presbyter
3085 1238 3137 1280 et
3178 1243 3379 1295 pra'ses
3419 1246 3571 1282 inan-

289 1300 473 1356 sionis
524 1302 776 1366 Maximi,
825 1307 1014 1361 dixit:
1058 1309 1120 1362 Et
1156 1326 1276 1377 ego,
1319 1310 1530 1376 Patres,
1575 1314 1749 1366 sancti
1807 1312 2101 1380 Sophronii
2155 1310 2334 1366 Patris
2391 1313 2591 1364 IIIII'IIIII
2640 1312 2808 1366 aﬂ’ci‘o
2858 1316 3230 1366 continentem
3274 1319 3567 1369 inultm-um

289 1399 622 1442 sanctorum
660 1394 832 1459 vitas;
867 1403 919 1447 et
951 1397 993 1447 si
1028 1399 1228 1466 placet,
1261 1399 1592 1454 adducatur.
1643 1400 1842 1454 Sancta
1877 1397 2121 1470 synodus
2148 1398 2288 1451 dixit
2331 1417 2342 1451 :
2379 1397 2646 1464 Legalur;
2692 1398 3004 1468 Stephanus
3049 1402 3234 1468 itaque
3267 1404 3568 1460 monachus

287 1490 586 1546 acceptum
643 1481 841 1534 librum
908 1483 1038 1552 legit
1082 1502 1094 1536 :
1151 1503 1169 1535 ι
1211 1485 1486 1561 Ejusdenr
1521 1487 1698 1541 Patris
1752 1489 1924 1541 nostri
1975 1486 2270 1554 Sophronii
2321 1501 2351 1540 e
2404 1486 2755 1550 Limonario;
2808 1488 2944 1542 dixit
2998 1486 3322 1544 Theodorus
3375 1492 3565 1558 abbas,

285 1563 551 1626 ﬁllimes.
589 1573 734 1636 quod
768 1578 887 1622 erat
922 1572 1147 1639 quidam
1191 1573 1440 1628 inclusus
1473 1574 1586 1643 (b);
1631 1594 1648 1624 ι
1686 1585 1738 1628 et
1769 1584 1985 1626 cetera.
2031 1572 2128 1625 Ubi
2165 1581 2338 1625 totum
2375 1583 2536 1642 caput
2580 1574 2670 1634 45.
2704 1575 2850 1643 quod
2896 1576 2948 1627 iu
2983 1574 3085 1627 hoc
3131 1577 3272 1629 lihro
3312 1577 3563 1638 habetur.

285 1652 355 1706 ad
395 1656 622 1707 verbum
667 1659 938 1713 redditur.
988 1658 1130 1714 Nihil
1165 1671 1249 1715 est
1279 1680 1411 1732 ergo
1443 1666 1585 1731 quod
1619 1664 1686 1716 de
1723 1663 1824 1714 fide
1871 1660 1992 1715 li‘bri
2047 1661 2322 1728 ambigere
2360 1662 2562 1730 possis.
2599 1659 2824 1723 Verum,
2858 1663 2975 1714 scio
3007 1662 3190 1733 statim
3235 1665 3562 1728 moveberis,

284 1748 340 1792 et
373 1740 570 1795 dices:
605 1743 738 1808 Qua:
769 1746 1052 1801 adduxisti
1102 1766 1200 1818 pro
1256 1751 1375 1803 lihri
1423 1751 1921 1810 ciiuimeiulatione,
1965 1767 2219 1820 magnum
2272 1753 2594 1817 scrupulum
2638 1752 2803 1802 menti
2849 1751 3126 1817 injiciiint.
3173 1749 3418 1820 Namque
3451 1762 3560 1805 tam

287 1825 674 1883 Ilaiiiasceniis
701 1848 865 1899 quam
900 1836 1146 1905 synodus
1175 1838 1370 1890 lihrum
1395 1836 1703 1906 Saphronio
1730 1837 2049 1905 patriarchae
2082 1836 2581 1906 Hierosolyinitano
2612 1837 2941 1897 inscribunt,
2964 1847 3020 1890 tu
3051 1854 3174 1890 vero
3209 1841 3309 1893 sub
3341 1839 3562 1892 nomine

279 1912 514 1968 Joannis
535 1918 821 1986 cujusdam
855 1922 1055 1976 Evirati
1090 1923 1155 1976 ad
1186 1922 1552 1992 Sophronium
1585 1925 1886 1993 sophistani
1922 1925 2073 1976 illum
2105 1925 2398 1978 scribentis
2419 1925 2662 1991 evulgas.
2683 1923 2968 1988 Quomodo
2986 1939 3114 1992 ergo
3134 1928 3245 1977 haec
3267 1929 3560 1981 convenire

280 2012 524 2069 possmit
558 2004 705 2058 inter
739 2009 832 2060 se?
869 2009 1100 2063 Dubium
1133 2027 1264 2065 sane
1292 2013 1432 2065 haud
1467 2012 1955 2071 contemnendum,
1989 2019 2042 2062 et
2081 2011 2228 2081 quod
2265 2028 2348 2065 me
2385 2013 2562 2081 ipsum
2595 2027 2814 2081 quoque
2849 2013 3022 2080 prima
3057 2012 3195 2064 facie
3224 2011 3380 2065 valde
3407 2027 3559 2065 coin-

281 2091 480 2144 movit.
549 2092 656 2146 Sed
693 2096 1027 2161 profundius
1064 2110 1251 2168 postea
1287 2101 1550 2170 cogitanti
1597 2101 1779 2153 omnis
1814 2099 2175 2154 dubitationis
2223 2101 2398 2165 caligo
2442 2099 2701 2168 perfacile
2743 2099 2951 2152 dimota
2998 2109 3105 2152 est.
3147 2098 3399 2168 Scriptor
3434 2100 3559 2154 libri

280 2195 519 2248 prorsus
552 2181 796 2239 Joannes
845 2191 1185 2243 anachoreta
1233 2191 1354 2244 fuit.
1399 2191 1454 2244 Id
1487 2192 1584 2244 tibi
1627 2207 1692 2244 ex
1734 2192 1914 2259 capite
1961 2188 2022 2240 77
2070 2188 2364 2241 voluminis
2400 2189 2571 2255 ipsius
2615 2187 2828 2256 liquido
2863 2198 3118 2240 constare
3152 2191 3374 2256 poterit.
3416 2186 3559 2242 Pho-

275 2270 393 2324 tiiis
421 2286 649 2339 quoque
677 2273 825 2328 hunc
855 2275 1034 2344 ipsum
1065 2288 1344 2333 auctorem
1376 2279 1497 2332 libri
1523 2275 1790 2331 Joannem
1829 2276 2111 2330 Moschum
2143 2274 2390 2341 (natione
2417 2273 2679 2339 fortasse)
2710 2273 2882 2326 fuisse
2912 2275 3134 2337 asserit,
3163 2275 3322 2342 cujus
3349 2289 3558 2344 cogno-

276 2371 407 2409 men
443 2359 722 2427 interpres
758 2359 990 2417 Latinus
1022 2363 1211 2419 forsan
1242 2363 1522 2418 Eviratuni
1558 2364 1816 2419 reddidit.
1848 2363 2052 2418 Verum
2085 2360 2400 2430 Sophronio
2447 2360 2532 2414 his
2560 2360 2626 2414 de
2665 2362 2852 2415 causis
2887 2363 3212 2415 attribuitur
3246 2380 3259 2414 :
3293 2367 3375 2417 vel
3421 2363 3553 2432 quia

274 2443 342 2495 ad
386 2443 570 2512 ipsum
603 2461 699 2514 per
734 2449 1126 2504 charissimam
1161 2454 1370 2506 socium
1407 2452 1754 2512 inscribitur,
1792 2460 1872 2514 ut,
1900 2449 2362 2518 quemadmodum
2395 2458 2450 2502 et
2477 2446 2901 2501 Iihetoricorum
2929 2447 3216 2502 Ciceronis
3249 2449 3314 2501 ad
3350 2447 3556 2504 Heren-

277 2532 459 2594 nium,
496 2542 553 2586 et
579 2535 832 2602 ejusdem
872 2535 940 2590 ad
970 2538 1213 2592 Atticum
1247 2539 1491 2606 epistolae
1523 2538 1590 2592 ad
1627 2537 1984 2601 Herennium;
2014 2547 2068 2592 et
2100 2537 2166 2590 ad
2196 2536 2440 2589 Atticum
2492 2535 2616 2589 libri
2661 2544 3049 2604 nuncupantur
3081 2553 3095 2589 :
3137 2536 3220 2590 sic
3255 2536 3554 2606 SOphronii

274 2618 424 2674 liber
465 2619 558 2676 hic
601 2621 845 2689 dicatur,
892 2629 1021 2694 quia
1057 2627 1124 2680 ad
1174 2626 1543 2696 Soplironium
1591 2627 1870 2697 dirigitur,
1895 2637 2062 2695 atque
2105 2640 2173 2679 ex
2212 2639 2280 2678 eo
2323 2622 2563 2678 maxime
2591 2622 2739 2691 quod
2775 2623 2843 2676 ad
2885 2637 3048 2676 usam
3093 2622 3240 2677 illius
3284 2624 3554 2693 imprimis

273 2710 643 2777 conscriptus
674 2721 778 2766 est.
826 2712 1071 2784 Namque
1102 2723 1300 2770 auctor
1336 2717 1452 2786 ipse
1489 2717 1542 2770 in
1571 2716 1826 2784 epistola,
1880 2729 2044 2783 quam
2086 2713 2228 2766 libro
2277 2710 2578 2780 praemittit.
2614 2709 2814 2764 fatetur
2846 2724 2907 2763 se
2939 2725 3006 2763 ex
3045 2709 3148 2764 hoc
3186 2709 3354 2763 Prata
3393 2727 3554 2766 coro-

274 2811 403 2848 nam
443 2796 761 2866 Sophronia
806 2803 1180 2868 conlexiiisse,
1217 2819 1279 2858 ac
1319 2819 1416 2874 per
1444 2820 1568 2858 eum
1616 2806 1738 2859 aliis
1782 2803 2044 2870 deinceps
2071 2799 2341 2855 obtulisse
2373 2817 2386 2852 :
2417 2813 2514 2852 seu
2554 2799 2684 2867 quia
2725 2799 2778 2850 in
2813 2798 2915 2851 hoc
2946 2797 3089 2850 libro
3128 2797 3279 2852 dicta
3310 2807 3363 2854 et
3388 2798 3551 2868 'gesta

274 2884 456 2952 ipsius
487 2883 790 2954 Sophronii
822 2904 920 2956 pro
945 2890 1142 2958 majori
1172 2900 1326 2960 parte
1359 2893 1738 2946 continentur.
1790 2889 1924 2942 Nam
1955 2889 2001 2942 is
2028 2887 2197 2940 totius
2229 2885 2446 2940 itineris
2474 2885 2596 2939 libri
2627 2884 2794 2952 hujus
2821 2885 3067 2938 auctoris
3099 2883 3200 2938 fuit
3233 2884 3552 2939 individuus

271 2988 489 3036 comes,
517 2983 573 3027 et
603 2991 953 3046 quaecunque
992 2978 1263 3033 ambobus
1293 2981 1703 3034 ambulantibus
1731 2983 2114 3038 occurrerunt,
2143 2974 2228 3027 vel
2257 2973 2636 3042 quaerentibus
2677 2973 3002 3041 responderi
3031 2973 3286 3042 contigit,
3316 2973 3552 3043 diligen-

270 3062 494 3116 tissime
543 3063 824 3132 descripta
873 3074 1022 3118 sunt.
1063 3065 1245 3130 Quare
1289 3069 1453 3120 etiam
1493 3069 1608 3121 hinc
1640 3067 1803 3120 verba
1840 3064 2144 3132 s:epissiine
2183 3061 2380 3114 iterata
2421 3059 2633 3114 videbis
2671 3077 2685 3114 :
2724 3057 2986 3114 Venimus
3027 3075 3148 3129 ego,
3194 3068 3248 3114 et
3287 3057 3551 3116 Dominus

270 3164 432 3208 meus
469 3149 818 3220 Sophronias
847 3154 1094 3222 sophista
1143 3154 1208 3207 ad
1256 3155 1505 3209 abbatem
1549 3156 1732 3217 talem,
1765 3164 1819 3208 et
1861 3167 2074 3207 caetera.
2111 3149 2178 3202 Et
2215 3149 2338 3204 ideo
2373 3162 2594 3216 semper
2626 3147 2793 3202 etiam
2835 3147 3030 3216 plurali
3075 3148 3349 3202 locutione
3380 3149 3551 3201 utitur

268 3239 469 3293 dicens
505 3255 520 3291 :
567 3258 586 3290 ‹
631 3237 1006 3304 Perrexiinus,
1058 3242 1420 3308 accessimus,
1452 3244 1711 3296 vidimus.
1747 3241 1999 3294 Narravit
2041 3238 2204 3292 nobis
2251 3252 2418 3292 senex
2469 3235 2793 3290 monasterii
2839 3237 2969 3288 dux.
3005 3252 3022 3285 ι
3058 3236 3163 3289 Per
3204 3251 3326 3304 quaI
3357 3235 3546 3289 omnia

267 3326 525 3392 conspici
556 3325 742 3390 datur,
775 3329 1107 3396 scriptorem
1150 3345 1430 3399 nunquam
1475 3332 1652 3385 solum
1703 3331 1871 3383 fuisse
1908 3330 1959 3381 in
1997 3329 2082 3381 his
2115 3341 2236 3398 quae
2270 3332 2460 3378 narrat
2488 3324 2893 3394 perquirendis.
2930 3323 3086 3376 Sicut
3121 3337 3255 3390 ergo
3301 3321 3547 3378 Platonis

266 3409 562 3476 Phadrus,
592 3411 855 3477 Tiniteus,
884 3414 1136 3486 Gorgias,
1183 3426 1237 3470 et
1284 3417 1671 3482 Parmenides;
1724 3427 1776 3470 et
1813 3416 1976 3469 Tullii
2025 3414 2162 3466 liber
2215 3413 2288 3465 De
2331 3422 2612 3474 senectute,
2659 3411 2796 3464 Cato
2833 3410 3032 3477 major,
3067 3410 3472 3473 inscribuntur,
3513 3425 3548 3466 ι

268 3502 556 3568 personis,
585 3518 709 3571 quae
745 3503 817 3557 ibi
847 3506 1229 3574 colloquentes
1257 3518 1310 3562 et
1341 3509 1688 3578 disputantes
1723 3506 2082 3566 inducuntur,
2121 3501 2253 3570 quid
2302 3501 2543 3555 obstabit
2590 3500 2716 3553 huic
2758 3499 2922 3562 libro,
2960 3498 3092 3567 quin
3131 3496 3422 3567 Sophronii
3460 3497 3555 3552 di-

263 3599 447 3651 catur,
483 3605 609 3642 cum
667 3591 720 3644 in
765 3607 829 3645 eo
881 3591 928 3646 is
982 3593 1298 3660 ambulans,
1339 3597 1594 3660 visitans,
1628 3607 1887 3665 operans,
1926 3590 2294 3656 interrogans,
2332 3597 2385 3642 et
2435 3587 2802 3657 respondens,
2845 3587 3046 3652 ubique
3082 3585 3193 3639 fere
3226 3585 3547 3640 asseratur!

263 3675 376 3727 Aut
424 3675 654 3729 demum
688 3694 754 3731 ex
787 3679 877 3730 illa
913 3695 1078 3734 causa
1110 3681 1424 3751 Sophronio
1457 3684 1774 3745 aseribitur,
1806 3679 2064 3749 quoniam
2099 3692 2206 3731 una
2239 3693 2365 3729 cum
2406 3675 2619 3730 Joanne
2654 3675 2916 3746 praedicto
2955 3675 3302 3743 eonscriptor
3340 3674 3424 3743 (ut
3469 3673 3542 3726 ita

261 3759 475 3831 dicam)
511 3761 656 3816 forte
687 3762 939 3830 ejusdem
987 3765 1113 3819 libri
1161 3766 1282 3820 fuit.
1330 3765 1472 3836 Lege
1501 3767 1670 3835 hujus
1701 3765 1996 3820 voluminis
2037 3773 2203 3834 caput
2242 3764 2330 3827 77,
2360 3771 2414 3818 et
2462 3763 2516 3816 in
2555 3761 2678 3832 ejus
2717 3762 2990 3830 principio
3025 3762 3096 3814 ita
3131 3753 3426 3829 scriptum'
3451 3775 3541 3815 re-

263 3850 451 3916 peries
491 3869 504 3904 :
548 3867 566 3900 ι
601 3850 719 3918 Ego
747 3861 801 3905 et
833 3851 1100 3908 Dominus
1141 3869 1295 3908 meus
1331 3855 1674 3925 Sophronias
1719 3855 2062 3924 perreximus
2095 3855 2159 3908 ad
2196 3853 2504 3922 philosophi
2543 3851 2807 3922 Stephani
2844 3851 3064 3905 domum
3105 3849 3372 3904 doctrina
3411 3864 3540 3920 gra-

263 3937 362 3996 tia,
410 3955 430 3986 »
470 3947 579 3989 etc.
632 3937 843 3994 Deinde
896 3940 950 3993 in
995 3941 1100 3995 fine
1149 3942 1396 4011 ejusdem
1443 3945 1641 4012 capitis
1692 3943 1796 3997 hoc
1843 3943 2006 3996 modo
2052 3942 2318 4010 scriptum
2361 3941 2605 4006 legitur:
2646 3958 2663 3988 α
2701 3939 2805 3993 lsla
2847 3955 2968 3993 cum
2997 3937 3330 4001 audivimus,
3362 3938 3542 3992 innuit

263 4025 402 4076 mihi
444 4024 723 4080 Dominus
772 4042 928 4081 meus
959 4026 1328 4097 Sophronias,
1358 4037 1412 4084 et
1451 4033 1802 4093 recessimus,
1841 4037 1895 4083 et
1940 4029 2080 4082 dixit
2121 4030 2253 4081 mihi
2293 4045 2306 4080 :
2338 4026 2501 4091 Vere,
2534 4025 2675 4080 abba
2708 4025 2969 4091 Joannes,
3008 4026 3169 4080 hodie
3213 4025 3349 4078 nihil
3396 4027 3539 4082 ultra

262 4111 602 4166 stadeamus
635 4131 648 4166 :
681 4114 817 4166 satis
849 4115 993 4168 enim
1042 4116 1299 4170 aedificati
1350 4131 1561 4171 sumus.
1617 4116 1740 4170 Haec
1783 4131 1918 4185 ergo
1965 4118 2312 4186 scripsimus,
2354 4124 2411 4168 at
2455 4124 2510 4170 et
2552 4131 2651 4169 vos
2695 4117 2906 4184 pariter
2939 4113 3308 4168 aedilicemini.
3347 4130 3368 4165 ι
3418 4111 3538 4168 Una

258 4215 393 4269 ergo
441 4215 510 4254 ex
564 4200 650 4252 his
696 4202 1030 4265 rationibus,
1067 4219 1163 4257 seu
1215 4204 1398 4272 potius
1443 4204 1700 4258 omnibus
1749 4205 1911 4256 simul
1966 4203 2378 4267 accedentibus,
2414 4203 2538 4270 jure
2580 4202 2886 4268 meritoque
2921 4200 3060 4253 liber
3095 4201 3200 4254 iste
3243 4199 3536 4268 Sophronii

262 4288 495 4340 nomine
543 4288 853 4356 inscriptas
887 4289 1121 4343 videtur.
1165 4289 1277 4343 Nec
1313 4303 1363 4344 te
1398 4300 1635 4356 moveat,
1671 4290 1820 4360 quod
1855 4291 1908 4342 in
1945 4291 2048 4344 hoc
2089 4291 2228 4343 libro
2260 4289 2606 4358 Sophronias
2657 4288 2745 4340 hic
2787 4304 2897 4340 non
2934 4287 3244 4356 appellatur
3279 4285 3535 4343 Hieroso-

262 4374 546 4442 lymorum
602 4392 646 4441 ι.
675 4377 920 4429 triai'cha
945 4415 961 4439 ,
1019 4377 1114 4431 sed
1149 4379 1436 4446 ‘sophista.
1472 4375 1606 4430 Nam
1646 4379 1976 4431 vocabulum
2027 4378 2131 4431 hoc
2175 4392 2284 4431 non
2335 4379 2388 4430 iu
2436 4377 2630 4429 malam
2665 4375 2793 4427 olim
2835 4383 3064 4442 partem,
3094 4374 3235 4426 sicut
3270 4374 3327 4427 fit
3371 4377 3532 4428 modo

258 4463 497 4530 passim,
537 4462 633 4515 scd
683 4462 737 4515 in
786 4463 982 4517 bonam
1019 4465 1396 4532 aceipiebatur
1426 4481 1440 4516 :
1475 4480 1578 4518 nec
1601 4463 1752 4517 aliud
1799 4465 2145 4535 designabat,
2193 4480 2355 4535 quam
2402 4464 2726 4532 sapientem,
2762 4471 2815 4515 et
2855 4461 3175 4530 prudentem
3210 4460 3526 4519 hominem:

256 4550 450 4616 qualis
500 4548 606 4602 fuit
651 4557 702 4603 et
754 4548 1021 4605 Libauius
1065 4551 1178 4613 ille,
1215 4551 1280 4604 ad
1333 4565 1494 4618 quem
1545 4553 1731 4605 multa:
1776 4551 1955 4622 Magni
2001 4552 2186 4606 Basilii
2232 4553 2481 4621 epistolae
2525 4551 2748 4604 directa:
2790 4550 3031 4613 fuerunt,
3067 4549 3242 4617 ipsum
3277 4553 3529 4606 maximis

258 4636 563 4705 praeconiis
598 4636 914 4691 efferentes.
950 4636 1136 4691 Potuit
1167 4653 1298 4708 ergo
1334 4639 1416 4691 vir
1451 4639 1554 4692 iste
1587 4639 1738 4706 prius
1771 4646 1822 4691 ct
1854 4641 2157 4694 monachus
2197 4654 2338 4701 esse,
2373 4647 2422 4692 et
2457 4638 2704 4708 sophista
2750 4637 3081 4704 nuncupari,
3131 4635 3254 4690 inde
3291 4652 3420 4692 vero
3462 4641 3527 4693 ad

254 4733 514 4780 sanctam
550 4723 1064 4796 Hierosolymorum
1098 4726 1282 4781 sedem
1321 4728 1556 4792 assumi,
1590 4742 1652 4780 ex
1683 4741 1810 4796 qua,
1843 4735 2099 4797 tanquam
2139 4726 2378 4796 digniori
2418 4726 2560 4790 loco,
2595 4733 2784 4793 postea
2828 4724 3325 4776 deiioininatioiiem
3367 4740 3526 4779 acce-

256 4817 424 4884 perit.
468 4814 594 4879 Quo
617 4824 800 4869 autem
834 4824 1082 4884 tempore
1115 4817 1213 4870 viri
1240 4817 1318 4878 hi,
1350 4818 1444 4886 qui
1486 4817 1686 4870 librum
1715 4820 2190 4882 conscripserunt,
2219 4813 2538 4874 claruerint,
2570 4827 2667 4879 pro
2700 4819 2853 4863 certo
2889 4825 2995 4864 non
3046 4811 3296 4864 habetur.
3324 4808 3522 4866 Verum

251 4917 380 4956 cum
433 4904 622 4970 magni
667 4902 916 4972 Gregorii
949 4902 1180 4958 Romani
1213 4907 1492 4975 pontificis
1521 4905 1685 4976 hujus
1714 4905 1950 4956 nominis
1975 4903 2132 4971 primi
2170 4899 2373 4952 factum
2405 4905 2647 4951 narrent.
2673 4906 2725 4950 et
2756 4897 3190 4967 synchronoruin
3219 4897 3520 4958 Caesarum,

251 4991 518 5043 videlicet
539 4991 849 5054 Anastasii,
876 4989 1105 5055 Tiberii,
1135 4993 1369 5046 Mauritii
1393 5003 1445 5045 et
1471 4992 1712 5046 Zenonis
1740 4992 2070 5045 mentionem
2101 4988 2325 5046 faciant,
2353 4994 2400 5037 ct
2437 4987 2487 5037 in
2517 4995 2668 5037 sexta
2694 4985 2902 5053 synodo
2922 4984 3008 5035 hic
3035 4983 3170 5036 liber
3193 4984 3520 5049 adducatur,

251 5078 586 5146 conjectura
637 5082 861 5147 assequi
917 5095 1236 5147 possumus,
1275 5081 1424 5134 circa
1474 5096 1677 5133 annum
1724 5077 1938 5132 Domini
1989 5074 2476 5136 sexcentesiinum,
2516 5071 2667 5123 illum
2727 5069 2899 5123 fuisse
2939 5070 3327 5138 consci'iptum.
3379 5070 3522 5140 Lege

249 5180 385 5232 ergo
424 5163 624 5216 libenti
657 5165 864 5229 animo,
897 5176 950 5218 et
996 5164 1099 5217 fide
1140 5176 1286 5219 certa
1319 5180 1460 5236 opus
1506 5166 1674 5228 istud,
1708 5165 1939 5218 candide.
1987 5166 2181 5225 lector,
2212 5162 2369 5230 cujus
2414 5160 2722 5228 exemplain
2757 5175 2820 5211 ex
2855 5158 3155 5225 apostolica
3196 5158 3518 5214 bibliotheca

248 5253 576 5318 accepimus
609 5269 622 5304 :
656 5259 711 5303 et
757 5253 831 5304 ita
878 5267 1080 5313 mores,
1124 5261 1178 5305 et
1221 5253 1384 5306 vizani
1416 5263 1560 5306 tuam
1609 5253 1673 5306 ad
1717 5252 1838 5322 ejus
1876 5253 2164 5306 lectionem
2199 5263 2488 5316 compone,
2517 5255 2575 5300 ut
2604 5247 2794 5300 talium
2838 5254 3222 5314 tantorumque
3251 5248 3516 5310 virorum,

247 5355 392 5408 quos
427 5341 519 5391 hic
550 5339 865 5406 descriptos
897 5341 1165 5403 invenies,
1205 5341 1402 5410 dignus
1445 5341 1733 5393 miiiulator
1774 5342 2012 5395 exsistas
2045 5358 2056 5393 :
2091 5337 2439 5408 postmodum
2491 5351 2617 5389 vero
2665 5350 2853 5388 eorum
2895 5343 3176 5388 consortio
3220 5335 3270 5387 iii
3318 5346 3518 5390 aeterna

247 5428 597 5482 beatitudine
629 5428 864 5481 feliciter
893 5427 1218 5497 adjungare.
1253 5429 1408 5493 Quod
1442 5429 1537 5482 tihi
1575 5439 1628 5482 et
1662 5429 1792 5482 mihi
1829 5428 2093 5481 Dominus
2129 5434 2389 5496 praestare
2423 5424 2697 5494 dignetur,
2727 5433 2779 5477 ct
2807 5424 3060 5477 omnibus
3096 5423 3190 5491 qui
3228 5422 3517 5479 Dominum

244 5513 436 5571 Jesum
473 5516 720 5585 diligunt
749 5516 804 5567 in
837 5515 1178 5569 sinceritate.
1218 5512 1366 5569 Vale.

1782 5668 2005 5724 NOTAE.

321 5767 397 5890 γι)
439 5765 591 5818 Idem
627 5763 978 5830 miraculum,
1011 5767 1062 5819 iu
1091 5765 1214 5818 aliis
1246 5767 1424 5828 libris,
1457 5766 1838 5820 hmreticoriim
2024 5759 2100 5830 (b)
2133 5760 2322 5825 Ejusd.
2351 5775 2470 5829 svo.
2497 5770 2603 5814 act.
2635 5760 2690 5823 5,
2720 5761 2770 5811 in
2799 5774 2904 5826 qua
2935 5760 3098 5812 etiam
3124 5761 3364 5816 citantur
3388 5775 3522 5818 coa-

321 5853 376 5889 ιο
407 5839 662 5890 vitatum
702 5835 917 5890 legitur.
1951 5841 2245 5890 seiiiicnler
2275 5831 2436 5890 hujus
2471 5832 2566 5885 lib.
2603 5845 2723 5890 cap.
2757 5829 2819 5884 81
2863 5838 2914 5883 et
2950 5830 3071 5885 180.

251 5829 662 5890 ὐοῑόνίιάιῑυιιι
702 5835 917 5899 legitur.
1951 5841 2245 5902 sequcnler
2275 5831 2436 5900 hujus
2471 5832 2566 5885 lib.
2603 5845 2723 5900 cap.
2757 5829 2819 5884 81
2863 5838 2914 5883 et
2950 5830 3071 5885 180.
