4294 6442
376 475 516 537 3409

1263 476 1557 536 LAUDES
1600 476 1675 534 ΙΝ
1715 476 1819 534 SS.
1860 474 2117 533 CYRUM
2153 478 2246 536 ET
2284 474 2656 537 JOANNEM.

3497 466 3635 528 {ili-'10

448 587 545 639 κδ’.
588 585 841 655 Εῖττωμεν
876 586 929 638 δὲ
958 586 1049 638 καὶ
1073 586 1170 655 τὴν
1201 588 1410 640 ἐκεῖθεν
1446 588 1677 640 ἐνταῦθα
1714 586 1944 655 μετάοεο
1974 588 2021 645 Α
2116 588 2144 641 ’Ξ

1941 616 1944 623 π
1974 588 2021 645 Δ
2116 588 2206 642 2-4.
2238 587 2495 643 Dicamus
2524 597 2705 641 autem
2739 586 2902 641 etiam
2934 582 3059 638 inde
3082 581 3187 635 huc
3218 579 3415 634 factam
3452 590 3637 634 trans-

378 696 483 740 σιν,
517 678 612 729 καὶ
637 676 733 746 τὴν
754 677 930 730 αἰτίαν
960 678 1027 730 δι’
1060 679 1124 747 ἣν
1154 680 1179 748 ἡ
1213 680 1501 746 μετάθεσις
1534 680 1778 745 γέγονεν.
1813 678 1967 731 Μετὰ

381 771 478 830 τὰς
512 768 710 829 πολλὰς
741 768 951 819 ἐκεῖθεν
969 769 1201 837 ἡμέρας,
1238 768 1323 821 ἵνα
1355 771 1405 821 τί
1437 771 1531 821 καὶ
1562 770 1960 837 Μωσσΐσωμεν,

378 859 470 909 καὶ
498 855 657 909 τοῦτο
682 860 795 919 τοῖς
823 858 1056 928 μάρτυσι
1082 859 1432 928 χαρισώμεθα
1451 876 1462 889 ·
1494 860 1841 922 ἁποδὲξονται
1859 861 1966 927 γὰρ

376 947 523 1011 ἡμᾶς
550 948 605 997 ἐν
629 948 737 1007 τοῖς
760 946 937 997 αὐτῶν
954 947 1249 1013 ἐγκωμίοις
1275 949 1678 1011 Μωσαῖζοντας·
1714 948 1962 1017 μᾶλλονῆ

380 1038 839 1101 ῙΙλατωνίζοντας
863 1038 999 1107 μετὰ
1020 1038 1117 1109 τὴν
1138 1040 1359 1093 ἐκείνων
1380 1041 1487 1093 τῶν
1506 1041 1780 1109 τυράννων
1800 1041 1964 1093 κατὰ·

379 1130 552 1191 λυσιν,
571 1133 665 1182 καὶ
693 1130 801 1183 τῶν
827 1131 949 1193 τοὺς
965 1131 1153 1197 ἁγίους
1179 1133 1522 1185 χαλασάντων
1552 1132 1735 1186 ἁπώλε
1748 1151 1845 1197 σιν,
1873 1133 1966 1185 καὶ

379 1224 479 1292 τῆς
505 1224 615 1275 τῶν
657 1224 891 1277 είδὼλων
924 1225 1173 1294 μυσαρᾶς
1220 1223 1476 1291 λατρείας
1502 1222 1837 1290 καθαίρεσιν.
1873 1222 1965 1273 καὶ

384 1318 686 1386 ἱδρυμένων
713 1318 896 1379 αὐτοῖς
925 1317 1069 1369 ναῶν
1101 1318 1195 1369 καὶ
1230 1316 1427 1386 βωμῶν
1452 1316 1550 1385 τὴν
1578 1315 1926 1368 κατάπτωσιν
1948 1332 1986 1358 ’τ

386 1409 525 1475 μετᾶ
575 1410 675 1478 τὴν
725 1409 1140 1462 Κωνσταντίνου
1194 1408 1289 1461 τοῦ
1352 1405 1691 1477 μακαριστοῦ
1746 1405 1960 1477 πρώτου

380 1502 726 1572 Χριστιανῶν
762 1502 855 1553 καὶ
893 1502 1184 1570 Ῥωμαίων
1205 1500 1275 1553 τὰ
1302 1500 1559 1569 σκῆπτρα
1579 1497 1960 1566 κρατύναντος,

382 1593 476 1642 καὶ
508 1593 619 1643 τῶν
662 1591 794 1643 υἱῶν
830 1590 1161 1660 μεταὸίωσιν
1191 1607 1206 1621 θ
1258 1588 1396 1658 μετὰ
1427 1590 1526 1659 τὴν
1574 1588 1831 1642 Ἰοϐιανοῦ
1868 1588 1962 1640 καὶ

381 1682 777 1733 Οὐαλεντιανοῦ
793 1698 850 1732 τε
874 1682 966 1733 καὶ
992 1678 1287 1748 Γρατιανοῦ
1323 1679 1457 1747 πρὸς
1479 1678 1625 1745 ζωὴν
1656 1680 1753 1747 τὴν
1782 1678 1962 1748 κρείτ-

384 1788 461 1822 τω
504 1774 931 1838 μετανάστασιν,
994 1771 1131 1840 μετὰ
1156 1768 1437 1822 Θεοδοσίου
1467 1770 1560 1821 τοῦ
1598 1769 1832 1838 μεγάλου
1868 1769 1962 1822 καὶ

383 1863 490 1913 τῶν
538 1862 778 1928 ἐγγόνων
826 1862 961 1930 πρὸς
990 1862 1088 1930 τήν
1112 1860 1223 1913 ἂνω
1260 1859 1414 1928 λῆξιν
1452 1860 1729 1925 ἀνάλυσιν,
1772 1861 1959 1914 Θεοδο-

386 1953 503 2005 σίου
558 1952 653 2004 τοῦ
706 1952 903 2021 μικροῦ
958 1952 1059 2017 τὴν
1094 1950 1372 2019 βασιλείαν
1398 1950 1691 2011 διέποντος,
1723 1952 1816 2003 καὶ
1848 1953 1962 2004 Κυ-
1989 1928 2036 1987 Β

385 2043 567 2111 ρίλλου
605 2042 699 2096 τοῦ
724 2043 867 2095 θείου
911 2042 978 2095 τὰ
1007 2041 1195 2094 ἐνοάδε
1226 2041 1419 2107 λογικὰ
1450 2041 1543 2093 τοῦ
1571 2039 1809 2109 Χριστοῦ
1844 2058 1960 2093 ποι-

385 2138 672 2201 μτιίνοντος
717 2134 984 2204 πρόϐατα.
1033 2136 1126 2185 καὶ
1162 2132 1530 2201 μεγαλοφώνῳ
1562 2132 1820 2202 σάλπιγγι
1868 2131 1963 2202 τὴν

380 2228 482 2295 τῆς
522 2225 805 2289 εὐσεϐείας
832 2224 1023 2293 σοφίαν
1056 2224 1434 2294 κηρύττοντος,
1463 2225 1672 2293 δαίμων
1703 2241 1785 2287 τις
1816 2225 1965 2293 ζοφε-

386 2318 476 2385 ρῦς
522 2317 617 2367 καὶ
665 2315 963 2381 Αἰγύπτιος
1014 2314 1336 2382 ἀνεφαίνετο
1385 2314 1666 2385 Μενουοὴς
1702 2315 1961 2385 τοῦνομα,

384 2408 578 2474 κώμην
611 2406 775 2458 οἰκῶν
810 2405 907 2474 τὴν
932 2404 1240 2475 ἐπώνυμον,
1294 2404 1500 2473 (θήλεως
1539 2406 1753 2475 μορφὴν
1793 2422 1963 2475 προσ-

384 2500 729 2565 ποιν,·5;-·.ενο;.
757 2497 851 2549 καὶ
875 2496 1049 2565 ταύτῃ
1068 2496 1281 2558 δεικνὺς
1302 2496 1398 2564 τὴν
1425 2497 1630 2549 οἰκείαν
1650 2496 1961 2563 ἀσθένειαν,

383 2590 477 2639 καὶ
514 2589 649 2656 πρὸς
672 2588 797 2648 τοὺς
832 2587 1065 2656 ἄρρενας
1096 2589 1162 2655 τῇ
1205 2587 1348 2657 ψυχῇ
1384 2588 1483 2655 τὴν
1515 2588 1795 2641 ἀσθένειαν
1833 2589 1965 2658 μᾶλ-

382 2680 475 2730 λον
505 2680 816 2746 ἁδρὰ-λειαν,
846 2680 906 2731 οὐ
937 2677 1108 2731 σοένει
1134 2681 1326 2745 φυγὼν
1354 2680 1452 2746 τὴν
1479 2680 1733 2734 ἀδύσσιον
1753 2682 1963 2745 ἅλυσιν,

386 2769 522 2818 ἀλλὰ
551 2766 685 2819 θεοῦ
729 2767 1073 2835 συγχωρήσει
1109 2767 1248 2828 τέως
1290 2766 1469 2828 ἐσθεὶς
1504 2768 1641 2835 πρδς
1688 2769 1964 2837 ἡμετέραν

386 2860 705 2924 ἀῖῖὶάλειαν,
745 2857 828 2909 ἵνα
867 2858 952 2909 ἀεὶ
1009 2856 1461 2925 μνημονεύωμεν,
1510 2857 1700 2911 τούτου
1730 2859 1827 2921 τὰς
1868 2876 1967 2913 κα-

385 2950 647 3015 κουργίας
678 2948 967 3017 Οεώμενοι,
1002 2949 1201 3002 ὁποίων
1243 2949 1389 3019 ἡμᾶς
1421 2949 1696 3019 δυσχερῶν
1733 2951 1965 3020 Χριστὸς

383 3046 411 3093 τι
446 3041 579 3103 Θεὸς
608 3040 1003 3109 ἠλευθέρωσεν.
1051 3032 1220 3100 Οὗτος
1252 3044 1279 3094 ὀ
1308 3041 1518 3109 δαίμων
1544 3041 1571 3088 ὁ
1596 3044 1868 3100 σκοτεινὸς
1890 3042 1964 3104 ὡς

385 3133 706 3197 Αἰγύπτιος,
740 3134 766 3183 ὁ
808 3131 1100 3202 θηλύφρων
1142 3131 1276 3199 ὁμοῦ
1311 3135 1405 3184 καὶ
1440 3132 1787 3201 Οηλύμορερος
1827 3133 1964 3197 μετὰ

384 3220 579 3285 Λοξίου
607 3239 665 3273 τε
716 3222 809 3274 καὶ
837 3222 1093 3291 τρίποδος
1123 3221 1221 3291 τὴν
1270 3221 1594 3291 κουφότητα,
1634 3222 1728 3273 καὶ
1760 3221 1859 3289 τῆς
1907 3224 1964 3276 ὲν

386 3312 599 3381 Δοδὼνη
619 3313 780 3383 aput;
805 3313 964 3382 σιγὴν
988 3312 1367 3382 ἁνεκλὰλητον,
1389 3314 1480 3364 καὶ
1500 3314 1599 3380 τὴν
1622 3312 1715 3364 τοῦ
1744 3314 1965 3365 Καστα-

387 3404 541 3457 λικοῦ
573 3406 811 3472 νάματος
854 3404 1064 3472 σιωπὴν
1106 3403 1485 3472 ἀτελεύτητον,
1511 3403 1604 3454 καὶ
1627 3402 1721 3454 τοῦ
1763 3402 1966 3455 Ῥοδίου

386 3496 588 3564 ταύρου
636 3494 733 3562 τὴν
774 3485 1213 3561 συγγνωσσείσαν
1240 3493 1388 3563 αὐτῷ
1422 3493 1630 3546 πτῶσιν
1663 3493 1964 3563 ὸμύκητον,

388 3590 484 3640 καὶ
516 3589 616 3655 τὴν
643 3587 883 3645 πάντων,
912 3584 985 3647 ὡς
1006 3586 1206 3647 εἰπεῖν,
1228 3585 1335 3637 τῶν
1356 3585 1679 3655 Ἑλληνικῶν
1699 3584 1968 3653 μαντείων

388 3678 740 3731 κατάσϐεσιν.
806 3675 1138 3746 Ἀσκληπιοῦ
1180 3693 1237 3728 τε
1268 3676 1366 3746 τὴν
1399 3675 1471 3744 μὴ
1503 3675 1838 3728 τελευτῶσαν
1879 3677 1970 3728 ὲκ-

392 3772 659 3840 πύρωσιν,
706 3768 801 3821 καὶ
845 3768 956 3820 τῶν
1002 3766 1120 3819 κατ’
1174 3766 1336 3819 αὐτον
1369 3766 1567 3836 ἰατρῶν
1598 3765 1696 3836 τὴν
1730 3767 1967 3835 παντελῆ

386 3862 481 3913 καὶ
532 3860 753 3913 ἀνίατον
808 3858 1059 3917 λάϐωσιν,
1116 3855 1480 3926 προφητεύειν
1520 3860 1614 3908 καὶ
1651 3857 1839 3919 νόσους
1888 3858 1970 3911 ία-

388 3950 621 4019 τρεύειν,
667 3949 865 4018 μᾶλλον
905 3948 962 4001 δὲ
1011 3948 1329 4016 ψευδοεπεῖν
1371 3947 1467 3999 καὶ
1516 3950 1821 4001 νοσοποιεῖν
1854 3950 1970 4001 ὲτε·

390 4043 652 4110 ρατεύετο
704 4042 986 4109 φάσμασιν
1014 4056 1026 4069 ·
1072 4040 1193 4102 liti);
1241 4039 1350 4108 γὰρ
1388 4041 1415 4090 ὁ
1460 4038 1701 4108 ψεύστης
1754 4038 1829 4092 ῶν
1875 4040 1968 4093 ἀπ’

386 4134 588 4204 ἀρχῆς.
640 4134 735 4186 καὶ
772 4132 964 4200 ψεῦδος
993 4134 1057 4185 ἐκ
1088 4133 1196 4184 τῶν
1235 4133 1382 4185 ἰδίων
1412 4133 1607 4198 λαλῶν,
1641 4134 1700 4185 ὲν
1743 4132 1971 4203 ἀληθεία

386 4242 439 4275 τε
494 4223 776 4285 παντελῶς
807 4222 906 4292 οὐχ
942 4223 1260 4291 ίστάμενος;
1319 4224 1351 4292 ἦ
1388 4222 1505 4286 πῶς
1532 4225 1560 4275 ὁ
1608 4225 1707 4292 τὴν
1741 4223 1875 4277 ἰδίαν
1904 4224 1970 4294 ἢν

384 4312 531 4382 εἶχέν
575 4329 706 4365 ποτε
766 4313 841 4383 μὴ
877 4313 1119 4381 φυλάξας
1171 4314 1365 4383 ἀρχὴν,
1415 4315 1531 4368 ἀλλ’
1591 4315 1725 4369 ὡσεὶ
1782 4315 1970 4385 νεκρὸς

384 4407 780 4475 ἑϐδελυγμένος
810 4408 1012 4477 ριφεὶς,
1041 4408 1133 4461 καὶ
1165 4408 1403 4477 σκώληξι
1439 4409 1641 4481 βρύων.
1672 4410 1770 4465 καὶ
1804 4409 1968 4480 σῆψιν

384 4500 524 4565 ἔχων
578 4498 939 4568 ὑποστρωμα,
978 4499 1007 4549 ὁ
1036 4502 1218 4553 πᾶσαν
1265 4501 1473 4554 πτῶσιν
1508 4501 1710 4566 πεσὼν,
1744 4503 1838 4555 καὶ
1868 4518 1967 4571 με·

2073 678 2360 741 tatiouem,
2385 685 2438 729 et
2492 691 2714 732 causam
2762 682 2980 743 preptcr
3013 686 3176 742 quam
3242 670 3528 723 translatio
3559 670 3636 723 fa-

2069 779 2154 824 cta
2190 780 2292 826 est.
2325 770 2454 824 Post
2485 771 2680 824 multos
2712 770 2893 837 itaque
2942 769 3080 830 dies,
3109 776 3166 821 ut
3223 764 3429 834 aliquid
3472 767 3636 818 etiam

2068 862 2306 916 Mosaice
2334 861 2618 923 fateamur,
2634 870 2688 914 et
2713 861 2815 913 hoc
2849 859 3179 928 martyribus
3210 857 3581 912 eondoueuuis
3617 871 3633 917 ;

2068 955 2327 1023 recipient
2367 953 2511 1007 enim
2558 967 2657 1007 nos
2691 953 2744 1007 iu
2781 952 3068 1021 praeconiis
3106 952 3221 1004 suis
3269 949 3632 1003 Mosaizautes

2067 1046 2249 1112 potius
2276 1059 2439 1113 quam
2483 1043 2913 1106 Platonizautes,
2964 1050 3088 1111 post
3121 1042 3336 1095 illorqu
3374 1049 3637 1112 tyranno—

2068 1150 2185 1187 rum
2220 1134 2673 1197 destructionem,
2694 1142 2746 1187 et
2769 1148 2958 1187 eorum
2986 1132 3313 1201 quisauctos
3342 1131 3640 1201 punicrunt

2069 1224 2369 1286 interitum,
2404 1233 2459 1277 et
2498 1224 2917 1278 simulacrorum
2968 1222 3311 1278 detestabilis
3357 1224 3637 1277 servitutis

2067 1314 2487 1383 depositioucm,
2534 1321 2589 1368 et
2627 1330 2845 1367 ararum
2877 1330 2941 1367 ac
2981 1315 3306 1383 templorum
3370 1328 3490 1383 qua:
3535 1314 3637 1381 ipsi

2064 1413 2305 1461 statuere
2323 1407 2536 1461 ruinam
2560 1423 2573 1471 ;
2597 1415 2718 1473 post
2740 1404 3267 1470 beatiCoustantini,
3295 1406 3388 1475 qui
3423 1406 3636 1474 primus

2064 1497 2407 1552 Christianus
2458 1496 2829 1551 Romanorum
2880 1504 3103 1563 sceptra
3137 1498 3438 1559 roboravit,
3471 1512 3534 1550 ac
3572 1498 3638 1548 li-

2066 1589 2261 1643 liorum
2324 1588 2533 1643 obitum
2568 1607 2582 1655 ;
2615 1597 2740 1657 post
2769 1586 3047 1642 Joviuiani
3099 1603 3318 1657 quoque
3351 1598 3405 1642 et
3442 1587 3638 1641 Valen-

2065 1683 2277 1747 tiniani,
2330 1689 2385 1736 et
2433 1682 2679 1737 Gratiani
2729 1681 2799 1735 ad
2835 1681 3116 1735 meliorem
3147 1678 3318 1733 vitam
3358 1678 3638 1745 migratio-

2064 1790 2186 1828 nem
2220 1792 2234 1839 ;
2263 1784 2383 1843 post
2412 1772 2709 1827 Theodosii
2739 1772 2918 1840 Magni
2942 1786 3005 1825 ac
3032 1770 3264 1824 filiorum
3297 1768 3363 1822 ad
3391 1770 3636 1839 requiem

2064 1879 2359 1933 supernam
2410 1863 2795 1917 resolutionem
2825 1879 2838 1927 ;
2873 1860 3183 1915 Theodosio
3218 1858 3425 1913 Minore
3464 1861 3635 1927 impe-

2067 1956 2205 2009 riuni
2253 1954 2592 2019 moderante,
2649 1962 2703 2008 et
2770 1952 2957 2006 divino
3020 1952 3228 2023 Cyrillo
3289 1952 3641 2005 rationabiles

2066 2045 2155 2099 hic
2207 2044 2410 2099 Christi
2467 2059 2602 2097 oves
2663 2052 2939 2112 pascente,
3001 2053 3054 2096 et
3105 2042 3451 2111 magniloqua
3511 2042 3640 2102 tuba

2066 2137 2285 2206 pietatis
2331 2136 2655 2204 sapientiam
2744 2134 3093 2203 praedicante,
3142 2133 3352 2186 dromon
3415 2132 3638 2202 quidam

2067 2229 2385 2283 teterrimos
2408 2236 2461 2280 et
2478 2226 2768 2297 Aigyptius
2792 2225 3089 2296 apparebat
3107 2223 3380 2278 Menntliis
3398 2223 3639 2283 nouitiue,

2066 2319 2352 2373 castellum
2386 2334 2414 2371 a
2457 2334 2516 2372 se
2568 2317 3015 2386 cognominatum
3057 2316 3392 2374 inhabitans,
3426 2320 3481 2365 et
3531 2313 3642 2363 for-

2067 2423 2209 2463 mam
2246 2407 2460 2462 femina:
2496 2409 2723 2477 fingens,
2773 2416 2828 2461 et
2885 2406 2985 2459 hac
3026 2405 3301 2474 prepriam
3350 2403 3640 2457 infirmita-

2067 2510 2173 2555 tem
2209 2507 2265 2553 et
2302 2498 2730 2554 imbecillitatem
2800 2497 3188 2550 demonstrans
3242 2496 3505 2549 adversus
3545 2510 3641 2549 eos

2068 2593 2158 2663 qui
2205 2607 2387 2645 mares
2433 2590 2790 2654 suutauimo,
2824 2604 2930 2643 non
2982 2590 3189 2642 virtute
3216 2587 3428 2655 fugit-us
3458 2588 3639 2658 abyssi

2068 2690 2338 2743 catenam,
2372 2683 2464 2736 sed
2493 2682 2584 2737 Dei
2626 2681 2988 2751 permissione
3017 2680 3237 2734 interim
3272 2679 3340 2732 ad
3373 2681 3641 2733 cautelam

2066 2781 2312 2828 nostram
2356 2772 2644 2835 dimissus,
2678 2778 2740 2824 ut
2792 2786 3008 2838 semper
3040 2785 3308 2824 memores
3339 2770 3512 2824 simus
3544 2769 3643 2820 liu-

2063 2865 2155 2935 jus
2180 2865 2319 2917 mala
2353 2878 2516 2932 opera
2548 2863 2976 2928 consliieientes,
3012 2862 3269 2930 qualibus
3323 2876 3421 2915 nos
3480 2860 3644 2915 Chri-

2068 2963 2187 3011 stus
2216 2954 2357 3009 Deus
2410 2954 2821 3009 dillicultatihus
2885 2953 3218 3007 liberaverit.
3278 2953 3375 3006 llic
3428 2952 3640 3005 «lmincu

2070 3046 2391 3101 tenebrosus
2441 3046 2584 3101 sicut
2641 3043 2931 3113 [Egyptius
2996 3044 3215 3098 feminei
3285 3060 3480 3098 sensus
3528 3052 3645 3097 erat

2068 3137 2271 3206 pariter
2303 3143 2357 3191 et
2390 3135 2596 3195 formae.
2631 3141 2753 3203 post
2773 3133 2923 3187 Loxii
2959 3142 3013 3187 et
3048 3134 3279 3203 tripodis
3296 3134 3642 3194 surditatem.

2069 3240 2124 3284 et
2150 3228 2473 3283 iucﬂ‘abilem
2530 3226 2802 3281 Dodoueae
2832 3242 3069 3295 quercus
3102 3225 3555 3288 taciturnitatem,
3592 3235 3647 3279 et

2069 3322 2470 3376 iuterminahile
2513 3320 2771 3375 Castalici
2811 3318 2996 3372 ﬂuenti
3055 3319 3358 3381 silentium,
3412 3327 3647 3389 postque

2070 3412 2265 3467 Rhodii
2304 3412 2444 3465 tauri
2473 3411 2592 3464 sine
2616 3409 2826 3475 mugitu
2857 3408 2958 3460 sibi
2991 3423 3097 3461 non
3132 3408 3374 3476 agnitum
3433 3421 3644 3467 casum,

2070 3513 2125 3558 et
2164 3503 2431 3563 omnium,
2466 3502 2622 3555 utita
2681 3501 2916 3562 dicatur,
2963 3512 3299 3567 pagauarum
3354 3498 3646 3553 divinatio-

2071 3610 2200 3649 num
2243 3593 2674 3651 exstinctionem,
2724 3590 3073 3658 Asclepiiquo
3145 3604 3252 3642 non
3303 3589 3506 3642 finitam
3559 3590 3645 3643 in-

2071 3685 2518 3743 flammationem,
2556 3690 2609 3737 et
2646 3682 2905 3736 similium
2942 3680 3314 3734 ouuiimodam
3345 3689 3398 3733 et
3422 3680 3647 3733 insana-

2072 3778 2231 3830 bilem
2269 3774 2606 3829 iuedicorum
2637 3774 2942 3837 lmsioaem,
2981 3775 3309 3842 prophetare
3344 3786 3406 3824 ac
3440 3771 3644 3824 mederi

2072 3863 2454 3935 languoribus,
2487 3863 2596 3915 imo
2636 3860 2772 3917 falsa
2831 3862 3018 3917 dicere
3072 3877 3137 3915 ac
3193 3860 3648 3915 morbisittﬁcere

2070 3970 2169 4025 per
2216 3956 2604 4024 phantasmata
2650 3954 3026 4025 protendebat.
3090 3952 3223 4007 Nam
3262 3954 3536 4022 quomodo
3600 3953 3646 4006 is

2072 4048 2163 4117 qui
2188 4046 2415 4100 mendax
2441 4053 2528 4102 est
2552 4047 2621 4099 ab
2655 4046 2833 4111 initio,
2867 4053 2921 4099 et
2955 4045 3300 4099 mendacium
3323 4048 3387 4099 de
3421 4046 3646 4113 proprio

2072 4140 2332 4207 loquitur,
2388 4141 2444 4192 in
2484 4139 2823 4207 veritateque
2858 4153 3086 4207 prorsus
3123 4153 3231 4190 non
3279 4146 3412 4203 stat,
3447 4137 3647 4190 verita-

2073 4238 2181 4286 tem
2216 4231 2645 4286 asseveret?Aut
2674 4229 2947 4300 quomodo
2973 4231 3019 4285 is
3046 4231 3139 4299 qui
3163 4232 3444 4299 preprium
3481 4244 3643 4295 (litem

2071 4324 2261 4380 habuit
2294 4321 2592 4391 aliquando
2648 4321 3015 4391 principatum
3048 4336 3156 4373 nou
3207 4320 3522 4381 cnstodivit,
3550 4319 3644 4371 sc.l

2072 4414 2235 4470 veluti
2276 4421 2525 4469 mortuus
2558 4411 2907 4466 abominatus
2968 4412 3244 4479 projectus
3288 4418 3395 4474 est,
3423 4420 3474 4464 ct
3521 4425 3646 4465 ver-

2072 4506 2254 4561 mibus
2308 4511 2508 4568 scatet,
2545 4510 2599 4557 et
2648 4503 2993 4573 putredinem
3029 4502 3192 4555 habet
3245 4508 3499 4564 stratum,
3550 4503 3645 4567 qui

380 4590 555 4659 γάῖιην
592 4590 763 4642 νοσῶν
790 4589 888 4659 τὴν
918 4590 1201 4644 ἀσθένειαν
1229 4608 1243 4655 ;
1290 4611 1309 4642 ‹
1345 4594 1509 4645 Αὐτοὶ
1536 4595 1643 4663 γὰρ
1692 4612 1966 4665 προφητι-
1992 4585 2044 4649 Ῐ)
2071 4615 2076 4642 ι

1948 4624 1966 4636 -
1992 4585 2044 4649 Ι)
2071 4594 2220 4649 omni
2263 4607 2391 4648 casu
2444 4593 2605 4655 cadit,
2643 4600 2699 4644 et
2748 4592 2954 4660 ingenti
3016 4592 3232 4659 languet
3286 4592 3642 4646 intirinitate:

380 4683 495 4744 κῶς
524 4684 721 4746 εἰπεῖν,
764 4682 1073 4751 ἠσθένησάν
1110 4700 1171 4735 τε
1211 4685 1306 4735 καὶ
1329 4685 1543 4749 ἔπεσον,
1576 4704 1595 4735 ι
1636 4689 1733 4739 καὶ
1768 4688 1965 4751 παντὸς

380 4771 594 4835 ἁγαθοῦ
637 4772 737 4841 τὴν
782 4772 1003 4825 ἀνίατον
1042 4774 1412 4843 περικείμενοι
1458 4775 1725 4845 νέκρωσιν
1756 4778 1965 4847 ἑτέροις

382 4862 552 4927 ᾗῶσιν
583 4862 822 4931 ὀρέξειεν
850 4879 865 4927 ;
910 4864 943 4933 ἢ
981 4863 1228 4917 νοσοῦσιν
1261 4866 1401 4917 τισίν
1425 4865 1756 4933 ἁλεξήσειεν,
1778 4870 1807 4921 ὁ
1834 4868 1964 4938 βοη-

377 4955 493 5006 “civ
522 4954 702 5021 ἐαυτῷ
736 4954 809 5023 μὴ
838 4954 1165 5019 δυνάμενο;;
1200 4956 1265 5007 Ὃ
1293 4956 1399 5026 γάρ
1428 4973 1511 5019 τις
1537 4956 1731 5026 ἔχειὲκ
1750 4959 1964 5027 φύσεως

378 5042 540 5094 τοῦτο
580 5040 780 5111 λαχὼν,
820 5042 852 5111 ἢ
910 5042 1045 5111 πρὸς
1102 5042 1290 5111 ἑτέρου
1351 5043 1530 5096 λαϐὼν
1579 5048 1671 5099 καὶ
1721 5047 1965 5114 φυλάξας

374 5134 669 5211 ὀμείωτον,
697 5133 834 5203 τάχα
862 5132 928 5186 ἂν
947 5131 1185 5200 ἠδύνατο
1212 5133 1307 5187 καὶ
1336 5134 1471 5203 πρὸς
1497 5135 1672 5189 ἄλλων
1698 5138 1963 5193 ἐκτείνειν

383 5224 703 5292 μετάδοσιν·
745 5224 775 5277 ὃ
801 5225 857 5277 δὲ
896 5223 971 5294 μὴ
1002 5223 1137 5294 ἔχει,
1167 5224 1284 5286 πῶς
1317 5226 1525 5297 ἑτέροις
1560 5228 1759 5283 διδόναι
1804 5229 1966 5301 δυνή-

380 5338 534 5373 σεται
563 5340 577 5384 ;

451 5502 550 5546 κε’.
587 5494 699 5547 Καὶ
731 5492 934 5546 τούτων
964 5494 1105 5547 οὓτω
1136 5493 1429 5563 κειμένων,
1490 5494 1716 5559 πολλοὺς
1771 5498 1831 5550 τὸ
1881 5500 1960 5551 εἰ·

373 5586 561 5652 δεχηὲς
592 5585 750 5638 τοῦτο
778 5586 1054 5655 δαιμόνιον
1082 5587 1202 5648 ταῖς
1219 5586 1458 5650 ἀπάταις
1494 5589 1825 5658 παρέσυρεν,
1868 5592 1959 5643 καὶ

374 5678 803 5757 προσκαλεῖσθαι
852 5680 1015 5732 αὐτοῦ
1073 5680 1150 5749 τῷ
1207 5679 1373 5751 βωμῷ
1425 5680 1597 5736 ἑλπίδι
1658 5682 1877 5752 ῥώσεως
1921 5685 1954 5755 ἦ

444 5863 484 5886 "
530 5862 648 5915 Psa';
720 5879 859 5914 xxvi.
899 5864 932 5913 ἐξ

2079 4703 2099 4737 ι
2141 4685 2247 4753 1ρεί
2301 4684 2469 4749 enim,
2544 4692 2605 4736 ut
2676 4682 2991 4756 prophetica
3050 4681 3321 4741 dicamus.
3388 4682 3645 4734 infirmati

2073 4785 2200 4832 sunt
2224 4787 2277 4832 et
2302 4775 2622 4831 ceciderunt
2640 4776 2717 4840 '7;
2755 4793 2773 4824 ι
2802 4774 3086 4841 totiusque
3111 4772 3236 4825 boni
3290 4781 3373 4826 est
3408 4771 3645 4823 mortifi-

2071 4868 2285 4921 catione
2337 4866 2729 4929 circumdatus,
2774 4866 2898 4920 aliis
2956 4866 3243 4920 sanitatem
3290 4863 3644 4933 porrigeret?

2073 4968 2166 5013 aut
2212 4958 2596 5028 languentibus
2652 4956 2975 5023 quibusdam
3051 4963 3333 5023 praestaret
3383 4956 3642 5017 remedia,

2069 5049 2161 5117 qui
2193 5048 2294 5102 sibi
2329 5048 2577 5101 auxiliari
2611 5062 2717 5100 non
2752 5047 2895 5099 valet
2922 5047 2945 5098 ?
2975 5043 3130 5110 Quod
3160 5045 3283 5112 quis
3323 5044 3502 5104 habet,
3533 5044 3638 5095 hoc

2069 5142 2153 5195 vel
2204 5156 2269 5194 ex
2326 5148 2519 5193 natura
2550 5140 2801 5199 sortitus,
2841 5138 2924 5191 vel
2957 5138 3026 5190 ab
3064 5138 3236 5190 altero
3268 5142 3547 5203 accepturu
3594 5134 3639 5187 si

2071 5230 2393 5286 custodierit
2423 5231 2836 5293 indiminutum,
2870 5228 3117 5281 fortassis
3143 5227 3340 5295 poterit
3397 5226 3462 5277 ad
3502 5225 3639 5278 alios

2073 5325 2270 5393 quibus
2301 5325 2614 5393 impcrtilur
2670 5319 2963 5375 extendere
2996 5335 3008 5371 :
3041 5326 3093 5370 at
3122 5332 3255 5369 vero
3283 5318 3374 5384 qui
3411 5332 3516 5369 non
3545 5317 3640 5368 ba-

2076 5418 2185 5479 bet,
2219 5415 2495 5485 quomodo
2528 5414 2652 5468 aliis
2679 5413 2921 5467 tribuere
2967 5410 3248 5479 potuerit?

2135 5507 2225 5562 25.
2262 5503 2328 5559 Et
2370 5506 2454 5560 his
2496 5506 2568 5558 ita
2620 5505 2829 5575 positis,
2878 5504 3081 5555 multos
3134 5499 3491 5553 fmdissimmn
3537 5498 3638 5552 hoc

2066 5598 2393 5653 daemonium
2437 5595 2854 5651 seductiouihus
2894 5594 3013 5651 suis,
3057 5591 3346 5649 abstraxit,
3382 5599 3435 5640 et
3486 5603 3635 5641 aram

2065 5702 2221 5744 suam
2264 5687 2527 5752 residere,
2563 5702 2658 5757 spe
2695 5684 3023 5759 recipiendae
3068 5682 3339 5745 sanitatis,
3390 5680 3470 5736 vel
3511 5694 3632 5751 pcr-
