4294 6442
336 492 475 557 3413

1289 502 1577 563 LAUDES
1606 505 1680 563 ΙΝ
1715 505 1813 564 SS.
1848 502 2101 562 (.‘YllUM
2128 502 2219 561 ET
2248 502 2619 563 JU.-\NNEM.

3450 501 3590 565 3414

335 603 567 655 τεύοντι.
601 603 755 656 Οῦτω
787 602 895 674 γᾶρ
925 605 1017 658 καὶ
1042 605 1117 673 τῷ
1150 605 1271 661 Λὼτ
1302 609 1399 676 τὴν
1438 610 1592 661 πόλιν
1616 608 1908 679 ὁλόκληρον
1939 612 1983 668 Α
2014 623 2031 677 ι

1885 627 1908 661 ν
1939 612 1983 668 Α
2014 616 2323 677 peccantem
2364 624 2505 677 smpe
2536 607 2779 663 donavit.
2816 607 2888 662 Ita
2941 617 2991 663 et
3036 605 3238 676 Cyrillo
3284 606 3428 661 Deus
3459 621 3581 661 cum

335 694 629 764 ἐχαρίσατο
659 696 749 748 ἐπὶ
794 698 861 766 τῇ
899 698 1113 767 αἰτήσει
1167 700 1454 768 θαυμάσας
1504 700 1667 753 αὑτοῦ
1716 701 1813 753 καὶ
1850 700 1910 753 τὸ

335 785 630 853 πρόσωπον
653 802 665 815 ·
694 786 787 838 καὶ
817 785 894 855 τῷ
916 787 1141 841 Μωῦσεῖ
1163 787 1253 840 τὸν
1284 789 1498 859 Ἰσραὴλ
1524 790 1906 858 ἁμαρτάνοντα

2016 708 2161 756 esset
2189 700 2390 768 justus.
2420 711 2472 753 et
2514 715 2646 755 suns
2682 699 2853 753 instar
2884 698 2983 753 Lot
3029 707 3084 755 et
3132 697 3299 769 Moysi
3329 697 3586 762 famulus,

2020 799 2185 842 totam
2213 787 2487 843 civitatem
2514 796 2569 843 et
2607 788 2861 859 populum
2894 795 3066 841 totum
3096 787 3339 842 donavit.

334 875 594 938 πολλάκις
656 875 998 946 δεδώρηται·
1054 877 1194 931 οὕτω
1251 879 1343 930 καὶ¹
1400 879 1650 948 Κυριλλῳ
1700 877 1830 940 Θεὸς
1880 876 2071 947 δικαίῳ
2120 876 2458 946 τυγχάνοντι,
2516 880 2610 929 καὶ
2669 875 2805 930 κατὰ
2838 875 2960 928 Λὼτ
3012 875 3177 929 αὑτοῦ
3216 875 3307 928 καὶ
3353 874 3589 929 Μωῦσία

336 965 662 1035 θεράποντι,
697 966 849 1018 πόλιν
906 967 1035 1037 ὃλην
1083 969 1178 1022 καὶ
1230 968 1348 1021 ὅλον
1393 969 1517 1021 λαὸν
1569 969 1896 1040 ἐδωρήσατο.

407 1058 510 1123 κζ’.
551 1060 661 1112 Καὶ
707 1058 771 1130 δὴ
796 1060 1013 1130 νύκτωρ
1060 1060 1206 1132 αὐτῷ
1240 1063 1359 1131 μεθ’
1418 1065 1652 1128 ἱκετείας
1709 1063 1903 1117 καθεύ-

334 1148 499 1208 δοντι,
560 1151 627 1202 δι’
687 1151 919 1219 ἀγγέλου
968 1152 1030 1203 τὸ
1083 1154 1354 1221 πρακτέον
1405 1156 1696 1225 ἐμήνυσεν.
1731 1155 1910 1226 Κῦρον

338 1241 601 1303 κελεύσας
625 1243 716 1295 τὸν
739 1243 982 1312 ἀοίδιμον
1015 1243 1265 1314 μάρτυρα
1314 1245 1422 1298 ἀπὸ
1452 1246 1543 1299 τοῦ
1566 1247 1793 1317 Μάρκου
1815 1246 1909 1299 τοῦ

337 1331 631 1386 θεσπεσίου
679 1333 782 1388 νεὼ
818 1335 951 1402 πρὸς
1001 1336 1091 1388 τὸν
1120 1336 1228 1389 τῶν
1267 1337 1461 1404 ’Δγίιιιν
1499 1338 1912 1405 Εὑαγγελιστῶν

337 1425 505 1492 σηκὸν
530 1426 997 1495 μεταστήσασθαι,
1029 1428 1245 1495 ὅνπερὸ
1292 1428 1659 1499 προεδρεύσας
1716 1429 1909 1499 Θεόφι-

336 1513 428 1576 λος
462 1517 518 1566 ὲν
542 1516 677 1584 αὐτῇ
708 1517 771 1585 τῇ
807 1518 967 1588 κώμῃ
995 1516 1245 1587 Μηθυθῇ
1286 1514 1355 1589 ἦν
1404 1520 1804 1589 ὀομησάμενος,
1855 1522 1912 1573 ὲν

335 1599 368 1676 ᾖ
403 1608 495 1657 καὶ
517 1605 575 1657 τὸ
604 1606 820 1658 εἴδωλον
843 1607 1043 1676 ἵδρυτο,
1073 1610 1165 1661 κα)⁸
1210 1609 1270 1662 τὸ
1325 1610 1603 1679 δαιμόνιον
1637 1611 1911 1663 ἐπεπόλα-

334 1694 448 1760 ζεν.
481 1696 681 1749 Τοῦτον
707 1696 971 1766 Κύριλλος
1020 1699 1047 1750 6
1083 1700 1385 1769 θαυμάσιος
1425 1701 1514 1754 τὸν
1546 1702 1794 1771 χρησμὸν
1844 1702 1911 1756 δι’

332 1786 567 1853 ἀγγέλου
595 1786 909 1854 δεξάμενος,
945 1790 1037 1841 ἐπὶ
1064 1789 1292 1860 Μάρκον
1318 1790 1410 1843 τὸν
1465 1790 1619 1859 ἃγιον
1651 1792 1909 1862 ἔδραμεν,

331 1878 426 1929 καὶ
472 1876 533 1929 τὺ
574 1878 769 1930 σεπτὸν
818 1877 1132 1947 ἐκκαλύψας
1193 1879 1376 1948 Κύρου
1431 1879 1721 1949 σπιρίδιον,
1759 1881 1906 1935 ἔνδον

332 1970 432 2022 σὺν
462 1968 613 2035 αὐτῷ
640 1969 733 2020 καὶ
767 1968 1020 2037 Ἰωάννην
1043 1968 1134 2021 τὸν
1167 1967 1470 2038 τρισόλϐιον
1498 1968 1753 2038 εὕρισκεν
1775 1983 1788 1998 ’
1815 1968 1907 2021 καὶ

2087 1062 2175 1115 9.7.
2219 1062 2284 1116 Et
2330 1076 2458 1116 ecce
2494 1067 2656 1115 noctu
2711 1069 2765 1115 et
2817 1068 2937 1131 post
2985 1059 3417 1132 supplicationes
3461 1059 3592 1114 dor-

2020 1151 2208 1206 mienti
2243 1168 2305 1219 pc
2370 1152 2620 1221 angclmn
2668 1150 2798 1217 quid
2847 1160 2991 1205 esset
3045 1149 3318 1221 agendum
3382 1148 3594 1219 signifi-

2018 1244 2183 1306 cavit,
2228 1243 2427 1314 Cyrum
2467 1244 2663 1311 jubens
2718 1243 3126 1297 memorabilem
3176 1253 3472 1313 martyrem
3522 1243 3590 1296 ab

2018 1333 2219 1403 egregii
2252 1332 2412 1387 Marci
2447 1334 2644 1402 templo
2685 1334 2749 1387 ad
2778 1341 3092 1387 sanctorum
3128 1332 3590 1403 evangelistarum

2023 1425 2319 1480 transferre
2366 1425 2669 1488 basilicam,
2717 1439 2877 1493 quam
2932 1422 3290 1493 Theophilus,
3324 1423 3415 1494 qui
3466 1433 3593 1477 ante

2012 1517 2121 1571 illic
2140 1518 2488 1586 praesulatum
2510 1525 2777 1576 tenuerat.
2799 1517 2853 1569 in
2882 1515 3071 1570 eodem
3098 1515 3321 1571 castello
3349 1516 3587 1571 Mentithi

2011 1608 2352 1663 dedicaverat
2383 1625 2396 1673 ;
2434 1608 2484 1661 iu
2518 1623 2626 1676 quo
2656 1615 2708 1660 et
2731 1608 3090 1661 simulat-rum
3123 1607 3356 1659 locatum
3392 1605 3591 1667 fuerat.

2011 1707 2063 1755 et
2092 1699 2421 1754 dasntonium
2470 1698 2924 1765 frequentabant;
2984 1696 3087 1752 hoc
3141 1697 3327 1765 itaque
3359 1696 3595 1766 (lyrillus

2011 1791 2283 1847 mirabilis
2347 1791 2571 1845 oraculo
2623 1799 2871 1861 accepto,
2926 1792 2989 1845 ad
3044 1803 3293 1845 sanctum
3351 1789 3595 1846 Marcum

2012 1882 2276 1947 cucurrit,
2303 1892 2356 1936 et
2380 1882 2673 1937 venerabili
2709 1882 2949 1936 revelato
2974 1881 3101 1953 Cyri
3146 1881 3416 1952 sepulcro,
3443 1881 3594 1937 intus

2012 1988 2135 2029 cum
2153 1987 2217 2027 eo
2238 1970 2569 2027 etJoannem
2599 1973 2971 2027 beatissimum
3000 1972 3219 2043 reperit,
3242 1982 3295 2027 ct
3319 1973 3594 2043 sapienter

332 2061 514 2128 σοφῶς
578 2061 931 2128 λογισάμενος
984 2060 1059 2123 ὡς
1113 2061 1458 2130 ἀμφοτέρους
1518 2060 1581 2113 τὸ
1625 2059 2028 2142 θεόλεκτονΒε]

1895 2080 1905 2111 ν
1934 2083 1981 2142 Β
2011 2066 2312 2122 arbitratus
2335 2067 2477 2133 quod
2513 2076 2774 2137 utrosque
2800 2082 2829 2121 a
2858 2066 2966 2122 Deo
2998 2069 3199 2122 dictqu
3237 2076 3591 2136 prmceptum,

328 2155 663 2223 πρόσταγμα
691 2155 756 2222 τῇ
794 2153 888 2205 τοῦ
920 2152 1036 2214 ἑνὸς
1061 2150 1426 2222 προσηγορίᾳ,
1482 2151 1572 2203 διὰ
1602 2151 1699 2221 τὴν
1722 2151 1903 2220 ἀμφο-

326 2245 505 2312 τέρων
523 2243 810 2313 ὁμολογίαν
832 2259 886 2295 τε
916 2242 1007 2294 καὶ
1037 2242 1416 2310 ὁμοςρροσύνην
1453 2241 1745 2310 ἐμήνυσεν,
1808 2240 1907 2293 καὶ

326 2337 406 2399 ὡς
433 2336 493 2388 οὐ
523 2336 641 2387 δέον
672 2334 865 2387 διελεῖν
902 2335 1040 2403 μετά
1078 2333 1307 2387 θάνατον
1352 2332 1445 2394 οῦς
1487 2332 1547 2385 οῦ
1582 2331 1801 2402 τρόπος,
1843 2330 1904 2383 οῦ

326 2427 515 2488 τόπος,
541 2426 601 2477 ού
636 2425 825 2491 τάφος,
853 2424 913 2476 ού
946 2423 1160 2493 χρόνος,
1190 2423 1250 2475 οὐ
1280 2422 1447 2485 πάθος
1502 2420 1763 2480 διέλυσεν.
1789 2419 1910 2473 τού-

325 2534 457 2579 τους
484 2517 649 2586 ἄμφω
675 2514 853 2567 λαϐὼν
872 2516 948 2575 εἰς
972 2515 1029 2567 τὸ
1050 2514 1236 2583 λεχθὲν
1304 2513 1481 2566 αὐτῶν
1502 2513 1607 2565 τῶν
1661 2511 1906 2579 Εὑαγγε-

325 2607 524 2663 λιστῶν
550 2607 693 2677 ἱερὸν
740 2606 1047 2675 μετήγαγεν
1078 2606 1320 2675 τέμενος.
1350 2602 1583 2673 σκιρτῶν
1634 2602 1766 2669 ὁμοῦ
1814 2602 1908 2656 καὶ

331 2700 706 2768 ἀγαλ>.ὁ;.ι.ενος
736 2698 879 2750 κατὰ
904 2696 1068 2749 Δαϐἰδ
1085 2698 1174 2748 τὴν
1196 2696 1461 2764 μακάριον
1492 2693 1599 2763 πρὸ
1628 2693 1725 2763 τῆς
1744 2692 1910 2746 κιῦω·

328 2792 424 2845 τοῦ
490 2789 692 2859 Κυρίου
750 2789 1042 2858 χορεύοντα
1106 2786 1503 2857 παραπλησίως
1555 2782 1907 2855 μιμούμενος.

332 2881 497 2933 ’Ὁθεν
522 2882 615 2933 καὶ
644 2879 762 2931 κατ’
796 2880 958 2931 αὐτὸν
991 2878 1080 2930 τῗλν
1113 2877 1367 2946 Μελῳδον
1410 2878 1509 2945 τὴν
1535 2875 1911 2945 πνευματικὴν

330 2971 500 3025 αὑτοῦ
567 2971 736 3039 λύραν
778 2972 870 3022 καὶ
940 2969 1297 3021 θεᾶπνευστον
1341 2968 1720 3038 ἁρμοσάμενος
1775 2965 1919 3035 μελ-

329 3064 520 3132 ῳίίαις
548 3063 641 3114 δὲο
664 3063 787 3122 τοὺς
822 3065 1102 3131 μλρτνρας
1122 3061 1334 3131 ᾔνεσεν,
1367 3061 1464 3129 τὴν
1497 3058 1722 3112 ἐνοῦσαν
1756 3056 1907 3127 αὐτῷ

329 3155 675 3223 δημοσιεύων
736 3154 1095 3221 τερπνὸτητα,
1158 3151 1250 3204 καὶ
1274 3150 1685 3213 τοῖςεύσεϐἑσιν
1738 3151 1905 3205 είκων

331 3250 429 3301 καὶ
456 3248 761 3315 {indis-.73.:
788 3244 885 3312 τῆς
932 3244 1028 3296 ἐπὶ
1052 3245 1161 3306 τοῖς
1196 3243 1369 3309 ἁγίοις
1396 3241 1734 3312 εὐφροσύνης
1764 3241 1911 3311 γινό-

334 3354 499 3408 μενος
525 3354 536 3365 ·
564 3337 637 3398 ὡς
660 3336 753 3387 καὶ
778 3335 827 3386 οἱ
858 3336 951 3386 νῦν
977 3333 1413 3403 ἐντυγχάνοντες,
1458 3333 1549 3384 καὶ
1574 3332 1662 3383 τὸν
1694 3331 1905 3384 ἐκείνου

2008 2172 2106 2227 per
2140 2159 2302 2213 unius
2330 2158 2747 2229 appellationem
2788 2166 3011 2227 propter
3041 2157 3332 2227 utriusque
3366 2171 3591 2212 concor-

2008 2247 2151 2303 diam
2201 2255 2255 2303 ct
2310 2248 2724 2302 unanimitatem
2781 2247 3128 2312 iudicaverit,
3180 2255 3234 2302 et
3280 2245 3426 2317 quod
3480 2260 3587 2300 non

2008 2348 2154 2395 esset
2186 2339 2445 2394 decorum
2498 2348 2621 2409 post
2677 2350 2906 2393 mortem
2969 2352 3224 2407 separare
3274 2351 3418 2407 quos
3478 2352 3586 2390 non

2008 2446 2149 2493 mos,
2180 2446 2288 2485 non
2320 2430 2494 2495 locus,
2528 2445 2637 2485 non
2681 2429 3018 2499 sepulcrum,
3064 2443 3174 2484 non
3216 2439 3453 2499 tempus,
3480 2444 3585 2483 non

2010 2522 2192 2593 passio
2230 2521 2612 2585 dissolvisset;
2665 2521 2765 2575 hos
2814 2522 3009 2575 ambos
3058 2526 3311 2589 acceptos
3354 2518 3409 2572 in
3448 2518 3590 2573 idem

2006 2613 2117 2683 jam
2149 2613 2355 2668 dictum
2397 2614 2851 2683 cvangelistarum
2893 2628 3109 2667 sacrum
3144 2613 3429 2667 transtulit
3460 2621 3591 2666 tem-

2010 2702 2723 2773 plum,tripudiansparitcr
2754 2712 2807 2757 et
2837 2702 3405 2773 cxsultans,beatiqne
3428 2701 3589 2756 David

2012 2808 2218 2849 morem
2251 2794 2495 2860 imitans,
2537 2804 2660 2848 ante
2710 2809 2891 2848 aream
2941 2791 3155 2847 Deinini
3210 2793 3440 2848 chomm
3489 2793 3591 2846 du-

2010 2884 2185 2940 centis
2215 2902 2228 2937 :
2257 2883 2401 2940 unde
2447 2892 2501 2940 et
2539 2882 2843 2940 secundum
2885 2883 3137 2938 eumdem
3172 2883 3589 2940 modulatorem.

2012 2990 2133 3030 cum
2168 2975 2467 3045 spiritalem
2495 2976 2670 3045 lyram
2703 2991 2858 3030 suam
2898 2984 2951 3029 et
2982 2973 3247 3029 divinitus
3269 2974 3589 3043 inspiratam

2012 3073 2338 3136 coaptassct,
2395 3064 2611 3121 duobus
2655 3077 2928 3136 martyres
2977 3064 3218 3120 laudavit
3268 3064 3592 3119 modulami-

2010 3156 2196 3222 mbus,
2243 3156 2646 3227 iucunditatem
2686 3172 2806 3225 qua:
2838 3156 2941 3212 sibi
2980 3156 3160 3211 inerat
3202 3156 3506 3226 publicatis,
3539 3164 3593 3209 et

2012 3249 2118 3320 pils
2138 3249 2318 3319 imago
2333 3255 2386 3302 et
2409 3247 2715 3318 exemplum
2740 3248 2792 3302 in
2817 3255 3129 3305 sanctormn
3158 3246 3340 3302 laetitia
3380 3246 3588 3309 factus;

2015 3357 2135 3413 quae
2195 3351 2251 3397 et
2306 3340 2359 3394 hi
2415 3340 2504 3411 qui
2569 3353 2714 3394 nunc
2776 3346 2906 3393 sunt
2961 3339 3279 3407 relegentes,
3334 3347 3389 3393 et
3444 3337 3593 3392 illius

331 3429 500 3481 πςῢον
552 3426 940 3494 γινώσκουσιν,
971 3425 1065 3476 καὶ
1108 3422 1241 3492 πρὸς
1294 3427 1395 3489 τὴν
1444 3419 1610 3475 αὑτοῦ
1666 3420 1907 3475 διάθεσιν
1938 3418 2027 3486 ϐε

1893 3439 1907 3474 θ
1938 3418 1981 3479 C
2014 3445 2255 3486 amorem
2287 3438 2643 3500 cognoscunt,
2671 3437 2725 3483 et
2751 3427 2815 3483 ad
2841 3428 3014 3498 ipsius
3037 3427 3283 3482 afl'cctmn
3312 3438 3589 3497 pertrans—

335 3517 771 3587 μεταϐάλλουσιν
805 3530 819 3545 ’
858 3514 1136 3583 χαίρουσιν
1161 3511 1267 3582 γὰρ
1292 3511 1455 3573 εὐθὺς
1517 3513 1612 3563 καὶ
1673 3511 1909 3581 σκιρτῶ-

333 3626 418 3662 σιν
458 3608 534 3670 ὼς
572 3606 855 3676 Rapina;
887 3604 980 3656 καὶ
1010 3603 1099 3655 τδν
1133 3603 1362 3672 Χριστὸν
1416 3605 1528 3664 τοῖς
1574 3600 1763 3670 ὕμνοις
1819 3618 1912 3670 γε·

333 3705 641 3773 ραίρουσιν,
691 3702 786 3753 καὶ
842 3700 961 3761 ταῖς
1010 3697 1305 3765 εὐφημίαις
1370 3695 1726 3764 στεφανοῦσιν
1782 3696 1909 3758 τοὺς

334 3797 641 3868 μάρτυρας.

404 3892 512 3955 κη’.
546 3881 835 3950 Θαυμάσαι
860 3880 968 3949 γὰρ
998 3879 1164 3942 ὅντως
1195 3878 1340 3930 ἐστὶν
1398 3878 1493 3930 τοῦ
1542 3876 1792 3946 Σωτῆρος
1852 3877 1913 3930 τὸ

330 3975 611 4035 τεάναλκες
674 3971 767 4024 καὶ
812 3970 871 4023 τὸ
900 3970 996 4038 τῆς
1046 3967 1210 4021 αὑτοῦ
1257 3967 1507 4036 προνοίας
1549 3966 1910 4038 πανεύπορον,

332 4064 451 4127 πῶς
477 4064 539 4116 οὐ
570 4062 715 4114 θεῖον
750 4058 808 4125 ἐξ
847 4060 1078 4131 ούρανοῦ
1113 4060 1304 4131 βρέξας
1335 4061 1427 4114 κα)⁵
1446 4060 1578 4132 πῦρ,
1610 4060 1703 4114 τὸν
1736 4061 1919 4131 ἀλιτή-

334 4173 451 4225 ριον
484 4156 696 4207 ἐκεῖνον
718 4151 1061 4223 ἐκεραύνωσε
1090 4153 1340 4221 δαίμονα,
1383 4152 1459 4216 ὼς
1506 4152 1673 4207 πάλαι
1701 4152 1910 4222 Σόδομά

332 4262 391 4299 τε
421 4245 519 4298 καὶ
555 4243 809 4314 Γόμορρα
833 4244 898 4311 τῇ
929 4241 1085 4309 φύσει
1134 4243 1478 4311 μεμφόμενα,
1505 4243 1599 4295 καὶ
1635 4242 1728 4295 τὸν
1756 4243 1920 4312 Ποιη-

332 4338 431 4405 τὴν
493 4334 572 4398 ὡς
636 4334 737 4386 οὐκ
777 4327 834 4386 εὖ
864 4332 932 4385 τὰ
980 4332 1103 4385 καθ’
1153 4334 1300 4404 ἡμᾶς
1354 4332 1667 4403 διαθέμενον
1697 4331 1915 4403 ὶνυϐρί-

335 4429 497 4491 ζοντα
524 4443 537 4457 ο
565 4425 692 4479 οῦτε
725 4424 829 4495 γῆν
856 4424 1172 4495 ἀνοιχθῆναι
1212 4427 1305 4477 καὶ
1332 4428 1623 4477 καταπιεῖν
1650 4424 1740 4479 τὸν
1773 4423 1914 4478 ἀκά-

338 4523 539 4589 υαρτον
578 4518 815 4586 ἱκρινεν,
854 4515 929 4580 ὣς
958 4533 1089 4569 ποτε
1142 4515 1322 4568 Δαθὰν
1364 4517 1457 4570 καὶ
1500 4513 1732 4587 Ἀϐιρὼν
1788 4532 1917 4569 συνο

330 4611 558 4680 ἀγωγὴν
587 4609 938 4679 ὑπερήφανον
969 4624 984 4639 ·
1016 4606 1140 4661 οὔτε
1194 4606 1373 4670 λίθους
1398 4606 1680 4681 ὀμϐρήσας
1698 4609 1789 4662 τὸν
1821 4609 1919 4661 ἀν-

328 4699 474 4754 όσιον
532 4700 903 4769 ἐχαλάζωσεν,
952 4696 1029 4761 ὡς
1054 4697 1205 4761 ιθνος
1253 4698 1383 4752 ποτε
1404 4698 1484 4769 τῷ
1541 4698 1759 4769 Ἰσραὴλ
1790 4699 1918 4752 ἀνο-

331 4792 629 4861 ιστάμενον
662 4807 677 4823 ο
700 4788 824 4842 οὔτε
859 4790 1044 4843 πεσεῖν
1083 4790 1145 4842 τὸ
1184 4788 1281 4842 τοῦ
1320 4788 1520 4859 μιαροῦ
1579 4788 1915 4860 βδελυρώτα-

328 4901 415 4937 τον
441 4882 698 4952 ἄγαλμα,
733 4880 827 4933 καὶ
867 4881 946 4943 είς
962 4879 1137 4933 λεπτά
1167 4881 1518 4951 συντριϐῆναι
1548 4881 1904 4951 προσέταξεν,

325 4977 397 5038 ὡς
430 4977 601 5028 πάλαι
636 4974 730 5025 τὸν
762 4971 870 5043 Βὴλ
890 4973 981 5025 καὶ
1010 4972 1100 5025 τὸν
1135 4972 1323 5041 Δαγὼν
1348 4973 1912 5039 κατελέπτυνεν,ἀλλά

328 5066 543 5133 σώμασι
566 5065 787 5135 νεκροῖς
812 5064 906 5117 καὶ
925 5066 1345 5137 κεκοιμημένοις
1370 5067 1427 5119 ἐν
1450 5068 1691 5137 μνήματι
1710 5067 1770 5122 τὸ
1788 5067 1912 5121 τού-

324 5172 416 5209 του
460 5157 668 5229 θράσος
717 5157 1078 5221 κατεύνασεν,
1109 5159 1203 5212 καὶ
1255 5158 1363 5213 τῶν
1393 5159 1480 5215 ἐπ’
1504 5160 1651 5231 αύτῷ
1686 5178 1905 5231 καυχωο

330 5248 502 5316 μένων
551 5249 655 5320 τὴν
691 5248 1014 5312 ἀλαζονείαν
1067 5249 1409 5321 κατῄσχυνεν
1447 5268 1462 5285 ·
1497 5251 1663 5317 δεῖξαι
1714 5252 1907 5314 θέλων,

322 5338 397 5404 ὡς
429 5336 622 5411 οἷμαι,·
636 5342 752 5403 τοῖς
786 5344 1026 5406 συνετοῖς
1058 5342 1151 5396 καὶ
1180 5344 1521 5413 ἀρτίφροσιν,
1557 5345 1695 5416 πόση
1750 5344 1848 5415 μὲν
1877 5347 1909 5416 ή

326 5428 433 5483 τῶν
455 5430 625 5484 αὑτοῦ
656 5431 953 5502 μαρτύρων
978 5432 1072 5485 καὶ
1096 5433 1233 5502 μετά
1266 5432 1495 5487 θάνατον
1522 5433 1776 5504 δύναμις,
1808 5434 1911 5487 πό-

330 5536 393 5590 ση
422 5520 479 5574 δὶ
510 5521 625 5575 τῶν
654 5522 789 5592 παρ’
814 5521 1039 5592 Ἕλλησι
1065 5522 1202 5576 θεῶν
1236 5525 1267 5594 ή
1302 5524 1579 5585 ἀσθένεια.
1637 5526 1733 5579 καὶ
1784 5525 1910 5578 ὅσον

323 5620 594 5688 ἡττῶνται
626 5623 678 5675 οἱ
709 5620 823 5675 θεοὶ
862 5621 1219 5694 χρηματίζειν
1240 5620 1598 5691 αὐχήσ-αντες,
1632 5616 1911 5687 ἀκινήτοις

335 5710 499 5779 ἁγίων
526 5712 625 5768 καὶ
659 5714 876 5783 νεκροῖς
902 5712 994 5768 καὶ
1034 5713 1110 5783 μὴ
1142 5710 1464 5781 πορεύουσιν
1493 5705 1758 5776 σώμασιν.

2015 3530 2143 3574 eunt
2176 3535 2189 3572 :
2226 3518 2463 3589 gaudent
2527 3518 2671 3574 enim
2725 3518 2986 3572 continuo
3030 3527 3083 3573 ει
3129 3519 3404 3574 exsultant
3442 3534 3594 3574 more

2015 3608 2222 3681 Cyrilli,
2247 3608 2636 3677 Christumque
2665 3606 2882 3678 hymnis
2906 3607 3314 3674 concelebrant,
3343 3619 3398 3663 et
3436 3621 3590 3663 coro-

2016 3714 2147 3760 nant
2179 3701 2429 3758 laudibus
2460 3710 2747 3772 martyres.

2085 3874 2176 3931 98.
2213 3871 2457 3928 Miranda
2482 3871 2625 3928 enim
2654 3885 2841 3927 revera
2862 3882 2945 3927 est
2980 3871 3280 3929 Salvatorts
3324 3877 3589 3944 potentia.

2018 3972 2073 4023 et
2104 3964 2224 4035 ejus
2252 3961 2605 4033 providentiae
2658 3960 2879 4027 divitia‘,
2913 3961 3183 4029 quomodo
3214 3978 3317 4017 non
3364 3964 3596 4034 sulphur

2020 4058 2087 4113 de
2137 4056 2273 4112 cmlo
2304 4054 2497 4125 pluens
2533 4059 2587 4108 et
2621 4052 2783 4123 ignis.
2820 4054 3041 4107 noxium
3095 4054 3243 4106 illum
3296 4054 3595 4111 (Irenwnem

2022 4143 2867 4219 fulguraverit,quemadmodum
2888 4142 3123 4198 Sodoma
3143 4146 3416 4214 quondam
3437 4154 3599 4217 atque

2022 4237 2345 4301 Gomorrha,
2376 4247 2588 4290 natura:
2631 4233 2996 4301 detrahentia,
3030 4244 3083 4290 et
3116 4233 3397 4293 Factorcm
3443 4238 3596 4306 quasi

2025 4343 2130 4384 nun
2166 4328 2301 4382 bene
2347 4339 2468 4397 quae
2514 4325 2661 4379 circa
2694 4339 2791 4381 nos
2825 4334 2954 4381 sunt
2984 4325 3340 4397 disposuerit.
3379 4328 3597 4398 injuriis

2024 4414 2373 4486 impotentia;
2436 4427 2612 4483 neque
2664 4419 2873 4467 terram
2920 4414 3120 4483 aperiri
3182 4423 3237 4468 et
3304 4414 3598 4470 absorbere

2024 4506 2363 4562 immundmn
2406 4504 2754 4574 judicaverit.
2791 4512 2850 4557 ut
2900 4506 3193 4575 aliquando
3222 4507 3455 4576 superba
3489 4506 3597 4561 Da-

2022 4599 2153 4652 than
2172 4606 2225 4651 et
2245 4596 2447 4649 Abiron
2471 4594 2886 4651 conventicula:
2918 4609 3093 4665 neque
3120 4596 3396 4666 lapidibus
3426 4598 3601 4653 instar

2025 4688 2278 4743 imbrium
2302 4687 2544 4741 dimissis
2566 4685 2979 4755 grandinaverit
3002 4701 3111 4740 non
3136 4697 3411 4752 sanctum,
3437 4690 3596 4743 sicuti

2020 4785 2235 4847 gentem
2266 4774 2538 4845 quondam
2569 4789 2690 4843 qum
2712 4775 2915 4830 restitit
2934 4774 3121 4830 lsraeli
3153 4795 3166 4830 :
3196 4792 3375 4846 neque
3404 4780 3598 4833 cadere

2019 4866 2169 4920 illius
2219 4864 2405 4934 polluti
2460 4862 2823 4919 abominabile
2872 4864 3225 4921 simulacrum
3281 4875 3335 4921 et
3386 4867 3438 4921 in
3476 4868 3599 4938 pul-

2016 4969 2198 5010 verem
2219 4953 2423 5008 coiitcri
2443 4953 2689 5022 jusserit,
2719 4955 2859 5010 sicut
2883 4957 3011 5011 olim
3039 4955 3129 5011 Bel
3152 4966 3206 5010 et
3233 4955 3414 5028 Dagou
3447 4974 3598 5013 com-

2020 5045 2319 5109 minuerat;
2356 5047 2449 5098 sed
2487 5058 2580 5114 per
2634 5059 2863 5115 corpora
2913 5055 3129 5101 mortua
3178 5058 3232 5103 et
3271 5048 3510 5117 jacentis
3542 5052 3597 5107 in

2022 5144 2403 5197 monumento,
2439 5136 2604 5206 hujus
2640 5139 3000 5193 temeritatem
3033 5140 3304 5207 deposuit,
3350 5153 3403 5195 et
3441 5156 3594 5197 com-

2018 5229 2229 5299 pescuit
2282 5228 2577 5289 insaniam,
2630 5235 2685 5281 et
2730 5227 2785 5281 in
2834 5242 2894 5283 se
2929 5228 3286 5298 gloriantiqu
3351 5232 3595 5289 confusit

2010 5319 2329 5390 jactantiam
2348 5334 2362 5382 ;
2384 5318 2671 5374 ostendere
2704 5319 2914 5383 volens,
2931 5330 2990 5375 ut
3018 5336 3162 5388 reor,
3182 5323 3520 5393 sapientibus
3541 5334 3595 5381 et

2018 5423 2212 5465 sensus
2230 5423 2394 5464 sanos
2418 5408 2767 5472 habentibus,
2782 5417 2985 5479 quanta
3007 5412 3323 5466 earumdem
3351 5413 3591 5482 ipsorum

2021 5510 2321 5570 martyrum
2357 5499 2521 5553 etiam
2548 5505 2672 5567 post
2706 5507 2935 5553 mortem
2964 5498 3128 5553 fuerit
3154 5499 3352 5563 virtus,
3386 5510 3593 5567 quanta

2016 5605 2147 5647 vero
2177 5590 2456 5660 gentilium
2483 5587 2714 5645 deorum
2740 5589 3051 5654 inﬁrmitas,
3072 5599 3127 5646 et
3149 5600 3355 5661 quanto
3377 5590 3595 5647 facilius

2018 5684 2070 5739 hi
2098 5682 2189 5753 qui
2225 5682 2360 5739 deos
2407 5690 2628 5737 vocatos
2663 5694 2723 5736 se
2762 5680 3088 5753 gloriantur,
3145 5696 3238 5751 per
3292 5682 3596 5738 immobilia

2018 5785 2333 5833 sanctorum
2401 5783 2455 5830 et
2518 5779 2733 5830 mortua
2783 5779 2839 5828 ct
2888 5786 2996 5829 non
3054 5771 3315 5843 spirantia
3364 5785 3596 5845 corpora

2018 5874 2364 5936 superentur.
