4294 6442
330 434 473 495 3ἂ25

326 630 685 697 γαλούμενος,
716 630 809 683 τοῦ
834 633 959 683 νέου
993 632 1055 682 τὸ
1083 632 1253 692 πάθος
1285 632 1573 692 ἐδείκνυεν,
1634 632 1726 683 καὶ
1785 631 1910 701 βοη-

325 719 440 767 θεῖν
462 718 732 787 ἠντιϐόλει
758 719 835 788 τῷ
856 720 1006 772 παιδὶ
1028 720 1411 776 κινδυνεέοντι,
1436 723 1530 772 καὶ
1560 719 1783 789 μισθους
1811 721 1909 789 τῆς

328 808 626 873 θεραπείας
674 810 1051 877 προσέφερεν,
1092 810 1154 860 (li
1184 812 1239 862 δὲ
1269 811 1360 862 τὸν
1404 811 1689 862 Ἰουὶιανζν
1730 808 1908 877 (τοῦτο

326 898 439 964 γὰρ
467 892 534 964 ἦν
568 898 741 966 ὖνομα
773 899 853 967 τῷ
881 899 1082 968 πατρὶ)
1113 899 1200 953 διὰ
1230 900 1399 968 τιμῆς
1445 901 1689 961 πλείονος
1744 900 1907 967 ἄγον-

322 1005 439 1048 τες,
470 992 565 1041 καὶ
595 989 685 1040 τὸν
721 989 885 1041 παῖδα
915 992 1165 1059 στέργειν
1194 989 1338 1059 ὑπὲρ
1386 992 1550 1042 αὑτὸν
1605 989 1909 1059 ἐπομνύμε-

326 1096 425 1136 νοι,
460 1082 553 1129 καὶ
578 1079 757 1142 ἄλλως
805 1096 921 1142 πως
947 1080 1046 1146 τὴν
1077 1080 1247 1150 ὁλκὴν
1293 1081 1402 1133 τῶν
1458 1080 1667 1150 μισθῶν
1712 1080 1906 1148 ἐψηδῦ-

330 1169 611 1236 εγοενοιδῆς
635 1186 695 1220 τε
719 1169 876 1221 νόσου
898 1170 995 1239 τὴν
1023 1170 1211 1223 ἄκεσιν
1241 1171 1398 1239 χρέος
1422 1168 1560 1222 εἶναι
1581 1169 1904 1239 διώμνυντο,

327 1258 420 1308 καὶ
445 1257 650 1327 ταύτην
675 1259 816 1314 αἰδοῖ
843 1263 938 1314 καὶ
968 1265 1103 1332 τιμῇ
1127 1264 1221 1315 τοῦ
1257 1264 1482 1333 πατρὸς.
1524 1265 1614 1316 καὶ
1642 1264 1792 1333 πόθῳ
1813 1265 1910 1316 καὶ

327 1351 530 1417 στοργῇ
573 1350 667 1401 τοῦ
694 1352 883 1413 παιδος
913 1356 1221 1424 παρασχεῖν
1252 1356 1675 1423 ἐπηγγέλλοντο.
1713 1357 1821 1407 Καὶ
1843 1356 1907 1424 δὴ

325 1439 505 1492 πάντα
533 1444 601 1493 τὰ
633 1445 732 1511 τῆς
761 1443 955 1513 τέχνης
983 1449 1327 1512 κινήσαντες,
1365 1447 1461 1499 καὶ
1494 1449 1606 1508 τοῖς
1634 1447 1774 1516 ὑπὲρ
1809 1447 1907 1514 τῆς

322 1531 540 1599 τέχνης,
579 1535 626 1585 εἰ
666 1533 813 1587 ἔστιν
844 1536 1040 1600 εἰπεῖν,
1075 1537 1520 1607 ἐγχωρήσαντες,
1570 1537 1785 1605 ὤνησαν
1815 1539 1907 1590 οὐ-

321 1621 414 1672 δέν
442 1637 455 1650 ·
490 1624 612 1673 ἐπεὶ
635 1625 749 1685 τοῖς
783 1624 1054 1693 μάρτυσιν
1089 1626 1158 1678 τὰ
1184 1626 1276 1677 τοῦ
1313 1627 1500 1689 παιδὸς
1532 1629 1776 1699 ἐτηρεῖτο
1800 1645 1906 1681 σω-

320 1713 507 1781 τηρία.
544 1713 747 1766 Τοῦτον
783 1716 894 1784 γὰρ
931 1716 960 1767 ὁ
985 1718 1191 1786 πατὴρ,
1234 1716 1345 1769 τῶν
1383 1717 1583 1786 ἰατρῶν
1637 1719 1907 1788 ἀφελόμε-

320 1819 435 1866 νος,
465 1806 579 1866 τοῖς
637 1804 805 1867 ὅντως
844 1808 1045 1875 ἰατροῖς
1112 1807 1279 1878 Κύρῳ
1314 1808 1408 1860 καὶ
1469 1809 1687 1879 Ἰωάννῃ
1743 1826 1908 1876 προσ-

1286 437 1582 496 LAUDES
1607 436 1688 495 IN
1725 437 1826 495 SS.
1867 436 2122 498 CYIHTM
2158 441 2252 499 ΕΤ
2288 440 2658 502 JOAXNEM.

414 540 473 589 Ὀ
496 539 553 591 δὲ
587 538 770 607 πατὴρ
816 538 940 599 τοὺς
988 537 1255 605 σοϐαροὺς
1303 538 1412 588 τῶν
1479 539 1679 606 ἰατρῶν
1734 555 1904 605 προσ·
1936 541 1985 598 Λ

3440 451 3581 515 3426

2084 544 2200 604 Qua
2239 543 2306 597 de
2344 562 2400 597 re
2433 558 2589 613 pater
2614 548 2735 616 ejus
2778 547 3146 619 elegattiorcs
3174 565 3445 609 aovocans
3471 571 3585 610 tne.-

2016 630 2291 688 dieorunt.
2320 634 2688 689 adulescentis
2733 641 3106 704 :rgritutiinem
3131 641 3539 698 demonstrabat
3563 662 3581 711 ;

2017 729 2071 772 et
2104 732 2156 772 ιιι
2193 721 2529 790 adjutorinm
2558 725 2764 780 ferrent
2797 730 3123 796 periclitanti
3156 748 3329 802 puero
3374 734 3581 804 suppli-

2014 809 2197 869 cabat,
2251 813 2643 881 nucrcedesque
2686 830 2834 871 rurae
2877 820 3217 890 condignas,
3260 822 3581 891 priusquam

2019 915 2211 955 curam
2272 901 2536 969 facerent,
2578 910 2942 976 proponebat.
2988 911 3066 964 Illi
3105 928 3237 967 vero
3274 914 3581 979 .lulianutn,

2014 989 2161 1055 quod
2196 1000 2314 1044 erat
2344 1008 2539 1047 nomen
2579 999 2750 1058 patris
2779 998 2922 1064 ejus,
2963 997 3016 1049 in
3068 1001 3242 1052 multo
3279 1001 3485 1056 honore
3522 1018 3582 1057 se

2013 1095 2224 1148 gerere.
2275 1098 2619 1151 puerumque
2652 1086 2876 1154 diligere
2907 1103 3072 1156 super
3121 1105 3246 1143 eum
3281 1091 3579 1159 jurahaut;

2013 1171 2258 1239 alioquin
2286 1186 2335 1226 ct
2361 1190 2530 1227 onere
2556 1179 2868 1228 mercedum
2909 1178 3101 1239 illecti,
3124 1181 3581 1248 a-gritudinisCu-

2012 1275 2128 1313 ram
2176 1271 2236 1315 ut
2269 1265 2510 1316 debitam
2545 1278 2766 1334 propter
2803 1271 3163 1323 reverentiam
3209 1279 3263 1323 et
3318 1272 3580 1326 honorem

2013 1354 2209 1419 patris,
2247 1368 2599 1424 amoremque
2629 1357 3001 1411 adolescentis
3028 1368 3083 1412 et
3116 1361 3390 1425 affectum,
3422 1363 3581 1415 exhi-

2011 1442 2141 1496 bere
2193 1445 2602 1511 promittebant.
2659 1448 2856 1501 Verum
2914 1451 3005 1501 ulli
3049 1454 3232 1504 omnia
3280 1470 3403 1521 quae
3446 1456 3583 1509 artis

2012 1533 2231 1585 fuerant
2279 1545 2626 1605 peregerunt,
2675 1546 2729 1590 et
2754 1554 2873 1605 qua:
2907 1554 3073 1607 super
3120 1553 3291 1594 artem
3332 1554 3482 1606 sunt,
3533 1546 3582 1598 si

2010 1623 2302 1677 dicendum
2335 1637 2442 1688 cst,
2484 1628 2618 1680 nihil
2648 1628 2995 1696 profuerunt,
3026 1630 3234 1685 idcirco
3258 1633 3403 1702 quod
3434 1649 3581 1687 mar-

2010 1716 2225 1784 tyribus
2255 1716 2408 1783 pueri
2434 1717 2596 1786 Itujus
2621 1720 2948 1773 servabatur
2970 1723 3223 1788 salvatio,
3255 1724 3399 1778 hunc
3429 1738 3584 1790 pater

2012 1819 2040 1857 a
2067 1806 2296 1859 medicis
2338 1808 2619 1867 auferens.
2671 1809 2736 1861 ad
2790 1825 2953 1863 verus
2998 1813 3244 1865 medicos
3287 1813 3490 1884 Cyrum
3526 1823 3583 1869 ct

320 1893 546 1961 ἠνεγκε,
564 1891 641 1946 ὧν
664 1895 763 1963 τὴν
785 1896 973 1963 τιμίαν
998 1898 1153 1964 σορὸν
1188 1898 1545 1968 καταϐρέχων
1573 1900 1686 1961 τοῖς
1717 1899 1913 1970 δάκρυ·
1939 1891 1987 1950 Β
2015 1934 2016 1941 η

1891 1928 1913 1939 -
1939 1891 1987 1950 Β
2015 1894 2283 1950 Joannem
2317 1898 2544 1951 adduxit
2568 1916 2582 1963 ;
2611 1914 2848 1967 quorum
2886 1905 3249 1958 venerahilcm
3271 1906 3581 1960 eortfessio-

323 2001 430 2045 σιν,
466 1985 718 2054 ἀρωγοὺς
747 1987 1001 2053 γενέσθαι
1038 1987 1130 2041 τοῦ
1182 1988 1370 2051 παιδὸς
1429 1988 1756 2051 ὲλιτάνευεν,
1810 1990 1904 2042 καὶ

324 2075 403 2144 μὴ
434 2076 685 2145 παριδεῖν
719 2077 888 2130 αὐτοῦ
919 2081 1008 2131 τὸν
1042 2080 1157 2132 υἱὸν
1204 2079 1509 2150 τηλικούτῳ
1535 2080 1763 2132 κλύδωνι
1790 2097 1907 2131 συν-

319 2167 604 2234 εχόμενον.
635 2169 698 2220 Οἱ
725 2169 782 2221 δὲ
815 2168 912 2221 τοῦ
942 2170 1200 2239 γέροντος
1223 2172 1650 2236 ἐπακούσαντες,
1699 2172 1793 2223 καὶ
1836 2171 1907 2223 τὰ

319 2256 422 2325 τῆς
455 2258 620 2327 εὐχῆς
651 2260 754 2312 οὐκ
782 2259 1152 2329 ἀτιμάσαντες
1182 2261 1415 2333 δάκρυα,
1449 2263 1654 2315 καὶτὸν
1678 2262 1797 2315 νέον
1823 2264 1906 2317 ἰά-

322 2364 510 2408 σαντο,
544 2351 801 2403 κάκείνου
845 2350 939 2404 τοῦ
991 2352 1168 2405 δεινοῦ
1225 2353 1579 2425 περιδερρέου
1634 2353 1903 2424 λαμπρῶς

320 2439 728 2511 ἠλευθέρωσαν.

408 2530 643 2582 ’Λδικεῖν
696 2530 758 2584 δὲ
809 2531 1037 2600 νομίζω,
1090 2535 1138 2585 εί
1195 2536 1268 2605 μὴ
1313 2536 1407 2589 καὶ
1456 2535 1555 2605 τῆς
1607 2535 1904 2606 θεραπείας

324 2621 551 2689 μνήμην
600 2622 939 2691 ποιήσωμαι.
979 2624 1131 2676 Ἐπεὶ
1156 2626 1263 2697 γάρ
1290 2627 1381 2678 τὸν
1405 2628 1619 2678 νεανίαν
1647 2627 1904 2696 ἁνεῶρων

322 2711 667 2780 ὑπέροςρρυν,
716 2714 813 2764 καὶ
857 2713 936 2782 τῷ
1006 2714 1100 2766 τοῦ
1147 2716 1380 2768 πλούτου
1431 2718 1716 2786 φυσήματι
1766 2718 1902 2787 πρὸς

320 2800 649 2864 ἀλαζονείαν
673 2805 982 2873 αἰρόμενον,
1035 2808 1094 2858 οὐ
1150 2806 1416 2876 πρότερον
1460 2809 1555 2860 τοῦ
1589 2809 1900 2877 σωματικοῦ

319 2891 566 2955 τένοντος
589 2895 689 2955 τὰς
720 2895 956 2965 οὶδήσεις
989 2898 1366 2960 κατέπαυσαν,
1399 2900 1447 2950 εἰ
1478 2899 1551 2968 μὴ
1598 2903 1694 2968 τῆς
1719 2900 1902 2969 ψυχῆς

318 2983 421 3053 τὴν
452 2985 769 3055 φλεγμονὴν
821 2987 1235 3057 ἐθεράπευσαν-
1281 2989 1451 3042 πλείω
1482 2991 1590 3060 γὰρ
1644 2992 1745 3059 τῆς
1793 2992 1902 3043 τῶν

317 3075 508 3145 ψυχῶν
546 3076 744 3138 ἰάσεως
776 3078 871 3129 καὶ
899 3079 1169 3140 ἀπαθείας
1198 3081 1602 3147 φροντίζουσιν.
1653 3081 1758 3134 Τὸν
1808 3081 1900 3134 οῦν

319 3166 641 3235 Ἀμμώνιον
660 3167 808 3237 ψυχῇ
831 3169 1088 3222 νοσοῦντα
1119 3170 1215 3223 καὶ
1245 3170 1455 3240 σώματι
1478 3169 1785 3239 βλέποντες,
1806 3171 1899 3222 καὶ

317 3259 445 3317 τοὺς
470 3257 748 3326 ἑκατέρων
766 3258 1001 3328 αὐχένας
1042 3259 1228 3321 κακῶς
1250 3260 1609 3329 διακείμενον,
1631 3260 1774 3313 οὕτω
1801 3260 1898 3329 τῆς

317 3347 620 3414 θεραπείας
643 3347 882 3417 ἠξίωσαν
897 3363 912 3378 ⁶
932 3350 1147 3418 πρῶτον
1167 3351 1264 3419 μὲν
1279 3352 1345 3403 τά
1362 3353 1468 3421 πρὸ
1483 3354 1578 3422 τῆς
1600 3351 1897 3421 σεϐασμίου

317 3434 503 3486 αὐτῶν
536 3435 699 3504 σοροῦ
762 3436 963 3507 σαροῦν
1004 3439 1405 3502 ἐπιτάττουσιν,
1433 3441 1582 3502 ὅπως
1625 3440 1770 3509 μάθῃ
1823 3442 1898 3510 μὴ

317 3525 709 3596 ὑπερφρονεῖν,
748 3527 835 3579 ἵνα
864 3528 952 3581 διὰ
973 3530 1074 3597 τῆς
1123 3530 1203 3592 εἰς
1252 3531 1320 3582 τὰ
1355 3531 1504 3583 κάτω
1551 3533 1646 3584 καὶ
1688 3533 1768 3594 είς
1793 3534 1898 3601 γῆν

318 3614 723 3680 κατανεύσεως,
763 3616 886 3669 ὅθεν
925 3634 985 3670 τε
1025 3618 1232 3689 ἐλήφθη
1260 3620 1562 3673 διδάσκοιτο
1586 3661 1601 3686 ,
1639 3621 1734 3673 καὶ
1760 3622 1895 3674 ὅπου

317 3703 490 3771 φησὶν
511 3705 541 3755 ὁ
556 3703 690 3767 Θεὸς
701 3703 782 3775 τῷ
798 3708 1210 3778 πρωτοπλάστῳ
1226 3709 1414 3779 ’Λδάμο
1435 3729 1453 3760 ι
1478 3711 1562 3762 Ἐν
1592 3711 1776 3780 ἱδρῶτι
1801 3710 1896 3763 τοῦ

317 3792 617 3859 προσώπου
669 3809 764 3847 σου
821 3799 968 3866 φαγῇ
1008 3798 1100 3850 τὸν
1152 3800 1317 3861 ἄρτον
1364 3817 1478 3863 σου,
1526 3802 1629 3865 ἕως
1656 3797 1719 3855 οῦ
1757 3804 1898 3855 ἁπο-

318 3883 542 3953 οτρέψω
587 3901 649 3936 σε
688 3887 769 3947 είς
806 3886 912 3955 γῆν
947 3886 1007 3952 ἐξ
1059 3884 1126 3960 ἦς
1164 3890 1424 3960 ἐλήφθης.
1453 3891 1536 3945 ὅτι
1587 3892 1659 3961 γῆ
1696 3889 1748 3945 εἴ
1803 3894 1896 3945 καὶ

315 3974 395 4034 είς
421 3973 529 4041 γῆν
560 3973 858 4049 ἀπελεύσῃ.
916 3995 935 4027 ι
979 3979 1089 4031 Καὶ
1126 3980 1262 4049 πρὸς
1290 3982 1424 4034 Θεὸν
1453 3984 1618 4037 Δαϐὶδ
1647 3986 1675 4036 ὁ
1704 3986 1898 4038 θεσπέ-

314 4077 431 4124 σιος
458 4078 472 4091 ·
505 4081 525 4114 α
578 4064 888 4119 Ἀντανελεϊ
942 4069 1003 4121 τὸ
1044 4070 1263 4142 πνεῦμα
1305 4073 1487 4127 αὐτῶν
1523 4077 1616 4129 καὶ
1677 4079 1756 4142 είς
1802 4080 1894 4131 τὸν

312 4156 446 4222 χοῦν
479 4155 663 4208 αὐτῶν
694 4160 1133 4228 ἐπιστρέφουσιν.
1166 4181 1185 4213 ι

397 4246 541 4297 Ἀλλ’
567 4242 664 4299 οὖν
691 4249 792 4318 τῆς
818 4249 999 4318 ψυχῆς
1026 4252 1120 4304 τοῦ
1151 4253 1273 4306 νέου
1297 4254 1388 4307 τὸν
1412 4256 1575 4323 ὄγκον
1621 4262 1896 4329 μαράναν-

309 4350 429 4399 τες,
468 4336 567 4388 καὶ
594 4336 745 4399 ὅστις
770 4338 855 4406 εἴη
905 4340 1099 4407 μαθεῖν
1146 4342 1576 4410 ἀναγκάσαντες,
1607 4350 1697 4399 ἐπὶ
1716 4351 1776 4402 τὸ
1799 4351 1894 4403 τοῦ

312 4429 636 4500 σωματικοῦ
698 4432 973 4502 τραχήλου
1025 4435 1124 4497 τὰς
1171 4439 1429 4508 χοιράδας
1480 4442 1542 4493 τὸ
1603 4444 1893 4512 φάρμακον

309 4519 581 4587 ἔπεμπον.
626 4518 797 4574 Τυῦτο
823 4523 880 4575 δὲ
916 4520 985 4593 ἦν
1008 4525 1109 4595 τῆς
1137 4530 1318 4582 αὐτῶν
1348 4537 1602 4604 κηρωτῆς
1627 4539 1658 4607 ἡ
1685 4539 1893 4591 παναλ-

312 4609 416 4677 κὴς
448 4610 818 4680 ἑμπλαστρος,
855 4613 922 4683 ἢν
961 4615 1113 4685 ἄρτῳ
1153 4619 1436 4687 μιχθεῖσαν
1481 4627 1783 4695 περιθεῖναι
1812 4630 1890 4699 τῷ

306 4700 572 4768 τραχήλῳ
596 4702 939 4769 προσέταξαν
962 4720 976 4734 ·
1009 4707 1104 4758 καὶ⁵
1132 4709 1229 4777 τῆς
1254 4711 1363 4763 τῶν
1383 4713 1556 4780 ἁγίων
1595 4719 1891 4791 γενομένης

308 4790 639 4855 κελεύσεως,
671 4793 767 4845 τοῦ
804 4793 1011 4860 πάθους
1035 4798 1064 4848 ὁ
1094 4803 1221 4862 παῖς
1236 4802 1607 4872 ἀπηλλάττετο
1626 4827 1640 4842 ο
1669 4812 1730 4864 οὐ
1759 4814 1889 4867 πολ-

307 4879 575 4976 λαῖςγάρ
608 4886 742 4976 ταῖς,
762 4887 995 4957 ἡμέραις
1045 4892 1317 4963 ἀντισχεῖν
1358 4900 1414 4952 αἱ
1456 4904 1706 4970 χοιράδες
1753 4907 1890 4976 πρὸς

305 4969 371 5023 τὸ
394 4969 691 5039 φάρμακον
723 4974 969 5044 ίσχυσαν.
995 4979 1158 5033 Ὅθεν
1191 4969 1555 5053 ἐπιτεθέντος
1577 4996 1770 5060 αὐταῖς

307 5055 687 5128 βοηθήματος,
716 5063 890 5128 οὕτως
917 5067 1084 5132 ὀξέως
1105 5070 1296 5144 ῶσπερ
1345 5079 1489 5142 τινὸς
1540 5087 1891 5153 μαστξζοντος

306 5149 483 5213 αὐτὰς
524 5151 558 5221 ἢ
592 5153 885 5219 διώκοντος
926 5159 1127 5227 ἔφυγον
1157 5180 1168 5193 ο
1199 5168 1292 5218 καὶ
1336 5168 1488 5236 ἄφνω
1531 5149 1892 5248 διαρῤήξασαι

305 5242 371 5295 τὸ
416 5246 674 5314 περιέχον
718 5249 890 5312 αὑτάς
928 5251 1023 5304 τοῦ
1075 5256 1300 5325 αὐχένος
1338 5242 1634 5331 δερμάτων
1661 5242 1775 5339 ’πρδ
1797 5274 1891 5325 τοῦ

303 5332 419 5384 τῶν
458 5335 631 5402 ἁγίων
665 5337 869 5393 ἔπεσαν
900 5346 1180 5413 μνήματος
1206 5363 1219 5376 ο
1252 5350 1514 5418 ἑξήκοντα
1546 5357 1603 5409 δὲ
1632 5332 1770 5430 ἦσαν
1798 5368 1892 5418 καὶ

304 5425 451 5479 ἑπτὰ
472 5428 567 5478 τὸν
590 5427 847 5499 ἀριθμὸν,
870 5432 945 5495 ὡς
972 5435 1158 5503 ἔλεγον
1199 5440 1370 5505 αὐτας
1398 5445 1444 5494 οί
1494 5425 1859 5519 μετρήσαντες
1880 5473 1894 5486 θ

304 5518 375 5581 Et;
412 5520 462 5570 οἱ
485 5519 607 5571 τότε
636 5520 715 5588 τῷ
740 5524 845 5589 νεῖ)
871 5526 1280 5596 διακονούμενοι
1323 5535 1415 5585 ἐπὶ
1458 5536 1657 5603 πολλάς
1681 5542 1895 5613 ἡμέρας

305 5609 419 5679 πρὸ
466 5609 562 5662 τοῦ
606 5612 716 5663 τῶν
769 5615 940 5681 ἁγίων
977 5616 1237 5688 ᾐώρησαν
1297 5624 1602 5692 μνήματος,
1655 5632 1753 5703 τὴν
1787 5633 1895 5687 τῶν

378 5777 422 5809 ³²
452 5785 593 5845 Gen.
629 5806 712 5855 ιιι,
760 5790 838 5844 ιιι.
918 5792 959 5823 ³³
992 5793 1136 5851 l‘sal.
1162 5812 1278 5862 cui,
1311 5799 1398 5858 εει,

2009 2002 2130 2039 nem
2176 1987 2435 2057 Iacrymis
2470 1990 2730 2059 irrigans,
2760 1992 3023 2043 auxilium
3059 1997 3201 2046 ferre.
3246 1994 3579 2052 adulescenti

2009 2077 2297 2142 poscebat;
2322 2093 2419 2131 nec
2441 2089 2857 2133 contemnerent
2891 2082 3058 2134 tilium
3087 2085 3207 2151 ejus
3247 2078 3394 2141 tanta
3429 2103 3577 2140 enm-

2008 2182 2256 2235 pressum
2308 2169 2691 2224 fluctuatione.
2753 2169 2818 2223 lli
2907 2188 3037 2226 vero
3084 2177 3231 2228 senis
3272 2179 3576 2233 orationem

2003 2259 2326 2320 exaudiunt,
2365 2261 2485 2327 ejus
2525 2259 2682 2314 ﬂetus
2724 2276 2831 2314 non
2880 2265 3181 2332 aspernati,
3240 2277 3295 2321 ct
3346 2283 3576 2336 puerum

2003 2359 2363 2413 curaverunt,
2389 2359 2443 2407 et
2474 2368 2537 2407 ex
2571 2352 2663 2405 illa
2690 2352 2912 2408 collaris
2929 2357 3073 2410 cutis
3101 2360 3342 2426 pernicie
3371 2361 3578 2416 clarius

2002 2449 2286 2495 CI'IICI‘IIIIL

2071 2530 2342 2597 lujustum
2375 2541 2559 2588 autem
2581 2537 2861 2602 existimo,
2889 2540 2996 2593 nisi
3024 2546 3079 2593 et
3110 2541 3415 2597 curationis
3462 2558 3579 2599 me-

2005 2624 2232 2675 moriam
2274 2624 2561 2683 faciamus.
2602 2627 2813 2685 Etenim
2856 2633 3101 2687 videntes
3147 2635 3399 2687 euunlem
3441 2635 3577 2689 ado-

2005 2712 2301 2768 lescentem
2333 2720 2629 2785 supercilio
2656 2722 2952 2787 elevari,et
2986 2725 3283 2791 opulentia;
3323 2726 3463 2779 fastu
3506 2725 3574 2779 ad

2004 2804 2362 2860 elevationem
2393 2808 2608 2869 extolli.
2661 2826 2772 2866 non
2811 2814 2964 2882 prius
2999 2815 3304 2883 corporalis
3344 2815 3576 2870 cervicis

2007 2901 2252 2949 tumores
2278 2896 2630 2963 sedaveruut,
2665 2917 2829 2969 quam
2858 2904 3054 2957 anima!
3073 2904 3576 2973 jactantiamcura-

2002 2985 2237 3039 vissent.
2270 2985 2405 3041 Plus
2440 2990 2582 3042 enim
2612 2994 2790 3045 salute
2814 2997 3064 3063 corporis
3089 2996 3392 3049 animarum
3438 2997 3578 3049 inte-

2003 3076 2258 3142 gritatem
2311 3079 2644 3135 desiderant.
2706 3084 3060 3139 Ammonium
3128 3102 3259 3157 ergo
3302 3099 3357 3140 et
3392 3090 3575 3142 aninla

2002 3179 2354 3239 aegrotantem
2386 3175 2632 3231 videntes
2664 3186 2719 3230 et
2748 3194 3002 3246 corpore,
3030 3190 3085 3234 et
3107 3189 3340 3249 utraque
3360 3182 3575 3235 cervice

2005 3263 2241 3329 pessime
2269 3265 2650 3332 constitutum,
2680 3267 2784 3323 hoc
2823 3270 2985 3323 modo
3013 3286 3138 3324 cum
3170 3286 3368 3326 curare
3390 3273 3576 3343 digna-

2003 3354 2041 3405 ti
2079 3363 2209 3407 snnt
2234 3373 2247 3408 :
2273 3356 2513 3424 primum
2553 3360 2773 3426 quidem
2805 3364 3171 3416 venerabilem
3211 3380 3404 3418 eorum
3435 3381 3570 3419 con-

2002 3442 2296 3499 fessionem
2323 3448 2684 3501 mundificare
2720 3453 3071 3516 utaudantes,
3094 3466 3365 3522 quatenus
3390 3456 3571 3509 disce—

2002 3545 2085 3590 ret
2116 3553 2223 3592 non
2278 3555 2441 3610 super
2493 3557 2685 3610 sapere
2740 3560 2904 3613 quam
2941 3556 3156 3615 Oportet
3198 3563 3422 3615 sapere,
3475 3548 3570 3601 sed

2002 3628 2259 3684 deorsum
2290 3632 2582 3688 inclinatus
2610 3636 2662 3688 in
2683 3644 2910 3702 terram,
2936 3644 3079 3692 unde
3099 3648 3352 3708 sumptus
3379 3649 3483 3701 est,
3516 3647 3570 3693 et

2002 3719 2090 3772 ubi
2119 3729 2239 3785 post
2269 3724 2543 3778 modicum
2570 3741 2893 3781 reversurus
2940 3739 3045 3790 est,
3088 3732 3396 3783 addisceret
3427 3730 3571 3782 sicut

1998 3813 2074 3863 ait
2112 3810 2372 3867 Dominus
2409 3815 2475 3867 ad
2507 3817 2678 3870 Adam
2712 3835 2726 3871 :
2762 3838 2779 3868 ι
2812 3820 2949 3885 Quia
2979 3831 3119 3872 terra
3157 3838 3237 3885 es,
3262 3830 3317 3873 et
3367 3823 3419 3873 in
3460 3828 3570 3874 ter-

1997 3914 2113 3953 ram
2152 3900 2294 3966 illis,
2345 3904 2519 3959 donec
2560 3911 2899 3963 convertat-is
2966 3911 3020 3964 iu
3081 3924 3281 3965 terram
3334 3912 3402 3965 de
3463 3924 3572 3979 qua

1998 4001 2248 4059 Surruptus
2279 4006 2339 4047 es
2360 3994 2424 4046 ³⁸.
2456 4012 2475 4044 ι
2522 3996 2582 4049 Et
2605 3997 2672 4050 ad
2707 3998 2873 4052 Deum
2912 3999 3077 4053 David
3107 4002 3368 4054 divinitus
3400 4001 3569 4056 dicit:

2002 4097 2020 4128 ι
2052 4078 2282 4134 Auferes
2317 4082 2567 4149 spiritum
2593 4100 2783 4136 eorum
2813 4096 2867 4139 et
2909 4088 3185 4152 deficient,
3211 4102 3260 4144 et
3293 4095 3346 4144 in
3382 4092 3574 4157 pulve-

1997 4186 2109 4224 rem
2153 4188 2312 4226 suum
2353 4186 2740 4232 convertentur
2762 4181 2826 4235 ³³.
2856 4199 2874 4231 ι

2071 4278 2149 4335 Ita
2172 4297 2302 4350 ergo
2333 4293 2606 4341 tumorem
2634 4292 2833 4344 animm
2880 4292 3246 4351 adolescentis
3287 4314 3570 4355 maceran-

1997 4378 2098 4432 tes,
2136 4379 2191 4424 et
2224 4374 2349 4440 quis
2385 4385 2535 4430 esset
2562 4379 2849 4435 addiscere
2878 4394 3243 4452 eoarctautes,
3270 4394 3335 4440 ad
3360 4394 3573 4445 scrofa-

1999 4474 2117 4513 rum
2162 4466 2497 4531 passionem,
2539 4486 2663 4537 qum
2714 4473 2765 4526 in
2808 4487 3076 4543 eoi-porro
3114 4489 3336 4545 gmture
3368 4484 3568 4544 fuerat,

1918 4560 1973 4619 1)
2002 4552 2328 4608 medicinam
2364 4560 2780 4617 tuatnlm-erunt.
2808 4564 2918 4619 llue
2949 4577 3128 4621 autem
3155 4574 3356 4627 ceratis
3379 4589 3569 4627 eorum

1998 4646 2354 4713 otunipotcus
2387 4652 2744 4719 emplastrum
2782 4656 2905 4716 fuit,
2926 4661 3070 4725 quod
3102 4678 3227 4712 cum
3261 4678 3397 4729 pane.
3420 4680 3572 4717 com-

1997 4735 2221 4789 mistum
2250 4740 2455 4808 gutturi
2495 4743 2615 4809 ejus
2646 4746 2847 4815 imponi
2905 4763 3280 4820 prmeeperuut
3309 4774 3324 4809 :
3361 4767 3574 4809 saneto-

1996 4841 2232 4895 rumque
2256 4829 2511 4897 jussione
2541 4847 2780 4902 perm-ta,
2814 4842 2881 4892 de
2907 4844 3229 4909 a-grituaiue
3256 4863 3389 4913 puer
3416 4866 3529 4907 ere;
3551 4874 3575 4887 «-

2001 4926 2092 4972 tus
2125 4932 2209 4972 est
2240 4939 2253 4975 :
2289 4938 2390 4976 nec
2416 4926 2558 4977 enim
2592 4929 2993 4987 tuultisd-elms
3018 4948 3205 4989 contra
3237 4955 3428 4996 eorum
3458 4959 3572 4995 me-

2002 5008 2242 5061 dicinam
2270 5013 2468 5067 scrofa:
2498 5017 2755 5072 resistere
2777 5022 3086 5088 valuerunt;
3113 5026 3388 5092 adjutoriu
3418 5032 3575 5099 quip-

2002 5113 2068 5167 pe
2094 5101 2176 5154 eis
2223 5108 2599 5173 superposito,
2638 5111 2903 5164 velociter
2959 5126 3217 5183 tanquam
3270 5121 3453 5188 aliquo
3479 5122 3574 5175 fla-

2000 5192 2244 5261 gellante
2270 5210 2365 5250 eas
2411 5207 2465 5249 et
2510 5214 2888 5271 persequente,
2943 5205 3142 5275 fugatae
3171 5220 3320 5274 sunt,
3359 5221 3413 5265 et
3445 5230 3573 5267 aere

2001 5283 2311 5350 aperientes
2366 5289 2601 5345 cervicis
2645 5302 2857 5355 cutem.
2896 5306 2952 5349 et
2997 5314 3102 5367 qua
3147 5305 3571 5359 contiawbautur

2000 5385 2341 5443 rumpentes,
2366 5388 2494 5435 ante
2519 5393 2835 5440 sanctorum
2871 5393 3190 5445 meritoriam
3217 5398 3565 5455 ceciderunt:

1997 5468 2278 5535 sexaginta
2314 5480 2369 5524 et
2404 5484 2612 5543 septem
2655 5494 2783 5532 vero
2819 5481 3042 5539 fuerunt
3068 5503 3318 5552 numero.
3355 5492 3500 5546 sicut
3529 5510 3562 5548 a

1996 5562 2412 5618 unmerantihus
2461 5582 2555 5622 cas
2604 5569 2973 5631 dicebantur:
3023 5594 3161 5646 quas
3197 5583 3289 5649 qui
3334 5592 3466 5641 tunc
3514 5586 3574 5642 in

1995 5645 2224 5705 basilica
2263 5653 2674 5728 ministrabant,
2723 5678 2822 5731 per
2871 5645 3072 5725 multos
3109 5645 3229 5731 dies
3263 5684 3390 5731 ante
3437 5693 3573 5733 san-
