  <div class='ocr_page' id='page_1' title='image "/cluster/home/n/w/nwhite01/storage/ocr_20150623/87 tp.3/nnc1.0046980288/329.png"; bbox 0 0 4294 6442; ppageno 0'>
   <div class='ocr_carea' id='block_1_1' title="bbox 736 401 876 466">
    <p class='ocr_par' dir='ltr' id='par_1_1' title="bbox 736 401 876 466">
     <span class='ocr_line' id='line_1_1' title="bbox 736 401 876 466; baseline -0.029 0"><span class='ocrx_word' id='word_1_1' title='bbox 736 401 876 466; x_wconf 68' lang='grc'><strong>3427</strong></span> 
     </span>
    </p>
   </div>
   <div class='ocr_carea' id='block_1_2' title="bbox 1616 389 3152 456">
    <p class='ocr_par' dir='ltr' id='par_1_2' title="bbox 1616 389 3152 456">
     <span class='ocr_line' id='line_1_2' title="bbox 1616 389 3152 456; baseline -0.005 0"><span class='ocrx_word' id='word_1_2' title='bbox 1616 397 1676 456; x_wconf 90' lang='lat' dir='ltr'><strong>S.</strong></span> <span class='ocrx_word' id='word_1_3' title='bbox 1718 392 2135 455; x_wconf 83' lang='lat' dir='ltr'><strong>SOPHRONII</strong></span> <span class='ocrx_word' id='word_1_4' title='bbox 2193 389 2702 452; x_wconf 72' lang='lat' dir='ltr'><strong>PATRIARCiI/E</strong></span> <span class='ocrx_word' id='word_1_5' title='bbox 2753 389 3152 450; x_wconf 77' lang='lat' dir='ltr'><strong>IIIEROSOL.</strong></span> 
     </span>
    </p>
   </div>
   <div class='ocr_carea' id='block_1_3' title="bbox 3867 386 4000 452">
    <p class='ocr_par' dir='ltr' id='par_1_3' title="bbox 3867 386 4000 452">
     <span class='ocr_line' id='line_1_3' title="bbox 3867 386 4000 452; baseline -0.03 0"><span class='ocrx_word' id='word_1_6' title='bbox 3867 386 4000 452; x_wconf 62' lang='lat'><strong>3428</strong></span> 
     </span>
    </p>
   </div>
   <div class='ocr_carea' id='block_1_4' title="bbox 740 497 2436 576">
    <p class='ocr_par' dir='ltr' id='par_1_4' title="bbox 740 504 2436 576">
     <span class='ocr_line' id='line_1_4' title="bbox 740 504 2436 576; baseline -0.009 -9"><span class='ocrx_word' id='word_1_7' title='bbox 740 527 958 568; x_wconf 76' lang='lat' dir='ltr'><strong>etorum</strong></span> <span class='ocrx_word' id='word_1_8' title='bbox 992 509 1314 564; x_wconf 83' lang='lat' dir='ltr'><strong>memoriam</strong></span> <span class='ocrx_word' id='word_1_9' title='bbox 1349 504 1778 576; x_wconf 84' lang='lat' dir='ltr'><strong>suspenderunt,</strong></span> <span class='ocrx_word' id='word_1_10' title='bbox 1816 506 2077 557; x_wconf 87' lang='lat' dir='ltr'><strong>virtutem</strong></span> <span class='ocrx_word' id='word_1_11' title='bbox 2120 509 2324 571; x_wconf 82' lang='lat' dir='ltr'><strong>marty-</strong></span> <span class='ocrx_word' id='word_1_12' title='bbox 2353 509 2396 560; x_wconf 80' lang='grc' dir='ltr'><strong>Α</strong></span> <span class='ocrx_word' id='word_1_13' title='bbox 2430 518 2436 568; x_wconf 72' lang='grc' dir='ltr'><strong><em>ι</em></strong></span> 
     </span>
    </p>
   </div>
   <div class='ocr_carea' id='block_1_5' title="bbox 2309 497 4005 576">
    <p class='ocr_par' dir='ltr' id='par_1_5' title="bbox 2309 497 4005 570">
     <span class='ocr_line' id='line_1_5' title="bbox 2309 497 4005 570; baseline -0.001 -18"><span class='ocrx_word' id='word_1_14' title='bbox 2309 530 2324 541; x_wconf 91' lang='grc'><strong><em>-</em></strong></span> <span class='ocrx_word' id='word_1_15' title='bbox 2353 509 2396 560; x_wconf 81' lang='grc' dir='ltr'><strong>Α</strong></span> <span class='ocrx_word' id='word_1_16' title='bbox 2430 501 2721 570; x_wconf 82' lang='grc' dir='ltr'>μαρτύρων</span> <span class='ocrx_word' id='word_1_17' title='bbox 2755 500 2906 568; x_wconf 74' lang='grc' dir='ltr'>ἰσχὺν</span> <span class='ocrx_word' id='word_1_18' title='bbox 2932 497 3351 560; x_wconf 74' lang='grc' dir='ltr'><strong>ἐνδεικνύμενοι,</strong></span> <span class='ocrx_word' id='word_1_19' title='bbox 3377 497 3472 550; x_wconf 75' lang='grc' dir='ltr'>καὶ</span> <span class='ocrx_word' id='word_1_20' title='bbox 3496 497 3702 560; x_wconf 71' lang='grc' dir='ltr'>πάντας</span> <span class='ocrx_word' id='word_1_21' title='bbox 3727 497 4005 560; x_wconf 72' lang='grc' dir='ltr'><strong>κινοῦντες</strong></span> 
     </span>
    </p>
   </div>
   <div class='ocr_carea' id='block_1_6' title="bbox 740 591 2320 665">
    <p class='ocr_par' dir='ltr' id='par_1_6' title="bbox 740 591 2320 665">
     <span class='ocr_line' id='line_1_6' title="bbox 740 591 2320 665; baseline -0.011 -6"><span class='ocrx_word' id='word_1_22' title='bbox 740 621 863 659; x_wconf 87' lang='lat' dir='ltr'><strong>rum</strong></span> <span class='ocrx_word' id='word_1_23' title='bbox 888 605 1344 657; x_wconf 89' lang='lat' dir='ltr'><strong>demonstrantes</strong></span> <span class='ocrx_word' id='word_1_24' title='bbox 1381 605 1732 665; x_wconf 86' lang='lat' dir='ltr'><strong>cunctosque</strong></span> <span class='ocrx_word' id='word_1_25' title='bbox 1767 594 1862 647; x_wconf 78' lang='lat' dir='ltr'><strong>Dei</strong></span> <span class='ocrx_word' id='word_1_26' title='bbox 1909 593 2216 645; x_wconf 80' lang='lat' dir='ltr'><strong>excitantes</strong></span> <span class='ocrx_word' id='word_1_27' title='bbox 2257 591 2320 642; x_wconf 89' lang='lat' dir='ltr'><strong>ad</strong></span> 
     </span>
    </p>
   </div>
   <div class='ocr_carea' id='block_1_7' title="bbox 740 683 2322 755">
    <p class='ocr_par' dir='ltr' id='par_1_7' title="bbox 740 683 2322 755">
     <span class='ocr_line' id='line_1_7' title="bbox 740 683 2322 755; baseline -0.009 -9"><span class='ocrx_word' id='word_1_28' title='bbox 740 694 980 747; x_wconf 87' lang='lat' dir='ltr'><strong>laudem.</strong></span> <span class='ocrx_word' id='word_1_29' title='bbox 1021 690 1086 741; x_wconf 68' lang='lat' dir='ltr'><strong>lit</strong></span> <span class='ocrx_word' id='word_1_30' title='bbox 1132 689 1463 741; x_wconf 86' lang='lat' dir='ltr'><strong>Ammonius</strong></span> <span class='ocrx_word' id='word_1_31' title='bbox 1485 689 1706 755; x_wconf 80' lang='lat' dir='ltr'><strong>quidem</strong></span> <span class='ocrx_word' id='word_1_32' title='bbox 1745 699 1841 752; x_wconf 89' lang='lat' dir='ltr'><strong>pro</strong></span> <span class='ocrx_word' id='word_1_33' title='bbox 1867 683 2074 752; x_wconf 79' lang='lat' dir='ltr'><strong>duplici</strong></span> <span class='ocrx_word' id='word_1_34' title='bbox 2104 683 2322 751; x_wconf 46' lang='lat' dir='ltr'><strong>aigrilu-</strong></span> 
     </span>
    </p>
   </div>
   <div class='ocr_carea' id='block_1_8' title="bbox 738 774 2326 849">
    <p class='ocr_par' dir='ltr' id='par_1_8' title="bbox 738 774 2326 849">
     <span class='ocr_line' id='line_1_8' title="bbox 738 774 2326 849; baseline -0.011 -11"><span class='ocrx_word' id='word_1_35' title='bbox 738 789 869 838; x_wconf 81' lang='lat' dir='ltr'><strong>dine</strong></span> <span class='ocrx_word' id='word_1_36' title='bbox 892 782 1167 849; x_wconf 79' lang='lat' dir='ltr'><strong>duplicent</strong></span> <span class='ocrx_word' id='word_1_37' title='bbox 1198 787 1252 831; x_wconf 93' lang='lat' dir='ltr'><strong>et</strong></span> <span class='ocrx_word' id='word_1_38' title='bbox 1282 778 1551 832; x_wconf 90' lang='lat' dir='ltr'><strong>medelam</strong></span> <span class='ocrx_word' id='word_1_39' title='bbox 1579 775 1881 844; x_wconf 86' lang='lat' dir='ltr'><strong>accipiens,</strong></span> <span class='ocrx_word' id='word_1_40' title='bbox 1913 787 2083 827; x_wconf 87' lang='lat' dir='ltr'><strong>sanus</strong></span> <span class='ocrx_word' id='word_1_41' title='bbox 2104 774 2326 825; x_wconf 84' lang='lat' dir='ltr'><strong>restitn-</strong></span> 
     </span>
    </p>
   </div>
   <div class='ocr_carea' id='block_1_9' title="bbox 725 869 1228 936">
    <p class='ocr_par' dir='ltr' id='par_1_9' title="bbox 725 869 1228 936">
     <span class='ocr_line' id='line_1_9' title="bbox 725 869 1228 936; baseline -0.01 -12"><span class='ocrx_word' id='word_1_42' title='bbox 725 889 829 924; x_wconf 78' lang='lat' dir='ltr'><strong>.i:is</strong></span> <span class='ocrx_word' id='word_1_43' title='bbox 854 880 938 923; x_wconf 88' lang='lat' dir='ltr'><strong>est</strong></span> <span class='ocrx_word' id='word_1_44' title='bbox 971 869 1228 936; x_wconf 58' lang='lat' dir='ltr'><strong>genitori.</strong></span> 
     </span>
    </p>
   </div>
   <div class='ocr_carea' id='block_1_10' title="bbox 816 950 2326 1025">
    <p class='ocr_par' dir='ltr' id='par_1_10' title="bbox 816 950 2326 1025">
     <span class='ocr_line' id='line_1_10' title="bbox 816 950 2326 1025; baseline -0.009 -14"><span class='ocrx_word' id='word_1_45' title='bbox 816 960 942 1011; x_wconf 83' lang='lat' dir='ltr'><strong>Post</strong></span> <span class='ocrx_word' id='word_1_46' title='bbox 969 957 1191 1025; x_wconf 84' lang='lat' dir='ltr'><strong>aliquod</strong></span> <span class='ocrx_word' id='word_1_47' title='bbox 1224 969 1356 1008; x_wconf 90' lang='lat' dir='ltr'><strong>vero</strong></span> <span class='ocrx_word' id='word_1_48' title='bbox 1390 963 1605 1021; x_wconf 85' lang='lat' dir='ltr'><strong>tempus</strong></span> <span class='ocrx_word' id='word_1_49' title='bbox 1648 953 1850 1005; x_wconf 83' lang='lat' dir='ltr'><strong>iterum</strong></span> <span class='ocrx_word' id='word_1_50' title='bbox 1903 950 2076 1002; x_wconf 85' lang='lat' dir='ltr'><strong>elatus</strong></span> <span class='ocrx_word' id='word_1_51' title='bbox 2096 960 2172 1001; x_wconf 88' lang='lat' dir='ltr'><strong>est</strong></span> <span class='ocrx_word' id='word_1_52' title='bbox 2211 963 2326 1000; x_wconf 82' lang='lat' dir='ltr'><strong>sen-</strong></span> 
     </span>
    </p>
   </div>
   <div class='ocr_carea' id='block_1_11' title="bbox 735 1040 2322 1113">
    <p class='ocr_par' dir='ltr' id='par_1_11' title="bbox 735 1040 2322 1113">
     <span class='ocr_line' id='line_1_11' title="bbox 735 1040 2322 1113; baseline -0.009 -9"><span class='ocrx_word' id='word_1_53' title='bbox 735 1069 824 1113; x_wconf 79' lang='lat' dir='ltr'><strong>su,</strong></span> <span class='ocrx_word' id='word_1_54' title='bbox 873 1050 1319 1113; x_wconf 82' lang='lat' dir='ltr'><strong>obiivioncmque</strong></span> <span class='ocrx_word' id='word_1_55' title='bbox 1335 1044 1697 1112; x_wconf 72' lang='lat' dir='ltr'><strong>prmcedentis</strong></span> <span class='ocrx_word' id='word_1_56' title='bbox 1721 1041 2107 1110; x_wconf 69' lang='lat' dir='ltr'><strong>castigationis</strong></span> <span class='ocrx_word' id='word_1_57' title='bbox 2136 1040 2322 1092; x_wconf 64' lang='lat' dir='ltr'><strong>ineor-</strong></span> 
     </span>
    </p>
   </div>
   <div class='ocr_carea' id='block_1_12' title="bbox 743 1132 2327 1207">
    <p class='ocr_par' dir='ltr' id='par_1_12' title="bbox 743 1132 2327 1207">
     <span class='ocr_line' id='line_1_12' title="bbox 743 1132 2327 1207; baseline -0.009 -12"><span class='ocrx_word' id='word_1_58' title='bbox 743 1160 887 1203; x_wconf 84' lang='lat' dir='ltr'><strong>rens,</strong></span> <span class='ocrx_word' id='word_1_59' title='bbox 921 1139 1196 1207; x_wconf 83' lang='lat' dir='ltr'><strong>corporali</strong></span> <span class='ocrx_word' id='word_1_60' title='bbox 1246 1152 1439 1188; x_wconf 82' lang='lat' dir='ltr'><strong>rursus</strong></span> <span class='ocrx_word' id='word_1_61' title='bbox 1481 1135 1801 1188; x_wconf 78' lang='lat' dir='ltr'><strong>infirmitate</strong></span> <span class='ocrx_word' id='word_1_62' title='bbox 1845 1132 2236 1200; x_wconf 90' lang='lat' dir='ltr'><strong>corrumpitur,</strong></span> <span class='ocrx_word' id='word_1_63' title='bbox 2272 1137 2327 1180; x_wconf 84' lang='lat' dir='ltr'><strong>et</strong></span> 
     </span>
    </p>
   </div>
   <div class='ocr_carea' id='block_1_13' title="bbox 743 1223 2324 1298">
    <p class='ocr_par' dir='ltr' id='par_1_13' title="bbox 743 1223 2324 1298">
     <span class='ocr_line' id='line_1_13' title="bbox 743 1223 2324 1298; baseline -0.008 -14"><span class='ocrx_word' id='word_1_64' title='bbox 743 1238 966 1286; x_wconf 79' lang='lat' dir='ltr'><strong>meliora</strong></span> <span class='ocrx_word' id='word_1_65' title='bbox 1001 1246 1193 1298; x_wconf 83' lang='lat' dir='ltr'><strong>sapere</strong></span> <span class='ocrx_word' id='word_1_66' title='bbox 1227 1239 1532 1298; x_wconf 82' lang='lat' dir='ltr'><strong>martyrum</strong></span> <span class='ocrx_word' id='word_1_67' title='bbox 1566 1225 2033 1290; x_wconf 66' lang='lat' dir='ltr'><strong>castigationibus</strong></span> <span class='ocrx_word' id='word_1_68' title='bbox 2073 1223 2324 1275; x_wconf 88' lang='lat' dir='ltr'><strong>docetur.</strong></span> 
     </span>
    </p>
   </div>
   <div class='ocr_carea' id='block_1_14' title="bbox 745 1314 2329 1384">
    <p class='ocr_par' dir='ltr' id='par_1_14' title="bbox 745 1314 2329 1384">
     <span class='ocr_line' id='line_1_14' title="bbox 745 1314 2329 1384; baseline -0.01 -6"><span class='ocrx_word' id='word_1_69' title='bbox 745 1326 955 1378; x_wconf 71' lang='lat' dir='ltr'><strong>Etenim</strong></span> <span class='ocrx_word' id='word_1_70' title='bbox 989 1339 1098 1375; x_wconf 94' lang='lat' dir='ltr'><strong>non</strong></span> <span class='ocrx_word' id='word_1_71' title='bbox 1133 1320 1485 1373; x_wconf 81' lang='lat' dir='ltr'><strong>mediocriter</strong></span> <span class='ocrx_word' id='word_1_72' title='bbox 1528 1319 1859 1379; x_wconf 80' lang='lat' dir='ltr'><strong>infirmatus,</strong></span> <span class='ocrx_word' id='word_1_73' title='bbox 1909 1314 2329 1384; x_wconf 80' lang='lat' dir='ltr'><strong>periclitabatur</strong></span> 
     </span>
    </p>
   </div>
   <div class='ocr_carea' id='block_1_15' title="bbox 739 1403 2329 1485">
    <p class='ocr_par' dir='ltr' id='par_1_15' title="bbox 739 1403 2329 1485">
     <span class='ocr_line' id='line_1_15' title="bbox 739 1403 2329 1485; baseline -0.006 -21"><span class='ocrx_word' id='word_1_74' title='bbox 739 1416 822 1485; x_wconf 64' lang='lat' dir='ltr'><strong>de</strong></span> <span class='ocrx_word' id='word_1_75' title='bbox 855 1414 1175 1474; x_wconf 82' lang='lat' dir='ltr'><strong>stomacho,</strong></span> <span class='ocrx_word' id='word_1_76' title='bbox 1235 1411 1344 1462; x_wconf 89' lang='lat' dir='ltr'><strong>imo</strong></span> <span class='ocrx_word' id='word_1_77' title='bbox 1405 1409 1749 1461; x_wconf 90' lang='lat' dir='ltr'><strong>coliceumon</strong></span> <span class='ocrx_word' id='word_1_78' title='bbox 1794 1403 2134 1472; x_wconf 77' lang='lat' dir='ltr'><strong>Asclepiadze</strong></span> <span class='ocrx_word' id='word_1_79' title='bbox 2190 1403 2329 1456; x_wconf 88' lang='lat' dir='ltr'><strong>hanc</strong></span> 
     </span>
    </p>
   </div>
   <div class='ocr_carea' id='block_1_16' title="bbox 741 1493 2325 1568">
    <p class='ocr_par' dir='ltr' id='par_1_16' title="bbox 741 1493 2325 1568">
     <span class='ocr_line' id='line_1_16' title="bbox 741 1493 2325 1568; baseline -0.008 -11"><span class='ocrx_word' id='word_1_80' title='bbox 741 1504 1129 1568; x_wconf 63' lang='lat' dir='ltr'><strong>aegritudinem</strong></span> <span class='ocrx_word' id='word_1_81' title='bbox 1163 1506 1537 1562; x_wconf 81' lang='lat' dir='ltr'><strong>vocaverunt;</strong></span> <span class='ocrx_word' id='word_1_82' title='bbox 1570 1505 1624 1548; x_wconf 91' lang='lat' dir='ltr'><strong>et</strong></span> <span class='ocrx_word' id='word_1_83' title='bbox 1658 1495 2008 1549; x_wconf 79' lang='lat' dir='ltr'><strong>conferentes</strong></span> <span class='ocrx_word' id='word_1_84' title='bbox 2035 1493 2180 1562; x_wconf 88' lang='lat' dir='ltr'><strong>quod</strong></span> <span class='ocrx_word' id='word_1_85' title='bbox 2218 1508 2325 1545; x_wconf 93' lang='lat' dir='ltr'><strong>non</strong></span> 
     </span>
    </p>
   </div>
   <div class='ocr_carea' id='block_1_17' title="bbox 740 1587 2331 1662">
    <p class='ocr_par' dir='ltr' id='par_1_17' title="bbox 740 1587 2331 1662">
     <span class='ocr_line' id='line_1_17' title="bbox 740 1587 2331 1662; baseline -0.006 -17"><span class='ocrx_word' id='word_1_86' title='bbox 740 1596 974 1662; x_wconf 82' lang='lat' dir='ltr'><strong>qualitas</strong></span> <span class='ocrx_word' id='word_1_87' title='bbox 1017 1592 1282 1644; x_wconf 85' lang='lat' dir='ltr'><strong>stomachi</strong></span> <span class='ocrx_word' id='word_1_88' title='bbox 1336 1590 1694 1642; x_wconf 74' lang='lat' dir='ltr'><strong>dilierentiam</strong></span> <span class='ocrx_word' id='word_1_89' title='bbox 1730 1588 1982 1641; x_wconf 89' lang='lat' dir='ltr'><strong>dolorum</strong></span> <span class='ocrx_word' id='word_1_90' title='bbox 2029 1587 2331 1644; x_wconf 86' lang='lat' dir='ltr'><strong>faceret,et</strong></span> 
     </span>
    </p>
   </div>
   <div class='ocr_carea' id='block_1_18' title="bbox 739 1677 2331 1755">
    <p class='ocr_par' dir='ltr' id='par_1_18' title="bbox 739 1677 2331 1755">
     <span class='ocr_line' id='line_1_18' title="bbox 739 1677 2331 1755; baseline -0.006 -17"><span class='ocrx_word' id='word_1_91' title='bbox 739 1689 1033 1755; x_wconf 80' lang='lat' dir='ltr'><strong>ampliores</strong></span> <span class='ocrx_word' id='word_1_92' title='bbox 1082 1685 1181 1736; x_wconf 86' lang='lat' dir='ltr'><strong>hos</strong></span> <span class='ocrx_word' id='word_1_93' title='bbox 1209 1682 1496 1750; x_wconf 77' lang='lat' dir='ltr'><strong>quaur’qui</strong></span> <span class='ocrx_word' id='word_1_94' title='bbox 1558 1689 1686 1734; x_wconf 86' lang='lat' dir='ltr'><strong>sunt</strong></span> <span class='ocrx_word' id='word_1_95' title='bbox 1729 1678 2035 1741; x_wconf 84' lang='lat' dir='ltr'><strong>stomachi;</strong></span> <span class='ocrx_word' id='word_1_96' title='bbox 2080 1677 2331 1730; x_wconf 85' lang='lat' dir='ltr'><strong>conside-</strong></span> 
     </span>
    </p>
   </div>
   <div class='ocr_carea' id='block_1_19' title="bbox 739 1765 2330 1838">
    <p class='ocr_par' dir='ltr' id='par_1_19' title="bbox 739 1765 2330 1838">
     <span class='ocr_line' id='line_1_19' title="bbox 739 1765 2330 1838; baseline -0.006 -14"><span class='ocrx_word' id='word_1_97' title='bbox 739 1784 924 1825; x_wconf 83' lang='lat' dir='ltr'><strong>rantes</strong></span> <span class='ocrx_word' id='word_1_98' title='bbox 949 1773 1117 1832; x_wconf 88' lang='lat' dir='ltr'><strong>enim,</strong></span> <span class='ocrx_word' id='word_1_99' title='bbox 1141 1771 1290 1838; x_wconf 88' lang='lat' dir='ltr'><strong>quod</strong></span> <span class='ocrx_word' id='word_1_100' title='bbox 1324 1785 1428 1821; x_wconf 88' lang='lat' dir='ltr'><strong>non</strong></span> <span class='ocrx_word' id='word_1_101' title='bbox 1454 1777 1570 1821; x_wconf 85' lang='lat' dir='ltr'><strong>erat</strong></span> <span class='ocrx_word' id='word_1_102' title='bbox 1592 1783 1714 1821; x_wconf 89' lang='lat' dir='ltr'><strong>eum</strong></span> <span class='ocrx_word' id='word_1_103' title='bbox 1742 1765 1944 1834; x_wconf 87' lang='lat' dir='ltr'><strong>aliquid</strong></span> <span class='ocrx_word' id='word_1_104' title='bbox 1983 1766 2158 1818; x_wconf 87' lang='lat' dir='ltr'><strong>victus</strong></span> <span class='ocrx_word' id='word_1_105' title='bbox 2189 1767 2330 1817; x_wconf 82' lang='lat' dir='ltr'><strong>acci-</strong></span> 
     </span>
    </p>
   </div>
   <div class='ocr_carea' id='block_1_20' title="bbox 2432 589 4002 661">
    <p class='ocr_par' dir='ltr' id='par_1_20' title="bbox 2432 589 4002 661">
     <span class='ocr_line' id='line_1_20' title="bbox 2432 589 4002 661; baseline -0.001 -17"><span class='ocrx_word' id='word_1_106' title='bbox 2432 593 2569 659; x_wconf 76' lang='grc' dir='ltr'>πρὸς</span> <span class='ocrx_word' id='word_1_107' title='bbox 2603 593 2897 661; x_wconf 84' lang='grc' dir='ltr'>θεὰρεστον</span> <span class='ocrx_word' id='word_1_108' title='bbox 2924 590 3151 643; x_wconf 76' lang='grc' dir='ltr'>αἴγεσιν.</span> <span class='ocrx_word' id='word_1_109' title='bbox 3181 591 3291 642; x_wconf 76' lang='grc' dir='ltr'><strong>Καὶ</strong></span> <span class='ocrx_word' id='word_1_110' title='bbox 3332 589 3639 658; x_wconf 81' lang='grc' dir='ltr'>’Λμμὼνιος</span> <span class='ocrx_word' id='word_1_111' title='bbox 3672 593 3771 659; x_wconf 80' lang='grc' dir='ltr'>μὲν</span> <span class='ocrx_word' id='word_1_112' title='bbox 3801 591 3899 642; x_wconf 80' lang='grc' dir='ltr'><strong>ἐπὶ</strong></span> <span class='ocrx_word' id='word_1_113' title='bbox 3922 590 4002 642; x_wconf 81' lang='grc' dir='ltr'>δι-</span> 
     </span>
    </p>
   </div>
   <div class='ocr_carea' id='block_1_21' title="bbox 2431 679 4006 751">
    <p class='ocr_par' dir='ltr' id='par_1_21' title="bbox 2431 679 4006 751">
     <span class='ocr_line' id='line_1_21' title="bbox 2431 679 4006 751; baseline -0.001 -17"><span class='ocrx_word' id='word_1_114' title='bbox 2431 682 2549 750; x_wconf 76' lang='grc' dir='ltr'><strong>πλῷ</strong></span> <span class='ocrx_word' id='word_1_115' title='bbox 2580 681 2658 750; x_wconf 81' lang='grc' dir='ltr'>τῷ</span> <span class='ocrx_word' id='word_1_116' title='bbox 2688 683 2952 749; x_wconf 76' lang='grc' dir='ltr'><strong>νοσήματι</strong></span> <span class='ocrx_word' id='word_1_117' title='bbox 2978 681 3174 750; x_wconf 79' lang='grc' dir='ltr'>διπλῆν</span> <span class='ocrx_word' id='word_1_118' title='bbox 3205 679 3386 732; x_wconf 74' lang='grc' dir='ltr'>λαϐὼν</span> <span class='ocrx_word' id='word_1_119' title='bbox 3413 683 3506 733; x_wconf 80' lang='grc' dir='ltr'>καὶ</span> <span class='ocrx_word' id='word_1_120' title='bbox 3533 680 3631 751; x_wconf 80' lang='grc' dir='ltr'>τὴν</span> <span class='ocrx_word' id='word_1_121' title='bbox 3662 679 4006 750; x_wconf 76' lang='grc' dir='ltr'>ῖασιν,ὗγιὴς</span> 
     </span>
    </p>
   </div>
   <div class='ocr_carea' id='block_1_22' title="bbox 2427 772 2758 825">
    <p class='ocr_par' dir='ltr' id='par_1_22' title="bbox 2427 772 2758 825">
     <span class='ocr_line' id='line_1_22' title="bbox 2427 772 2758 825; baseline 0.003 -1"><span class='ocrx_word' id='word_1_122' title='bbox 2427 772 2758 825; x_wconf 76' lang='grc' dir='ltr'><strong>ἀποδίδοται.</strong></span> 
     </span>
    </p>
   </div>
   <div class='ocr_carea' id='block_1_23' title="bbox 2503 947 4008 1020">
    <p class='ocr_par' dir='ltr' id='par_1_23' title="bbox 2503 947 4008 1020">
     <span class='ocr_line' id='line_1_23' title="bbox 2503 947 4008 1020; baseline 0.002 -20"><span class='ocrx_word' id='word_1_123' title='bbox 2503 947 2660 1000; x_wconf 76' lang='grc' dir='ltr'>Μετὰ</span> <span class='ocrx_word' id='word_1_124' title='bbox 2683 949 2875 1016; x_wconf 83' lang='grc' dir='ltr'>χρόνον</span> <span class='ocrx_word' id='word_1_125' title='bbox 2900 949 2956 1001; x_wconf 85' lang='grc' dir='ltr'><strong>δέ</strong></span> <span class='ocrx_word' id='word_1_126' title='bbox 2991 964 3116 1002; x_wconf 84' lang='grc' dir='ltr'>τινα</span> <span class='ocrx_word' id='word_1_127' title='bbox 3147 949 3309 1001; x_wconf 81' lang='grc' dir='ltr'>πάλιν</span> <span class='ocrx_word' id='word_1_128' title='bbox 3338 949 3598 1017; x_wconf 71' lang='grc' dir='ltr'>ἐπαρθεὶς</span> <span class='ocrx_word' id='word_1_129' title='bbox 3619 950 3697 1018; x_wconf 79' lang='grc' dir='ltr'>τῷ</span> <span class='ocrx_word' id='word_1_130' title='bbox 3714 951 4008 1020; x_wconf 72' lang='grc' dir='ltr'>νοσήματι,</span> 
     </span>
    </p>
   </div>
   <div class='ocr_carea' id='block_1_24' title="bbox 2429 1039 4008 1112">
    <p class='ocr_par' dir='ltr' id='par_1_24' title="bbox 2429 1039 4008 1112">
     <span class='ocr_line' id='line_1_24' title="bbox 2429 1039 4008 1112; baseline 0.004 -22"><span class='ocrx_word' id='word_1_131' title='bbox 2429 1039 2523 1090; x_wconf 74' lang='grc' dir='ltr'>καὶ</span> <span class='ocrx_word' id='word_1_132' title='bbox 2552 1039 2723 1108; x_wconf 82' lang='grc' dir='ltr'>λήθην</span> <span class='ocrx_word' id='word_1_133' title='bbox 2754 1042 2854 1108; x_wconf 72' lang='grc' dir='ltr'>τῆς</span> <span class='ocrx_word' id='word_1_134' title='bbox 2902 1040 3281 1110; x_wconf 74' lang='grc' dir='ltr'>προλαϐουσης</span> <span class='ocrx_word' id='word_1_135' title='bbox 3338 1043 3583 1103; x_wconf 79' lang='grc' dir='ltr'><strong>παιδείας</strong></span> <span class='ocrx_word' id='word_1_136' title='bbox 3639 1044 4008 1112; x_wconf 80' lang='grc' dir='ltr'>κτησάμενος,</span> 
     </span>
    </p>
   </div>
   <div class='ocr_carea' id='block_1_25' title="bbox 2432 1131 4008 1203">
    <p class='ocr_par' dir='ltr' id='par_1_25' title="bbox 2432 1131 4008 1203">
     <span class='ocr_line' id='line_1_25' title="bbox 2432 1131 4008 1203; baseline 0.003 -22"><span class='ocrx_word' id='word_1_137' title='bbox 2432 1134 2721 1198; x_wconf 81' lang='grc' dir='ltr'>σωματικῇ</span> <span class='ocrx_word' id='word_1_138' title='bbox 2757 1132 2919 1182; x_wconf 73' lang='grc' dir='ltr'>πάλιν</span> <span class='ocrx_word' id='word_1_139' title='bbox 2941 1131 3196 1201; x_wconf 71' lang='grc' dir='ltr'>ἀσθενείᾳ</span> <span class='ocrx_word' id='word_1_140' title='bbox 3218 1131 3536 1184; x_wconf 74' lang='grc' dir='ltr'><strong>παιδεύεται</strong></span> <span class='ocrx_word' id='word_1_141' title='bbox 3564 1149 3575 1160; x_wconf 90' lang='grc'>·</span> <span class='ocrx_word' id='word_1_142' title='bbox 3606 1134 3700 1186; x_wconf 76' lang='grc' dir='ltr'>καὶ</span> <span class='ocrx_word' id='word_1_143' title='bbox 3724 1134 3792 1186; x_wconf 78' lang='grc' dir='ltr'>τὰ</span> <span class='ocrx_word' id='word_1_144' title='bbox 3821 1138 4008 1203; x_wconf 52' lang='grc' dir='ltr'>κρείτ,</span> 
     </span>
    </p>
   </div>
   <div class='ocr_carea' id='block_1_26' title="bbox 2429 1222 4016 1292">
    <p class='ocr_par' dir='ltr' id='par_1_26' title="bbox 2429 1222 4016 1292">
     <span class='ocr_line' id='line_1_26' title="bbox 2429 1222 4016 1292; baseline 0.004 -21"><span class='ocrx_word' id='word_1_145' title='bbox 2429 1237 2506 1273; x_wconf 89' lang='grc' dir='ltr'><strong>τω</strong></span> <span class='ocrx_word' id='word_1_146' title='bbox 2539 1224 2757 1290; x_wconf 82' lang='grc' dir='ltr'>φρονεῖν</span> <span class='ocrx_word' id='word_1_147' title='bbox 2783 1222 3077 1292; x_wconf 86' lang='grc' dir='ltr'>μαρτύρων</span> <span class='ocrx_word' id='word_1_148' title='bbox 3117 1223 3416 1291; x_wconf 76' lang='grc' dir='ltr'>ἐπιτιμίοις</span> <span class='ocrx_word' id='word_1_149' title='bbox 3457 1223 3790 1277; x_wconf 75' lang='grc' dir='ltr'>παιδεύεται.</span> <span class='ocrx_word' id='word_1_150' title='bbox 3824 1225 4016 1278; x_wconf 76' lang='grc' dir='ltr'>’Λσθε-</span> 
     </span>
    </p>
   </div>
   <div class='ocr_carea' id='block_1_27' title="bbox 2429 1311 4010 1381">
    <p class='ocr_par' dir='ltr' id='par_1_27' title="bbox 2429 1311 4010 1381">
     <span class='ocr_line' id='line_1_27' title="bbox 2429 1311 4010 1381; baseline 0.001 -19"><span class='ocrx_word' id='word_1_151' title='bbox 2429 1313 2598 1379; x_wconf 82' lang='grc' dir='ltr'>νήσας</span> <span class='ocrx_word' id='word_1_152' title='bbox 2627 1311 2736 1378; x_wconf 80' lang='grc' dir='ltr'><strong>γὰρ</strong></span> <span class='ocrx_word' id='word_1_153' title='bbox 2763 1313 2824 1363; x_wconf 87' lang='grc' dir='ltr'>οὐ</span> <span class='ocrx_word' id='word_1_154' title='bbox 2883 1313 3120 1381; x_wconf 81' lang='grc' dir='ltr'><strong>μετρίως</strong></span> <span class='ocrx_word' id='word_1_155' title='bbox 3168 1313 3260 1363; x_wconf 76' lang='grc' dir='ltr'>τὸν</span> <span class='ocrx_word' id='word_1_156' title='bbox 3313 1313 3586 1381; x_wconf 78' lang='grc' dir='ltr'>στόμαχον</span> <span class='ocrx_word' id='word_1_157' title='bbox 3632 1313 4010 1366; x_wconf 73' lang='grc' dir='ltr'>ἐκινδύνευεν·</span> 
     </span>
    </p>
   </div>
   <div class='ocr_carea' id='block_1_28' title="bbox 2429 1400 4016 1470">
    <p class='ocr_par' dir='ltr' id='par_1_28' title="bbox 2429 1400 4016 1470">
     <span class='ocr_line' id='line_1_28' title="bbox 2429 1400 4016 1470; baseline 0.002 -18"><span class='ocrx_word' id='word_1_158' title='bbox 2429 1400 2750 1469; x_wconf 71' lang='grc' dir='ltr'>κολικευμδν</span> <span class='ocrx_word' id='word_1_159' title='bbox 2776 1401 2831 1452; x_wconf 80' lang='grc' dir='ltr'>δὲ</span> <span class='ocrx_word' id='word_1_160' title='bbox 2878 1401 3078 1470; x_wconf 75' lang='grc' dir='ltr'>μᾶλλον</span> <span class='ocrx_word' id='word_1_161' title='bbox 3112 1402 3502 1470; x_wconf 76' lang='grc' dir='ltr'>Ἀσκληπιάδαι</span> <span class='ocrx_word' id='word_1_162' title='bbox 3523 1404 3584 1454; x_wconf 76' lang='grc' dir='ltr'>τὸ</span> <span class='ocrx_word' id='word_1_163' title='bbox 3615 1404 3785 1464; x_wconf 75' lang='grc' dir='ltr'>πάθος</span> <span class='ocrx_word' id='word_1_164' title='bbox 3824 1405 4016 1456; x_wconf 74' lang='grc' dir='ltr'>ἐκάλε-</span> 
     </span>
    </p>
   </div>
   <div class='ocr_carea' id='block_1_29' title="bbox 2431 1492 4009 1565">
    <p class='ocr_par' dir='ltr' id='par_1_29' title="bbox 2431 1492 4009 1565">
     <span class='ocr_line' id='line_1_29' title="bbox 2431 1492 4009 1565; baseline 0.003 -23"><span class='ocrx_word' id='word_1_165' title='bbox 2431 1509 2531 1543; x_wconf 86' lang='grc' dir='ltr'>σαν</span> <span class='ocrx_word' id='word_1_166' title='bbox 2557 1504 2571 1518; x_wconf 82' lang='grc'>⁶</span> <span class='ocrx_word' id='word_1_167' title='bbox 2601 1494 2696 1543; x_wconf 81' lang='grc' dir='ltr'>καὶ</span> <span class='ocrx_word' id='word_1_168' title='bbox 2729 1493 3004 1561; x_wconf 80' lang='grc' dir='ltr'>στομάχου</span> <span class='ocrx_word' id='word_1_169' title='bbox 3038 1492 3282 1545; x_wconf 84' lang='grc' dir='ltr'>διάθεσιν</span> <span class='ocrx_word' id='word_1_170' title='bbox 3316 1493 3378 1544; x_wconf 85' lang='grc' dir='ltr'>τὸ</span> <span class='ocrx_word' id='word_1_171' title='bbox 3425 1493 3682 1562; x_wconf 50' lang='grc' dir='ltr'>διάτορον</span> <span class='ocrx_word' id='word_1_172' title='bbox 3715 1495 3822 1546; x_wconf 83' lang='grc' dir='ltr'>τῶν</span> <span class='ocrx_word' id='word_1_173' title='bbox 3844 1497 4009 1565; x_wconf 80' lang='grc' dir='ltr'>ἀλγη-</span> 
     </span>
    </p>
   </div>
   <div class='ocr_carea' id='block_1_30' title="bbox 2427 1583 4013 1654">
    <p class='ocr_par' dir='ltr' id='par_1_30' title="bbox 2427 1583 4013 1654">
     <span class='ocr_line' id='line_1_30' title="bbox 2427 1583 4013 1654; baseline 0.002 -19"><span class='ocrx_word' id='word_1_174' title='bbox 2427 1583 2592 1635; x_wconf 84' lang='grc' dir='ltr'>δόνων</span> <span class='ocrx_word' id='word_1_175' title='bbox 2619 1584 3009 1654; x_wconf 80' lang='grc' dir='ltr'>συγκρίναντες</span> <span class='ocrx_word' id='word_1_176' title='bbox 3033 1599 3046 1613; x_wconf 88' lang='grc'><strong>·</strong></span> <span class='ocrx_word' id='word_1_177' title='bbox 3069 1584 3163 1634; x_wconf 71' lang='grc' dir='ltr'><strong>καὶ</strong></span> <span class='ocrx_word' id='word_1_178' title='bbox 3198 1583 3414 1651; x_wconf 76' lang='grc' dir='ltr'>μείζους</span> <span class='ocrx_word' id='word_1_179' title='bbox 3438 1584 3641 1640; x_wconf 78' lang='grc' dir='ltr'>ταύτας</span> <span class='ocrx_word' id='word_1_180' title='bbox 3667 1585 3698 1652; x_wconf 78' lang='grc' dir='ltr'>ἢ</span> <span class='ocrx_word' id='word_1_181' title='bbox 3722 1587 3861 1636; x_wconf 76' lang='grc' dir='ltr'>κατὰ</span> <span class='ocrx_word' id='word_1_182' title='bbox 3891 1589 4013 1638; x_wconf 68' lang='grc' dir='ltr'>στόο</span> 
     </span>
    </p>
   </div>
   <div class='ocr_carea' id='block_1_31' title="bbox 2433 1671 4013 1745">
    <p class='ocr_par' dir='ltr' id='par_1_31' title="bbox 2433 1671 4013 1745">
     <span class='ocr_line' id='line_1_31' title="bbox 2433 1671 4013 1745; baseline -0.006 -20"><span class='ocrx_word' id='word_1_183' title='bbox 2433 1691 2604 1743; x_wconf 84' lang='grc' dir='ltr'>μαχον</span> <span class='ocrx_word' id='word_1_184' title='bbox 2641 1674 2929 1741; x_wconf 85' lang='grc' dir='ltr'>βλέποντες</span> <span class='ocrx_word' id='word_1_185' title='bbox 2960 1693 2973 1706; x_wconf 89' lang='grc'><strong>·</strong></span> <span class='ocrx_word' id='word_1_186' title='bbox 3009 1674 3131 1726; x_wconf 72' lang='grc' dir='ltr'>οὔτε</span> <span class='ocrx_word' id='word_1_187' title='bbox 3184 1677 3291 1744; x_wconf 70' lang='grc' dir='ltr'><strong>γὰρ</strong></span> <span class='ocrx_word' id='word_1_188' title='bbox 3334 1671 3402 1744; x_wconf 77' lang='grc' dir='ltr'><strong>ἦν</strong></span> <span class='ocrx_word' id='word_1_189' title='bbox 3451 1676 3630 1728; x_wconf 81' lang='grc' dir='ltr'>αὐτῶν</span> <span class='ocrx_word' id='word_1_190' title='bbox 3657 1694 3801 1738; x_wconf 81' lang='grc' dir='ltr'>τινος</span> <span class='ocrx_word' id='word_1_191' title='bbox 3840 1695 4013 1745; x_wconf 81' lang='grc' dir='ltr'>μετα.</span> 
     </span>
    </p>
   </div>
   <div class='ocr_carea' id='block_1_32' title="bbox 2430 1765 4014 1836">
    <p class='ocr_par' dir='ltr' id='par_1_32' title="bbox 2430 1765 4014 1836">
     <span class='ocr_line' id='line_1_32' title="bbox 2430 1765 4014 1836; baseline 0.003 -20"><span class='ocrx_word' id='word_1_192' title='bbox 2430 1765 2634 1830; x_wconf 78' lang='grc' dir='ltr'>λαϐεῖν,</span> <span class='ocrx_word' id='word_1_193' title='bbox 2667 1765 2694 1816; x_wconf 78' lang='grc' dir='ltr'>ὃ</span> <span class='ocrx_word' id='word_1_194' title='bbox 2744 1765 2818 1835; x_wconf 83' lang='grc' dir='ltr'>μὴ</span> <span class='ocrx_word' id='word_1_195' title='bbox 2851 1766 3012 1818; x_wconf 83' lang='grc' dir='ltr'>πάλιν</span> <span class='ocrx_word' id='word_1_196' title='bbox 3061 1765 3338 1834; x_wconf 77' lang='grc' dir='ltr'>ἀνήγαγεν</span> <span class='ocrx_word' id='word_1_197' title='bbox 3391 1767 3552 1827; x_wconf 70' lang='grc' dir='ltr'>εὐθὺς</span> <span class='ocrx_word' id='word_1_198' title='bbox 3595 1765 3683 1818; x_wconf 73' lang='grc' dir='ltr'><strong>διὰ</strong></span> <span class='ocrx_word' id='word_1_199' title='bbox 3721 1766 4014 1836; x_wconf 79' lang='grc' dir='ltr'>στόματος,</span> 
     </span>
    </p>
   </div>
   <div class='ocr_carea' id='block_1_33' title="bbox 741 1835 2437 1930">
    <p class='ocr_par' dir='ltr' id='par_1_33' title="bbox 741 1835 2405 1930">
     <span class='ocr_line' id='line_1_33' title="bbox 741 1835 2405 1930; baseline -0.005 -18"><span class='ocrx_word' id='word_1_200' title='bbox 741 1862 1048 1930; x_wconf 83' lang='lat' dir='ltr'><strong>perc,quod</strong></span> <span class='ocrx_word' id='word_1_201' title='bbox 1081 1877 1177 1926; x_wconf 81' lang='lat' dir='ltr'><strong>per</strong></span> <span class='ocrx_word' id='word_1_202' title='bbox 1210 1875 1273 1913; x_wconf 87' lang='lat' dir='ltr'><strong>os</strong></span> <span class='ocrx_word' id='word_1_203' title='bbox 1308 1876 1414 1912; x_wconf 94' lang='lat' dir='ltr'><strong>non</strong></span> <span class='ocrx_word' id='word_1_204' title='bbox 1440 1857 1724 1911; x_wconf 75' lang='lat' dir='ltr'><strong>confestim</strong></span> <span class='ocrx_word' id='word_1_205' title='bbox 1757 1864 2033 1911; x_wconf 83' lang='lat' dir='ltr'><strong>evomeret</strong></span> <span class='ocrx_word' id='word_1_206' title='bbox 2057 1873 2073 1922; x_wconf 86' lang='lat'><strong>;</strong></span> <span class='ocrx_word' id='word_1_207' title='bbox 2094 1872 2201 1908; x_wconf 89' lang='lat' dir='ltr'><strong>non</strong></span> <span class='ocrx_word' id='word_1_208' title='bbox 2241 1869 2334 1906; x_wconf 86' lang='lat' dir='ltr'><strong>va-</strong></span> <span class='ocrx_word' id='word_1_209' title='bbox 2362 1835 2405 1890; x_wconf 77' lang='grc' dir='ltr'>Β</span> 
     </span>
    </p>
   </div>
   <div class='ocr_carea' id='block_1_34' title="bbox 2316 1835 4012 1930">
    <p class='ocr_par' dir='ltr' id='par_1_34' title="bbox 2316 1835 4012 1925">
     <span class='ocr_line' id='line_1_34' title="bbox 2316 1835 4012 1925; baseline 0.002 -17"><span class='ocrx_word' id='word_1_210' title='bbox 2316 1883 2334 1893; x_wconf 94' lang='grc'><strong>-</strong></span> <span class='ocrx_word' id='word_1_211' title='bbox 2362 1835 2405 1890; x_wconf 77' lang='grc' dir='ltr'>Β</span> <span class='ocrx_word' id='word_1_212' title='bbox 2442 1854 2516 1924; x_wconf 84' lang='grc' dir='ltr'>μὴ</span> <span class='ocrx_word' id='word_1_213' title='bbox 2543 1855 2843 1924; x_wconf 80' lang='grc' dir='ltr'>δυναμένης</span> <span class='ocrx_word' id='word_1_214' title='bbox 2871 1854 3035 1906; x_wconf 79' lang='grc' dir='ltr'>αὑτοῦ</span> <span class='ocrx_word' id='word_1_215' title='bbox 3073 1856 3170 1923; x_wconf 76' lang='grc' dir='ltr'>τῆς</span> <span class='ocrx_word' id='word_1_216' title='bbox 3204 1859 3443 1924; x_wconf 70' lang='grc' dir='ltr'>γαστρὸς</span> <span class='ocrx_word' id='word_1_217' title='bbox 3475 1857 3537 1907; x_wconf 82' lang='grc' dir='ltr'>τὸ</span> <span class='ocrx_word' id='word_1_218' title='bbox 3578 1857 3728 1925; x_wconf 76' lang='grc' dir='ltr'>παρὰ</span> <span class='ocrx_word' id='word_1_219' title='bbox 3759 1859 3852 1909; x_wconf 75' lang='grc' dir='ltr'><strong>τοῦ</strong></span> <span class='ocrx_word' id='word_1_220' title='bbox 3887 1875 4012 1913; x_wconf 86' lang='grc' dir='ltr'>στο-</span> 
     </span>
    </p>
   </div>
   <div class='ocr_carea' id='block_1_35' title="bbox 739 1948 2328 2022">
    <p class='ocr_par' dir='ltr' id='par_1_35' title="bbox 739 1948 2328 2022">
     <span class='ocr_line' id='line_1_35' title="bbox 739 1948 2328 2022; baseline -0.006 -14"><span class='ocrx_word' id='word_1_221' title='bbox 739 1958 884 2009; x_wconf 77' lang='lat' dir='ltr'><strong>lente</strong></span> <span class='ocrx_word' id='word_1_222' title='bbox 910 1957 1032 2007; x_wconf 87' lang='lat' dir='ltr'><strong>alvo</strong></span> <span class='ocrx_word' id='word_1_223' title='bbox 1054 1955 1172 2020; x_wconf 74' lang='lat' dir='ltr'><strong>ejus</strong></span> <span class='ocrx_word' id='word_1_224' title='bbox 1190 1952 1332 2022; x_wconf 85' lang='lat' dir='ltr'><strong>quod</strong></span> <span class='ocrx_word' id='word_1_225' title='bbox 1370 1967 1463 2019; x_wconf 89' lang='lat' dir='ltr'><strong>per</strong></span> <span class='ocrx_word' id='word_1_226' title='bbox 1483 1951 1824 2005; x_wconf 76' lang='lat' dir='ltr'><strong>stomachum</strong></span> <span class='ocrx_word' id='word_1_227' title='bbox 1846 1949 2160 2002; x_wconf 76' lang='lat' dir='ltr'><strong>mittebatur</strong></span> <span class='ocrx_word' id='word_1_228' title='bbox 2185 1948 2328 2000; x_wconf 89' lang='lat' dir='ltr'><strong>reci-</strong></span> 
     </span>
    </p>
   </div>
   <div class='ocr_carea' id='block_1_36' title="bbox 745 2035 2310 2109">
    <p class='ocr_par' dir='ltr' id='par_1_36' title="bbox 745 2035 2310 2109">
     <span class='ocr_line' id='line_1_36' title="bbox 745 2035 2310 2109; baseline -0.004 -16"><span class='ocrx_word' id='word_1_229' title='bbox 745 2058 891 2109; x_wconf 71' lang='lat' dir='ltr'><strong>;eeic,</strong></span> <span class='ocrx_word' id='word_1_230' title='bbox 919 2059 982 2093; x_wconf 87' lang='lat' dir='ltr'><strong>co</strong></span> <span class='ocrx_word' id='word_1_231' title='bbox 1008 2040 1152 2108; x_wconf 89' lang='lat' dir='ltr'><strong>quod</strong></span> <span class='ocrx_word' id='word_1_232' title='bbox 1185 2039 1516 2091; x_wconf 87' lang='lat' dir='ltr'><strong>tortionibus</strong></span> <span class='ocrx_word' id='word_1_233' title='bbox 1559 2037 1888 2104; x_wconf 84' lang='lat' dir='ltr'><strong>constipata,</strong></span> <span class='ocrx_word' id='word_1_234' title='bbox 1949 2035 2130 2088; x_wconf 88' lang='lat' dir='ltr'><strong>cibum</strong></span> <span class='ocrx_word' id='word_1_235' title='bbox 2166 2035 2218 2086; x_wconf 92' lang='lat' dir='ltr'><strong>in</strong></span> <span class='ocrx_word' id='word_1_236' title='bbox 2250 2049 2310 2087; x_wconf 86' lang='lat' dir='ltr'><strong>se</strong></span> 
     </span>
    </p>
   </div>
   <div class='ocr_carea' id='block_1_37' title="bbox 747 2125 2329 2198">
    <p class='ocr_par' dir='ltr' id='par_1_37' title="bbox 747 2125 2329 2198">
     <span class='ocr_line' id='line_1_37' title="bbox 747 2125 2329 2198; baseline -0.002 -17"><span class='ocrx_word' id='word_1_237' title='bbox 747 2134 979 2184; x_wconf 73' lang='lat' dir='ltr'><strong>retinere</strong></span> <span class='ocrx_word' id='word_1_238' title='bbox 1019 2147 1126 2182; x_wconf 91' lang='lat' dir='ltr'><strong>non</strong></span> <span class='ocrx_word' id='word_1_239' title='bbox 1159 2140 1397 2198; x_wconf 86' lang='lat' dir='ltr'><strong>poterat;</strong></span> <span class='ocrx_word' id='word_1_240' title='bbox 1431 2132 1523 2180; x_wconf 87' lang='lat' dir='ltr'><strong>sed</strong></span> <span class='ocrx_word' id='word_1_241' title='bbox 1551 2129 1679 2180; x_wconf 90' lang='lat' dir='ltr'><strong>dum</strong></span> <span class='ocrx_word' id='word_1_242' title='bbox 1729 2127 2102 2185; x_wconf 86' lang='lat' dir='ltr'><strong>descenderet,</strong></span> <span class='ocrx_word' id='word_1_243' title='bbox 2147 2125 2329 2179; x_wconf 87' lang='lat' dir='ltr'><strong>statim</strong></span> 
     </span>
    </p>
   </div>
   <div class='ocr_carea' id='block_1_38' title="bbox 745 2221 2333 2289">
    <p class='ocr_par' dir='ltr' id='par_1_38' title="bbox 745 2221 2333 2289">
     <span class='ocr_line' id='line_1_38' title="bbox 745 2221 2333 2289; baseline -0.001 -16"><span class='ocrx_word' id='word_1_244' title='bbox 745 2227 1021 2288; x_wconf 78' lang='lat' dir='ltr'><strong>repulsum</strong></span> <span class='ocrx_word' id='word_1_245' title='bbox 1059 2237 1151 2289; x_wconf 80' lang='lat' dir='ltr'><strong>per</strong></span> <span class='ocrx_word' id='word_1_246' title='bbox 1177 2237 1238 2272; x_wconf 87' lang='lat' dir='ltr'><strong>os</strong></span> <span class='ocrx_word' id='word_1_247' title='bbox 1270 2221 1600 2278; x_wconf 76' lang='lat' dir='ltr'><strong>remittebat.</strong></span> <span class='ocrx_word' id='word_1_248' title='bbox 1622 2236 1727 2272; x_wconf 88' lang='lat' dir='ltr'><strong>non</strong></span> <span class='ocrx_word' id='word_1_249' title='bbox 1751 2221 1937 2273; x_wconf 87' lang='lat' dir='ltr'><strong>sincns</strong></span> <span class='ocrx_word' id='word_1_250' title='bbox 1961 2234 2056 2287; x_wconf 87' lang='lat' dir='ltr'><strong>per</strong></span> <span class='ocrx_word' id='word_1_251' title='bbox 2079 2226 2333 2272; x_wconf 88' lang='lat' dir='ltr'><strong>sctrans-</strong></span> 
     </span>
    </p>
   </div>
   <div class='ocr_carea' id='block_1_39' title="bbox 747 2309 2328 2378">
    <p class='ocr_par' dir='ltr' id='par_1_39' title="bbox 747 2309 2328 2378">
     <span class='ocr_line' id='line_1_39' title="bbox 747 2309 2328 2378; baseline 0 -16"><span class='ocrx_word' id='word_1_252' title='bbox 747 2315 879 2365; x_wconf 90' lang='lat' dir='ltr'><strong>itum</strong></span> <span class='ocrx_word' id='word_1_253' title='bbox 911 2315 1116 2373; x_wconf 80' lang='lat' dir='ltr'><strong>facere;</strong></span> <span class='ocrx_word' id='word_1_254' title='bbox 1143 2313 1391 2374; x_wconf 90' lang='lat' dir='ltr'><strong>quamvis</strong></span> <span class='ocrx_word' id='word_1_255' title='bbox 1418 2326 1546 2378; x_wconf 77' lang='lat' dir='ltr'><strong>ergo</strong></span> <span class='ocrx_word' id='word_1_256' title='bbox 1564 2311 1701 2363; x_wconf 89' lang='lat' dir='ltr'><strong>hanc</strong></span> <span class='ocrx_word' id='word_1_257' title='bbox 1717 2309 2089 2378; x_wconf 71' lang='lat' dir='ltr'><strong>mgritudincm</strong></span> <span class='ocrx_word' id='word_1_258' title='bbox 2114 2309 2328 2372; x_wconf 90' lang='lat' dir='ltr'><strong>medici,</strong></span> 
     </span>
    </p>
   </div>
   <div class='ocr_carea' id='block_1_40' title="bbox 739 2402 2332 2473">
    <p class='ocr_par' dir='ltr' id='par_1_40' title="bbox 739 2402 2332 2473">
     <span class='ocr_line' id='line_1_40' title="bbox 739 2402 2332 2473; baseline 0 -19"><span class='ocrx_word' id='word_1_259' title='bbox 739 2416 794 2455; x_wconf 87' lang='lat' dir='ltr'><strong>et</strong></span> <span class='ocrx_word' id='word_1_260' title='bbox 816 2407 1022 2473; x_wconf 85' lang='lat' dir='ltr'><strong>quique</strong></span> <span class='ocrx_word' id='word_1_261' title='bbox 1057 2420 1245 2454; x_wconf 81' lang='lat' dir='ltr'><strong>eorum</strong></span> <span class='ocrx_word' id='word_1_262' title='bbox 1273 2403 1447 2455; x_wconf 87' lang='lat' dir='ltr'><strong>induti</strong></span> <span class='ocrx_word' id='word_1_263' title='bbox 1474 2413 1601 2453; x_wconf 84' lang='lat' dir='ltr'><strong>sunt</strong></span> <span class='ocrx_word' id='word_1_264' title='bbox 1621 2402 1886 2463; x_wconf 86' lang='lat' dir='ltr'><strong>triboncs,</strong></span> <span class='ocrx_word' id='word_1_265' title='bbox 1906 2415 2332 2469; x_wconf 79' lang='lat' dir='ltr'><strong>sermonumque</strong></span> 
     </span>
    </p>
   </div>
   <div class='ocr_carea' id='block_1_41' title="bbox 737 2491 2331 2559">
    <p class='ocr_par' dir='ltr' id='par_1_41' title="bbox 737 2491 2331 2559">
     <span class='ocr_line' id='line_1_41' title="bbox 737 2491 2331 2559; baseline -0.001 -13"><span class='ocrx_word' id='word_1_266' title='bbox 737 2496 1028 2548; x_wconf 75' lang='lat' dir='ltr'><strong>dicacutate</strong></span> <span class='ocrx_word' id='word_1_267' title='bbox 1065 2493 1347 2545; x_wconf 80' lang='lat' dir='ltr'><strong>confidunt</strong></span> <span class='ocrx_word' id='word_1_268' title='bbox 1370 2533 1384 2553; x_wconf 93' lang='lat'><strong>,</strong></span> <span class='ocrx_word' id='word_1_269' title='bbox 1420 2507 1612 2546; x_wconf 84' lang='lat' dir='ltr'><strong>omnes</strong></span> <span class='ocrx_word' id='word_1_270' title='bbox 1635 2492 1778 2545; x_wconf 87' lang='lat' dir='ltr'><strong>enim</strong></span> <span class='ocrx_word' id='word_1_271' title='bbox 1813 2491 2203 2556; x_wconf 86' lang='lat' dir='ltr'><strong>introibant,ct</strong></span> <span class='ocrx_word' id='word_1_272' title='bbox 2245 2505 2331 2559; x_wconf 65' lang='lat' dir='ltr'><strong>po.</strong></span> 
     </span>
    </p>
   </div>
   <div class='ocr_carea' id='block_1_42' title="bbox 739 2583 2331 2651">
    <p class='ocr_par' dir='ltr' id='par_1_42' title="bbox 739 2583 2331 2651">
     <span class='ocr_line' id='line_1_42' title="bbox 739 2583 2331 2651; baseline -0.001 -15"><span class='ocrx_word' id='word_1_273' title='bbox 739 2595 968 2638; x_wconf 81' lang='lat' dir='ltr'><strong>luerunt</strong></span> <span class='ocrx_word' id='word_1_274' title='bbox 999 2584 1218 2651; x_wconf 83' lang='lat' dir='ltr'><strong>quidem</strong></span> <span class='ocrx_word' id='word_1_275' title='bbox 1252 2584 1555 2639; x_wconf 79' lang='lat' dir='ltr'><strong>addiscere.</strong></span> <span class='ocrx_word' id='word_1_276' title='bbox 1577 2591 1881 2636; x_wconf 88' lang='lat' dir='ltr'><strong>nontamen</strong></span> <span class='ocrx_word' id='word_1_277' title='bbox 1915 2583 2090 2636; x_wconf 73' lang='lat' dir='ltr'><strong>idonei</strong></span> <span class='ocrx_word' id='word_1_278' title='bbox 2115 2585 2331 2635; x_wconf 86' lang='lat' dir='ltr'><strong>fuerant</strong></span> 
     </span>
    </p>
   </div>
   <div class='ocr_carea' id='block_1_43' title="bbox 738 2673 2328 2742">
    <p class='ocr_par' dir='ltr' id='par_1_43' title="bbox 738 2673 2328 2742">
     <span class='ocr_line' id='line_1_43' title="bbox 738 2673 2328 2742; baseline -0.002 -16"><span class='ocrx_word' id='word_1_279' title='bbox 738 2689 1020 2736; x_wconf 85' lang='lat' dir='ltr'><strong>accurare,</strong></span> <span class='ocrx_word' id='word_1_280' title='bbox 1051 2675 1490 2742; x_wconf 79' lang='lat' dir='ltr'><strong>quandoquidem</strong></span> <span class='ocrx_word' id='word_1_281' title='bbox 1509 2673 1664 2728; x_wconf 87' lang='lat' dir='ltr'><strong>valde</strong></span> <span class='ocrx_word' id='word_1_282' title='bbox 1688 2675 1829 2726; x_wconf 90' lang='lat' dir='ltr'><strong>hunc</strong></span> <span class='ocrx_word' id='word_1_283' title='bbox 1845 2673 2328 2741; x_wconf 82' lang='lat' dir='ltr'><strong>iuvestigaverunt,</strong></span> 
     </span>
    </p>
   </div>
   <div class='ocr_carea' id='block_1_44' title="bbox 739 2765 2328 2834">
    <p class='ocr_par' dir='ltr' id='par_1_44' title="bbox 739 2765 2328 2834">
     <span class='ocr_line' id='line_1_44' title="bbox 739 2765 2328 2834; baseline -0.001 -17"><span class='ocrx_word' id='word_1_284' title='bbox 739 2778 792 2818; x_wconf 89' lang='lat' dir='ltr'><strong>et</strong></span> <span class='ocrx_word' id='word_1_285' title='bbox 844 2767 1120 2818; x_wconf 83' lang='lat' dir='ltr'><strong>munerari</strong></span> <span class='ocrx_word' id='word_1_286' title='bbox 1168 2767 1477 2834; x_wconf 79' lang='lat' dir='ltr'><strong>cupierint,</strong></span> <span class='ocrx_word' id='word_1_287' title='bbox 1515 2775 1575 2818; x_wconf 87' lang='lat' dir='ltr'><strong>ut</strong></span> <span class='ocrx_word' id='word_1_288' title='bbox 1622 2774 1676 2817; x_wconf 90' lang='lat' dir='ltr'><strong>et</strong></span> <span class='ocrx_word' id='word_1_289' title='bbox 1733 2765 2040 2818; x_wconf 87' lang='lat' dir='ltr'><strong>mercedum</strong></span> <span class='ocrx_word' id='word_1_290' title='bbox 2077 2778 2328 2833; x_wconf 91' lang='lat' dir='ltr'><strong>pompam</strong></span> 
     </span>
    </p>
   </div>
   <div class='ocr_carea' id='block_1_45' title="bbox 739 2856 2325 2926">
    <p class='ocr_par' dir='ltr' id='par_1_45' title="bbox 739 2856 2325 2926">
     <span class='ocr_line' id='line_1_45' title="bbox 739 2856 2325 2926; baseline -0.002 -16"><span class='ocrx_word' id='word_1_291' title='bbox 739 2869 994 2926; x_wconf 76' lang='lat' dir='ltr'><strong>argento,</strong></span> <span class='ocrx_word' id='word_1_292' title='bbox 1053 2867 1105 2910; x_wconf 91' lang='lat' dir='ltr'><strong>et</strong></span> <span class='ocrx_word' id='word_1_293' title='bbox 1150 2856 1218 2910; x_wconf 88' lang='lat' dir='ltr'><strong>de</strong></span> <span class='ocrx_word' id='word_1_294' title='bbox 1273 2856 1540 2910; x_wconf 84' lang='lat' dir='ltr'><strong>felicitate</strong></span> <span class='ocrx_word' id='word_1_295' title='bbox 1595 2856 1824 2910; x_wconf 86' lang='lat' dir='ltr'><strong>curandi</strong></span> <span class='ocrx_word' id='word_1_296' title='bbox 1887 2856 2325 2925; x_wconf 74' lang='lat' dir='ltr'><strong>przestantiorem</strong></span> 
     </span>
    </p>
   </div>
   <div class='ocr_carea' id='block_1_46' title="bbox 739 2949 1428 3018">
    <p class='ocr_par' dir='ltr' id='par_1_46' title="bbox 739 2949 1428 3018">
     <span class='ocr_line' id='line_1_46' title="bbox 739 2949 1428 3018; baseline -0.001 -17"><span class='ocrx_word' id='word_1_297' title='bbox 739 2951 965 3018; x_wconf 75' lang='lat' dir='ltr'><strong>gloriam</strong></span> <span class='ocrx_word' id='word_1_298' title='bbox 999 2949 1428 3016; x_wconf 87' lang='lat' dir='ltr'><strong>eonquisissent.</strong></span> 
     </span>
    </p>
   </div>
   <div class='ocr_carea' id='block_1_47' title="bbox 815 3035 2324 3099">
    <p class='ocr_par' dir='ltr' id='par_1_47' title="bbox 815 3035 2324 3099">
     <span class='ocr_line' id='line_1_47' title="bbox 815 3035 2324 3099; baseline -0.004 -7"><span class='ocrx_word' id='word_1_299' title='bbox 815 3040 1018 3092; x_wconf 85' lang='lat' dir='ltr'><strong>Idcirco</strong></span> <span class='ocrx_word' id='word_1_300' title='bbox 1067 3040 1152 3092; x_wconf 88' lang='lat' dir='ltr'><strong>his</strong></span> <span class='ocrx_word' id='word_1_301' title='bbox 1205 3039 1464 3092; x_wconf 85' lang='lat' dir='ltr'><strong>omnibus</strong></span> <span class='ocrx_word' id='word_1_302' title='bbox 1501 3038 1755 3092; x_wconf 83' lang='lat' dir='ltr'><strong>refutatis</strong></span> <span class='ocrx_word' id='word_1_303' title='bbox 1797 3035 2138 3099; x_wconf 80' lang='lat' dir='ltr'><strong>Ammonius,</strong></span> <span class='ocrx_word' id='word_1_304' title='bbox 2196 3035 2324 3089; x_wconf 84' lang='lat' dir='ltr'><strong>nul-</strong></span> 
     </span>
    </p>
   </div>
   <div class='ocr_carea' id='block_1_48' title="bbox 2441 1947 4013 2016">
    <p class='ocr_par' dir='ltr' id='par_1_48' title="bbox 2441 1947 4013 2016">
     <span class='ocr_line' id='line_1_48' title="bbox 2441 1947 4013 2016; baseline 0.002 -20"><span class='ocrx_word' id='word_1_305' title='bbox 2441 1947 2615 2014; x_wconf 72' lang='grc' dir='ltr'>μάχου</span> <span class='ocrx_word' id='word_1_306' title='bbox 2664 1947 3013 2014; x_wconf 74' lang='grc' dir='ltr'>πεμπόμενον</span> <span class='ocrx_word' id='word_1_307' title='bbox 3065 1947 3341 2010; x_wconf 80' lang='grc' dir='ltr'>δέξασθαι,</span> <span class='ocrx_word' id='word_1_308' title='bbox 3393 1948 3514 2015; x_wconf 70' lang='grc' dir='ltr'>ἥτις</span> <span class='ocrx_word' id='word_1_309' title='bbox 3581 1953 3692 2010; x_wconf 82' lang='grc' dir='ltr'>τοῖς</span> <span class='ocrx_word' id='word_1_310' title='bbox 3759 1952 4013 2016; x_wconf 57' lang='grc' dir='ltr'>στρόςοις</span> 
     </span>
    </p>
   </div>
   <div class='ocr_carea' id='block_1_49' title="bbox 2433 2037 4010 2107">
    <p class='ocr_par' dir='ltr' id='par_1_49' title="bbox 2433 2037 4010 2107">
     <span class='ocr_line' id='line_1_49' title="bbox 2433 2037 4010 2107; baseline 0.002 -18"><span class='ocrx_word' id='word_1_311' title='bbox 2433 2037 2752 2106; x_wconf 79' lang='grc' dir='ltr'>πιεζομένη,</span> <span class='ocrx_word' id='word_1_312' title='bbox 2786 2040 2879 2089; x_wconf 72' lang='grc' dir='ltr'>καὶ</span> <span class='ocrx_word' id='word_1_313' title='bbox 2906 2038 3261 2107; x_wconf 81' lang='grc' dir='ltr'>δριμυτέραις</span> <span class='ocrx_word' id='word_1_314' title='bbox 3292 2042 3408 2099; x_wconf 90' lang='grc' dir='ltr'>ταῖς</span> <span class='ocrx_word' id='word_1_315' title='bbox 3441 2040 3620 2101; x_wconf 74' lang='grc' dir='ltr'>ἀνίαις</span> <span class='ocrx_word' id='word_1_316' title='bbox 3659 2039 4010 2103; x_wconf 81' lang='grc' dir='ltr'>δουλεύσασα,</span> 
     </span>
    </p>
   </div>
   <div class='ocr_carea' id='block_1_50' title="bbox 2436 2129 4010 2200">
    <p class='ocr_par' dir='ltr' id='par_1_50' title="bbox 2436 2129 4010 2200">
     <span class='ocr_line' id='line_1_50' title="bbox 2436 2129 4010 2200; baseline 0 -18"><span class='ocrx_word' id='word_1_317' title='bbox 2436 2129 2619 2197; x_wconf 86' lang='grc' dir='ltr'>μένειν</span> <span class='ocrx_word' id='word_1_318' title='bbox 2646 2130 2706 2180; x_wconf 85' lang='grc' dir='ltr'>ἐν</span> <span class='ocrx_word' id='word_1_319' title='bbox 2732 2129 2868 2198; x_wconf 83' lang='grc' dir='ltr'>αὐτῇ</span> <span class='ocrx_word' id='word_1_320' title='bbox 2900 2129 3001 2197; x_wconf 80' lang='grc' dir='ltr'>τὴν</span> <span class='ocrx_word' id='word_1_321' title='bbox 3026 2130 3236 2198; x_wconf 69' lang='grc' dir='ltr'>τροφὴν</span> <span class='ocrx_word' id='word_1_322' title='bbox 3279 2129 3378 2180; x_wconf 77' lang='grc' dir='ltr'>οὐκ</span> <span class='ocrx_word' id='word_1_323' title='bbox 3416 2131 3689 2200; x_wconf 73' lang='grc' dir='ltr'>ὴνίσχετο,</span> <span class='ocrx_word' id='word_1_324' title='bbox 3718 2132 3854 2184; x_wconf 74' lang='grc' dir='ltr'>ἀλλὰ</span> <span class='ocrx_word' id='word_1_325' title='bbox 3880 2133 4010 2184; x_wconf 71' lang='lat' dir='ltr'><strong>0a:-</strong></span> 
     </span>
    </p>
   </div>
   <div class='ocr_carea' id='block_1_51' title="bbox 2431 2220 4011 2291">
    <p class='ocr_par' dir='ltr' id='par_1_51' title="bbox 2431 2220 4011 2291">
     <span class='ocr_line' id='line_1_51' title="bbox 2431 2220 4011 2291; baseline 0.001 -19"><span class='ocrx_word' id='word_1_326' title='bbox 2431 2237 2524 2272; x_wconf 86' lang='grc' dir='ltr'><strong>τον</strong></span> <span class='ocrx_word' id='word_1_327' title='bbox 2552 2221 2722 2288; x_wconf 76' lang='grc' dir='ltr'>αὐτὴν</span> <span class='ocrx_word' id='word_1_328' title='bbox 2756 2220 3054 2272; x_wconf 80' lang='grc' dir='ltr'>κατιοῦσαν</span> <span class='ocrx_word' id='word_1_329' title='bbox 3093 2221 3432 2290; x_wconf 80' lang='grc' dir='ltr'>ἀνέπεμπεν,</span> <span class='ocrx_word' id='word_1_330' title='bbox 3475 2223 3570 2273; x_wconf 71' lang='grc' dir='ltr'>καὶ</span> <span class='ocrx_word' id='word_1_331' title='bbox 3624 2223 3711 2276; x_wconf 75' lang='grc' dir='ltr'>διὰ</span> <span class='ocrx_word' id='word_1_332' title='bbox 3744 2225 4011 2291; x_wconf 82' lang='grc' dir='ltr'>στόματος</span> 
     </span>
    </p>
   </div>
   <div class='ocr_carea' id='block_1_52' title="bbox 2432 2311 4010 2382">
    <p class='ocr_par' dir='ltr' id='par_1_52' title="bbox 2432 2311 4010 2382">
     <span class='ocr_line' id='line_1_52' title="bbox 2432 2311 4010 2382; baseline 0.003 -21"><span class='ocrx_word' id='word_1_333' title='bbox 2432 2311 2708 2380; x_wconf 68' lang='grc' dir='ltr'>ἔρριπτεν,</span> <span class='ocrx_word' id='word_1_334' title='bbox 2751 2311 2921 2364; x_wconf 81' lang='grc' dir='ltr'>δίοδον</span> <span class='ocrx_word' id='word_1_335' title='bbox 2969 2311 3038 2364; x_wconf 85' lang='grc' dir='ltr'>δι’</span> <span class='ocrx_word' id='word_1_336' title='bbox 3082 2312 3282 2378; x_wconf 78' lang='grc' dir='ltr'>ἑαυτῆς</span> <span class='ocrx_word' id='word_1_337' title='bbox 3333 2312 3393 2364; x_wconf 86' lang='grc' dir='ltr'>οὐ</span> <span class='ocrx_word' id='word_1_338' title='bbox 3432 2314 3762 2382; x_wconf 51' lang='grc' dir='ltr'>παρέχουσι.</span> <span class='ocrx_word' id='word_1_339' title='bbox 3799 2313 4010 2366; x_wconf 79' lang='grc' dir='ltr'>Ἀλλέῐ</span> 
     </span>
    </p>
   </div>
   <div class='ocr_carea' id='block_1_53' title="bbox 2430 2399 4010 2470">
    <p class='ocr_par' dir='ltr' id='par_1_53' title="bbox 2430 2399 4010 2470">
     <span class='ocr_line' id='line_1_53' title="bbox 2430 2399 4010 2470; baseline 0.002 -19"><span class='ocrx_word' id='word_1_340' title='bbox 2430 2401 2492 2452; x_wconf 83' lang='grc' dir='ltr'>τὸ</span> <span class='ocrx_word' id='word_1_341' title='bbox 2525 2400 2696 2461; x_wconf 79' lang='grc' dir='ltr'>πάθος</span> <span class='ocrx_word' id='word_1_342' title='bbox 2721 2401 2771 2451; x_wconf 84' lang='grc' dir='ltr'>οἱ</span> <span class='ocrx_word' id='word_1_343' title='bbox 2821 2400 2998 2469; x_wconf 76' lang='grc' dir='ltr'>ἰατροὶ</span> <span class='ocrx_word' id='word_1_344' title='bbox 3041 2404 3136 2452; x_wconf 73' lang='grc' dir='ltr'>καὶ</span> <span class='ocrx_word' id='word_1_345' title='bbox 3210 2399 3415 2452; x_wconf 83' lang='grc' dir='ltr'>τούτων</span> <span class='ocrx_word' id='word_1_346' title='bbox 3463 2403 3512 2452; x_wconf 85' lang='grc' dir='ltr'>οἱ</span> <span class='ocrx_word' id='word_1_347' title='bbox 3552 2403 3844 2470; x_wconf 67' lang='grc' dir='ltr'>φοροῦντες</span> <span class='ocrx_word' id='word_1_348' title='bbox 3883 2403 4010 2464; x_wconf 69' lang='grc' dir='ltr'>τοὶς</span> 
     </span>
    </p>
   </div>
   <div class='ocr_carea' id='block_1_54' title="bbox 2431 2491 4011 2562">
    <p class='ocr_par' dir='ltr' id='par_1_54' title="bbox 2431 2491 4011 2562">
     <span class='ocr_line' id='line_1_54' title="bbox 2431 2491 4011 2562; baseline 0.001 -20"><span class='ocrx_word' id='word_1_349' title='bbox 2431 2491 2723 2560; x_wconf 80' lang='grc' dir='ltr'>τρίῦωνας,</span> <span class='ocrx_word' id='word_1_350' title='bbox 2753 2491 2849 2543; x_wconf 76' lang='grc' dir='ltr'>καὶ</span> <span class='ocrx_word' id='word_1_351' title='bbox 2877 2495 2943 2560; x_wconf 84' lang='grc' dir='ltr'>τῇ</span> <span class='ocrx_word' id='word_1_352' title='bbox 2974 2492 3214 2561; x_wconf 70' lang='grc' dir='ltr'>κομψείᾳ</span> <span class='ocrx_word' id='word_1_353' title='bbox 3253 2492 3362 2542; x_wconf 69' lang='grc' dir='ltr'>τῶν</span> <span class='ocrx_word' id='word_1_354' title='bbox 3397 2492 3569 2557; x_wconf 81' lang='grc' dir='ltr'>λόγων</span> <span class='ocrx_word' id='word_1_355' title='bbox 3604 2493 4011 2562; x_wconf 62' lang='grc' dir='ltr'>ἐπερειδόμεναι</span> 
     </span>
    </p>
   </div>
   <div class='ocr_carea' id='block_1_55' title="bbox 2433 2581 4012 2653">
    <p class='ocr_par' dir='ltr' id='par_1_55' title="bbox 2433 2581 4012 2653">
     <span class='ocr_line' id='line_1_55' title="bbox 2433 2581 4012 2653; baseline -0.01 -3"><span class='ocrx_word' id='word_1_356' title='bbox 2433 2582 2693 2650; x_wconf 73' lang='grc' dir='ltr'>(ἅπαντες</span> <span class='ocrx_word' id='word_1_357' title='bbox 2722 2583 2831 2652; x_wconf 80' lang='grc' dir='ltr'>γὰρ</span> <span class='ocrx_word' id='word_1_358' title='bbox 2854 2583 3210 2652; x_wconf 71' lang='grc' dir='ltr'>εἰσέτρεχον),</span> <span class='ocrx_word' id='word_1_359' title='bbox 3232 2581 3422 2650; x_wconf 81' lang='grc' dir='ltr'>μαθεῖν</span> <span class='ocrx_word' id='word_1_360' title='bbox 3445 2584 3808 2653; x_wconf 69' lang='grc' dir='ltr'>ἠδυνήθησαν.</span> <span class='ocrx_word' id='word_1_361' title='bbox 3827 2587 4012 2636; x_wconf 68' lang='grc' dir='ltr'>οὐκέτι</span> 
     </span>
    </p>
   </div>
   <div class='ocr_carea' id='block_1_56' title="bbox 2429 2673 4010 2743">
    <p class='ocr_par' dir='ltr' id='par_1_56' title="bbox 2429 2673 4010 2743">
     <span class='ocr_line' id='line_1_56' title="bbox 2429 2673 4010 2743; baseline 0.001 -18"><span class='ocrx_word' id='word_1_362' title='bbox 2429 2675 2524 2726; x_wconf 78' lang='grc' dir='ltr'>καὶ</span> <span class='ocrx_word' id='word_1_363' title='bbox 2553 2673 2650 2743; x_wconf 87' lang='grc' dir='ltr'>τὴν</span> <span class='ocrx_word' id='word_1_364' title='bbox 2683 2674 2823 2726; x_wconf 82' lang='grc' dir='ltr'>ἴασιν</span> <span class='ocrx_word' id='word_1_365' title='bbox 2853 2675 3111 2743; x_wconf 87' lang='grc' dir='ltr'>παρέχειν</span> <span class='ocrx_word' id='word_1_366' title='bbox 3145 2676 3480 2743; x_wconf 73' lang='grc' dir='ltr'>εὐπόρησαν,</span> <span class='ocrx_word' id='word_1_367' title='bbox 3537 2677 3715 2726; x_wconf 84' lang='grc' dir='ltr'>καίτοι</span> <span class='ocrx_word' id='word_1_368' title='bbox 3751 2675 3870 2727; x_wconf 86' lang='grc' dir='ltr'>λίαν</span> <span class='ocrx_word' id='word_1_369' title='bbox 3913 2677 4010 2728; x_wconf 75' lang='grc' dir='ltr'>αὑ-</span> 
     </span>
    </p>
   </div>
   <div class='ocr_carea' id='block_1_57' title="bbox 2430 2762 4013 2834">
    <p class='ocr_par' dir='ltr' id='par_1_57' title="bbox 2430 2762 4013 2834">
     <span class='ocr_line' id='line_1_57' title="bbox 2430 2762 4013 2834; baseline 0.001 -20"><span class='ocrx_word' id='word_1_370' title='bbox 2430 2762 2529 2832; x_wconf 86' lang='grc' dir='ltr'>τὴν</span> <span class='ocrx_word' id='word_1_371' title='bbox 2561 2762 2934 2832; x_wconf 83' lang='grc' dir='ltr'>ἀνιχνεύοντες</span> <span class='ocrx_word' id='word_1_372' title='bbox 2965 2765 3057 2815; x_wconf 76' lang='grc' dir='ltr'><strong>καὶ</strong></span> <span class='ocrx_word' id='word_1_373' title='bbox 3082 2764 3370 2832; x_wconf 73' lang='grc' dir='ltr'>δωρεῖσθαι</span> <span class='ocrx_word' id='word_1_374' title='bbox 3415 2766 3762 2834; x_wconf 81' lang='grc' dir='ltr'>γλιχόμενοι,</span> <span class='ocrx_word' id='word_1_375' title='bbox 3800 2767 3887 2817; x_wconf 79' lang='grc' dir='ltr'>ἵνα</span> <span class='ocrx_word' id='word_1_376' title='bbox 3917 2769 4013 2817; x_wconf 78' lang='grc' dir='ltr'>καὶ</span> 
     </span>
    </p>
   </div>
   <div class='ocr_carea' id='block_1_58' title="bbox 2431 2851 4011 2923">
    <p class='ocr_par' dir='ltr' id='par_1_58' title="bbox 2431 2851 4011 2923">
     <span class='ocr_line' id='line_1_58' title="bbox 2431 2851 4011 2923; baseline 0.001 -19"><span class='ocrx_word' id='word_1_377' title='bbox 2431 2851 2520 2904; x_wconf 81' lang='grc' dir='ltr'>τὸν</span> <span class='ocrx_word' id='word_1_378' title='bbox 2571 2853 2668 2920; x_wconf 82' lang='grc' dir='ltr'>μὲν</span> <span class='ocrx_word' id='word_1_379' title='bbox 2721 2852 2912 2921; x_wconf 88' lang='grc' dir='ltr'>μισθὸν</span> <span class='ocrx_word' id='word_1_380' title='bbox 2962 2853 3171 2921; x_wconf 69' lang='grc' dir='ltr'>κομψὸν</span> <span class='ocrx_word' id='word_1_381' title='bbox 3223 2853 3284 2904; x_wconf 76' lang='grc' dir='ltr'>τὸ</span> <span class='ocrx_word' id='word_1_382' title='bbox 3333 2853 3619 2922; x_wconf 78' lang='grc' dir='ltr'>ἀργύριον,</span> <span class='ocrx_word' id='word_1_383' title='bbox 3656 2857 3884 2923; x_wconf 76' lang='grc' dir='ltr'>καὶτῆς</span> <span class='ocrx_word' id='word_1_384' title='bbox 3918 2857 4011 2906; x_wconf 72' lang='grc' dir='ltr'><strong>εὑ-</strong></span> 
     </span>
    </p>
   </div>
   <div class='ocr_carea' id='block_1_59' title="bbox 2429 2943 3858 3014">
    <p class='ocr_par' dir='ltr' id='par_1_59' title="bbox 2429 2943 3858 3014">
     <span class='ocr_line' id='line_1_59' title="bbox 2429 2943 3858 3014; baseline 0.001 -18"><span class='ocrx_word' id='word_1_385' title='bbox 2429 2943 2769 3013; x_wconf 86' lang='grc' dir='ltr'>δοκιμὴσεως</span> <span class='ocrx_word' id='word_1_386' title='bbox 2795 2943 3141 3014; x_wconf 76' lang='grc' dir='ltr'>κομψοτέραν</span> <span class='ocrx_word' id='word_1_387' title='bbox 3181 2945 3279 3013; x_wconf 72' lang='grc' dir='ltr'>τὴν</span> <span class='ocrx_word' id='word_1_388' title='bbox 3313 2945 3472 3007; x_wconf 77' lang='grc' dir='ltr'>δόξαν</span> <span class='ocrx_word' id='word_1_389' title='bbox 3502 2946 3858 3011; x_wconf 75' lang='grc' dir='ltr'>πορίσωνται.</span> 
     </span>
    </p>
   </div>
   <div class='ocr_carea' id='block_1_60' title="bbox 2501 3034 4010 3105">
    <p class='ocr_par' dir='ltr' id='par_1_60' title="bbox 2501 3034 4010 3105">
     <span class='ocr_line' id='line_1_60' title="bbox 2501 3034 4010 3105; baseline 0.001 -18"><span class='ocrx_word' id='word_1_390' title='bbox 2501 3036 2593 3087; x_wconf 85' lang='grc' dir='ltr'><strong>Διὸ</strong></span> <span class='ocrx_word' id='word_1_391' title='bbox 2643 3037 2738 3087; x_wconf 78' lang='grc' dir='ltr'>καὶ</span> <span class='ocrx_word' id='word_1_392' title='bbox 2777 3036 2998 3088; x_wconf 83' lang='grc' dir='ltr'>πάντων</span> <span class='ocrx_word' id='word_1_393' title='bbox 3043 3034 3222 3086; x_wconf 80' lang='grc' dir='ltr'>αὐτῶν</span> <span class='ocrx_word' id='word_1_394' title='bbox 3271 3037 3578 3102; x_wconf 79' lang='grc' dir='ltr'>καταγνοὺς</span> <span class='ocrx_word' id='word_1_395' title='bbox 3617 3038 3646 3087; x_wconf 88' lang='grc' dir='ltr'>ὁ</span> <span class='ocrx_word' id='word_1_396' title='bbox 3681 3037 4010 3105; x_wconf 63' lang='grc' dir='ltr'>Ἀμμώνιος,</span> 
     </span>
    </p>
   </div>
   <div class='ocr_carea' id='block_1_61' title="bbox 741 3113 2437 3227">
    <p class='ocr_par' dir='ltr' id='par_1_61' title="bbox 741 3113 2437 3227">
     <span class='ocr_line' id='line_1_61' title="bbox 741 3113 2437 3227; baseline -0.005 -41"><span class='ocrx_word' id='word_1_397' title='bbox 741 3113 964 3202; x_wconf 72' lang='lat' dir='ltr'><strong>lituique</strong></span> <span class='ocrx_word' id='word_1_398' title='bbox 999 3148 1066 3186; x_wconf 71' lang='lat' dir='ltr'><strong>ex</strong></span> <span class='ocrx_word' id='word_1_399' title='bbox 1101 3133 1184 3184; x_wconf 89' lang='lat' dir='ltr'><strong>eis</strong></span> <span class='ocrx_word' id='word_1_400' title='bbox 1220 3131 1508 3185; x_wconf 86' lang='lat' dir='ltr'><strong>inveniens</strong></span> <span class='ocrx_word' id='word_1_401' title='bbox 1538 3130 1940 3197; x_wconf 87' lang='lat' dir='ltr'><strong>juvamentum,</strong></span> <span class='ocrx_word' id='word_1_402' title='bbox 1972 3128 2081 3181; x_wconf 91' lang='lat' dir='ltr'><strong>nisi</strong></span> <span class='ocrx_word' id='word_1_403' title='bbox 2113 3136 2322 3180; x_wconf 90' lang='lat' dir='ltr'><strong>tantum</strong></span> <span class='ocrx_word' id='word_1_404' title='bbox 2351 3164 2399 3227; x_wconf 65' lang='grc' dir='ltr'>ο</span> <span class='ocrx_word' id='word_1_405' title='bbox 2435 3144 2437 3152; x_wconf 65' lang='grc' dir='ltr'><strong>ι</strong></span> 
     </span>
    </p>
   </div>
   <div class='ocr_carea' id='block_1_62' title="bbox 2316 3113 4012 3227">
    <p class='ocr_par' dir='ltr' id='par_1_62' title="bbox 2316 3123 4012 3227">
     <span class='ocr_line' id='line_1_62' title="bbox 2316 3123 4012 3227; baseline -0.001 -49"><span class='ocrx_word' id='word_1_406' title='bbox 2316 3145 2322 3178; x_wconf 89' lang='lat' dir='ltr'><strong>I</strong></span> <span class='ocrx_word' id='word_1_407' title='bbox 2351 3164 2399 3227; x_wconf 66' lang='grc' dir='ltr'>ο</span> <span class='ocrx_word' id='word_1_408' title='bbox 2435 3125 2527 3177; x_wconf 79' lang='grc' dir='ltr'>καὶ</span> <span class='ocrx_word' id='word_1_409' title='bbox 2563 3123 2831 3193; x_wconf 88' lang='grc' dir='ltr'>μηδεμίαν</span> <span class='ocrx_word' id='word_1_410' title='bbox 2876 3125 3011 3193; x_wconf 65' lang='grc' dir='ltr'>πρδς</span> <span class='ocrx_word' id='word_1_411' title='bbox 3061 3125 3235 3175; x_wconf 81' lang='grc' dir='ltr'>αὐτῶν</span> <span class='ocrx_word' id='word_1_412' title='bbox 3285 3125 3475 3176; x_wconf 79' lang='grc' dir='ltr'>παθὼν</span> <span class='ocrx_word' id='word_1_413' title='bbox 3521 3129 3618 3193; x_wconf 75' lang='grc' dir='ltr'>τὴν</span> <span class='ocrx_word' id='word_1_414' title='bbox 3645 3126 3932 3192; x_wconf 52' lang='grc' dir='ltr'>ὠυελειαν,</span> <span class='ocrx_word' id='word_1_415' title='bbox 3963 3130 4012 3178; x_wconf 78' lang='grc' dir='ltr'>εἰ</span> 
     </span>
    </p>
   </div>
   <div class='ocr_carea' id='block_1_63' title="bbox 741 3217 2324 3290">
    <p class='ocr_par' dir='ltr' id='par_1_63' title="bbox 741 3217 2324 3290">
     <span class='ocr_line' id='line_1_63' title="bbox 741 3217 2324 3290; baseline -0.004 -15"><span class='ocrx_word' id='word_1_416' title='bbox 741 3234 801 3278; x_wconf 85' lang='lat' dir='ltr'><strong>nt</strong></span> <span class='ocrx_word' id='word_1_417' title='bbox 842 3238 1033 3275; x_wconf 82' lang='lat' dir='ltr'><strong>eorum</strong></span> <span class='ocrx_word' id='word_1_418' title='bbox 1097 3237 1265 3290; x_wconf 85' lang='lat' dir='ltr'><strong>super</strong></span> <span class='ocrx_word' id='word_1_419' title='bbox 1309 3222 1409 3273; x_wconf 86' lang='lat' dir='ltr'><strong>hac</strong></span> <span class='ocrx_word' id='word_1_420' title='bbox 1455 3220 1778 3287; x_wconf 63' lang='lat' dir='ltr'><strong>aegritudine</strong></span> <span class='ocrx_word' id='word_1_421' title='bbox 1827 3217 2324 3286; x_wconf 85' lang='lat' dir='ltr'><strong>impossibilitatem</strong></span> 
     </span>
    </p>
   </div>
   <div class='ocr_carea' id='block_1_64' title="bbox 742 3307 2326 3381">
    <p class='ocr_par' dir='ltr' id='par_1_64' title="bbox 742 3307 2326 3381">
     <span class='ocr_line' id='line_1_64' title="bbox 742 3307 2326 3381; baseline -0.005 -14"><span class='ocrx_word' id='word_1_422' title='bbox 742 3316 1079 3374; x_wconf 87' lang='lat' dir='ltr'><strong>addisceret,</strong></span> <span class='ocrx_word' id='word_1_423' title='bbox 1103 3322 1158 3365; x_wconf 86' lang='lat' dir='ltr'><strong>et</strong></span> <span class='ocrx_word' id='word_1_424' title='bbox 1179 3313 1324 3381; x_wconf 89' lang='lat' dir='ltr'><strong>quod</strong></span> <span class='ocrx_word' id='word_1_425' title='bbox 1343 3313 1525 3364; x_wconf 89' lang='lat' dir='ltr'><strong>verbis</strong></span> <span class='ocrx_word' id='word_1_426' title='bbox 1553 3311 1770 3378; x_wconf 89' lang='lat' dir='ltr'><strong>quidem</strong></span> <span class='ocrx_word' id='word_1_427' title='bbox 1798 3310 1909 3362; x_wconf 90' lang='lat' dir='ltr'><strong>sint</strong></span> <span class='ocrx_word' id='word_1_428' title='bbox 1929 3310 2093 3361; x_wconf 90' lang='lat' dir='ltr'><strong>nimis</strong></span> <span class='ocrx_word' id='word_1_429' title='bbox 2121 3307 2326 3371; x_wconf 87' lang='lat' dir='ltr'><strong>idonei,</strong></span> 
     </span>
    </p>
   </div>
   <div class='ocr_carea' id='block_1_65' title="bbox 747 3396 2326 3472">
    <p class='ocr_par' dir='ltr' id='par_1_65' title="bbox 747 3396 2326 3472">
     <span class='ocr_line' id='line_1_65' title="bbox 747 3396 2326 3472; baseline -0.003 -20"><span class='ocrx_word' id='word_1_430' title='bbox 747 3407 1012 3472; x_wconf 73' lang='lat' dir='ltr'><strong>operibus</strong></span> <span class='ocrx_word' id='word_1_431' title='bbox 1040 3412 1221 3455; x_wconf 81' lang='lat' dir='ltr'><strong>autem</strong></span> <span class='ocrx_word' id='word_1_432' title='bbox 1256 3418 1452 3454; x_wconf 87' lang='lat' dir='ltr'><strong>curare.</strong></span> <span class='ocrx_word' id='word_1_433' title='bbox 1477 3403 1789 3452; x_wconf 87' lang='lat' dir='ltr'><strong>nullatenus</strong></span> <span class='ocrx_word' id='word_1_434' title='bbox 1827 3399 2067 3461; x_wconf 84' lang='lat' dir='ltr'><strong>strenui;</strong></span> <span class='ocrx_word' id='word_1_435' title='bbox 2106 3396 2172 3449; x_wconf 86' lang='lat' dir='ltr'><strong>ad</strong></span> <span class='ocrx_word' id='word_1_436' title='bbox 2215 3396 2326 3464; x_wconf 86' lang='lat' dir='ltr'><strong>Cy-</strong></span> 
     </span>
    </p>
   </div>
   <div class='ocr_carea' id='block_1_66' title="bbox 745 3490 2328 3560">
    <p class='ocr_par' dir='ltr' id='par_1_66' title="bbox 745 3490 2328 3560">
     <span class='ocr_line' id='line_1_66' title="bbox 745 3490 2328 3560; baseline -0.001 -18"><span class='ocrx_word' id='word_1_437' title='bbox 745 3510 862 3545; x_wconf 87' lang='lat' dir='ltr'><strong>rnlu</strong></span> <span class='ocrx_word' id='word_1_438' title='bbox 895 3494 1094 3545; x_wconf 80' lang='lat' dir='ltr'><strong>iterum</strong></span> <span class='ocrx_word' id='word_1_439' title='bbox 1121 3503 1179 3546; x_wconf 84' lang='lat' dir='ltr'><strong>et</strong></span> <span class='ocrx_word' id='word_1_440' title='bbox 1203 3491 1466 3544; x_wconf 87' lang='lat' dir='ltr'><strong>Joannem</strong></span> <span class='ocrx_word' id='word_1_441' title='bbox 1491 3506 1746 3560; x_wconf 65' lang='lat' dir='ltr'><strong>egressus</strong></span> <span class='ocrx_word' id='word_1_442' title='bbox 1771 3498 1876 3554; x_wconf 82' lang='lat' dir='ltr'><strong>est,</strong></span> <span class='ocrx_word' id='word_1_443' title='bbox 1913 3490 2058 3543; x_wconf 86' lang='lat' dir='ltr'><strong>solos</strong></span> <span class='ocrx_word' id='word_1_444' title='bbox 2081 3490 2182 3542; x_wconf 90' lang='lat' dir='ltr'><strong>hos</strong></span> <span class='ocrx_word' id='word_1_445' title='bbox 2204 3497 2328 3556; x_wconf 82' lang='lat' dir='ltr'><strong>post</strong></span> 
     </span>
    </p>
   </div>
   <div class='ocr_carea' id='block_1_67' title="bbox 747 3579 2325 3649">
    <p class='ocr_par' dir='ltr' id='par_1_67' title="bbox 747 3579 2325 3649">
     <span class='ocr_line' id='line_1_67' title="bbox 747 3579 2325 3649; baseline -0.004 -15"><span class='ocrx_word' id='word_1_446' title='bbox 747 3584 914 3635; x_wconf 76' lang='lat' dir='ltr'><strong>lienm</strong></span> <span class='ocrx_word' id='word_1_447' title='bbox 941 3585 1173 3636; x_wconf 86' lang='lat' dir='ltr'><strong>credens</strong></span> <span class='ocrx_word' id='word_1_448' title='bbox 1199 3585 1480 3649; x_wconf 84' lang='lat' dir='ltr'><strong>adjutores</strong></span> <span class='ocrx_word' id='word_1_449' title='bbox 1510 3587 1812 3643; x_wconf 74' lang='lat' dir='ltr'><strong>exsistere;</strong></span> <span class='ocrx_word' id='word_1_450' title='bbox 1843 3579 1986 3634; x_wconf 87' lang='lat' dir='ltr'><strong>unde</strong></span> <span class='ocrx_word' id='word_1_451' title='bbox 2011 3587 2065 3633; x_wconf 82' lang='lat' dir='ltr'><strong>et</strong></span> <span class='ocrx_word' id='word_1_452' title='bbox 2095 3579 2325 3632; x_wconf 84' lang='lat' dir='ltr'><strong>celerem</strong></span> 
     </span>
    </p>
   </div>
   <div class='ocr_carea' id='block_1_68' title="bbox 747 3667 2328 3742">
    <p class='ocr_par' dir='ltr' id='par_1_68' title="bbox 747 3667 2328 3742">
     <span class='ocr_line' id='line_1_68' title="bbox 747 3667 2328 3742; baseline -0.004 -18"><span class='ocrx_word' id='word_1_453' title='bbox 747 3691 938 3727; x_wconf 74' lang='lat' dir='ltr'><strong>rurant</strong></span> <span class='ocrx_word' id='word_1_454' title='bbox 975 3677 1206 3742; x_wconf 84' lang='lat' dir='ltr'><strong>accepit,</strong></span> <span class='ocrx_word' id='word_1_455' title='bbox 1243 3675 1551 3726; x_wconf 85' lang='lat' dir='ltr'><strong>mercedem</strong></span> <span class='ocrx_word' id='word_1_456' title='bbox 1586 3686 1887 3739; x_wconf 80' lang='lat' dir='ltr'><strong>congruam</strong></span> <span class='ocrx_word' id='word_1_457' title='bbox 1924 3669 2252 3737; x_wconf 82' lang='lat' dir='ltr'><strong>ﬁdei,quam</strong></span> <span class='ocrx_word' id='word_1_458' title='bbox 2273 3667 2328 3719; x_wconf 89' lang='lat' dir='ltr'><strong>in</strong></span> 
     </span>
    </p>
   </div>
   <div class='ocr_carea' id='block_1_69' title="bbox 742 3755 2326 3828">
    <p class='ocr_par' dir='ltr' id='par_1_69' title="bbox 742 3755 2326 3828">
     <span class='ocr_line' id='line_1_69' title="bbox 742 3755 2326 3828; baseline -0.002 -17"><span class='ocrx_word' id='word_1_459' title='bbox 742 3779 841 3816; x_wconf 70' lang='lat' dir='ltr'><strong>eos</strong></span> <span class='ocrx_word' id='word_1_460' title='bbox 901 3765 1202 3828; x_wconf 73' lang='lat' dir='ltr'><strong>habuerat,</strong></span> <span class='ocrx_word' id='word_1_461' title='bbox 1248 3769 1602 3814; x_wconf 83' lang='lat' dir='ltr'><strong>consecutus.</strong></span> <span class='ocrx_word' id='word_1_462' title='bbox 1664 3759 1732 3812; x_wconf 79' lang='lat' dir='ltr'><strong>Et</strong></span> <span class='ocrx_word' id='word_1_463' title='bbox 1787 3757 2051 3812; x_wconf 83' lang='lat' dir='ltr'><strong>stomachi</strong></span> <span class='ocrx_word' id='word_1_464' title='bbox 2105 3755 2326 3824; x_wconf 86' lang='lat' dir='ltr'><strong>quidem</strong></span> 
     </span>
    </p>
   </div>
   <div class='ocr_carea' id='block_1_70' title="bbox 741 3846 2328 3918">
    <p class='ocr_par' dir='ltr' id='par_1_70' title="bbox 741 3846 2328 3918">
     <span class='ocr_line' id='line_1_70' title="bbox 741 3846 2328 3918; baseline -0.003 -15"><span class='ocrx_word' id='word_1_465' title='bbox 741 3858 923 3907; x_wconf 82' lang='lat' dir='ltr'><strong>oleum</strong></span> <span class='ocrx_word' id='word_1_466' title='bbox 966 3865 1014 3906; x_wconf 87' lang='lat' dir='ltr'><strong>et</strong></span> <span class='ocrx_word' id='word_1_467' title='bbox 1054 3867 1177 3905; x_wconf 85' lang='lat' dir='ltr'><strong>cera</strong></span> <span class='ocrx_word' id='word_1_468' title='bbox 1231 3852 1331 3903; x_wconf 89' lang='lat' dir='ltr'><strong>l&#39;uit</strong></span> <span class='ocrx_word' id='word_1_469' title='bbox 1363 3850 1600 3914; x_wconf 85' lang='lat' dir='ltr'><strong>curatio,</strong></span> <span class='ocrx_word' id='word_1_470' title='bbox 1635 3864 1754 3918; x_wconf 69' lang='lat' dir='ltr'><strong>qua:</strong></span> <span class='ocrx_word' id='word_1_471' title='bbox 1801 3846 2202 3902; x_wconf 87' lang='lat' dir='ltr'><strong>confessionem</strong></span> <span class='ocrx_word' id='word_1_472' title='bbox 2232 3863 2328 3900; x_wconf 89' lang='lat' dir='ltr'><strong>eo-</strong></span> 
     </span>
    </p>
   </div>
   <div class='ocr_carea' id='block_1_71' title="bbox 745 3937 2330 4008">
    <p class='ocr_par' dir='ltr' id='par_1_71' title="bbox 745 3937 2330 4008">
     <span class='ocr_line' id='line_1_71' title="bbox 745 3937 2330 4008; baseline -0.005 -12"><span class='ocrx_word' id='word_1_473' title='bbox 745 3961 864 3996; x_wconf 87' lang='lat' dir='ltr'><strong>rum</strong></span> <span class='ocrx_word' id='word_1_474' title='bbox 891 3942 1126 3995; x_wconf 89' lang='lat' dir='ltr'><strong>radiauti</strong></span> <span class='ocrx_word' id='word_1_475' title='bbox 1149 3941 1359 4008; x_wconf 81' lang='lat' dir='ltr'><strong>fulgore</strong></span> <span class='ocrx_word' id='word_1_476' title='bbox 1377 3939 1778 4008; x_wconf 83' lang='lat' dir='ltr'><strong>splendilicant.</strong></span> <span class='ocrx_word' id='word_1_477' title='bbox 1809 3937 1885 3988; x_wconf 92' lang='lat' dir='ltr'><strong>lta</strong></span> <span class='ocrx_word' id='word_1_478' title='bbox 1921 3950 1974 3989; x_wconf 87' lang='lat' dir='ltr'><strong>et</strong></span> <span class='ocrx_word' id='word_1_479' title='bbox 1993 3951 2185 3988; x_wconf 88' lang='lat' dir='ltr'><strong>vanam</strong></span> <span class='ocrx_word' id='word_1_480' title='bbox 2216 3937 2330 4006; x_wconf 78' lang='lat' dir='ltr'><strong>glo-</strong></span> 
     </span>
    </p>
   </div>
   <div class='ocr_carea' id='block_1_72' title="bbox 745 4029 2330 4098">
    <p class='ocr_par' dir='ltr' id='par_1_72' title="bbox 745 4029 2330 4098">
     <span class='ocr_line' id='line_1_72' title="bbox 745 4029 2330 4098; baseline -0.004 -12"><span class='ocrx_word' id='word_1_481' title='bbox 745 4037 876 4087; x_wconf 85' lang='lat' dir='ltr'><strong>riam</strong></span> <span class='ocrx_word' id='word_1_482' title='bbox 912 4034 1110 4086; x_wconf 87' lang='lat' dir='ltr'><strong>mentis</strong></span> <span class='ocrx_word' id='word_1_483' title='bbox 1148 4033 1266 4098; x_wconf 83' lang='lat' dir='ltr'><strong>ejus</strong></span> <span class='ocrx_word' id='word_1_484' title='bbox 1307 4030 1632 4098; x_wconf 89' lang='lat' dir='ltr'><strong>competenti</strong></span> <span class='ocrx_word' id='word_1_485' title='bbox 1670 4029 2031 4081; x_wconf 87' lang='lat' dir='ltr'><strong>medicamine</strong></span> <span class='ocrx_word' id='word_1_486' title='bbox 2063 4035 2330 4098; x_wconf 86' lang='lat' dir='ltr'><strong>martyres</strong></span> 
     </span>
    </p>
   </div>
   <div class='ocr_carea' id='block_1_73' title="bbox 743 4118 2331 4183">
    <p class='ocr_par' dir='ltr' id='par_1_73' title="bbox 743 4118 2331 4183">
     <span class='ocr_line' id='line_1_73' title="bbox 743 4118 2331 4183; baseline -0.003 -8"><span class='ocrx_word' id='word_1_487' title='bbox 743 4135 1099 4176; x_wconf 74' lang='lat' dir='ltr'><strong>correxerunt</strong></span> <span class='ocrx_word' id='word_1_488' title='bbox 1127 4137 1142 4183; x_wconf 89' lang='lat'><strong>;</strong></span> <span class='ocrx_word' id='word_1_489' title='bbox 1177 4122 1376 4174; x_wconf 88' lang='lat' dir='ltr'><strong>etenim</strong></span> <span class='ocrx_word' id='word_1_490' title='bbox 1409 4129 1566 4172; x_wconf 87' lang='lat' dir='ltr'><strong>nocte</strong></span> <span class='ocrx_word' id='word_1_491' title='bbox 1597 4118 1663 4171; x_wconf 91' lang='lat' dir='ltr'><strong>ad</strong></span> <span class='ocrx_word' id='word_1_492' title='bbox 1680 4118 2025 4170; x_wconf 78' lang='lat' dir='ltr'><strong>Anunoninm</strong></span> <span class='ocrx_word' id='word_1_493' title='bbox 2052 4118 2331 4172; x_wconf 88' lang='lat' dir='ltr'><strong>venientes</strong></span> 
     </span>
    </p>
   </div>
   <div class='ocr_carea' id='block_1_74' title="bbox 745 4208 2331 4277">
    <p class='ocr_par' dir='ltr' id='par_1_74' title="bbox 745 4208 2331 4277">
     <span class='ocr_line' id='line_1_74' title="bbox 745 4208 2331 4277; baseline -0.005 -11"><span class='ocrx_word' id='word_1_494' title='bbox 745 4215 958 4266; x_wconf 88' lang='lat' dir='ltr'><strong>mollem</strong></span> <span class='ocrx_word' id='word_1_495' title='bbox 995 4222 1196 4265; x_wconf 83' lang='lat' dir='ltr'><strong>vestem</strong></span> <span class='ocrx_word' id='word_1_496' title='bbox 1235 4221 1289 4264; x_wconf 90' lang='lat' dir='ltr'><strong>et</strong></span> <span class='ocrx_word' id='word_1_497' title='bbox 1316 4211 1536 4263; x_wconf 81' lang='lat' dir='ltr'><strong>fluidam</strong></span> <span class='ocrx_word' id='word_1_498' title='bbox 1582 4209 1855 4277; x_wconf 90' lang='lat' dir='ltr'><strong>deponere</strong></span> <span class='ocrx_word' id='word_1_499' title='bbox 1904 4208 2243 4276; x_wconf 75' lang='lat' dir='ltr'><strong>prtecipiunt,</strong></span> <span class='ocrx_word' id='word_1_500' title='bbox 2277 4214 2331 4260; x_wconf 90' lang='lat' dir='ltr'><strong>et</strong></span> 
     </span>
    </p>
   </div>
   <div class='ocr_carea' id='block_1_75' title="bbox 745 4296 2329 4369">
    <p class='ocr_par' dir='ltr' id='par_1_75' title="bbox 745 4296 2329 4369">
     <span class='ocr_line' id='line_1_75' title="bbox 745 4296 2329 4369; baseline -0.004 -14"><span class='ocrx_word' id='word_1_501' title='bbox 745 4305 1066 4356; x_wconf 85' lang='lat' dir='ltr'><strong>indumento</strong></span> <span class='ocrx_word' id='word_1_502' title='bbox 1097 4303 1376 4369; x_wconf 87' lang='lat' dir='ltr'><strong>asperiore</strong></span> <span class='ocrx_word' id='word_1_503' title='bbox 1413 4298 1758 4362; x_wconf 81' lang='lat' dir='ltr'><strong>circumtegi,</strong></span> <span class='ocrx_word' id='word_1_504' title='bbox 1787 4298 1853 4350; x_wconf 91' lang='lat' dir='ltr'><strong>de</strong></span> <span class='ocrx_word' id='word_1_505' title='bbox 1894 4309 2084 4364; x_wconf 86' lang='lat' dir='ltr'><strong>stuppa</strong></span> <span class='ocrx_word' id='word_1_506' title='bbox 2109 4296 2329 4365; x_wconf 84' lang='lat' dir='ltr'><strong>quidem</strong></span> 
     </span>
    </p>
   </div>
   <div class='ocr_carea' id='block_1_76' title="bbox 744 4387 2329 4459">
    <p class='ocr_par' dir='ltr' id='par_1_76' title="bbox 744 4387 2329 4459">
     <span class='ocr_line' id='line_1_76' title="bbox 744 4387 2329 4459; baseline -0.007 -10"><span class='ocrx_word' id='word_1_507' title='bbox 744 4398 974 4456; x_wconf 73' lang='lat' dir='ltr'><strong>intexto,</strong></span> <span class='ocrx_word' id='word_1_508' title='bbox 999 4409 1160 4446; x_wconf 86' lang='lat' dir='ltr'><strong>sacco</strong></span> <span class='ocrx_word' id='word_1_509' title='bbox 1185 4408 1314 4446; x_wconf 86' lang='lat' dir='ltr'><strong>vero</strong></span> <span class='ocrx_word' id='word_1_510' title='bbox 1343 4402 1564 4452; x_wconf 82' lang='lat' dir='ltr'><strong>vocato,</strong></span> <span class='ocrx_word' id='word_1_511' title='bbox 1595 4392 1739 4459; x_wconf 88' lang='lat' dir='ltr'><strong>quod</strong></span> <span class='ocrx_word' id='word_1_512' title='bbox 1773 4389 1839 4442; x_wconf 86' lang='lat' dir='ltr'><strong>ad</strong></span> <span class='ocrx_word' id='word_1_513' title='bbox 1872 4390 2047 4442; x_wconf 87' lang='lat' dir='ltr'><strong>instar</strong></span> <span class='ocrx_word' id='word_1_514' title='bbox 2068 4387 2213 4441; x_wconf 87' lang='lat' dir='ltr'><strong>sacci</strong></span> <span class='ocrx_word' id='word_1_515' title='bbox 2260 4387 2329 4438; x_wconf 91' lang='lat' dir='ltr'><strong>sit</strong></span> 
     </span>
    </p>
   </div>
   <div class='ocr_carea' id='block_1_77' title="bbox 2431 3215 4013 3285">
    <p class='ocr_par' dir='ltr' id='par_1_77' title="bbox 2431 3215 4013 3285">
     <span class='ocr_line' id='line_1_77' title="bbox 2431 3215 4013 3285; baseline 0.001 -19"><span class='ocrx_word' id='word_1_516' title='bbox 2431 3216 2506 3285; x_wconf 84' lang='grc' dir='ltr'>μὴ</span> <span class='ocrx_word' id='word_1_517' title='bbox 2530 3216 2692 3284; x_wconf 89' lang='grc' dir='ltr'>μόνον</span> <span class='ocrx_word' id='word_1_518' title='bbox 2723 3215 2783 3266; x_wconf 86' lang='grc' dir='ltr'>τὸ</span> <span class='ocrx_word' id='word_1_519' title='bbox 2814 3215 3005 3284; x_wconf 77' lang='grc' dir='ltr'>μαθεῖν</span> <span class='ocrx_word' id='word_1_520' title='bbox 3038 3215 3218 3267; x_wconf 78' lang='grc' dir='ltr'>αὐτῶν</span> <span class='ocrx_word' id='word_1_521' title='bbox 3247 3217 3348 3284; x_wconf 78' lang='grc' dir='ltr'>τὴν</span> <span class='ocrx_word' id='word_1_522' title='bbox 3378 3216 3515 3282; x_wconf 63' lang='grc' dir='ltr'>πρὸς</span> <span class='ocrx_word' id='word_1_523' title='bbox 3543 3219 3603 3267; x_wconf 73' lang='grc' dir='ltr'>τὸ</span> <span class='ocrx_word' id='word_1_524' title='bbox 3650 3217 3820 3278; x_wconf 74' lang='grc' dir='ltr'>πάθος</span> <span class='ocrx_word' id='word_1_525' title='bbox 3849 3216 4013 3268; x_wconf 78' lang='grc' dir='ltr'>ἀσθέ-</span> 
     </span>
    </p>
   </div>
   <div class='ocr_carea' id='block_1_78' title="bbox 2428 3305 4031 3376">
    <p class='ocr_par' dir='ltr' id='par_1_78' title="bbox 2428 3305 4031 3376">
     <span class='ocr_line' id='line_1_78' title="bbox 2428 3305 4031 3376; baseline 0.002 -21"><span class='ocrx_word' id='word_1_526' title='bbox 2428 3321 2599 3368; x_wconf 88' lang='grc' dir='ltr'>νειαν,</span> <span class='ocrx_word' id='word_1_527' title='bbox 2631 3305 2726 3357; x_wconf 74' lang='grc' dir='ltr'>καὶ</span> <span class='ocrx_word' id='word_1_528' title='bbox 2753 3305 2834 3356; x_wconf 87' lang='grc' dir='ltr'>ὃτι</span> <span class='ocrx_word' id='word_1_529' title='bbox 2877 3305 3054 3371; x_wconf 78' lang='grc' dir='ltr'>λόγοις</span> <span class='ocrx_word' id='word_1_530' title='bbox 3105 3307 3202 3374; x_wconf 77' lang='grc' dir='ltr'><strong>μέν</strong></span> <span class='ocrx_word' id='word_1_531' title='bbox 3254 3309 3392 3357; x_wconf 79' lang='grc' dir='ltr'>εἰσιν</span> <span class='ocrx_word' id='word_1_532' title='bbox 3439 3307 3778 3368; x_wconf 82' lang='grc' dir='ltr'>ἱκανώτατοι,</span> <span class='ocrx_word' id='word_1_533' title='bbox 3831 3308 4031 3376; x_wconf 23' lang='grc' dir='ltr'>ἔργοις,</span> 
     </span>
    </p>
   </div>
   <div class='ocr_carea' id='block_1_79' title="bbox 2428 3394 4014 3466">
    <p class='ocr_par' dir='ltr' id='par_1_79' title="bbox 2428 3394 4014 3466">
     <span class='ocr_line' id='line_1_79' title="bbox 2428 3394 4014 3466; baseline 0 -20"><span class='ocrx_word' id='word_1_534' title='bbox 2428 3395 2484 3446; x_wconf 84' lang='grc' dir='ltr'>δὲ</span> <span class='ocrx_word' id='word_1_535' title='bbox 2549 3394 2878 3463; x_wconf 75' lang='grc' dir='ltr'>θεραπεύειν</span> <span class='ocrx_word' id='word_1_536' title='bbox 2928 3397 3197 3456; x_wconf 79' lang='grc' dir='ltr'>ἀνίκανοι,</span> <span class='ocrx_word' id='word_1_537' title='bbox 3227 3396 3366 3464; x_wconf 76' lang='grc' dir='ltr'>πρὸς</span> <span class='ocrx_word' id='word_1_538' title='bbox 3417 3396 3594 3464; x_wconf 80' lang='grc' dir='ltr'>Κῦρον</span> <span class='ocrx_word' id='word_1_539' title='bbox 3621 3399 3718 3459; x_wconf 60' lang='grc' dir='ltr'>καὶ</span> <span class='ocrx_word' id='word_1_540' title='bbox 3761 3397 4014 3466; x_wconf 78' lang='grc' dir='ltr'>Ἰωάννην</span> 
     </span>
    </p>
   </div>
   <div class='ocr_carea' id='block_1_80' title="bbox 2429 3485 4017 3557">
    <p class='ocr_par' dir='ltr' id='par_1_80' title="bbox 2429 3485 4017 3557">
     <span class='ocr_line' id='line_1_80' title="bbox 2429 3485 4017 3557; baseline 0.003 -21"><span class='ocrx_word' id='word_1_541' title='bbox 2429 3485 2736 3554; x_wconf 79' lang='grc' dir='ltr'>ἐξέρχεται,</span> <span class='ocrx_word' id='word_1_542' title='bbox 2781 3486 2974 3554; x_wconf 84' lang='grc' dir='ltr'>μόνους</span> <span class='ocrx_word' id='word_1_543' title='bbox 3022 3487 3217 3548; x_wconf 69' lang='grc' dir='ltr'>αὐτοὺς</span> <span class='ocrx_word' id='word_1_544' title='bbox 3272 3487 3492 3557; x_wconf 73' lang='grc' dir='ltr'>ἰατροὺς</span> <span class='ocrx_word' id='word_1_545' title='bbox 3549 3489 3686 3556; x_wconf 67' lang='grc' dir='ltr'>μετὰ</span> <span class='ocrx_word' id='word_1_546' title='bbox 3733 3488 3866 3540; x_wconf 74' lang='grc' dir='ltr'>Θεὸν</span> <span class='ocrx_word' id='word_1_547' title='bbox 3923 3506 4017 3540; x_wconf 86' lang='grc' dir='ltr'>πι-</span> 
     </span>
    </p>
   </div>
   <div class='ocr_carea' id='block_1_81' title="bbox 2432 3576 4013 3649">
    <p class='ocr_par' dir='ltr' id='par_1_81' title="bbox 2432 3576 4013 3649">
     <span class='ocr_line' id='line_1_81' title="bbox 2432 3576 4013 3649; baseline 0.002 -22"><span class='ocrx_word' id='word_1_548' title='bbox 2432 3576 2662 3636; x_wconf 82' lang='grc' dir='ltr'>στεύσας</span> <span class='ocrx_word' id='word_1_549' title='bbox 2692 3576 3045 3644; x_wconf 80' lang='grc' dir='ltr'>γενήσεσθαι.</span> <span class='ocrx_word' id='word_1_550' title='bbox 3068 3577 3230 3628; x_wconf 83' lang='grc' dir='ltr'>Ὅθεν</span> <span class='ocrx_word' id='word_1_551' title='bbox 3265 3581 3360 3630; x_wconf 78' lang='grc' dir='ltr'>καὶ</span> <span class='ocrx_word' id='word_1_552' title='bbox 3391 3579 3551 3646; x_wconf 84' lang='grc' dir='ltr'>τάχος</span> <span class='ocrx_word' id='word_1_553' title='bbox 3580 3580 3676 3646; x_wconf 81' lang='grc' dir='ltr'>τὴν</span> <span class='ocrx_word' id='word_1_554' title='bbox 3697 3582 3841 3630; x_wconf 73' lang='grc' dir='ltr'>ἔασιν</span> <span class='ocrx_word' id='word_1_555' title='bbox 3865 3579 4013 3649; x_wconf 83' lang='grc' dir='ltr'>εἴλη-</span> 
     </span>
    </p>
   </div>
   <div class='ocr_carea' id='block_1_82' title="bbox 2429 3666 4013 3737">
    <p class='ocr_par' dir='ltr' id='par_1_82' title="bbox 2429 3666 4013 3737">
     <span class='ocr_line' id='line_1_82' title="bbox 2429 3666 4013 3737; baseline 0.001 -18"><span class='ocrx_word' id='word_1_556' title='bbox 2429 3684 2550 3734; x_wconf 83' lang='grc' dir='ltr'>φεν,</span> <span class='ocrx_word' id='word_1_557' title='bbox 2585 3666 2777 3735; x_wconf 82' lang='grc' dir='ltr'>μισθὸν</span> <span class='ocrx_word' id='word_1_558' title='bbox 2825 3667 3076 3737; x_wconf 84' lang='grc' dir='ltr'>εὐπρεπῆ</span> <span class='ocrx_word' id='word_1_559' title='bbox 3122 3668 3222 3736; x_wconf 79' lang='grc' dir='ltr'><strong>τῆς</strong></span> <span class='ocrx_word' id='word_1_560' title='bbox 3267 3670 3348 3730; x_wconf 85' lang='grc' dir='ltr'><strong>είς</strong></span> <span class='ocrx_word' id='word_1_561' title='bbox 3393 3670 3588 3730; x_wconf 76' lang='grc' dir='ltr'>αὐτοὺς</span> <span class='ocrx_word' id='word_1_562' title='bbox 3646 3670 4013 3737; x_wconf 76' lang='grc' dir='ltr'>κομισάμενος</span> 
     </span>
    </p>
   </div>
   <div class='ocr_carea' id='block_1_83' title="bbox 2430 3751 4007 3824">
    <p class='ocr_par' dir='ltr' id='par_1_83' title="bbox 2430 3751 4007 3824">
     <span class='ocr_line' id='line_1_83' title="bbox 2430 3751 4007 3824; baseline -0.001 -16"><span class='ocrx_word' id='word_1_563' title='bbox 2430 3757 2688 3817; x_wconf 85' lang='grc' dir='ltr'>πίστεως.</span> <span class='ocrx_word' id='word_1_564' title='bbox 2728 3756 2836 3806; x_wconf 71' lang='grc' dir='ltr'><strong>Καὶ</strong></span> <span class='ocrx_word' id='word_1_565' title='bbox 2863 3755 2956 3807; x_wconf 82' lang='grc' dir='ltr'>τοῦ</span> <span class='ocrx_word' id='word_1_566' title='bbox 2990 3755 3087 3824; x_wconf 78' lang='grc' dir='ltr'>μὲν</span> <span class='ocrx_word' id='word_1_567' title='bbox 3145 3755 3422 3824; x_wconf 84' lang='grc' dir='ltr'>στομάχου</span> <span class='ocrx_word' id='word_1_568' title='bbox 3464 3755 3642 3806; x_wconf 76' lang='grc' dir='ltr'>ἔλαιον</span> <span class='ocrx_word' id='word_1_569' title='bbox 3684 3751 3753 3823; x_wconf 79' lang='grc' dir='ltr'>ἦν</span> <span class='ocrx_word' id='word_1_570' title='bbox 3787 3757 3882 3806; x_wconf 77' lang='grc' dir='ltr'>καὶ</span> <span class='ocrx_word' id='word_1_571' title='bbox 3903 3772 4007 3822; x_wconf 82' lang='grc' dir='ltr'>κη-</span> 
     </span>
    </p>
   </div>
   <div class='ocr_carea' id='block_1_84' title="bbox 2432 3843 4012 3915">
    <p class='ocr_par' dir='ltr' id='par_1_84' title="bbox 2432 3843 4012 3915">
     <span class='ocr_line' id='line_1_84' title="bbox 2432 3843 4012 3915; baseline -0.003 -18"><span class='ocrx_word' id='word_1_572' title='bbox 2432 3845 2581 3915; x_wconf 82' lang='grc' dir='ltr'>ρωτὴ</span> <span class='ocrx_word' id='word_1_573' title='bbox 2607 3845 2667 3896; x_wconf 81' lang='grc' dir='ltr'>τὸ</span> <span class='ocrx_word' id='word_1_574' title='bbox 2697 3843 3017 3914; x_wconf 74' lang='grc' dir='ltr'>καθάρσιον,</span> <span class='ocrx_word' id='word_1_575' title='bbox 3063 3843 3208 3912; x_wconf 75' lang='grc' dir='ltr'>ειπερ</span> <span class='ocrx_word' id='word_1_576' title='bbox 3258 3843 3440 3894; x_wconf 77' lang='grc' dir='ltr'>αὐτῶν</span> <span class='ocrx_word' id='word_1_577' title='bbox 3478 3843 3576 3912; x_wconf 77' lang='grc' dir='ltr'>τὴν</span> <span class='ocrx_word' id='word_1_578' title='bbox 3635 3844 3794 3913; x_wconf 84' lang='grc' dir='ltr'>σορὸν</span> <span class='ocrx_word' id='word_1_579' title='bbox 3839 3844 4012 3911; x_wconf 66' lang='grc' dir='ltr'>πυρὸς</span> 
     </span>
    </p>
   </div>
   <div class='ocr_carea' id='block_1_85' title="bbox 2434 3933 4011 4007">
    <p class='ocr_par' dir='ltr' id='par_1_85' title="bbox 2434 3933 4011 4007">
     <span class='ocr_line' id='line_1_85' title="bbox 2434 3933 4011 4007; baseline -0.004 -18"><span class='ocrx_word' id='word_1_580' title='bbox 2434 3938 2774 4007; x_wconf 77' lang='grc' dir='ltr'>μαρμαρυγῇ</span> <span class='ocrx_word' id='word_1_581' title='bbox 2826 3934 3248 4004; x_wconf 85' lang='grc' dir='ltr'>καταλάμπουσι</span> <span class='ocrx_word' id='word_1_582' title='bbox 3267 3950 3282 3965; x_wconf 76' lang='grc' dir='ltr'><strong>ο</strong></span> <span class='ocrx_word' id='word_1_583' title='bbox 3309 3937 3407 4004; x_wconf 82' lang='grc' dir='ltr'>τῆς</span> <span class='ocrx_word' id='word_1_584' title='bbox 3449 3935 3504 3986; x_wconf 83' lang='grc' dir='ltr'>δὲ</span> <span class='ocrx_word' id='word_1_585' title='bbox 3525 3933 3706 4004; x_wconf 74' lang='grc' dir='ltr'>ψυχῆς</span> <span class='ocrx_word' id='word_1_586' title='bbox 3760 3933 3822 3984; x_wconf 77' lang='grc' dir='ltr'>τὸ</span> <span class='ocrx_word' id='word_1_587' title='bbox 3848 3934 4011 3984; x_wconf 78' lang='grc' dir='ltr'>κενό-</span> 
     </span>
    </p>
   </div>
   <div class='ocr_carea' id='block_1_86' title="bbox 2430 4025 4014 4097">
    <p class='ocr_par' dir='ltr' id='par_1_86' title="bbox 2430 4025 4014 4097">
     <span class='ocr_line' id='line_1_86' title="bbox 2430 4025 4014 4097; baseline -0.004 -16"><span class='ocrx_word' id='word_1_588' title='bbox 2430 4028 2580 4092; x_wconf 80' lang='grc' dir='ltr'>δοξον</span> <span class='ocrx_word' id='word_1_589' title='bbox 2607 4027 2930 4097; x_wconf 82' lang='grc' dir='ltr'>καταλλήλῳ</span> <span class='ocrx_word' id='word_1_590' title='bbox 2977 4028 3255 4096; x_wconf 78' lang='grc' dir='ltr'>φαρμάκῳ</span> <span class='ocrx_word' id='word_1_591' title='bbox 3302 4026 3752 4094; x_wconf 81' lang='grc' dir='ltr'>περιστροδοῦσιν</span> <span class='ocrx_word' id='word_1_592' title='bbox 3780 4025 3831 4076; x_wconf 90' lang='grc' dir='ltr'>οἱ</span> <span class='ocrx_word' id='word_1_593' title='bbox 3868 4025 4014 4093; x_wconf 80' lang='grc' dir='ltr'>μάρ-</span> 
     </span>
    </p>
   </div>
   <div class='ocr_carea' id='block_1_87' title="bbox 2430 4117 4013 4191">
    <p class='ocr_par' dir='ltr' id='par_1_87' title="bbox 2430 4117 4013 4191">
     <span class='ocr_line' id='line_1_87' title="bbox 2430 4117 4013 4191; baseline -0.004 -18"><span class='ocrx_word' id='word_1_594' title='bbox 2430 4139 2613 4191; x_wconf 85' lang='grc' dir='ltr'>τυρες.</span> <span class='ocrx_word' id='word_1_595' title='bbox 2653 4121 2931 4181; x_wconf 86' lang='grc' dir='ltr'>Ἐλθόντες</span> <span class='ocrx_word' id='word_1_596' title='bbox 2977 4121 3085 4189; x_wconf 83' lang='grc' dir='ltr'><strong>γὰρ</strong></span> <span class='ocrx_word' id='word_1_597' title='bbox 3127 4118 3320 4180; x_wconf 83' lang='grc' dir='ltr'>νυκτὸς</span> <span class='ocrx_word' id='word_1_598' title='bbox 3369 4119 3506 4189; x_wconf 74' lang='grc' dir='ltr'>πρὸς</span> <span class='ocrx_word' id='word_1_599' title='bbox 3550 4117 3882 4187; x_wconf 68' lang='grc' dir='ltr'>Ἀμμώνιον,</span> <span class='ocrx_word' id='word_1_600' title='bbox 3911 4118 4013 4186; x_wconf 85' lang='grc' dir='ltr'>τὴν</span> 
     </span>
    </p>
   </div>
   <div class='ocr_carea' id='block_1_88' title="bbox 2436 4208 4009 4282">
    <p class='ocr_par' dir='ltr' id='par_1_88' title="bbox 2436 4208 4009 4282">
     <span class='ocr_line' id='line_1_88' title="bbox 2436 4208 4009 4282; baseline -0.005 -17"><span class='ocrx_word' id='word_1_601' title='bbox 2436 4213 2684 4282; x_wconf 81' lang='grc' dir='ltr'>μαλακὴν</span> <span class='ocrx_word' id='word_1_602' title='bbox 2710 4212 2915 4281; x_wconf 78' lang='grc' dir='ltr'>ἐσθῆτα</span> <span class='ocrx_word' id='word_1_603' title='bbox 2938 4214 3032 4264; x_wconf 76' lang='grc' dir='ltr'>καὶ</span> <span class='ocrx_word' id='word_1_604' title='bbox 3054 4214 3280 4280; x_wconf 71' lang='grc' dir='ltr'>ῥέουσαν</span> <span class='ocrx_word' id='word_1_605' title='bbox 3303 4211 3641 4280; x_wconf 84' lang='grc' dir='ltr'>περιστεῖλαι</span> <span class='ocrx_word' id='word_1_606' title='bbox 3664 4208 4009 4271; x_wconf 84' lang='grc' dir='ltr'>κελεύουσιν,</span> 
     </span>
    </p>
   </div>
   <div class='ocr_carea' id='block_1_89' title="bbox 2432 4299 4012 4373">
    <p class='ocr_par' dir='ltr' id='par_1_89' title="bbox 2432 4299 4012 4373">
     <span class='ocr_line' id='line_1_89' title="bbox 2432 4299 4012 4373; baseline -0.001 -19"><span class='ocrx_word' id='word_1_607' title='bbox 2432 4303 2752 4373; x_wconf 82' lang='grc' dir='ltr'>περιθέσθαι</span> <span class='ocrx_word' id='word_1_608' title='bbox 2783 4303 2839 4354; x_wconf 82' lang='grc' dir='ltr'>δὲ</span> <span class='ocrx_word' id='word_1_609' title='bbox 2869 4302 3215 4372; x_wconf 80' lang='grc' dir='ltr'>τραχυτέραν</span> <span class='ocrx_word' id='word_1_610' title='bbox 3257 4303 3526 4372; x_wconf 75' lang='grc' dir='ltr'>ἀμφίασιν</span> <span class='ocrx_word' id='word_1_611' title='bbox 3571 4299 3672 4370; x_wconf 76' lang='grc' dir='ltr'>τὴν</span> <span class='ocrx_word' id='word_1_612' title='bbox 3717 4301 3785 4352; x_wconf 79' lang='grc' dir='ltr'>ἐκ</span> <span class='ocrx_word' id='word_1_613' title='bbox 3835 4317 4012 4352; x_wconf 79' lang='grc' dir='ltr'>στυπ-</span> 
     </span>
    </p>
   </div>
   <div class='ocr_carea' id='block_1_90' title="bbox 2432 4392 4009 4464">
    <p class='ocr_par' dir='ltr' id='par_1_90' title="bbox 2432 4392 4009 4464">
     <span class='ocr_line' id='line_1_90' title="bbox 2432 4392 4009 4464; baseline -0.006 -17"><span class='ocrx_word' id='word_1_614' title='bbox 2432 4397 2578 4448; x_wconf 84' lang='grc' dir='ltr'>πίων</span> <span class='ocrx_word' id='word_1_615' title='bbox 2612 4396 2711 4464; x_wconf 82' lang='grc' dir='ltr'>μὲν</span> <span class='ocrx_word' id='word_1_616' title='bbox 2750 4395 2979 4464; x_wconf 78' lang='grc' dir='ltr'>ἔχουσαν</span> <span class='ocrx_word' id='word_1_617' title='bbox 3007 4394 3255 4462; x_wconf 79' lang='grc' dir='ltr'>ὕφασμα,</span> <span class='ocrx_word' id='word_1_618' title='bbox 3289 4395 3491 4446; x_wconf 82' lang='grc' dir='ltr'>σάκκον</span> <span class='ocrx_word' id='word_1_619' title='bbox 3536 4393 3594 4444; x_wconf 79' lang='grc' dir='ltr'>δὲ</span> <span class='ocrx_word' id='word_1_620' title='bbox 3641 4392 4009 4460; x_wconf 70' lang='grc' dir='ltr'>καλουμένην,</span> 
     </span>
    </p>
   </div>
   <div class='ocr_carea' id='block_1_91' title="bbox 745 4480 2441 4557">
    <p class='ocr_par' dir='ltr' id='par_1_91' title="bbox 745 4480 2441 4556">
     <span class='ocr_line' id='line_1_91' title="bbox 745 4480 2441 4556; baseline -0.005 -19"><span class='ocrx_word' id='word_1_621' title='bbox 745 4504 1026 4556; x_wconf 81' lang='lat' dir='ltr'><strong>asperum,</strong></span> <span class='ocrx_word' id='word_1_622' title='bbox 1065 4502 1174 4554; x_wconf 86' lang='lat' dir='ltr'><strong>quo</strong></span> <span class='ocrx_word' id='word_1_623' title='bbox 1209 4487 1370 4537; x_wconf 90' lang='lat' dir='ltr'><strong>nimis</strong></span> <span class='ocrx_word' id='word_1_624' title='bbox 1416 4499 1687 4552; x_wconf 84' lang='lat' dir='ltr'><strong>pauperes</strong></span> <span class='ocrx_word' id='word_1_625' title='bbox 1711 4483 1780 4533; x_wconf 93' lang='lat' dir='ltr'><strong>oh</strong></span> <span class='ocrx_word' id='word_1_626' title='bbox 1815 4483 1973 4550; x_wconf 86' lang='lat' dir='ltr'><strong>pauci</strong></span> <span class='ocrx_word' id='word_1_627' title='bbox 2007 4480 2166 4547; x_wconf 87' lang='lat' dir='ltr'><strong>pretii</strong></span> <span class='ocrx_word' id='word_1_628' title='bbox 2206 4480 2321 4532; x_wconf 81' lang='lat' dir='ltr'><strong>vili-</strong></span> <span class='ocrx_word' id='word_1_629' title='bbox 2353 4487 2441 4541; x_wconf 74' lang='grc' dir='ltr'>οε</span> 
     </span>
    </p>
   </div>
   <div class='ocr_carea' id='block_1_92' title="bbox 2314 4480 4010 4557">
    <p class='ocr_par' dir='ltr' id='par_1_92' title="bbox 2314 4483 4010 4557">
     <span class='ocr_line' id='line_1_92' title="bbox 2314 4483 4010 4557; baseline -0.004 -16"><span class='ocrx_word' id='word_1_630' title='bbox 2314 4507 2321 4519; x_wconf 84' lang='grc'><em>’</em></span> <span class='ocrx_word' id='word_1_631' title='bbox 2353 4487 2398 4541; x_wconf 86' lang='grc' dir='ltr'>ι)</span> <span class='ocrx_word' id='word_1_632' title='bbox 2425 4487 2512 4540; x_wconf 75' lang='grc' dir='ltr'><strong>διὰ</strong></span> <span class='ocrx_word' id='word_1_633' title='bbox 2537 4488 2634 4557; x_wconf 77' lang='grc' dir='ltr'>τὴν</span> <span class='ocrx_word' id='word_1_634' title='bbox 2681 4486 2820 4556; x_wconf 81' lang='grc' dir='ltr'>πρὸς</span> <span class='ocrx_word' id='word_1_635' title='bbox 2857 4488 3063 4539; x_wconf 68' lang='grc' dir='ltr'>σάκκον</span> <span class='ocrx_word' id='word_1_636' title='bbox 3115 4488 3430 4553; x_wconf 80' lang='grc' dir='ltr'>ὲγγυτὰτην</span> <span class='ocrx_word' id='word_1_637' title='bbox 3465 4483 3807 4553; x_wconf 76' lang='grc' dir='ltr'>τραχύτητα,</span> <span class='ocrx_word' id='word_1_638' title='bbox 3846 4483 3914 4552; x_wconf 79' lang='grc' dir='ltr'>ἣν</span> <span class='ocrx_word' id='word_1_639' title='bbox 3957 4485 4010 4534; x_wconf 76' lang='grc' dir='ltr'><strong>οι</strong></span> 
     </span>
    </p>
   </div>
   <div class='ocr_carea' id='block_1_93' title="bbox 745 4570 2317 4642">
    <p class='ocr_par' dir='ltr' id='par_1_93' title="bbox 745 4570 2317 4642">
     <span class='ocr_line' id='line_1_93' title="bbox 745 4570 2317 4642; baseline -0.006 -10"><span class='ocrx_word' id='word_1_640' title='bbox 745 4589 907 4632; x_wconf 89' lang='lat' dir='ltr'><strong>tatem</strong></span> <span class='ocrx_word' id='word_1_641' title='bbox 953 4577 1138 4630; x_wconf 87' lang='lat' dir='ltr'><strong>amicti</strong></span> <span class='ocrx_word' id='word_1_642' title='bbox 1177 4585 1329 4638; x_wconf 89' lang='lat' dir='ltr'><strong>sunt,</strong></span> <span class='ocrx_word' id='word_1_643' title='bbox 1377 4575 1517 4628; x_wconf 91' lang='lat' dir='ltr'><strong>hanc</strong></span> <span class='ocrx_word' id='word_1_644' title='bbox 1549 4589 1645 4640; x_wconf 83' lang='lat' dir='ltr'><strong>pro</strong></span> <span class='ocrx_word' id='word_1_645' title='bbox 1678 4575 1919 4642; x_wconf 87' lang='lat' dir='ltr'><strong>pretiosa</strong></span> <span class='ocrx_word' id='word_1_646' title='bbox 1962 4583 2015 4624; x_wconf 89' lang='lat' dir='ltr'><strong>et</strong></span> <span class='ocrx_word' id='word_1_647' title='bbox 2058 4570 2317 4638; x_wconf 62' lang='lat' dir='ltr'><strong>prmclara</strong></span> 
     </span>
    </p>
   </div>
   <div class='ocr_carea' id='block_1_94' title="bbox 747 4662 2319 4734">
    <p class='ocr_par' dir='ltr' id='par_1_94' title="bbox 747 4662 2319 4734">
     <span class='ocr_line' id='line_1_94' title="bbox 747 4662 2319 4734; baseline -0.007 -11"><span class='ocrx_word' id='word_1_648' title='bbox 747 4679 894 4724; x_wconf 84' lang='lat' dir='ltr'><strong>veste</strong></span> <span class='ocrx_word' id='word_1_649' title='bbox 925 4669 1155 4721; x_wconf 86' lang='lat' dir='ltr'><strong>induere</strong></span> <span class='ocrx_word' id='word_1_650' title='bbox 1184 4669 1538 4721; x_wconf 82' lang='lat' dir='ltr'><strong>decernentes</strong></span> <span class='ocrx_word' id='word_1_651' title='bbox 1572 4683 1586 4717; x_wconf 86' lang='lat'><strong>:</strong></span> <span class='ocrx_word' id='word_1_652' title='bbox 1620 4679 1816 4734; x_wconf 90' lang='lat' dir='ltr'><strong>aquam</strong></span> <span class='ocrx_word' id='word_1_653' title='bbox 1849 4678 1977 4716; x_wconf 89' lang='lat' dir='ltr'><strong>vero</strong></span> <span class='ocrx_word' id='word_1_654' title='bbox 2019 4665 2085 4715; x_wconf 89' lang='lat' dir='ltr'><strong>ad</strong></span> <span class='ocrx_word' id='word_1_655' title='bbox 2127 4662 2319 4715; x_wconf 86' lang='lat' dir='ltr'><strong>biben-</strong></span> 
     </span>
    </p>
   </div>
   <div class='ocr_carea' id='block_1_95' title="bbox 743 4751 2319 4829">
    <p class='ocr_par' dir='ltr' id='par_1_95' title="bbox 743 4751 2319 4829">
     <span class='ocr_line' id='line_1_95' title="bbox 743 4751 2319 4829; baseline -0.008 -15"><span class='ocrx_word' id='word_1_656' title='bbox 743 4765 870 4814; x_wconf 89' lang='lat' dir='ltr'><strong>dum</strong></span> <span class='ocrx_word' id='word_1_657' title='bbox 910 4760 1202 4829; x_wconf 78' lang='lat' dir='ltr'><strong>(fratribus</strong></span> <span class='ocrx_word' id='word_1_658' title='bbox 1237 4759 1482 4827; x_wconf 66' lang='lat' dir='ltr'><strong>aegrotis)</strong></span> <span class='ocrx_word' id='word_1_659' title='bbox 1518 4758 1570 4809; x_wconf 93' lang='lat' dir='ltr'><strong>in</strong></span> <span class='ocrx_word' id='word_1_660' title='bbox 1610 4756 1856 4809; x_wconf 85' lang='lat' dir='ltr'><strong>humeris</strong></span> <span class='ocrx_word' id='word_1_661' title='bbox 1882 4762 2100 4822; x_wconf 82' lang='lat' dir='ltr'><strong>Portare</strong></span> <span class='ocrx_word' id='word_1_662' title='bbox 2131 4751 2319 4819; x_wconf 74' lang='grc' dir='ltr'><strong>ρι’ωεὶ-</strong></span> 
     </span>
    </p>
   </div>
   <div class='ocr_carea' id='block_1_96' title="bbox 750 4845 2318 4920">
    <p class='ocr_par' dir='ltr' id='par_1_96' title="bbox 750 4845 2318 4920">
     <span class='ocr_line' id='line_1_96' title="bbox 750 4845 2318 4920; baseline -0.006 -16"><span class='ocrx_word' id='word_1_663' title='bbox 750 4855 926 4920; x_wconf 87' lang='lat' dir='ltr'><strong>piunt,</strong></span> <span class='ocrx_word' id='word_1_664' title='bbox 957 4867 1062 4904; x_wconf 92' lang='lat' dir='ltr'><strong>non</strong></span> <span class='ocrx_word' id='word_1_665' title='bbox 1099 4865 1265 4903; x_wconf 90' lang='lat' dir='ltr'><strong>unum</strong></span> <span class='ocrx_word' id='word_1_666' title='bbox 1293 4864 1543 4913; x_wconf 89' lang='lat' dir='ltr'><strong>urceum,</strong></span> <span class='ocrx_word' id='word_1_667' title='bbox 1575 4849 1668 4902; x_wconf 91' lang='lat' dir='ltr'><strong>sed</strong></span> <span class='ocrx_word' id='word_1_668' title='bbox 1701 4849 1840 4902; x_wconf 90' lang='lat' dir='ltr'><strong>duos</strong></span> <span class='ocrx_word' id='word_1_669' title='bbox 1865 4849 1917 4900; x_wconf 90' lang='lat' dir='ltr'><strong>in</strong></span> <span class='ocrx_word' id='word_1_670' title='bbox 1952 4846 2200 4914; x_wconf 87' lang='lat' dir='ltr'><strong>utrisque</strong></span> <span class='ocrx_word' id='word_1_671' title='bbox 2227 4845 2318 4896; x_wconf 89' lang='lat' dir='ltr'><strong>hu-</strong></span> 
     </span>
    </p>
   </div>
   <div class='ocr_carea' id='block_1_97' title="bbox 745 4936 2314 5009">
    <p class='ocr_par' dir='ltr' id='par_1_97' title="bbox 745 4936 2314 5009">
     <span class='ocr_line' id='line_1_97' title="bbox 745 4936 2314 5009; baseline -0.005 -14"><span class='ocrx_word' id='word_1_672' title='bbox 745 4945 912 4995; x_wconf 78' lang='lat' dir='ltr'><strong>tueris</strong></span> <span class='ocrx_word' id='word_1_673' title='bbox 943 4944 1274 5009; x_wconf 69' lang='lat' dir='ltr'><strong>baiulantem</strong></span> <span class='ocrx_word' id='word_1_674' title='bbox 1300 4959 1315 5006; x_wconf 94' lang='lat'><strong>;</strong></span> <span class='ocrx_word' id='word_1_675' title='bbox 1353 4955 1452 4993; x_wconf 88' lang='lat' dir='ltr'><strong>nec</strong></span> <span class='ocrx_word' id='word_1_676' title='bbox 1478 4955 1536 4993; x_wconf 83' lang='lat' dir='ltr'><strong>se</strong></span> <span class='ocrx_word' id='word_1_677' title='bbox 1563 4941 1718 5008; x_wconf 88' lang='lat' dir='ltr'><strong>prius</strong></span> <span class='ocrx_word' id='word_1_678' title='bbox 1741 4955 1866 4993; x_wconf 89' lang='lat' dir='ltr'><strong>eum</strong></span> <span class='ocrx_word' id='word_1_679' title='bbox 1906 4949 2199 4991; x_wconf 88' lang='lat' dir='ltr'><strong>curaturos</strong></span> <span class='ocrx_word' id='word_1_680' title='bbox 2229 4936 2314 4988; x_wconf 90' lang='lat' dir='ltr'><strong>in-</strong></span> 
     </span>
    </p>
   </div>
   <div class='ocr_carea' id='block_1_98' title="bbox 741 5027 2310 5102">
    <p class='ocr_par' dir='ltr' id='par_1_98' title="bbox 741 5027 2310 5102">
     <span class='ocr_line' id='line_1_98' title="bbox 741 5027 2310 5102; baseline -0.003 -20"><span class='ocrx_word' id='word_1_681' title='bbox 741 5035 960 5102; x_wconf 84' lang='lat' dir='ltr'><strong>quiunt,</strong></span> <span class='ocrx_word' id='word_1_682' title='bbox 997 5033 1102 5085; x_wconf 76' lang='lat' dir='ltr'><strong>nisi</strong></span> <span class='ocrx_word' id='word_1_683' title='bbox 1130 5033 1282 5099; x_wconf 87' lang='lat' dir='ltr'><strong>prius</strong></span> <span class='ocrx_word' id='word_1_684' title='bbox 1308 5032 1427 5100; x_wconf 90' lang='lat' dir='ltr'><strong>ipse</strong></span> <span class='ocrx_word' id='word_1_685' title='bbox 1464 5032 1770 5099; x_wconf 67' lang='lat' dir='ltr'><strong>peregisset</strong></span> <span class='ocrx_word' id='word_1_686' title='bbox 1798 5029 1942 5096; x_wconf 89' lang='lat' dir='ltr'><strong>quod</strong></span> <span class='ocrx_word' id='word_1_687' title='bbox 1967 5027 2184 5096; x_wconf 86' lang='lat' dir='ltr'><strong>jussum</strong></span> <span class='ocrx_word' id='word_1_688' title='bbox 2207 5036 2310 5080; x_wconf 90' lang='lat' dir='ltr'><strong>est.</strong></span> 
     </span>
    </p>
   </div>
   <div class='ocr_carea' id='block_1_99' title="bbox 743 5123 2316 5194">
    <p class='ocr_par' dir='ltr' id='par_1_99' title="bbox 743 5123 2316 5194">
     <span class='ocr_line' id='line_1_99' title="bbox 743 5123 2316 5194; baseline -0.004 -16"><span class='ocrx_word' id='word_1_689' title='bbox 743 5128 834 5179; x_wconf 84' lang='lat' dir='ltr'><strong>Ille</strong></span> <span class='ocrx_word' id='word_1_690' title='bbox 865 5137 1045 5179; x_wconf 88' lang='lat' dir='ltr'><strong>autem</strong></span> <span class='ocrx_word' id='word_1_691' title='bbox 1087 5137 1404 5179; x_wconf 87' lang='lat' dir='ltr'><strong>sanctorqu</strong></span> <span class='ocrx_word' id='word_1_692' title='bbox 1439 5127 1746 5193; x_wconf 85' lang='lat' dir='ltr'><strong>jussionem</strong></span> <span class='ocrx_word' id='word_1_693' title='bbox 1791 5123 2098 5194; x_wconf 88' lang='lat' dir='ltr'><strong>perliciens,</strong></span> <span class='ocrx_word' id='word_1_694' title='bbox 2126 5129 2180 5174; x_wconf 89' lang='lat' dir='ltr'><strong>et</strong></span> <span class='ocrx_word' id='word_1_695' title='bbox 2211 5136 2316 5173; x_wconf 83' lang='lat' dir='ltr'><strong>un-</strong></span> 
     </span>
    </p>
   </div>
   <div class='ocr_carea' id='block_1_100' title="bbox 740 5211 2314 5283">
    <p class='ocr_par' dir='ltr' id='par_1_100' title="bbox 740 5211 2314 5283">
     <span class='ocr_line' id='line_1_100' title="bbox 740 5211 2314 5283; baseline -0.003 -16"><span class='ocrx_word' id='word_1_696' title='bbox 740 5217 865 5268; x_wconf 91' lang='lat' dir='ltr'><strong>dam</strong></span> <span class='ocrx_word' id='word_1_697' title='bbox 905 5230 1029 5268; x_wconf 90' lang='lat' dir='ltr'><strong>cum</strong></span> <span class='ocrx_word' id='word_1_698' title='bbox 1075 5215 1300 5283; x_wconf 74' lang='lat' dir='ltr'><strong>przefato</strong></span> <span class='ocrx_word' id='word_1_699' title='bbox 1340 5218 1658 5268; x_wconf 87' lang='lat' dir='ltr'><strong>indumento</strong></span> <span class='ocrx_word' id='word_1_700' title='bbox 1708 5215 2072 5280; x_wconf 84' lang='lat' dir='ltr'><strong>obsequenter</strong></span> <span class='ocrx_word' id='word_1_701' title='bbox 2107 5211 2314 5265; x_wconf 79' lang='lat' dir='ltr'><strong>exhau-</strong></span> 
     </span>
    </p>
   </div>
   <div class='ocr_carea' id='block_1_101' title="bbox 745 5305 2315 5376">
    <p class='ocr_par' dir='ltr' id='par_1_101' title="bbox 745 5305 2315 5376">
     <span class='ocr_line' id='line_1_101' title="bbox 745 5305 2315 5376; baseline -0.003 -18"><span class='ocrx_word' id='word_1_702' title='bbox 745 5310 915 5376; x_wconf 82' lang='lat' dir='ltr'><strong>riens,</strong></span> <span class='ocrx_word' id='word_1_703' title='bbox 961 5307 1285 5370; x_wconf 83' lang='lat' dir='ltr'><strong>promissam</strong></span> <span class='ocrx_word' id='word_1_704' title='bbox 1329 5306 1459 5358; x_wconf 90' lang='lat' dir='ltr'><strong>huic</strong></span> <span class='ocrx_word' id='word_1_705' title='bbox 1495 5305 1804 5358; x_wconf 88' lang='lat' dir='ltr'><strong>ministerio</strong></span> <span class='ocrx_word' id='word_1_706' title='bbox 1855 5311 2187 5358; x_wconf 91' lang='lat' dir='ltr'><strong>consecutus</strong></span> <span class='ocrx_word' id='word_1_707' title='bbox 2229 5311 2315 5356; x_wconf 88' lang='lat' dir='ltr'><strong>est</strong></span> 
     </span>
    </p>
   </div>
   <div class='ocr_carea' id='block_1_102' title="bbox 743 5392 2316 5466">
    <p class='ocr_par' dir='ltr' id='par_1_102' title="bbox 743 5392 2316 5466">
     <span class='ocr_line' id='line_1_102' title="bbox 743 5392 2316 5466; baseline -0.003 -16"><span class='ocrx_word' id='word_1_708' title='bbox 743 5399 1056 5450; x_wconf 79' lang='lat' dir='ltr'><strong>sanitatem.</strong></span> <span class='ocrx_word' id='word_1_709' title='bbox 1092 5397 1165 5448; x_wconf 89' lang='lat' dir='ltr'><strong>Ita</strong></span> <span class='ocrx_word' id='word_1_710' title='bbox 1203 5397 1404 5466; x_wconf 88' lang='lat' dir='ltr'><strong>quippe</strong></span> <span class='ocrx_word' id='word_1_711' title='bbox 1447 5397 1770 5449; x_wconf 83' lang='lat' dir='ltr'><strong>Ammonius</strong></span> <span class='ocrx_word' id='word_1_712' title='bbox 1805 5397 1969 5448; x_wconf 90' lang='lat' dir='ltr'><strong>etiam</strong></span> <span class='ocrx_word' id='word_1_713' title='bbox 2015 5397 2152 5448; x_wconf 90' lang='lat' dir='ltr'><strong>hanc</strong></span> <span class='ocrx_word' id='word_1_714' title='bbox 2183 5392 2316 5446; x_wconf 80' lang='lat' dir='ltr'><strong>effu-</strong></span> 
     </span>
    </p>
   </div>
   <div class='ocr_carea' id='block_1_103' title="bbox 743 5486 2312 5556">
    <p class='ocr_par' dir='ltr' id='par_1_103' title="bbox 743 5486 2312 5556">
     <span class='ocr_line' id='line_1_103' title="bbox 743 5486 2312 5556; baseline -0.001 -18"><span class='ocrx_word' id='word_1_715' title='bbox 743 5488 896 5554; x_wconf 73' lang='lat' dir='ltr'><strong>giens</strong></span> <span class='ocrx_word' id='word_1_716' title='bbox 934 5487 1337 5556; x_wconf 70' lang='lat' dir='ltr'><strong>:egritudinem,</strong></span> <span class='ocrx_word' id='word_1_717' title='bbox 1388 5495 1442 5541; x_wconf 90' lang='lat' dir='ltr'><strong>et</strong></span> <span class='ocrx_word' id='word_1_718' title='bbox 1481 5487 1645 5555; x_wconf 89' lang='lat' dir='ltr'><strong>hujus</strong></span> <span class='ocrx_word' id='word_1_719' title='bbox 1694 5486 2160 5554; x_wconf 72' lang='lat' dir='ltr'><strong>prtecedentisque</strong></span> <span class='ocrx_word' id='word_1_720' title='bbox 2199 5486 2312 5537; x_wconf 86' lang='lat' dir='ltr'><strong>lan-</strong></span> 
     </span>
    </p>
   </div>
   <div class='ocr_carea' id='block_1_104' title="bbox 740 5576 2313 5646">
    <p class='ocr_par' dir='ltr' id='par_1_104' title="bbox 740 5576 2313 5646">
     <span class='ocr_line' id='line_1_104' title="bbox 740 5576 2313 5646; baseline 0.001 -16"><span class='ocrx_word' id='word_1_721' title='bbox 740 5578 929 5646; x_wconf 76' lang='lat' dir='ltr'><strong>guoris</strong></span> <span class='ocrx_word' id='word_1_722' title='bbox 965 5578 1209 5633; x_wconf 89' lang='lat' dir='ltr'><strong>medicos</strong></span> <span class='ocrx_word' id='word_1_723' title='bbox 1234 5579 1554 5644; x_wconf 80' lang='lat' dir='ltr'><strong>depulsores</strong></span> <span class='ocrx_word' id='word_1_724' title='bbox 1583 5576 1905 5630; x_wconf 79' lang='lat' dir='ltr'><strong>collaudatis</strong></span> <span class='ocrx_word' id='word_1_725' title='bbox 1936 5577 2090 5629; x_wconf 88' lang='lat' dir='ltr'><strong>abiit.</strong></span> <span class='ocrx_word' id='word_1_726' title='bbox 2119 5576 2181 5628; x_wconf 83' lang='lat' dir='ltr'><strong>Et</strong></span> <span class='ocrx_word' id='word_1_727' title='bbox 2213 5591 2313 5631; x_wconf 90' lang='lat' dir='ltr'><strong>nos</strong></span> 
     </span>
    </p>
   </div>
   <div class='ocr_carea' id='block_1_105' title="bbox 742 5669 2310 5740">
    <p class='ocr_par' dir='ltr' id='par_1_105' title="bbox 742 5669 2310 5740">
     <span class='ocr_line' id='line_1_105' title="bbox 742 5669 2310 5740; baseline -0.001 -19"><span class='ocrx_word' id='word_1_728' title='bbox 742 5672 907 5738; x_wconf 78' lang='lat' dir='ltr'><strong>igitur</strong></span> <span class='ocrx_word' id='word_1_729' title='bbox 957 5672 1166 5725; x_wconf 87' lang='lat' dir='ltr'><strong>sanctis</strong></span> <span class='ocrx_word' id='word_1_730' title='bbox 1201 5671 1384 5725; x_wconf 91' lang='lat' dir='ltr'><strong>laudis</strong></span> <span class='ocrx_word' id='word_1_731' title='bbox 1426 5671 1688 5740; x_wconf 85' lang='lat' dir='ltr'><strong>hymnum</strong></span> <span class='ocrx_word' id='word_1_732' title='bbox 1724 5669 1993 5731; x_wconf 86' lang='lat' dir='ltr'><strong>dicentes,</strong></span> <span class='ocrx_word' id='word_1_733' title='bbox 2028 5670 2120 5722; x_wconf 91' lang='lat' dir='ltr'><strong>isti</strong></span> <span class='ocrx_word' id='word_1_734' title='bbox 2167 5670 2310 5722; x_wconf 90' lang='lat' dir='ltr'><strong>enim</strong></span> 
     </span>
    </p>
   </div>
   <div class='ocr_carea' id='block_1_106' title="bbox 745 5763 2311 5830">
    <p class='ocr_par' dir='ltr' id='par_1_106' title="bbox 745 5763 2311 5830">
     <span class='ocr_line' id='line_1_106' title="bbox 745 5763 2311 5830; baseline -0.004 -12"><span class='ocrx_word' id='word_1_735' title='bbox 745 5763 988 5825; x_wconf 80' lang='lat' dir='ltr'><strong>suntqui</strong></span> <span class='ocrx_word' id='word_1_736' title='bbox 1022 5773 1162 5824; x_wconf 82' lang='lat' dir='ltr'><strong>post.</strong></span> <span class='ocrx_word' id='word_1_737' title='bbox 1194 5763 1357 5819; x_wconf 88' lang='lat' dir='ltr'><strong>Deum</strong></span> <span class='ocrx_word' id='word_1_738' title='bbox 1392 5764 1583 5817; x_wconf 91' lang='lat' dir='ltr'><strong>harum</strong></span> <span class='ocrx_word' id='word_1_739' title='bbox 1628 5763 1939 5830; x_wconf 84' lang='lat' dir='ltr'><strong>passionum</strong></span> <span class='ocrx_word' id='word_1_740' title='bbox 1974 5773 2095 5814; x_wconf 85' lang='lat' dir='ltr'><strong>sunt</strong></span> <span class='ocrx_word' id='word_1_741' title='bbox 2149 5777 2311 5814; x_wconf 85' lang='lat' dir='ltr'><strong>sana-</strong></span> 
     </span>
    </p>
   </div>
   <div class='ocr_carea' id='block_1_107' title="bbox 2426 4574 4014 4647">
    <p class='ocr_par' dir='ltr' id='par_1_107' title="bbox 2426 4574 4014 4647">
     <span class='ocr_line' id='line_1_107' title="bbox 2426 4574 4014 4647; baseline -0.004 -17"><span class='ocrx_word' id='word_1_742' title='bbox 2426 4579 2568 4630; x_wconf 80' lang='grc' dir='ltr'>πάνυ</span> <span class='ocrx_word' id='word_1_743' title='bbox 2599 4579 2806 4647; x_wconf 75' lang='grc' dir='ltr'>πτωχοὶ</span> <span class='ocrx_word' id='word_1_744' title='bbox 2833 4577 2923 4630; x_wconf 83' lang='grc' dir='ltr'>διὰ</span> <span class='ocrx_word' id='word_1_745' title='bbox 2969 4578 3030 4629; x_wconf 82' lang='grc' dir='ltr'>τὸ</span> <span class='ocrx_word' id='word_1_746' title='bbox 3058 4577 3177 4628; x_wconf 84' lang='grc' dir='ltr'>λίαν</span> <span class='ocrx_word' id='word_1_747' title='bbox 3211 4577 3412 4628; x_wconf 75' lang='grc' dir='ltr'>εὔωνον</span> <span class='ocrx_word' id='word_1_748' title='bbox 3465 4575 3560 4626; x_wconf 77' lang='grc' dir='ltr'>καὶ</span> <span class='ocrx_word' id='word_1_749' title='bbox 3597 4574 3813 4636; x_wconf 76' lang='grc' dir='ltr'>εὐτελὲς</span> <span class='ocrx_word' id='word_1_750' title='bbox 3849 4589 4014 4642; x_wconf 81' lang='grc' dir='ltr'>περι-</span> 
     </span>
    </p>
   </div>
   <div class='ocr_carea' id='block_1_108' title="bbox 2426 4665 4013 4738">
    <p class='ocr_par' dir='ltr' id='par_1_108' title="bbox 2426 4665 4013 4738">
     <span class='ocr_line' id='line_1_108' title="bbox 2426 4665 4013 4738; baseline -0.003 -17"><span class='ocrx_word' id='word_1_751' title='bbox 2426 4669 2738 4724; x_wconf 76' lang='grc' dir='ltr'>ϋάλλονται.</span> <span class='ocrx_word' id='word_1_752' title='bbox 2791 4671 3007 4738; x_wconf 78' lang='grc' dir='ltr'>Ταύτην</span> <span class='ocrx_word' id='word_1_753' title='bbox 3035 4670 3157 4720; x_wconf 72' lang='grc' dir='ltr'>ἀντὶ</span> <span class='ocrx_word' id='word_1_754' title='bbox 3190 4671 3288 4738; x_wconf 82' lang='grc' dir='ltr'>τῆς</span> <span class='ocrx_word' id='word_1_755' title='bbox 3318 4667 3642 4727; x_wconf 71' lang='grc' dir='ltr'>πολυτελοῦς</span> <span class='ocrx_word' id='word_1_756' title='bbox 3683 4667 3780 4718; x_wconf 77' lang='grc' dir='ltr'>καὶ</span> <span class='ocrx_word' id='word_1_757' title='bbox 3824 4665 4013 4734; x_wconf 83' lang='grc' dir='ltr'>χλιδώ-</span> 
     </span>
    </p>
   </div>
   <div class='ocr_carea' id='block_1_109' title="bbox 2427 4755 4012 4830">
    <p class='ocr_par' dir='ltr' id='par_1_109' title="bbox 2427 4755 4012 4830">
     <span class='ocr_line' id='line_1_109' title="bbox 2427 4755 4012 4830; baseline -0.005 -16"><span class='ocrx_word' id='word_1_758' title='bbox 2427 4779 2528 4830; x_wconf 83' lang='grc' dir='ltr'><strong>σης</strong></span> <span class='ocrx_word' id='word_1_759' title='bbox 2572 4762 2795 4830; x_wconf 82' lang='grc' dir='ltr'>ἐσθῆτος</span> <span class='ocrx_word' id='word_1_760' title='bbox 2854 4762 3099 4822; x_wconf 82' lang='grc' dir='ltr'>εἰπόντες</span> <span class='ocrx_word' id='word_1_761' title='bbox 3151 4758 3499 4819; x_wconf 69' lang='grc' dir='ltr'>ἐνδύσασθαι,</span> <span class='ocrx_word' id='word_1_762' title='bbox 3540 4759 3650 4819; x_wconf 88' lang='grc' dir='ltr'>τοῖς</span> <span class='ocrx_word' id='word_1_763' title='bbox 3686 4755 4012 4808; x_wconf 76' lang='grc' dir='ltr'>ἀσθενοῦσιν</span> 
     </span>
    </p>
   </div>
   <div class='ocr_carea' id='block_1_110' title="bbox 2425 4846 4010 4918">
    <p class='ocr_par' dir='ltr' id='par_1_110' title="bbox 2425 4846 4010 4918">
     <span class='ocr_line' id='line_1_110' title="bbox 2425 4846 4010 4918; baseline -0.004 -16"><span class='ocrx_word' id='word_1_764' title='bbox 2425 4851 2673 4917; x_wconf 75' lang='grc' dir='ltr'>ἀδελφοῖς</span> <span class='ocrx_word' id='word_1_765' title='bbox 2701 4852 2761 4901; x_wconf 83' lang='grc' dir='ltr'><strong>τὸ</strong></span> <span class='ocrx_word' id='word_1_766' title='bbox 2785 4851 3014 4918; x_wconf 86' lang='grc' dir='ltr'>πότιμον</span> <span class='ocrx_word' id='word_1_767' title='bbox 3049 4848 3194 4917; x_wconf 75' lang='grc' dir='ltr'>ὕδωρ</span> <span class='ocrx_word' id='word_1_768' title='bbox 3215 4847 3431 4900; x_wconf 76' lang='grc' dir='ltr'>ἐπὶτῶν</span> <span class='ocrx_word' id='word_1_769' title='bbox 3460 4846 3630 4914; x_wconf 73' lang='grc' dir='ltr'>ὤμων</span> <span class='ocrx_word' id='word_1_770' title='bbox 3649 4846 3807 4912; x_wconf 76' lang='grc' dir='ltr'>ἄγειν</span> <span class='ocrx_word' id='word_1_771' title='bbox 3831 4860 4010 4914; x_wconf 82' lang='grc' dir='ltr'>προσ-</span> 
     </span>
    </p>
   </div>
   <div class='ocr_carea' id='block_1_111' title="bbox 2423 4935 4012 5008">
    <p class='ocr_par' dir='ltr' id='par_1_111' title="bbox 2423 4935 4012 5008">
     <span class='ocr_line' id='line_1_111' title="bbox 2423 4935 4012 5008; baseline -0.006 -13"><span class='ocrx_word' id='word_1_772' title='bbox 2423 4942 2806 4995; x_wconf 76' lang='grc' dir='ltr'>τάττουσι·οὐ</span> <span class='ocrx_word' id='word_1_773' title='bbox 2863 4941 3104 5008; x_wconf 80' lang='grc' dir='ltr'>κέραμον</span> <span class='ocrx_word' id='word_1_774' title='bbox 3140 4940 3238 4992; x_wconf 75' lang='grc' dir='ltr'><strong>⁸ἐνα</strong></span> <span class='ocrx_word' id='word_1_775' title='bbox 3292 4937 3654 5006; x_wconf 78' lang='grc' dir='ltr'>βαστάζοντα,</span> <span class='ocrx_word' id='word_1_776' title='bbox 3711 4936 3851 4987; x_wconf 75' lang='grc' dir='ltr'>ἀλλὰ</span> <span class='ocrx_word' id='word_1_777' title='bbox 3913 4935 4012 4987; x_wconf 75' lang='grc' dir='ltr'>δύο</span> 
     </span>
    </p>
   </div>
   <div class='ocr_carea' id='block_1_112' title="bbox 2426 5027 4009 5100">
    <p class='ocr_par' dir='ltr' id='par_1_112' title="bbox 2426 5027 4009 5100">
     <span class='ocr_line' id='line_1_112' title="bbox 2426 5027 4009 5100; baseline -0.005 -15"><span class='ocrx_word' id='word_1_778' title='bbox 2426 5033 2512 5085; x_wconf 77' lang='grc' dir='ltr'><strong>ἐπ’</strong></span> <span class='ocrx_word' id='word_1_779' title='bbox 2540 5031 2869 5100; x_wconf 81' lang='grc' dir='ltr'>ἀμφοτέρων</span> <span class='ocrx_word' id='word_1_780' title='bbox 2903 5030 3013 5082; x_wconf 80' lang='grc' dir='ltr'>τῶν</span> <span class='ocrx_word' id='word_1_781' title='bbox 3041 5029 3208 5099; x_wconf 82' lang='grc' dir='ltr'>ὤμων</span> <span class='ocrx_word' id='word_1_782' title='bbox 3233 5029 3593 5089; x_wconf 84' lang='grc' dir='ltr'>θεσπίσαντες</span> <span class='ocrx_word' id='word_1_783' title='bbox 3619 5046 3632 5056; x_wconf 64' lang='grc' dir='ltr'><strong>ι</strong></span> <span class='ocrx_word' id='word_1_784' title='bbox 3657 5027 3751 5078; x_wconf 58' lang='grc' dir='ltr'><strong>καὶ⁷</strong></span> <span class='ocrx_word' id='word_1_785' title='bbox 3780 5027 3841 5078; x_wconf 86' lang='grc' dir='ltr'>οὐ</span> <span class='ocrx_word' id='word_1_786' title='bbox 3869 5027 4009 5096; x_wconf 79' lang='grc' dir='ltr'>πρό-</span> 
     </span>
    </p>
   </div>
   <div class='ocr_carea' id='block_1_113' title="bbox 2423 5117 4012 5194">
    <p class='ocr_par' dir='ltr' id='par_1_113' title="bbox 2423 5117 4012 5194">
     <span class='ocr_line' id='line_1_113' title="bbox 2423 5117 4012 5194; baseline 0.003 -18"><span class='ocrx_word' id='word_1_787' title='bbox 2423 5141 2582 5194; x_wconf 86' lang='grc' dir='ltr'>τερον</span> <span class='ocrx_word' id='word_1_788' title='bbox 2607 5123 2769 5185; x_wconf 80' lang='grc' dir='ltr'>αὑτὸς</span> <span class='ocrx_word' id='word_1_789' title='bbox 2800 5122 2991 5175; x_wconf 81' lang='grc' dir='ltr'>ἀνύσει</span> <span class='ocrx_word' id='word_1_790' title='bbox 3019 5122 3078 5174; x_wconf 82' lang='grc' dir='ltr'>τὸ</span> <span class='ocrx_word' id='word_1_791' title='bbox 3131 5122 3481 5189; x_wconf 83' lang='grc' dir='ltr'>πρόσταγμα.</span> <span class='ocrx_word' id='word_1_792' title='bbox 3521 5119 3578 5171; x_wconf 82' lang='grc' dir='ltr'>Ὀ</span> <span class='ocrx_word' id='word_1_793' title='bbox 3610 5118 3667 5170; x_wconf 72' lang='grc' dir='ltr'>δὲ</span> <span class='ocrx_word' id='word_1_794' title='bbox 3704 5117 4012 5186; x_wconf 76' lang='grc' dir='ltr'>πληρώσας</span> 
     </span>
    </p>
   </div>
   <div class='ocr_carea' id='block_1_114' title="bbox 2422 5205 4011 5282">
    <p class='ocr_par' dir='ltr' id='par_1_114' title="bbox 2422 5205 4011 5282">
     <span class='ocr_line' id='line_1_114' title="bbox 2422 5205 4011 5282; baseline -0.006 -15"><span class='ocrx_word' id='word_1_795' title='bbox 2422 5215 2532 5267; x_wconf 81' lang='grc' dir='ltr'>τῶν</span> <span class='ocrx_word' id='word_1_796' title='bbox 2569 5214 2740 5282; x_wconf 84' lang='grc' dir='ltr'>ἁγίων</span> <span class='ocrx_word' id='word_1_797' title='bbox 2770 5215 2872 5282; x_wconf 78' lang='grc' dir='ltr'>τὴν</span> <span class='ocrx_word' id='word_1_798' title='bbox 2902 5213 3175 5275; x_wconf 84' lang='grc' dir='ltr'>κέλευσιν,</span> <span class='ocrx_word' id='word_1_799' title='bbox 3209 5214 3303 5264; x_wconf 74' lang='grc' dir='ltr'>καὶ</span> <span class='ocrx_word' id='word_1_800' title='bbox 3330 5213 3391 5263; x_wconf 78' lang='grc' dir='ltr'>τὸ</span> <span class='ocrx_word' id='word_1_801' title='bbox 3420 5210 3568 5278; x_wconf 78' lang='grc' dir='ltr'>νάμα</span> <span class='ocrx_word' id='word_1_802' title='bbox 3618 5208 3759 5277; x_wconf 73' lang='grc' dir='ltr'>μετὰ</span> <span class='ocrx_word' id='word_1_803' title='bbox 3791 5205 3883 5261; x_wconf 84' lang='grc' dir='ltr'>τοῦ</span> <span class='ocrx_word' id='word_1_804' title='bbox 3918 5206 4011 5258; x_wconf 76' lang='grc' dir='ltr'>λεο</span> 
     </span>
    </p>
   </div>
   <div class='ocr_carea' id='block_1_115' title="bbox 2421 5299 4008 5374">
    <p class='ocr_par' dir='ltr' id='par_1_115' title="bbox 2421 5299 4008 5374">
     <span class='ocr_line' id='line_1_115' title="bbox 2421 5299 4008 5374; baseline -0.003 -18"><span class='ocrx_word' id='word_1_805' title='bbox 2421 5305 2638 5374; x_wconf 82' lang='grc' dir='ltr'>χθέντος</span> <span class='ocrx_word' id='word_1_806' title='bbox 2682 5303 2981 5372; x_wconf 75' lang='grc' dir='ltr'>ἐνδύματος</span> <span class='ocrx_word' id='word_1_807' title='bbox 3023 5303 3424 5371; x_wconf 79' lang='grc' dir='ltr'>ὑδρευσάμενος</span> <span class='ocrx_word' id='word_1_808' title='bbox 3466 5299 3874 5361; x_wconf 77' lang='grc' dir='ltr'>ἐπιεικέστατα,</span> <span class='ocrx_word' id='word_1_809' title='bbox 3901 5302 4008 5367; x_wconf 73' lang='grc' dir='ltr'>τὴν</span> 
     </span>
    </p>
   </div>
   <div class='ocr_carea' id='block_1_116' title="bbox 2421 5389 4008 5466">
    <p class='ocr_par' dir='ltr' id='par_1_116' title="bbox 2421 5389 4008 5466">
     <span class='ocr_line' id='line_1_116' title="bbox 2421 5389 4008 5466; baseline -0.004 -19"><span class='ocrx_word' id='word_1_810' title='bbox 2421 5396 2837 5466; x_wconf 72' lang='grc' dir='ltr'>ἐπηγγελμένην</span> <span class='ocrx_word' id='word_1_811' title='bbox 2862 5397 2928 5464; x_wconf 77' lang='grc' dir='ltr'>τῇ</span> <span class='ocrx_word' id='word_1_812' title='bbox 2961 5395 3137 5464; x_wconf 74' lang='grc' dir='ltr'>τοιᾷδε</span> <span class='ocrx_word' id='word_1_813' title='bbox 3182 5392 3380 5462; x_wconf 77' lang='grc' dir='ltr'>πράξει</span> <span class='ocrx_word' id='word_1_814' title='bbox 3406 5391 3570 5462; x_wconf 78' lang='grc' dir='ltr'><strong>ρὦιν</strong></span> <span class='ocrx_word' id='word_1_815' title='bbox 3601 5389 3840 5455; x_wconf 76' lang='grc' dir='ltr'>ἐδέξατο.</span> <span class='ocrx_word' id='word_1_816' title='bbox 3894 5389 3972 5443; x_wconf 73' lang='grc' dir='ltr'><strong>Οὔ</strong></span> <span class='ocrx_word' id='word_1_817' title='bbox 3995 5419 4008 5429; x_wconf 87' lang='lat'><strong>-</strong></span> 
     </span>
    </p>
   </div>
   <div class='ocr_carea' id='block_1_117' title="bbox 2421 5480 4010 5554">
    <p class='ocr_par' dir='ltr' id='par_1_117' title="bbox 2421 5480 4010 5554">
     <span class='ocr_line' id='line_1_117' title="bbox 2421 5480 4010 5554; baseline -0.004 -16"><span class='ocrx_word' id='word_1_818' title='bbox 2421 5504 2498 5538; x_wconf 91' lang='grc' dir='ltr'><strong>τω</strong></span> <span class='ocrx_word' id='word_1_819' title='bbox 2531 5485 2587 5537; x_wconf 78' lang='grc' dir='ltr'>δὲ</span> <span class='ocrx_word' id='word_1_820' title='bbox 2619 5487 2712 5536; x_wconf 81' lang='grc' dir='ltr'>καὶ</span> <span class='ocrx_word' id='word_1_821' title='bbox 2746 5484 2953 5554; x_wconf 87' lang='grc' dir='ltr'>ταύτην</span> <span class='ocrx_word' id='word_1_822' title='bbox 3002 5482 3256 5551; x_wconf 77' lang='grc' dir='ltr'>ἐκφυγὼν</span> <span class='ocrx_word' id='word_1_823' title='bbox 3282 5485 3310 5535; x_wconf 90' lang='grc' dir='ltr'><strong>ὁ</strong></span> <span class='ocrx_word' id='word_1_824' title='bbox 3343 5481 3662 5552; x_wconf 78' lang='grc' dir='ltr'>Ἀμμώνιος</span> <span class='ocrx_word' id='word_1_825' title='bbox 3700 5484 3800 5548; x_wconf 69' lang='grc' dir='ltr'>τὴν</span> <span class='ocrx_word' id='word_1_826' title='bbox 3846 5480 4010 5532; x_wconf 82' lang='grc' dir='ltr'><strong>ἀσθέ-</strong></span> 
     </span>
    </p>
   </div>
   <div class='ocr_carea' id='block_1_118' title="bbox 2421 5570 4008 5647">
    <p class='ocr_par' dir='ltr' id='par_1_118' title="bbox 2421 5570 4008 5647">
     <span class='ocr_line' id='line_1_118' title="bbox 2421 5570 4008 5647; baseline -0.006 -17"><span class='ocrx_word' id='word_1_827' title='bbox 2421 5596 2590 5639; x_wconf 88' lang='grc' dir='ltr'>νειαν,</span> <span class='ocrx_word' id='word_1_828' title='bbox 2627 5578 2752 5640; x_wconf 82' lang='grc' dir='ltr'>τοὺς</span> <span class='ocrx_word' id='word_1_829' title='bbox 2797 5577 3002 5647; x_wconf 74' lang='grc' dir='ltr'>ταύτης</span> <span class='ocrx_word' id='word_1_830' title='bbox 3063 5577 3284 5646; x_wconf 74' lang='grc' dir='ltr'>ἰατροὺς</span> <span class='ocrx_word' id='word_1_831' title='bbox 3329 5576 3427 5627; x_wconf 76' lang='grc' dir='ltr'>καὶ</span> <span class='ocrx_word' id='word_1_832' title='bbox 3467 5575 3563 5643; x_wconf 84' lang='grc' dir='ltr'>τῆς</span> <span class='ocrx_word' id='word_1_833' title='bbox 3622 5570 4008 5644; x_wconf 76' lang='grc' dir='ltr'>προλαόούσης</span> 
     </span>
    </p>
   </div>
   <div class='ocr_carea' id='block_1_119' title="bbox 2420 5662 4008 5738">
    <p class='ocr_par' dir='ltr' id='par_1_119' title="bbox 2420 5662 4008 5738">
     <span class='ocr_line' id='line_1_119' title="bbox 2420 5662 4008 5738; baseline -0.006 -17"><span class='ocrx_word' id='word_1_834' title='bbox 2420 5668 2652 5730; x_wconf 85' lang='grc' dir='ltr'>διώκτας</span> <span class='ocrx_word' id='word_1_835' title='bbox 2690 5669 3016 5738; x_wconf 73' lang='grc' dir='ltr'>εὐφημήσας</span> <span class='ocrx_word' id='word_1_836' title='bbox 3058 5668 3335 5737; x_wconf 83' lang='grc' dir='ltr'>ἀπῴχετο.</span> <span class='ocrx_word' id='word_1_837' title='bbox 3385 5667 3493 5718; x_wconf 72' lang='grc' dir='ltr'><strong>Καὶ</strong></span> <span class='ocrx_word' id='word_1_838' title='bbox 3551 5665 3710 5733; x_wconf 73' lang='grc' dir='ltr'>ἡμεῖς</span> <span class='ocrx_word' id='word_1_839' title='bbox 3756 5662 3815 5714; x_wconf 75' lang='grc' dir='ltr'>δὲ</span> <span class='ocrx_word' id='word_1_840' title='bbox 3877 5663 4008 5722; x_wconf 60' lang='grc' dir='ltr'>τοὺς</span> 
     </span>
    </p>
   </div>
   <div class='ocr_carea' id='block_1_120' title="bbox 2423 5752 4004 5830">
    <p class='ocr_par' dir='ltr' id='par_1_120' title="bbox 2423 5752 4004 5830">
     <span class='ocr_line' id='line_1_120' title="bbox 2423 5752 4004 5830; baseline -0.006 -18"><span class='ocrx_word' id='word_1_841' title='bbox 2423 5760 2608 5827; x_wconf 70' lang='grc' dir='ltr'>ἁγίους</span> <span class='ocrx_word' id='word_1_842' title='bbox 2664 5761 3004 5830; x_wconf 67' lang='grc' dir='ltr'>ὑμνήσαντες</span> <span class='ocrx_word' id='word_1_843' title='bbox 3061 5759 3238 5827; x_wconf 62' lang='grc' dir='ltr'>(αὐτοὶ</span> <span class='ocrx_word' id='word_1_844' title='bbox 3291 5759 3397 5827; x_wconf 74' lang='grc' dir='ltr'>γὰρ</span> <span class='ocrx_word' id='word_1_845' title='bbox 3440 5756 3574 5826; x_wconf 80' lang='grc' dir='ltr'>μετὰ</span> <span class='ocrx_word' id='word_1_846' title='bbox 3609 5755 3741 5806; x_wconf 69' lang='grc' dir='ltr'>θεὸν</span> <span class='ocrx_word' id='word_1_847' title='bbox 3770 5752 3879 5806; x_wconf 79' lang='grc' dir='ltr'><strong>τῶν</strong></span> <span class='ocrx_word' id='word_1_848' title='bbox 3911 5752 4004 5804; x_wconf 82' lang='grc' dir='ltr'>λε-</span> 
     </span>
    </p>
   </div>
  </div>
