4294 6442
307 416 448 481 3429

1287 419 1583 478 LAUDES
1613 419 1691 478 IN
1733 419 2115 479 SS.CYRUM
2157 419 2251 478 ΕΤ
2291 418 2670 479 ΙΟᾹΝΧΕΜ.

3447 422 3593 486 3430

311 529 550 595 xiii-now
579 525 754 596 ἰατροὶ
779 525 1091 594 καθεστήκα
1104 527 1226 593 τιν),
1250 527 1337 577 ἐπ’
1351 527 1516 590 ἄλλοις
1535 529 1898 596 ἀξιαγάστους
1930 538 1973 590 Α
2003 545 2007 576 ι

1896 547 1898 555 π
1930 538 1973 590 Α
2003 542 2172 594 tores,
2205 539 2272 585 ad
2305 533 2440 586 alias
2480 548 2670 587 eorum
2700 532 3003 588 medicinas
3036 533 3387 589 admirabiles
3436 550 3592 589 acce-

312 618 770 690 θαυματουργξας
798 617 980 670 αὐτῶν
1017 616 1328 687 διεξίωμεν.

313 752 388 806 ιν.
423 781 492 792 -
525 751 664 818 Περί
705 748 1009 816 Θεοδώρου
1045 748 1150 805 τοῦ
1178 752 1511 818 ἐσχηκότος
1544 753 1614 805 ἐν
1639 751 1762 818 τοῖς
1787 751 1894 806 δύο

687 821 1021 889 ὀφθαλμοῖς
1064 825 1134 874 τὰ
1165 821 1542 891 λευκὼματιι.

381 955 660 1023 Θεόδωρος
700 953 756 1004 δὲ
786 951 926 1021 μετά
979 951 1293 1021 ’Δμμώνιον
1344 955 1476 1023 ἡμῖν
1527 955 1603 1016 εἰς
1649 953 1900 1022 διήγησιν

311 1046 548 1114 πρόεισι,
611 1044 766 1095 πόλιν
824 1043 924 1111 μὲν
985 1043 1126 1112 ἔχων
1193 1045 1287 1096 καὶ
1317 1045 1480 1108 αὑτὸς
1515 1045 1614 1115 τὴν
1655 1047 1903 1111 Ἀλεξάν-

309 1139 520 1204 δρειαν,
560 1133 789 1186 πλοῦτον
835 1133 892 1184 δὲ
946 1133 1262 1202 σύμμετρον
1316 1137 1413 1187 καὶ
1450 1135 1774 1206 ἀμέριμνον,
1805 1138 1904 1204 τὴν

311 1227 611 1293 καλλίστην
658 1225 1034 1294 αὐτάρκειαν·
1082 1225 1236 1277 νόσον
1282 1225 1340 1277 δὲ
1391 1227 1499 1279 τῶν
1528 1227 1620 1280 τοῦ
1652 1226 1905 1294 σώματος

311 1317 613 1387 ὀφθαλμῶν
641 1317 742 1384 τὴν
770 1315 1073 1368 ἀπώλειαν.
1108 1314 1346 1378 Τούτους
1369 1318 1480 1387 γὰρ
1499 1317 1691 1370 παθὼν
1723 1319 1752 1369 ὀ
1779 1317 1906 1369 Θεό-

310 1410 506 1476 δωρος,
543 1407 639 1459 καὶ
665 1407 766 1474 τὴν
808 1406 1036 1459 δέουσαν
1099 1407 1199 1475 οὑχ
1248 1405 1424 1475 εὑρὼν
1474 1407 1813 1474 ἐπιμέλειαν,
1849 1410 1906 1458 ὲν

313 1499 650 1569 ἀμφοτέροις
692 1492 852 1566 ἔσχεν
896 1499 964 1550 τὰ
1009 1499 1136 1560 τοὺς
1184 1499 1502 1567 ὀφθαλμοὺς
1558 1499 1908 1569 ἀμαυρούντα

321 1588 678 1657 λευκώματα.
704 1589 886 1656 “Λττερ
945 1588 1198 1656 ἐοχηκὼς
1256 1589 1349 1640 καὶ
1392 1589 1526 1660 πρὸς
1568 1590 1676 1641 τῶν
1710 1590 1909 1658 ἰατρῶν

317 1678 510 1748 μαθὼν
542 1679 726 1731 αὑτῶν
773 1680 838 1730 τὸ
878 1675 1122 1738 ἀνίατον,
1157 1679 1249 1730 τὸν
1276 1679 1386 1731 τῶν
1415 1679 1714 1750 μαρτύρων
1744 1679 1910 1750 σηκὸν

315 1769 761 1840 κατελάμϐανεν,
795 1769 988 1822 ἐλπίδα
1021 1769 1152 1839 μίαν
1179 1769 1358 1840 ἑαυτῷ
1387 1770 1745 1840 περιθέμενος
1773 1772 1912 1823 ἀκα-

2005 627 2220 677 damus.

2012 757 2075 810 ll.
2110 785 2175 796 --
2212 755 2290 810 De
2330 753 2599 810 Theodoro
2645 758 2736 878 quli
2773 757 2998 880 baiolare:
3050 759 3103 811 in
3153 760 3387 827 utrisque
3429 759 3594 815 oculis

2717 844 2767 880 ια
2806 845 2857 880 ιιι
2887 865 2902 880 .

2717 844 2902 881 ιαυιιιι.

2081 959 2188 1014 Sed
2231 968 2286 1014 et
2329 959 2648 1014 Theodorus
2702 968 2822 1028 post
2868 961 3219 1013 Ammoninm
3286 963 3596 1016 narramlus

2013 1054 2254 1117 accedat,
2279 1054 2557 1106 civitatem
2591 1052 2796 1106 habens
2841 1059 2896 1106 et
2930 1052 3047 1120 ipse
3083 1055 3330 1106 eamdem
3368 1055 3598 1107 Alexan-

2013 1143 2211 1205 driam,
2247 1145 2340 1200 sed
2385 1161 2520 1214 opes
2566 1144 2876 1199 mediocres
2915 1153 2969 1198 ct
3011 1159 3270 1197 curarum
3321 1154 3595 1214 expertes.

2013 1237 2271 1306 quodque
2305 1237 2577 1305 Optimum
2611 1245 2716 1296 est.
2755 1244 2902 1290 sorte
2929 1251 3028 1289 sua
3053 1247 3367 1289 contentus.
3402 1235 3600 1303 Egi-o-

2023 1329 2183 1383 tabat
2225 1328 2392 1397 igitur
2425 1329 2710 1382 oculorum
2740 1329 2992 1396 corporis
3021 1329 3294 1393 orl‘itate;
3330 1329 3596 1396 laosquip.

2016 1441 2086 1496 pe
2124 1427 2314 1480 dolens
2344 1424 2692 1485 Theodorus,
2722 1433 2774 1478 et
2804 1439 2913 1476 non
2947 1423 3233 1476 inveniens
3262 1424 3598 1491 diligentiam

2017 1526 2444 1584 cotnpctentetn,
2471 1517 2526 1568 in
2556 1517 2805 1583 utrisque
2845 1515 3023 1568 oculis
3059 1515 3234 1568 induit
3281 1517 3602 1570 tenebrosus

2019 1608 2278 1672 albores;
2321 1621 2462 1674 quos
2513 1607 2641 1658 dum
2687 1602 3013 1669 babuisset,’
3038 1615 3093 1657 et
3136 1621 3164 1658 a
3212 1606 3438 1657 medicis
3482 1621 3604 1658 esse

2021 1696 2360 1750 insanabiles
2395 1695 2704 1758 didicisset,
2739 1695 2806 1748 ad
2839 1704 3152 1750 sanctorum
3191 1694 3602 1746 conlessionem

2021 1789 2286 1849 occurrit,
2315 1803 2479 1841 unant
2515 1787 2619 1841 sibi
2660 1802 2834 1856 spem,
2867 1801 2974 1856 qua
3004 1802 3114 1838 non
3145 1785 3599 1846 confunderetur,

313 1863 664 1930 ταίσχυντον,
692 1860 878 1913 πίστιν
908 1864 988 1923 εἰς
1039 1861 1238 1922 αὑτοὺς
1281 1861 1668 1930 ἀνυπόκριτον,
1699 1859 1793 1912 καὶ
1813 1859 1912 1925 τὴν
1949 1891 1988 1945 Β

1907 1878 1912 1903 ⁵
1949 1891 1988 1945 Β
2022 1895 2335 1951 proponens
2382 1879 2542 1932 iidem
2577 1879 2630 1932 in
2667 1894 2762 1932 eos
2799 1878 3102 1940 indubiam,
3150 1886 3205 1930 ct
3251 1893 3440 1930 eorum
3475 1876 3603 1928 visi-

317 1951 449 2021 παρ’
489 1951 672 2003 αὑτῶν
704 1955 815 2012 τοῖς
838 1950 983 2003 οὕτω
1034 1950 1385 2004 πιστεύουσιν
1429 1951 1766 2020 γιγνομένην
1796 1952 1916 2003 ὲ.πί-

320 2047 539 2111 σκεψεν.
584 2042 784 2097 Ἐλθὼν
811 2037 902 2093 οὖν
935 2043 1015 2104 εἰς
1061 2043 1122 2094 τὸ
1154 2043 1262 2094 τῶν
1309 2043 1601 2112 μαρτύρων
1623 2043 1920 2111 σεϐάσμιον

317 2139 570 2206 τέμενος,
603 2135 705 2202 τῆς
731 2135 810 2196 εἰς
843 2135 1042 2197 αὐτοὺς
1087 2134 1354 2204 ὀλοῷ-ἑχου
1397 2135 1633 2196 πίστεως
1661 2134 1752 2187 τὸν
1781 2150 1920 2204 καρ-

321 2229 424 2280 τὸν
447 2226 788 2294 ἀπεφέρετο.
842 2227 1050 2294 Χρόνον
1086 2228 1194 2296 γὰρ
1227 2225 1284 2277 ὲν
1312 2225 1460 2296 αὑτῷ
1475 2225 1758 2297 διατρίψας
1793 2225 1922 2296 βρα-

319 2321 573 2389 χύτατον,
614 2321 829 2388 καρπὸν
864 2318 1154 2388 ἐκομίζετο
1184 2336 1196 2350 ’
1233 2319 1325 2370 τὸν
1363 2319 1423 2370 οὑ
1464 2319 1680 2388 χρόνοις
1706 2318 1920 2380 πολλοῖς

323 2411 768 2483 γεωργούμενον,
799 2409 914 2465 ἀλλ’
937 2408 1206 2481 ἀπλοτητι
1231 2409 1464 2473 πίστεως
1493 2409 1884 2479 τιθηνούμενον
1903 2424 1919 2440 ο

321 2507 384 2556 ὃν
417 2504 876 2573 ἀντιμετροῦντες
923 2503 973 2554 οἱ
1004 2501 1172 2569 ἆγιοι,
1203 2504 1284 2564 εἰς
1349 2503 1448 2570 τὴν
1495 2501 1676 2554 αὐτῶν
1735 2500 1922 2570 πηγὴν

326 2595 530 2656 ἐξιέναι
561 2592 963 2661 προσέταττον,
1001 2593 1094 2644 καὶ
1136 2594 1250 2654 τοῖς
1314 2593 1370 2642 ἐν
1422 2591 1559 2660 αὐτῇ
1615 2589 1922 2659 χρήσασθαι

326 2687 566 2754 νάμασιν
599 2684 735 2752 πρὸς
769 2685 869 2752 τὴν
895 2684 1002 2736 τῶν
1038 2684 1302 2752 ὀμμάτων
1329 2682 1643 2749 ἀνάϐλεψιν.
1690 2681 1747 2733 Ὀ
1776 2681 1834 2734 δὲ
1864 2681 1924 2734 τὸ

328 2773 620 2826 κελευσθὲν
666 2772 836 2824 ποιῶν
887 2772 1237 2841 ὲτοιμότατα,
1276 2770 1789 2841 χειραγωγούμενος
1829 2769 1924 2822 ἐπὶ

326 2869 391 2920 το
419 2865 638 2935 ῥεῖθρον
671 2865 1001 2933 ἀπέρχεται,
1033 2867 1128 2916 καὶ
1159 2865 1252 2926 τὰς
1286 2863 1438 2931 ὄψεις
1477 2865 1536 2916 ἐν
1567 2861 1743 2930 τούτῳ
1770 2861 1928 2929 νιψά-

333 2974 516 3026 μενος,
575 2957 668 3008 καὶ
719 2955 922 3016 ταύτας
977 2955 1058 3017 εἷς
1113 2972 1164 3007 τι
1219 2955 1500 3022 φακιόλιον
1547 2953 1926 3024 ὲκμαξάμενος

331 3049 577 3115 ἐδλεψεν,
614 3049 711 3101 σὺν
738 3051 803 3117 τῇ
835 3046 943 3100 τῶν
977 3048 1188 3100 ὑδάτων
1233 3047 1513 3117 ὑγρότητι,
1549 3048 1646 3099 καὶ
1690 3046 1798 3099 τῶν
1826 3046 1921 3113 ὀφ-

333 3141 556 3211 θαλμῶν
621 3139 912 3193 ἀποϐαλὼν
963 3139 1033 3190 τὰ
1078 3137 1433 3208 λευκώματα.
1466 3139 1646 3209 "Amp
1690 3137 1797 3190 τῶν
1829 3139 1929 3206 ὀμ.

2024 1971 2285 2024 tationem
2323 1971 2393 2022 ita
2420 1969 2770 2023 credentibus
2800 1968 3136 2021 adfuturam.
3164 1965 3396 2020 Veniens
3422 1969 3606 2036 itaque

2021 2066 2086 2117 ad
2121 2063 2486 2117 venerabilem
2523 2062 2804 2116 basilicam
2841 2070 3166 2130 martyrum,
3203 2060 3326 2113 lidei
3359 2074 3522 2127 quam
3550 2059 3604 2111 in

2021 2155 2168 2222 ipsos
2226 2153 2549 2206 medullitus
2618 2151 2853 2207 habuit.
2899 2150 3137 2203 fructum
3213 2151 3446 2216 adeptus
3496 2154 3601 2201 est.

2021 2245 2260 2314 Tempus
2298 2245 2448 2297 enim
2486 2243 2686 2296 ibidem
2737 2249 2986 2296 moratus
3019 2240 3434 2302 brevissimum,
3493 2237 3606 2291 fru-

2019 2347 2169 2392 ctmn
2212 2335 2446 2404 adeptus
2473 2345 2584 2398 est,
2619 2333 2711 2403 qui
2750 2347 2852 2386 nec
2892 2331 3240 2401 temporibus
3283 2330 3469 2383 multis
3513 2343 3607 2382 ac-

2023 2427 2281 2496 quiritur,
2316 2426 2409 2479 sed
2441 2424 2802 2494 simplicitate
2828 2423 2952 2476 ﬁdei
2982 2422 3246 2476 coalescit
3271 2419 3608 2488 :cnjnssan-

2022 2517 2094 2571 cti
2142 2513 2584 2569 vicissitudinem
2623 2521 3066 2582 compcnsantes,
3102 2511 3169 2564 ad
3204 2509 3410 2564 fonnem
3445 2523 3604 2562 suutn

2022 2605 2234 2675 egredi,
2271 2612 2326 2657 et
2357 2603 2480 2672 ejus
2508 2601 2732 2657 ﬂuentis
2769 2595 2914 2656 ablui
2949 2602 3016 2656 ad
3051 2601 3337 2655 oculorum
3362 2601 3608 2655 illustra-

2024 2697 2235 2748 tionem
2282 2695 2628 2763 praecipiunt.
2673 2692 2769 2746 Ille
2806 2706 2939 2746 vero
2970 2691 3118 2761 quod
3146 2692 3364 2760 jussutn
3395 2701 3479 2745 est
3514 2704 3612 2759 pa-

2025 2795 2180 2841 ratus
2219 2783 2458 2849 cﬂicere,
2515 2800 2640 2838 mox
2679 2792 2740 2837 ut
2770 2785 2973 2838 ductus
3003 2783 3071 2837 ad
3106 2785 3219 2838 haec
3251 2783 3452 2838 ﬂuenta
3486 2797 3612 2852 pro-

2026 2877 2206 2932 lectus
2253 2884 2362 2940 est,
2407 2875 2722 2944 ibidemque
2768 2875 2998 2931 abluens
3045 2876 3276 2939 lumina,
3319 2883 3373 2930 et
3429 2875 3612 2930 faciali

2026 2968 2266 3036 quodam
2293 2975 2587 3036 extergens
2611 2969 2847 3036 aspexit,
2873 2975 2929 3021 et
2961 2983 3084 3021 cum
3119 2982 3384 3036 aquarum
3419 2967 3616 3020 hutno-

2028 3076 2088 3114 re
2114 3062 2279 3112 etiam
2319 3059 2608 3113 oculorum
2657 3059 2873 3114 albores
2917 3059 3139 3127 abjeeit,
3185 3061 3278 3129 qni
3321 3060 3386 3112 de
3435 3060 3614 3114 oculis

2030 3153 2214 3205 divina
2247 3150 2486 3221 quadam
2517 3158 2646 3206 sunt
2676 3153 2893 3221 expulsi
2921 3153 3169 3217 virtute;
3203 3161 3376 3221 atque
3414 3151 3478 3204 ad
3512 3153 3609 3205 ba-

337 3235 523 3302 μάτων
558 3235 620 3284 ὲκ
645 3231 798 3293 θείας
833 3231 979 3289 τινος
1041 3230 1437 3283 ἀποπτωθὲντα
1486 3230 1772 3298 δυνάμεως
1821 3229 1922 3281 κάν
1952 3228 1996 3284 C
2029 3262 2033 3296 ε

1919 3246 1922 3265 ’
1952 3228 1996 3284 C
2029 3244 2241 3296 silicam
2267 3252 2499 3297 curren‘s
2534 3243 2586 3296 in
2624 3243 2819 3297 eodem
2860 3243 3040 3297 faciali
3073 3243 3330 3297 omnibus
3389 3243 3481 3311 qui
3520 3242 3615 3294 ad-

331 3325 411 3394 τῴ
444 3322 715 3390 φακιολίῳ
745 3323 1110 3390 τυγχάνοντα,
1152 3322 1318 3372 πᾶσιν
1349 3320 1660 3390 εἰσδραμὼν
1687 3322 1798 3382 τοῖς
1821 3319 1924 3372 ἀνὰ

333 3418 425 3466 τον
452 3412 588 3465 νεὼν
623 3413 931 3482 εὑρεθείσιν
979 3412 1262 3476 ὑπέδειξεν
1288 3428 1302 3440 °
1330 3412 1640 3480 ὑπόδειγμα
1689 3410 1926 3473 πίστεως

334 3509 528 3559 ἑαυτὴν
560 3505 963 3575 παρεχόμενος,
1000 3504 1097 3557 καί¹
1123 3505 1224 3574 τῆς
1254 3505 1319 3557 ὲκ
1367 3505 1605 3577 πίστεως
1634 3502 1922 3574 ἐγγινομέ-

335 3620 361 3649 ν
375 3619 431 3667 ης
465 3601 664 3662 ἰάσεως
696 3597 988 3669 κηρύττων
1018 3596 1081 3649 τὸ
1111 3596 1363 3666 μέγεθος.

336 3761 413 3811 1".
443 3788 516 3800 -—
548 3757 688 3825 Περὶ
741 3753 944 3810 Καλοῦ
983 3754 1090 3808 τὸν
1139 3752 1298 3806 ἴδιον
1322 3752 1480 3807 πόδα
1503 3752 1923 3819 κατεάξαντος.

413 3894 598 3955 Καλὸς
627 3891 685 3944 δέ
716 3907 798 3952 τις
833 3889 1000 3952 ἀξίως
1025 3887 1318 3957 λεγόμενος
1346 3885 1593 3957 (γνώμην
1612 3886 1720 3958 γὰρ
1747 3885 1929 3938 τοιαύ-

334 4005 437 4055 της
470 3983 850 4054 προσηγορίας
891 3980 1190 4034 ἀκόλουθον
1221 3979 1584 4050 διεκέκτητο),
1623 3979 1688 4032 ὲκ
1710 3979 1810 4048 τῆς
1833 3977 1927 4030 τοῦ

341 4078 641 4147 μισοκάλου
671 4074 932 4142 σπουδῆς,
988 4072 1086 4125 καὶ
1129 4070 1231 4140 τῆς
1279 4070 1417 4141 πρὸς
1459 4071 1526 4123 τά
1566 4070 1708 4124 καλὰ
1749 4070 1929 4138 δεινῆς

337 4169 736 4230 ἀντιστάσεως,
782 4167 890 4219 ἀπὸ
930 4164 1202 4233 κλίμακος
1258 4162 1462 4217 κατιὼν
1512 4162 1925 4232 συμποδίζεται,

339 4263 433 4315 καί
482 4256 882 4327 συμποόισθείς
917 4255 1010 4323 ἀφ’
1043 4254 1214 4323 ὕψους
1271 4252 1460 4323 βιαίως
1513 4255 1593 4316 εἰς
1629 4254 1732 4322 γῆν
1762 4270 1930 4306 κατα-

339 4353 570 4420 φέρεται
599 4346 877 4417 πτώματι.
913 4345 1077 4399 Ὅθεν
1100 4345 1193 4398 τὸν
1225 4345 1362 4397 πόδα
1395 4344 1702 4416 συντριϐεὶς
1724 4343 1930 4397 ἐκινδύ-

338 4459 483 4506 νευε,
515 4441 679 4494 αὑτὸν
700 4437 796 4492 τοῦ
831 4437 989 4500 ποδὸς
1020 4437 1101 4498 εἰς
1134 4435 1303 4504 μυρία
1327 4435 1598 4498 κατεάξας
1642 4435 1733 4486 τὸν
1763 4434 1930 4487 κάλα-

341 4551 468 4605 μον.
523 4530 665 4584 Ἀλλ’
693 4530 787 4584 ὅτε
817 4527 917 4599 τὴν
969 4527 1078 4580 τῶν
1115 4525 1318 4594 ἰατρῶν
1363 4526 1471 4580 ῐδεν
1507 4527 1642 4596 πρὸς
1670 4525 1731 4578 τὸ
1759 4524 1929 4588 πάθος

336 4625 603 4692 ἀνόνητον
649 4621 884 4682 ἓλευσιν,
919 4617 1317 4686 ἑπιλειψάντων
1366 4615 1552 4684 σχεδὸν
1578 4616 1687 4667 τῶν
1711 4615 1803 4667 τοῦ
1836 4632 1934 4666 πο-

336 4716 428 4778 δὸς
452 4716 658 4767 ὀστέων
689 4714 809 4775 ταῖς
861 4711 1006 4764 κατὰ
1059 4710 1225 4779 μέρος
1254 4709 1550 4772 ἀποϐολαῖς
1600 4725 1657 4762 τε
1688 4709 1777 4761 καί
1811 4707 1934 4778 ρεύο

341 4824 520 4868 σεσιν,
544 4804 776 4857 καὶτῶν
810 4801 1036 4872 σαρκῶν
1067 4818 1128 4854 τε
1161 4799 1645 4853 συναναλωθεισῶν
1679 4803 1797 4863 ταῖς
1824 4799 1933 4852 τῶν

343 4900 561 4970 ἰχώρων
589 4894 941 4956 ἐκϐλύσεσιν,
967 4896 1063 4946 ἐπὶ
1096 4894 1196 4964 τὴν
1227 4893 1337 4945 τῶν
1378 4893 1548 4960 ἁγίων
1603 4892 1788 4962 Κύρου
1841 4892 1934 4945 καὶ

351 4992 605 5044 Ἰωάννου
639 4985 982 5054 καταφεύγει
1009 4984 1288 5053 βοήθειαν,
1333 4983 1514 5054 ἐαυτῷ
1532 4983 1758 5036 πλεῖστα
1791 4999 1935 5052 μεμο-

335 5083 609 5151 ψάμενος,
638 5076 854 5130 ὅτιτῶν
884 5075 1058 5147 ἁγίων
1109 5075 1236 5136 τοὺς
1279 5075 1497 5143 ἰατροὺς
1545 5074 1931 5144 προετίμησεν,

338 5171 576 5239 καὶτῆς
635 5169 732 5221 ἐπὶ
786 5167 964 5238 τούτῳ
1017 5167 1350 5236 συγγνώμης
1391 5165 1560 5219 πολλά
1610 5168 1797 5234 τυχεῖν
1826 5166 1935 5218 ἐλι-

337 5266 570 5319 τάνευεν
597 5279 612 5293 ⁸
645 5261 743 5315 καὶ
771 5259 912 5330 μετά
939 5262 1037 5330 τῆς
1064 5257 1394 5328 συγγνώμης
1425 5257 1521 5310 καὶ
1541 5260 1638 5329 τὴν
1677 5261 1820 5311 ἴασιν
1845 5260 1935 5314 αύ-

337 5360 471 5420 τοὺς
518 5355 741 5426 ὀρέγειν
795 5353 1190 5408 ἱκέτευεν.Ἦν
1251 5351 1559 5422 ἀὸιστάκτῳ
1620 5354 1689 5422 τῇ
1751 5353 1931 5406 πίστει

340 5449 671 5522 πρεσϐεύων
729 5446 1041 5515 κομίζεται,
1077 5445 1245 5514 ἐλαίῳ
1289 5445 1369 5514 τῷ
1428 5446 1528 5514 τῆς
1573 5446 1844 5513 κανδήλας
1870 5449 1934 5500 ὲκ

341 5543 776 5613 προστάγματος
805 5537 1184 5607 ἀλειφόμενος,
1217 5538 1311 5590 καὶ
1352 5536 1530 5607 τούτῳ
1570 5537 1794 5608 πληρῶν
1825 5539 1933 5592 τῶν

340 5633 697 5687 ἐκπεσόντων
728 5630 936 5683 ὀστέων
967 5631 1069 5698 τὴν
1095 5629 1326 5684 ἔνδειαν.
1373 5630 1485 5683 Καὶ
1516 5628 1676 5682 τοῦτο
1708 5629 1810 5700 μὲν
1840 5631 1931 5684 τοῦ

342 5724 530 5781 Καλοῦ
563 5722 906 5789 καθέστηκεν
943 5738 1000 5773 τε
1032 5721 1094 5774 τὸ
1121 5722 1385 5794 διήγημα,
1411 5722 1505 5775 καὶ
1531 5723 1627 5776 τοῦ
1651 5724 1933 5792 γεγονότος

342 5821 434 5872 ἐπ’
461 5815 612 5886 αὐτῷ
643 5814 926 5884 θαύματος
950 5814 1010 5867 τὸ
1042 5814 1409 5885 μνημόσυνον.

2027 3335 2243 3389 fuerant
2264 3335 2700 3400 demonstravit;
2731 3336 3038 3404 esetnplum
3069 3351 3127 3389 se
3159 3335 3280 3388 lidei
3315 3335 3438 3387 aliis
3454 3334 3612 3387 exui.

2029 3428 2190 3491 bcns,
2215 3436 2268 3480 et
2303 3427 2672 3491 salubritatis,
2701 3439 2870 3497 quam
2897 3427 3031 3481 lides
3058 3425 3393 3496 assequitur,
3418 3425 3618 3494 praedi-

2032 3533 2166 3572 cans
2198 3517 2654 3586 magnitudinem.

2269 3755 2360 3812 Ill.
2393 3786 2467 3797 —
2501 3755 2578 3811 De
2605 3754 2740 3811 Cato
2766 3756 2858 3825 qui
2887 3756 3066 3823 pedem
3097 3765 3364 3818 eruperat.

2102 3890 2272 3946 Caius
2299 3889 2549 3960 quidam,
2594 3890 2691 3958 qui
2732 3888 3005 3958 condigne
3032 3889 3212 3943 bonus
3247 3895 3476 3944 vocatus
3505 3899 3613 3954 est,

2036 3985 2379 4038 voluntatem
2405 3983 2553 4036 enim
2588 3982 2784 4036 habuit
2824 3983 2916 4035 tali
2952 3983 3172 4051 dignam
3203 3983 3490 4047 vocabulo,
3525 3997 3616 4037 ac-

2037 4087 2239 4145 tusque
2265 4077 2538 4131 voluntati
2577 4082 2632 4128 ct
2654 4075 2928 4129 vocabulo
2961 4084 3381 4144 consequentes,
3427 4091 3493 4131 ex
3526 4077 3612 4130 in-

2037 4168 2197 4222 sidiis
2222 4167 2458 4229 inimici,
2491 4167 2583 4236 qui
2617 4167 2813 4221 callide
2844 4168 3002 4221 bonis
3042 4167 3357 4222 obluctatur
3387 4168 3610 4231 studiis,

2038 4276 2137 4330 per
2168 4259 2372 4314 scalam
2412 4257 2755 4312 descendens
2783 4257 3131 4328 compeditos
3154 4267 3259 4321 est,
3293 4271 3344 4311 et
3375 4258 3616 4327 desuper

2035 4353 2092 4406 in
2137 4361 2340 4406 terram
2387 4349 2628 4404 violento
2677 4349 2831 4419 lapsu
2879 4349 3150 4404 deductus
3198 4357 3304 4412 est,
3365 4352 3615 4419 pedcque

2037 4441 2276 4498 contrito
2298 4439 2740 4511 periclitabatur,
2777 4441 3014 4492 cannula
3048 4439 3163 4507 ipsa
3194 4447 3248 4492 et
3285 4439 3436 4507 pedis
3481 4439 3612 4493 tibia

2036 4537 2091 4589 in
2127 4533 2275 4588 mille
2327 4532 2577 4602 partibus
2615 4531 2904 4584 diminuta.
2945 4529 3047 4595 Qui
3098 4529 3224 4582 dum
3273 4531 3614 4586 medicorum

2035 4625 2288 4698 prtesidia
2336 4623 2716 4692 conspexisset
2763 4622 2831 4675 ad
2873 4623 3311 4677 succurrendum
3348 4625 3610 4689 invalida,

2034 4720 2279 4787 dumque
2329 4715 2444 4770 fere
2472 4715 2585 4784 jam
2638 4713 2815 4782 ipsius
2851 4713 3008 4783 pedis
3054 4729 3176 4768 ossa
3222 4715 3483 4783 paulatim
3521 4729 3614 4768 ca-

2035 4809 2209 4864 dendo
2239 4806 2566 4868 deﬂuerent,
2598 4805 2863 4859 carnibus
2894 4819 3018 4857 cum
3069 4804 3307 4858 aliiuenti
3343 4807 3498 4860 sanie
3544 4807 3614 4858 li-

2037 4896 2334 4968 quefactis,
2365 4894 2431 4947 ad
2459 4900 2780 4948 sanctorum
2807 4902 3112 4964 martyrum
3146 4893 3274 4962 Cyri
3305 4903 3360 4948 et
3383 4894 3618 4950 Joannis

2035 4987 2280 5056 confugit
2323 4985 2662 5054 prmsidium,
2714 4984 2881 5039 nimis
2923 4985 3286 5054 semetipsum
3317 5001 3614 5050 accusans,

2035 5079 2182 5150 quod
2229 5077 2474 5131 medicos
2516 5076 2878 5144 pratpnsuerit
2906 5077 3133 5141 sanctis,
3167 5085 3220 5132 et
3258 5079 3325 5131 de
3357 5077 3460 5131 boc
3495 5079 3616 5132 val-

2035 5173 2103 5227 de
2125 5169 2524 5238 indulgentiam
2549 5168 2864 5236 supplicaus
2895 5167 3164 5232 invenire,
3194 5177 3248 5220 et
3283 5183 3407 5222 cmn
3430 5169 3616 5223 indul-

2035 5263 2223 5335 gentia
2252 5259 2583 5313 tnedicinatu
2612 5274 2707 5312 eos
2741 5259 3045 5313 concedere
3081 5274 3307 5326 :quam,
3339 5275 3464 5313 cum
3510 5262 3618 5314 lide

2037 5354 2259 5411 indubia
2302 5359 2643 5422 precaretur,
2695 5353 2924 5420 adeptus
2972 5362 3075 5414 est,
3108 5352 3350 5406 candelae
3374 5353 3497 5406 oleo
3533 5353 3615 5408 eis

2035 5445 2487 5519 praecipientibus
2544 5443 2862 5508 delibutus,
2925 5453 2980 5498 ct
3038 5459 3103 5499 ex
3145 5459 3212 5498 eo
3267 5447 3616 5513 reintegrans

2035 5543 2237 5594 damna
2289 5535 2502 5591 ossium
2541 5535 2902 5605 dilapsorum.
2942 5534 3092 5590 Talis
3114 5536 3335 5606 quidem
3368 5535 3615 5606 ejusdem

2035 5631 2153 5688 Cali
2188 5628 2411 5685 exsistit
2446 5629 2715 5692 narratio,
2749 5636 2804 5683 et
2837 5628 3090 5683 miraculi
3130 5629 3277 5700 quod
3304 5629 3359 5684 in
3389 5644 3454 5685 eo
3487 5643 3614 5700 per-

2037 5730 2218 5776 actum
2243 5728 2347 5783 est,
2377 5717 2702 5774 recordatio.
