4294 6442
350 452 490 518 3415

1370 458 1473 517 SS.
1499 459 1672 519 CYRI
1704 458 1796 519 ET
1833 458 2154 519 JOANNIS
2187 457 2604 519 MIRACULA.

3470 454 3613 517 3436

350 569 642 639 [γενομένη
660 567 704 638 ιι
744 570 841 638 τῆς
884 569 993 622 τῶν
1031 570 1230 641 ἰατρῶν
1275 574 1497 643 ἀρωγῆς
1533 574 1921 642 ἀπολείπομαι.
1958 581 1997 634 Α
2034 574 2046 626 l

1918 615 1921 625 .
1958 581 1997 634 Α
2034 573 2343 627 frustrabor
2389 569 2654 625 subsidio.
2688 567 2797 622 llos
2843 580 3130 623 sermones
3160 563 3290 619 dum
3346 574 3614 637 martyres

347 659 564 710 Τούτων
586 661 635 711 oi
664 659 940 730 μάρτυρες
958 660 1069 713 τῶν
1100 662 1358 732 ῥημάτων
1389 663 1738 726 ἀκούσαντες,
1771 665 1931 727 εὐθὺς

347 750 486 818 αὐτῇ
520 750 613 802 τὸν
640 752 784 822 ἱερὸν
810 752 979 821 σηκὸν
997 754 1410 821 ὑποφαίνουσιν,
1442 758 1532 809 καὶ
1554 757 1663 809 τῶν
1692 759 1750 810 ὲν
1784 758 1933 828 αὐτῷ

348 844 762 912 κατακειμένων
792 844 1037 897 ἀσθενῶν
1061 846 1123 898 τὸ
1153 847 1357 917 πλῆθος
1388 850 1679 915 ἐδείκνυον,
1711 853 1805 903 καὶ
1834 852 1932 922 τὴν

346 932 583 986 ἑκάστου
616 933 767 986 νόσον
797 935 883 988 οἶα
900 953 985 999 τις
1004 936 1248 1007 ὑπῆρχεν
1269 939 1633 1008 ἀπήγγελλον.
1668 938 1800 993 Εἶτα
1814 944 1933 1001 ,σὺν

345 1025 559 1088 τούτοις
579 1026 969 1097 ἆπασιμφασὶ,
990 1030 1224 1093 καὶτοὺς
1257 1032 1379 1093 σοὺς
1400 1032 1724 1101 θεραπεύειν
1736 1032 1934 1101 ὀφθαλ-

353 1116 488 1183 μυὺς
524 1117 624 1169 οὐκ
654 1118 956 1188 ἱσχύομενς
1012 1122 1104 1173 καλ⁹
1152 1120 1325 1173 ταῦτα
1374 1122 1646 1187 λέξαντες,
1708 1124 1933 1178 ἔπεισαν

349 1204 532 1273 ἔργοις
555 1208 654 1276 τὴν
689 1209 861 1261 πειθὼ
888 1212 983 1263 καὶ
1023 1213 1085 1264 ού
1140 1214 1317 1281 λόγοις
1341 1213 1516 1282 ψιλοῖς
1542 1217 1931 1285 ἐργασάμενοι.

366 1295 689 1359 Ἐξελθοῦσα
713 1300 767 1351 δὲ
798 1302 890 1353 καὶ
914 1302 1225 1374 θεασαμένη
1258 1306 1414 1373 μόνον
1443 1307 1504 1359 τὸ
1537 1309 1729 1359 σεπτὸν
1756 1310 1934 1362 αὐτῶν

349 1388 601 1456 τέμενος,
637 1390 737 1459 τὴν
766 1392 920 1445 νόσον
951 1394 1152 1455 εὐθέως
1184 1397 1480 1459 ἀπέϐαλεν,
1508 1400 1701 1466 ὀδύνης
1738 1403 1932 1471 μηκέτι

346 1480 606 1547 τοιαύτης
632 1481 927 1551 ὀφθαλμῶν
957 1489 1149 1556 πεῖραν
1205 1488 1514 1557 ἀθρήσασιι.
1544 1492 1605 1543 οὐ
1642 1493 1702 1544 τὸ
1735 1494 1829 1546 καὶ
1874 1495 1933 1546 τὸ

350 1568 486 1638 πρὸς
514 1570 813 1640 θεραπείαν
836 1576 1131 1645 ποιήσασα,
1162 1578 1298 1630 ἀλλά
1329 1580 1465 1649 μόνῃ
1493 1584 1557 1651 τῇ
1598 1581 1695 1652 θέᾳ
1715 1584 1808 1636 τού
1827 1586 1933 1638 τῶν

349 1663 649 1732 μαρτύρων
692 1665 799 1717 νεὼ
841 1666 1157 1739 δρεψαμὲνη
1228 1674 1328 1741 τὴν
1391 1674 1707 1745 ἀμάραντον
1762 1677 1929 1734 ἴασιν.

339 1752 607 1821 Ἷσχυσεν
629 1758 741 1827 γὰρ
787 1760 820 1827 ἡ
864 1759 960 1811 τοῦ
995 1763 1164 1831 σηκοῦ
1195 1762 1507 1833 γλυκυτάτη
1549 1767 1730 1837 μορφὴ
1761 1769 1932 1832 πάθος

346 1843 686 1911 θεραπεῦσαι
749 1851 1103 1920 πικρότατον,
1143 1856 1237 1906 καὶ
1278 1856 1628 1927 παραστῆσαι
1658 1859 1766 1912 τῶν
1796 1861 1933 1913 ἐνοι-

344 1937 588 1991 κούντων
610 1941 783 2008 ἁγίων
816 1943 916 2011 τὴν
949 1944 1259 2015 ἀμέτρητον
1283 1945 1537 2017 δύναμιν.

418 2029 571 2094 Λέξω
616 2031 671 2082 δὲ
702 2036 795 2084 καὶ
842 2034 902 2085 τὸ
955 2035 1163 2104 ἕτερον,
1201 2038 1337 2106 ὅπερ
1372 2039 1451 2099 εἰς
1484 2040 1653 2111 αὐτὴν
1678 2041 1925 2113 ἐπράχθη

340 2119 533 2189 θαῦμα
560 2124 675 2185 τοῖς
713 2124 1003 2193 μάρτυσιν,
1046 2127 1233 2199 ἐπειδὴ
1256 2132 1316 2181 τὸ
1365 2132 1637 2200 προλαϐον
1662 2134 1928 2202 ἀπηγγεί-

341 2211 540 2280 λαμεν,
568 2216 661 2266 καὶ
713 2217 772 2268 ού
806 2218 1000 2288 κρύψω
1030 2224 1153 2291 σιγῇ
1190 2223 1315 2285 τοὺς
1359 2224 1657 2290 ἀκούοντας
1685 2244 1697 2255 ⁸
1726 2229 1785 2279 ού
1822 2229 1929 2298 γὰρ

346 2305 511 2373 σιγῆς
544 2306 670 2370 ἄξια
695 2307 764 2360 τὰ
789 2309 1031 2379 ἡμέτερα
1071 2312 1147 2375 ὡς
1179 2314 1250 2365 τὰ
1280 2314 1388 2365 τῶν
1416 2315 1686 2386 δαιμόνων
1731 2320 1929 2386 φαυλό-

341 2413 485 2449 τατα
510 2399 803 2468 φάσματα·
859 2403 1072 2467 τούτοις
1124 2405 1234 2475 γὰρ
1279 2407 1479 2476 πρέπει
1514 2410 1638 2480 σιγὴ
1667 2412 1761 2463 καὶ
1790 2412 1927 2483 λήθη

341 2488 437 2539 καὶ
467 2489 638 2556 τάφος
667 2492 760 2543 καὶ
810 2493 1000 2558 σκότος
1058 2495 1354 2567 ἐξώτερον,
1392 2501 1555 2564 τόπος
1612 2504 1929 2575 ἀπῦκρυφος

340 2579 446 2645 τῆς
505 2581 688 2634 αὐτῶν
739 2582 1025 2655 βδελυρίας
1084 2591 1588 2658 γιγνόιι-ε“-ἀ’ἀ)·λά
1641 2598 1733 2647 καὶ
1766 2596 1930 2667 βαρ⁹’

343 2669 524 2737 φώνου
586 2674 909 2741 σάλπιγγος,
951 2680 1044 2729 καὶ
1077 2680 1521 2750 μεγαλορὴμονος
1564 2684 1805 2753 κήρυκες
1836 2688 1931 2739 καὶ

341 2758 598 2828 δώματος
620 2763 949 2831 ἀγχινεφοῦς
976 2770 1089 2828 τοῖς
1132 2769 1439 2839 ύψώμασιν,
1470 2773 1553 2840 ἐφ’
1583 2773 1675 2836 οὓς
1703 2776 1930 2845 στήσον-

343 2868 434 2903 ται
460 2854 551 2904 καῖ
587 2852 875 2924 βοήσονται
894 2859 942 2910 οί
969 2860 1337 2928 κηρύσσοντες
1355 2880 1369 2893 ο
1399 2865 1462 2917 τά
1492 2865 1600 2935 γὰρ
1624 2868 1681 2917 ὲν
1712 2869 1931 2938 φανερῷ

344 2943 441 2995 καὶ
462 2943 563 2996 οὐκ
593 2946 652 2996 ὲν
689 2947 1029 3019 παραϐύστῳ
1072 2953 1184 3011 τοῖς
1224 2953 1494 3021 μάρτυσιν
1518 2956 1771 3025 δρώμενα
1805 2958 1934 3012 θαύ-

347 3050 518 3102 ματος
544 3036 785 3105 γέμοντα
802 3039 897 3090 καὶ
919 3042 1018 3091 οὐκ
1032 3042 1291 3110 αἰσχύνης
1314 3044 1576 3111 ἀνάπλεα,
1604 3050 1767 3099 πᾶσιν
1790 3066 1929 3115 γνω-

347 3121 597 3192 ρίζεσθαι
657 3126 904 3193 πέφυκεν
938 3128 1082 3191 ἄξια,
1118 3132 1211 3183 καὶ
1268 3135 1409 3186 κατὰ
1461 3138 1639 3188 πᾶσαν
1687 3137 1784 3207 τὴν
1831 3140 1932 3209 γῆν

344 3213 643 3286 διαρρήδην
666 3219 1057 3287 κηρύττεσθαι.
1075 3223 1283 3275 Οὐκοῦν
1305 3224 1566 3295 λέξωμεν,
1599 3230 1691 3281 καὶ
1713 3231 1772 3281 ού
1796 3231 1930 3298 κρύ-

346 3306 563 3374 ψωμεν,
596 3310 690 3362 καὶ
744 3315 1127 3381 σκιρτήσωμεν
1155 3313 1424 3382 λέγοντες,
1454 3320 1547 3371 καὶ
1584 3322 1932 3391 χορεύσωμεν
1961 3296 2004 3351 C

346 3397 457 3449 τῶν
502 3400 674 3466 ἁγίων
720 3404 817 3463 τὰς
854 3404 1085 3473 πράξεις
1147 3408 1524 3476 κηρύττοντες,
1553 3414 1769 3465 πάντων
1806 3415 1933 3467 ὄντα

349 3490 559 3543 πιστῶν
598 3492 879 3565 ὰγλάῖσμά
910 3513 967 3548 τε
1004 3499 1097 3551 καὶ
1127 3499 1410 3570 καύχημα.

420 3759 579 3811 Μετά
614 3760 781 3814 πολὺν
812 3762 951 3831 αὕτη
1009 3765 1202 3831 καιρὸν
1245 3768 1276 3837 ἡ
1315 3767 1563 3838 Θεοδώρα
1606 3772 1704 3840 τῆς
1732 3774 1932 3841 ὀφθαλ-

354 3848 505 3917 μίας,
540 3852 741 3919 μᾶλλον
764 3853 821 3905 δὲ
842 3855 942 3924 τῆς
973 3855 1082 3907 τῶν
1097 3856 1389 3927 ὀφθαλμῶν
1429 3862 1643 3916 ἐλούετο
1675 3866 1892 3935 ῥώσεως
1918 3885 1931 3898 ⁸

350 3940 409 3990 τὶ
433 3940 488 3992 δὲ
518 3940 746 4011 λουτρὸν
774 3944 883 3996 τῶν
913 3946 1084 4013 ἀγίων
1107 3948 1403 4018 ἐτύγχανεν
1425 3968 1437 3981 ·
1474 3954 1653 4007 ἐκεῖσε
1679 3956 1787 4026 γὰρ
1814 3959 1934 4011 τότε

348 4030 648 4101 διέτριϐεψ
673 4036 770 4087 καὶ
798 4035 1065 4107 λουομένη
1120 4041 1310 4093 πίπτει
1338 4043 1553 4107 δεινῶς’
1588 4047 1668 4110 εἰς
1693 4050 1936 4104 τούπίσω

349 4121 462 4193 γὰρ
483 4126 786 4195 καταφέρει
818 4128 1083 4198 ρήγματι,
1111 4130 1551 4192 γλοιώδεσίτισιν
1580 4137 1930 4210 δλισθήσασα,

347 4217 464 4277 τοῖς
496 4216 561 4268 ἐκ
601 4218 928 4287 τριμμάτων
956 4220 1097 4288 τάχα
1139 4225 1465 4289 γυναικείων
1500 4229 1799 4296 ἐκρέουσιν.
1827 4226 1936 4284 Ἦν

344 4305 407 4358 δὲ
440 4307 534 4359 καὶ
580 4307 642 4360 τὸ
700 4308 901 4378 πτῶμα
960 4311 1163 4365 δεινόν·
1200 4316 1337 4383 μετὰ
1397 4317 1504 4388 γάρ
1549 4317 1608 4371 τὸ
1641 4319 1934 4376 λούσασθαι

347 4396 511 4449 τοῦτο
544 4398 915 4471 συμϐέϐηκεν,
945 4402 1191 4474 ἐξιούσης
1233 4404 1339 4457 τῶν
1380 4407 1645 4482 ἐμπύρων
1690 4412 1783 4464 ἐπὶ
1808 4414 1935 4477 τοὺς

346 4488 598 4558 ψυχροὺς
623 4491 791 4561 ἀέρας
808 4493 903 4545 καὶ
929 4494 1170 4561 νάματα,
1213 4495 1304 4548 ὅτε
1350 4498 1439 4550 καὶ
1464 4499 1573 4551 τῶν
1626 4500 1934 4570 λουομένων

346 4579 420 4628 τὰ
444 4577 679 4647 σώματα
713 4580 928 4649 εύπαθῆ
954 4583 1015 4635 τέ
1041 4584 1190 4635 ἐστιν
1241 4586 1333 4636 καὶ
1376 4586 1696 4656 χαυνότερα,
1722 4592 1786 4659 τῇ
1816 4590 1932 4643 δια·
1962 4615 2013 4674 Ι)

347 4667 509 4737 χύσει
530 4667 626 4720 τοῦ
643 4669 967 4738 χαυνοῦντός
984 4688 1043 4723 τε
1071 4673 1166 4723 καὶ
1187 4672 1471 4737 ἐκλύοντος
1490 4676 1741 4745 αἵματος.
1765 4679 1936 4731 Τοῦτο

345 4760 463 4827 γὰρ
484 4760 545 4812 τὸ
576 4760 804 4829 θερμὸν,
828 4762 933 4823 ’ἐως
962 4763 1020 4814 ἐν
1048 4762 1171 4833 ἀέρι
1196 4764 1521 4835 ψυχροτέρῳ
1552 4768 1933 4837 τυγχάνωμεν,

348 4850 448 4902 ἐπὶ
471 4852 704 4920 καρδίαν
750 4851 860 4905 ἔσω
898 4853 1092 4922 φεύγει
1139 4857 1233 4907 καὶ
1285 4855 1607 4924 κρύπτεται,
1635 4861 1700 4927 τῇ
1749 4861 1931 4929 ἐπαφῇ

348 4941 449 4994 τού
497 4942 713 5011 ψυχροῦ
766 4945 1220 5012 συστελλόμενον·
1257 4947 1476 4998 ἐπειδάν
1510 4948 1567 4999 δὲ
1590 4949 1712 5017 ἀέρι
1747 4949 1935 5019 θερμῷ

349 5034 878 5102 προσομιλήσωμεν,
901 5033 1291 5106 ἀναχωρούσης
1321 5037 1421 5105 τῆς
1445 5036 1549 5102 ἔξω
1579 5038 1933 5109 θερμότητος,

348 5126 515 5187 εὐθὺς
547 5127 641 5178 ἐπὶ
666 5127 769 5194 τὴν
811 5127 1137 5193 ἐπιφάνειαν
1165 5126 1382 5190 ἔξεισιν,
1423 5128 1790 5200 ἐλευθερωθέν
1815 5148 1935 5194 πως

347 5218 446 5269 τοῦ
468 5218 801 5286 διείργοντος
834 5218 1046 5287 ψυχροῦ
1075 5219 1169 5271 καὶ
1195 5218 1593 5283 συστέλλοντος,
1618 5222 1713 5275 καὶ
1732 5222 1789 5274 τὲ
1809 5240 1935 5292 συγσ

346 5311 511 5377 γενές
537 5310 823 5379 γνωρίσαν
844 5311 943 5377 τῆς
974 5310 1078 5374 ἔξω
1106 5311 1463 5382 θερμότητος.

428 5400 519 5450 Ἐν
550 5398 777 5470 τοιαύτη
814 5398 946 5466 γοῦν
970 5399 1207 5452 διαθέσει
1243 5402 1336 5455 καὶ
1373 5401 1624 5470 Θεοδὼρα
1654 5405 1772 5457 τότε
1806 5423 1936 5474 τυγ-

348 5491 598 5560 χάνουσα
631 5491 905 5560 σώματος,
933 5492 1124 5544 πίπτει
1153 5492 1252 5559 μὲν
1276 5495 1366 5545 ἐπὶ
1390 5493 1556 5546 νῶτον
1574 5496 1667 5548 καὶ
1689 5497 1933 5559 τένοντα,

348 5580 571 5650 ἐπλήγη
596 5580 653 5633 δὲ
684 5580 776 5632 τὸν
815 5580 1041 5649 ἀγκῶνα
1068 5581 1365 5650 βαθύτατα,
1408 5584 1651 5653 μεγάλου
1693 5588 1787 5638 καὶ
1816 5589 1938 5640 κατ’

348 5672 491 5725 σύτο
538 5672 879 5742 ἀνοιχθέντος
901 5674 979 5742 τῷ
1001 5676 1306 5743 κρούσματι
1330 5676 1661 5744 τραύματος,
1686 5678 1778 5729 καὶ
1810 5678 1939 5731 πολ-

348 5762 448 5817 λοῦ
484 5765 548 5816 ἐκ
578 5765 772 5817 τούτου
835 5765 1251 5835 κατενεχθέντος
1270 5784 1326 5818 τε
1355 5767 1448 5819 καὶ
1476 5766 1739 5835 ρύσαντος
1770 5768 1936 5838 αἵμα-

349 5867 443 5911 τος
467 5871 478 5880 ·
511 5850 649 5906 ἀλλὰ
684 5856 776 5922 τὴν
807 5857 1072 5927 τοσαύτην
1106 5857 1317 5927 πληγὴν
1352 5859 1721 5927 ἐπικύνδυνον,
1757 5862 1849 5915 καὶ
1882 5862 1939 5914 τὸ

2038 668 2403 736 accepissent,
2433 663 2723 717 confestim
2753 664 2801 717 ei
2853 677 3071 717 saermn
3101 676 3289 715 eorum
3328 659 3469 713 ovile
3516 658 3618 712 de-

2038 761 2309 823 scribunt,
2338 769 2391 813 ct
2431 758 2627 812 ibidem
2650 757 3042 826 perjacentium
3073 754 3420 809 infirmorum
3476 752 3619 805 mul-

2040 852 2328 906 titudinem
2356 856 2687 912 monstrant,
2716 856 2877 917 atque
2931 847 3369 914 uniuscujusque
3405 845 3613 913 :rgritu-

2037 946 2242 1007 dinem,
2273 943 2453 1013 qualis
2476 942 2709 1011 quisque
2738 948 2905 998 esset.
2950 939 3288 991 edisserunt.
3344 934 3481 989 Cum
3533 934 3611 989 his

2038 1037 2311 1097 omnibus,
2339 1038 2610 1104 inquittnt,
2629 1036 2791 1089 etiam
2821 1044 2942 1087 tuos
2966 1048 3161 1086 curare
3182 1048 3289 1085 non
3316 1029 3618 1084 valebimus

2038 1130 2271 1182 nullos?
2326 1130 2388 1181 Et
2437 1129 2551 1180 lucc
2580 1127 2849 1191 dicentes,
2880 1142 2988 1178 non
3052 1125 3188 1177 solis
3243 1121 3615 1184 sermonibus,

2040 1221 2133 1274 sed
2174 1220 2433 1289 operibus
2467 1218 2818 1288 persuadent.
2854 1218 3083 1286 Egressa
3116 1228 3246 1268 vero
3269 1212 3618 1280 conspiciens

2039 1312 2104 1364 ad
2124 1311 2486 1365 venerandam
2510 1326 2697 1363 eorum
2725 1311 3027 1372 basilicam,
3045 1308 3228 1361 statim
3252 1305 3440 1374 abjicit
3460 1302 3620 1371 aegri-

2040 1403 2311 1467 tudinem,
2345 1402 2631 1456 oculorum
2675 1400 2919 1452 dolorem
2977 1399 3121 1450 ultra
3158 1413 3265 1451 non
3321 1396 3566 1449 sentiens
3600 1412 3617 1460 ,'

2038 1508 2138 1546 nec
2166 1492 2268 1545 hoc
2302 1501 2393 1545 aut
2423 1491 2552 1544 illud
2590 1490 2656 1543 ad
2680 1504 2868 1541 curam
2900 1484 3310 1555 accipiens,sed
3342 1484 3457 1537 sola
3484 1492 3620 1535 tem-

2040 1583 2438 1653 plimartyrutn
2491 1581 2703 1634 visione
2732 1577 3175 1632 immarceseibili
3226 1576 3403 1629 salute
3447 1574 3615 1643 polita

2038 1682 2143 1725 cst.
2178 1672 2360 1725 Valuit
2402 1687 2594 1739 nempe
2650 1670 2811 1723 ovilis
2852 1683 3040 1723 eorum
3099 1666 3273 1719 forma
3320 1670 3615 1733 conspecta

2038 1773 2242 1831 pestem
2320 1762 2720 1815 amarissimam
2800 1774 3017 1823 curare,
3072 1768 3126 1811 et
3188 1757 3613 1809 inhabitantium

2036 1866 2350 1909 saneturqu
2413 1854 2665 1907 \irtutcm
2722 1850 3175 1904 innumerabilem
3232 1848 3609 1917 comprobare.

2105 2031 2290 2085 Dicam
2343 2036 2520 2081 autem
2571 2036 2623 2081 ct
2649 2028 2876 2080 alterum
2906 2026 3046 2094 quod
3105 2026 3156 2077 in
3193 2040 3254 2076 ea
3282 2032 3493 2092 gestum
3522 2028 3607 2076 est

2032 2140 2059 2176 a
2091 2123 2296 2176 sanctis
2350 2122 2696 2173 miraculum.
2752 2118 2889 2183 Quia
2944 2118 3109 2187 igitur
3152 2117 3293 2186 quod
3330 2117 3610 2183 prmccssit

2034 2215 2403 2276 II.'I‘I'a\'iltlttS,
2438 2228 2779 2281 nequaquam
2834 2211 3059 2265 silentio
3090 2210 3257 2261 etiam
3295 2208 3395 2261 hoc
3420 2207 3487 2259 ab
3518 2222 3617 2259 au-

2031 2308 2308 2361 dientibus
2369 2306 2751 2360 occultumus:
2809 2316 2906 2357 nec
2963 2302 3107 2353 enim
3171 2309 3350 2353 nostra
3402 2297 3620 2352 silentio

2032 2402 2193 2470 digna
2226 2405 2375 2461 sunt,
2414 2398 2557 2451 sicut
2588 2396 2893 2458 d:emonnm
2945 2391 3245 2445 vanissima
3271 2391 3622 2460 phantasma-

2032 2503 2136 2560 ta;
2193 2492 2319 2546 illos
2354 2490 2498 2545 enim
2560 2488 2821 2555 competit
2873 2486 3149 2538 silentium
3209 2493 3262 2536 et
3318 2482 3524 2536 oblivio
3564 2489 3619 2534 ct

2032 2585 2339 2651 sepulcrum
2376 2580 2787 2647 exlerioresque
2841 2578 3078 2631 tenebrae
3104 2616 3118 2639 ,
3156 2577 3310 2630 locus
3352 2576 3443 2644 qtti
3487 2576 3618 2629 abo-

2034 2676 2361 2729 minationes
2418 2687 2607 2726 eorum
2662 2668 3012 2734 abscondat;
3062 2667 3155 2723 sed
3220 2668 3349 2721 tuba
3405 2667 3618 2720 fortiter

2034 2772 2425 2834 personans,et
2463 2760 2793 2829 praeconium
2827 2759 3249 2828 magnanimiter
3279 2755 3614 2821 vociferans,

2033 2864 2084 2910 et
2116 2862 2317 2907 tectum
2348 2853 2582 2907 sublime
2613 2850 2852 2905 nubibus
2892 2850 3362 2920 appropinquans,
3399 2850 3451 2903 in
3488 2850 3610 2919 qui-

2034 2946 2137 3000 bus
2172 2943 2542 2998 consistentes
2572 2940 2959 3011 praedicatores
2989 2942 3314 3004 exclamem,
3350 2940 3465 2993 Itaae
3497 2955 3617 3008 qua:

2036 3040 2089 3090 in
2135 3037 2429 3090 manifesto
2468 3044 2521 3087 et
2567 3049 2671 3086 tton
2719 3032 3044 3086 abscondito
3091 3032 3424 3102 martyribus
3466 3041 3617 3101 gesta

2035 3138 2181 3194 sunt,
2233 3127 2609 3195 miraculoque
2651 3125 2875 3188 referta,
2909 3132 2964 3178 et
3000 3140 3107 3178 non
3151 3124 3477 3178 confusione
3533 3139 3619 3179 re—

2038 3218 2179 3285 pleta
2210 3225 2358 3279 sunt,
2411 3216 2479 3269 ab
2508 3214 2766 3268 onmibns
2798 3215 3053 3283 cognosci
3108 3214 3433 3268 naturaliter
3454 3213 3614 3283 digna

2038 3319 2090 3363 et
2139 3325 2233 3379 per
2291 3323 2504 3363 onmem
2572 3315 2772 3360 terram
2828 3305 3175 3361 manifestius
3237 3304 3608 3376 prtedicanda.

2039 3400 2180 3470 Ergo
2218 3400 2462 3455 dicemus
2517 3407 2570 3453 et
2624 3415 2730 3452 non
2791 3400 3215 3463 ocrultabimns,
3263 3409 3318 3453 et
3367 3399 3612 3453 dicentes

2037 3494 2438 3548 cxsultaLimus
2465 3500 2629 3561 atque
2651 3491 3100 3560 tripudiabimus,
3132 3498 3288 3545 actus
3310 3490 3615 3561 praedican-

2038 3593 2120 3638 tes
2147 3592 2459 3638 sanctorum
2489 3584 2551 3635 ad
2581 3582 2817 3636 lidelittm
2848 3582 3092 3635 omnium
3111 3582 3537 3636 exsultationem
3561 3587 3616 3635 et

2037 3676 2316 3746 gaudium.

2112 3767 2240 3822 Post
2308 3765 2534 3820 multtnn
2589 3765 2771 3834 itaque
2858 3774 3069 3833 tenipus
3124 3778 3232 3832 quo
3296 3763 3453 3817 dolor
3506 3763 3617 3817 imo

2037 3861 2368 3913 restauratio
2390 3856 2675 3909 oculorum
2701 3870 2966 3910 concessa
2993 3862 3100 3918 est,
3130 3857 3301 3908 Iavata
3326 3862 3411 3909 est
3427 3853 3613 3909 eadem

2038 3949 2325 4005 Theodora
2350 3949 2404 4002 in
2444 3949 2639 4002 balneo
2669 3957 3004 4010 sanctorum,
3039 3946 3221 4015 ibique
3263 3952 3393 3999 tunc
3434 3959 3615 3998 mora—

2038 4042 2217 4095 batur.
2290 4040 2533 4108 Dumque
2590 4038 2885 4102 lavaretur,
2938 4044 3060 4103 post
3121 4045 3328 4104 tergunt
3382 4034 3616 4103 graviter

2037 4130 2254 4192 cecidit.
2287 4138 2340 4185 et
2370 4130 2607 4197 collapsa
2639 4128 2848 4196 dejeet-t
2905 4135 2990 4181 est
3024 4128 3078 4180 in
3113 4127 3376 4180 lubricam
3414 4139 3617 4195 quiam-

2036 4221 2160 4275 dam
2188 4218 2488 4288 oleaginem
2525 4233 2645 4287 qua:
2696 4216 2949 4271 femineis
2997 4216 3334 4270 fricameutls
3372 4213 3616 4270 deﬂuxe-

2040 4325 2138 4368 rat.
2187 4310 2310 4364 Fuit
2366 4323 2546 4364 autem
2604 4311 2788 4380 lapsus
2826 4309 3011 4381 gravis
3046 4326 3059 4362 :
3114 4317 3235 4378 post
3274 4308 3421 4363 enim
3450 4322 3614 4376 quam

2038 4409 2146 4462 lota
2178 4414 2284 4472 est,
2318 4407 2419 4458 hoc
2441 4404 2489 4459 ei
2521 4402 2830 4473 contigerat
2860 4402 2990 4457 dum
3019 4402 3300 4472 egreditur
3319 4401 3384 4456 de
3416 4401 3618 4454 calori-

2037 4497 2140 4552 bus
2189 4496 2256 4550 ad
2289 4510 2556 4562 aquarum
2593 4492 2798 4548 ﬂuenta
2830 4500 2886 4547 et
2918 4493 3151 4563 frigidos
3179 4508 3355 4554 acres,
3392 4491 3612 4562 quando

2039 4598 2092 4644 et
2138 4590 2433 4642 lavantium
2476 4601 2711 4654 corpora
2747 4585 2929 4639 mollia
2975 4595 3103 4639 sunt
3150 4595 3203 4637 et
3256 4583 3471 4651 fragilia
3520 4598 3614 4652 per

2042 4681 2387 4734 dimisionem
2426 4678 2709 4746 sanguinis
2736 4677 2919 4729 calore
2950 4677 3193 4729 relaxato
3222 4686 3384 4744 atque
3405 4675 3615 4741 disper-

2044 4785 2125 4823 so.
2158 4766 2286 4819 Nam
2321 4767 2563 4836 quandin
2591 4765 2789 4833 frigido
2808 4770 2998 4817 sumus
3020 4764 3071 4817 in
3096 4779 3219 4817 aere
3239 4763 3303 4815 ad
3339 4762 3503 4815 corda
3526 4763 3613 4815 in-

2042 4862 2240 4912 teriora
2266 4857 2531 4926 rcfugitin
2562 4854 2818 4919 conditis,
2857 4854 3055 4923 frigido
3089 4854 3285 4922 quippe
3307 4861 3450 4907 tactu
3475 4868 3613 4907 con-

2042 4953 2277 5005 trahitur
2321 4964 2520 5017 corpus
2580 4966 2592 5000 :
2631 4948 2760 4999 dum
2818 4961 2947 4997 vero
2985 4947 3094 4998 aeri
3146 4943 3611 5014 pl’Opillqttth'l‘il,

2040 5044 2311 5098 exteriore
2358 5042 2559 5111 frigore
2592 5041 2899 5101 recedente,
2938 5038 3002 5089 ad
3043 5036 3387 5106 superficiem
3425 5038 3607 5091 statim

2037 5133 2185 5185 calor
2214 5131 2507 5199 egreditur,
2560 5129 2705 5182 illico
2735 5127 2879 5195 quod
2929 5137 3239 5196 exemptum
3264 5136 3313 5180 et
3358 5142 3386 5178 a
3426 5127 3610 5195 probi-

2039 5224 2198 5277 bente
2231 5237 2290 5276 se
2334 5228 2387 5274 et
2432 5219 2793 5273 contraltente
2848 5218 3046 5287 frigore
3100 5219 3264 5271 fuerit
3300 5218 3616 5287 liberatum,

2037 5315 2378 5368 extrinsecus
2414 5311 2572 5381 positi
2610 5310 2809 5364 caloris
2849 5310 3225 5377 cognationem
3251 5311 3515 5363 sentiens.

2115 5406 2396 5458 ’l'beodora
2444 5404 2624 5471 itaque
2660 5401 2712 5454 in
2762 5401 3074 5469 teqnalitate
3118 5402 3366 5468 corporis
3406 5401 3613 5454 consti-

2045 5503 2181 5554 tuta,
2234 5493 2430 5547 cecidit
2480 5494 2696 5561 quidem
2753 5499 2875 5559 post
2920 5498 3129 5560 tergum
3179 5493 3525 5562 etjugnlum,
3560 5506 3622 5550 ct

2046 5588 2099 5640 in
2126 5585 2394 5655 profundo
2420 5585 2583 5638 cubiti
2618 5583 2898 5636 vulnerata
2935 5594 3056 5647 est;
3095 5599 3343 5651 magnum
3378 5599 3613 5652 namque

2046 5677 2244 5732 ibidem
2301 5692 2365 5730 ex
2423 5675 2514 5727 tali
2575 5674 2856 5727 tollisione
2900 5685 3195 5727 reseratum
3250 5684 3335 5727 est
3393 5676 3612 5735 vulnus.

2046 5769 2358 5837 multusque
2415 5767 2636 5835 sanguis
2705 5764 2930 5818 cllluxit.
2998 5765 3100 5818 Sed
3160 5773 3364 5818 tantam
3406 5768 3611 5836 plagam

2047 5860 2258 5929 plenam
2314 5858 2551 5926 periculo
2600 5866 2652 5921 et
2704 5857 2901 5911 vuinns
2959 5857 3257 5912 insanabile
3321 5858 3612 5915 confestim
