4294 6442
335 456 474 522 3453
1401 467 1504 526 SS.
1549 466 1721 525 CYRI
1751 466 1846 524 ET
1883 465 2031 525 ΙΟΛῖ

1907 465 2206 524 ὈΛΝΧΙΞ
2238 467 2654 528 MIRACULA.
3463 470 3603 534 345:3

402 571 478 623 (ιὺ
513 571 768 642 περιττὺν
795 570 850 623 δὲ
890 569 1065 640 οἶμαι,
1121 570 1215 623 καὶ
1265 571 1293 624 δ
1324 589 1372 622 τι
1411 573 1530 623 κατ’
1573 572 1788 640 ἐκείνην
1823 572 1914 639 τὴν
1949 584 1987 633 Α
2089 571 2098 624 l

1908 587 1914 612 ν
1949 584 1987 633 Α
2089 571 2440 641 Nequaquam
2473 581 2654 626 autem
2697 573 3167 642 supertluumesse
3198 576 3448 630 arbitror
3474 579 3604 647 quid

334 666 505 718 νύκτα
550 664 680 733 περὶ
731 663 923 714 τούτου
961 661 1238 714 καθεύδων
1288 663 1564 724 τεθέαται,
1601 662 1917 731 προσθεῖναι
2019 680 2030 717 t

1912 681 1917 713 ι
2019 664 2206 718 eadem
2249 672 2408 716 nocte
2465 663 2876 731 quiescentibus
2935 683 3098 737 super
3150 668 3251 720 hoc
3295 671 3608 735 apparuerit

336 760 414 825 τῲ
443 758 769 824 διηγήματι.
820 755 1074 822 Ἰωάννης
1107 749 1260 816 οὗτος
1292 756 1440 806 ἐστιν
1470 753 1498 805 ὁ
1528 754 1794 815 διάκονος,
1822 755 1919 822 ούχ
2021 770 2032 807 :

1907 772 1919 822 ε
2021 755 2085 808 ad
2109 755 2475 808 narrationem
2512 755 2768 824 adjicere.
2819 754 3056 812 Joannes
3089 758 3174 811 hic
3225 767 3307 812 est
3337 759 3603 813 diaconus

337 852 365 902 ὁ
395 848 484 900 τοῦ
518 847 733 900 παιδίου
761 845 965 915 πατὴρ,
997 846 1112 898 ἀλλ’
1151 847 1179 898 ὁ
1210 847 1273 896 ἐκ
1301 844 1594 908 Βυζαντίου
1621 845 1709 896 διά
1748 844 1920 906 πάθος
2023 862 2033 898 l

1911 861 1920 906 ;
2023 861 2129 898 non
2198 847 2346 898 illitis
2390 847 2624 914 parvula:
2659 845 2892 912 genitor.
2939 847 3032 900 sed
3075 849 3169 916 qtti
3229 848 3296 902 de
3347 848 3607 920 Byzantio

339 942 516 995 ποδῶν
554 941 941 1012 προσπελάσας
991 941 1294 1013 μάρτυσινυ
1325 939 1487 1010 ψύξις
1528 940 1584 992 δὲ
1617 941 1726 992 τῶν
1754 940 1919 1009 γονά-
2024 956 2035 1009 ι

1907 969 1919 979 -
2024 949 2246 1009 propter
2277 938 2652 1006 aegritudinem
2679 937 2876 1006 pedum
2915 939 2980 990 ad
3027 948 3294 1008 martyres
3325 949 3551 993 venerat
3587 957 3603 1006 ;

337 1054 445 1087 τιον
483 1033 544 1086 τὸ
578 1033 748 1095 πάθος
787 1033 1022 1101 ἐλέγετο,
1073 1035 1210 1103 ὅπερ
1241 1034 1359 1086 οὐδὲ
1406 1032 1675 1103 βασιλέως
1715 1031 1920 1100 ἰατρὸς,
2024 1051 2033 1085 ι

1909 1072 1920 1095 ,
2024 1042 2079 1085 et
2125 1030 2305 1098 passio
2356 1029 2474 1098 ejus
2509 1027 2685 1080 fuerat
2732 1028 2960 1082 ariditas
3013 1045 3272 1098 genuum,
3317 1045 3605 1099 quamncc

337 1129 463 1180 οὗτε
501 1127 610 1196 γάρ
649 1126 758 1178 τῶν
784 1126 958 1178 ἄλλων
982 1128 1094 1179 ὅσοι
1127 1127 1438 1197 βουλόμενοι
1466 1125 1806 1194 θεραπεύσαι
1837 1124 1923 1175 δε·
2027 1123 2033 1176 i

1911 1153 1923 1163 -
2027 1122 2128 1192 ipsi
2168 1122 2474 1190 imperiales
2504 1121 2834 1190 medici,qui
2877 1136 2987 1188 prae
3013 1123 3237 1176 ca‘tet'is
3264 1131 3390 1176 sunt
3428 1124 3607 1176 nemi-

340 1220 618 1289 δύ-έηνται.
681 1219 788 1271 Καὶ
838 1219 1007 1281 ἰαθεὶς
1047 1221 1140 1271 καὶ
1182 1220 1398 1290 ῥυσθεὶς
1453 1217 1544 1270 τοῦ
1594 1219 1922 1286 νοσήματος,
2028 1232 2036 1268 l

1913 1258 1922 1280 ,
2028 1214 2260 1278 naltiles,
2315 1228 2508 1266 curare
2561 1213 2861 1267 valuerunt.
2911 1213 3147 1268 Sanatus
3204 1222 3385 1266 autem
3437 1222 3488 1268 ct
3544 1215 3609 1269 de

343 1317 567 1382 χάριτος
622 1313 785 1365 ἕνεκα
825 1311 914 1363 διὰ
949 1311 1065 1380 βίου
1123 1310 1394 1362 δουλεύειν
1441 1313 1552 1372 τοῖς
1603 1310 1776 1376 ἁγίοις
1821 1309 1925 1359 ὑπ-
2028 1324 2039 1360 ε

1908 1337 1925 1346 -
2028 1306 2350 1374 ἑῐὲξςνίιιιιίίιιε
2381 1306 2662 1367 liberatus,
2696 1307 2764 1357 oh
2800 1305 3027 1373 gratiam
3057 1314 3170 1358 toto
3201 1307 3323 1358 vitae
3361 1316 3604 1372 tempore

344 1405 555 1472 ἔσχετο.
585 1403 644 1456 '0
673 1403 975 1470 κληρωθεὶς
1003 1401 1138 1470 μετὰ
1169 1401 1339 1453 ταῦτα
1363 1401 1632 1463 διάκονος,
1653 1402 1716 1450 ἐκ
1739 1397 1926 1450 λαῖκοῦ
2031 1415 2040 1450 t

1909 1397 1926 1450 3
2031 1398 2361 1468 martyribus
2409 1398 2616 1452 servire
2673 1399 2984 1452 devoverat.
3031 1397 3134 1462 Qui
3194 1407 3315 1467 post
3370 1414 3433 1452 ex
3483 1398 3605 1451 laici

349 1494 450 1563 μὲν
484 1495 931 1562 καταστήματος,
964 1492 1256 1544 σπουδαίου
1282 1493 1338 1544 δὲ
1379 1493 1472 1544 καὶ
1509 1489 1801 1560 μοναδικού
1835 1505 1930 1540 πο·
2033 1491 2045 1542 Ι

1915 1517 1930 1528 -
2033 1490 2239 1550 ltahittt,
2285 1489 2536 1556 religiose
2571 1503 2703 1541 vero
2741 1498 2794 1540 ct
2830 1487 3161 1545 monachice
3206 1491 3611 1563 conversantis,

343 1584 696 1653 λιτεύματος,
733 1582 1062 1653 μαρτυρικῷ
1104 1583 1416 1651 ψηφίσματι
1449 1585 1542 1635 καὶ
1573 1579 1926 1648 κελεύσματι,
2033 1599 2039 1634 ι

1919 1619 1926 1641 ,
2033 1590 2330 1651 martyrum
2393 1579 2546 1646 jussu
2607 1586 2772 1647 atque
2822 1579 3120 1642 sententia,
3165 1558 3327 1631 manu
3387 1575 3615 1632 Joannis

344 1677 657 1746 χειροθεσία
705 1676 761 1728 δὲ
815 1679 1188 1747 πατριαρχικῇ
1246 1676 1493 1728 Ἰωάννου
1539 1673 1634 1726 τοῦ
1688 1673 1783 1724 νῦν
1832 1670 1931 1738 τὴν
2033 1686 2040 1740 1

1917 1686 1931 1720 θ
2033 1671 2377 1740 patriarclttc,
2416 1671 2508 1740 qtti
2542 1684 2686 1722 uuae
2720 1667 3069 1721 Alexandria'
3109 1670 3245 1737 regit
3290 1668 3613 1729 Ecclesiam,

359 1768 760 1839 ’Λὶ-ῖξακδρέων
785 1769 1118 1838 Ἐκκλησίαν
1153 1768 1563 1836 ποιμαίνοντος’
1603 1767 1773 1826 οὓτως
1827 1764 1930 1834 ἔφη
2034 1763 2055 1811 t‘

1920 1785 1930 1834 ι
2034 1759 2380 1812 diaconatum
2430 1757 2660 1811 sortitus
2693 1765 2794 1808 est.
2831 1754 2950 1815 llic.
2987 1765 3045 1807 ut
3073 1753 3273 1809 elTatus
3304 1770 3448 1816 sum,
3484 1757 3616 1806 tunc

346 1849 464 1909 sit:
503 1857 868 1928 κοιμώμενος,
901 1860 989 1911 ὅτε
1029 1861 1093 1927 τῇ
1125 1857 1316 1927 αὔριον
1342 1857 1404 1908 τὸ
1437 1856 1619 1925 θαῦμα
1649 1857 1707 1907 τὸ
1740 1855 1928 1924 λεχθὲν
2033 1871 2042 1904 ι

1922 1875 1928 1899 ι
2033 1851 2333 1914 dormiens,
2369 1848 2496 1902 dum
2532 1848 2582 1900 in
2607 1847 2908 1899 crastinum
2938 1845 3178 1898 futurum
3213 1855 3382 1909 esset,
3427 1853 3485 1898 ιιι
3525 1845 3618 1900 lit-‘s

346 1949 539 2018 ἔμῖλλε
588 1949 856 2016 γίνεσθαι,
907 1949 1091 2019 Κῦρον
1151 1950 1284 2019 ὸρᾷν
1338 1949 1432 2000 καὶ
1491 1949 1744 2016 Ἰωάννην
1803 1948 1927 2010 τοὺς
1968 1925 2042 1998 nt

1925 1967 1927 1973 ·
1968 1925 2008 1977 Β
2039 1953 2118 1998 ret
2159 1942 2302 2006 quod
2340 1942 2448 1994 dixi
2497 1940 2842 2004 miracalttm,
2873 1938 3075 2008 Cyrum
3102 1947 3152 1991 et
3176 1936 3444 1991 Joannem
3477 1951 3621 1990 tuar-

351 2045 658 2112 μάρτυρας,
717 2044 806 2096 καί
845 2044 942 2094 σὺν
990 2042 1175 2104 αὐτοῖς
1224 2040 1424 2110 πολλὴν
1471 2039 1928 2108 λευχειμονοῦσαν
2037 2047 2047 2090 l

1921 2055 1928 2084 ν
2037 2047 2183 2108 tyres
2215 2034 2509 2104 conspicit,
2559 2048 2794 2100 rumque
2824 2032 2902 2084 eis
2946 2031 3245 2084 mttltormn
3271 2031 3440 2084 stolas
3465 2029 3617 2083 albas

345 2136 519 2202 ἁγίων
553 2135 844 2202 ὁμήγυριν.
883 2133 929 2184 οἳ
977 2133 1147 2184 ταῦτα
1200 2133 1336 2202 πρ“ς
1385 2132 1478 2184 τὸν
1512 2131 1782 2199 θεώμενον
1814 2130 1930 2181 ἕλε-ι
2038 2147 2041 2156 π

1922 2159 1930 2170 -
2038 2127 2384 2183 vcsticntiutu
2425 2133 2650 2178 emtum.
2691 2122 2862 2192 Iliqttc
2912 2121 2977 2176 ad
3029 2123 3458 2190 conSpicicntem
3507 2123 3618 2174 aie-

344 2243 442 2291 γον
465 2243 476 2254 ·
513 2226 668 2278 Ἐλθὲ
710 2227 807 2277 σὺν
842 2227 994 2293 ἡμῖν,
1031 2226 1124 2275 καὶ
1145 2224 1244 2293 τῆς
1272 2225 1541 2293 ἐσομένης
1586 2220 1929 2291 εὐφροσύνης
2036 2224 2040 2277 1

1924 2238 1929 2278 .’
2036 2223 2161 2277 haut
2207 2242 2219 2273 :
2250 2218 2384 2273 Veni
2421 2218 2731 2280 nohis<~nm,
2771 2225 2824 2270 ct
2862 2224 2981 2269 esto
3006 2216 3201 2268 l'utttra-
3235 2213 3620 2269 exsitltationis

345 2318 682 2370 ἀπέλαυσεν.
748 2317 1001 2386 Ἰωάννης
1054 2314 1112 2366 δὲ
1155 2315 1258 2368 ποῦ
1292 2314 1623 2384 πορεύεσθαι
1666 2316 1760 2365 καὶ
1795 2313 1930 2381 πρὸς
2037 2335 2041 2388 γ

1925 2331 1930 2370 :
2037 2320 2332 2394 particeps.
2381 2313 2620 2368 Joannes
2650 2320 2830 2366 autem
2863 2327 2974 2379 quo
3005 2325 3064 2364 se
3098 2316 3152 2362 et
3189 2307 3254 2362 ad
3293 2322 3454 2376 qttam
3483 2306 3621 2358 Ιςυιί-

345 2410 507 2462 ποίαν
538 2409 772 2478 εὐωχίαν
820 2410 945 2471 τοὺς
977 2409 1164 2476 ἁγίους
1197 2407 1499 2477 ἠρώτησεν.
1535 2409 1597 2458 Οἱ
1625 2407 1701 2469 δὲ,
1745 2408 1928 2459 Ἰωάν-
2038 2425 2041 2462 t

1923 2437 1928 2448 -
2038 2414 2165 2465 tiam
2199 2417 2514 2464 sanctorum
2547 2406 2858 2475 inquirebat
2885 2403 3088 2458 hortari
3121 2402 3144 2455 ?
3178 2400 3255 2454 Illi
3289 2396 3619 2462 vero,Joan-

346 2519 467 2569 νης,
503 2501 690 2568 φασὶν,
736 2503 764 2552 ὁ
797 2501 1044 2564 διάκονος
1087 2504 1165 2562 είς
1209 2501 1424 2554 δεῖπνον
1473 2501 1620 2570 ἡμᾶς
1669 2501 1930 2553 ἐκάλεσεν
2039 2520 2042 2555 l

1923 2518 1930 2546 ι
2039 2518 2156 2564 nes,
2223 2502 2517 2569 inquiunt,
2575 2498 2842 2552 diaconus
2903 2494 2971 2548 ad
3019 2509 3233 2548 comam
3297 2506 3398 2545 nos
3458 2489 3619 2543 hodie

350 2594 609 2660 σήμερον,
644 2589 739 2640 καὶ
777 2591 905 2659 παρ’
936 2590 1086 2659 αύτῴ
1134 2590 1333 2652 πάντες
1383 2591 1541 2659 ἡμεῖς
1575 2590 1888 2658 ἑστιώμεθα
1914 2607 1928 2622 ο
2038 2615 2046 2646 ε

1924 2608 1928 2620 ’
2038 2595 2382 2655 Convocavit,
2435 2599 2488 2645 e'.
2547 2588 2687 2659 apud
2722 2604 2846 2642 eum
2900 2601 3094 2641 omnes
3119 2583 3514 2652 epttlabintur;
3566 2588 3620 2634 et

351 2683 444 2731 καὶ
479 2681 651 2734 ταῦτα
683 2682 978 2749 ιξήσαντος,
1009 2681 1104 2734 τοῦ
1143 2682 1399 2752 λαμπροῦ
1426 2682 1534 2734 τῶν
1561 2681 1734 2748 ἁγίων
1764 2682 1932 2751 ἤγουν
2041 2690 2047 2740 |

1923 2699 1932 2728 ν
2041 2690 2152 2740 Ιι;ι·ε
2200 2686 2510 2754 inquientes
2545 2682 2831 2734 candidam
2872 2679 3019 2732 illam
3059 2687 3376 2732 sanctorum
3436 2681 3619 2728 cater-

351 2773 446 2824 τού
498 2772 874 2839 συντάγματος
910 2773 1137 2826 ἕπεσθαι
1187 2775 1281 2827 καὶ
1324 2774 1486 2826 αὑτὸν
1540 2775 1676 2841 μετά
1710 2773 1931 2837 τούτους
2041 2800 2047 2817 ε

1920 2790 1931 2837 ῖ
2041 2797 2159 2834 vam
2206 2779 2491 2848 przeihant,
2545 2783 2596 2830 ct
2637 2772 2788 2844 sequi
2837 2786 3022 2826 secum
3075 2770 3155 2822 eis
3202 2765 3616 2835 przccipiehant.

353 2864 735 2926 κελεύσαντος.
786 2864 874 2926 Ὠς
920 2865 974 2918 δὲ
1009 2866 1230 2930 πάντες,
1257 2865 1445 2934 φησιν,
1491 2866 1569 2927 είς
1601 2865 1696 2935 τὴν
1748 2867 1933 2919 ἑστίαν
2043 2875 2049 2928 1

1921 2885 1933 2917 θ
2043 2875 2339 2941 Postquam
2399 2879 2578 2924 autem
2635 2882 2848 2928 omnes,
2906 2864 3104 2933 inquit,
3163 2860 3341 2916 sancti
3395 2858 3617 2911 domum

353 2954 600 3024 ἀπῆλθον
644 2956 693 3006 οἱ
738 2955 906 3023 ἆγιοι,
951 2956 1184 3025 ἀνῆλθον
1225 2955 1381 3024 κάγὼ
1411 2957 1518 3010 τῶν
1564 2958 1934 3010 κελευσάντων
2045 2967 2049 3018 i

1925 2975 1934 3006 ν
2045 2963 2274 3036 ingressi
2316 2970 2466 3023 sunt,
2513 2959 2731 3013 asecndi
2768 2958 2931 3011 etiam
2984 2970 3084 3025 ego
3119 2953 3433 3006 mandatum
3467 2963 3621 3002 com-

354 3053 584 3122 πληρῶν
608 3053 668 3104 τὸ
697 3053 976 3120 ἐπίταγμα
997 3067 1011 3080 °
1050 3052 1143 3103 καὶ
1174 3051 1571 3122 συνδειπνὴσας
1595 3055 1800 3116 αὐτοῖς,
1826 3052 1934 3104 πά-
2043 3073 2050 3128 ι

1925 3081 1934 3094 ·
2043 3059 2197 3128 plens
2249 3053 2579 3122 jubentium,
2631 3051 3064 3116 convivatusque
3125 3060 3250 3099 cum
3317 3043 3397 3096 eis
3459 3039 3621 3095 simul

351 3145 439 3196 λιν
470 3146 589 3213 μετ’
618 3143 799 3195 αὐτῶν
827 3144 1157 3213 ἀνεχώρησα
1189 3145 1325 3214 πρὶς
1356 3147 1420 3196 τά
1455 3145 1565 3195 τῶν
1593 3143 1935 3211 δαιτυμόνων
2042 3174 2047 3198 t

1927 3159 1935 3190 ν
2042 3163 2297 3218 egressus
2328 3159 2447 3199 sum
2474 3161 2489 3210 ;
2520 3141 2874 3196 convivarum
2908 3138 3246 3207 stupefactus
3273 3132 3536 3200 dignitate
3569 3138 3623 3183 et

356 3235 613 3306 τεθηπὼς
643 3235 929 3304 ἀξιώματα
965 3237 1061 3289 καὶ
1099 3236 1466 3305 στολίσματα·
1508 3235 1604 3287 καὶ
1650 3235 1934 3305 θαυμάσας
1962 3276 2004 3332 c
2045 3239 2052 3291 Ι

1928 3253 1934 3296 .'
1962 3276 2004 3332 ε
2045 3239 2255 3300 habitu,
2279 3236 2444 3290 etiam
2487 3234 2716 3286 miratus
2747 3228 3056 3299 hujnsmodi
3096 3225 3423 3281 venerabilis
3452 3235 3624 3276 creua:

355 3329 451 3380 τού
485 3329 706 3381 δείπνου
734 3327 830 3398 την
861 3329 1066 3398 σεμνὴν
1094 3328 1465 3392 πολυτέλειαν,
1492 3327 1704 3380 καὶτοῦ
1736 3327 1932 3396 φανέν·
1963 3313 2004 3332 υ
2042 3350 2051 3382 ι

1927 3359 1932 3368 -
1963 3313 2004 3332 υ
2042 3329 2262 3384 divitias
2289 3344 2300 3380 :
2341 3327 2564 3394 haecque
2589 3322 2794 3384 omnia,
2825 3321 2952 3374 dum
2987 3317 3294 3377 solveretur
3322 3313 3466 3383 quod
3491 3322 3623 3364 tunc

356 3438 448 3482 τος
481 3421 600 3472 τότε
625 3419 876 3483 λυθέντος
903 3421 1200 3491 ὁράματος,
1244 3419 1466 3489 Ἰωάννῃ
1512 3420 1688 3472 πάντα
1721 3419 1798 3489 τῷ
1819 3421 1936 3472 δια·
2042 3439 2052 3462 t

1930 3450 1936 3460 -
2042 3423 2217 3474 visum
2243 3427 2324 3473 est
2359 3416 2654 3478 somnium,
2685 3412 2924 3467 Joannes
2956 3411 3186 3463 diacono
3217 3407 3402 3461 retulit
3434 3422 3447 3457 :
3474 3405 3626 3474 igno-

359 3509 509 3576 κὸνῳ
556 3507 896 3576 διήγγειλεν,
955 3507 1166 3575 ἀγνοῶν
1213 3508 1311 3576 μὲν
1366 3507 1550 3560 τὸτοῦ
1603 3508 1938 3576 διηγήματος
2041 3531 2055 3568 ι

1925 3527 1938 3570 ς
2041 3528 2170 3568 rans
2223 3511 2441 3580 quidem
2485 3507 2614 3576 quid
2677 3503 3016 3574 signiﬁcaret
3069 3499 3348 3563 narratio,
3411 3495 3621 3551 felicem

358 3597 631 3664 σύμϐολον
656 3613 668 3626 ’
697 3597 989 3666 εὐδαίμονα
1012 3599 1070 3651 δὲ
1096 3597 1286 3650 τοῦτον
1317 3599 1498 3650 καλῶν
1522 3601 1615 3651 καὶ
1645 3599 1938 3669 μακάριον,
2043 3624 2054 3650 ι

1929 3639 1938 3662 ι
2043 3623 2172 3660 vero
2207 3601 2569 3674 pronuntians
2599 3606 2652 3653 et
2687 3599 2903 3651 beatum
2936 3595 3029 3665 qui
3079 3593 3145 3646 ad
3193 3600 3402 3645 tantam
3453 3587 3625 3656 digni-

358 3693 404 3740 εἰ
429 3689 564 3759 πρὶς
584 3687 843 3757 τοιαύτην
873 3687 1032 3752 ἀξίαν
1063 3691 1334 3758 ἀφίκοιτο,
1354 3690 1429 3750 ὡς
1452 3690 1730 3752 τοιούτους
1756 3691 1942 3757 ἁγίους
2046 3707 2054 3749 |

1931 3707 1942 3752 ς
2046 3706 2208 3749 tatem
2266 3699 2598 3755 accesserat,
2646 3697 2705 3742 ιιι
2766 3689 2900 3742 tales
2963 3693 3183 3740 sanctos
3237 3698 3300 3737 ac
3332 3689 3514 3734 tantos
3569 3680 3627 3731 in

360 3777 457 3830 καὶ
486 3776 776 3838 τοσούτους
802 3778 990 3848 ὲστιᾷν
1019 3795 1077 3830 τε
1111 3780 1204 3831 καὶ
1237 3778 1355 3832 κατ’
1391 3775 1538 3832 οἷκον
1580 3779 1939 3849 εἰσδέχεσθαι.
2043 3805 2056 3842 ι

1928 3820 1939 3832 -
2043 3787 2355 3843 convivium
2410 3794 2573 3851 atque
2638 3781 2936 3850 hospitium
2987 3778 3346 3846 suscepisset.
3397 3773 3466 3827 Et
3519 3771 3624 3826 hoc

357 3871 471 3924 κει
501 3869 660 3923 τοῦτο
692 3871 792 3938 μὲν
837 3870 1114 3939 ἄγνωστον
1152 3867 1220 3941 ἦν
1270 3871 1547 3934 παντελῶς
1581 3872 1641 3924 τὸ
1670 3872 1938 3937 ἐνύπνιον,
2045 3900 2053 3933 ι

1929 3914 1938 3937 ι
2045 3879 2264 3950 quidem
2311 3874 2454 3944 quod
2514 3890 2608 3945 per
2661 3873 2933 3927 somnium
2979 3870 3187 3924 viderat
3240 3867 3456 3937 penitus
3507 3870 3625 3918 erat

357 3965 465 4025 ’ἕως
500 3965 558 4015 το
583 3961 767 4033 θαῦμα
791 3961 1034 4032 πραχθὲν
1065 3963 1453 4033 διηρμήνευσε.
2048 3970 2053 4023 i

2048 3967 2405 4037 incognitum,
2434 3965 2604 4018 donec
2630 3961 2695 4015 de
2729 3961 2935 4030 peracti
2966 3957 3214 4012 miraculi
3236 3955 3627 4026 explanaretur

2046 4061 2264 4117 cﬂecut.

444 4223 589 4292 Ἐγὼ
619 4223 676 4276 δὲ
703 4222 810 4275 τῶν
839 4221 1010 4288 ἁγίων
1039 4220 1180 4290 μετὰ
1207 4221 1423 4273 πάντων
1451 4219 1544 4274 καὶ
1569 4219 1727 4274 τοῦτο
1753 4220 1918 4274 τεθαύ
1936 4253 1948 4262 -
2117 4237 2140 4290 ι

1936 4253 1948 4262 ·
2117 4237 2229 4303 Ego
2255 4242 2434 4287 autem
2472 4237 2787 4284 sanctorum
2814 4225 2974 4280 laudo
3002 4239 3126 4280 cum
3160 4223 3415 4277 omnibus
3438 4230 3492 4276 ct
3523 4221 3625 4276 hoc

363 4334 537 4388 μακα,
570 4316 768 4386 ὅτιπερ
816 4313 998 4376 καλῶς
1035 4315 1093 4364 ὲν
1120 4305 1164 4380 ᾧ
1195 4314 1330 4365 πάσι
1366 4312 1588 4384 Χριστῷ
1639 4313 1946 4382 διδασκάλῳ
2049 4341 2059 4378 ι

1927 4334 1946 4381 LJ
2049 4326 2396 4384 miraculum,
2439 4334 2494 4375 et
2540 4320 2685 4389 quod
2742 4319 2878 4372 bene
2946 4318 2999 4370 itt
3043 4316 3300 4370 omnilms
3341 4314 3623 4371 Christum

359 4411 458 4463 καὶ
505 4407 628 4477 Θεῷ
675 4408 783 4460 τῶν
827 4405 965 4458 ὅλων
1012 4405 1273 4474 ἑπόμενοι
1324 4405 1527 4472 δείπνῳ
1572 4401 1853 4456 κάνταῦθα
1886 4403 1948 4456 τὸ
2048 4437 2055 4468 ε

1931 4406 1948 4456 5
2048 4417 2326 4470 doctorem
2351 4421 2404 4468 et
2429 4411 2595 4465 Deum
2627 4411 2870 4464 omnium
2899 4416 3281 4477 assequentes,
3311 4422 3412 4462 nec
3447 4409 3627 4476 ipsum

359 4500 547 4568 θαῦμα
574 4499 952 4567 παρείκασανο
975 4494 1162 4566 ὥσπερ
1182 4497 1289 4566 γάρ
1312 4499 1340 4548 ὁ
1361 4495 1550 4566 Σωτὴρ
1572 4496 1665 4548 ἐπὶ
1695 4497 1761 4565 τῇ
1794 4499 1944 4565 πηγῇ
2052 4525 2055 4560 ι

1929 4499 1944 4565 l
2052 4507 2381 4561 miraculum
2423 4503 2826 4558 simulavcrint.
2871 4499 3007 4553 Dum
3049 4515 3077 4553 a
3114 4498 3403 4568 discipulis
3434 4507 3492 4551 ttt
3529 4513 3625 4551 co-

357 4593 457 4660 τῆς
488 4588 806 4658 Σαμαρείας
843 4585 1172 4655 καθήμενος,
1214 4587 1308 4638 καὶ
1339 4586 1474 4656 πρὸς
1503 4586 1611 4640 τῶν
1678 4586 1940 4655 μαθητῶν
1978 4606 2018 4658 ο
2046 4618 2053 4652 ι

1914 4603 1940 4637 ν
1978 4606 2018 4658 D
2046 4599 2282 4652 mederet
2329 4596 2658 4654 hortaretur,
2684 4592 2748 4644 ad
2793 4607 2888 4646 eos
2913 4591 3226 4660 respondit:
3277 4590 3390 4659 Ego
3425 4590 3610 4644 cibum

363 4685 565 4749 φαγεῖν
584 4679 1048 4750 προτρεπόμενος,
1064 4678 1203 4729 οὕτω
1227 4678 1358 4747 πρὸς
1378 4679 1575 4740 αὐτοὺς
1591 4677 1944 4747 ἁπεκρίνατο·
2053 4689 2059 4742 ι

1932 4694 1944 4706 '
2053 4689 2226 4742 habeo
2255 4686 2558 4747 comedere,
2595 4699 2754 4753 quem
2783 4698 2877 4736 vos
2911 4683 3169 4746 nescitis;
3206 4681 3386 4735 cibum
3431 4681 3625 4753 dicens

370 4767 515 4835 Ἐγὼ
541 4766 743 4836 βρῶσιν
771 4766 880 4836 ἔχω
912 4768 1105 4833 φαγεῖν
1123 4765 1188 4836 ἦν
1218 4767 1374 4835 ὑμεῖς
1402 4767 1718 4820 οὐκοῖδατε·
1746 4766 1948 4836 βρῶσιν
2054 4781 2065 4834 ί

1926 4786 1948 4819 ν
2054 4781 2106 4834 in
2136 4796 2195 4834 se
2227 4777 2571 4833 credentium
2612 4777 2872 4838 salutem,
2907 4785 2960 4829 et
3000 4774 3430 4843 redemptionem
3462 4780 3622 4840 Opta-

359 4859 531 4913 είπὼν
560 4859 660 4930 τὴν
685 4859 794 4911 τῶν
824 4861 905 4920 εἰς
938 4858 1099 4910 αὐτὸν
1131 4859 1495 4912 πιστευόντων
1540 4860 1817 4929 σωτηρίαν
1854 4860 1949 4912 καὶ
2051 4883 2055 4922 ι

1929 4860 1949 4911 l-
2051 4881 2194 4935 tam;
2232 4885 2385 4923 meus
2417 4867 2561 4922 enim
2595 4867 2777 4930 cibus,
2807 4867 3008 4933 inquit,
3047 4874 3152 4928 est,
3193 4874 3251 4919 ιιι
3286 4864 3486 4919 faciam
3527 4880 3625 4918 vo-

359 4973 413 5005 τε
427 4955 601 5023 ρπνὴν
623 4950 1022 5022 ἀπολύτρωσιν.
1038 4952 1204 5020 Ἐμὸν
1222 4952 1327 5022 γάρ
1346 4951 1561 5022 βρῶμα,
1580 4955 1766 5020 φησὶν,
1800 4953 1949 5007 ἐστὶν
2051 4965 2055 5016 J

1929 4970 1949 5004 ν
2051 4964 2311 5016 lnntatem
2343 4959 2463 5027 ejus
2493 4957 2586 5027 qui
2621 4973 2706 5010 nte
2749 4958 2897 5010 misit
2957 4954 3158 5018 Patris,
3217 4965 3272 5010 et
3322 4971 3460 5024 opus
3505 4955 3625 5025 ejus

362 5044 450 5095 Eua
483 5042 621 5094 ποιῶ
663 5040 757 5093 τοῦ
788 5039 1108 5110 πέμψαντός
1144 5057 1209 5108 με
1225 5043 1434 5108 [ἰατρὸς
1462 5037 1547 5111 [τι
1583 5039 1820 5111 θέλημα]
1855 5041 1950 5093 καὶ
2053 5069 2058 5122 ι

1930 5041 1950 5093 ὶ
2053 5049 2351 5122 perﬁciant.
2375 5046 2527 5116 Opus
2557 5054 2736 5099 autem
2773 5056 2828 5100 et
2857 5047 3110 5099 voluntas
3143 5045 3318 5100 I’atris
3374 5045 3505 5098 nihil
3540 5054 3626 5098 est

359 5135 640 5185 τελειώσω
680 5132 848 5184 αὐτοῦ
875 5131 937 5183 τὸ
970 5131 1152 5200 ἔργον.
1174 5131 1376 5201 Ἔργον
1404 5131 1459 5183 δὲ
1490 5131 1584 5184 καὶ
1615 5131 1826 5201 θέλημα
1852 5130 1948 5184 τοῦ
2053 5162 2055 5189 ;

1925 5130 1948 5184 ὖ
2053 5139 2198 5192 aliud
2233 5151 2394 5207 quam
2420 5136 2571 5188 salus
2599 5150 2790 5189 eorum
2841 5135 2934 5205 qui
2989 5146 3121 5190 sunt
3177 5149 3343 5204 super
3395 5144 3621 5188 terram.

364 5224 580 5292 Πατρὶς
615 5224 700 5275 Et:
714 5240 803 5294 ρον
831 5223 986 5276 ούὶὲν
1031 5223 1062 5293 ἣ
1100 5223 1304 5274 τούτων
1338 5224 1370 5293 ἡ
1403 5224 1649 5293 σωτηρία
1681 5223 1948 5294 καθέστηο
2053 5233 2060 5286 1

1925 5251 1948 5264 ο
2053 5233 2128 5286 Ita
2161 5232 2322 5283 etiant
2353 5244 2499 5282 nunc
2520 5226 2763 5283 Joannes
2817 5235 2872 5284 et
2893 5227 3077 5299 Cyrus
3127 5229 3389 5283 amabiles
3418 5228 3621 5282 Christi

359 5335 481 5371 κεν.
516 5315 678 5367 Οὕτω
701 5316 798 5368 καὶ
829 5314 924 5367 νῦν
966 5315 1220 5383 Ἰωάννης
1251 5315 1344 5366 καὶ
1378 5314 1557 5384 Κῦρος
1592 5318 1640 5367 οἱ
1677 5316 1950 5386 μάρτυρες
2052 5341 2055 5377 ]

1927 5333 1950 5378 ς
2052 5332 2318 5392 martyres
2346 5330 2649 5390 opportune
2697 5322 2878 5376 cibum
2911 5333 2959 5376 et
2994 5337 3206 5376 caenam
3257 5320 3503 5375 dicentes
3539 5336 3623 5374 sa-

361 5409 571 5480 βρῶσιν
611 5409 838 5468 εἱκύτως
872 5411 968 5459 καὶ
993 5407 1206 5458 δεῖπνον
1252 5406 1517 5458 ἐκάλεσαν
1544 5407 1643 5475 τὴν
1674 5408 1949 5477 σωτηρίαν
2052 5415 2057 5468 l

1927 5427 1949 5461 ν
2052 5415 2218 5468 lutent
2249 5415 2506 5482 parvulae,
2547 5414 2916 5482 pratdixerunt
2941 5421 2994 5465 et
3017 5408 3164 5481 quod
3200 5411 3341 5463 ultra
3385 5425 3536 5479 spem
3568 5411 3623 5464 in

359 5501 463 5567 τῆς
509 5498 723 5559 παιδὸς,
757 5498 1165 5568 προμηνύοντες
1215 5499 1309 5548 καὶ
1343 5499 1401 5549 το
1439 5499 1660 5565 γεγονὸς
1694 5500 1780 5550 ἐπ’
1810 5500 1945 5569 αὐτῇ
2050 5528 2055 5553 ι

1931 5503 1945 5569 ἱ
2050 5519 2112 5558 ea
2174 5503 2372 5556 factum
2422 5513 2507 5558 est
2540 5503 2902 5564 miraculum,
2941 5509 3127 5571 utpote
3188 5503 3434 5556 nutriens
3483 5501 3627 5555 heni-

359 5591 554 5660 θαῦμα
604 5589 932 5660 παράδοξον,
971 5589 1047 5651 ὡς
1075 5591 1274 5658 τρέφον
1302 5589 1477 5642 αὐτῶν
1509 5593 1699 5642 πεῖναν
1738 5590 1949 5660 ἀγαθὴν
2051 5616 2055 5661 ε

1929 5609 1949 5643 ν
2051 5610 2211 5664 gnam
2234 5609 2421 5647 eorum
2446 5605 2497 5647 et
2522 5595 2810 5646 humanam
2846 5592 3103 5651 esuriem.
3129 5591 3450 5645 delectabile
3487 5607 3625 5658 quo—

361 5683 458 5736 καὶ
500 5679 910 5750 φιλάνθρωπον,
945 5682 1039 5733 καὶ
1069 5682 1269 5750 τέρπον
1307 5681 1486 5756 αὐτῶν
1520 5682 1618 5749 τὴν
1655 5681 1825 5749 ἁγνὴν
1857 5684 1950 5733 καὶ
2050 5705 2057 5737 t

1930 5684 1950 5732 't
2050 5701 2154 5754 que
2182 5693 2237 5738 et
2274 5684 2587 5738 venerabile
2617 5693 2942 5752 gratumque
2977 5682 3340 5751 propositum.
3365 5681 3473 5733 Nos
3498 5696 3626 5732 veto

362 5771 663 5840 αιὶὸσοφον
719 5770 1000 5840 πρόθεσιν.
1032 5770 1225 5841 Ἡμεῖς
1272 5771 1324 5822 δὲ
1360 5771 1420 5822 τὸ
1451 5771 1580 5841 περῖ
1611 5771 1709 5839 τῆς
1759 5772 1946 5833 παιδος
2052 5794 2058 5845 ι

1930 5791 1946 5833 ;
2052 5778 2294 5846 parvula:
2330 5777 2699 5830 narrationem
2738 5775 3046 5845 explentes,
3084 5781 3138 5826 ct
3166 5773 3259 5842 qui
3294 5786 3412 5824 eam
3447 5772 3626 5824 salva-

359 5861 600 5916 ἐνταῦθα
637 5861 885 5930 διήγημα
937 5862 1480 5932 περαιώσαντες,γ.α“ι
1527 5866 1633 5926 τοῖς
1682 5865 1946 5916 σεσωκόσι
2053 5889 2055 5894 π

1931 5884 1946 5916 ι
2053 5878 2241 5926 verunt
2275 5869 2610 5932 martyribus
2645 5883 2804 5923 voces
2852 5864 3148 5920 laudil’cras
3182 5863 3512 5924 cmittentes,
3543 5863 3621 5915 al-
