4294 6442
363 458 502 522 3:157

1379 458 1479 517 SS.
1521 458 1695 518 CYRi
1724 459 1816 519 ΕΤ
1845 459 2165 521 ΙΟΑΝῘῊΞ
2197 462 2606 525 ΜῙΗᾹΩῘΊΛ.

3471 473 3531 533 34
3544 470 3613 532 58

362 563 846 636 μακρνιθυμοῦντος
894 563 980 616 ἀεὶ
1016 565 1108 616 καὶ
1153 561 1250 632 τὴν
1285 562 1441 632 ἡμῶν
1478 565 1811 634 ἐπιστροφὴν
1844 567 1939 617 καὶ
1968 574 2011 627 Α
2041 584 2058 621 ε

1916 567 1939 617 ὶ
1968 574 2011 627 Α
2041 568 2174 636 agit,
2198 579 2251 622 et
2278 574 2695 625 conversicncm
2731 574 3217 645 pmnitentiamque
3250 586 3492 631 nostrain
3515 598 3610 634 cx-

361 657 651 724 μετάνοιαν
676 656 1054 723 ἀναμένοντος.
1076 654 1338 716 Ἐλεεινδς
1364 651 1458 707 οὖν
1483 655 1721 724 ὑπῆρχεν
1749 656 1941 727 βλεπό-

362 762 550 813 μενος“
586 746 671 797 καὶ
704 743 922 811 γονεῦσι
957 746 1055 813 μὲν
1085 744 1378 813 προύκειτο
1408 747 1684 816 συμεεορὲι,
1718 749 1939 813 γυναικὶ

358 834 413 887 δὲ
442 834 541 905 νέᾳ
573 836 666 887 καὶ
697 836 845 901 γένει
875 835 1074 897 πένθος
1115 836 1236 887 ἀντὶ
1280 837 1453 904 χαρᾶς
1505 838 1935 906 ἀπροσδόκητον·

356 930 450 979 καὶ
481 929 614 978 πᾶσι
640 930 754 989 τοῖς
785 926 987 996 ὁρῶσιν
1012 928 1282 980 οἴκτιστον
1314 928 1516 997 θέαμα.
1551 928 1686 981 nos!
1713 930 1810 996 μὲν
1830 932 1939 999 γὰρ

356 1017 530 1068 ἄλλων
565 1016 829 1086 ἐφέρετο,
873 1019 967 1071 καὶ
1023 1018 1210 1088 χερσὶν
1252 1018 1454 1088 ἐτέρων
1505 1020 1793 1092 ἐκέγρητο,
1844 1025 1939 1076 καὶ

356 1109 531 1160 πάντα
560 1107 628 1160 δι’
658 1108 835 1162 ἄλλων
866 1111 1092 1179 ἐνήργει
1124 1111 1219 1163 καὶ
1245 1110 1519 1180 ἔπραττεν
1548 1113 1651 1167 ὅσα
1687 1115 1820 1177 Θεὸς
1845 1118 1940 1169 dw-

354 1198 595 1269 θρώποις
618 1201 685 1252 δι’
718 1202 930 1254 ἑαυτῶν
955 1204 1130 1255 ποιεῖν
1168 1204 1511 1276 ἐδωρήσατοο
1546 1208 1745 1277 ἰατρῶν
1772 1208 1826 1260 δέ
1848 1209 1938 1261 ού-

351 1291 463 1353 δεὶς
495 1291 589 1344 τοῦ
642 1292 849 1354 πάθους
886 1294 1051 1346 αὐτὸν
1089 1294 1322 1363 ἠδύνατο
1372 1296 1662 1368 ῥύσασθαι,
1693 1299 1755 1351 ού
1800 1300 1940 1353 διαί-

352 1399 497 1446 ταις,
529 1384 628 1435 οὐκ
661 1384 976 1449 ἁντιδότοις,
1012 1386 1112 1438 οὐκ
1135 1386 1460 1457 ἐπαλλήλοις
1493 1389 1849 1458 ἀλείμμασιν,
1873 1392 1934 1445 οὐ

352 1475 716 1538 παντοδαποῖς
767 1475 1110 1547 βοηθήμασιν
1136 1492 1150 1507 ⁸
1182 1477 1298 1532 ἀλλ’
1334 1480 1474 1532 ὅλων
1518 1481 1725 1535 τούτων
1754 1484 1937 1554 ὑπῆρ-

350 1583 445 1635 χεν
468 1567 531 1619 τὸ
574 1567 743 1629 πάθος
776 1569 1070 1638 ἀνώτερον,
1102 1568 1419 1641 ἀνθρωπεία
1451 1574 1595 1643 χειρὶ
1639 1577 1799 1645 χεῖρα
1828 1592 1935 1628 πα-

351 1659 576 1727 ρασχεῖν
603 1658 677 1727 μὴ
704 1658 1051 1729 βουλόμενον.

422 1745 600 1816 Ὅπερ
626 1750 675 1798 οἱ
705 1751 886 1814 γονεῖς
917 1748 1269 1820 θεασάμενοι,
1317 1752 1411 1805 ἐπὶ
1458 1753 1595 1807 Θεὸν
1652 1757 1746 1808 καὶ
1807 1758 1936 1818 τοὺς

350 1836 642 1906 μάρτυρας
710 1839 1186 1907 καταφεύγουσιν,
1243 1843 1456 1914 χαίρειν
1514 1847 1613 1914 μὲν
1672 1848 1936 1917 ἰατρικοῖς

2040 667 2271 727 spectat.
2302 659 2468 714 Miser
2499 677 2629 728 ergo
2660 672 2778 715 crat
2801 663 2929 716 dum
2954 672 3391 734 conspiceretur;
3417 678 3471 721 ct
3513 685 3611 737 pa-

2044 753 2289 807 rentibus
2320 755 2540 822 quidem
2570 756 2856 811 calamitas
2890 759 3085 822 iuerat,
3123 763 3276 813 uvnri
3302 774 3480 815 autem
3511 780 3608 818 no.

2038 859 2117 897 va:
2151 858 2213 898 ac
2245 844 2430 914 generi
2478 846 2793 916 inopinatus
2823 864 2919 918 pro
2966 849 3167 921 gaudio
3226 850 3429 907 luctus.
3466 867 3605 906 cnn-

2038 934 2255 1002 ctisque
2288 934 2598 990 videntibus
2643 938 3013 993 miserandum
3050 942 3450 1009 spectaculum;
3485 955 3610 995 nam

2039 1024 2269 1091 pedibus
2296 1034 2350 1079 et
2379 1028 2635 1079 manibus
2688 1028 2920 1081 aliorum
2952 1031 3229 1095 utebatur,
3259 1031 3608 1093 etii-rebatur,

2037 1120 2091 1163 et
2119 1114 2302 1165 omnia
2363 1129 2458 1182 per
2492 1112 2630 1167 alius
2684 1125 2945 1179 operatus
3000 1117 3228 1183 agebat,
3265 1133 3612 1186 qua-cunque

2038 1198 2182 1255 Deus
2215 1201 2527 1255 hominibus
2550 1217 2643 1268 per
2661 1218 2720 1257 se
2751 1205 2894 1272 ipsos
2922 1204 3165 1258 facienda
3195 1205 3413 1259 donarit
3440 1225 3455 1259 :
3492 1223 3611 1259 Ine-

2036 1291 2286 1345 dicorum
2355 1302 2534 1346 autem
2590 1294 2774 1349 nullus
2835 1311 2959 1348 cum
3008 1310 3037 1347 a
3090 1297 3345 1364 passione
3402 1304 3613 1365 poterat

2038 1382 2294 1444 liberare,
2327 1398 2435 1436 non
2468 1383 2665 1446 diaetis.
2713 1400 2820 1438 non
2845 1386 3131 1451 antidotis,
3165 1393 3260 1438 aut
3303 1387 3426 1439 aliis
3458 1387 3614 1441 aliis-

2037 1486 2147 1540 que
2172 1473 2488 1540 unguentis,
2523 1475 2606 1527 vel
2638 1475 2875 1527 diversis
2906 1474 3328 1541 adjuvamentis.
3379 1476 3483 1529 Sed
3526 1477 3613 1531 liis

2037 1563 2296 1616 omnibus
2331 1565 2516 1633 passio
2566 1565 2748 1633 potior
2779 1572 2920 1630 erat,
2987 1565 3240 1619 humana:
3276 1568 3459 1620 manui
3498 1582 3615 1620 ma-

2036 1671 2165 1709 nmn
2203 1658 2443 1724 praebere
2485 1672 2591 1711 non
2624 1658 2831 1712 volens.

2109 1747 2265 1812 Quod
2304 1756 2558 1816 parentes
2589 1749 2888 1810 intuentes,
2921 1749 2986 1802 ad
3026 1750 3195 1803 Deum
3225 1758 3278 1803 et
3305 1748 3372 1802 ad
3405 1760 3613 1820 marty-

2038 1852 2129 1892 res
2182 1835 2420 1906 lugiunt,
2460 1847 2615 1892 avetc
2653 1838 2874 1908 quidem
2948 1839 3179 1893 medicis
3240 1840 3615 1908 prmnuntian-

350 1926 716 1998 βοηθήμασιν,
746 1931 843 1983 καὶ
894 1931 1049 1984 θείαν
1080 1933 1308 2003 ἀρωγὴν
1340 1934 1713 2006 ἁνθελόμενοι.
1764 1914 1829 1992 Οἱ
1875 1938 1932 1992 δὲ
1968 1914 2008 1967 Β
2041 1936 2046 1977 ¹

1917 1940 1932 1991 ιε
1968 1914 2008 1967 Β
2041 1934 2147 1990 tes,
2213 1939 2366 1982 avete
2416 1939 2598 1982 autem
2663 1936 2718 1982 ct
2763 1929 3186 1983 medicinalibus
3219 1931 3439 1984 auxiliis
3460 1946 3613 1985 assc-

348 2021 623 2073 θειότατοι
670 2022 952 2092 μάρτυρες
981 2023 1071 2076 τὸν
1104 2024 1223 2076 νέον
1252 2026 1646 2097 οἰκτείραντες,
1692 2030 1801 2083 τῶν
1834 2032 1932 2100 μὲν

346 2113 658 2182 ἀλγηδόνων
683 2113 834 2183 αύτῷ
874 2114 973 2177 τὰς
998 2115 1194 2179 ἀκίδας
1233 2117 1617 2186 ἀπήμϐλυναν,
1648 2123 1835 2190 χεῖρας
1874 2122 1932 2174 δὲ

347 2206 523 2255 κινεῖν
546 2206 641 2257 καὶ
682 2203 850 2267 πόδας
877 2205 1141 2259 ἐκτείνειν
1168 2208 1411 2277 μερικῶς
1444 2210 1774 2279 ἐχαρίσαντο
1793 2227 1807 2242 ·
1838 2229 1926 2265 τεο

343 2293 500 2345 λείαν
529 2294 640 2363 γὰρ
669 2294 856 2359 αὐτοῖς
907 2295 1180 2365 δόγματος
1218 2298 1367 2351 αἰτία
1392 2315 1477 2363 τις
1508 2305 1808 2372 παρασχεῖν
1854 2306 1936 2357 ἐν·

346 2385 622 2449 επόδιζεν.
655 2384 948 2450 Ἰουλιανὸς
986 2387 1097 2459 γὰρ
1125 2382 1280 2453 οὗτος
1310 2393 1339 2442 6
1364 2391 1504 2457 νέος,
1521 2392 1811 2447 Ἰουλιανοῦ
1834 2395 1927 2448 τοῦ

345 2477 584 2530 παλαιοῦ
629 2478 879 2550 μαθητής
897 2482 1043 2534 ἐστιν
1071 2482 1452 2553 Ἀπολιναρίου
1490 2485 1932 2557 Ἀλικαρνασέως

344 2569 708 2638 ὑπάρχοντος,
745 2571 839 2622 καὶ
853 2571 1115 2641 όμόφρων
1137 2573 1303 2626 αὑτοῦ
1334 2577 1422 2627 καὶ
1441 2576 1715 2646 όμόδοξος.
1746 2578 1931 2631 Ταῦτα

344 2659 533 2729 φέρων
567 2661 713 2714 κατὰ
739 2660 917 2731 ψυχὴν
948 2662 1240 2728 Ἰουλιανὸς
1279 2666 1307 2716 6
1329 2668 1445 2730 νέος
1473 2669 1542 2721 τὰ
1569 2669 1837 2737 δόγματα,
1867 2670 1929 2724 ού

342 2748 413 2801 δι’
430 2749 571 2801 αὐτὰ
604 2754 717 2812 τοῖς
749 2753 946 2818 ἁγίοις,
979 2753 1118 2807 ἀλλὰ
1145 2755 1233 2808 διὰ
1266 2755 1330 2808 τὸ
1356 2757 1449 2810 τοῦ
1482 2759 1735 2826 σώματος
1762 2766 1949 2832 προσ-’

346 2839 617 2893 επέλασεν
664 2842 898 2912 νόσημα.
933 2846 996 2897 Ui
1039 2844 1095 2898 δὲ
1129 2847 1388 2918 μακάριοι
1425 2850 1703 2922 μάρτυρες
1735 2853 1932 2907 πολλά-

346 2947 434 2992 κις
458 2931 608 3001 αὐτῷ
637 2930 854 3004 νύκτωρ
879 2935 1291 3007 ἐπιφερόμενοι,
1321 2938 1415 2992 τοῦ
1446 2941 1686 2995 τοιούτου
1724 2943 1930 3014 δόγμα-

344 3039 438 3084 τος
465 3021 743 3092 ’παρῄνουν
768 3026 1092 3095 ἀπέχεσθαι,
1124 3030 1219 3081 καὶ
1244 3029 1345 3098 τῆς
1368 3030 1667 3098 καθολικῆς
1703 3034 1933 3105 Ἐκκλη-

346 3112 470 3175 σίας
501 3115 604 3182 τὴν
636 3117 926 3168 κοινωνίαν
959 3118 1338 3175 ἀσπάσασθαι.
1381 3122 1649 3187 Πολλάκις
1671 3125 1726 3178 δέ
1757 3126 1930 3180 καὶτὸ

344 3204 610 3273 ποτήριον
652 3203 955 3271 ἐϐάσταζον
990 3209 1147 3278 ἁγίου
1180 3209 1437 3281 σώματος
1463 3217 1796 3271 Δεσποτικοῦ
1829 3236 1931 3271 πε-

343 3295 712 3365 πληρωμένον
771 3300 864 3351 καὶ
916 3301 1188 3370 αἵματος,
1246 3305 1341 3357 καὶ
1396 3306 1719 3378 προσελθεῖν
1783 3309 1935 3379 αὐτῷ

342 3388 787 3458 προετρέποντο.
840 3393 1025 3456 αὐτοῖς
1083 3394 1144 3446 τὸ
1186 3394 1366 3449 δοκεῖν
1392 3398 1929 3468 μεταλαμϐάνοντες,

344 3480 439 3530 καὶ
466 3481 917 3549 συμμεταλαόεῖν
948 3483 1132 3548 αὐτοῖς
1161 3485 1254 3538 τὸν
1279 3486 1567 3541 Ἰουλιανδν
1597 3490 1936 3560 προσκαλού-

344 3586 523 3637 μενοι.
548 3572 706 3624 ’Καθ’
750 3575 839 3626 ὅτε
874 3574 930 3626 δὲ
960 3576 1056 3628 καὶ
1084 3576 1431 3646 δογματικῶς
1458 3579 1609 3651 αὐτῷ
1637 3581 1937 3651 διελέγοντο

341 3664 738 3733 διασαφοῦντες
768 3666 870 3736 τήν
896 3669 953 3721 ἐν
992 3669 1295 3740 Ἐκκλησία
1337 3673 1755 3744 κηρυττομένην
1803 3674 1936 3746 ἀλή-

344 3752 519 3819 θειαν,
560 3756 658 3807 καὶ
706 3754 880 3817 οὕτως
913 3759 1059 3826 ἔχειν
1110 3758 1173 3810 τὸ
1222 3761 1351 3830 περὶ
1393 3760 1493 3831 τῆς
1552 3762 1935 3833 σωτηριὼδους

344 3844 587 3914 Χριστοῦ
644 3847 744 3899 τοῦ
808 3845 945 3899 Θεοῦ
1003 3847 1163 3920 ήμῶν
1208 3849 1458 3915 ἐνώσεως
1506 3850 1719 3923 ὤμνυον
1762 3856 1935 3926 κήρυ-

344 3953 485 4007 rtu-

429 4110 573 4163 Ἀλλ’
594 4111 673 4175 ὡς
706 4112 877 4168 ταῦτα
896 4116 1074 4169 πάντα
1099 4118 1195 4170 καὶ
1221 4119 1427 4174 τούτων
1459 4120 1680 4176 πλείονα
1707 4123 1934 4194 διεπρα-

344 4199 528 4264 ξαντο,
570 4203 667 4254 καὶ
715 4203 809 4256 τδν
850 4205 1145 4259 Ίουλιανδν
1190 4209 1290 4261 οὐκ
1339 4209 1596 4274 ἔπεισαν,
1643 4212 1932 4282 πεισθῆναι

344 4290 423 4358 μὴ
452 4290 699 4351 θέλοντα.
732 4294 897 4347 πάλιν
926 4296 1078 4366 αύτῷ
1109 4297 1209 4366 τῆς
1238 4301 1510 4371 προτέρας
1541 4303 1735 4373 ὀδύνης
1760 4304 1930 4374 ἀνέμ-

342 4400 538 4452 νησαν,
604 4384 701 4437 καὶ
738 4385 808 4439 τὰ
853 4386 1058 4457 κέντρα
1104 4389 1214 4441 τῶν
1256 4391 1569 4463 ἀλγηδόνων
1599 4394 1745 4465 αύτῷ
1795 4396 1934 4466 μετὰ

341 4476 671 4546 προσθήκης
699 4476 842 4547 τάχα
877 4480 1023 4542 τινὸς
1065 4481 1466 4553 ἐπανέστησαν,
1511 4488 1699 4556 χεῖρας
1744 4489 1820 4551 ὡς
1872 4488 1933 4542 τὸ

341 4565 477 4630 πρὶν
531 4565 629 4618 καὶ
688 4567 858 4631 πόδας
927 4571 1308 4643 συνδήσαντες,
1370 4576 1465 4629 καὶ
1526 4575 1790 4645 μειζόνως
1832 4577 1929 4643 τὰς
1963 4603 2011 4662 D

339 4657 648 4727 ἀλγηδόνας
690 4659 1064 4728 αὐξήσαντεςο
1106 4663 1245 4733 τάχα
1285 4683 1387 4717 που
1413 4667 1475 4719 τὸ
1520 4668 1618 4735 τῆς
1664 4668 1930 4739 μελῳδίας

338 4745 529 4815 ἔργοις
564 4747 721 4800 αὐτοὶ
751 4748 1175 4820 ἐνδεικνύμενοι,
1202 4754 1259 4805 ἐν
1283 4754 1446 4825 κημῷ
1476 4762 1571 4808 καὶ
1597 4757 1798 4827 χαλινῷ
1831 4758 1931 4822 τὰς

340 4836 605 4904 σιαγόνας
639 4838 748 4891 τῶν
777 4840 853 4909 μὴ
884 4841 1020 4910 πρὸς
1050 4842 1183 4894 Θεὸν
1213 4844 1546 4911 ἐγγιζόντων
1573 4846 1663 4900 διὰ
1698 4848 1932 4912 πίστεως

336 4930 626 4997 ἄγχοντες.
659 4929 899 4994 Ἐκεῖνος
930 4933 1038 4999 γὰρ
1064 4936 1091 4985 ὁ
1111 4939 1356 5001 γενναῖος
1372 4938 1590 5001 νεανίας
1615 4941 1643 4991 6
1663 4940 1932 5003 τοσαύτας

341 5018 446 5087 μὲν
496 5021 872 5089 παραινέσεις,
926 5025 1194 5086 τοσαύτας
1225 5025 1282 5078 δὲ
1316 5029 1624 5098 μαρτυρίας
1665 5030 1758 5081 καὶ
1781 5030 1932 5101 τηλι-

336 5106 551 5169 καύτας
591 5108 885 5171 ὀπτασίας,
919 5112 1014 5163 καὶ
1057 5112 1165 5181 πρό
1201 5129 1261 5180 γε
1293 5115 1497 5168 τούτων
1560 5117 1819 5172 ἁπάντων
1873 5120 1932 5173 τὸ

334 5198 428 5251 ἐπ’
470 5200 622 5270 αύτῷ
670 5205 894 5270 γεγονὶς
924 5202 1111 5272 θαῦμα
1150 5207 1676 5279 παραγραψάμενος,
1711 5211 1809 5275 τὰς
1838 5230 1927 5278 μι-

336 5290 483 5358 κρὰς
514 5291 732 5355 ἐκείνας
766 5295 866 5347 οὐκ
896 5295 1114 5364 ἴσχυσεν
1139 5298 1603 5368 παραγράψασθαι
1636 5301 1930 5370 μάστιγας,

330 5383 727 5455 ἀλλ’ἐκραζεν,
757 5388 910 5451 ἐϐόα,
930 5389 1258 5452 ἐλιτάνευεν.
1291 5394 1802 5465 ἐκάλει,ήντιὸόλει,
1822 5401 1935 5451 ίκε-

331 5476 490 5540 τείας
512 5479 849 5549 ἀπέπεμπεν
891 5482 1017 5545 τοὺς
1081 5484 1369 5554 μάρτυρας
1429 5487 1876 5559 ἀποκαλούμενος
1911 5507 1925 5522 ο

332 5569 433 5621 καὶ
482 5564 551 5639 ἦν
592 5571 770 5634 οὐδεὶς
807 5574 836 5625 ὁ
865 5572 1229 5644 λυτρούμενος
1273 5577 1305 5646 ἦ
1353 5579 1381 5630 6
1436 5579 1696 5649 ῥυόμενος
1746 5582 1777 5650 ἥ
1820 5581 1930 5633 τῶν

327 5660 530 5713 δεινῶν
590 5662 979 5733 ἐξαιρούμενος
1034 5665 1067 5737 ἢ
1123 5665 1391 5738 βοηθῆσαι
1440 5668 1759 5742 δυνάμενος.
1808 5672 1929 5723 ἐπεὶ

324 5751 446 5805 τῶν
466 5752 641 5820 ἁγίων
652 5749 722 5826 ἦν
737 5756 877 5827 ὀργὴ
899 5757 961 5809 τὸ
981 5757 1285 5824 γινόμενον.

423 5845 565 5899 ’Λὶᾶε
606 5847 695 5900 ὅτε
737 5848 995 5904 αὐτοῦτὸ
1032 5851 1294 5907 αῖθασσον
1345 5855 1619 5918 τοιαύταις
1667 5854 1921 5923 βασάνοις

2043 2027 2254 2082 rentes,
2282 2017 2530 2071 divinum
2587 2020 2769 2089 potius
2810 2021 3077 2074 auxilium
3126 2030 3477 2090 emptantes.
3543 2021 3616 2075 At

2042 2125 2173 2165 vero
2205 2110 2570 2165 sacratissimi
2608 2118 2775 2181 mari}
2790 2127 2876 2166 res
2915 2128 3081 2182 super
3105 2112 3362 2182 juvenem
3396 2113 3616 2168 miscri-

2040 2202 2234 2256 cordia
2267 2202 2423 2267 moti,
2477 2201 2729 2256 dolorum
2782 2203 3003 2273 quidem
3057 2205 3310 2259 stimulos
3361 2204 3614 2259 reddide-

2040 2302 2167 2347 runt
2205 2294 2461 2355 obtusos,
2490 2308 2685 2348 manus
2712 2301 2893 2346 autem
2930 2309 3167 2357 movere,
3198 2309 3262 2349 ac
3292 2296 3455 2363 pedes
3483 2309 3613 2364 par-

2039 2386 2133 2439 tim
2161 2385 2462 2440 extendere
2513 2385 2887 2451 donaverunt,
2946 2386 3243 2455 perlectam
3294 2389 3439 2442 enim
3501 2387 3614 2441 illis

2042 2474 2287 2543 praebere
2322 2474 2636 2539 sanitatem,
2668 2474 2917 2543 quoniam
2981 2489 3148 2529 causa
3203 2476 3475 2542 dogmatis
3508 2476 3615 2529 itu-

2040 2565 2266 2630 pedivit.
2295 2564 2545 2622 Julianus
2599 2567 2800 2636 quippe
2855 2567 2945 2619 bic
2983 2567 3192 2635 junior,
3229 2583 3352 2620 eum
3410 2567 3613 2623 Juliani

2040 2656 2494 2728 (Apollinaristae)
2524 2658 2725 2712 veteris
2818 2656 3320 2712 llalicarnassensis
3364 2660 3613 2713 lizercsim

2039 2748 2193 2818 sequi
2238 2749 2502 2816 vovisset,
2531 2761 2941 2803 consentaneus
2995 2749 3301 2803 eratetiam
3334 2750 3616 2820 opinionis

2038 2841 2313 2909 ejusdem.
2371 2839 2495 2894 llaec
2547 2841 2731 2896 ferens
2778 2842 2833 2895 in
2888 2842 3072 2895 animo
3116 2839 3371 2897 Julianus
3425 2843 3618 2912 junior

2038 2930 2314 2999 dogmata,
2347 2947 2456 2986 non
2492 2940 2715 3003 propter
2758 2932 2849 2986 illa
2881 2934 3111 2992 sanctis.
3143 2933 3238 2988 sed
3263 2933 3334 2987 ob
3364 2934 3617 3004 corporis

2039 3019 2460 3088 approximabat
2526 3021 2869 3089 languorem.
2932 3018 3101 3073 l‘orro
3144 3020 3284 3073 beati
3348 3032 3617 3091 martyres

2043 3108 2357 3178 frequenter
2387 3119 2442 3164 et
2487 3123 2650 3164 noctu
2685 3119 3038 3180 apparentes,
3074 3109 3143 3162 ab
3172 3108 3487 3177 ltujusmodi
3514 3110 3617 3164 do-

2039 3208 2221 3268 gmate
2250 3200 2546 3254 rnonebant
2574 3200 2894 3263 abscedere,
2944 3208 2997 3253 et
3046 3197 3305 3253 Ecclesia:
3335 3199 3619 3253 catholicae

2038 3292 2482 3345 communionem
2556 3290 2831 3360 amplecti.
2911 3290 3187 3345 Multoties
3255 3306 3385 3344 vero
3446 3291 3614 3345 etiam

2039 3381 2268 3435 calicem
2310 3381 2606 3450 portabant
2666 3388 2945 3443 sanetum,
3036 3396 3270 3449 corpore
3322 3380 3615 3434 Deminicn

2041 3472 2259 3541 pleimm
2286 3482 2340 3527 et
2371 3475 2665 3543 sanguine,
2691 3482 2746 3526 ct
2771 3474 3032 3529 accedere
3054 3474 3219 3528 illum
3243 3474 3616 3528 exhortabatu-

2041 3573 2167 3630 tur;
2202 3564 2330 3636 ipsi,
2361 3576 2417 3620 ut
2447 3567 2805 3636 putabantur,
2876 3577 3183 3631 sunicntes,
3235 3577 3292 3623 et
3333 3567 3614 3623 lulianum

2039 3673 2224 3713 secum
2300 3674 2520 3713 sumere
2588 3661 2926 3714 advocantes
2971 3678 2985 3715 :
3029 3676 3425 3730 nonnumquam
3484 3677 3617 3715 vero

2036 3753 2199 3804 etiam
2234 3764 2360 3804 cum
2388 3766 2455 3806 eo
2489 3751 2797 3821 dogmatiec
2825 3751 3205 3820 disputabant,
3243 3752 3616 3808 edisseremcs

2037 3842 2326 3896 veritatem
2361 3858 2485 3910 qum
2535 3842 2589 3897 in
2622 3843 2862 3898 Ecclesia
2921 3846 3274 3913 prazdicatur,
3319 3856 3373 3899 et
3420 3848 3503 3901 sic
3556 3862 3615 3901 se.

2038 3931 2242 3988 habere
2268 3934 2709 4002 praedicationem
2737 3951 2860 4005 qua:
2886 3938 3058 3992 estde
3090 3938 3376 3992 salutifera
3406 3938 3612 3992 Christi

2039 4023 2136 4077 Dei
2171 4024 2346 4077 nostri
2378 4025 2589 4079 unitate
2615 4025 2900 4094 iurabant.

2110 4111 2214 4167 Sed
2243 4129 2367 4166 cum
2402 4113 2516 4167 haec
2548 4114 2727 4167 omnia
2768 4124 2822 4167 et
2871 4114 2955 4168 liis
3004 4114 3158 4183 plura
3211 4114 3472 4183 egissent,
3525 4114 3614 4168 Ju-

2037 4203 2357 4274 liannmquc
2384 4205 2539 4258 nullo
2574 4207 2735 4258 modo
2772 4203 3119 4259 iulia-sissent
3161 4206 3383 4259 obedire
3414 4206 3612 4259 ualen-

2038 4303 2166 4355 tem,
2205 4294 2402 4346 iterum
2434 4309 2559 4346 eum
2586 4293 2794 4362 prioris
2819 4294 3027 4348 doloris
3057 4294 3334 4348 reminisci
3370 4295 3614 4361 compel-

2038 4387 2176 4452 lunt,
2210 4397 2263 4441 ct
2287 4389 2509 4443 aculeos
2539 4388 2790 4442 dolorum
2830 4388 2878 4442 ci
2905 4404 3029 4442 cum
3066 4388 3445 4442 additamenta
3473 4387 3613 4442 forte

2036 4479 2273 4549 quodam
2330 4486 2647 4545 erexerunt,
2691 4494 2887 4531 manus
2938 4477 3080 4532 sicut
3131 4478 3287 4546 prius
3346 4487 3401 4532 ct
3446 4477 3612 4545 pedes

2036 4572 2383 4641 colligantes,
2420 4578 2474 4623 et
2499 4571 2671 4639 magis
2702 4569 2991 4624 doloribus
3047 4570 3444 4623 incrementum
3475 4569 3612 4623 dan-

2037 4672 2139 4729 tes,
2181 4674 2233 4717 ct
2267 4663 2322 4716 in
2355 4676 2515 4716 camo
2557 4670 2612 4716 et
2662 4661 2819 4716 freno
2862 4662 3113 4716 maxillas
3165 4676 3355 4714 eormn
3403 4660 3496 4730 qui
3540 4660 3608 4714 ad

2038 4754 2205 4808 Deum
2235 4771 2331 4825 per
2361 4754 2522 4808 ﬁdem
2557 4770 2666 4808 non
2697 4759 3103 4825 approximant,
3145 4755 3607 4825 constringentes.

2034 4844 2128 4900 Ille
2164 4846 2309 4900 enim
2344 4845 2505 4900 furtis
2533 4845 2860 4899 adolescens
2883 4889 2897 4908 ,
2939 4845 3031 4913 qui
3071 4853 3152 4898 tut
3183 4845 3609 4911 admonitiones,

2037 4946 2116 4991 tot
2150 4938 2486 5000 testimonia,
2533 4949 2585 4992 ct
2650 4947 2829 4990 tantas
2860 4938 3120 5001 visiones,
3193 4946 3247 4991 ct
3282 4953 3449 5006 super
3496 4937 3611 4989 luce

2037 5030 2220 5083 omnia
2250 5030 2396 5097 quod
2427 5030 2480 5083 in
2514 5046 2573 5083 se
2603 5030 2808 5082 factum
2848 5031 3024 5083 fuerat
3059 5029 3385 5082 miraculum
3427 5031 3611 5098 parvi«

2036 5121 2246 5190 pendit,
2277 5121 2492 5175 medica
2518 5121 2605 5174 illa
2632 5120 3025 5189 parvipendere
3048 5118 3260 5189 ﬂagella
3286 5135 3391 5173 non
3413 5119 3606 5181 valuit,

2037 5215 2134 5267 sed
2176 5213 2471 5278 clamabat,
2502 5213 2940 5276 vocderabatur,
2974 5213 3235 5274 vocabat,
3270 5212 3605 5281 deprecaba-

2036 5314 2142 5368 tur,
2208 5306 2457 5375 rogabat,
2538 5303 2970 5373 supplicationcs
3029 5303 3296 5367 mittebat,
3346 5310 3611 5371 martyres

2038 5397 2324 5452 invocans.
2359 5396 2425 5450 Et
2454 5405 2573 5450 erat
2597 5396 2777 5451 nullus
2811 5397 2904 5464 qui
2945 5396 3257 5457 redimet-ct,
3311 5394 3403 5463 qui
3450 5409 3610 5446 crue-

2039 5500 2140 5551 rel,
2178 5490 2326 5559 quia
2360 5490 2699 5545 cruciatibus
2745 5491 3001 5557 eriperet,
3067 5488 3146 5542 vel
3210 5487 3303 5556 qui
3353 5486 3608 5540 auxiliari

2038 5583 2346 5650 potuisset;
2380 5597 2505 5636 nam
2556 5582 2637 5635 ira
2684 5591 3000 5636 saucttn'nm
3041 5589 3182 5645 erat,
3236 5580 3380 5647 quod
3429 5576 3606 5632 fuerat

2037 5675 2259 5729 iactum.

2109 5855 2211 5910 Sel
2243 5856 2460 5924 quando
2515 5857 2635 5924 eius
2686 5857 3114 5913 obstinationem
3163 5860 3366 5918 talibus
3401 5875 3594 5915 manus
