4294 6442
287 477 422 542 3461

1309 477 1412 534 SS.
1455 475 1628 534 CYllI
1669 474 1763 533 ET
1787 469 2104 531 JOANNIS
2135 471 2549 530 MIRACULA.

3393 467 3540 531 3462

282 583 373 634 τὸν
404 579 692 650 ἡμέτερον.
754 575 829 636 Ob
872 581 1174 649 γεγονότος,
1229 581 1445 632 καὶτὸν
1494 580 1590 648 τῆς
1636 582 1866 646 ἐπιγνω-

1977 585 2219 632 nostram
2253 579 2456 631 vadens
2497 576 2740 644 quiesce.
2793 576 2912 641 Quo
2965 574 3110 629 facto
3179 581 3343 645 atque
3389 593 3540 634 Com-

283 672 507 740 σθείσης
535 671 800 742 αἱρέσεως
824 673 940 742 ἅμα
958 671 1035 740 τῷ
1050 671 1302 740 λεχθῆναι
1330 669 1518 740 μῶμον
1539 669 1853 738 ἐκφύγειας,

279 763 375 814 καὶ
407 761 506 832 τὴν
534 763 634 830 τῆς
662 762 924 832 αἰσχύνης
957 763 1210 814 ὑπόνοιαν
1241 761 1469 822 παύσεις
1489 776 1500 789 ·
1540 762 1638 828 τῆς
1670 761 1724 813 δὲ
1757 778 1859 812 σω-

279 851 480 920 τηρίας
534 852 917 921 ἀκατάληκτον
949 852 1091 916 ἕξεις
1138 853 1229 904 τὸν
1260 851 1482 903 ἔπαινον
1503 866 1518 880 '
1568 850 1858 903 καὶταῦτα

285 943 387 1010 μὲν
421 943 470 993 οἱ
504 942 650 1008 ἆγιοι
679 941 1086 993 συνεόούλευον.

353 1032 644 1094 Ἰουλιανὸς
689 1033 746 1085 δὲ
794 1033 897 1101 τὴν
953 1032 1282 1103 συμϐουλίαν
1311 1035 1387 1097 ὡς
1417 1034 1476 1097 ἐξ
1504 1033 1675 1101 ἁγίων
1703 1032 1857 1095 δεξα-

285 1142 467 1192 μενος,
495 1125 589 1178 καὶ
625 1125 701 1195 τῷ
723 1126 911 1196 οἰκείῳ
934 1126 1122 1197 σκοπῴ
1147 1127 1271 1190 δοὺς
1303 1126 1594 1180 ἀκόλουθον
1619 1126 1860 1186 ἐντολαῖς

281 1217 438 1283 ἄγειν
465 1215 738 1270 συνέθετο.
785 1217 858 1268 Τὸ
883 1217 938 1270 δέ
970 1219 1069 1270 οὐκ
1097 1215 1164 1287 ἦν
1205 1219 1280 1281 ὼς
1325 1217 1595 1289 ἐνόμιζεν,
1628 1218 1747 1270 οὐδὲ
1786 1217 1861 1277 ὡς

281 1307 469 1359 ἐπόθει
499 1325 558 1358 τε
587 1308 681 1360 καὶ
708 1307 974 1378 ἐγλίχετο,
1009 1312 1055 1362 εί
1092 1312 1183 1362 καὶ
1229 1310 1396 1362 ταῦτα
1432 1310 1574 1378 ἔχειν
1612 1308 1861 1378 ἐνόμιζεν

280 1400 382 1466 τὴν
417 1403 770 1469 παραίνεσιν·
831 1400 946 1452 ἀλλ’
988 1402 1062 1464 ὼς
1095 1405 1209 1464 τοῖς
1257 1403 1432 1468 ἁγίοις
1464 1403 1637 1454 ἐδύκει
1675 1419 1731 1453 τε
1769 1403 1862 1454 καὶ

279 1491 626 1551 τεθέσπιστο,
666 1488 761 1540 καὶ
786 1489 846 1540 τὸ
887 1489 980 1541 τοῦ
1016 1491 1265 1558 Σωτῆρος
1294 1490 1612 1560 διηγόρευσε
1640 1491 1820 1556 λόγιον
1848 1506 1858 1517 ·

301 1601 317 1628 ι
333 1578 491 1630 Οὕτω
518 1579 784 1648 λαμψάτω
801 1580 860 1630 τὸ
882 1579 994 1646 φῶς
1014 1581 1167 1648 ὑμῶν
1196 1581 1503 1651 ἔμπροσθεν
1527 1581 1633 1633 τῶν
1650 1579 1862 1650 ἀνθρώ-

283 1685 423 1731 πων,
459 1670 606 1731 ὅπως
639 1669 819 1720 ἴδωσιν
866 1670 1020 1739 ὑμῶν
1045 1670 1114 1722 τὰ
1151 1672 1290 1723 καλά
1321 1671 1480 1740 ἔργα,
1517 1673 1607 1723 καὶ
1637 1671 1865 1734 δοξάσωο

281 1777 366 1811 σιν
384 1762 473 1811 τὸν
507 1761 720 1830 Πατέρα
743 1760 894 1828 ὑμῶν
920 1761 1010 1813 τὸν
1036 1765 1092 1814 ἐν
1117 1765 1226 1822 τοῖς
1247 1763 1514 1831 οὐρανοῖς.
1531 1783 1548 1813 ι
1568 1766 1636 1814 ’Ὀ
1676 1763 1784 1830 γὰρ
1814 1763 1863 1812 οἱ

283 1850 564 1920 μάρτυρες
615 1853 708 1902 ἐπὶ
761 1851 867 1903 τῶν
913 1853 1180 1921 δωμάτων
1230 1853 1518 1924 κηρύττειν
1564 1854 1863 1918 ἐϐούλοντο,

1967 679 2144 738 ιιι-τιο,
2179 669 2265 721 bis
2296 670 2388 735 Qui
2419 669 2686 721 haereseos
2717 674 2822 719 tute
2883 674 3034 732 sunt,
3084 680 3210 720 mox
3243 677 3299 720 ut
3331 668 3537 723 dictum

1969 761 2161 819 fuerit,
2198 760 2421 812 silentio
2455 767 2798 826 contegctur,
2827 768 2879 810 et
2917 760 3262 813 verecundia:
3292 762 3542 828 quiescet

1967 853 2240 919 Suspicio,
2280 858 2333 902 et
2367 850 2566 903 salutis
2593 849 2995 903 indesinentem
3030 849 3253 904 babebit
3284 851 3539 915 laudem;

1966 949 2019 993 et
2055 941 2156 993 boc
2192 940 2410 1009 quidem
2437 941 2613 994 sancti
2645 942 2851 994 dabant
2875 941 3193 996 consilium.

2039 1029 2292 1084 Julianus
2347 1041 2529 1082 autem
2573 1031 2807 1084 consilio
2852 1040 3110 1099 tauquam
3145 1047 3172 1083 a
3205 1034 3414 1088 sanctis
3447 1049 3541 1087 ac-

1970 1135 2151 1194 cepto,
2187 1126 2331 1194 quod
2374 1126 2598 1194 proprio
2639 1125 2933 1178 videbatur
2983 1126 3325 1180 concordare
3361 1129 3546 1181 consi-

1971 1215 2064 1276 lio,
2102 1217 2154 1269 in
2187 1219 2346 1268 linetn
2381 1216 2644 1269 reducere
2675 1215 2986 1284 repromisit
3012 1233 3024 1280 ;
3053 1215 3198 1282 quod
3235 1226 3414 1271 tamen
3439 1236 3542 1270 non

1973 1321 2093 1366 erat
2131 1323 2189 1365 ut
2218 1312 2545 1372 :eslimabat,
2586 1327 2767 1379 neque
2807 1320 2864 1363 ut
2892 1310 3236 1364 desidetal-at
3269 1322 3324 1365 ct
3375 1314 3545 1365 anim-

1971 1404 2150 1467 labat;
2209 1419 2520 1472 quanquam
2568 1405 2647 1457 sit:
2690 1420 2748 1457 se
2813 1403 3012 1456 habere
3063 1406 3546 1458 commonitionem

1973 1504 2218 1564 putaret:
2239 1496 2332 1549 sed
2360 1507 2414 1547 ut
2443 1509 2471 1545 a
2495 1496 2701 1549 sanctis
2735 1495 2909 1548 visum
2943 1504 3105 1563 atque
3128 1497 3270 1549 decrt
3293 1506 3404 1548 tum
3437 1509 3542 1558 est,

1971 1597 2024 1641 et
2065 1588 2365 1641 Salvator-is
2415 1590 2779 1642 concionatur
2821 1588 3101 1657 eloquium
3139 1609 3151 1642 :
3194 1608 3211 1638 ι
3249 1589 3341 1642 Sic
3372 1591 3550 1643 luce-it

1974 1681 2063 1734 lux
2111 1691 2288 1732 vestra
2340 1695 2523 1732 coram
2587 1680 2924 1743 hominibus,
2994 1690 3052 1733 ut
3109 1682 3330 1733 videant
3381 1697 3464 1749 ορ·
3489 1699 3546 1734 ra

1975 1781 2154 1823 vestra
2197 1772 2356 1834 bona,
2393 1779 2444 1824 et
2489 1772 2798 1840 gloriﬁcent
2840 1771 3053 1824 l‘atrcm
3093 1782 3329 1824 vestrum
3357 1774 3446 1840 qui
3493 1775 3546 1824 in

1986 1865 2141 1918 caelis
2162 1866 2326 1917 est“.
2369 1883 2386 1914 ι
2416 1863 2570 1927 Quod
2597 1867 2741 1916 cnitn
2779 1873 3048 1932 martyres
3068 1880 3231 1930 supra
3254 1873 3391 1918 tecta
3414 1880 3548 1933 pra:-

279 1941 440 1992 τοῦτο
464 1944 670 2006 ἐκεῖνος
705 1945 762 1994 ἐν
795 1944 989 2010 ἀφανεῖ
1016 1943 1279 2013 κρύπτειν
1312 1945 1584 2000 ἐϐούλετο.
1616 1947 1864 1998 Ἐπιστά⁶

1977 1955 2142 2007 dicari
2173 1954 2451 2013 volebant,
2477 1953 2576 2005 boc
2602 1953 2689 2006 ille
2708 1954 2758 2004 in
2780 1954 3016 2006 obscuro
3043 1954 3375 2006 abscondere
3400 1966 3543 2008 sata-

255 2050 384 2103 ’σης
415 2030 508 2085 οὖν
541 2035 639 2103 τῆς
683 2035 792 2086 τῶν
838 2034 1132 2087 Γενεθλίων
1170 2037 1318 2106 ἱερᾶς
1351 2037 1734 2107 πανηγύρεως,
1769 2039 1866 2106 τῆς

279 2126 391 2177 τῶν
425 2126 598 2192 ἁγίων
649 2126 932 2188 Ἰουλιτανὶς
983 2127 1363 2196 μνημονεύσας
1409 2129 1733 2195 κελεύσεως,
1776 2131 1868 2182 ἐπὶ

281 2218 346 2268 τὸ
380 2217 570 2270 Θεωνᾶ
596 2217 957 2285 καλούμενον,
993 2221 1178 2288 φησιν,
1215 2221 1438 2288 τέμενος
1481 2222 1701 2291 ἔρχεται
1725 2242 1737 2252 ·
1775 2223 1869 2274 καὶ

279 2309 565 2377 ἀκροατὴς
611 2309 902 2378 γενόμενος
951 2308 1060 2361 τῶν
1110 2310 1481 2378 εὐαγγελικῶν
1525 2312 1642 2380 ἅμα
1668 2329 1727 2364 τε
1774 2316 1870 2368 καὶ

279 2399 662 2452 ἀποστολικῶν
702 2399 1083 2466 ἀναγνώσεων,
1127 2403 1220 2454 ἐπὶ
1264 2403 1356 2454 τὸν
1386 2403 1581 2472 δρόμον
1612 2403 1746 2470 μετὰ
1770 2403 1869 2471 τὴν

280 2492 491 2544 τούτων
525 2491 750 2560 ἐξῆλθεν
773 2493 1111 2560 ἀνάγνωσιν·
1145 2495 1366 2546 κάκεῖσε
1405 2495 1594 2563 μείνας
1621 2495 1709 2546 τὸν
1745 2513 1868 2548 και-

283 2586 381 2653 ρὸν
419 2585 518 2654 τῆς
585 2585 881 2648 συνάξεως,
931 2587 1070 2652 μετά
1103 2587 1202 2655 τὴν
1228 2586 1432 2656 ταύτης
1481 2587 1744 2639 ἀπόλυσιν
1779 2588 1871 2638 καὶ

280 2675 395 2727 τῶν
419 2675 627 2726 πιστῶν
658 2677 1028 2744 ἀναχώρησιν,
1063 2677 1224 2728 πάλιν
1252 2678 1328 2743 τῷ
1352 2676 1456 2745 νεῷ
1487 2677 1871 2746 προσπελάσας

283 2765 633 2833 ἐκέκρυπτο⁶
675 2764 768 2815 καὶ
799 2763 873 2826 ὡς
920 2763 1094 2815 ἐδόκει
1123 2763 1221 2833 τὴν
1251 2766 1360 2817 τῶν
1388 2767 1702 2836 μυστηρίων
1722 2767 1867 2818 ἐποι-

282 2856 396 2906 εῖτο
430 2853 755 2924 μετάληψιν.

375 2946 534 2997 Ἀλλὰ
594 2948 651 2996 ἐν
703 2947 813 3014 ὅσῳ
881 2946 1032 2998 κάτω
1089 2945 1260 2998 νεύων
1319 2948 1411 2998 καὶ
1457 2947 1744 3015 κεκυφὼς,
1797 2946 1872 3008 ὡς

287 3037 574 3105 προσῆκον
621 3033 712 3106 ἦν,
761 3037 857 3088 τοῦ
882 3037 1216 3090 Δεσποτικοῦ
1267 3038 1561 3106 μετέλαϐεν
1599 3037 1870 3106 σώματος,

285 3125 543 3196 κληρικοὶ
607 3129 707 3194 τῆς
754 3126 864 3178 τῶν
907 3127 1207 3180 Γαῖανιτῶν
1259 3128 1558 3196 λεγομένης
1611 3129 1873 3199 αἱρέσεως

1970 2048 2147 2114 gebat.
2180 2043 2421 2098 Instante
2451 2044 2634 2112 itaque
2686 2045 2990 2098 nativitatis
3051 2044 3344 2097 Dominicze
3392 2059 3548 2096 saeta

1972 2137 2340 2197 solemnitate.
2365 2146 2681 2188 sanctorum
2705 2136 2981 2202 jussionis
3011 2136 3330 2189 recordatus
3382 2135 3551 2188 Julia-

1974 2239 2098 2285 nus,
2131 2225 2194 2277 ad
2230 2225 2488 2292 templum
2530 2225 2672 2276 \enit
2733 2224 2874 2292 quod
2903 2224 3128 2276 'l'beona
3167 2227 3464 2285 vocitatur,
3497 2236 3550 2276 et

1972 2317 2187 2370 auditor
2222 2317 2660 2385 evangelicarmu
2695 2325 2747 2368 et
2771 2317 3200 2384 apostolicarum
3255 2316 3547 2370 lectionum

1971 2406 2357 2471 elIectuS,'atl
2417 2406 2669 2459 dromum
2736 2419 2858 2474 post
2923 2406 3110 2459 borum
3172 2408 3548 2460 recitationem

1972 2501 2164 2554 exivit.
2196 2499 2413 2552 Etcum
2461 2499 2532 2551 il.i
2597 2498 2894 2552 mansisset
2961 2506 3205 2565 letltpnre
3258 2513 3549 2567 synaxeos,

1976 2600 2098 2658 post
2154 2590 2315 2658 hujus
2368 2589 2768 2642 absolutionem
2822 2598 2874 2641 et
2949 2604 3227 2642 rt-Cessutn
3288 2590 3549 2648 lidelium,

1977 2679 2176 2730 iterum
2213 2679 2277 2729 ad
2314 2680 2576 2746 templum
2609 2679 2868 2742 accessit,
2905 2687 2960 2731 et
2999 2680 3213 2734 occulte
3242 2691 3295 2733 ul
3325 2683 3552 2750 putabat
3613 2711 3616 2716 -

1976 2771 2360 2840 mysteriorum
2389 2771 2624 2823 facit-bat
2649 2771 3120 2825 communionem.

2053 2945 2158 2998 δαὶ
2194 2945 2320 2997 dum
2361 2945 2584 2997 inclinis
2610 2953 2664 2997 et
2689 2944 3029 3007 submissus,
3067 2955 3124 2998 ut
3167 2948 3551 3010 conveniebat.

1981 3037 2327 3089 Dntttinit'utn
2371 3047 2612 3090 sumeret
2645 3052 2870 3104 corpus.
2910 3038 3094 3090 clerici
3134 3039 3403 3094 haereseos
3431 3056 3554 3107 quae

1975 3130 2178 3183 dicitur
2200 3127 2599 3189 Gaianitarum,
2626 3137 2847 3181 centum
2879 3127 3018 3181 forte
3046 3129 3269 3182 circiter
3297 3145 3551 3191 numero,

283 3218 482 3269 ἑκατὸν
505 3218 632 3287 περί
662 3235 762 3270 που
796 3219 937 3288 τάχα
966 3222 1058 3271 τὸν
1098 3218 1350 3288 ἀριθμὸν,
1379 3221 1458 3281 εἰς
1477 3219 1569 3271 τὸν
1598 3219 1733 3272 νεὼν
1756 3222 1866 3284 εἱσ-

1980 3225 2032 3276 ἰιι
2076 3226 2334 3292 templum
2376 3222 2604 3290 ingressi
2637 3231 2767 3276 sunt
2831 3223 3068 3282 oraturi,
3129 3239 3194 3276 ex
3242 3238 3393 3277 more
3452 3225 3553 3277 bu:

282 3309 451 3378 ἦλθον
495 3308 588 3360 τοῦ
631 3308 890 3372 εὖξασθαι
940 3312 1001 3362 ἐκ
1039 3310 1325 3380 συνηθείας
1351 3311 1504 3362 τούτὸ
1542 3327 1686 3374 τινες
1733 3313 1871 3379 μετά

286 3401 390 3468 τὴν
423 3400 689 3452 ἀπόλυσιν
718 3401 1055 3469 ποιούμενοι,
1090 3400 1184 3452 τοῦ
1220 3402 1386 3453 τόπθυ
1408 3403 1467 3454 τδ
1487 3401 1648 3463 σέϐας
1671 3402 1871 3470 φυλάτ’

283 3509 494 3553 τοντες,
545 3492 639 3543 καὶ
688 3495 752 3561 τῇ
795 3492 1040 3560 Θεοτόκῳ
1075 3493 1172 3562 τὴν
1212 3493 1420 3562 συνήθη
1501 3493 1875 3564 προσκύνησιν

281 3584 576 3653 νέμοντες·
610 3582 776 3635 οἶτον
823 3583 1112 3636 Ἰουλιανὸν
1143 3584 1634 3654 μεταλαμϐάνοντα
1681 3583 1876 3637 θεασά-

287 3692 466 3742 μενοι,
503 3677 568 3744 τῇ
634 3674 906 3746 μεταϐολῇ
960 3676 1053 3728 τοῦ
1100 3677 1290 3744 ἀνδρὸς
1341 3677 1741 3746 ἐξεπλάγησαν,
1781 3677 1876 3728 καὶ

286 3765 547 3834 ἀλλήλοις
583 3767 849 3829 ἐνένευον,
886 3769 997 3827 τοῖς
1045 3768 1143 3819 ούκ
1176 3768 1479 3836 ἑωρακόσιν
1512 3768 1673 3820 αὑτὸν
1706 3768 1874 3820 ἐνδει-

284 3859 568 3927 κνύμενοι.
610 3859 666 3910 Ὀ
690 3859 745 3910 δέ
797 3859 1101 3921 ἀνανεύσας
1145 3860 1241 3928 τὴν
1285 3861 1547 3923 ζωοποιδν
1576 3861 1780 3930 τροφὴν
1811 3864 1866 3912 ἐν

287 3950 624 4018 σπλάγχνοις
649 3949 940 4001 κατέθετο’
974 3951 1261 4012 κάκείνους
1303 3950 1462 4014 εὐθὺς
1513 3950 1870 4018 θεασάμενος,

284 4039 541 4107 ἐπλήσθη
613 4038 708 4091 τού
758 4039 858 4108 τῆς
912 4039 1096 4100 αἰδοῦς
1153 4038 1538 4108 ἐρυθήματος,
1589 4042 1696 4092 κάκ
1770 4041 1876 4092 τῶν

283 4129 460 4196 ἁγίων
517 4129 668 4197 αὐτῷ
714 4129 1000 4195 γεγονέναι
1039 4129 1128 4179 τὸν
1163 4127 1430 4198 θρίαμϐον
1466 4128 1704 4195 ἔγνωκεν
1728 4145 1740 4158 ·
1784 4132 1877 4182 καὶ

285 4224 468 4276 πάντα
492 4222 676 4281 αὐτοῖς
734 4218 1068 4290 διερωτῶσιν
1113 4220 1471 4288 ἀπήγγειλεν,
1507 4221 1604 4272 ὅσα
1638 4237 1696 4272 τε
1742 4238 1874 4272 κατο

286 4317 506 4383 ἔχοντες
558 4311 722 4364 αὑτὸν
777 4312 826 4362 oi
881 4310 1160 4379 μάρτυρες
1207 4309 1600 4380 διεπράξαντο·
1663 4311 1755 4362 καὶ
1802 4311 1878 4374 ὡς

281 4404 628 4476 ἐρυθριῶντα
657 4403 821 4455 αὑτὸν
843 4403 972 4472 περὶ
999 4401 1096 4472 τὴν
1120 4401 1420 4472 μετάληψιν
1444 4400 1872 4470 ἐθριάμϐευσανο

281 4498 381 4550 καὶ
413 4496 589 4564 τούτῳ
627 4496 727 4564 μὲν
760 4494 907 4563 αύτῷ
939 4493 1019 4562 τῷ
1048 4495 1232 4564 τρόπῳ
1266 4494 1400 4565 πρὸς
1430 4494 1529 4564 τὴν
1576 4493 1866 4564 καθολικὴν

1978 3317 2213 3382 quodam
2250 3321 2374 3381 post
2399 3312 2799 3365 absolutionem
2841 3327 2963 3380 qu:e
3021 3312 3090 3365 ab
3154 3313 3235 3366 eis
3291 3313 3556 3381 agebatur

1980 3405 2268 3463 facientes.
2304 3404 2518 3471 locique
2574 3403 2984 3456 venerationem
3041 3404 3436 3464 custodientes.
3491 3419 3554 3458 ac

1979 3493 2073 3548 Dei
2105 3492 2366 3546 Genitrici
2403 3493 2468 3546 ad
2505 3494 2808 3546 orationem
2854 3492 3070 3546 solitam
3138 3495 3550 3562 impendentes;

1977 3585 2069 3654 qtti
2096 3583 2374 3639 Julianum
2409 3583 2824 3638 communicare
2857 3583 3139 3651 videntes,
3197 3585 3263 3638 de
3309 3599 3558 3637 continuu-

1979 3677 2188 3731 tatione
2225 3676 2325 3728 viri
2355 3675 2651 3743 stupefacti
2683 3683 2835 3738 sunt,
2871 3687 2923 3728 et
2954 3677 3189 3729 imiccm
3222 3675 3552 3742 innuebant,

1979 3767 2213 3820 maxime
2244 3766 2328 3819 liis
2358 3767 2454 3833 qui
2482 3779 2590 3816 non
2631 3764 2876 3818 viderant
2921 3766 3023 3819 boc
3065 3774 3458 3820 monstrantes.
3491 3768 3557 3817 At

1981 3859 2069 3911 ille
2099 3874 2221 3910 cum
2266 3858 2536 3910 vivilieam
2564 3872 2746 3910 escam
2779 3857 2831 3908 in
2866 3860 3171 3910 visceribus
3216 3857 3557 3910 l't'COlltllallS-

1981 3961 2082 4010 set,
2117 3965 2212 4001 eos
2247 3963 2368 4002 mox
2399 3949 2656 4008 intuitus.
2695 3959 2746 4002 et
2773 3949 3102 4000 verecundia
3139 3950 3381 4014 repletus
3419 3966 3552 4000 era-

1984 4043 2120 4102 buit,
2154 4050 2206 4094 et
2232 4057 2259 4092 a
2289 4042 2496 4094 sanctis
2546 4039 2744 4092 factam
2787 4041 2890 4092 sibi
2924 4040 3346 4107 publicationem
3384 4040 3554 4094 fuisse

1981 4132 2260 4202 cngnovit,
2287 4140 2339 4184 et
2363 4131 2549 4183 omnia
2578 4131 2686 4183 illis
2718 4131 3169 4198 percontantibus
3197 4132 3548 4199 sigudicavit,

1977 4233 2183 4292 quanta
2214 4223 2465 4277 videlicet
2509 4223 2846 4274 instruentes
2865 4237 2988 4275 eum
3015 4229 3283 4290 martyres
3317 4222 3548 4290 egerint,

1977 4323 2032 4369 et
2072 4315 2309 4382 qualiter
2329 4315 2741 4367 erubescentem
2779 4313 2929 4365 illmn
2958 4312 3105 4365 circa
3151 4315 3555 4368 communionis

1979 4407 2382 4475 perceptionem
2415 4402 2835 4472 publicaverint.
2873 4401 2938 4453 Et
2991 4402 3092 4455 hoc
3129 4403 3349 4474 quidem
3386 4405 3555 4458 modo

1987 4497 2053 4550 ad
2086 4497 2413 4551 catholicam
2436 4495 2733 4549 Ecclesiam
2767 4496 3044 4563 copulatio
3080 4494 3222 4548 facta
3257 4504 3360 4559 est,
3386 4497 3553 4548 mira-

280 4587 620 4658 Ἐκκλησίαν
657 4586 922 4652 σννάφεια
948 4587 1193 4652 γέγονεν,
1229 4585 1506 4655 Θαύματος
1539 4588 1628 4639 καὶ
1667 4587 1866 4658 ἐκπλή-

1982 4587 2104 4641 culo
2130 4596 2183 4642 et
2205 4598 2427 4654 stupore
2455 4586 2652 4639 referta
2687 4593 2741 4639 et
2773 4592 3089 4639 sanctormn
3136 4587 3556 4641 mansuetudine

283 4681 421 4743 ξεως
458 4681 553 4732 καὶ
584 4679 683 4746 τῆς
722 4677 830 4728 τῶν
869 4678 1040 4744 ἁγίων
1089 4678 1429 4746 ἡμερότητος
1462 4679 1868 4750 πεπληρωμένη

281 4773 381 4824 καὶ
415 4770 641 4840 χάριτος
662 4786 674 4797 ο
771 4769 826 4820 δὲ
861 4768 1028 4836 ῥῶσις
1073 4767 1166 4820 τοῦ
1195 4768 1445 4837 σώματος
1471 4772 1537 4839 τῇ
1568 4771 1666 4838 τῆς
1695 4770 1870 4840 ψυχῆς

285 4860 582 4929 μεταθέσει
639 4859 980 4928 συνέτρεχεν.
1025 4859 1213 4928 Ἡμεῖς
1268 4859 1321 4910 δὲ
1379 4860 1476 4928 τὴν
1533 4861 1661 4929 περὶ
1704 4861 1870 4913 αύτοῦ

279 4954 541 5023 διήγησιν
595 4952 1095 5020 ἐκπληρώσαντες.
1151 4950 1248 5002 καὶ
1300 4951 1426 5012 τοὺς
1462 4951 1647 5017 ἁγίους
1704 4953 1873 5022 ὑμνη-

285 5060 520 5107 σαντες,
601 5044 687 5109 ἐφ’
741 5042 935 5109 ἑτέραν
998 5041 1179 5094 αὐτῶν
1232 5040 1686 5111 θαυματουργίαν
1749 5060 1874 5110 μετ-

283 5137 538 5206 έλθωμεν
565 5176 579 5197 ,
619 5140 717 5186 καὶ
775 5133 980 5201 ταύτης
1021 5132 1381 5201 ποιησώμεθα
1431 5134 1530 5202 τὴν
1591 5134 1868 5204 διήγησιν,

506 5228 602 5282 ll".
637 5226 773 5294 Περὶ
811 5227 1015 5280 Ἡλίου
1055 5223 1160 5277 τοῦ
1185 5225 1433 5290 λεπροῦ.

357 5321 432 5371 Τὸ
463 5322 544 5380 εἰς
585 5319 773 5370 Ἠλίαν
803 5318 858 5370 δέ
889 5318 978 5370 τὸν
1035 5315 1238 5386 λεπρὺν
1271 5315 1519 5386 πραχθὲν
1549 5320 1661 5379 τοῖς
1691 5317 1871 5382 ἁγίοις

280 5415 596 5483 τεράστιον,
630 5412 713 5473 τίς
744 5409 986 5472 ἀκούσας
1017 5409 1080 5460 οὐ
1100 5409 1372 5478 θαυμάσει
1404 5409 1528 5471 τοὺς
1544 5409 1870 5478 δράσαντας,

281 5508 384 5562 καὶ
441 5507 672 5558 πλεῖστα
705 5503 965 5556 δύνασθαι
991 5502 1339 5573 μαρτυρήσει
1370 5500 1448 5570 τῷ
1473 5502 1749 5569 θαύματι;
1775 5502 1875 5553 Λε-

283 5596 429 5666 πρδς
455 5597 484 5647 ὁ
501 5594 690 5656 Ἠλίας
717 5593 1036 5662 ἐτύγχανεν,
1071 5592 1169 5644 καὶ
1187 5591 1377 5660 χρόνον
1403 5589 1571 5642 πολὺν
1592 5589 1718 5658 ἔσχε
1749 5587 1874 5640 τοῦ·

282 5707 350 5742 το
378 5688 438 5739 τὸ
475 5687 818 5755 σύμπτωμα,
851 5685 948 5752 οὐχ
995 5684 1076 5735 ἑνὶ
1120 5683 1270 5752 μέλει
1298 5682 1498 5751 λεπρὸς
1535 5679 1874 5750 γνωριζόμε-

282 5799 404 5844 νος,
431 5779 548 5832 ἀλλ’
573 5780 631 5830 ἐν
658 5779 766 5846 ὅλῳ
799 5775 876 5846 τῷ
908 5775 1122 5846 σώματι
1151 5775 1248 5844 τῆς
1282 5773 1568 5836 ἀσθενείας
1597 5772 1778 5842 φέρων
1808 5773 1876 5824 τὰ

362 5894 407 5925 ³⁷
438 5893 630 5946 Μαι-Ι).
673 5908 721 5956 ι’,
765 5889 846 5943 16.

1978 4681 2181 4748 repleta
2208 4686 2261 4730 et
2290 4677 2486 4746 gratia.
2524 4677 2696 4729 Porio
2728 4677 3081 4730 ineolumitas
3126 4678 3378 4746 corporis
3427 4694 3552 4731 cum

1974 4771 2139 4823 animi
2172 4769 2474 4820 mmatione
2508 4767 2808 4820 concurrit.
2836 4765 2942 4820 Nos
2969 4777 3149 4819 autem
3180 4768 3550 4820 narrationem

1972 4863 2038 4916 de
2062 4863 2182 4930 ipso
2211 4859 2572 4927 complentes,
2603 4866 2937 4926 sanctosque
2969 4857 3274 4914 laudantes.
3301 4857 3367 4910 ad
3402 4856 3552 4909 aliud

1972 4967 2162 5008 eorum
2193 4950 2447 5002 mirabile
2479 4963 2618 5016 opus
2647 4947 3044 5014 (transeamus)
3073 4955 3127 5000 ct
3166 4947 3306 5000 lianc
3333 4960 3554 5016 quoque

1973 5043 2239 5098 faciamus
2271 5041 2661 5094 narrationem.

2405 5217 2545 5272 Xlll.
2584 5217 2661 5272 De
2688 5217 2845 5272 Helia
2873 5216 3096 5284 leproso.

2045 5315 2198 5382 Quod
2253 5321 2434 5366 autem
2474 5313 2526 5364 in
2572 5310 2723 5366 llelia
2774 5310 2995 5378 leproso
3052 5315 3328 5379 patratum
3374 5317 3458 5363 est
3517 5323 3550 5362 α

1974 5413 2183 5468 sanctis
2214 5408 2545 5480 prodigium.
2574 5407 2699 5476 quis
2726 5405 2957 5459 audiens
2981 5419 3088 5457 non
3121 5418 3218 5459 eos
3244 5403 3336 5473 qui
3366 5413 3550 5472 patra-

1976 5521 2105 5561 vere
2146 5501 2479 5565 mirabitur;
2516 5510 2571 5554 et
2606 5499 2759 5568 plura
2797 5512 2961 5566 posse
2989 5511 3154 5565 quam
3188 5495 3332 5550 istud
3375 5495 3545 5548 mira-

1977 5594 2160 5647 culum
2195 5589 2358 5642 l'uerit
2385 5586 2771 5642 attestabitur?
2813 5584 2997 5640 llelias
3029 5586 3211 5654 itaque
3247 5584 3334 5638 hic
3371 5586 3556 5653 lepro-

1976 5700 2071 5739 sus
2101 5689 2236 5745 erat,
2271 5690 2322 5734 et
2360 5680 2502 5734 hanc
2544 5679 2914 5732 concisionem
2966 5678 3136 5732 multo
3182 5687 3424 5746 tempore
3457 5677 3554 5727 ba-

1980 5774 2117 5838 buit,
2145 5787 2254 5827 non
2285 5771 2336 5826 in
2372 5785 2481 5827 uno
2515 5770 2761 5825 membro
2793 5770 3044 5837 leprosus
3074 5768 3320 5838 agnitus,
3348 5767 3440 5819 sed
3499 5767 3560 5818 in
