4294 6442
341 447 484 509 3165

1354 439 1651 499 Ηῖίῖἵίὶι
1691 438 1776 495 ΕΤ
1830 434 2148 494 ΙΗᾹΧΧΙΒ
2194 425 2580 495 ΜΙΗᾹΕΗΙΛ

3460 426 3600 488 3Δ65

345 581 596 630 θὲστατοι
663 574 934 641 μάρτυρες
989 571 1071 621 ἔτι
1125 567 1325 636 μᾶλλον
1365 566 1526 619 αὑτὸν
1579 564 1925 629 ἐλεήσαντες.
1960 559 2041 622 AI

1914 599 1925 610 .
1960 559 2002 622 Α
2036 566 2303 626 martyres
2339 561 2512 626 magis
2554 573 2720 626 super
2749 573 2813 612 eo
2845 557 3078 618 ntiscrti,
3124 554 3415 623 ιιι-(μήνειεο
3455 556 3609 608 nobis

342 668 538 723 Πείοου
569 667 664 718 καὶ
690 664 784 716 νῦν
805 664 934 731 ἡμῖν
951 661 1044 713 καὶ
1069 660 1314 730 δρομέως
1335 654 1932 725 ὑταᾶστρεφερεγουσιν,

341 759 436 811 καὶ
499 756 620 822 ὕψει
667 751 804 805 Θεοῦ
837 753 904 804 τά
933 750 1240 819 θαυμάσια,
1298 747 1397 801 καὶ
1441 747 1541 815 τὴν
1592 746 1684 796 ἐπὶ
1715 744 1800 794 σο“ι
1826 740 1936 793 τῶν

343 849 515 916 ἁγίων
538 845 846 913 ἐπίσκεψιν.
869 842 1013 913 Πρὸς
1031 842 1090 893 τὸ
1115 839 1295 893 αὐτῶν
1314 838 1406 890 οὖν
1425 836 1752 905 ἀφικόμενος
1777 833 1833 885 τέ
1843 849 1936 899 με·

343 956 455 999 νος,
520 937 802 1007 καμήλους
863 932 1117 1003 εὑρήσεις
1153 933 1245 982 ἐπὶ
1293 929 1391 998 τὴν
1422 925 1606 996 πηγὴν
1636 921 1933 994 παριούσας

345 1030 422 1091 ὡς
451 1028 741 1097 τέτταρας,
770 1026 866 1077 καὶ
882 1025 980 1093 τῆς
1000 1020 1270 1092 τετάρτης
1304 1017 1581 1088 ἐπιμελῶς
1604 1015 1704 1084 τὴν
1731 1014 1934 1081 κόπρον

344 1120 640 1188 δεξάμενος
679 1115 757 1185 τῷ
789 1117 888 1184 τῆς
922 1113 1108 1181 πηγῆς
1133 1111 1400 1164 άνάλυσον
1431 1109 1603 1172 ὖδατι,
1646 1105 1740 1158 καὶ
1761 1103 1934 1172 τούτῳ

347 1210 424 1276 τῷ
458 1209 722 1278 χρίσματι
774 1205 922 1257 ἅπαν
956 1221 1052 1254 σου
1089 1202 1150 1253 τὸ
1179 1201 1339 1270 σῶμα
1379 1199 1730 1266 κατάχρισον,
1766 1193 1933 1263 μηδὲν

343 1299 480 1360 ὅλως
513 1295 924 1365 παρερχόμενος
965 1293 1246 1361 ἄχριστον,
1314 1290 1400 1341 ἵνα
1434 1289 1509 1357 μὴ
1533 1288 1591 1337 τὸ
1625 1283 1816 1337 τούτου
1853 1281 1928 1351 μὴ

341 1390 632 1459 χριόμενον
692 1387 852 1457 μείνῃ
901 1385 1063 1436 πάλιν
1100 1383 1464 1436 κατάστικτον
1506 1379 1603 1429 καὶ
1660 1375 1832 1443 ταύτῃ
1864 1373 1930 1442 τῇ

341 1484 481 1548 νόσῳ
511 1480 776 1547 διηνεκῶς
811 1479 1199 1544 κατεχόμενον.
1237 1475 1343 1526 Καὶ
1369 1471 1543 1524 ταῦτα
1595 1469 1735 1521 κατὰ
1763 1466 1931 1536 πρόσ-

340 1589 489 1624 ωπον
519 1573 792 1635 λέξαντες,
834 1572 1059 1637 ἀφανεῖς
1095 1567 1306 1636 ἀθρόως
1344 1564 1609 1631 ἐγένοντο.

425 1664 483 1714 '0
517 1662 573 1714 δὲ
609 1662 758 1714 Θείαν
782 1658 920 1712 εἶναι
951 1662 1050 1727 τὴν
1079 1658 1201 1727 ὄψιν
1233 1656 1396 1718 εὐθὺς
1431 1653 1808 1722 λογισάμενος,
1839 1648 1932 1700 καὶ

341 1753 417 1816 ὡς
442 1753 598 1805 αὑτοί
621 1756 760 1805 εἰσιν
782 1755 832 1804 οἱ
863 1751 1183 1819 φαινόμενοι
1201 1750 1295 1801 καὶ
1323 1748 1495 1800 ταῦτα
1523 1743 1930 1815 προστάξαντες

2035 648 2197 701 etiam
2224 664 2389 710 nunc,
2414 657 2468 702 et
2497 649 2660 702 citius
2687 660 2980 713 revertere,
3014 647 3291 717 inquiunt,
3320 655 3373 698 et
3402 645 3612 698 videbis

2036 741 2330 803 mirabilia,
2383 750 2438 794 et
2472 756 2641 809 super
2678 750 2728 794 te
2758 740 3126 794 visitationem
3163 747 3504 795 sanctorum.
3535 739 3611 791 Aul

2035 845 2224 882 eorum
2259 831 2444 900 itaque
2471 832 2730 900 templum
2764 833 3043 900 prolectus
3091 832 3332 886 camelos
3367 829 3615 884 invenies

2037 934 2201 987 supra
2252 921 2454 974 fontem
2508 921 2706 976 adesse
2759 929 3020 990 quatuor,
3068 930 3121 974 et
3172 921 3352 990 quarti
3398 929 3615 975 stercus

2035 1010 2331 1080 diligenter
2382 1022 2671 1082 acceptum
2725 1027 2866 1082 aqua
2905 1012 3070 1067 fontis
3115 1013 3375 1074 dissolve,
3408 1018 3462 1067 et
3511 1013 3614 1065 hae

2039 1104 2299 1158 unctione
2339 1114 2508 1159 totum
2537 1121 2742 1175 corpus
2776 1117 2927 1159 tuum
2959 1105 3182 1176 inunge,
3225 1103 3364 1157 nihil
3391 1104 3614 1157 omnino

2036 1197 2460 1262 prmtcrtnittens
2510 1196 2692 1251 minus
2731 1199 3036 1261 immotum,
3061 1212 3130 1250 ne
3158 1196 3260 1248 hoc
3284 1193 3431 1264 quod
3455 1195 3616 1247 inun-

2035 1295 2181 1339 ctum
2217 1302 2321 1340 non
2366 1288 2548 1349 fuerit,
2574 1297 2789 1341 maneat
2827 1303 3016 1342 rursus
3040 1287 3489 1343 distinctionibus
3517 1302 3615 1341 va-

2035 1375 2258 1438 riatum,
2279 1387 2332 1430 et
2364 1379 2433 1430 ah
2458 1376 2560 1429 hoc
2587 1378 2848 1446 languore
2878 1379 3240 1431 colatinuatitn
3276 1392 3612 1447 possessum.

2036 1465 2097 1520 Et
2123 1470 2206 1522 bis
2237 1469 2290 1521 in
2318 1467 2510 1522 faciem
2538 1471 2684 1523 illius
2714 1470 2926 1533 edictis,
2953 1479 3173 1538 repente
3192 1469 3600 1539 disparuerunt.

2107 1646 2172 1697 At
2208 1645 2296 1699 ille
2319 1647 2555 1699 divinam
2594 1647 2766 1701 fuisse
2795 1647 3083 1712 visionem,
3115 1656 3169 1701 et
3202 1647 3345 1716 quod
3371 1646 3475 1716 ipsi
3501 1647 3617 1700 fue-

2038 1733 2165 1796 riut,
2203 1736 2295 1804 qtti
2353 1746 2738 1804 apparuerant,
2768 1745 2822 1788 et
2875 1737 2976 1788 ista
3033 1746 3421 1806 praeceperant,
3465 1752 3615 1792 mar-

347 1842 647 1910 μάρτυρες,
682 1839 980 1899 σπουδαίως
1010 1838 1145 1906 πρὸς
1175 1837 1237 1888 τὸ
1267 1835 1464 1887 σεπτὸν
1496 1833 1677 1886 αὐτῶν
1705 1831 1922 1900 ἔρχεται
1955 1809 2000 1867 Β
2031 1834 2043 1875 l

1919 1809 2179 1893 ,Btyrcs
2230 1841 2353 1878 mox
2409 1827 2740 1895 intelligens,
2797 1827 3125 1883 festinanter
3181 1831 3248 1884 ad
3303 1833 3615 1887 venerabile

341 1930 594 1996 τέμενος,
656 1929 752 1981 καὶ
803 1928 937 1997 πρὸς
969 1927 1068 1995 τῆς
1099 1925 1285 1993 πηγῆς
1317 1924 1415 1984 τὰς
1461 1922 1743 1992 λεχθείσας
1780 1920 1926 1989 αὐτῷ

343 2021 624 2090 καμήλους
663 2021 988 2091 εὑράμενος,
1016 2019 1116 2088 τὴν
1139 2019 1238 2087 τῆς
1284 2015 1601 2077 τελευταίας
1635 2012 1810 2074 ὁνθόν,
1853 2012 1928 2073 ὡς

342 2109 519 2175 εἷπον,
550 2110 840 2172 ἐπέλαὸεν,
879 2108 977 2161 καὶ
1005 2105 1213 2175 ταύτην
1241 2105 1342 2173 τῆς
1383 2104 1559 2156 αὑτῶν
1583 2102 1767 2170 πηγῆς
1793 2101 1928 2151 άποο

343 2206 544 2274 ϐρέξας
572 2207 683 2265 τοῖς
709 2199 1092 2271 νάμασιν.δλον
1117 2199 1312 2253 ἑαυτὸν
1340 2193 1927 2266 περιέχρισεν.’Έσχεν

341 2296 399 2348 δὲ
431 2293 712 2348 κάνταῦθα
778 2291 1076 2361 φθονοῦντα
1108 2290 1200 2343 τὸν
1228 2289 1475 2357 δαίμονα.
1511 2286 1621 2347 Τάς
1645 2285 1754 2354 γάρ
1779 2284 1930 2352 ὄψεις

342 2389 445 2437 οὑκ
478 2386 696 2456 ἔχρισεν
714 2383 775 2437 τὸ
791 2385 1014 2454 χρίσμα,
1052 2383 1242 2452 φησὶν,
1269 2381 1329 2433 τὸ
1357 2380 1619 2449 καθαῖρον
1637 2378 1796 2429 αὑτὸν
1825 2394 1927 2444 μυ-

347 2478 678 2545 σαττόμενος
702 2492 714 2502 ·
748 2476 869 2527 ὅθεν
923 2473 1232 2535 ἀκολούθως
1284 2473 1424 2525 κατᾶ
1453 2471 1550 2541 τήν
1591 2469 1701 2522 τῶν
1761 2467 1930 2535 ἁγίων

345 2568 685 2635 θεόφραστον
726 2566 997 2629 κέλευσιν,
1028 2564 1148 2618 ὃλον
1179 2565 1274 2634 μὲν
1303 2564 1464 2617 αὑτοῦ
1484 2563 1543 2615 τὸ
1574 2563 1732 2630 σῶμα
1763 2559 1933 2612 καθα-

347 2660 442 2727 ρὸν
469 2657 582 2710 τῶν
620 2657 938 2725 στιγμάτων
957 2654 1156 2716 εὑθέως
1191 2657 1429 2721 ἐγένετο,
1463 2653 1535 2705 τὺ.
1555 2654 1610 2704 δὲ
1640 2652 1933 2720 πρόσωπον

344 2750 568 2818 ἔμεινεν
600 2750 690 2801 διὰ
722 2748 839 2816 βίου
875 2747 1257 2800 κατάστικτον⁸
1292 2747 1389 2814 τῆς
1419 2745 1515 2812 μὲν
1556 2741 1723 2796 αὑτοῦ
1755 2758 1933 2810 παρα-

345 2841 478 2910 κοῆς
507 2841 567 2892 οὑ
600 2838 976 2908 κρυπτόμενος
1007 2837 1251 2905 ἔλεγχος,
1285 2836 1382 2903 τῆς
1409 2836 1464 2888 δὲ
1492 2835 1598 2885 τῶν
1635 2833 1934 2902 μαρτύρων

341 2931 630 3000 δυνάμεως
683 2931 778 2982 καὶ
835 2929 1348 2998 παραλογιζομένης
1405 2929 1706 2986 κελεύσεως
1759 2921 1935 2991 κήρυξ

342 3022 607 3090 ἁσίγητος
655 3021 749 3074 καὶ
782 3021 994 3088 μάρτυς
1027 3018 1242 3089 άληθῶς
1271 3018 1604 3082 ἀξιόπιστος·
1635 3017 1729 3068 καὶ
1761 3015 1932 3066 πολλὰ

347 3111 450 3179 μὲν
478 3111 668 3163 ἐαυτον
707 3110 806 3179 τῆς
844 3110 1135 3178 παρακοῆς
1167 3108 1354 3170 Ἠλίας
1381 3108 1686 3175 ἐμέμψατο,
1725 3105 1934 3176 ὤνησεν

340 3202 399 3254 δὲ
425 3203 486 3254 τὸ
518 3204 782 3270 παράπαν
842 3202 1022 3265 οὐδὲν,
1052 3201 1267 3271 ,ῶσπερ
1306 3200 1428 3251 οὐδὲ
1477 3199 1648 3252 Ἦσαῦ
1679 3199 1818 3270 μετὰ
1839 3200 1935 3253 δα-

342 3294 532 3362 κρύων
555 3293 871 3363 ἐκζητήσας
893 3291 1062 3344 αὑτοῦ
1092 3292 1158 3344 τά
1184 3291 1531 3362 πρωτότοκα.

474 3467 571 3523 L\'.
615 3469 752 3536 Περὶ
792 3469 1180 3537 Θεοπέμπτου
1224 3469 1331 3521 τοῦ
1359 3466 1810 3536 δαιμονιῶντος.

418 3559 642 3628 Ιιαρίτω
699 3559 816 3627 μετ’
858 3559 1045 3611 Ὶ-ιλίαν
1076 3561 1157 3621 είς
1207 3559 1371 3628 μέσον
1427 3562 1563 3627 ἡμῖν
1594 3560 1622 3611 ό
1681 3558 1939 3627 Θεόπεμ-

341 3668 476 3713 πτος
503 3650 825 3703 ἀκολουθίαν
860 3650 1164 3719 εὑραμένος
1188 3650 1470 3719 εὔκαιρον,
1500 3652 1597 3718 τῆς
1627 3651 1736 3703 τῶν
1770 3653 1938 3720 ήγου-

344 3742 525 3810 μένων
560 3741 840 3809 στοιχείων
897 3741 996 3809 τῆς
1042 3741 1321 3809 ἑκατέρων
1355 3743 1732 3812 προσηγορίας
1762 3740 1947 3809 φύλαξ·

341 3833 681 3894 συνθέσεως·
711 3834 807 3884 καὶ
826 3832 1094 3901 σύντομον
1134 3833 1232 3900 τῆς
1257 3835 1376 3884 κατ’
1409 3833 1571 3883 αὑτὸν
1603 3833 1941 3901 θαυματουρ-

339 3924 466 3984 πίας
517 3926 817 3992 ποιήσομαι
856 3924 956 3991 τὴν
985 3923 1258 3992 διήγησιν,
1302 3923 1610 3992 τέρπουσαν
1645 3927 1741 3984 μὲν
1781 3925 1934 3974 εὗσε-

341 4017 454 4068 ὗῶν
487 4017 614 4078 τοὺς
641 4017 958 4076 ἀκούοντας,
988 4015 1427 4082 ἁναγγέλλουσαν
1449 4015 1507 4067 δὲ
1531 4015 1598 4065 τα
1622 4015 1728 4065 τῶν
1759 4015 1929 4081 ἁγίων

347 4108 484 4160 κατὰ
508 4109 784 4175 δαιμόνων
820 4106 1176 4176 φοῦερώτατα
1211 4110 1464 4176 τρόπαια.
1487 4107 1798 4174 Ἐδαιμονία
1831 4107 1941 4158 δει-

340 4205 446 4266 νῶς
497 4206 525 4255 ό
569 4203 928 4270 Θεόπεμπτος
960 4243 974 4265 ,
1027 4201 1124 4252 καὶ
1171 4201 1281 4251 τῶν
1332 4199 1640 4270 ἀνθρώπων
1695 4199 1939 4266 ὑπῆρχεν

337 4297 537 4356 οὑῖεὶς,
588 4296 739 4350 ὅστις
773 4293 938 4346 αὑτὸν
971 4291 1195 4358 θεωρῶν
1228 4291 1329 4343 οὑκ
1360 4291 1680 4358 ἐδάκρυσεν.
1716 4289 1936 4340 Φιλοῦσι

339 4388 452 4455 γὰρ
473 4386 547 4447 ὡς
577 4385 786 4437 ἐπίπαν
814 4384 862 4435 οἱ
889 4383 1169 4450 ἄνθρωποι
1213 4383 1349 4451 προς
1378 4382 1504 4441 τοὺς
1530 4380 1764 4450 τοιούτῳ
1798 4381 1934 4449 μᾶ).-

2033 1918 2292 1986 templum
2340 1920 2581 1986 ipsorum
2619 1921 2787 1985 Venit,
2828 1931 2880 1976 et
2918 1930 3044 1974 ante
3076 1921 3278 1976 fontem
3307 1923 3418 1992 jam
3451 1924 3616 1980 dictis

2031 2009 2257 2061 camelis
2291 2009 2548 2074 inventis,
2601 2012 2886 2066 novissimi
2932 2024 3150 2068 stercus
3179 2015 3325 2068 sicut
3362 2016 3616 2069 dixerant

2032 2100 2286 2166 sumpsit,
2318 2115 2364 2153 et
2406 2103 2455 2155 il
2499 2103 2664 2156 fontis
2698 2119 2886 2156 eorum
2938 2106 3122 2176 rigans
3165 2106 3404 2174 fluentis,
3438 2114 3612 2162 totum

2032 2205 2152 2242 sese
2192 2192 2469 2258 pcrunvit.
2510 2191 2708 2245 llalmit
2759 2202 2939 2246 autem
2986 2206 3037 2249 et
3091 2195 3178 2249 hic
3225 2196 3421 2249 iterum
3477 2197 3616 2250 invi-

2033 2279 2246 2332 dentem
2288 2280 2392 2333 sibi
2431 2282 2745 2343 dialzolum;
2789 2298 2914 2336 nam
2968 2283 3160 2337 faciem
3218 2299 3326 2340 non
3377 2286 3612 2352 inunxit,

2033 2373 2188 2439 quasi
2267 2375 2581 2428 unctionem
2653 2385 2974 2447 purgantem
3044 2378 3403 2444 abominatis;
3470 2381 3616 2434 unde

2035 2477 2454 2533 consequenter,
2494 2466 2647 2534 juxta
2685 2476 3002 2521 sanctorum
3052 2468 3362 2538 deiloquam
3409 2469 3614 2538 jussio-

2036 2570 2178 2616 nem,
2217 2565 2389 2610 totum
2421 2559 2639 2627 quidem
2666 2575 2866 2630 corpus
2895 2562 3016 2627 ejus
3044 2561 3303 2615 mundum
3337 2579 3366 2616 a
3392 2564 3614 2632 stigma-

2036 2646 2182 2699 tibus
2210 2647 2475 2700 continuo
2507 2647 2707 2702 factum
2735 2656 2854 2712 est;
2895 2666 3058 2719 porro
3093 2650 3260 2705 facies
3295 2653 3614 2720 permansit.

2036 2745 2148 2790 tota
2210 2738 2320 2790 vita
2385 2753 2505 2802 sua,
2555 2741 2820 2795 varietate
2879 2743 3168 2803 distincta;
3233 2743 3619 2799 inobedientia:

2035 2826 2255 2894 quidem
2308 2828 2432 2894 ejus
2500 2843 2605 2882 non
2662 2831 2988 2884 occultanda
3041 2833 3336 2900 correptio,
3399 2832 3619 2888 virtutis

2037 2929 2218 2971 autem
2270 2928 2578 2990 martyrum
2633 2928 2686 2975 et
2729 2937 2836 2974 non
2890 2924 3306 2978 contemnenda:
3353 2924 3620 2994 jussionis

2037 3025 2217 3078 prmco
2277 3027 2385 3065 non
2449 3023 2660 3078 tacens,
2712 3023 2765 3068 et
2812 3016 2968 3069 testis
3011 3031 3202 3070 revera
3254 3015 3357 3071 fide
3414 3019 3618 3088 dignis.

2041 3103 2245 3167 sitnus;
2303 3113 2357 3156 et
2412 3106 2642 3157 multum
2694 3106 2913 3174 quidem
2966 3117 3134 3160 semet
3188 3106 3331 3163 Elias
3397 3122 3623 3180 propter

2046 3191 2469 3246 inobedicntiam
2502 3195 2810 3258 incursabat,
2832 3196 2926 3250 sed
2955 3196 3087 3250 nihil
3118 3198 3344 3251 omnino
3368 3199 3622 3268 profecit,

2042 3285 2502 3351 quemadmodum
2545 3302 2644 3340 nec
2679 3287 2845 3350 Esau,
2871 3288 2960 3356 qui
2996 3290 3159 3343 etiam
3196 3304 3321 3343 cum
3359 3289 3623 3362 lacrymis

2045 3375 2331 3442 requisivit
2362 3376 2724 3445 primogenita
2755 3394 2877 3432 sua.

2309 3465 2451 3521 XIV.
2489 3469 2561 3521 Ile
2597 3468 2924 3537 Theopompo
2954 3471 3365 3528 dmuonizaute.

2115 3557 2352 3611 Accedat
2406 3569 2529 3626 post
2583 3558 2752 3612 Elian:
2808 3562 2968 3614 nobis
3028 3564 3081 3616 in
3151 3565 3392 3618 medium
3440 3563 3622 3620 Theo-

2045 3663 2299 3718 pompas,
2333 3650 2749 3719 t-oagrnentimu
2782 3661 3149 3721 opportunam
3185 3655 3482 3723 primorum
3512 3657 3618 3711 ele-

2047 3755 2351 3800 trentorum
2411 3749 2462 3799 iu
2515 3748 2800 3801 amborum
2845 3751 3084 3803 nominis
3135 3754 3406 3820 positione
3439 3764 3623 3809 custo-

2045 3836 2223 3896 diens.
2265 3847 2319 3892 et
2376 3837 2596 3893 brevem
2651 3838 2812 3893 faciat
2874 3840 2925 3893 in
2989 3856 3048 3896 se
3110 3844 3308 3910 patrati
3370 3845 3623 3900 miraculi

2046 3930 2439 3990 narrationem,
2472 3946 2592 4000 qua:
2629 3931 2714 4000 pia
2744 3932 3005 3986 delectari
3039 3933 3197 3987 faciat
3235 3935 3542 3999 audientes,
3573 3948 3626 3992 et

2045 4029 2360 4075 sanctorum
2428 4031 2622 4074 cotrtra
2725 4022 3000 4080 daemones
3076 4036 3279 4096 tropaea
3341 4030 3626 4084 denuntiet

2047 4112 2354 4165 metuenda.
2417 4110 2820 4165 Dzentonizabat
2877 4114 3080 4168 acriter
3122 4115 3530 4188 Theopompus,
3573 4130 3628 4174 it

2048 4201 2329 4254 hominum
2359 4209 2476 4255 erat
2509 4202 2691 4255 nullus
2720 4203 2810 4272 qtti
2845 4219 2969 4257 eum
3004 4204 3195 4261 videns
3227 4223 3334 4261 non
3359 4209 3627 4280 lacryma-

2046 4300 2213 4343 retur.
2257 4291 2455 4344 Amant
2503 4292 2646 4344 enim
2697 4307 2763 4345 ex
2823 4308 2975 4346 more
3021 4295 3273 4350 homines
3326 4299 3624 4365 incurvari,

2046 4386 2390 4452 maximeque
2444 4385 2509 4436 ad
2563 4399 2660 4439 eos
2701 4383 2794 4454 qui
2858 4385 3169 4454 huiusmodi
3215 4391 3470 4457 passione
3500 4407 3623 4460 pre-

341 4476 436 4527 λον
477 4474 882 4542 κατεχομένους
939 4474 1207 4542 νοσήματι
1263 4471 1799 4540 κατακάμπτεσθαι,
1858 4473 1940 4524 ὅτι
1976 4490 2023 4548 ι)

1925 4491 1940 4523 ι
1976 4490 2023 4548 ι)
2049 4487 2289 4536 ntuutur,
2320 4475 2446 4543 quia
2477 4476 2712 4529 fortasse
2742 4491 2851 4529 non
2888 4477 3082 4530 vitium
3115 4479 3366 4547 corporis
3400 4491 3620 4548 exsmt;

339 4571 481 4636 ττὶχσ
518 4567 593 4636 μὴ
618 4566 797 4624 πάθος
859 4564 1195 4634 καθέστηκεν
1227 4564 1497 4634 σώματος.
1533 4565 1706 4618 Τοῦτο
1740 4566 1850 4635 γὰρ
1877 4565 1937 4628 ὲξ

336 4665 515 4732 ἀρχῆς
571 4661 668 4713 τοῦ
708 4661 867 4724 ξύλου
897 4660 998 4729 τῆς
1058 4659 1347 4730 παρακοῆς
1406 4659 1542 4713 εἴσω
1595 4661 1937 4730 παραδείσου

336 4753 684 4822 γευσάμενος
723 4751 973 4819 φυσικῶς
1035 4751 1317 4822 ὑπηνέχθη
1371 4754 1483 4814 τοῖς
1534 4751 1785 4810 πάθεσιν,
1844 4751 1938 4803 καὶ

334 4843 584 4897 δουλεύει
613 4842 793 4913 φθορᾷ
822 4844 920 4896 καὶ
951 4847 1064 4904 τοῖς
1094 4844 1195 4910 τῆς
1224 4843 1430 4913 φθορᾶς
1457 4842 1819 4912 όλισθήμασιν
1842 4845 1938 4895 καὶ

343 4937 514 5006 μήπω
564 4935 744 4987 θανὼν
777 4933 1068 5003 ίδιώμασιν
1117 4934 1279 5004 μέχρι
1329 4935 1427 5002 τῆς
1476 4935 1695 4986 πάντων
1754 4934 1937 5002 κοινῆς

339 5028 720 5090 ἀναστάσεως,
748 5024 877 5078 ἔνθα
907 5024 1082 5094 φθορά
1107 5040 1166 5076 τε
1199 5025 1291 5076 καὶ
1325 5024 1391 5075 τά
1426 5024 1526 5092 τὴν
1559 5022 1766 5090 φθορὰν
1810 5040 1935 5074 συν-

334 5119 634 5185 ιισάγοντα
683 5116 922 5186 θανάτῳ,
953 5116 1234 5177 παντελῶς
1260 5115 1611 5168 καταλύεται.
1643 5115 1805 5167 ’Λλλὰ
1830 5115 1936 5183 ψυ-

334 5211 441 5280 χῆς
471 5211 743 5263 ἀθανάτου
787 5211 938 5280 παρα
996 5210 1159 5276 φύσιν
1189 5210 1251 5263 τὸ
1283 5208 1522 5277 νόσημα.
1574 5209 1668 5260 καὶ
1710 5208 1930 5274 φύσεως

335 5299 624 5368 ἀφθάρτου
686 5300 869 5368 χάριτι
927 5296 1066 5349 Θεοῦ
1127 5296 1222 5349 τοῦ
1259 5298 1593 5365 ποιήσαντος
1645 5295 1934 5358 άλλοίωσίς

331 5409 421 5454 τις
454 5391 552 5444 καὶ
605 5391 777 5453 πάθος
821 5389 1028 5459 φθορᾶς
1087 5390 1470 5460 παραπλήσιον
1509 5389 1781 5457 δαιμόνων
1839 5391 1936 5441 ἐπ-

335 5483 506 5554 ηρείᾳ
561 5482 890 5551 τικτόμενον
917 5499 930 5512 ·
965 5484 1013 5535 εἰ
1039 5483 1132 5535 καὶ
1163 5480 1300 5534 Θεοῦ
1333 5481 1607 5551 ὑπερῦολῇ
1630 5481 1935 5552 φιλανθρω-

332 5574 472 5636 πίας
498 5570 857 5642 δεικνύμενον
895 5573 1030 5642 πρὸς
1059 5571 1333 5640 ὠφέλειαν
1379 5569 1621 5638 γίνεσθαι
1668 5571 1778 5622 τῶν
1829 5587 1935 5623 πα-

332 5667 580 5732 σχόντων
597 5663 762 5725 αὑτος
795 5663 1197 5732 συνεχώρησεν.

411 5754 605 5824 Τούτῳ
660 5754 1021 5823 θεόπεμπτος
1049 5754 1130 5825 τῷ
1157 5754 1429 5823 νοσήματι
1479 5754 1624 5806 ὀκτὼ
1675 5753 1769 5806 καὶ
1802 5753 1934 5806 δέκα

331 5847 635 5911 δουλεύσας
693 5852 808 5911 τοῖς
863 5848 1062 5910 ἔτεσιν,
1098 5851 1191 5902 καὶ
1226 5851 1426 5919 μηκέτι
1461 5852 1650 5918 φέρειν
1679 5851 1771 5904 τοῦ
1812 5851 1932 5904 δαί-

711 5942 983 6003 ΡΑτιιοι..
1028 5943 1147 6003 (in.
1194 5943 1571 6008 LXXXV".

2044 4568 2146 4618 hoc
2189 4565 2334 4618 enim
2389 4566 2456 4618 ab
2509 4566 2664 4618 initio
2693 4582 2817 4620 cum
2850 4566 2918 4620 de
2951 4568 3095 4637 ligno
3131 4569 3516 4625 inobedieutlze
3569 4575 3623 4626 in

2043 4655 2300 4724 paradiso
2355 4663 2627 4720 gustatum
2672 4655 2886 4721 fuisset,
2935 4659 3262 4712 naturaliter
3313 4662 3620 4731 subjectum

2039 4757 2122 4802 est
2153 4751 2500 4818 passiouibus
2540 4759 2591 4802 ct
2626 4751 2797 4804 servit
2829 4754 3203 4822 corruptionis
3259 4755 3424 4808 etiam
3486 4774 3616 4811 nou-

2039 4837 2165 4890 tluur
2201 4839 2440 4892 tnuriens
2481 4840 2933 4909 proprietatibus,
2963 4857 3137 4910 usque
3180 4843 3246 4896 ad
3274 4860 3620 4900 communem

2040 4933 2284 4984 utnnium
2339 4932 2836 4998 resurrectionem;
2889 4933 2980 4987 ubi
3035 4937 3340 5005 corruptio,
3393 4943 3450 4990 et
3504 4953 3623 5005 quae

2039 5024 2448 5093 corruptionem
2478 5021 2721 5077 inferunt
2749 5035 2971 5087 mortes,
2998 5026 3176 5080 modis
3211 5027 3468 5082 omnibus
3527 5030 3623 5083 de—

2040 5121 2361 5176 struentur;
2397 5112 2492 5168 sed
2536 5114 3082 5170 auitmeitnmortalis
3127 5125 3324 5183 printer
3369 5126 3619 5172 naturam

2039 5213 2124 5258 est
2156 5204 2404 5272 languor,
2429 5211 2484 5256 et
2515 5212 2723 5256 natura:
2744 5203 3178 5274 incorruptibilis
3199 5206 3372 5276 gratia
3397 5205 3488 5262 Dei
3525 5211 3618 5278 qui

2042 5294 2167 5349 fecit
2215 5310 2358 5357 eam,
2406 5296 2762 5349 commutatio
2822 5297 3107 5367 quaedam,
3167 5309 3223 5353 et
3281 5304 3618 5371 eorruptioui

2040 5387 2220 5456 passio
2253 5397 2338 5440 est
2367 5387 2586 5448 similis,
2619 5386 3016 5442 danuoniorum
3070 5392 3424 5460 suggestione
3470 5405 3617 5454 nata,

2037 5485 2092 5531 ct
2118 5478 2243 5530 odio
2275 5478 2447 5530 nostri
2480 5485 2686 5531 statuta
2714 5495 2729 5542 ;
2757 5479 3010 5548 quamvis
3035 5478 3180 5534 Deus
3203 5485 3617 5550 supereminen-

2037 5569 2168 5621 tiam
2217 5569 2589 5622 miserationis
2622 5571 2918 5626 ostendens
2953 5588 3063 5626 non
3097 5572 3148 5625 id
3179 5574 3285 5628 nisi
3308 5576 3374 5626 ad
3402 5576 3616 5643 patieno

2038 5664 2170 5713 tium
2205 5661 2318 5714 lieri
2355 5662 2640 5716 utilitatEm
2673 5661 2985 5716 indulserit.

2117 5757 2251 5810 Huic
2282 5756 2667 5825 Theopompus
2698 5773 2821 5811 cum
2869 5759 3117 5830 languori
3158 5762 3319 5816 annis
3345 5761 3533 5816 decem
3569 5775 3622 5817 et

2045 5862 2167 5909 octo
2199 5851 2479 5914 servisset,
2498 5857 2550 5902 rt
2572 5853 2708 5921 ultra
2733 5850 2871 5906 ferre
2889 5851 3152 5906 dmmouis
3173 5853 3376 5905 rabiem
3399 5851 3628 5911 minime

3139 5945 3254 6002 109
