4294 6442
732 365 865 428 3471

1585 368 1646 426 S.
1681 367 2095 427 SOI’IIRONH
2139 368 2635 428 Ρ;ιἰ’[ιι.›ιιι(;ιι.-ιι
2669 373 3067 439 ΗΙΕΒΟὸῌΙι.

3860 387 4000 451 3472

739 486 792 529 et
824 476 962 530 alios
990 476 1242 530 homines
1273 474 1534 529 discretio
1565 475 1643 542 fit,
1681 491 1789 529 non
1823 478 1998 530 solum
2039 492 2175 546 pene
2223 478 2326 530 im-
2357 481 2399 536 Α
2429 481 2435 526 ί

2301 505 2326 514 -
2357 481 2399 536 Α
2429 477 2485 530 δὲ
2557 480 2615 532 τὸ
2668 483 2730 534 ἐκ
2791 484 2979 537 τούτου
3033 487 3339 559 διισκινήτῳ
3372 489 3662 559 βαδίσματι
3693 492 3997 562 χρώμενος,

732 566 920 620 mobili
955 582 1147 636 gressu
1183 582 1248 620 ex
1309 565 1412 619 hoc
1468 581 1623 629 usus,
1685 567 1770 618 vix
1815 583 1937 620 sese
1993 567 2151 620 nobis
2195 577 2314 619 tau-

734 672 900 724 quam
930 672 1086 726 apem
1122 658 1174 710 in
1217 657 1395 710 hieme
1426 655 1857 722 demonstravit;
1894 657 1985 711 sed
2016 673 2182 726 super
2219 659 2318 710 liii-

728 747 966 815 jusinodi
1031 746 1291 814 languore
1348 743 1602 799 fortassis
1659 755 1711 798 et
1767 746 1882 814 ipse
1936 745 2220 807 confusus,
2269 756 2322 798 ct

731 853 886 893 suam
923 839 1096 907 ipsius
1126 837 1315 891 volens
1364 836 1641 890 occultare
1685 835 2098 898 inlirmitatem;
2141 851 2317 902 quan-

729 945 890 999 quam
935 945 1101 994 super
1140 929 1335 983 anima:
1384 928 1523 996 jtissi
1575 943 1765 982 sumus
1808 927 2154 991 erubescere,
2212 943 2318 979 non

730 1040 895 1092 super
967 1023 1218 1093 corporis
1297 1020 1718 1090 passionibus.¢
1782 1017 2125 1073 Erubesi-ant
2175 1017 2316 1071 enim

730 1116 881 1184 impii
927 1125 980 1169 et
1010 1115 1368 1175 deducantur,
1408 1111 1975 1181 iuquit,iuinferniuu
2004 1110 2073 1164 ί.»
2115 1109 2178 1162 Et
2221 1111 2318 1164 ite-

729 1224 880 1261 rum:
909 1206 1232 1268 «Erubesce,
1253 1205 1535 1267 Siilon,ait
1557 1206 1775 1266 mare’;
1807 1223 1823 1252 ι
1855 1203 2212 1255 idololatriam
2234 1200 2317 1254 Si-

726 1301 885 1353 donis
908 1297 1418 1352 nomineiudicans.
1453 1298 1517 1351 Et
1549 1310 1783 1349 rursus:
1818 1314 1835 1345 ι
1875 1293 2315 1355 Confundantor,

724 1403 776 1447 et
807 1397 1161 1446 revereantur
1182 1404 1373 1443 omnes
1411 1389 1502 1457 qui
1531 1387 1764 1441 oderunt
1797 1385 1928 1440 Sion
1957 1384 2030 1439 ³.»
2057 1385 2316 1438 Dominus

725 1500 944 1555 quoque
990 1486 1043 1537 in
1078 1482 1456 1537 confusionem
1505 1480 1801 1534 mittendos
1848 1492 2105 1533 internum
2135 1519 2148 1541 ,
2208 1491 2313 1529 non

725 1596 820 1635 eos
866 1580 960 1650 qui
1015 1578 1394 1646 corporalibus
1446 1574 1797 1644 passionibus
1869 1577 2311 1639 prmgravantur;

726 1674 842 1740 ipse
873 1673 1016 1726 enim
1050 1669 1398 1723 infirmitates
1452 1673 1673 1720 nostras
1704 1671 1757 1716 ct
1801 1663 2093 1732 languorcs
2130 1667 2312 1729 porta-

723 1765 836 1825 vit;
874 1761 967 1817 sed
1012 1776 1106 1815 eos
1149 1760 1243 1829 qui
1293 1757 1596 1813 secundum
1657 1755 1895 1806 animam
1937 1751 2304 1809 inlirmantur,

725 1863 778 1909 et
809 1855 1074 1908 malorum
1097 1851 1382 1922 operarios
1406 1857 1651 1913 actuum,
1689 1845 1846 1899 dixit.

806 1947 910 1998 Alii
973 1944 1176 2013 quippe
1232 1943 1554 2012 languorum
1628 1949 1759 1994 sunt
1826 1951 1932 1990 non
1966 1933 2303 1994 voluntarii,

724 2044 993 2105 quotquot
1058 2032 1576 2101 seilieet.corporis
1632 2038 1688 2084 ct
1735 2029 1881 2082 circa
1932 2043 2133 2095 corpus
2183 2039 2307 2078 esse

725 2135 1050 2181 noscuntur.
1103 2125 1206 2177 Alii
1242 2138 1374 2177 vero
1409 2121 1731 2184 voluntarii,
1775 2134 1828 2172 et
1864 2119 1956 2186 qui
2008 2133 2070 2171 ex
2116 2130 2306 2171 nostro

723 2223 1022 2290 gignuntur
1051 2217 1308 2282 consilio,
1356 2223 1626 2286 quotquot
1674 2212 1930 2266 videlicet
1979 2211 2176 2263 animm
2225 2212 2305 2263 in-

725 2312 1051 2366 tellectualis
1079 2319 1133 2363 et
1164 2310 1392 2362 liberum
1429 2305 1682 2359 habentis
1711 2303 2027 2360 arbitrium.
2057 2301 2302 2369 pulchri.

724 2403 970 2456 tudinem
1027 2402 1338 2468 dissipant;
1375 2405 1428 2453 et
1480 2397 1604 2450 ideo
1635 2409 1800 2463 super
1845 2393 1931 2446 his
1979 2395 2069 2460 qui
2130 2394 2307 2460 pi-imo

721 2497 848 2549 dicti
879 2503 1027 2557 sunt,
1056 2493 1238 2545 nullus
1264 2506 1364 2545 nos
1396 2497 1716 2543 sanctorum
1735 2500 2027 2540 accusasse
2061 2498 2302 2550 unquam

722 2593 964 2655 apparet,
999 2600 1104 2637 non
1141 2584 1247 2648 lex,
1296 2596 1405 2635 non
1439 2580 1724 2650 propheta,
1779 2593 1886 2630 non
1938 2577 2143 2645 justus,
2195 2589 2300 2626 non

722 2676 1028 2746 apostolus,
1060 2689 1168 2728 non
1203 2672 1463 2740 magister
1511 2670 1619 2739 (his
1667 2668 1814 2722 enim
1867 2676 1924 2718 et
1978 2667 2079 2734 ipsi
2114 2681 2306 2719 omnes

722 2769 952 2838 subjecti
994 2775 1144 2828 sunt,
1182 2773 1439 2834 tanquam
1482 2761 1535 2814 hi
1597 2760 1692 2830 qui
1733 2760 1910 2814 simile
1953 2766 2144 2812 nostro
2187 2771 2306 2810 cor-

723 2874 824 2926 pus
856 2853 1258 2925 portaverunt),
1311 2866 1416 2905 non
1456 2851 1571 2919 ipse
1605 2849 1868 2902 Dominus
1896 2849 2073 2899 laetus
2125 2847 2304 2908 hoino,

721 2961 774 3002 i-t
804 2950 1079 3002 exsistcns
1132 2946 1330 3001 similis
1361 2945 1520 2997 nobis
1551 2942 1848 3010 passibilis,
1887 2949 1939 2993 et
1976 2955 2069 3008 per
2106 2954 2307 3006 corpus

723 3051 778 3095 et
812 3039 1193 3094 rationabilem
1239 3036 1476 3090 animam
1524 3033 1687 3087 unius
1733 3034 2016 3086 nobiscum
2051 3032 2306 3084 substan-

2425 571 2615 622 ἑαυτὸν
2642 573 2773 642 ἡμῖν
2833 575 2908 636 ὡς
2932 578 2988 629 ὲν
3009 576 3237 646 χειμῶνι
3306 578 3567 648 μέλισσαν
3601 579 3823 646 ἔδειξεν,
3883 584 3998 636 ἀλλ’

2423 655 2514 706 ἐπὶ
2534 655 2612 723 τῷ
2640 659 2864 730 τοιούτῳ
2896 665 3163 733 νοσήματι
3200 666 3339 733 τάχα
3395 667 3489 718 καὶ
3543 667 3706 730 αὐτὸς
3753 673 4000 741 αἰσχυνό·

2426 763 2603 814 μενος,
2641 751 2732 801 καὶ
2750 752 3013 819 κρύπτειν
3053 754 3254 807 ἐθέλων
3291 757 3483 809 ἑαυτοῦ
3526 759 3625 827 τὴν
3690 761 3998 826 ἀσθένειαν,

2423 838 2599 892 καίτοι
2636 841 2884 911 ψυχικοῖς
2920 847 2980 898 οὐ
3033 847 3141 916 γάρ
3192 852 3528 916 σωματικοῖς
3570 853 3997 923 ἐπαισχύνεσθαι

2426 933 2876 1003 προσετάχθημεν
2903 937 3132 989 πάθεσιν
3159 955 3173 969 ο
3215 957 3233 990 ι
3267 940 3705 1010 Δίσχυνθείησαν
3735 945 3866 1013 γάρ,
3896 962 3995 1013 φη-

2424 1022 2529 1084 σὶν,
2555 1032 2603 1075 ot
2631 1026 2853 1088 ἀσεϐεῖς
2872 1029 2963 1080 καὶ
2987 1030 3391 1100 καταχθείησαν
3421 1033 3500 1094 είς
3526 1033 3652 1102 ᾆῖου
3675 1049 3688 1063 ·
3734 1054 3749 1084 i
3775 1037 3868 1087 καὶ
3889 1038 3996 1088 πέτ-

2420 1113 2520 1164 λιν’
2543 1132 2558 1164 ι
2585 1116 2934 1188 Δίσχύνθητι,
2957 1119 3142 1182 Σιδὼν,
3162 1116 3313 1173 εἶπεν
3333 1124 3364 1190 ἡ
3384 1121 3629 1176 θάλασσα
3647 1141 3662 1156 ·
3689 1143 3706 1173 ι
3728 1124 3821 1194 τὴν
3845 1128 3985 1179 εἰδω-

2418 1200 2733 1274 λολατρείαν
2786 1207 2863 1277 τῷ
2885 1209 2982 1278 τῆς
3026 1211 3252 1274 Σιδῶνος
3303 1211 3550 1280 δηλώσας
3584 1214 3850 1280 ὀνόματι·
3902 1217 3997 1268 καὶ

2418 1295 2576 1360 αὖθις
2603 1313 2619 1327 ⁸
2670 1319 2687 1350 ι
2725 1301 3183 1370 Αίσχυνθήτωσαν
3201 1306 3292 1356 καὶ
3317 1305 3827 1376 ἀποστραφήτωσαν
3858 1309 3995 1361 πάν-

2423 1406 2511 1451 τες
2541 1390 2590 1442 οἱ
2624 1391 2908 1458 μισοῦντες
2952 1391 3093 1445 Σιών
3129 1409 3142 1419 ·
3176 1412 3192 1442 ι
3231 1395 3326 1446 καὶ
3386 1395 3413 1446 ό
3448 1397 3648 1465 Κύριος
3678 1397 3732 1448 δὲ
3758 1401 3883 1460 τοὺς
3914 1401 3993 1462 εἰς

2415 1482 2676 1551 αἰσχύνην
2696 1476 3414 1552 ὲκπεμπομένουςάίὼνιον,
3446 1488 3506 1538 ού
3558 1490 3686 1550 τοὺς
3748 1506 3984 1558 σωματι-

2415 1577 2528 1637 κοῖς
2555 1575 2837 1644 βρίθοντας
2866 1576 3094 1628 πάθεσιν
3143 1577 3327 1644 (αὐτὸς
3341 1579 3446 1649 γάρ
3476 1581 3571 1631 καὶ
3595 1581 3691 1642 τάς
3708 1581 3992 1645 ἀσθενείας

2413 1663 2571 1732 ἡμῶν
2594 1665 2689 1716 καὶ
2717 1665 2816 1727 τὰς
2846 1665 3030 1728 νόσους
3051 1667 3546 1736 ἐ6άστασεν),ἀλλά
3577 1673 3704 1732 τοὺς
3735 1672 3988 1740 ψυχικῶς

2411 1753 2815 1825 ἀσθενήσαντας
2840 1757 2934 1809 καὶ
2971 1758 3190 1825 φαύλων
3230 1763 3466 1828 ἐργάτας
3493 1763 3816 1831 γενομένους
3852 1768 3991 1834 πρά-

2339 1823 2378 1876 ”
2413 1843 2465 1909 ξε
2473 1864 2548 1897 ων
2577 1823 2818 1917 ε-ῖρηκεν.

2480 1939 2562 1992 Τὰ
2597 1940 2698 2010 μὲν
2747 1942 2856 2011 γάρ
2888 1943 3038 1994 ἐστιν
3070 1941 3181 1994 τῶν
3233 1945 3556 2013 νοσημάτων
3584 1928 3840 2009 ἀκούσια,
3882 1947 3983 1998 δσα

2409 2029 2660 2100 σώματος
2703 2033 2798 2084 καὶ
2828 2034 2956 2102 περὶ
2990 2034 3148 2104 σῶμα
3178 2036 3506 2105 γνωρίζεται
3545 2052 3557 2064 ·
3579 2039 3644 2087 τὰ
3677 2037 3733 2088 δὲ
3763 2038 3987 2088 ἑκούσια

2407 2123 2501 2175 καὶ
2538 2125 2763 2193 γνώμης
2811 2125 3086 2195 ἡμετέρας
3145 2130 3424 2196 κυήματα,
3484 2128 3584 2180 ὅσα
3633 2127 3814 2197 ψυχῆς
3855 2129 3990 2180 αὐτ-

2407 2215 2652 2279 εξουσίου
2689 2218 2782 2268 καὶ
2807 2219 2999 2286 νοερᾶς
3023 2217 3216 2280 κάλλος
3235 2217 3576 2288 λυμαίνεται·
3611 2221 3705 2272 καὶ
3733 2218 3991 2272 διατοῦτο

2408 2305 2538 2372 περὶ
2580 2306 2680 2374 μὲν
2706 2307 2816 2358 τῶν
2847 2308 3128 2378 προτέρων
3150 2308 3322 2371 οὐδεὶς
3349 2311 3481 2379 ἡμῖν
3506 2310 3614 2362 τῶν
3675 2310 3847 2377 ἁγίων
3896 2313 3990 2378 ὲγ-

2407 2399 2642 2461 καλέσας
2667 2400 2916 2466 φαίνεταί
2956 2417 3112 2464 ποτε,
3157 2401 3218 2454 ού
3245 2401 3430 2471 νόμος,
3458 2402 3518 2453 ού
3569 2403 3878 2471 προφήτης,
3924 2404 3985 2451 ού

2406 2491 2634 2554 δίκαιος,
2667 2498 2766 2543 οὐκ
2797 2493 3119 2557 ἀπόστολος,
3165 2495 3226 2546 οὐ
3252 2493 3572 2556 διδάσκαλος
3612 2495 3840 2563 (τούτοις
3881 2497 3989 2561 γαρ

2407 2585 2502 2633 καὶ
2538 2581 2692 2632 αὐτοὶ
2716 2582 2914 2644 πάντες
2937 2583 3243 2646 ὑπέκειντο,
3281 2583 3356 2644 ὡς
3406 2585 3566 2650 σῶμα
3613 2577 3744 2653 ἡμῖν
3802 2599 3955 2651 παρα

2409 2671 2652 2741 πλησίως
2674 2673 3004 2742 φορέσαντες
3038 2689 3051 2701 ⁸
3081 2669 3142 2727 οὗ
3175 2674 3270 2726 καὶ
3293 2673 3455 2736 αὐτὸς
3489 2676 3517 2726 ό
3577 2675 3783 2743 Κύριος
3835 2673 3988 2738 γενό-

2411 2780 2568 2832 μενος
2613 2763 2899 2831 ἄνθρωπος
2934 2765 3026 2816 καὶ
3065 2765 3415 2834 χρηματίσας
3455 2765 3586 2832 ἡμῖν
3617 2762 3978 2831 ὁμοιοπαθὴς,

2408 2854 2499 2904 καὶ
2528 2852 2613 2904 δια
2640 2853 2797 2921 σῶμα
2814 2855 2906 2904 καὶ
2931 2851 3107 2921 ψυχὴν
3136 2852 3360 2922 λογικὴν
3388 2852 3699 2920 ὁμοούσιος)
3730 2865 3744 2880 ’
3780 2850 3906 2919 περὶ
3930 2850 3986 2900 δὲ

2406 2944 2514 2993 τὼν
2532 2942 2630 3011 τῆς
2652 2943 2830 3012 ψυχῆς
2856 2943 3255 3015 προαιρετικὼν
3291 2945 3383 2996 καὶ
3403 2943 3503 2996 ούκ
3535 2942 3851 3009 ἀναγκαίων
3877 2958 3983 2992 πα-

2408 3033 2517 3084 θῶν
2539 3035 2868 3086 ἐνεκάλεσαν
2907 3036 3165 3098 ἆπαντες,
3208 3036 3370 3105 νόμος
3421 3037 3518 3104 μὲν
3549 3033 3986 3104 τιμωρούμενος,

725 3138 837 3188 the.
867 3133 1046 3201 Super
1073 3131 1268 3183 anima:
1297 3143 1428 3181 vero
1460 3125 1789 3180 voluntariis
1818 3131 1872 3175 et
1907 3138 2013 3175 non
2051 3136 2302 3175 necessa-
2331 3161 2372 3218 C
2409 3144 2421 3178 ι

2293 3149 2302 3159 ’
2331 3161 2372 3218 C
2409 3129 2502 3179 καὶ
2531 3127 2868 3196 κατάλληλον
2896 3127 3096 3194 ὁρίζων
3129 3125 3207 3196 τῷ
3233 3127 3395 3178 πάθει
3427 3127 3527 3196 τὴν
3558 3125 3780 3177 κόλασιν
3801 3142 3819 3158 ο
3854 3142 3989 3194 προ-

724 3227 825 3278 riis
871 3222 1227 3293 passionibus
1257 3217 1441 3288 questi
1476 3228 1601 3272 sunt
1629 3213 1894 3277 universi,
1930 3214 2012 3267 lex
2051 3213 2302 3266 videlicet

727 3319 959 3389 puniens
989 3318 1380 3384 congruentem
1427 3308 1561 3362 vitio
1597 3321 1812 3376 pinnam
1851 3304 2142 3367 delinieus,
2174 3320 2302 3372 pro-

727 3414 901 3480 pbet:e
942 3408 1009 3460 ab
1065 3407 1153 3460 his
1202 3401 1588 3458 abstinendum
1639 3398 1916 3467 jubentes,
1971 3404 2023 3450 et
2078 3397 2301 3449 meliora

727 3497 1121 3568 providendum
1153 3495 1458 3555 hortantes,
1486 3489 1620 3558 justi
1651 3499 1746 3539 eas
1771 3485 2024 3538 deserere
2054 3497 2300 3536 commo~

726 3600 940 3653 nentes,
975 3587 1208 3658 apostoli
1243 3581 1730 3649 transmigratione
1762 3593 1949 3631 carum
1999 3591 2161 3628 manu
2200 3573 2296 3626 du-

725 3691 932 3741 centes,
985 3688 1037 3733 ct
1081 3675 1322 3746 magistri
1374 3675 1572 3726 harum
1613 3671 1792 3737 fugam
1834 3666 2201 3721 insinuantes.
2238 3666 2301 3716 At

725 3788 856 3823 *γι-ο
889 3769 1149 3822 Dominus
1193 3768 1402 3836 primus
1439 3762 1597 3815 nobis
1649 3758 1876 3828 juStitize
1928 3759 2067 3809 viam
2119 3765 2302 3809 osten-

725 3863 886 3922 dens,
919 3867 973 3910 et
1002 3857 1252 3910 semitam
1287 3853 1357 3906 ab
1403 3850 1598 3904 anima:
1653 3847 2007 3917 passionibus
2061 3845 2302 3914 perferte

729 3949 1016 4007 recedendi
1073 3947 1286 4017 primus
1333 3942 1654 4004 inveniens,
1708 3938 1966 3992 omnibus
2021 3936 2224 3990 Discite
2271 3951 2300 3988 a

730 4062 838 4107 me,
874 4037 1307 4096 misericorditer
1329 4043 1412 4090 est
1441 4034 1655 4086 allatus.
1695 4030 1802 4085 Pro
1821 4031 1906 4085 his
1933 4030 2076 4083 enim
2107 4043 2297 4098 pugnas

727 4153 828 4208 pro
853 4150 917 4190 eo
948 4132 1092 4203 quod
1154 4131 1207 4184 in
1265 4128 1423 4181 nobis
1463 4124 1706 4195 profecto
1759 4137 1947 4176 earum
1979 4120 2298 4175 exsistentia

727 4230 819 4287 sit,
861 4228 1075 4279 luemus
1100 4230 1154 4275 et
1197 4217 1634 4273 sustinebimus:
1673 4226 1894 4283 prepter
1940 4213 2039 4265 bas
2073 4222 2127 4266 ct
2158 4210 2303 4279 judi-

727 4321 998 4380 cabimur,
1030 4326 1084 4368 et
1115 4310 1381 4366 tribunali
1414 4308 1618 4362 Christi
1672 4306 2020 4369 assistemus,
2068 4321 2190 4357 eum
2235 4305 2303 4356 de

727 4413 867 4467 cwlo
897 4411 1060 4478 jutlex
1098 4403 1380 4459 advenerit
1412 4401 1640 4454 reddere
1669 4400 1962 4467 unicuique
2002 4394 2299 4450 secundum

2407 3219 2572 3287 φῆται
2597 3218 2799 3271 τούτων
2868 3217 3196 3287 ᾶπὲχεσθαι,
3257 3219 3350 3269 καὶ
3401 3217 3471 3268 τὰ
3539 3216 3775 3286 κρείττω
3831 3232 3992 3285 μετα-

2407 3310 2676 3362 ποιεῖσθαι
2705 3309 3023 3370 κελεύοντες
3065 3325 3080 3340 ο
3107 3310 3312 3362 δίκαιοι
3373 3306 3772 3378 παραινοῦντες
3806 3308 3986 3359 αὐτῶν

2404 3401 2502 3469 τὴν
2533 3400 2838 3468 ἀπόλειψιν,
2875 3399 3158 3451 ἀπόστολοι
3199 3399 3674 3470 χειραγωγοῦντες
3710 3399 3850 3468 πρὸς
3877 3401 3981 3466 τὴν

2404 3495 2498 3547 ἀπ’
2541 3493 2722 3545 αὐτῶν
2772 3494 3193 3563 μετανάστασιν,
3239 3491 3558 3544 διδάσκαλοι
3604 3491 3812 3545 τούτων
3852 3493 3988 3559 ἡμῖν

2403 3586 2501 3656 τὴν
2528 3586 2706 3654 φυγὴν
2735 3585 3147 3652 ὑποφαίνοντες.
3169 3584 3227 3635 Ὀ
3253 3584 3308 3636 δὲ
3367 3583 3572 3653 Κύριος
3603 3583 3822 3654 πρῶτος
3852 3584 3989 3652 ἡμίι

2402 3679 2498 3746 τῆς
2518 3674 2862 3744 δικαιοσύνης
2920 3675 3038 3727 ὁδὸν
3075 3674 3477 3743 ἐνδειξάμενος,
3519 3674 3612 3726 καὶ
3643 3673 3831 3743 τρίϐον
3885 3673 3987 3739 τῆς

2401 3767 2510 3820 ἀπὸ
2532 3766 2640 3818 τῶν
2663 3767 2687 3833 λέ
2703 3767 2908 3833 υχικών
2947 3765 3135 3817 παθῶν
3167 3765 3381 3826 τελείας
3401 3765 3800 3833 ἀναχωρήσεως
3836 3764 3988 3831 πρῶ-

2401 3876 2489 3921 τος
2517 3858 2834 3926 εὑράμενος,
2882 3860 3047 3909 πᾶσιν
3077 3855 3172 3919 τὸ,
3215 3855 3432 3908 Μάθετε
3480 3856 3576 3908 ἀπ’
3606 3854 3768 3923 ἐμοῦ,
3801 3852 3986 3920 φιλαν-

2403 3945 2636 4017 θρώπως
2667 3946 2987 4022 ἐφθέγξατο.
3035 3945 3208 4012 ’Υπὲρ
3248 3943 3454 3997 τούτων
3489 3944 3596 4011 γάρ
3623 3943 3721 4004 τας
3755 3942 3989 4002 εὐθύνας

2403 4041 2477 4101 ὡς
2533 4041 2587 4090 ὲν
2653 4039 2784 4107 ἡμῖν
2831 4038 2999 4106 οὖσης
3053 4037 3233 4090 αὐτῶν
3286 4036 3526 4105 δηλονότι
3561 4037 3659 4104 τῆς
3699 4034 3989 4103 ὑπάρξεως

2404 4129 2785 4198 ἀπαιτούμεθα
2816 4143 2829 4156 ’
2862 4129 2956 4180 καὶ
2975 4129 3244 4197 ὐφέξομεν
3273 4130 3366 4180 καὶ
3399 4127 3708 4198 κρινόμενοι
3765 4130 3860 4178 καὶ
3892 4123 3993 4190 βή-

2407 4239 2536 4292 ματι
2567 4220 2804 4288 Χριστοῦ
2835 4219 3243 4290 παριστάμεθα,
3285 4221 3413 4271 ὅταν
3444 4217 3500 4281 ἐξ
3556 4217 3785 4287 ούρανοῦ
3806 4219 3835 4269 ὁ
3871 4235 3995 4287 κρι-

2403 4313 2502 4381 τὴς
2557 4311 2918 4380 παραγίνεται
2969 4309 3261 4361 ἀποδοῦναι
3311 4310 3528 4378 ἑκάστῳ
3553 4309 3694 4360 κατὰ
3724 4309 3790 4360 τά
3848 4307 3991 4375 ἔργα

2405 4401 2594 4465 αὑτοῦ,
2623 4402 2682 4453 οὺ
2711 4400 2852 4454 κατὰ
2878 4400 2946 4452 τά
2974 4398 3121 4468 πάθη
3143 4399 3236 4451 τοῦ
3269 4399 3540 4467 σώματος.
3579 4419 3594 4447 ι
3625 4400 3832 4460 ιΙαντες
3857 4406 3928 4464 γα
3940 4417 3991 4467 ρ.

732 4516 898 4570 opera
928 4515 1049 4560 sua,
1078 4505 1130 4549 et
1156 4510 1263 4548 non
1286 4492 1583 4547 secundum
1611 4489 2025 4558 viiiaicorporis.
2061 4505 2077 4534 σ
2103 4488 2305 4539 Omnes
2342 4509 2382 4563 ι)
2417 4512 2428 4543 ι

2300 4504 2305 4536 ι
2342 4509 2382 4563 ι)
2417 4494 2606 4563 φησὶν,
2633 4492 3101 4562 παραστησόμεθα
3131 4491 3205 4558 τῷ
3232 4492 3436 4562 βῄματι
3464 4489 3559 4544 τοῦ
3590 4490 3850 4560 Χριστοῦ,
3908 4493 3996 4542 ἰια

727 4594 872 4645 enim
911 4605 1031 4645 nos.
1067 4586 1262 4654 inquit,
1311 4581 1651 4636 manifestari
1685 4588 1900 4650 oportet
1950 4586 2077 4632 aute
2130 4576 2305 4629 tribu-

731 4687 816 4738 nd
849 4681 1076 4744 Christi,
1107 4686 1164 4731 ut
1203 4676 1404 4731 referat
1435 4674 1818 4744 unusquisque
1859 4671 2077 4742 propria
2112 4685 2306 4738 corpo-

727 4781 805 4830 ris
839 4780 995 4842 prout
1024 4770 1218 4840 gessit,
1247 4769 1363 4821 sive
1392 4767 1618 4828 bonum,
1642 4766 1756 4820 sive
1797 4765 1998 4817 malum
2022 4763 2062 4814 ⁸.
2108 4779 2126 4811 ι

809 4863 949 4929 Ergo
982 4861 1260 4913 incassum
1309 4871 1473 4925 super
1526 4854 1656 4907 vitio
1696 4853 1967 4921 corpmali
2012 4850 2307 4903 Zacharias

729 4955 1110 5012 crubesvebat.
1142 4964 1186 5006 et
1227 4959 1493 5021 quotquot
1533 4965 1695 5018 super
1749 4947 1998 5016 corporis
2035 4944 2306 5014 passioni-

733 5052 834 5103 bus
868 5048 1299 5106 confunduntur,
1347 5058 1544 5096 causas
1576 5040 1922 5094 confusionis
1957 5037 2300 5106 ignorantes,

731 5152 784 5193 et
821 5139 985 5206 hujus
1019 5151 1126 5190 nou
1165 5136 1300 5188 bene
1342 5135 1585 5186 ordinem
1627 5138 1992 5184 reversantes.
2029 5127 2181 5179 Licet
2223 5128 2310 5180 hic

733 5230 823 5281 vix
861 5228 1192 5296 apparuerit,
1211 5236 1263 5276 et
1280 5221 1723 5290 sero,aliquamlo
1742 5227 2114 5272 verumtamen
2132 5216 2309 5285 profe-

731 5330 853 5371 itus
884 5319 951 5372 ad
984 5331 1296 5370 sanctorum
1331 5315 1474 5368 venit
1523 5313 1830 5372 basilicam,
1881 5325 2020 5378 quos
2056 5309 2311 5374 depreca-

733 5413 912 5471 bitur,
948 5422 996 5463 ei
1032 5411 1226 5462 iterum
1276 5407 1640 5478 supplicabat,
1679 5420 1787 5472 quo
1840 5418 1899 5456 se
1951 5420 1977 5453 a
2019 5402 2312 5469 gravedine

735 5501 1049 5553 hbeiarcnl.
1089 5501 1158 5552 At
1193 5499 1376 5557 illi,a.l
1420 5513 1543 5550 eum
1584 5505 1744 5548 noctu
1780 5495 2083 5555 venientes,
2111 5506 2309 5543 conve-

739 5609 884 5647 niunt
926 5605 1268 5646 assrrrutes:
1307 5590 1595 5653 Zacliaria,
1645 5587 1772 5656 quid
1824 5586 1890 5639 ad
1927 5601 2024 5639 nos
2072 5583 2306 5636 venisti?

807 5767 831 5803 ί
859 5770 1005 5830 Ρδιιί.
1042 5791 1166 5838 xxx,
1207 5776 1284 5826 l8.
1376 5773 1393 5800 ³
1425 5771 1529 5824 lsa.
1564 5784 1717 5830 xxiii,
1753 5769 1802 5818 ί.

1884 5765 1903 5796 ³
1925 5763 2044 5818 i‘sal
2085 5778 2312 5817 cxxvm.
2349 5763 2398 5812 3.

2409 4585 2699 4654 κομίσηται
2723 4585 2954 4646 ἕκαστος
2990 4584 3124 4653 πρὸς
3154 4583 3190 4635 ἃ
3209 4583 3442 4651 ἔπραξεν
3475 4583 3562 4633 διὰ
3586 4581 3680 4632 τοῦ
3714 4581 3993 4650 σώματος,

2409 4677 2518 4728 εἴτε
2548 4675 2772 4743 ἀγαθὸν,
2805 4674 2915 4725 εἴτε
2944 4673 3164 4743 φαῦλον.
3211 4691 3228 4722 ›

2483 4853 2693 4905 Οὐκοῦν
2736 4853 2912 4921 μάτην
2939 4852 3032 4902 ἐπὶ
3064 4851 3224 4904 πάθει
3271 4849 3572 4920 σωματικῷ
3603 4853 3698 4904 καὶ
3720 4852 4000 4922 Ζαχαρίας

2411 4947 2747 5014 αἰσχύνεται,
2770 4947 2859 4996 καὶ
2881 4946 2993 4996 ὅσοι
3018 4945 3136 4995 κατ’
3155 4945 3316 4995 αὐτὸν
3336 4945 3428 4996 ἐπὶ
3458 4948 3790 5012 σωματικοῖς
3803 4946 4001 5012 αἰσχύ-

2415 5053 2594 5086 νονῖαι
2631 5034 2879 5094 πάθεσιν,
2912 5034 3011 5100 τῆς
3043 5032 3308 5100 αἰσχύνης
3363 5032 3682 5099 ἀγνοοῦντες
3715 5034 3784 5086 τά
3820 5034 4000 5091 αἴτια,

2417 5130 2508 5178 καὶ
2525 5125 2726 5190 ταύτης
2753 5125 2850 5193 τὴν
2874 5124 3024 5187 τάξιν
3056 5125 3117 5176 ού
3152 5123 3334 5185 καλὼς
3361 5125 3836 5195 ἀντιστρέφοντες.
3858 5124 4006 5176 Ἀλλ’

2417 5217 2465 5266 εἰ
2498 5216 2590 5268 καὶ
2621 5215 2773 5283 μόλις
2803 5213 2973 5280 ἐφάνη
3006 5214 3106 5282 ὀψέ
3140 5230 3291 5275 ποτε,
3324 5212 3461 5278 πλὴν
3485 5213 3634 5280 ὅμως
3657 5214 3890 5280 ἀφίκετο
3909 5216 4005 5266 καὶ

2426 5307 2486 5358 τὸ
2521 5306 2630 5357 τῶν
2656 5305 2824 5372 ἁγίων
2856 5304 3156 5358 κατέλαϐεν
3183 5305 3430 5374 τέμενος·
3461 5305 3556 5358 καὶ
3581 5305 3794 5366 τούτοις
3822 5305 4004 5357 ἐδέετο

2417 5401 2510 5453 καὶ
2563 5398 2723 5450 πάλιν
2788 5398 3029 5450 ἱκέτευεν
3074 5398 3452 5467 ἀπαλλαγῆναι
3501 5396 3596 5449 τοῦ
3624 5401 3733 5449 τῶν
3759 5397 4005 5466 διδύμων

2418 5489 2557 5558 βαρή
2567 5504 2756 5558 ματος.
2803 5489 2864 5540 Οἱ
2889 5487 2944 5539 δὲ
2968 5488 3160 5550 νυκτὸς
3183 5487 3314 5557 πρὸς
3347 5486 3509 5540 αὐτὸν
3536 5487 3783 5549 ἐλθόντες
3806 5488 4009 5540 καθείη-

2416 5582 2601 5643 δοντα,
2628 5578 2972 5648 Ζαχαρία,τί,
2998 5580 3184 5647 φασὶν,
3216 5579 3350 5650 πρὸς
3402 5580 3548 5649 ἡμᾶς
3587 5579 4008 5648 παραγέγοναςς

2489 5762 2507 5790 ³
2541 5761 2576 5813 ΙΙ
2621 5762 2746 5815 Cir.
2785 5779 2834 5825 ι’,
2869 5763 2947 5812 Ιᾴι.
