4294 6442
329 450 362 513 3
371 450 469 516 .l'ffl

1328 458 1434 518 SS.
1472 460 1643 519 CYlll
1676 462 1770 521 ΕΤ
1792 462 2111 523 JUANNIS
2148 464 2556 523 MllUCULA.

3445 456 3585 523 33.75

339 562 397 611 ὐ
426 562 482 614 δὲ
507 560 607 631 τὴν
644 561 822 614 αἰτίαν
849 563 1198 632 ύπερυθριὼν
1250 583 1368 629 πως
1417 570 1736 639 αἰδούμενος
1795 573 1903 626 ύπ-

2018 572 2112 638 Qui
2146 574 2482 629 erubescens
2520 580 2684 641 atque
2728 570 3017 636 reveritus,
3052 584 3276 625 causam
3302 568 3385 623 eis
3409 570 3569 620 dixit.

325 648 624 703 εδείκνυεν.
691 652 756 703 Οἱ
783 650 842 702 δὲ
878 651 1176 723 μάρτυρες,
1211 653 1554 719 παιδεύοντες
1594 659 1755 710 αὐτὸν
1818 659 1908 711 ἐπὶ

330 742 664 807 σωματικοῖς
695 741 1017 812 παθήμασιν
1051 744 1125 813 μὴ
1147 745 1524 814 αἰσχύνεσθαι,
1559 748 1730 815 δεῖξαι
1802 751 1906 803 αὐ-

329 834 441 893 τοῖς
464 831 526 883 τὸ
553 831 726 895 πάθος
757 833 1072 901 ἠνάγκαζον
1133 839 1214 899 εἰς
1270 837 1339 890 τά
1376 840 1668 893 παιδοποιά
1732 858 1911 911 προσ-

330 921 559 975 ἑταττον
588 922 778 993 μόρια.
854 923 914 977 '0
962 924 1020 977 δὲ
1072 926 1135 978 τὸ
1167 927 1460 982 κελευσθὲν
1482 931 1744 1000 αἰσχύνης
1774 932 1907 987 ἀνά-

330 1012 510 1076 πλεως
532 1013 805 1083 ἔπραττεν
836 1031 852 1045 ·
881 1016 1198 1088 ἀντιστῆναι
1233 1019 1343 1090 γὰρ
1374 1020 1440 1073 δι’
1467 1021 1600 1074 αίδὼ
1642 1025 1755 1088 τοῖς
1820 1042 1910 1078 κε-

328 1104 587 1158 λεύουσιν
607 1106 711 1158 οὐκ
750 1106 1006 1174 ἠδύνατο.
1044 1109 1110 1161 Οἳ
1131 1110 1200 1162 τὰ
1233 1111 1498 1180 λεχθέντα
1533 1113 1696 1183 μόρια
1728 1116 1909 1184 ἠρέμα

332 1210 448 1256 πως
475 1198 599 1257 ταῖς
662 1198 819 1266 χερσὶ
867 1198 1247 1268 καταψήξεσιν
1282 1202 1744 1270 φυγαδεύσαντες.
1774 1207 1907 1259 οἶκοι

329 1288 531 1353 χωρεῖν
554 1289 966 1358 ἐπιτρέπωσιν·
985 1291 1140 1352 Ἰδοὺ,
1160 1292 1348 1361 φησὶν,
1373 1294 1542 1346 κακὸν
1570 1295 1714 1364 ἔχεις
1732 1296 1905 1359 οὐδὲν,

329 1375 446 1427 ἀλλ’
474 1377 714 1439 ἀναστάς
744 1381 1091 1449 εἰρηνοποιοῦ
1114 1381 1214 1451 τὴν
1243 1384 1321 1446 είς
1344 1378 1492 1437 οἷκον
1524 1385 1804 1439 ἐπάνοδον.
1848 1387 1908 1439 ’0

328 1467 385 1520 δὲ
413 1474 674 1538 στραφεὶς
715 1475 833 1541 μετ’
863 1475 1070 1527 ἐκεῖνον
1091 1474 1181 1527 τὸν
1203 1474 1488 1539 ληξίπονον
1517 1479 1750 1549 ὄνειρον,
1786 1496 1913 1532 συν-

329 1561 660 1624 αποπτάσας
706 1563 858 1632 αὐτῷ
879 1563 990 1617 τῶν
1019 1564 1257 1634 διδύμων
1310 1567 1409 1628 τάς
1438 1567 1674 1637 οἰδήσεις
1723 1571 1912 1639 ἐπεγί-

330 1667 600 1716 γνωσκεν,
630 1655 723 1707 καὶ
759 1656 921 1707 πόνου
955 1656 1253 1727 λυτρωθεὶς
1278 1659 1373 1710 καὶ
1438 1661 1702 1713 κακίστου
1741 1661 1916 1731 βαρήο

335 1759 506 1808 ματος
533 1760 546 1773 ο
578 1747 671 1797 καὶ
698 1748 821 1808 ταῖς
849 1747 1151 1816 εὐφημίαις
1187 1748 1540 1816 στεφανώσας
1566 1753 1689 1815 τοὺς
1713 1753 1915 1806 τούτων

334 1832 499 1884 αὐτὸν
520 1832 988 1905 ἐλευθερώσαντας
1019 1838 1324 1907 μάρτυρας,
1387 1842 1477 1891 καὶ
1543 1842 1776 1911 Χριστὸν
1824 1844 1915 1895 τὸν

2019 663 2191 718 Porro
2230 674 2519 734 martyres,
2543 662 2904 731 corripientes
2923 674 3049 716 eum
3079 674 3148 715 ne
3189 672 3356 728 super
3385 671 3584 724 corpo-

2015 754 2092 809 ris
2122 755 2474 825 passionibus
2504 754 2874 817 erubesceret,
2907 752 3198 808 ostendere
3247 748 3354 805 sibi
3398 756 3584 818 partes

2014 846 2402 915 praecipiebant
2432 860 2555 915 qua
2590 843 2733 900 lilios
2769 849 3081 914 procreant,
3114 856 3343 911 quaeque
3369 838 3587 911 passio-

2015 951 2137 990 nem
2166 937 2533 992 cernebantur
2571 936 2776 991 habere
2814 952 2830 989 :
2864 943 2919 989 at
2952 933 3045 989 ille
3072 932 3219 1002 quod
3254 932 3470 1001 iussum
3500 936 3586 985 est

2014 1027 2141 1082 licet
2172 1027 2367 1096 plenus
2400 1026 2726 1082 verecundia
2758 1024 2955 1097 gessit,
2997 1024 3257 1078 resistere
3285 1022 3487 1092 quippe
3516 1020 3586 1075 ob

2014 1117 2275 1186 pudorem
2309 1116 2635 1188 iubentibus
2694 1131 2806 1171 non
2854 1114 3092 1170 valebat.
3153 1111 3258 1179 Qui
3301 1111 3585 1181 praedictas

2013 1210 2263 1278 corporis
2307 1219 2496 1278 partes
2545 1206 2739 1262 leniter
2784 1207 3038 1262 manibus
3086 1203 3486 1267 contricantes,
3533 1211 3583 1255 et

2015 1300 2247 1355 tumoris
2291 1298 2506 1370 pondus
2553 1297 3050 1353 confricationibus
3094 1297 3434 1361 ellricantes,
3487 1293 3585 1347 do-

2015 1405 2162 1444 mum
2208 1390 2467 1462 repedare
2522 1389 2887 1462 praecipiunt:
2929 1387 3091 1453 Ecce,
3119 1387 3396 1458 inquiunt,
3455 1385 3584 1441 mali

2018 1481 2150 1535 nihil
2179 1482 2369 1546 habes,
2407 1481 2505 1538 sed
2532 1497 2717 1552 surge,
2770 1481 2824 1535 in
2859 1495 2992 1551 pace
3024 1479 3090 1534 ad
3117 1479 3344 1534 donmm
3374 1476 3461 1532 l‘ac
3501 1493 3585 1532 re-

2014 1571 2211 1627 ditum.
2260 1571 2355 1627 Ille
2387 1582 2569 1626 autem
2607 1586 2910 1627 conversus
2958 1581 3080 1640 post
3129 1570 3277 1625 illam
3322 1569 3585 1624 visionem

2014 1676 2139 1729 quae
2171 1660 2414 1715 dolorem
2475 1669 2902 1731 compresserat,
2959 1676 3083 1715 cum
3130 1674 3193 1714 ea
3245 1659 3407 1715 simul
3459 1674 3585 1712 aro-

2017 1751 2161 1807 lasse
2206 1754 2583 1807 testiculorum
2643 1760 2890 1807 tumores
2956 1753 3239 1821 cognorit,
3289 1759 3346 1806 et
3399 1750 3586 1805 dolore

2020 1842 2367 1912 pessimaque
2410 1843 2706 1914 gravedine
2753 1843 3040 1906 liberatus,
3095 1842 3457 1910 laudibusque
3501 1856 3584 1896 re-

333 1924 401 1977 δι¹
417 1925 600 1978 αὐτῶν
637 1925 735 1996 τὴν
760 1925 1075 1997 ἐλευθερίαν
1102 1928 1249 1999 αύτῷ
1264 1929 1533 1999 ὀρέξαντα
1551 1930 1645 1984 τοῦ
1670 1934 1911 2002 νοσήμα-

2018 1932 2223 1988 dimitis
2255 1934 2588 2004 martyribus
2617 1934 2711 2003 qui
2761 1948 2822 1988 se
2858 1933 2954 1986 tali
2999 1933 3367 1987 liberaverant
3410 1947 3439 1985 a
3474 1932 3587 1985 latt-

330 2038 452 2086 τος,
490 2022 852 2093 ἀπελήλυθεν.

332 2221 430 2273 ΙΖ’.
462 2220 601 2289 Περὶ
642 2222 913 2276 Ἰωάννου
940 2223 1049 2295 τοῦ
1082 2223 1410 2295 Χρυσώνου
1448 2224 1557 2278 τοῦ
1609 2225 1910 2295 (mamme-

683 2308 834 2356 γους
856 2291 1001 2358 τοὺς
1020 2292 1253 2361 μηροὺς
1280 2295 1553 2362 ἔχοντος.

402 2382 513 2434 Καὶ
555 2383 804 2436 Ἰωάννου
831 2384 888 2437 δὲ
919 2384 1406 2455 μνημονεύσιιιμεν,
1442 2387 1542 2439 οὐκ
1580 2386 1771 2456 ἐπειδὴ
1796 2385 1908 2439 τῶν

328 2471 679 2541 εὐπατρίδων
704 2469 794 2543 ἦν,
836 2474 932 2527 καὶ
966 2474 1075 2528 τῶν
1111 2477 1203 2527 ἐπὶ
1245 2473 1434 2545 χρυσῷ
1467 2475 1913 2545 βρενθυνομένων

330 2561 651 2631 ἐτύγχανε-ι’
692 2562 847 2616 ἔνθεν
877 2565 988 2635 γὰρ
1019 2566 1430 2635 καὶΧρυσώνης
1460 2567 1701 2635 ἐλέγετο.
1732 2567 1827 2620 τοῦ
1852 2585 1911 2622 τι

332 2653 618 2721 κτήματος
649 2654 855 2723 καὶτῆς
874 2656 1243 2726 ἐγχειρήσεως
1258 2659 1394 2726 πρὸς
1425 2656 1584 2710 τοῦτο
1607 2659 1770 2711 αὐτὸν
1786 2675 1912 2712 συν-

329 2744 888 2817 ωθούντωντδδνομα·
921 2747 1022 2800 οὐκ
1038 2748 1102 2801 ἂν
1120 2748 1228 2816 γάρ
1254 2749 1296 2800 Χ
1307 2752 1555 2817 ρυσὼνης
1581 2752 1674 2803 καὶ
1690 2750 1913 2818 χρυσίου

331 2834 586 2904 χηρεύων
615 2836 851 2904 ἐλέγετο.
872 2841 922 2891 εἰ
955 2840 1029 2908 μὴ
1063 2840 1248 2909 κτῆμα
1278 2841 1503 2908 χρυςίου
1533 2841 1914 2914 λαμπρότερον

332 2928 470 2997 πρὸς
499 2928 610 2980 τῶν
637 2930 811 2996 ἁγίων
842 2932 944 3000 τὴν
988 2931 1155 3001 ρὦιν
1204 2933 1422 2997 ἐδέξατο
1452 2952 1465 2964 ο
1521 2936 1549 2987 ὃ
1599 2937 1692 2988 καὶ
1749 2938 1915 2989 πᾶσιν

331 3018 583 3084 ἀφθόνως
623 3024 739 3083 τοῖς
790 3023 1111 3093 προσιοῦσιν
1161 3024 1498 3094 χαρίζονται,
1561 3026 1766 3095 μηδένα
1815 3027 1914 3097 τῆς

332 3110 518 3162 αὐτῶν
576 3112 786 3183 δωρεᾶς
832 3114 1294 3184 ἀποστρέφοντες,
1344 3118 1392 3170 εί
1442 3118 1516 3187 μὴ
1562 3118 1681 3171 λίαν
1737 3136 1825 3182 τις

333 3199 594 3272 βδελυρὸς
660 3208 756 3257 καὶ
788 3205 890 3275 τῆς
928 3207 1111 3260 αὐτῶν
1141 3207 1461 3278 εὐεργεσίας
1491 3209 1732 3273 ἀνάξιος,
1762 3211 1797 3281 ἢ
1841 3211 1911 3264 δι’

329 3293 595 3346 ἀπιστίαν
627 3294 1050 3367 κληρωσάμενος
1076 3298 1136 3350 τὺ
1168 3299 1408 3363 ἀνάξιον,
1439 3300 1471 3367 ἢ
1498 3298 1566 3353 δι’
1592 3300 1769 3369 ἔργων
1807 3318 1906 3370 μο-

330 3382 561 3451 χθηρῶν
593 3383 992 3457 ἀνεπίστροφον
1032 3386 1312 3455 βούλησιν.
1332 3386 1474 3455 Ἐγὼ
1501 3389 1556 3441 δὲ
1589 3390 1683 3442 καὶ
1738 3390 1912 3461 ἑνδςῆ

328 3472 587 3543 δευτέρου
606 3476 888 3547 προϊόντος
923 3477 1018 3531 τοῦ
1039 3478 1197 3547 λόγου
1220 3478 1466 3532 τοιούτου
1501 3482 1910 3551 μνησθήσομαι,

331 3566 614 3635 μηδεμίαν
636 3568 771 3637 πρὸς
794 3567 905 3622 τῶν
938 3570 1109 3637 ἁγίων
1141 3571 1585 3641 καρπωσάμενος
1638 3575 1740 3643 τὴν
1769 3574 1914 3642 ὠφέ-

331 3655 515 3710 λειαν·
554 3658 643 3712 ἵνα
674 3657 884 3713 τούτων
915 3660 1007 3714 τὸν
1035 3661 1165 3731 περὶ
1203 3663 1438 3727 πίστεως
1470 3663 1636 3732 ζῆλον
1690 3667 1782 3719 καὶ
1810 3665 1914 3737 τὴν

333 3747 473 3819 πρὸς
497 3749 568 3801 τὰ
615 3748 797 3814 φαῦλα
830 3750 942 3803 τῶν
988 3750 1168 3820 εργων
1192 3752 1395 3816 εἰδότες
1427 3755 1749 3823 ἀπέχθειαν,
1782 3757 1914 3825 ἀρέ-

333 3855 491 3893 σκειν
520 3840 706 3904 αὐτοῖς
737 3841 867 3912 περὶ
900 3839 1016 3910 βίον
1048 3841 1146 3895 καὶ
1180 3842 1364 3896 πίστιν
1390 3843 1768 3907 σπουδάζοιεν.

421 4019 678 4090 Ἰωάννης
698 4015 794 4074 οὖν
817 4013 975 4083 οὗτος
999 4020 1029 4074 ό
1061 4024 1127 4091 τῇ
1154 4020 1249 4075 τοῦ
1271 4022 1493 4093 χρυσίου
1525 4024 1720 4094 κτήσει
1752 4043 1811 4078 τε
1827 4028 1917 4080 καὶ

334 4110 689 4181 προσηγορίᾳ
716 4109 1117 4180 γαυρούμενος,
1132 4113 1276 4182 νόσῳ
1299 4111 1447 4183 δεινῇ
1467 4115 1911 4184 περιπέπτωκεν,

258 4218 263 4222 ’
327 4198 457 4253 οὔτε
488 4199 633 4269 λόγῳ
657 4198 960 4271 φατῇ,οὖτε
988 4201 1174 4254 παισὶν
1203 4201 1408 4272 ίατρῶν
1429 4203 1646 4273 εὐχερεί
1660 4204 1797 4275 πρὸς
1819 4204 1917 4276 τὴν

328 4293 479 4346 ἴασιν
505 4308 520 4321 ο
554 4293 684 4354 τοὺς
734 4292 843 4363 γὰρ
869 4292 1083 4362 μηροὺς
1106 4293 1136 4345 ὀ
1180 4293 1321 4364 ἀνὴρ
1349 4294 1426 4359 ὠς
1458 4294 1525 4348 ἐκ
1576 4312 1723 4359 τινος
1763 4295 1915 4361 θείας

327 4382 503 4452 ὀργῆς
532 4382 941 4436 κατεδάπτετοο
979 4383 1073 4436 καὶ
1104 4383 1375 4448 σαπέντος
1417 4384 1586 4439 αὑτοῦ
1639 4386 1736 4440 τοῦ
1787 4389 1915 4452 τοὺς

330 4476 543 4545 μηροὺς
564 4474 911 4544 περιέχοντος
936 4473 1228 4545 δέρματος,
1259 4475 1353 4530 καὶ
1377 4476 1642 4532 πάντοθεν
1667 4478 1919 4553 δι’ύπερ-

2017 2038 2206 2093 guore,
2246 2024 2524 2079 Christum
2555 2027 2647 2093 qui
2683 2041 2777 2093 per
2806 2039 2909 2079 eos
2938 2024 3042 2079 sibi
3087 2025 3229 2076 hanc
3279 2023 3587 2078 libertatem

2017 2123 2331 2184 porrexerat
2359 2116 2632 2184 passionis
2661 2113 3009 2185 gloriﬁcavit,
3066 2121 3233 2180 atque
3262 2114 3507 2168 recessit.

2084 2223 2245 2279 XVII.
2294 2224 2366 2279 De
2388 2224 2597 2279 Joanne
2629 2224 2896 2294 Cltrysone
2922 2224 3014 2293 qui
3040 2224 3339 2292 putrefacta
3370 2225 3580 2295 femora

2692 2296 2901 2350 habuit.

2086 2387 2153 2441 Et
2197 2388 2426 2445 Joannis
2485 2403 2705 2458 quaque
2752 2389 3077 2443 memoriam
3139 2387 3428 2451 faciemus,
3479 2402 3587 2441 non

2012 2477 2139 2544 quia
2170 2476 2370 2531 nobilis
2402 2486 2523 2532 erat
2542 2494 2606 2532 ex
2640 2477 2726 2531 his
2763 2477 2857 2546 qui
2897 2492 3066 2548 super
3091 2491 3231 2532 auro
3269 2491 3331 2532 se
3351 2477 3587 2547 jactant,

2016 2563 2145 2618 hinc
2169 2565 2314 2619 enim
2339 2572 2395 2620 et
2416 2564 2731 2636 Chrysones
2760 2566 3064 2632 diceretur,
3111 2567 3345 2638 pecunia
3389 2575 3445 2622 et
3483 2567 3592 2621 olli-

2013 2655 2102 2710 eio
2127 2654 2195 2709 ad
2223 2655 2327 2712 hoc
2347 2671 2472 2712 eum
2497 2657 2955 2728 compellentibus
2983 2673 3180 2714 nomen
3207 2674 3419 2729 :nequo
3442 2658 3588 2714 enim

2016 2742 2331 2814 Chrysones
2360 2753 2416 2801 et
2437 2761 2574 2801 auro
2632 2762 2742 2802 non
2774 2747 3081 2804 destitutus
3131 2748 3440 2816 diceretur,
3483 2749 3588 2803 nisi

2015 2836 2306 2892 sanitatem
2337 2854 2450 2892 retu
2484 2839 2739 2895 videlicet
2788 2854 2924 2896 auro
2972 2841 3358 2912 lulgcutiorem
3405 2856 3435 2896 a
3461 2857 3591 2897 sau-

2016 2924 2121 2981 ctis
2166 2941 2262 2995 per
2310 2927 2469 2982 Iidem
2501 2928 2694 2999 utique
2742 2929 3097 2999 percepisset,
3136 2944 3298 3000 quam
3331 2929 3591 2985 munibus

2017 3012 2083 3067 ad
2126 3028 2186 3068 se
2234 3014 2627 3072 accedentibus
2662 3017 2885 3087 copiose
2933 3016 3262 3089 largiuntur,
3314 3018 3590 3072 neminem

2016 3117 2045 3157 a
2075 3118 2178 3158 suo
2220 3120 2447 3163 munere
2480 3115 2810 3173 avertentes,
2834 3110 2940 3165 nisi
2975 3109 3100 3180 quis
3153 3108 3317 3165 nimis
3352 3110 3424 3166 sit
3455 3108 3588 3165 abo-

2017 3194 2307 3251 minandus
2332 3235 2348 3262 ,
2413 3206 2470 3253 et
2507 3198 2774 3254 beneﬁcio
2801 3215 2994 3255 eorum
3051 3214 3276 3270 prorsus
3305 3200 3588 3270 indignus,

2018 3287 2098 3341 vel
2129 3287 2201 3341 ob
2246 3288 2682 3345 incredulitatem
2716 3291 3007 3355 sentiatur,
3035 3297 3094 3346 ut
3128 3290 3392 3361 indignus
3441 3292 3593 3347 exsi-

2015 3383 2143 3439 stat,
2173 3385 2265 3431 aut
2305 3392 2402 3448 per
2441 3393 2607 3450 opera
2668 3380 2812 3434 mala
2870 3379 3343 3436 inconvertibilem
3398 3380 3593 3437 habeat

2014 3469 2524 3541 voluntatem.Ergo
2551 3478 2648 3525 aut
2679 3471 2842 3526 unius
2885 3471 2964 3526 vel
2987 3470 3242 3536 duorum,
3264 3470 3592 3541 procedente

2014 3573 2285 3624 sermone,
2304 3560 2613 3631 huiusmodi
2639 3561 2955 3617 memoriam
2985 3560 3265 3626 faciemus,
3279 3561 3371 3632 qui
3388 3562 3593 3616 nullius

2014 3653 2262 3707 utilitatis
2325 3655 2608 3708 consecuti
2670 3663 2798 3710 sunt
2855 3654 3138 3718 fructum,
3197 3651 3266 3707 ad
3322 3652 3592 3708 cautelam

2015 3755 2203 3795 eorum
2252 3743 2343 3811 qui
2376 3751 2534 3796 erunt
2570 3743 2910 3812 postmodum
2962 3742 3261 3806 accessuri,
3296 3750 3357 3796 ut
3396 3741 3590 3797 horum

2016 3846 2116 3902 pro
2153 3832 2257 3888 title
2311 3834 2594 3899 zelum,et
2632 3844 2820 3889 contra
2854 3849 3016 3903 prava
3056 3848 3220 3904 opera
3251 3833 3591 3888 inimicitiam

2017 3939 2126 3979 non
2170 3924 2503 3995 ignorantes,
2548 3926 2654 3979 vita
2699 3925 2806 3981 illis
2833 3934 2887 3981 et
2937 3925 3043 3981 [ide
3069 3927 3284 3996 placere
3313 3924 3590 3980 festinent.

2090 4012 2278 4084 Itaque
2312 4013 2555 4071 Joannes
2593 4016 2719 4079 iste,
2768 4016 2861 4085 qui
2897 4015 3015 4069 auri
3050 4015 3400 4085 possessione
3431 4024 3594 4084 atque

2016 4104 2384 4175 appellatione
2403 4105 2765 4176 gloriabatur,
2814 4107 3131 4177 languorem
3173 4105 3411 4161 incurrit
3435 4120 3590 4161 acer-

2019 4194 2245 4260 rimum,
2305 4197 2399 4266 qui
2458 4197 2681 4252 scilicet
2744 4212 2845 4251 nec
2889 4197 2955 4250 ad
2992 4196 3218 4252 landum
3259 4199 3427 4254 verbo
3467 4211 3595 4268 pos-

2017 4284 2214 4348 sibilis.
2267 4299 2368 4340 nec
2419 4293 2537 4340 erat
2588 4285 2923 4339 medicorum
3018 4284 3309 4354 discipulis
3366 4283 3592 4352 facilis;

2020 4375 2194 4429 l'etnur
2215 4378 2415 4446 quippe
2448 4375 2615 4446 hujus
2649 4376 2751 4430 viri
2782 4376 3034 4447 quaedam
3075 4376 3235 4448 quasi
3277 4376 3463 4431 divina
3511 4377 3595 4433 ira

2017 4466 2326 4533 mandebat,
2366 4474 2421 4522 et
2457 4481 2585 4522 cum
2636 4466 2792 4538 pellis
2818 4481 2941 4537 quze
2986 4466 3166 4522 femur
3204 4468 3591 4525 circumdabat

326 4566 496 4636 ϐολήν
516 4566 883 4638 διερῤωγότος
906 4567 1004 4636 τῆς
1036 4567 1279 4637 σήψεως,
1309 4568 1365 4621 al.
1394 4567 1595 4639 σάρκες
1621 4569 1679 4621 αἱ
1728 4569 1911 4641 τούτῳ

2020 4555 2312 4622 labefacta,
2350 4567 2405 4611 et
2438 4558 2678 4627 undique
2722 4558 3003 4614 nimietate
3033 4558 3387 4628 putrediuum
3434 4560 3594 4615 diru—

325 4657 747 4726 καλυπτόμεναι
787 4656 1075 4728 πρότερον,
1129 4658 1226 4711 τοῦ
1275 4658 1478 4713 οἰκείου
1535 4659 1907 4730 γυμνωθεῶαι

327 4747 573 4817 πάμπαν
599 4745 923 4816 ἐνδύματος,
953 4748 1051 4802 καὶ
1082 4746 1290 4817 ἔνδυμα
1334 4746 1363 4800 δ
1394 4747 1530 4820 πρὸς
1558 4748 1660 4818 τῆς
1698 4750 1914 4820 φύσεως

324 4839 525 4908 ἔλαχον
559 4836 925 4901 ἀπολέσασαι,
954 4836 1326 4907 χωριζόμεναι
1358 4838 1470 4892 τῶν
1528 4840 1742 4894 ὀστέων
1796 4842 1908 4896 ἀπ·

326 4930 586 4990 ἐπιπτον,
636 4927 717 4991 τῷ
752 4926 1162 4997 περιστέλλοντι
1195 4929 1339 4983 κατὰ
1365 4929 1540 5002 βραχὺ
1569 4933 1916 5004 συνσηπόμε-

323 5036 419 5073 ναι
442 5018 678 5090 δέρματι
711 5017 811 5072 καὶ
839 5017 977 5089 πρὸς
1009 5019 1113 5090 γῆν
1142 5020 1572 5091 καταρρέουσαι.

410 5110 501 5175 '0;
521 5111 580 5164 δὲ
611 5111 809 5183 χρόνον
830 5109 1026 5181 συχνὸν
1047 5112 1107 5167 ὲν
1143 5113 1209 5184 τῇ
1231 5113 1371 5183 νόσῳ
1396 5113 1671 5185 διέτριψεν
1712 5116 1916 5189 ψυχρο-

320 5203 540 5272 λογίαις
586 5203 787 5273 ἰατρῶν
841 5202 1206 5276 ἀπατώμενος
1253 5206 1351 5259 καὶ
1398 5206 1567 5279 μηδὲν
1614 5208 1675 5274 ἐξ
1733 5209 1917 5264 αὐτῶν

321 5292 744 5363 ὠφελούμενος,
770 5295 820 5347 εί
848 5294 923 5366 μὴ
954 5294 1114 5364 λόγον
1166 5297 1247 5363 είς
1294 5297 1434 5368 ἀέρα
1488 5296 1770 5368 λυόμενον,
1822 5301 1917 5355 καὶ

323 5384 424 5439 τοῦ
452 5384 772 5455 τραύματος
798 5385 899 5456 οὐχ
935 5386 1243 5457 ἁπτόμενον
1266 5402 1283 5419 ο
1310 5389 1371 5442 οὐ
1418 5388 1525 5460 μὴν
1557 5389 1695 5443 ἀλλὰ
1732 5391 1828 5444 καὶ
1856 5391 1916 5444 τὸ

322 5475 549 5548 χρόνιον
570 5474 667 5530 τοῦ
696 5478 1030 5548 νοσήματος,
1053 5482 1150 5533 καὶ
1176 5480 1236 5533 τὸ
1264 5483 1388 5542 ταῖς
1421 5480 1716 5551 ἀλγηδόσιν
1743 5482 1915 5537 ἐλεει-

326 5565 438 5631 νῶς
469 5566 928 5636 ἐγκατακετσθαι,
989 5568 1144 5640 μόλις
1182 5569 1316 5624 ποτὲ
1364 5572 1460 5625 καὶ
1509 5572 1573 5625 τὸ
1627 5572 1763 5644 πρὸς
1813 5574 1916 5646 τὴν

328 5657 487 5712 νόσον
527 5657 796 5714 ἀδύνατον
841 5659 901 5726 ἐξ
960 5660 1357 5730 Ἱπποκράτους
1407 5662 1719 5734 ἐκέρδαινεν
1744 5706 1759 5729 ,
1819 5667 1915 5721 καὶ

324 5749 554 5820 μακράν
581 5751 799 5823 χαίρειν
847 5753 1032 5817 αὐτοῖς
1064 5753 1604 5823 προσφθεγξάμενος,
1635 5757 1694 5810 τὸ
1728 5758 1912 5829 Κύρου

325 5840 425 5896 ea!
464 5840 716 5898 Ἰωάννου
747 5843 1025 5915 θεωρητὺν
1092 5846 1329 5915 ἰατρεῖον
1374 5847 1699 5901 κατέλαϐεν.
1740 5849 1801 5901 (li
1852 5848 1910 5902 δὲ

2019 4657 2107 4722 pta
2138 4648 2351 4715 fuisset,
2395 4664 2588 4704 carnes
2618 4664 2740 4720 (pne
2790 4650 2892 4706 hac
2949 4651 3291 4714 relabantur,
3338 4652 3594 4719 primitus

2019 4745 2240 4816 proprio
2273 4744 2557 4800 denudatae
2610 4745 2825 4813 penitus
2872 4745 3210 4806 indumento,
3233 4752 3287 4800 et
3313 4748 3473 4804 molis
3506 4756 3595 4803 tu-

2019 4850 2170 4890 more
2214 4850 2379 4905 quem
2420 4850 2449 4888 a
2483 4845 2676 4890 natura
2706 4836 2912 4890 sortitae
2941 4834 3155 4891 fuerant
3175 4834 3406 4906 perdito,
3431 4853 3592 4907 sepa-

2018 4937 2149 4982 rata:
2197 4926 2266 4982 ab
2300 4926 2519 4983 ossibus
2568 4928 2911 4993 decidebant,
2940 4943 3064 4983 cum
3098 4936 3312 4999 tegente
3363 4943 3425 4984 se
3455 4930 3593 4999 pelle

2019 5019 2272 5090 paulatim
2305 5018 2359 5073 in
2382 5018 2722 5088 putredinem
2748 5034 2937 5083 versae,
2961 5026 3015 5072 et
3034 5018 3099 5072 ad
3124 5026 3324 5073 terram
3345 5019 3588 5090 dilapsae.

2085 5110 2331 5180 Curaque
2378 5120 2624 5179 tempore
2669 5112 2840 5165 multo
2875 5110 2929 5164 in
2965 5110 3229 5180 languore
3285 5109 3587 5181 deguisset,

2020 5200 2232 5272 [rigidis
2271 5210 2326 5256 et
2374 5201 2661 5255 inutilibus
2712 5201 2878 5256 dictis
2916 5200 3253 5257 medicorum
3293 5203 3580 5271 deceptus,

2016 5304 2073 5351 et
2104 5294 2240 5349 nihil
2295 5294 2364 5349 ab
2394 5295 2477 5351 eis
2523 5294 2627 5349 nisi
2690 5293 2807 5347 sola
2868 5293 3029 5348 verba
3085 5309 3207 5365 qtae
3248 5307 3356 5347 non
3387 5295 3588 5347 vulnus

2018 5394 2271 5458 tangunt,
2320 5387 2414 5443 sed
2468 5385 2846 5440 dissolvuntur
2904 5386 2957 5441 in
3009 5400 3156 5451 aere,
3209 5386 3588 5455 percepisset;
3672 5410 3676 5415 λ

2016 5479 2151 5549 quin
2186 5478 2371 5549 potius
2410 5490 2525 5533 etc
2578 5478 2800 5533 diverso
2860 5479 3238 5533 morositatem
3306 5462 3590 5545 languoris

2017 5586 2083 5627 ac
2107 5570 2361 5626 dolorum
2394 5569 2760 5625 miserabilem
2797 5570 2969 5623 labem
3000 5568 3208 5623 ιΙιιιιίιιε
3249 5565 3589 5639 pertulisset,

2017 5663 2104 5717 vix
2151 5662 2369 5719 tandem
2420 5662 2700 5730 languoris
2738 5660 3240 5729 impossibilitatem
3275 5660 3345 5715 ab
3386 5657 3590 5729 (lippo—

2016 5765 2165 5810 cratc
2220 5754 2357 5808 lucri
2416 5770 2474 5809 se
2509 5757 2703 5808 fecisse
2753 5752 3137 5808 tantummodo
3188 5753 3386 5817 sensit,
3445 5752 3590 5805 unde

2017 5847 2093 5903 illi
2129 5847 2305 5902 valere
2356 5849 2512 5918 longe
2546 5846 2812 5916 prolatus,
2848 5844 2913 5897 ad
2944 5846 3067 5917 liyri
3119 5842 3457 5911 Juaunisque
3506 5838 3590 5896 tli-
