4294 6442
325 431 458 494 Ῐῖιὶῒτ

1302 443 1406 503 SS.
1448 444 1621 502 CYRI
1654 442 1746 501 ET
1779 439 2102 500 JOANNIS
2135 440 2525 500 MIR;\CUI..~\

3450 436 3589 497 3478

319 546 537 612 ῥώσεως
553 544 643 599 τὸν
667 547 865 616 τρόπον
891 550 1207 618 μηνύοντες.
1225 551 1909 623 ⁹]“πέρορθρον,φασὶν,τῆς
1941 552 1984 605 Δ

1891 552 1984 610 ςΔ
2017 548 2223 614 Iuculo,
2263 550 2538 618 inquiunt,
2587 564 2617 602 a
2658 557 2827 603 strato
2870 561 3234 614 consurgens,
3281 544 3344 597 ad
3379 560 3587 614 portam

314 637 607 705 στρωμνῆς
641 640 1004 708 ἀνιστάμενος
1023 644 1116 695 ἐπὶ
1137 645 1312 712 πύλην
1341 646 1437 714 τὴν
1467 646 1602 714 πρὸς
1623 646 1902 697 θάλασσαν

312 727 471 792 ἔξιθι,
494 729 614 798 ἣτις
636 730 726 780 τὸν
753 731 859 796 ἔξω
876 731 971 784 τοῦ
1011 733 1116 785 νεὼ
1145 736 1448 805 περικλείει
1469 736 1778 805 περίϐολον·
1809 737 1902 788 καὶ

311 824 452 874 κατά
479 822 579 890 τῆς
610 824 862 890 σιαγόνος
884 826 976 877 τὸν
1011 827 1334 880 ὑπαντιῖιντα
1396 828 1755 897 εὐτενέστερα.
1801 829 1899 897 ρἀ

311 933 488 970 πισον·
527 919 621 969 καὶ
653 917 811 970 τοῦτο
845 921 1100 986 ποιήσας,
1126 923 1220 974 τοῦ
1252 923 1548 991 προσόντος
1578 938 1660 974 σοι
1699 921 1901 984 πάθους

311 1007 409 1077 τὴν
444 1008 614 1078 ρὦιν
650 1008 834 1078 εὖροις
861 1011 1241 1079 ταχύτατα.⁹()
1272 1013 1353 1077 δὲ,
1401 1013 1706 1080 φαντασίαν
1758 1008 1900 1065 εἶναι

309 1098 368 1148 τὸ
397 1099 566 1165 φανὲν
617 1099 993 1168 ἡγησάμενος,
1040 1103 1193 1154 οὐδὲν
1235 1103 1344 1154 τῶν
1377 1105 1515 1174 πρὸς
1551 1104 1660 1156 τῶν
1727 1105 1899 1171 ἁγίων

310 1187 610 1256 λεχθέντων
636 1190 788 1259 αὐτῷ
817 1191 1149 1260 διεπράξατο
1174 1211 1186 1222 ·
1236 1195 1330 1246 καὶ
1352 1194 1430 1258 δὶς
1453 1196 1510 1248 δὲ
1544 1195 1703 1248 τοῦτο
1730 1201 1903 1249 ποιεῖν

312 1281 632 1344 κελευσθεὶς
654 1282 726 1335 δι’
756 1285 1057 1354 ὁράματος,
1093 1286 1156 1337 ού
1191 1286 1519 1356 πεποίηκεν.

381 1369 457 1421 Τὸ
499 1371 684 1439 τρίτον
711 1372 769 1424 δὲ
808 1371 918 1425 τῶν
972 1375 1272 1445 μαρτύρων
1318 1377 1602 1439 εἰπόντων,
1654 1377 1897 1448 πυθόμε-

309 1478 402 1523 νος
458 1461 534 1525 ὼς
581 1464 629 1516 εἰ
668 1465 744 1533 μὴ
789 1465 946 1518 τοῦτο
993 1468 1294 1536 ποιήσειεν,
1343 1467 1445 1536 τῆς
1481 1469 1640 1539 φίλης
1669 1471 1730 1522 οὑ
1776 1471 1902 1523 τεύ-

314 1553 468 1616 ξεται
512 1554 758 1624 ῥώσεως,
777 1557 1026 1628 ἐγερθεὶς
1047 1559 1147 1627 τῆς
1179 1563 1471 1631 στρωμνῆς
1495 1561 1898 1633 ὀρθρινότερον,

309 1645 402 1697 τὸν
434 1645 720 1715 δειχθέντα
749 1648 971 1700 πυλῶνα
1029 1650 1362 1719 κατείληφεν
1389 1668 1401 1680 °
1455 1653 1800 1723 στρατιώτην
1842 1654 1899 1706 δέ

310 1753 430 1789 τινα
465 1737 608 1789 κατά
637 1739 737 1806 τὴν
773 1738 951 1809 πύλην
1003 1741 1152 1809 αὐτῷ
1198 1743 1629 1809 συναντήσαντα,
1685 1743 1780 1795 καὶ
1832 1745 1898 1813 τῇ

313 1829 416 1894 μὲν
456 1829 686 1899 παλάμῃ
721 1832 918 1900 ῥάθιδον
951 1832 1311 1900 βαστάζοντα,
1348 1835 1414 1902 τῇ
1446 1835 1499 1886 δὲ
1550 1837 1750 1905 καρδία
1807 1837 1900 1889 τὸν

311 1920 486 1988 θυμὸν
537 1922 800 1983 ὡσαύτως
849 1927 1174 1994 κατέχοντα,
1236 1925 1458 1995 ῥαπίζει
1496 1928 1700 1997 σφόδρα
1758 1930 1898 1982 κατὰ

314 2013 411 2078 τῆς
441 2015 689 2083 σιαγόνος
723 2017 821 2078 τὴν
856 2017 1070 2087 πληγὴν
1103 2020 1490 2087 ποιησάμενος.
1544 2022 1600 2072 ’(1
1634 2022 1689 2074 δὲ
1730 2040 1897 2090 στρα-

315 2106 546 2176 τιώτης,
583 2109 860 2179 μελλήσας
887 2113 1061 2177 οὐδὲν,
1085 2113 1221 2166 ἀλλά
1279 2114 1577 2184 σύνδρομον
1607 2114 1682 2182 τῷ
1734 2116 1898 2185 ῥαπί-

313 2215 485 2267 σματι
512 2201 612 2270 τὴν
643 2203 836 2256 ἑαυτοῦ
865 2205 1189 2274 ποιούμενος
1216 2206 1445 2275 ἄμυναν,
1469 2206 1567 2276 τὴν
1598 2206 1900 2278 βακτηρίαν

314 2291 479 2354 εὖθὺς
504 2294 868 2360 ἀνατείνεται,
907 2297 1118 2349 καὶτὸν
1161 2297 1470 2367 ραπίσαντα
1518 2298 1696 2371 ταύτῃ
1758 2302 1900 2354 κατά

314 2385 408 2436 τοῦ
440 2387 677 2454 κράνους
700 2389 1062 2459 ἀντέπληξεν,
1110 2391 1483 2461 στερεωτέραν
1520 2393 1659 2446 πάνυ
1687 2393 1902 2462 πληγὴν

313 2478 390 2540 ὡς
424 2478 530 2548 χρὴ
562 2479 816 2548 ῥαπίζειν
843 2477 910 2553 ἧς
945 2484 1160 2538 ἐλαϐεν.
1201 2487 1414 2548 Παῦλος
1447 2485 1502 2538 δὲ
1535 2485 1632 2555 τὴν
1687 2487 1902 2557 πληγὴν

316 2570 455 2621 κατά
480 2571 581 2637 τῆς
633 2574 879 2642 κεφαλῆς
915 2575 1184 2644 τοσαύτην
1223 2577 1538 2645 δεξάμενος,
1587 2579 1775 2630 πίπτει
1801 2596 1902 2648 χα-

320 2663 420 2727 μαὶ
481 2664 830 2732 τραυματίας
860 2667 1174 2734 γενόμενος,
1229 2669 1324 2719 καὶ
1373 2668 1554 2737 βρύων
1612 2670 1804 2738 αἵματί
1843 2687 1902 2722 τε

317 2757 412 2805 καὶ
448 2754 707 2823 σκώληξι,
727 2757 820 2809 καὶ
852 2759 1060 2819 πάντας
1091 2758 1378 2810 ἀποϐαλὼν
1398 2761 1521 2817 τοὺς
1547 2759 1696 2812 ἔνδον
1727 2761 1906 2829 ὑπάρ-

318 2862 515 2914 χοντας
558 2847 868 2917 σκώληκας,
909 2849 1140 2910 πολλούς
1187 2867 1242 2902 τε
1275 2841 1394 2903 λίαν
1419 2852 1760 2921 ὑπάρχοντας
1809 2853 1906 2904 καὶ

317 2935 552 3002 ἀφειῗῶς
586 2936 749 2990 αὐτὸν
783 2939 1190 3004 κατεσθίοντας,
1217 2941 1594 3009 ἀπηλλάττετο
1624 2943 1716 2994 τοῦ
1749 2945 1901 3014 νοσή-

322 3045 514 3094 ματος.
547 3029 873 3100 ἀπαλλαγὴν
903 3031 1081 3102 εὑρὼν
1115 3033 1547 3102 ἀπροσδόκητον,
1582 3034 1762 3104 πληγῇ
1815 3053 1905 3104 χα-

322 3119 604 3188 ρισθεῖσαν
635 3124 730 3173 καὶ
761 3123 1062 3192 τραύματι.
1101 3126 1208 3177 Καὶ
1235 3127 1295 3177 τὸ
1323 3127 1549 3195 τραῦμα
1609 3127 1666 3179 δὲ
1707 3126 1903 3180 θάττον

2007 658 2130 709 qua:
2161 643 2227 694 ad
2270 657 2418 695 mare
2449 641 2602 694 dtteit
2649 641 2931 706 egredere,
2964 653 3088 707 utne
3117 638 3304 707 templi
3341 639 3589 690 exterius-

2009 734 2215 786 claudit
2247 734 2577 787 vestibulum
2605 751 2621 797 ;
2646 741 2700 786 et
2729 749 2878 795 eum,
2903 734 2998 801 qui
3027 731 3124 784 tibi
3155 730 3356 783 obvius
3394 728 3588 787 fuerit.

2009 823 2061 877 in
2098 826 2318 877 maxilla
2359 825 2572 878 fortiter
2598 827 2756 894 alapa
2788 833 3049 894 percute;
3088 839 3197 893 quo
3223 822 3388 888 facto,
3414 837 3591 890 a‘gro—

2008 915 2234 980 talione,
2261 931 2422 985 quam
2454 915 2932 979 babes,coutinuo
2972 915 3316 968 liberalioris.
3363 913 3432 966 At
3474 911 3585 972 ille.
3650 909 3654 916 '

2007 1007 2354 1076 phantasiam
2414 1023 2536 1062 esse
2577 1007 2723 1078 quod
2761 1015 3100 1076 apparuerat
3146 1005 3418 1073 cogitans,
3453 1003 3587 1058 nihil

2004 1114 2195 1153 eorum
2243 1116 2364 1169 qua:
2405 1099 2560 1166 jnssa
2610 1101 2715 1153 sibi
2765 1099 3039 1154 a.sanctis
3062 1096 3297 1161 fuerant,
3338 1096 3449 1166 egit
3491 1103 3588 1148 :ct

2006 1192 2092 1246 bis
2119 1194 2220 1247 hoc
2261 1192 2441 1248 facere
2473 1194 2663 1262 jussus
2687 1207 2783 1262 per
2806 1193 3007 1258 visum,
3034 1206 3144 1246 non
3178 1187 3331 1244 fecit.

2070 1375 2261 1428 Tertio
2309 1383 2492 1428 autem
2532 1373 2601 1426 ad
2655 1373 2832 1442 ipsmn
2888 1371 3095 1427 sanctis
3135 1367 3482 1432 dicentibus,
3531 1375 3587 1420 et

2003 1475 2284 1535 comperto
2323 1466 2414 1519 ille
2436 1463 2606 1534 quod,
2641 1462 2747 1517 nisi
2773 1461 2881 1516 hoc
2913 1458 3445 1520 faceret,sauitatem
3476 1470 3584 1508 non

2003 1567 2152 1614 esset
2183 1557 2583 1627 impetraturos
2611 1561 2878 1614 amatam,
2907 1552 3066 1607 valde
3095 1565 3256 1604 mane
3281 1547 3519 1603 surrexit
3557 1562 3587 1599 e.

2003 1649 2228 1708 lectulo,
2262 1656 2316 1702 et
2343 1649 2406 1700 ad
2437 1657 2720 1702 ostensam
2767 1645 2871 1699 sibi
2918 1651 3132 1713 portam
3168 1639 3455 1710 pervenit;
3485 1639 3588 1691 mi-

2004 1742 2150 1794 litem
2178 1755 2306 1794 vero
2336 1737 2623 1808 quemdam
2666 1737 2820 1806 juxta
2862 1745 3072 1804 portam
3099 1733 3317 1786 obviam
3361 1731 3466 1784 sibi
3503 1746 3588 1781 ve-

2005 1831 2271 1894 nientem,
2307 1831 2400 1898 qui
2428 1831 2640 1897 virgam
2677 1827 2896 1895 quidem
2930 1828 2982 1879 in
3017 1841 3180 1878 manu
3223 1824 3462 1887 tenebat,
3493 1824 3587 1877 sed

2011 1927 2249 1978 furorem
2287 1923 2340 1976 in
2370 1923 2538 1975 corde
2569 1921 2801 1975 minime
2833 1920 3175 1983 continebat,
3227 1918 3404 1970 valida
3453 1915 3594 1970 ceci-

2009 2014 2294 2080 ditalapa,
2324 2013 2539 2081 plagam
2583 2011 2636 2064 itt
2677 2010 2896 2063 maxilla
2927 2007 3468 2062 veltcmcntissimam
3513 2004 3589 2056 fa-

2007 2107 2181 2161 ciens.
2211 2103 2363 2157 Miles
2388 2114 2594 2167 autem,
2620 2102 2754 2154 nihil
2785 2101 3013 2154 omnino
3043 2098 3348 2168 negligens,
3385 2097 3479 2151 sed
3505 2096 3590 2150 stti

2009 2197 2213 2251 cursim
2263 2209 2362 2264 pro
2416 2194 2574 2261 alapa
2631 2191 2945 2245 relrihuens
3003 2191 3289 2252 ultionem,
3338 2189 3591 2242 baculum

2009 2289 2311 2346 confestim
2343 2284 2618 2347 extendit,
2640 2292 2695 2338 et
2733 2298 2858 2336 eum
2892 2283 2983 2350 qui
3005 2296 3064 2336 sc
3087 2287 3462 2350 percusserat,
3489 2280 3593 2333 hoc

2011 2385 2064 2436 in
2112 2381 2293 2450 capite
2336 2377 2694 2449 repercussit,
2739 2376 3021 2430 fortiorem
3075 2375 3288 2446 plagam
3333 2388 3396 2428 ea
3429 2389 3591 2440 quant

2012 2491 2176 2530 manu
2217 2478 2506 2542 acceperat
2543 2471 2793 2538 inlligcre
2836 2466 3038 2520 baculo
3079 2473 3352 2532 satagens.
3388 2464 3591 2516 Paulus

2011 2583 2144 2622 sane
2182 2563 2497 2635 lmjusmodi
2551 2562 2710 2631 plaga
2747 2568 2966 2628 recepta
3003 2559 3057 2612 iu
3103 2559 3306 2628 capite,
3362 2557 3510 2610 cadit
3539 2557 3592 2609 iu

2012 2669 2215 2713 terram
2251 2657 2576 2709 vulneratus
2613 2655 2866 2716 effectus,
2919 2665 2970 2707 et
3014 2653 3341 2721 sanguinem
3371 2666 3433 2703 ac
3469 2667 3515 2701 νι
3539 2665 3592 2702 r-

2012 2765 2130 2804 mcs
2198 2746 2523 2811 effundens;
2597 2760 2721 2799 nam
2789 2744 3068 2808 oumibus,
3127 2759 3267 2813 quos
3331 2742 3596 2796 habuerat

2013 2842 2337 2904 introrsum,
2392 2837 2607 2907 ejectis,
2667 2837 2795 2891 licet
2827 2836 2981 2890 multi
3009 2835 3235 2898 fuerint,
3257 2845 3310 2888 et
3333 2851 3439 2888 non
3467 2850 3594 2904 par-

2011 2943 2203 2988 centes
2223 2949 2282 2988 se
2299 2930 2702 2993 dcvoraverint,
2722 2929 3010 2983 redimitur
3032 2944 3060 2982 a
3087 2928 3595 2999 lauguorc,rwlem-

2015 3029 2252 3097 ptioncm
2307 3026 2645 3096 insperatam
2696 3023 2997 3094 reperiens,
3030 3023 3242 3092 plagam
3286 3021 3388 3076 sibi
3422 3021 3596 3075 dona-

2014 3129 2178 3174 tame
2213 3120 2459 3173 vulnere.
2503 3116 2678 3172 Porro
2713 3117 2989 3172 maturius
3018 3118 3310 3171 sanitatem
3356 3118 3599 3170 \nlneris

320 3213 449 3282 ἰάθη
473 3229 494 3246 ο
527 3216 588 3267 οὗ
623 3216 731 3286 γάρ
757 3216 982 3286 τραῦμα
1005 3217 1166 3270 τοῦτο
1189 3218 1256 3271 ἂν
1285 3218 1556 3286 εἴποιμεν,
1575 3219 1709 3271 ἀλλά
1739 3221 1904 3290 τραύ-
1934 3249 1976 3307 C
2014 3240 2016 3257 ι

1901 3252 1904 3259 ι
1934 3249 1976 3307 C
2014 3222 2346 3269 consecutus
2361 3219 2464 3266 est.
2498 3210 2614 3266 Non
2639 3221 2822 3266 autem
2847 3212 2948 3264 hoc
2987 3212 3186 3265 vulnus
3215 3212 3413 3262 turrito
3444 3212 3597 3264 dixe-

322 3321 492 3374 ματος
529 3306 843 3374 φάρμακον,
877 3305 972 3359 καὶ
1002 3307 1158 3359 νόσου
1211 3308 1485 3378 βοήθημα,
1515 3312 1605 3361 καὶ
1655 3311 1910 3381 παθήμα-

315 3415 410 3460 τος
451 3399 822 3470 ἕμπλαστρον,
850 3402 947 3453 καὶ
991 3399 1292 3463 κακώσεως
1327 3401 1472 3453 ἴασιν
1502 3421 1515 3434 ·
1542 3404 1637 3454 καὶ
1697 3404 1910 3456 τελείαν

315 3491 419 3556 τὴν
445 3489 616 3556 ρὡιν
644 3487 1013 3558 δρεψάμενος,
1044 3488 1214 3558 ὕμνον
1245 3487 1414 3541 εἰπὼν
1450 3492 1531 3552 εἰς
1577 3491 1704 3554 τοὺς
1766 3495 1908 3564 μάρ-

318 3596 516 3648 τυρας,
586 3579 683 3632 καὶ
742 3579 877 3632 Θεὸν
934 3581 1272 3650 ἀνυμνήσας,
1353 3581 1429 3643 ὡς
1478 3581 1717 3652 ἔπρεπεν
1750 3625 1764 3648 ,
1820 3585 1911 3638 τὸν

318 3670 388 3722 δι’
416 3667 599 3722 αὐτῶν
623 3669 926 3741 δεδρακότα
956 3673 1054 3741 τὴν
1081 3672 1248 3737 ἴασιν,
1277 3671 1481 3741 ᾤχετο·
1539 3673 1765 3744 ἀφορμὴ
1817 3677 1910 3728 καὶ

319 3765 457 3830 ἡμῖν
478 3764 830 3835 χρηματίσας
859 3765 954 3818 καὶ
983 3763 1263 3834 πρόφασις
1275 3765 1374 3834 τῆς
1405 3767 1482 3828 εἰς
1514 3767 1743 3836 Χριστὸν
1769 3767 1909 3837 ᾠδῆς

321 3853 421 3904 καὶ
452 3854 578 3916 τοὺς
605 3853 917 3924 μάρτυρας.

322 3944 422 3996 lf-Y.
448 3943 589 4010 Περὶ
615 3943 984 4012 Στεφανίδος
1011 3944 1123 4012 τῆς
1157 3945 1425 4014 ἐχούσης
1458 3946 1564 4000 τὸν
1591 3951 1908 4016 καρκίνον.

401 4037 500 4088 Ἐν
533 4037 644 4090 τῶν
669 4036 974 4106 θαυμάτων
1005 4038 1240 4105 γινέσθω
1272 4040 1366 4092 καὶ
1397 4040 1496 4108 τῆς
1528 4042 1846 4110 Στεφανίδος
1877 4049 1910 4117 ἡ

322 4129 631 4194 παράδοξος
664 4131 828 4195 ῐασις,
861 4129 956 4184 καὶ
985 4129 1176 4201 μηδεὶς
1213 4131 1514 4186 ἀπιστείτω
1539 4133 1615 4204 τῷ
1647 4134 1911 4205 θαύματι,

320 4222 436 4275 τῶν
469 4222 645 4290 ἁγίων
677 4223 738 4276 τὸ
775 4222 962 4284 σθένος
1008 4223 1406 4294 σταθμώμενος
1427 4265 1440 4287 ,
1491 4227 1583 4278 καὶ
1617 4228 1777 4296 χάριν
1816 4231 1914 4298 τὴν

321 4316 573 4368 δοθεῖσαν
614 4313 804 4378 αὐτοῖς
856 4314 1239 4384 ἐπιστάμενος,
1275 4315 1325 4367 οἳ
1370 4316 1587 4386 νόσημα
1621 4320 1728 4371 πᾶν
1757 4320 1918 4390 θερα-

326 4405 594 4459 πεύουσιν
617 4407 712 4459 καὶ
738 4405 909 4476 ρὦιν
941 4405 1010 4458 δι’
1043 4400 1225 4459 οἴκτον
1250 4406 1568 4478 χαρίζονται
1599 4413 1767 4464 πᾶσιν
1803 4416 1919 4476 τοῖς

325 4498 541 4561 πιστῶς
589 4499 778 4560 αὐτοῖς
832 4494 1329 4567 προσπελάζουσιν.
1378 4499 1645 4569 Στεφανὶς
1707 4498 1800 4556 οὖν
1857 4505 1918 4558 τὸ

2014 3308 2138 3368 rim,
2204 3307 2300 3361 sed
2351 3306 2653 3360 remedium
2709 3305 2974 3368 vulneris,
3027 3315 3084 3358 et
3124 3303 3407 3373 languoris
3439 3305 3595 3354 auxi-

2015 3401 2169 3463 lium,
2229 3408 2286 3452 et
2345 3397 2623 3468 passionis
2649 3397 3005 3467 emplastrum
3050 3397 3119 3450 ad
3145 3397 3432 3450 sanitatem
3462 3396 3600 3448 allli-

2013 3492 2235 3545 ctionis.
2286 3492 2348 3544 Et
2407 3490 2644 3558 perfecta
2695 3489 2963 3560 sospitate
3015 3499 3274 3558 recepta,
3336 3489 3599 3560 hymnum

2015 3585 2154 3638 dixit
2186 3585 2238 3637 in
2267 3591 2574 3654 martyres;
2606 3581 2910 3652 Deumque,
2939 3581 3035 3653 qui
3061 3597 3159 3653 per
3182 3597 3278 3638 eos
3308 3583 3600 3636 sanitatem

2016 3684 2352 3744 patraret-at,
2395 3677 2794 3731 decentissime
2845 3675 3104 3740 laudans,
3155 3675 3434 3744 profectus
3478 3685 3600 3738 est;

2018 3771 2193 3825 fatuos
2227 3770 2388 3824 nobis
2411 3769 2645 3824 effectus
2671 3777 2836 3838 atque
2864 3768 3090 3823 occasio
3121 3769 3174 3822 in
3204 3767 3482 3824 Clu-istum
3515 3783 3604 3822 ra-

2017 3863 2179 3918 nandi
2208 3863 2411 3914 cantici
2449 3871 2504 3914 et
2546 3861 2600 3915 in
2634 3867 2927 3932 martyres.

2156 3951 2298 4006 Xlx.
2347 3951 2421 4006 De
2461 3951 2783 4020 Stepltauidc
2807 3968 2922 4021 qua:
2955 3969 3207 4006 cancrum
3249 3951 3457 4005 habuit.

2089 4041 2265 4096 Unum
2292 4043 2679 4096 miraculorum
2703 4044 2790 4096 lial
2811 4043 2973 4098 etiam
3002 4044 3353 4114 Stcphanidis
3370 4043 3606 4097 admira-

2017 4131 2141 4186 Itilis
2171 4132 2400 4195 sanitas,
2420 4133 2576 4206 cujus
2606 4147 2768 4187 nemo
2797 4133 3116 4188 incredulus
3136 4134 3242 4188 erit
3265 4135 3530 4197 miraculi,
3558 4153 3603 4190 Si

2016 4231 2337 4278 sam-torum
2374 4223 2675 4292 potentiam
2708 4223 2999 4291 panderet,
3033 4233 3087 4280 et
3118 4225 3302 4278 datam
3331 4227 3438 4279 illis
3467 4229 3605 4279 div:-

2021 4313 2168 4366 nitus
2200 4312 2430 4382 gratiam
2461 4321 2652 4382 aperte
2687 4314 2975 4381 comperit,
3003 4328 3112 4382 qua
3128 4331 3347 4369 omnem
3378 4317 3605 4382 languo-

2021 4417 2132 4457 rem
2166 4414 2385 4466 curant,
2417 4411 2472 4458 et
2500 4403 2720 4458 cunctis
2747 4405 2840 4472 qui
2877 4405 2942 4458 ad
2977 4421 3038 4460 se
3069 4405 3304 4460 fideliter
3333 4409 3605 4461 accedunt

2021 4496 2311 4550 sanitatem
2361 4495 2740 4552 miserationis
2789 4498 2990 4551 intuitu
3037 4497 3265 4552 donant.
3311 4500 3608 4568 Stephants

325 4589 597 4661 προτεθὲν
626 4591 760 4658 ἡμῖν
789 4590 872 4652 είς
898 4589 1160 4660 ἐξήγησιν
1187 4589 1429 4656 γύναιον,
1455 4592 1627 4656 πάθος
1656 4593 1780 4665 ἔσχε
1808 4595 1913 4648 ὃει-
1944 4613 1996 4673 Ι)

1905 4607 2150 4673 -Dergo
2196 4591 2414 4655 mulier,
2451 4605 2573 4660 qua:
2622 4593 2687 4643 ad
2743 4591 3063 4645 relationem
3116 4594 3274 4646 nobis
3322 4596 3601 4662 proposita

323 4684 418 4737 νὺν
448 4684 545 4738 καὶ
587 4683 844 4737 ἀνίατονο
895 4683 1157 4753 καρκίνος
1205 4684 1267 4737 τὸ
1317 4684 1493 4748 πάθος
1537 4685 1780 4752 ἐλέγετο,
1816 4688 1918 4741 οὐκ

323 4774 536 4843 ἀπᾷδον
561 4772 684 4842 ἔχον
728 4773 830 4841 τῆς
863 4773 1081 4842 φύσεως
1103 4773 1295 4842 ὄνομαο
1310 4774 1556 4844 καρκίνῳ
1573 4775 1680 4845 γάρ
1706 4776 1911 4842 ἐοικὸς,

324 4865 558 4927 εἰκότως
593 4862 746 4932 αὐτῷ
773 4865 869 4917 καὶ
912 4864 1014 4935 τὴν
1055 4863 1430 4936 προσηγορίαν
1455 4865 1713 4919 κοινωνὸν
1751 4883 1919 4937 προσ-

325 4955 571 5020 εδέξατο.
608 4956 717 5008 Καὶ
747 4953 911 5008 τοῦτο
947 4955 1046 5024 μὲν
1085 4956 1333 5026 ὑπῆρχεν
1360 4957 1459 5026 τῆς
1492 4957 1816 5026 Στεφανίδος
1855 4959 1915 5012 τὸ

325 5047 567 5117 νόσημα,
599 5037 663 5098 οὗ
698 5045 858 5117 μόναι
896 5045 996 5110 τὰς
1037 5047 1338 5118 ἀλγηδόνας
1374 5047 1695 5101 ἐπίστανται
1727 5066 1918 5116 γυναι-

325 5138 442 5192 κῶν
467 5139 592 5192 ὅσαι
628 5137 1025 5210 πεπείρανται*
1085 5138 1264 5208 ἰατροὶ
1329 5137 1409 5201 δὲ,
1467 5141 1560 5192 καὶ
1608 5140 1816 5194 τούτων
1869 5144 1919 5196 οἱ

325 5231 598 5302 γενάρχαι
641 5229 880 5301 Γαληνὸς
909 5231 1005 5284 καὶ
1043 5231 1414 5301 Ἱπποκράτης
1436 5272 1450 5295 ,
1497 5231 1558 5283 τὸ
1589 5235 1688 5303 τῆς
1723 5233 1918 5303 τέχνης

329 5323 545 5389 κομψὸν
577 5322 990 5393 σεμνολόγημα,
1020 5323 1121 5391 τὴν
1142 5316 1314 5393 ἧτταν
1504 5324 1604 5376 οὐκ
1630 5326 1921 5395 αἰσχύνον-

326 5430 441 5478 ται,
464 5414 558 5466 τὸν
587 5413 726 5485 πρὸς
753 5415 1018 5486 καρκίνον
1047 5414 1110 5468 τὸ
1144 5415 1316 5479 πάθος
1343 5417 1774 5488 παραιτούμενοι
1817 5420 1922 5474 πό-

326 5505 517 5574 λεμον,
565 5506 663 5559 κα)⁵
705 5507 820 5569 τοῖς
868 5505 1211 5578 νικητηρίοις
1265 5507 1399 5560 αὐτὸ
1448 5510 1917 5578 καταστέφοντες

329 5594 506 5668 ταύτῃ
535 5595 848 5660 δεικνύντες
884 5595 1054 5651 αὐτοῦ
1083 5597 1180 5668 τὴν
1212 5599 1451 5667 φυσικὴν
1484 5598 1829 5668 σκολιότητα.
1857 5604 1923 5672 ἣν

328 5683 390 5736 οὐ
420 5684 721 5755 φάρμακον
746 5686 1022 5757 εὐτριεὲς,
1053 5688 1114 5739 οὐ
1167 5687 1518 5759 δραστήριον,
1568 5690 1669 5742 οὐκ
1717 5690 1902 5760 Ξμπλα

331 5791 495 5844 προς
520 5778 555 5846 ἠ
587 5777 857 5852 γαλϐιανὴ
893 5797 950 5832 τε
985 5780 1076 5833 καὶ
1107 5780 1480 5849 πάγχρηστος,
1505 5783 1604 5852 οὐχ
1634 5784 1664 5852 ἡ
1689 5785 1920 5850 Φίλωνος

335 5869 652 5940 καλουμένη
693 5871 983 5937 ἀντίδοτος,
1029 5873 1126 5926 οὐκ
1187 5873 1314 5928 ἄλλο
1348 5891 1398 5927 τι
1435 5875 1666 5947 ’ςυσικὸν
1716 5895 1770 5934 τε
1830 5883 1916 5932 καῖ

2023 4694 2130 4745 cst,
2176 4683 2487 4753 passionem
2524 4684 2718 4737 habuit
2762 4685 3040 4738 crmlelem
3095 4694 3150 4739 et
3197 4687 3560 4740 insanabilem
3590 4731 3604 4746 .

2023 4793 2146 4848 qua:
2166 4791 2366 4830 cancer
2391 4777 2718 4845 appellatur,
2753 4791 2860 4830 non
2894 4776 3180 4830 dissomnn
3212 4779 3422 4834 habens
3446 4797 3471 4832 a
3512 4798 3605 4832 na-

2025 4879 2143 4922 tura
2173 4883 2368 4922 nomcn
2400 4887 2414 4932 ;
2441 4883 2645 4922 cancro
2678 4869 2821 4923 enim
2843 4870 3037 4924 similis
3063 4869 3227 4933 facta,
3259 4887 3602 4940 consequuti--

2025 4968 2106 5014 ter
2140 4959 2207 5012 ab
2251 4973 2316 5012 eo
2363 4959 2528 5012 ctiant
2580 4959 3028 5012 communionem
3079 4962 3292 5030 accepit
3331 4963 3601 5016 \oCabuli.

2027 5052 2089 5105 Et
2123 5053 2206 5104 hic
2232 5050 2454 5120 quidem
2487 5051 2854 5120 languor-crat
2876 5052 3250 5121 Stcphanidis.
3279 5055 3442 5121 cujus
3472 5057 3604 5108 sola:

2023 5145 2241 5201 dolores
2307 5145 2388 5199 hae
2445 5143 2659 5198 femina:
2707 5154 2929 5209 inn-unt,
2999 5162 3121 5216 qua:
3155 5156 3393 5218 experta:
3438 5161 3604 5212 sunt;

2027 5237 2221 5292 medici
2261 5244 2442 5290 autem
2493 5236 2799 5307 horumque
2857 5250 3222 5308 praeceptores
3270 5240 3508 5297 Galenus
3550 5253 3606 5297 et

2027 5328 2406 5399 Hippocrates,
2440 5329 2532 5398 qui
2581 5329 2867 5386 medicinae
2897 5331 3033 5387 artis
3080 5342 3294 5402 compta
3341 5335 3604 5390 videban-

2028 5432 2117 5476 tur
2152 5437 2277 5477 esse
2320 5421 2560 5475 laudatio
2611 5429 2667 5475 et
2714 5422 3001 5491 gloriatio,
3059 5426 3470 5492 superationem
3518 5435 3602 5484 sm
3651 5486 3654 5489 _

2027 5514 2266 5568 clamare
2314 5527 2421 5566 non
2472 5512 2916 5578 confunduntur,
2970 5531 3076 5569 non
3133 5517 3295 5571 modo
3340 5521 3605 5576 adversus

2029 5605 2211 5658 caueri
2240 5603 2549 5671 passionem
2597 5605 2731 5656 mire
2759 5605 3014 5672 prwlimn
3055 5620 3394 5675 recusantes,
3429 5612 3525 5665 sed
3553 5626 3606 5666 et

2031 5697 2174 5750 hanc
2206 5694 2451 5748 victoriis
2479 5703 2811 5750 coronantes
2844 5712 2857 5748 :
2893 5697 2995 5752 hoc
3032 5699 3194 5752 modo
3237 5710 3606 5757 monstrantis

2033 5788 2330 5842 naturalem
2359 5788 2531 5856 ipsius
2563 5794 2910 5857 pravitatem,
2942 5808 3104 5860 quam
3135 5809 3241 5847 nou
3270 5796 3604 5852 medicamen

2035 5885 2167 5938 bene
2217 5890 2403 5936 ttttum
2447 5891 2496 5936 rt
2538 5880 2744 5948 enicas,
2791 5898 2900 5938 non
2932 5884 3288 5955 emplastrum
3319 5887 3586 5958 galbianae
