4294 6442
734 361 872 420 3483i

1584 363 1642 420 S.
1691 362 2110 421 SOI’IIRONII
2155 361 2655 422 ΡᾹἹΊὶΙΛΙὶίἸΙΙιΕ
2699 361 3096 421 ΙΗΕΗΟΞΟΙΑ.

3856 359 3996 422 3434

734 478 986 530 stendum
1023 473 1272 529 enectus.
1320 474 1490 528 Porro
1522 475 1731 528 viscera
1773 492 1832 530 se
1871 477 1980 544 pati
2016 476 2308 536 elainabat,
2343 487 2382 538 Α
2415 497 2430 530 \

2299 487 2382 538 ,Α
2415 493 2583 536 ναιον,
2634 477 2728 528 καὶ
2769 474 2941 528 ταῦτα
2990 473 3291 527 δάπτεσθαί
3339 491 3397 527 τε
3445 475 3539 528 καὶ
3589 474 3995 543 σπαράττεσὲιαι

736 569 958 635 limoque
985 566 1194 620 comedi
1253 581 1317 619 ac
1353 568 1577 620 lacerari
1610 569 1878 636 plorabat,
1909 576 1964 620 et
1996 567 2142 620 aliud
2181 567 2310 633 quid

733 671 958 708 causam
992 656 1413 710 sciscitantibus
1444 672 1550 709 non
1584 657 1817 710 dicebat.

808 747 937 798 Illuc
990 755 1170 799 autem
1229 746 1567 799 medicorum
1631 761 1889 814 proceres
1938 746 2310 810 conﬂuentes,

735 850 911 902 neque.
950 835 1260 903 passionem
1297 837 1728 903 cognoscebant,
1760 851 1937 904 neque
1967 851 2186 887 causam
2217 836 2312 888 de-

735 926 1082 991 nuntiabant,
1124 941 1302 995 neque
1353 927 1557 994 aliquid
1601 927 1950 994 patiebantur
1988 927 2182 979 otlisrre
2227 941 2311 978 rc-

734 1016 1003 1077 medium,
1046 1017 1140 1071 St'tl
1201 1018 1274 1070 ttil
1335 1017 1598 1087 prodesse
1654 1019 1932 1082 valentes,
1982 1019 2141 1087 quasi
2203 1033 2311 1071 non

731 1108 1137 1175 apparuissent,
1193 1111 1632 1164 revertebantur.
1692 1110 1812 1176 Quo
1865 1119 2168 1178 comperto,
2217 1111 2308 1177 qtti

733 1197 949 1248 mulieri
1003 1198 1372 1266 pertinebant,
1411 1201 1682 1254 maturius
1730 1215 1850 1254 eam
1903 1201 1970 1253 ad
2018 1202 2220 1271 Cyrum
2259 1210 2312 1254 et

731 1286 997 1340 Joannem
1052 1298 1321 1360 martyres
1374 1291 1616 1356 ducunt,
1679 1293 1820 1346 haud
1877 1295 2075 1347 divina:
2136 1295 2308 1345 virtu-

732 1379 802 1430 t's
850 1393 1042 1432 eorum
1106 1382 1298 1450 ignari,
1337 1398 1434 1451 per
1483 1399 1644 1451 quam
1699 1385 1992 1439 sanitatem
2044 1384 2310 1439 acceden-

731 1469 879 1521 tibus
907 1472 1212 1541 pOrrignnt,
1243 1483 1295 1526 et
1319 1489 1485 1542 opera
1519 1487 1779 1544 peragunt
1815 1477 2155 1538 admiranda,
2189 1492 2310 1545 qua:

733 1574 830 1608 nee.
863 1575 1044 1613 sermo
1079 1569 1259 1630 potest
1289 1578 1571 1625 enarrare,
1606 1581 1706 1619 nec
1746 1565 1906 1632 plane
1944 1581 2142 1618 sensus
2172 1569 2311 1619 valet

732 1649 1010 1703 hominum
1043 1651 1388 1723 intelligere;
1421 1671 1615 1710 onmes
1656 1656 1933 1710 beneﬁciis
1978 1673 2308 1727 persequen-

730 1749 832 1797 tes.
864 1748 1027 1808 atque
1055 1743 1362 1805 salvantes,
1389 1753 1442 1798 et
1470 1760 1497 1797 a
1527 1746 1806 1799 continuis
1836 1747 2095 1815 periculis
2121 1763 2310 1801 eruen-

2414 565 2739 628 διωλόλυζεν
2759 583 2770 595 ·
2805 566 2992 635 ἕτερον
3019 565 3076 618 δέ
3105 581 3158 615 τι
3186 565 3298 626 τοῖς
3329 563 3431 634 τὴν
3460 564 3640 616 αἰτίαν
3665 563 3996 630 πυθομένοις

2417 659 2516 712 οὐκ
2545 659 2750 724 ἔλεγεν,

2505 751 2716 801 Ἑκεῖσε
2746 749 2802 801 δὲ
2835 747 2942 799 τῶν
2977 747 3178 817 ἰατρῶν
3213 749 3258 799 oi
3305 747 3608 818 προστόται
3653 745 3993 816 συρρέοντες,

2412 837 2537 890 οὔτε
2574 840 2634 890 τὸ
2668 838 2841 902 πάθος
2869 839 3189 906 ἐγίνωσκον,
3229 838 3352 891 οὔτε
3385 839 3484 908 τὴν
3510 838 3689 890 αἰτίαν
3719 835 3996 905 ἀπήγγελ-

2414 929 2542 994 λον,
2589 928 2714 981 οῦτε
2785 929 3126 998 προσφέρειν
3173 929 3459 997 ἡνίσχοντο
3515 930 3828 998 φάρμακον,
3879 926 3996 978 ἀλλ’

2415 1017 2754 1086 ὠφελοῦντες
2824 1017 2947 1070 οὐδὲ
2995 1018 3070 1079 ὡς
3123 1017 3198 1085 μὴ
3247 1017 3506 1085 φανέντες
3553 1012 3998 1084 ὑπέστρεφον.⁶¹0

2418 1109 2686 1178 μαθόντες
2711 1113 2756 1161 οἱ
2783 1109 2864 1178 τῷ
2891 1110 3098 1178 γυναίῳ
3131 1110 3504 1177 προσήκοντες
3523 1151 3537 1170 ,
3589 1107 3780 1160 θᾶττον
3826 1105 3997 1175 αὐτὴν

2413 1203 2552 1271 πρὸς
2597 1203 2780 1270 Κῦρον
2823 1203 2918 1253 καὶ
2961 1201 3216 1270 Ἰωάννην
3270 1201 3396 1262 τοὺς
3436 1199 3718 1268 μάρτυρας
3750 1199 3995 1263 ἄγουσιν,

2413 1294 2512 1346 οὐκ
2539 1294 2804 1361 ἀγνοηταὶ
2829 1294 2928 1362 τῆς
2957 1294 3104 1355 θείας
3135 1293 3479 1353 αὐτῶνόντες
3503 1291 3808 1360 δυνάμεως,
3837 1291 3904 1342 δι’
3928 1286 3997 1359 ἧς

2413 1385 2513 1447 τὰς
2569 1388 2740 1446 ἰάσεις
2800 1388 2910 1448 τοῖς
2963 1385 3284 1454 προσιοῦσιν
3331 1385 3619 1453 ὁρέγουσιν
3662 1385 3752 1435 καὶ
3793 1383 3998 1452 δρῶσιν

2414 1473 2552 1543 ἔργα
2585 1474 2888 1542 θαυμάσια,
2937 1475 2972 1527 ἃ.
3029 1475 3162 1543 μηδέ
3193 1474 3348 1541 λόγος
3380 1474 3603 1526 δύναται
3632 1471 3997 1542 διηγήσασθαι

2417 1567 2550 1636 μηδὲ
2577 1567 2768 1634 νοῆσαι
2802 1567 2990 1632 σαφῶς
3011 1568 3106 1617 ἀνθ
3117 1567 3317 1634 ρώπων
3344 1567 3516 1635 ἰσχύει
3543 1566 3774 1624 διάνοια,
3791 1566 3996 1624 πάντας

2413 1656 2832 1726 εὐεργετοῦντες
2867 1657 2961 1708 καὶ
2992 1656 3284 1721 σώζοντες,
3308 1659 3402 1708 καὶ
3440 1657 3702 1709 κινδύνων
3731 1655 4000 1708 ἁλλεπαλ-

2413 1750 2592 1818 λήλων
2622 1749 3011 1820 λυτρούμενοι⁹
3049 1750 3124 1810 ὡς
3156 1749 3242 1800 διὰ
3288 1747 3450 1800 τοῦτο
3509 1748 3847 1818 δωρηθέντες
3887 1749 3992 1807 τοῖς

731 1838 844 1892 tes;
881 1832 974 1899 qui
1011 1832 1267 1886 nimirum
1310 1845 1598 1904 propterea
1653 1837 1840 1889 donati
1893 1846 2023 1892 sunt
2069 1839 2307 1892 honiini-
2343 1825 2427 1894 Bc‘

2299 1869 2307 1877 -
2343 1825 2383 1878 Β
2412 1840 2721 1910 ἀνθρώποις
2755 1843 2804 1892 οἱ
2836 1840 2978 1906 ἆγιοι
3011 1884 3022 1903 ,
3063 1842 3157 1892 καὶ
3209 1840 3355 1902 δόσις
3399 1839 3577 1907 ἀγαθὴ
3623 1840 3715 1890 καὶ
3765 1837 3995 1908 δώρημα

732 1920 830 1973 bus
864 1922 1062 1984 sancti,
1099 1924 1284 1977 dattun
1337 1923 1430 1978 Dei
1483 1926 1701 1996 benigni
1755 1928 1971 1996 optimi,
1999 1936 2053 1982 et
2103 1931 2307 1982 donum

731 2012 1067 2080 perfectum,
1121 2030 1248 2084 erga
1305 2017 1559 2071 homines
1623 2018 1908 2073 donatoris
1965 2020 2308 2074 clementiam

730 2102 1034 2168 imitantes,
1083 2115 1244 2173 atque
1292 2116 1350 2160 ut
1388 2108 1538 2178 digiti
1592 2111 1772 2179 potius
1823 2112 2015 2166 datorc
2051 2113 2308 2182 cognosci

731 2195 992 2261 valerent,
1024 2214 1188 2267 quam
1223 2216 1424 2256 munus
1459 2202 1581 2271 ejus
1620 2202 1801 2257 facere
1835 2218 1942 2258 non
1978 2203 2307 2274 proﬁcuum,

731 2289 1074 2344 festinantes.

796 2376 899 2440 Qui
935 2385 986 2430 et
1026 2391 1176 2444 tunc,
1204 2377 1475 2450 Martyrize
1515 2381 1723 2436 miserti
1760 2383 1942 2437 taliter
1975 2383 2307 2447 dilaceratze,

729 2475 787 2519 ut
818 2467 1078 2531 diximus,
1111 2481 1166 2522 et
1215 2471 1442 2526 vocibus
1491 2475 1681 2527 arduis
1728 2474 2011 2543 ejulantis,
2046 2476 2114 2528 ad
2160 2491 2307 2529 som-

730 2574 858 2610 num
894 2559 1260 2624 deduxerunt,
1297 2571 1350 2615 et
1392 2571 1451 2616 ut
1484 2564 1760 2617 somnium
1795 2567 2064 2635 aspiceret
2103 2583 2311 2636 pracpa-

730 2659 1008 2703 raverunt.
1048 2652 1153 2718 lpsi
1204 2664 1386 2706 autem
1423 2661 1582 2708 erant
1627 2656 1719 2724 qui
1772 2665 1825 2710 et
1868 2656 2055 2711 videre
2082 2659 2308 2722 dabant,

725 2748 778 2789 et
818 2740 910 2807 qui
961 2741 1340 2809 apparebant:
1376 2744 1525 2797 viros
1572 2745 1718 2797 enim
1763 2745 1983 2799 videbat
2025 2747 2077 2799 in
2125 2763 2312 2800 mona-

725 2831 950 2884 chorum
1003 2834 1248 2887 vestibus
1293 2847 1676 2901 coruscantes,
1718 2846 1773 2891 et
1815 2838 1991 2891 lenius
2034 2853 2098 2891 ac
2140 2839 2311 2908 placi-

727 2925 849 2977 dius
879 2923 1180 2986 intuentes,
1218 2935 1270 2979 et
1299 2941 1423 2980 cum
1459 2929 1764 2981 reverentia
1805 2929 2112 2992 venientes,
2147 2937 2312 2998 atque

725 3015 974 3071 dit-entes
1005 3039 1017 3072 :
1049 3019 1164 3084 Qua
1195 3035 1293 3088 pro
1319 3036 1484 3074 causa
1519 3023 1700 3074 taliter
1729 3023 1959 3088 clamas,
1987 3032 2042 3076 et
2069 3022 2313 3075 dormire

729 3121 835 3157 non
867 3105 1003 3160 sinis
1038 3121 1134 3160 cos
1167 3107 1258 3175 qui
1292 3107 1380 3160 hic
1415 3107 1468 3160 in
1503 3107 1782 3164 laboribus
1818 3111 2214 3178 perseverant?
2246 3110 2310 3161 At

731 3197 816 3248 illa
867 3198 1075 3252 viscera
1115 3213 1175 3252 sc
1213 3200 1401 3254 dolere
1447 3201 1752 3270 respondit.
1786 3203 1851 3254 Et
1883 3211 2160 3271 martyres
2191 3217 2311 3254 rur-

729 3305 825 3342 sus
878 3304 996 3342 eam
1047 3291 1232 3344 verbis
1288 3293 1590 3361 reciprocis
1641 3295 2057 3353 convenientes,
2103 3295 2175 3345 ita
2230 3293 2312 3346 in-

728 3382 926 3449 quiunt
959 3399 972 3434 :
1006 3380 1070 3434 Et
1101 3383 1215 3435 soia
1251 3392 1306 3435 tu
1338 3383 1582 3436 dolorem
1623 3384 1794 3438 habes
1827 3400 1892 3437 ex
1939 3383 2024 3437 his
2052 3383 2310 3437 oumibus

730 3475 1174 3542 importabilem?
1201 3486 1254 3530 et
1298 3476 1402 3530 hoc
1453 3475 1625 3539 dicto,
1660 3485 1825 3544 caput
1873 3476 2121 3528 mulieris
2166 3483 2314 3528 tenet

731 3576 980 3635 uterque,
1013 3579 1067 3622 et
1105 3584 1227 3621 eum
1289 3583 1351 3623 os
1398 3569 1517 3637 ejus
1569 3569 1821 3622 manibus
1870 3568 2310 3636 adaperuisscnt,

729 3659 967 3712 duorum
1020 3660 1227 3724 senior,
1283 3659 1460 3730 Cyrus
1515 3659 1769 3712 videlicet
1824 3658 1913 3710 ille
1944 3657 2311 3720 ntirahilis,in

731 3765 849 3803 eam
906 3757 990 3804 ter
1044 3750 1342 3804 insuﬂlavit
1377 3769 1391 3804 :
1433 3757 1486 3803 et
1541 3749 1643 3803 hoc
1700 3748 1880 3811 facto,
1938 3749 2038 3817 ipsi
2095 3747 2311 3816 quidem

731 3842 888 3910 quasi
927 3850 1296 3908 recesserunt,
1331 3843 1421 3896 illa
1455 3857 1586 3896 vero
1637 3850 1747 3894 tam
1799 3857 1828 3895 a
1875 3841 2113 3903 somnio,
2147 3855 2312 3908 quam

731 3947 760 3983 a
797 3946 992 3986 somno
1033 3931 1285 3995 dimissa,
1324 3931 1534 3985 doloris
1577 3929 1800 4000 quidem
1850 3929 2186 3983 mediocrem
2231 3943 2317 3982 re-

729 4025 908 4094 quiem
961 4024 1274 4089 sentiebat;
1329 4023 1638 4092 urgebatur
1691 4032 1874 4076 autcm
1932 4020 2000 4076 ad
2087 4021 2315 4075 latrinas

733 4120 939 4179 venire,
989 4132 1100 4186 quo
1157 4114 1485 4184 perveniens
1523 4113 1710 4177 sedet,
1762 4121 1817 4168 et
1868 4113 2166 4180 paltnarcm
2219 4126 2317 4180 per

731 4215 973 4260 venirent
1009 4221 1248 4260 vermem
1280 4205 1556 4274 deposuit,
1579 4205 1672 4274 qui
1702 4203 1823 4274 ejus
1853 4204 2072 4258 occulte
2103 4203 2314 4256 viscera

729 4299 1071 4354 eotnedebat.
1111 4297 1282 4364 Quem
1314 4297 1463 4352 velut
1501 4305 1717 4352 stercus
1756 4310 2048 4354 exercans,
2080 4294 2148 4346 ad
2185 4307 2308 4347 sano

729 4402 943 4444 etorunt
1004 4392 1257 4458 spiritum
1315 4389 1561 4459 pulsum,
1615 4390 1829 4458 penitus
1877 4402 1906 4440 a
1953 4386 2238 4440 doloribus
2264 4393 2317 4438 ct

2409 1933 2613 1986 τέλειον
2647 1931 2784 1984 Θεοῦ
2810 1931 2903 1984 τοῦ
2942 1932 3328 2002 φιλανθρώπου
3364 1931 3502 1999 πρὸς
3535 1929 3858 1998 ἀνθρώπους
3888 1930 3988 1981 ὑπη

2412 2022 2697 2091 ammte;
2733 2023 2828 2074 καὶ
2878 2022 3210 2090 μιμούμενοι
3239 2023 3300 2074 τὸ
3327 2022 3420 2073 τοῦ
3448 2021 3836 2091 δωρησαμένου
3879 2021 3998 2088 φιλ-

2411 2113 2720 2182 άνθρωπον,
2767 2114 2861 2166 καὶ
2913 2113 3238 2175 σπεύδοντες
3286 2112 3438 2176 ἄξιον
3475 2113 3678 2181 μᾶλλον
3706 2113 3800 2164 τοῦ
3830 2113 3991 2164 δεδω-

2411 2205 2568 2266 κότος
2591 2203 2938 2274 χαρίζεσοαι,
2967 2206 3113 2274 ἥπερ
3164 2207 3335 2257 ποιεῖν
3369 2204 3535 2257 αὑτοῦ
3579 2206 3640 2258 τὸ
3672 2205 3842 2274 δῶρον
3871 2205 3997 2258 ἁνὸο

2410 2312 2594 2364 νητον.

2482 2388 2546 2440 Οἳ
2593 2389 2689 2440 καὶ
2719 2386 2842 2438 τότε
2905 2385 3004 2456 τὴν
3055 2387 3382 2458 Μαρτυρίαν
3410 2387 3778 2455 οἰκτείραντες
3821 2385 3995 2446 οὕτως

2413 2479 2888 2546 σπαραττομένην,
2916 2477 2993 2538 ὡς
3019 2477 3253 2546 ἔφημεν,
3289 2477 3383 2530 καὶ
3412 2479 3616 2546 φωναῖς
3647 2474 3996 2544 διαπρυσίοις

2410 2571 2755 2642 οἰμώζουσαν
2799 2569 2937 2639 πρὸς
2986 2569 3157 2621 ὕπνον
3211 2569 3558 2638 κατήγαγον⁹
3616 2569 3710 2621 καὶ
3744 2567 3997 2618 ἐνύπνιον

2414 2665 2509 2717 καί¹
2543 2663 2680 2730 ὄναρ
2710 2663 2844 2730 ὁρᾷν
2880 2661 3324 2731 παρεσκεύασαν.
3365 2659 3530 2712 Αὐτοὶ
3564 2659 3621 2710 δὲ
3650 2654 3790 2727 ἦσαν
3830 2659 3879 2709 οἰ
3911 2658 3997 2708 δε-

2411 2755 2644 2816 δωκότες
2679 2753 2812 2822 ὁρᾷν
2843 2753 2938 2805 καὶ
2965 2752 3320 2821 φαινόμενοι·
3353 2751 3555 2821 ἄνδρας
3603 2750 3714 2820 γὰρ
3766 2749 4000 2800 ἔϐλεπεν

2411 2847 2476 2897 ἐκ
2512 2845 2687 2914 μόνων
2712 2843 2820 2895 τῶν
2855 2842 3084 2910 ἱματίων
3115 2843 3532 2910 ἁστράπτοντας
3555 2881 3568 2904 ,
3599 2841 3692 2892 καὶ
3723 2840 4000 2909 προσηνές

2413 2953 2471 2988 τε
2507 2936 2805 3003 βλέποντας
2851 2936 2947 2986 καὶ
3000 2932 3269 3003 μειλίχιον
3285 2949 3298 2963 ⁸
3344 2933 3437 2984 καὶ
3488 2931 3626 3001 πρὸς
3663 2931 3833 2997 αὐτὴν
3877 2932 4000 3000 μετ’

2414 3027 2701 3090 εὐλαϐείας
2755 3027 3083 3096 ἐρχομένους
3137 3026 3231 3078 καὶ
3279 3025 3562 3090 λέγοντας
3608 3022 3768 3084 Τίνος
3813 3021 4003 3073 ἕνεκεν

2418 3117 2561 3170 οὕτω
2596 3116 2744 3185 βοᾷς,
2771 3116 2866 3167 καὶ
2895 3113 3180 3167 καθεύδειν
3215 3112 3314 3164 οὐκ
3347 3113 3441 3180 ἐᾷς
3466 3111 3592 3170 τοὺς
3621 3111 3680 3161 ὲν
3705 3107 3882 3168 νόσοις
3912 3109 4004 3158 ἐν-

2419 3210 2544 3264 θάδε
2578 3195 3020 3278 προσμένόνταςς
3061 3205 3124 3257 Ἡ
3150 3205 3207 3258 δὲ
3238 3204 3306 3257 τὰ
3356 3202 3642 3270 σπλάγχνα
3676 3202 3861 3252 πονεῖν
3891 3200 4005 3251 ἀπ-

2415 3299 2688 3369 εκρίνατο.
2719 3296 2829 3350 Καὶ
2853 3297 2902 3348 οἱ
2943 3296 3219 3365 μάρτυρες
3250 3293 3413 3347 πάλιν
3446 3290 3615 3359 αὐτὴν
3643 3288 4006 3359 ἀμειϐόμενοι

2417 3393 2678 3462 ῥήμασιν,
2706 3387 2827 3442 εἶτα
2881 3405 3047 3455 φασιν
3079 3401 3095 3415 ’
3122 3387 3232 3438 Καὶ
3281 3385 3415 3453 μόνη
3470 3382 3637 3434 ὕπνον
3682 3381 3746 3432 ἐκ
3796 3379 4008 3430 τούτων

2417 3485 2671 3537 ἁπάντων
2713 3482 2859 3550 ἔχεις
2898 3479 3210 3549 ἀφόρητον;
3242 3477 3351 3528 Καὶ
3382 3474 3541 3527 τοῦτο
3569 3473 3865 3542 φήσαντες,
3905 3470 4010 3539 τὴν

2417 3573 2659 3642 κεφαλὴν
2686 3572 2780 3624 τοῦ
2821 3570 3048 3639 γυναίου
3078 3566 3374 3638 κρατοῦσιν
3418 3564 3757 3635 ἀμφότεροι·
3811 3561 3907 3612 καὶ
3947 3561 4012 3612 τὸ

2420 3665 2592 3735 στόμα
2621 3662 3004 3728 διανοίξαντες,
3044 3663 3072 3712 ὁ
3115 3659 3224 3711 τῶν
3254 3657 3350 3710 δύο
3380 3655 3754 3727 πρεσὸύτερος
3797 3650 4012 3721 (Κῦρος

2416 3754 2570 3821 οὗτος
2597 3753 2664 3827 ἦν
2695 3759 2725 3809 ὁ
2760 3752 3072 3821 θεσπέσιος)
3122 3751 3298 3820 τούτῳ
3348 3750 3472 3819 τρὶς
3501 3745 3837 3814 ἐνεφύσησεν
3857 3760 3871 3772 ο
3913 3745 4014 3796 καὶ

2417 3849 2575 3903 τοῦτο
2622 3850 2986 3918 ποιήσαντες,
3031 3844 3187 3896 αὐτοὶ
3242 3842 3361 3912 μὲν,
3397 3842 3586 3908 φησιν,
3617 3834 4010 3905 ἀνεχώρησαν,

2417 3943 2602 4012 ἐκείνη
2626 3942 2685 3994 δὲ
2717 3940 2812 3992 τοῦ
2842 3955 2902 3991 τε
2931 3937 3103 3990 ῦπνου
3142 3934 3237 3988 καὶ
3261 3933 3355 3986 τοῦ
3389 3933 3666 4002 ὁράματος
3694 3927 3972 3981 ἀπελύετο
3995 3943 4007 3955 ·

2420 4035 2514 4088 καὶ
2540 4034 2640 4102 τῆς
2665 4031 2766 4102 μὲν
2795 4029 2989 4099 ὀδύνης
3015 4025 3251 4098 μετρίως
3272 4024 3574 4081 ἐπέπαυτο,
3589 4020 3764 4073 ἐλθεῖν
3789 4018 3847 4070 δὲ
3872 4017 4013 4087 πρὸς

2419 4123 2732 4194 ἀφεδρῶνας
2761 4120 3045 4190 ἠπείγετο,
3083 4117 3211 4170 ἔνθα
3243 4114 3512 4183 γενομένη
3544 4110 3876 4172 καθέζεται,
3913 4109 4014 4161 καὶ

2421 4214 2726 4283 παλαιστὴν
2756 4212 2845 4264 διὰ
2876 4209 3118 4280 γαστρὸς
3148 4207 3468 4277 κατήγαγεν
3497 4201 3779 4271 σκώληκα,
3820 4201 3916 4252 τὸν
3941 4199 4015 4252 τὰ

2423 4307 2706 4374 σπλάγχνα
2734 4302 2976 4372 κρυφίως
3009 4298 3391 4361 κατεσθίοντα,
3424 4295 3484 4349 ὃν
3532 4295 3608 4356 ὡς
3637 4293 3844 4362 κόπρον
3878 4308 4014 4342 κατ-

2424 4401 2560 4454 ιέναι
2585 4397 2916 4451 κελεύουσιν.
2973 4394 3179 4447 Τούτου
3215 4391 3274 4444 δὲ
3307 4388 3402 4443 τοῦ
3436 4387 3644 4448 πάθους
3671 4383 4016 4449 ἀπαλλαγεῖσα

731 4483 1159 4537 laeerationihus
1211 4482 1442 4535 liberata
1497 4490 1618 4546 est;
1667 4480 1996 4551 hyntnisque
2053 4477 2308 4546 martyri-
2345 4495 2427 4548 υς

2345 4495 2388 4548 D
2419 4510 2486 4546 σα
2514 4492 2608 4544 καὶ
2639 4487 2935 4559 Μαρτυρία
2962 4485 3146 4545 ἐλέους
3196 4481 3485 4550 ἐπέτυχεν,
3517 4480 3702 4548 χάριτι
3749 4478 3843 4528 καὶ
3883 4475 4013 4543 φιλ-

732 4576 831 4629 hus
861 4575 1179 4637 cumulatis,
1217 4589 1348 4628 sana
1385 4581 1440 4630 et
1478 4573 1644 4627 illmsa
1675 4574 1927 4627 recessit.
1961 4571 2095 4624 Cum
2120 4586 2230 4645 qua
2263 4577 2318 4621 et

729 4681 831 4720 nos
857 4667 1047 4719 eadem
1083 4666 1191 4719 illis
1234 4666 1528 4736 hymnodia
1577 4665 1762 4728 allata,
1811 4663 2043 4716 alterius
2081 4663 2314 4732 hymno-

728 4757 827 4809 diae
873 4755 1140 4811 faciamus
1175 4757 1480 4822 obtentum,
1519 4755 1749 4811 alterius
1793 4754 2114 4809 relationem
2149 4753 2314 4805 mira-

729 4847 836 4898 t'ttli
879 4846 1169 4901 facientes.

797 4956 960 5011 XXII.
1000 4957 1074 5011 De
1097 4955 1518 5028 Sarapammonc
1549 4957 1725 5011 sciron
1755 4955 1979 5009 habente
2012 4955 2066 5008 in
2095 4956 2242 5022 pede.

794 5115 932 5181 Quid
989 5124 1172 5169 autem
1218 5113 1486 5169 illustrem
1540 5113 2037 5181 Sarapannnonetn
2094 5113 2314 5181 negligi-

728 5207 896 5259 mus?
950 5208 995 5259 si
1054 5221 1179 5260 eum
1223 5204 1597 5275 pnetcrgredi,
1639 5211 1695 5258 et
1743 5218 1868 5255 eum
1925 5203 2156 5270 reliquis
2205 5217 2313 5254 non

725 5309 1039 5351 enarratum
1094 5298 1350 5353 deserere
1399 5297 1680 5358 nolunms,
1721 5310 1957 5363 quorum
2007 5295 2316 5346 multitudi-

729 5410 848 5443 nem
899 5393 1003 5445 si-it
1050 5392 1334 5445 hominum
1373 5390 1591 5459 quidem
1649 5390 1857 5444 nullus.
1891 5387 1986 5441 sed
2038 5402 2137 5439 nec
2179 5403 2311 5439 cott-

723 5485 892 5550 jieere
926 5491 1124 5550 potest,
1151 5485 1257 5536 seit
1307 5493 1487 5535 autem
1526 5481 1678 5533 solus
1712 5480 1878 5537 Deus.
1906 5485 1959 5532 et
1991 5487 2109 5545 post
2147 5477 2312 5530 licunt

731 5585 1001 5642 martyres
1050 5573 1139 5640 qtti
1177 5572 1464 5623 sanabant.
1518 5571 1658 5638 Ergo
1707 5567 1953 5621 (“CL‘IIIIIS
1996 5568 2116 5635 ejus
2164 5566 2308 5617 inlir-

732 5667 992 5724 unitatem,
1028 5675 1076 5716 et
1131 5679 1254 5716 eum
1316 5665 1416 5714 hae.
1475 5661 2047 5714 misericordissimam
2108 5668 2285 5710 sanna

730 5769 860 5816 tem.
892 5774 1052 5826 quam
1091 5758 1154 5810 ad
1197 5773 1384 5809 omnes
1431 5755 1631 5818 ctu‘t‘eii
1687 5755 1759 5806 illi
1804 5753 2079 5806 evidenter
2130 5761 2308 5803 metvu-

2421 4584 2708 4654 ανθρωπία
2741 4578 2980 4648 Χριστοῦ
3009 4575 3104 4630 τοῦ
3139 4573 3277 4628 Θεοῦ
3303 4573 3497 4644 ἡμῶν,
3532 4571 3627 4624 καὶ
3651 4570 3760 4622 τῶν
3783 4568 4015 4626 ,σεπτῶν

2419 4676 2746 4746 ἀναργύρων
2771 4671 3082 4740 δωρήμασι.

2419 4942 2548 4996 KB'.
2591 4939 2726 5006 Περί
2761 4934 3248 5006 Σαραπάμμων-ος
3287 4929 3508 4999 σκῖρον
3566 4929 3654 4992 εἰς
3699 4925 3807 4978 τὸν
3845 4922 4012 4975 πέδη

3077 5004 3350 5069 ἔχοντος.

2487 5103 2554 5154 Τί
2586 5101 2642 5153 δὲ
2685 5100 2777 5152 τὸν
2807 5097 3059 5167 λαμπρὸν
3087 5094 3529 5165 Σαραπάμμωνα
3575 5086 3849 5158 μέλλομεν
3873 5125 3888 5145 ,
3939 5084 4018 5136 εῖ-

2419 5210 2524 5262 περ
2548 5190 2710 5243 αὐτὸν
2741 5188 3034 5259 παρελθεῖν
3063 5189 3122 5240 οὐ
3156 5183 3484 5254 βουλόμεθα,
3519 5179 3641 5232 οὔτε
3673 5175 4012 5230 καταλιπεῖν

2421 5285 2558 5354 μετὰ
2608 5282 2716 5334 τῶν
2761 5280 2964 5333 λοιπῶν
3013 5279 3342 5348 ἁδιήγητονς
3375 5267 3452 5327 ὧν
3487 5273 3586 5342 τὴν
3647 5269 3862 5338 πληθὺν
3897 5263 4013 5320 οἶδε

2421 5377 2520 5445 μὲν
2569 5373 2874 5444 ἀνθρώπων
2929 5371 3124 5435 οὐδεὶς,
3179 5368 3302 5421 οὐδὲ
3332 5362 3692 5434 στοχάζεσθαι
3740 5361 4014 5414 δύναταιο

2418 5465 2555 5522 οἶδεν
2590 5467 2646 5518 δὲ
2699 5467 2856 5535 μόνος
2903 5465 3054 5526 Θεξς,
3095 5462 3186 5515 καὶ
3226 5462 3274 5512 οἱ
3319 5458 3458 5528 μετὰ
3504 5456 3637 5508 Θεὸν
3677 5453 4016 5521 ἀκεσαμενοι

2424 5562 2720 5629 μαρτυρες.
2758 5554 2967 5607 Οὐκοῦν
2993 5554 3232 5620 λέξωμεν
3259 5548 3426 5604 αὐτοῦ
3449 5565 3549 5616 την
3577 5546 3888 5607 ἀσθένειαν,
3921 5546 4018 5597 καὶ

2423 5654 2538 5723 μετ’
2577 5652 2744 5718 αὐτῆς
2777 5651 2870 5719 τὴν
2909 5647 3286 5715 φιλάνθρωπον
3327 5643 3492 5700 ἴασιν,
3537 5643 3599 5709 ἣν
3642 5641 3688 5688 οἱ
3733 5639 4021 5688 inseris-.0:

2422 5748 2550 5816 προὶξ
2606 5750 2801 5807 κάντὶ,
2850 5744 3030 5811 suae;
3062 5741 3480 5794 ἐπιδείκνυνται,
3511 5735 3647 5787 θεοῦ
3691 5730 4016 5800 σιλατῑθριοι-
