4294 6442
294 430 318 490 4
329 431 397 491 93

1249 427 1357 488 SS.
1389 425 1557 486 CYlll
1604 420 1699 482 ΕΓ
1739 415 2060 479 ,ΜΛΝΝΙΒ
2096 418 2506 482 Mlli.\CUL.\.

3391 433 3531 495 M94

256 543 382 597 τοὺς
410 539 602 606 ἁγίους
638 537 946 606 συλήσασα,
994 537 1263 591 δεδοικυῖα
1300 537 1356 590 δὲ
1402 536 1500 589 καὶ
1555 536 1642 587 διά
1687 530 1846 583 τοῦτο
1877 531 1919 585 Α

1834 546 1846 579 i
1877 531 1919 585 Α
1951 532 2167 596 tvrihus
2207 534 2429 601 quidem
2486 539 2824 591 curationem
2859 546 3037 596 turata
3063 551 3169 608 est,
3207 544 3302 600 sed
3332 545 3530 602 timens

257 632 351 682 καὶ
385 630 665 699 τρέμουσα
690 646 701 657 ⁸
741 630 863 681 κατ’
896 629 1113 697 ἐκείνην
1151 629 1289 698 τάχα
1335 628 1433 698 τὴν
1481 627 1572 679 ἐπὶ
1602 625 1696 677 τοῦ
1729 624 1843 673 Σω-

256 724 323 788 τῆ
333 739 422 792 ρος
439 721 741 793 αἱμορῤοῦ
752 739 851 773 σαν
872 721 1233 774 λανθάνουσα.
1254 721 1474 773 Ἐδεδίει
1494 718 1603 786 γάρ
1630 717 1721 769 καὶ
1750 714 1846 767 αὕ-

256 830 326 883 τη
364 814 572 880 σαφῶς,
606 816 807 883 μήπως
836 815 882 865 οί
918 812 1244 882 συληθέντες
1274 813 1375 883 τὴν
1418 811 1566 863 ἴασιν
1610 809 1846 876 νοήσωσι

260 904 568 973 μάρτυρες,
597 903 692 956 καὶ
720 901 965 973 φανεράν
992 900 1161 972 αὐτὴν
1208 904 1320 964 τοῖς
1356 902 1489 957 πᾶσι
1524 898 1845 967 ποιήσωσιν,

257 993 452 1064 ῶσπερ
487 994 749 1062 κάκείνην
776 996 803 1047 ὁ
832 994 1061 1065 Κύριος,
1110 994 1275 1047 αὐτόν
1320 1011 1377 1045 τε
1418 990 1709 1045 λανθάνειν
1755 990 1849 1042 καὶ

260 1086 474 1149 πάντας
500 1088 804 1155 νομίσασαν
839 1088 1211 1155 ἐφανέρωσεν.
1228 1084 1370 1137 Ἀλλ’
1401 1085 1500 1136 οὐκ
1524 1082 1711 1134 ἔλαθεν
1737 1081 1848 1133 οὐδ’

257 1174 403 1245 αὕτη
438 1176 534 1228 νῦν
567 1176 696 1239 τοὺς
731 1176 1060 1239 ἀκέσαντας,
1114 1175 1189 1240 ὼς
1239 1175 1347 1228 οὐδ’
1380 1176 1563 1244 ἐκείνη
1604 1174 1724 1226 τότε
1756 1172 1850 1224 τὸν

264 1267 498 1337 Κύριον.
536 1268 602 1318 Οἱ
637 1268 745 1337 γάρ
771 1269 918 1335 ἀγιοι
948 1269 1005 1321 ὲν
1038 1268 1225 1339 μέσοις
1254 1270 1368 1331 τοῖς
1397 1266 1575 1337 ὄχλοις
1614 1281 1848 1333 κρυπτο-

262 1360 439 1431 μένην
469 1360 641 1431 αὐτὴν
664 1360 1067 1432 θεωρήσαντες,
1100 1362 1321 1414 πάντων
1353 1362 1432 1422 είς
1461 1360 1625 1428 μέσον
1656 1358 1750 1410 καὶ
1774 1357 1849 1426 μὴ

257 1452 528 1506 θέλουσαν
573 1453 821 1520 ἄγουσιν,
857 1454 951 1506 καὶ
980 1453 1198 1506 πάντων
1219 1454 1274 1503 ὲν
1299 1451 1453 1521 ὕψεσι
1481 1448 1848 1520 θριαμϐεύου-

259 1558 386 1596 σιν’
428 1543 527 1613 οὐχ
575 1542 653 1606 ὥς
716 1559 769 1596 τι
816 1542 925 1596 τῶν
970 1542 1189 1595 ἀτὸπων
1234 1544 1566 1612 ποιήσασαν,
1612 1539 1727 1592 ἀλλ’
1776 1538 1849 1601 ὡς

256 1637 446 1689 πίστει
472 1636 572 1706 τὴν
617 1636 895 1707 σωτηρίαν
949 1635 1310 1705 κερδάνασαν,
1348 1634 1444 1686 καὶ
1482 1632 1620 1702 πρὸς
1670 1628 1851 1683 αὐτῶν

256 1726 492 1789 εἰκότως
523 1725 858 1779 άκούουσαψ
903 1726 1164 1796 ιθάρσει,
1194 1725 1459 1794 θύγατερ,
1492 1725 1730 1793 ἡπίστις
1757 1738 1851 1774 σου

258 1820 505 1873 σέσωκέν
536 1836 617 1884 σε,
647 1818 883 1888 πορεύου
917 1819 996 1881 εἰς
1027 1818 1270 1886 εἰρήνην.
1318 1834 1335 1866 ι

343 1909 592 1963 Ἐλπιδία
619 1911 729 1978 γὰρ
756 1910 905 1962 τουτὶ
926 1909 988 1962 τὸ
1021 1909 1348 1962 πιστότατον
1373 1906 1619 1975 γύναιον.
1648 1903 1710 1956 τὸ
1749 1904 1847 1973 τῆς
1882 1903 1922 1957 Β

255 2003 587 2073 αἱμορροίας
620 2002 777 2072 ἔσχεν
828 2000 1197 2074 ἀρρώστημα,
1253 1999 1345 2070 ὑφ’
1376 1995 1436 2053 οὕ
1485 1996 1673 2060 δεινῶς
1724 2012 1849 2048 κατ-

255 2096 492 2165 ετήκετο
517 2094 610 2147 καὶ
643 2094 843 2164 μᾶλλον
863 2093 1095 2163 ἀφειδῶς
1113 2092 1459 2163 ἀνηλίσκετο,
1486 2089 1670 2160 πηγὴν
1699 2086 1853 2140 στελ-

255 2186 495 2255 λομένην
527 2183 621 2237 τοῦ
658 2184 868 2247 πάθους
901 2185 1001 2237 ούκ
1024 2183 1247 2254 ἔχουσα,
1270 2183 1383 2257 ¹οὐκ
1409 2182 1637 2235 ἀεννάου
1668 2178 1848 2249 νάμα-

254 2293 373 2342 τος,
399 2275 538 2331 ἀλλὰ
573 2275 833 2347 βρύοντος
858 2275 1123 2346 αἴματος’
1161 2276 1255 2329 καὶ
1308 2273 1539 2345 κρουνὸς
1577 2272 1665 2326 ἀεὶ
1712 2271 1851 2325 Stat-

256 2369 510 2437 νόμενος,
551 2368 650 2421 ούκ
689 2367 1073 2439 ἀργυροειδέσι
1110 2369 1225 2431 τοῖς
1277 2365 1487 2431 ὕδασιν,
1525 2365 1661 2419 ἀλλά
1684 2381 1852 2432 φοινι-

258 2459 505 2528 κόχρωσι
534 2458 828 2522 στάζουσιν
856 2459 1106 2528 αἴμασιν.
1128 2456 1416 2511 Ἐντεῦθεν
1461 2456 1630 2519 νεκρά
1661 2456 1759 2524 μὲν

258 2551 433 2614 ζῶσιν
469 2547 744 2617 ἐφαίνετο.
774 2546 870 2601 τοῦ
904 2548 1320 2619 ἑρυθραίνοντος
1367 2548 1738 2607 ἐπιλείποντος
1775 2544 1856 2596 αῖ-

262 2658 440 2711 ματος
464 2656 479 2670 ⁸
514 2642 572 2693 ἐν
597 2642 815 2709 νεκροῖς
845 2639 903 2691 δὲ
959 2639 1122 2692 πάλιν
1170 2638 1269 2691 οὑκ
1316 2639 1612 2706 ἐλογίζετο,
1646 2636 1729 2688 ἔτι
1759 2634 1854 2687 τοῦ

259 2729 505 2795 ζωτικοῦ
544 2730 848 2801 ψυχοῦντος
898 2730 1070 2799 αὐτὴν
1118 2731 1208 2782 καὶ
1251 2731 1569 2799 συνέχοντος
1603 2727 1855 2796 πνεύμα-

258 2842 378 2887 τος.
415 2824 514 2875 Ἐκ
540 2824 729 2875 τούτου
766 2824 959 2891 φυγεῖν
987 2821 1326 2874 θέλουσατοῦ
1360 2822 1695 2891 νοσήματος,
1728 2820 1856 2883 τοὺς

260 2914 597 2984 φυγαδεύειν
615 2912 749 2966 αὐτὸ
768 2913 1273 2984 ἐπαγγελλομένους
1300 2914 1517 2983 ἰατροὺς
1536 2913 1856 2975 ἐπεδίωκεν,

258 3008 510 3070 ἐκείνους
539 3008 627 3059 ἀεὶ
678 3008 819 3076 μετά
878 3006 1139 3077 πλείστης
1192 3006 1430 3075 σπουδῆς
1478 3004 1856 3075 ἀνιχνεύουσα,

259 3108 389 3168 τους
452 3102 520 3156 δι’
549 3103 741 3173 ἐξοχὴν
790 3101 1174 3171 ἐνδεδυμένους
1232 3102 1358 3162 τοὺς
1424 3100 1717 3170 τρίϐωνας,
1766 3100 1861 3153 καὶ

262 3197 449 3250 πάντα
479 3196 548 3248 τά
582 3195 682 3264 τῆς
710 3195 901 3264 τέχνης
918 3194 1221 3263 αὐχοῦντας
1244 3191 1594 3254 ἐπίστασθαι,
1619 3191 1713 3244 καὶ
1735 3191 1859 3254 τοὺς

263 3286 567 3356 μανθάνειν
595 3284 907 3348 ἐθέλοντας,
963 3286 1020 3336 ἐν
1049 3284 1215 3355 ὀφρύϊ
1252 3283 1362 3337 τῶν
1394 3284 1571 3352 λόγων
1596 3285 1671 3348 ὡς
1697 3287 1751 3338 ὲν
1778 3286 1855 3336 εἱ-

257 3380 416 3448 δήσει
444 3379 555 3429 τῶν
576 3376 757 3447 ἔργων
798 3375 1149 3438 διδάσκοντας
1172 3392 1187 3405 ·
1219 3375 1314 3437 οὕς
1358 3374 1722 3444 εύθηνοῦντας
1756 3375 1853 3444 μὲν

257 3470 369 3521 ἀνά
398 3468 497 3539 τὴν
523 3468 680 3520 πόλιν
723 3468 798 3530 ὡς
835 3466 1027 3537 ἤθελεν
1074 3467 1354 3536 εὕρισκεν,
1390 3465 1748 3530 σπανίζοντας
1796 3466 1854 3519 δὲ

258 3562 402 3633 πρδε
444 3562 588 3614 ἴασιν
616 3561 713 3629 οὐχ
736 3559 992 3632 εὕρισκεν
1018 3559 1093 3622 ὼς
1144 3558 1432 3628 ἠόούλετοσ
1459 3559 1690 3612 ἑκάστου
1746 3556 1852 3630 γάρ

257 3652 446 3707 αὐτῶν
464 3655 662 3722 πεῖραν
696 3651 1081 3720 λαμϋάνουσα,
1138 3651 1216 3713 ὡς
1245 3650 1307 3703 οὐ
1361 3649 1681 3719 πειραθεῖσά
1711 3651 1849 3720 προς

254 3745 423 3797 ἀλλον
462 3744 788 3814 μετήρχετο,
823 3742 919 3794 καὶ
948 3741 1070 3795 καθ’
1097 3740 1193 3794 ἕνα
1217 3741 1345 3804 τοὺς
1376 3741 1585 3805 πάντας
1614 3740 1853 3812 ἀμείψα-

256 3854 349 3902 σα,
380 3837 443 3889 τδ
483 3842 713 3906 κατέχον
745 3833 917 3906 αὐτὴν
944 3835 1047 3887 ούκ
1074 3834 1277 3906 ἤλαυνε
1316 3834 1552 3906 νόσημα.

335 4098 466 4152 Ὅτε
494 4098 550 4151 δὲ
583 4098 764 4151 πάντα
791 4098 883 4150 τὸν
919 4098 1033 4169 βίον
1061 4101 1234 4168 αὐτῆς
1257 4100 1351 4152 καὶ
1380 4100 1479 4171 τὴν
1508 4098 1744 4171 ὕπαρξιν
1772 4101 1851 4163 εἰς

258 4191 485 4262 ἰατρούς
514 4189 848 4261 ἐδαπάνησε,
882 4191 974 4243 καὶ
1015 4191 1077 4243 τὺ
1122 4190 1295 4253 πάθος
1328 4194 1523 4261 φυγεῖν
1553 4195 1652 4245 οὐκ
1685 4191 1852 4244 εὐπό-

256 4300 422 4353 ρησε,
454 4281 579 4335 οὔτε
611 4282 970 4351 παραμυθίαν
1016 4283 1141 4335 τινά
1170 4287 1291 4348 ταῖς
1333 4284 1594 4355 ἀλγηδόσι
1624 4284 1853 4356 πορίσα-

256 4372 411 4437 σθαι,
453 4373 503 4425 εἰ
534 4374 629 4424 καὶ
654 4374 753 4442 τὴν
781 4371 1019 4442 ἀπορίαν
1052 4373 1270 4427 πάντων
1323 4374 1716 4427 ἀναλωθέντων
1769 4374 1851 4437 είς

254 4464 462 4525 αὐτοὺς
492 4462 809 4534 έπορίσατο,
859 4465 951 4516 ἐπὶ
995 4464 1178 4536 Κῦρον
1220 4466 1316 4519 καὶ
1359 4464 1617 4537 Ἰωάννην
1666 4466 1850 4537 ἡρέμα

1951 625 2021 676 ob
2048 626 2151 679 hoc
2181 635 2235 679 et
2269 635 2531 689 tremens.
2561 638 2724 698 atqttc
2756 634 3061 688 secundum
3093 636 3240 690 illam
3276 637 3530 693 fortassis

1955 719 2467 783 lueinorrhoissam,
2496 738 2616 790 qua:
2665 739 2693 775 a
2758 722 3043 780 Salvatore
3070 738 3262 782 sanata
3293 738 3376 783 est
3404 731 3528 784 lati-

1955 819 2077 865 tans
2105 826 2118 863 :
2154 810 2481 866 formidabat
2516 813 2663 866 enim
2693 822 2747 866 et
2774 815 2886 869 hinc
2914 827 3057 885 apte,
3078 820 3365 888 nequando
3392 834 3526 873 mar-

1954 906 2124 969 tyres,
2162 914 2189 951 a
2222 899 2424 970 quibus
2480 900 2626 955 furto
2684 904 2973 959 sanitatem
3014 907 3336 971 abstulerat,
3372 907 3530 963 intel-

1954 990 2206 1059 ligerent,
2263 1002 2315 1045 et
2364 992 2712 1048 manifestam
2764 1010 2882 1049 eam
2929 996 3186 1053 omnibus
3265 998 3527 1065 facerent,

1954 1082 2098 1135 sient
2126 1091 2178 1134 et
2214 1084 2360 1135 illam
2396 1082 2658 1139 Dominus
2692 1086 3011 1156 publicavit,
3041 1104 3162 1158 qua:
3199 1096 3254 1142 ct
3294 1089 3443 1143 illum
3474 1098 3529 1143 et

1953 1190 2143 1229 ninnes
2175 1176 2342 1228 lalere
2369 1177 2612 1243 putabat.
2652 1176 2756 1233 Sed
2790 1194 2891 1234 nec
2920 1179 3025 1236 ista
3068 1180 3228 1235 latuit
3259 1197 3406 1236 nunc
3432 1197 3529 1237 eos

1953 1267 2042 1333 qui
2076 1282 2134 1319 se
2158 1282 2347 1320 sanam
2378 1267 2651 1332 fecerant;
2681 1272 3142 1340 quemadmodum
3170 1274 3381 1329 necilla
3401 1283 3531 1328 tunc

1953 1356 2240 1410 Dmniuum
2276 1376 2289 1423 ;
2328 1360 2503 1413 sancti
2538 1361 2684 1414 enim
2729 1362 2781 1415 in
2816 1363 2996 1418 medio
3038 1365 3327 1419 turbarum
3360 1365 3527 1418 ctiam

1955 1447 2222 1500 volentem
2241 1448 2538 1513 adducunt,
2562 1460 2616 1503 et
2646 1465 2831 1504 coram
2856 1452 3115 1507 omnibus
3137 1454 3524 1520 manifestant;

1954 1555 2063 1591 non
2098 1541 2252 1608 quasi
2295 1540 2424 1610 quid
2466 1556 2693 1611 pravum
2727 1541 2940 1609 fecerit,
2976 1544 3073 1599 sed
3119 1556 3377 1615 tauquam
3408 1562 3527 1598 eam

1952 1647 2072 1700 qum
2104 1632 2207 1685 {ide
2237 1633 2469 1686 salutem
2501 1633 2712 1686 lucrata
2740 1633 2835 1697 sit,
2867 1643 2921 1689 et
2948 1634 3016 1688 ab
3041 1634 3121 1690 eis
3144 1635 3534 1690 convenienter

1954 1722 2189 1776 audierit
2220 1740 2235 1776 :
2278 1742 2296 1774 ι
2327 1723 2570 1788 Coulide,
2609 1723 2741 1788 lilia,
2782 1724 2917 1780 lidcs
2941 1733 3032 1779 tua
3064 1734 3118 1780 te
3148 1726 3353 1781 salvam
3381 1726 3528 1787 fecit,

1956 1815 2089 1867 vade
2116 1815 2167 1866 in
2203 1829 2356 1884 pace.
2397 1833 2415 1865 ι

2022 1904 2269 1974 llelpidia
2326 1905 2472 1959 enim
2519 1906 2635 1961 haec
2688 1906 3006 1963 ﬁdelissima
3060 1908 3258 1963 mulier
3311 1908 3530 1979 sangui-

1949 2001 2036 2053 nis
2093 1999 2269 2053 llams
2325 1998 2513 2052 habuit
2554 2000 2957 2069 :cgritndiueia,
3019 2016 3047 2055 a
3084 2017 3191 2072 qua
3242 2003 3531 2058 taheliehat

1951 2092 2232 2150 atrociter.
2260 2101 2312 2143 et
2350 2090 2469 2147 sine
2497 2091 2605 2144 ulla
2640 2092 2907 2160 parcitate
2938 2095 3387 2158 consumebatur,
3407 2095 3529 2149 fon-

1953 2192 2061 2238 tem
2112 2183 2323 2237 habens
2361 2182 2639 2251 passionis
2683 2183 2776 2252 qui
2810 2198 2917 2237 non
2948 2182 3270 2249 deﬁciebat;
3305 2201 3411 2238 non
3447 2193 3531 2238 ta-

1952 2290 2075 2329 men
2130 2273 2389 2327 latieibus
2430 2274 2765 2342 petennibus
2804 2273 3081 2341 ﬂuentem,
3111 2274 3208 2330 sed
3244 2277 3531 2347 sanguinis

1954 2365 2150 2418 rivulis
2208 2372 2581 2429 emanantcm,
2642 2380 2818 2434 neque
2867 2368 3081 2437 argenti
3132 2369 3314 2437 specie
3357 2384 3531 2439 aquas

1954 2456 2266 2518 habentem,
2302 2454 2396 2509 sed
2434 2455 2926 2524 phasniecicoloris
2979 2459 3302 2529 sanguinein
3356 2460 3533 2514 distil—

1956 2542 2177 2594 lantem.
2212 2543 2287 2594 Ac
2317 2558 2411 2610 per
2437 2542 2540 2596 hoc
2572 2554 2781 2597 mortua
2843 2545 3061 2614 quidem
3121 2548 3262 2602 inter
3293 2548 3531 2604 viventes

1957 2633 2275 2702 apparebat,
2302 2632 2590 2689 deﬁciente
2638 2637 2932 2706 sanguine,
2962 2637 3059 2707 qui
3118 2639 3372 2693 ruborem
3413 2641 3533 2695 vul-

1958 2732 2047 2776 tus
2085 2734 2304 2793 przrstat
2338 2743 2352 2778 :
2390 2734 2443 2779 et
2473 2742 2661 2782 rursus
2692 2728 2745 2782 in
2788 2731 3021 2784 mortuis
3058 2745 3180 2786 eSse
3228 2747 3337 2786 non
3384 2732 3534 2787 aesti-

1961 2818 2233 2881 mabatur,
2262 2832 2329 2870 co
2352 2818 2497 2887 quod
2530 2819 2669 2873 hanc
2702 2820 2915 2874 vividus
2942 2820 3122 2875 adhuc
3151 2822 3380 2891 spiritus
3415 2824 3535 2878 ani.

1961 2920 2155 2976 uiaret,
2188 2919 2242 2965 ct
2266 2913 2592 2967 contineret.
2625 2914 2663 2965 Α
2689 2928 2799 2982 quo
2818 2914 3083 2984 languore
3111 2915 3297 2983 fugere
3317 2918 3531 2980 volens,

1968 3004 2213 3056 medicos
2266 3002 2358 3071 qui
2407 3002 2599 3071 fugare
2640 3004 2784 3058 hunc
2836 3006 3302 3075 iepronrittetcul,
3347 3022 3535 3078 perse-

1961 3108 2085 3149 cuta
2116 3103 2220 3156 est,
2256 3095 2378 3150 illos
2434 3110 2652 3165 semper
2702 3096 2874 3150 multo
2938 3096 3124 3150 studio
3176 3098 3532 3167 investigatis,

1963 3185 2054 3255 qui
2076 3194 2296 3255 propter
2335 3186 2692 3240 eminentiam
2724 3186 3035 3242 tribnnibus
3061 3187 3452 3254 induebantur,
3482 3197 3537 3242 et

1966 3279 2151 3332 omnia
2197 3293 2319 3347 quae
2375 3288 2505 3332 sunt
2542 3278 2680 3332 artis
2708 3293 2769 3333 se
2826 3294 2992 3334 nosse
3052 3279 3453 3349 gloriabantur,
3484 3288 3538 3333 et

1962 3384 2058 3423 eos
2110 3370 2202 3437 qui
2247 3369 2461 3423 discere
2502 3370 2737 3434 vellent,
2788 3369 2843 3422 in
2891 3370 3191 3441 supercilio
3244 3371 3535 3425 verborum

1965 3476 2120 3529 atque
2183 3467 2243 3514 ut
2287 3460 2341 3513 in
2406 3460 2636 3514 scientia
2698 3474 2926 3529 operum
3002 3459 3348 3525 CdOCCIiﬂlll;
3399 3476 3540 3530 quos

1972 3553 2258 3608 abundare
2281 3568 2377 3623 per
2403 3552 2703 3612 civitatem,
2720 3561 2781 3605 ut
2820 3553 3058 3619 volebat,
3083 3553 3417 3617 inveniebat,
3440 3553 3537 3608 sed

1968 3660 2128 3699 raros
2188 3644 2254 3697 ad
2312 3645 2604 3698 sanitatem
2655 3643 2885 3697 idoneos
2932 3645 3284 3711 inveniebat;
3348 3646 3539 3700 unius-

1963 3734 2235 3803 cujusque
2268 3734 2412 3787 enim
2443 3734 2658 3787 illorum
2684 3734 3064 3802 experimento
3108 3743 3352 3803 accepto,
3377 3736 3535 3806 quasi

1966 3843 2077 3881 non
2105 3834 2352 3895 experto,
2406 3826 2676 3880 transibat
2708 3825 2774 3879 ad
2823 3826 3012 3891 alium,
3037 3836 3091 3880 et
3122 3841 3220 3898 per
3264 3829 3534 3898 singulos,

1962 3936 2155 3975 omnes
2181 3918 2611 3985 remunerabat;
2642 3917 2736 3973 sed
2764 3918 3100 3988 languorem,
3132 3919 3226 3989 qui
3275 3934 3337 3976 sc
3369 3920 3536 3977 liabe-

1969 4009 2081 4070 hat,
2116 4023 2225 4061 non
2259 4009 2587 4062 minorabat.

2032 4101 2166 4154 Cum
2191 4108 2372 4155 autem
2406 4115 2619 4154 omnem
2651 4100 2869 4153 vielum'
2886 4115 3048 4155 suum
3072 4109 3237 4171 atque
3273 4103 3534 4159 substan-

1962 4194 2092 4244 tiam
2132 4192 2185 4245 in
2229 4191 2456 4246 medicis
2484 4193 2938 4264 consumpsisset,
2975 4199 3030 4245 et
3053 4194 3364 4262 passionem
3394 4195 3534 4250 υσυ-

1961 4296 2088 4350 gere
2121 4281 2348 4335 minime
2376 4281 2660 4346 valuisset,
2696 4282 2791 4336 sed
2823 4296 2923 4335 nec
2966 4283 3208 4352 requiem
3249 4283 3535 4342 doloribus

1961 4373 2193 4426 mercari
2236 4373 2536 4442 quamlibet
2560 4373 2852 4441 potuisset,
2880 4375 3007 4428 licet
3032 4376 3203 4428 solam
3237 4385 3533 4446 egestatem

1959 4466 2218 4522 omnibus
2249 4467 2302 4521 in
2335 4482 2431 4522 eos
2466 4468 2724 4536 expensis
2773 4469 3119 4538 acquisierit,
3154 4469 3221 4525 ad
3250 4469 3449 4543 Cyrum
3481 4484 3537 4527 et

255 4570 380 4615 πως
410 4553 655 4623 ἔρχεται,
684 4553 882 4623 κλέψαι
917 4556 1202 4624 μελετῶσα
1233 4561 1297 4629 τῇ
1332 4559 1515 4611 πίστει
1538 4559 1640 4630 τὴν
1681 4559 1845 4611 ἴασιν.
1881 4593 1932 4652 D

1839 4596 1845 4611 .
1881 4593 1932 4652 Β
1958 4557 2224 4614 Joannem
2267 4559 2595 4628 pedetentim
2624 4561 2860 4628 accedit,
2909 4561 3012 4617 lide
3039 4562 3209 4618 furari
3266 4565 3535 4621 meditans

255 4643 539 4715 Εὕκαιρον
562 4644 620 4697 δὲ
674 4647 867 4715 καιρὸν
900 4646 1040 4716 πρὸς
1084 4646 1183 4717 τὴν
1230 4646 1440 4717 κλοπὴν
1482 4648 1852 4718 ἀναμένουσα,

255 4738 355 4790 καὶ
379 4738 481 4806 τὴν
504 4735 656 4807 ὥραν
680 4737 951 4803 φυλάττου
962 4755 1028 4790 σα
1053 4738 1177 4790 καθ’
1201 4740 1266 4808 ἣν
1286 4738 1519 4809 συλῆσαι
1565 4739 1665 4810 τὴν
1695 4740 1854 4810 θερα-

253 4826 426 4879 πείαν
466 4824 724 4895 ἠδύνατο,
764 4825 1068 4896 νυσταγμῷ
1120 4825 1277 4896 βαθεῖ
1330 4826 1708 4895 καταφέρεται
1759 4827 1854 4879 καὶ

256 4919 419 4986 ὕπνῳ
456 4915 714 4982 συλάται,
751 4917 882 4988 πρὶν
913 4918 945 4985 ἧ
976 4914 1201 4987 συλήσει
1238 4918 1365 4980 τοὺς
1394 4917 1679 4988 μάρτυρας
1702 4934 1715 4948 .
1762 4918 1855 4970 καὶ

254 5008 462 5076 κλέψαι
499 5007 601 5076 τὴν
660 5007 803 5058 ἴασιν
856 5005 1109 5065 θέλουσι,
1161 5007 1301 5076 αύτὴ
1357 5008 1667 5060 τούναντίον
1700 5008 1855 5060 ἐκλέ-

254 5117 429 5153 πτετο
454 5117 468 5128 ⁸
498 5101 593 5153 καὶ
623 5100 896 5151 κλαπεῖσα
932 5099 1097 5152 πάλιν
1140 5102 1269 5170 περὶ
1320 5100 1414 5169 τῆς
1457 5100 1665 5168 κλοπῆς
1702 5101 1856 5154 ἐϐου-

254 5192 471 5247 λεύετο.
514 5192 655 5244 Ἀλλ’
688 5191 873 5244 ἰδοῦσα
898 5192 1146 5256 τούτους,
1174 5190 1247 5254 ὠς
1273 5192 1544 5255 ἀκουσίως
1570 5192 1850 5258 ἐκάθευδε,

256 5286 360 5356 τὴν
389 5284 600 5355 κλοπὴν
632 5284 876 5355 ἐφοόήθη
913 5284 1244 5353 ποιήσασθαι
1278 5302 1291 5316 ’
1322 5285 1565 5356 διορύξαι
1619 5287 1731 5356 γάρ
1764 5286 1855 5339 τὸν

257 5375 541 5447 θησαυρὸν
594 5378 697 5428 ούκ
740 5376 1039 5446 ἐθάρσησε,
1080 5374 1342 5447 ἀλλήλους
1404 5377 1685 5447 βλέπουσα
1725 5379 1854 5441 τοὺς

256 5470 455 5538 ἁγίους
488 5469 882 5537 φυλάττοντας,
911 5470 1007 5522 καὶ
1035 5470 1110 5539 μὴ
1149 5469 1486 5538 δυναμένους
1536 5471 1642 5523 ὑπό
1687 5488 1852 5533 τινος.

255 5567 305 5617 εἰ
334 5563 414 5636 μὴ
441 5563 675 5627 θέλοιεν,
714 5561 1068 5616 κλέπτεσθαι.

335 5744 504 5798 Αὐτοὶ
532 5742 589 5796 δὲ
624 5743 720 5795 τὸν
747 5743 954 5796 σκοπὸν
1003 5744 1096 5797 τοῦ
1132 5747 1354 5813 γυναίου
1395 5750 1712 5819 νοήσαντες,
1762 5769 1835 5805 κα

258 5835 358 5903 τὴν
395 5835 579 5889 πίστιν
599 5833 996 5903 ἀποδεξάμενοι
1046 5838 1140 5889 καὶ
1172 5837 1273 5909 τὴν
1312 5840 1721 5909 φανερωθεῖσαν
1756 5844 1847 5895 εύ-

1969 4654 2287 4708 sanitatem.
2322 4650 2524 4708 Verum
2580 4652 2710 4707 dum
2774 4663 2993 4724 tempus
3040 4665 3413 4726 opportunum
3468 4659 3535 4711 ad

1973 4743 2279 4798 faciendum
2308 4743 2514 4798 t‘urtum
2547 4754 2847 4813 exslicctat,
2870 4747 2999 4801 dum
3023 4750 3212 4802 horam
3252 4764 3357 4818 qua
3378 4765 3538 4805 cura-

1970 4836 2171 4889 tionem
2209 4836 2444 4906 praedari
2474 4845 2666 4906 posset
2698 4838 2971 4903 observat,
2995 4838 3384 4896 dormitatione
3409 4856 3536 4909 pro-

1969 4928 2135 4983 funda
2194 4929 2518 4998 deprimitur
2552 4947 2566 4992 ;
2594 4938 2647 4984 et
2684 4945 2714 4983 a
2753 4945 2949 4984 somno
2972 4930 3321 5001 dispoliatur,
3355 4932 3538 5000 prius-

1966 5037 2129 5090 quam
2184 5020 2441 5089 dispoliet
2496 5028 2820 5091 martyres;
2886 5031 2940 5075 ct
3020 5021 3190 5075 furari
3248 5024 3535 5077 sanitatem

1964 5114 2193 5175 volcns’,
2243 5112 2358 5179 ipsa
2407 5126 2437 5166 e
2486 5111 2765 5165 contrario
2833 5110 3018 5165 furtim
3079 5112 3380 5178 adimitur,
3426 5113 3538 5167 fur-

1965 5218 2130 5273 toquc
2178 5202 2540 5272 adempta,de
2594 5201 2741 5256 furto
2763 5219 2958 5258 rursus
2991 5204 3194 5259 iniebat
3223 5207 3537 5261 consilium.

1967 5298 2072 5353 Sed
2100 5298 2186 5352 his
2211 5296 2363 5362 visis,
2393 5311 2520 5350 cum
2584 5297 2703 5350 sine
2752 5296 3030 5352 voluntate
3084 5298 3370 5363 dormiret,
3426 5297 3529 5352 lur-

1967 5403 2078 5445 tutn
2132 5389 2315 5445 facere
2369 5388 2571 5454 timuit,
2629 5390 2906 5445 sull'oiiere
2938 5404 3172 5459 namque
3217 5391 3535 5446 thesaurum

1969 5499 2077 5538 non
2122 5481 2495 5552 praesumpsit,
2554 5493 2777 5537 sanctos
2822 5485 3014 5535 videns
3064 5482 3296 5536 invicem
3347 5483 3535 5537 obser-

1967 5582 2183 5631 vantes.
2218 5584 2273 5628 et
2301 5588 2410 5627 non
2447 5587 2608 5644 posse
2666 5571 2852 5627 furtim
2880 5589 2909 5627 a
2936 5588 3235 5644 quoquam,
3286 5574 3388 5628 nisi
3440 5591 3537 5627 vo-

1965 5666 2216 5723 luissent.
2251 5662 2479 5717 auferri.

2039 5754 2143 5824 Ipsi
2176 5761 2358 5807 autem
2408 5767 2531 5807 cum
2570 5753 2814 5807 mulieris
2854 5752 3194 5806 iulentioeen
3236 5750 3539 5805 iuteliexis~

1966 5856 2088 5900 sent
2141 5854 2194 5901 et
2250 5843 2435 5910 ﬁdem,
2477 5860 2540 5900 ac
2582 5845 2926 5899 ηιωιὶΐιςιιιιιι
2959 5845 3060 5900 sibi
3098 5854 3151 5899 et
3202 5857 3381 5901 noram
3422 5846 3541 5911 ejus
