4294 6442
752 432 890 494 11,495
1604 429 1663 484 S.
1702 424 2113 484 SUPIIRONII
2162 423 2665 482 l’A'l'lilAliCilqli
2705 424 3104 483 lllEli(tSltl..
3863 431 3918 487 iii
3971 433 4001 490 ὑ

756 541 1074 609 religionem
1100 534 1483 597 admisissent,
1515 535 1579 582 ad
1607 546 1726 583 eam
1752 533 1997 592 veniunt,
2027 540 2079 584 et
2113 531 2319 582 ἰηιιοιιιο
2351 531 2396 586 Λ
2425 531 2452 580 λ

2305 557 2319 568 -
2351 531 2396 586 Λ
2425 530 2668 594 λάεειαν,
2702 533 2838 600 πρὸς
2864 533 3038 600 αὐτὴν
3079 533 3490 601 παραγίνονται,
3529 539 3741 606 καὶτῆς
3785 543 3920 607 ρώσε
3971 558 4001 600 ας

755 629 963 683 mitatis
995 638 1192 678 munus
1224 623 1558 684 cmnlouant,
1599 632 1654 673 et
1689 621 1961 688 passionis
1992 629 2074 673 ter
2105 619 2320 674 deside-
2425 637 2451 671 τ

2308 647 2320 659 -
2425 621 2484 671 τὸ
2504 619 2674 688 δῶρον
2711 620 3051 691 χαρίζονται,
3085 623 3180 674 καὶ
3206 623 3299 674 τοῦ
3324 625 3531 688 πάθους
3559 627 3658 695 τὴν
3679 630 3922 697 τριπόθη·
3972 648 4004 681 ιν

754 721 978 776 rabilem
1024 717 1340 774 sanitatem,
1392 728 1498 766 non
1545 711 1700 780 quasi
1757 713 2077 779 ignorantes
2131 712 2318 764 furtim
2428 710 2449 760 ῖ

2309 726 2318 764 ι
2428 710 2608 760 ἴασιν·
2657 711 2754 779 οὐχ
2809 711 2884 772 ὡς
2931 711 3250 778 ἀγνοοῦντες
3303 715 3622 783 συλούμενοι
3675 718 3770 780 (ὡς
3826 719 3922 785 λέγ
3978 742 4005 772 ν

759 809 1086 878 exspoliati,
1129 807 1289 861 sicuti
1345 803 1566 873 quidam
1601 817 1768 871 super
1817 801 2099 855 Salvatore
2137 801 2322 855 dicere
2427 817 2455 851 τ

2310 817 2322 855 5
2427 800 2569 862 τινὲς
2604 802 2696 852 ἐπὶ
2725 801 2819 852 τοῦ
2861 803 3111 871 Σωτῆρος
3157 805 3487 872 ἐτόλμησαν,
3547 811 3626 869 εἰς
3669 809 3897 878 οὐρανὸν
3972 813 4006 863 ηδ

756 904 1240 973 praesumpserunt,
1274 895 1327 948 in
1364 895 1560 948 cmlum
1591 909 1654 947 os
1680 901 1944 963 ponentes
1973 904 2026 948 et
2058 895 2319 962 iniquita-
2430 906 2452 940 ο

2307 924 2319 934 .
2430 889 2604 958 στόμα
2637 891 2931 960 τιθέμενοι,
2962 895 3056 944 καὶ
3084 894 3297 946 ἀδικίαν
3327 898 3404 958 εἰς
3459 897 3588 965 ὕψος
3619 898 3928 969 φθεγγόμεν
3971 920 4003 962 ι,

708 1003 713 1007 ’
755 1004 861 1048 tem
890 994 942 1044 in
972 990 1250 1044 excelsum
1282 988 1587 1056 loquentes,
1617 992 1671 1037 et
1703 986 1886 1054 lingua
1915 997 2114 1038 terram
2141 997 2321 1038 trans-

2307 1014 2321 1025 -
2430 983 2526 1033 καὶ
2554 985 2616 1050 τῇ
2647 982 2858 1052 γλώττῃ
2895 984 2989 1052 τὴν
3013 986 3118 1052 γῆν
3147 987 3507 1056 διερχόμενοι,
3532 992 3628 1042 καὶ
3650 992 3886 1043 κάκιστα
3914 994 3930 1042 ἳ
3980 1023 4003 1034 -

755 1095 968 1146 euntes,
1023 1091 1077 1133 et
1113 1079 1350 1148 pessime
1394 1077 1763 1147 pet-bibentes,
1813 1077 2091 1146 quomodo
2165 1077 2324 1129 scivit
2429 1089 2451 1138 1

2311 1086 2324 1128 t
2429 1088 2616 1138 γοντες
2645 1088 2658 1100 ο
2697 1075 2818 1136 Πῶς
2843 1076 2982 1140 ἔγνω
3032 1078 3060 1126 ὁ
3090 1079 3262 1138 θεός;
3299 1081 3391 1129 καὶ
3430 1080 3490 1130 Εἰ
3539 1079 3688 1131 ἐστιν
3718 1082 3920 1146 γνῶσις
3972 1103 4007 1133 ν

759 1176 934 1230 Deus?
981 1184 1033 1227 et
1067 1153 1118 1227 si
1151 1180 1237 1225 est
1265 1169 1497 1223 scientia
1535 1169 1586 1221 in
1618 1170 1878 1222 excelso?
1905 1167 2007 1233 Qui
2045 1185 2168 1221 cmn
2214 1169 2320 1232 his,
2430 1181 2455 1214 τ

2312 1210 2320 1232 ,
2430 1164 2507 1232 τῷ
2556 1164 2796 1234 ’Υψέστῳ
2823 1183 2836 1226 ;
2871 1167 2933 1217 (ὶῖ
2974 1171 3082 1230 τοῖς
3112 1169 3358 1222 εἰποῦσιν
3387 1171 3555 1240 αύτῷ,
3590 1173 3688 1225 Διὰ
3717 1175 3770 1225 τί
3794 1177 3880 1237 σὺ,
3913 1177 3932 1226 ὁ
3971 1202 4008 1216 ι-

756 1271 847 1338 qui
909 1267 1166 1319 dixerunt
1197 1281 1209 1315 ι
1239 1262 1418 1326 Quare
1467 1270 1548 1322 tu,
1595 1261 1755 1312 homo
1805 1275 1927 1312 cum
1971 1261 2071 1320 sis.
2107 1260 2242 1312 facis
2273 1268 2324 1311 te
2431 1253 2452 1304 θ

2314 1275 2324 1310 ι
2431 1253 2646 1322 θρωπος
2669 1255 2764 1320 ῶν,
2801 1261 2973 1319 ποιεῖς
3007 1260 3197 1312 ἑαυτὸν
3216 1260 3380 1325 θεόν;
3413 1264 3934 1330 συνταχθήσονται,›
3971 1266 4010 1314 ιὶ

758 1364 935 1429 ipsum
988 1355 1190 1409 Deum?
1243 1352 1810 1412 connumerabuntur,
1861 1359 1914 1405 et
1967 1361 2170 1404 sortem
2220 1353 2322 1404 sibi
2429 1361 2454 1395 τ

2312 1353 2322 1404 i
2429 1348 2529 1413 τὴν
2561 1345 2892 1415 κληωυχίαν
2923 1349 3109 1412 αὐτοῖς
3130 1348 3223 1401 τοῦ
3253 1351 3487 1420 ἄφρονος
3529 1355 3936 1422 συμμερίζοντα
3971 1357 4008 1420 >,

759 1447 1067 1518 insipientis
1111 1444 1528 1512 dispertit-titur.
1580 1441 1684 1494 Sed
1727 1441 1780 1493 in
1837 1441 2065 1494 scientia
2111 1443 2314 1495 miseri-
2431 1437 2455 1488 ἁ

2431 1435 2547 1488 ἀλλ’
2601 1437 2658 1487 ἐν
2713 1437 2916 1502 γνώσει
2977 1439 3350 1510 φιλανθρώπῳ
3377 1442 3476 1503 τὰς
3525 1443 3695 1504 ἰάσεις
3743 1444 3938 1512 παρέχη
3971 1466 4009 1489 ι-

758 1538 906 1592 cordi
952 1537 1214 1589 Sanitates
1261 1539 1606 1600 przestantes,
1651 1531 1795 1584 sicut
1837 1546 1902 1584 ex
1935 1532 2196 1586 Omnibus
2229 1548 2325 1586 co-
2431 1542 2454 1578 τ

2312 1561 2325 1572 .
2431 1542 2543 1588 τες,
2577 1526 2653 1588 ὡς
2706 1528 2770 1578 ἐκ
2803 1530 3023 1580 πάντων
3055 1531 3236 1582 αὐτῶν
3271 1532 3382 1583 τῶν
3415 1531 3710 1602 θαυμάτων
3741 1536 3940 1602 μανθαι.
3971 1563 4008 1585 ι-

764 1644 881 1682 rum
910 1625 1192 1680 miraculis
1226 1623 1489 1675 diximus.
2439 1635 2556 1689 μεν,

832 1719 1088 1772 Astantes
1116 1731 1267 1781 ergo,
1301 1724 1376 1783 ut:
1403 1712 1745 1777 dicebamus,
1787 1722 2024 1782 myrtum
2059 1714 2113 1768 in
2143 1715 2325 1768 vinum
2521 1714 2528 1729 ‘

2315 1730 2325 1766 ι
2521 1714 2868 1775 Ἐπιστάντες
2893 1709 3008 1771 οὖν,
3041 1712 3113 1772 ὡς
3154 1711 3440 1777 ἐλέγομεν,
3482 1713 3750 1782 μυρσίνην
3793 1716 3850 1765 ἐν
3883 1714 3944 1765 οῖ’
3971 1735 4011 1783 ῳ

763 1813 996 1874 mittere,
1031 1817 1084 1861 et
1134 1807 1185 1859 id
1225 1806 1548 1876 praecipiunt
1586 1805 1794 1858 bibere.
1841 1804 1911 1856 At
1946 1805 2038 1858 illa
2069 1806 2172 1858 hoc
2205 1816 2327 1875 post
2439 1800 2459 1870 β

2314 1816 2327 1857 ι
2439 1800 2642 1870 βαλεῖν.
2675 1805 2770 1854 καὶ
2816 1801 3005 1854 τοῦτον
3057 1805 3201 1855 πιεῖν
3251 1803 3729 1855 ἐπιτάττουσιν.ΊΙ
3759 1803 3815 1854 δὲ
3874 1821 3941 1872 με
3980 1807 4010 1855 ὰ

763 1901 1036 1955 somnium
1081 1898 1242 1961 laeto,
1285 1896 1465 1948 statim
1499 1909 1528 1946 a
1575 1893 1788 1962 ﬂagello
1823 1902 2012 1946 sanata
2044 1903 2168 1948 est:
2202 1911 2327 1948 san-
2360 1881 2400 1934 Β
2429 1912 2456 1944 τ

2309 1925 2327 1935 -
2360 1881 2400 1934 Β
2429 1895 2518 1945 τὸν
2546 1894 2710 1945 ὕπνον
2733 1893 2891 1946 τοῦτο
2917 1893 3424 1962 ποιήσασα,εύθέως
3451 1895 3568 1946 ἰᾶτο
3594 1895 3689 1962 τῆς
3721 1897 3948 1962 μάστιγι
3971 1914 4005 1956 ζ.

765 1992 884 2056 guis
913 1993 1080 2045 enim,
1134 1988 1224 2055 qui
1261 1987 1532 2037 instanter
1570 1984 1639 2035 ab
1669 1998 1732 2037 ea
1785 1983 2008 2049 ﬂuebat,
2057 2001 2179 2038 eum
2213 2001 2326 2039 me-
2430 1985 2461 2036 Ἰ

2315 2015 2326 2026 -
2430 1985 2504 2036 Τὸ
2528 1986 2635 2054 γὰρ
2659 1981 2800 2054 αἷμα
2819 1986 2874 2037 τὸ
2894 1987 2989 2038 ἀπ’
3013 1986 3182 2055 αὐτῆς
3206 1987 3454 2048 ἁστὰτως
3477 1987 3732 2057 ρἐν,τῆς
3754 1987 3848 2038 τοῦ
3871 2005 3942 2054 φα
3971 2005 4011 2038 t—

765 2081 977 2133 dieinas
1007 2077 1291 2139 sensisset,
1323 2075 1494 2135 stt-tit,
1528 2073 1731 2142 quibus
1761 2072 1890 2126 dum
1918 2089 2012 2142 per
2038 2089 2101 2128 os
2121 2073 2330 2129 diﬂlue-
2434 2093 2461 2144 μ

2317 2105 2330 2116 -
2434 2075 2609 2144 μάκου
2645 2076 2946 2145 παρουσίας
2980 2077 3304 2146 αἰσθόμενον
3327 2076 3539 2128 ἴστατο’
3579 2078 3674 2128 καὶ
3703 2077 3893 2129 τούτου
3925 2078 4013 2128 δὲ

767 2182 841 2224 ret
871 2169 1261 2239 prohibebatur
1309 2166 1560 2225 ellluere,
1607 2171 1752 2216 statu
1791 2180 1890 2232 pro
1937 2163 2107 2218 ﬂuore
2147 2181 2332 2219 corre-
2433 2185 2463 2220 σ

2314 2196 2332 2206 ’
2433 2170 2706 2236 στόματος
2732 2170 3153 2240 καταρρέοντος,
3201 2169 3334 2220 αὐτὸ
3379 2171 3676 2238 καταῤῥεῖν
3717 2169 4010 2221 ἐκωλύετο.

767 2272 914 2332 ptus,
938 2271 990 2314 et
1030 2276 1058 2312 a
1083 2268 1277 2312 natura
1317 2255 1522 2324 liquida
1560 2265 1614 2309 et
1650 2255 1914 2316 instabili,
1952 2256 2005 2308 in
2049 2257 2330 2310 robustam
2435 2274 2463 2310 σ

2315 2272 2330 2310 I
2435 2259 2624 2310 στάσιν
2655 2259 2778 2310 ἀντὶ
2806 2259 3045 2328 ρεύσεως
3088 2259 3496 2328 παιδευόμενον,
3536 2261 3628 2312 καὶ
3661 2260 3822 2326 φύσιν
3854 2259 3950 2312 ἓκλ
3971 2281 4011 2310 i-

769 2363 824 2407 et
853 2353 1105 2406 stabilem
1159 2357 1553 2406 connnutatus,
1594 2346 1705 2398 imo
1751 2347 1966 2414 penitus
1996 2347 2330 2410 subductus,
2433 2366 2463 2400 τ

2315 2388 2330 2410 ,
2433 2349 2524 2400 τόν
2553 2367 2609 2399 τε
2637 2350 2729 2400 καὶ
2757 2349 3015 2412 ἄστατον,
3044 2352 3123 2412 εἰς
3152 2350 3429 2418 σταθηρᾶιν
3453 2351 3546 2402 καὶ
3575 2351 3896 2419 στερέμνιον
3921 2353 4008 2402 ἀι-

767 2441 1069 2498 exsistendi
1120 2437 1464 2494 etdillluendi
1509 2437 1738 2490 omnino
1783 2437 2021 2504 quietem
2075 2438 2323 2506 adeptus.
2433 2440 2463 2490 λ

2321 2480 2323 2488 ,
2433 2440 2784 2507 λαττόμενον,
2819 2440 3094 2509 μᾶλλονδὲ
3124 2440 3402 2503 παντελῶς
3449 2441 3898 2509 συστελλὲμενον,
3925 2446 4017 2493 καὶ

772 2535 939 2604 Igitur
1002 2530 1251 2602 llelpidia
1295 2526 1537 2597 quidem,
1600 2526 1976 2594 hujuscemodi
2039 2527 2328 2581 sanitatem
2435 2547 2465 2580 τ

2321 2545 2328 2580 t
2435 2528 2496 2580 τὸ
2529 2525 2668 2580 εἶναι
2697 2531 2790 2581 καὶ
2843 2532 2956 2598 ῥεῖν
2989 2529 3221 2582 καθόλου
3265 2531 3592 2599 παυόμενον.
3639 2531 3884 2583 Ἐλπιδία
3919 2550 4017 2600 μιν

770 2633 1087 2686 consecuta,
1126 2638 1248 2675 cum
1294 2635 1393 2690 pro
1429 2619 1530 2672 hac
1577 2619 1781 2688 gratias
1808 2617 2066 2674 dantibus
2100 2621 2336 2674 obtulis-
2435 2637 2464 2672 ο

2321 2648 2336 2659 -
2435 2619 2579 2672 οὕτω
2609 2621 2707 2687 τῆς
2735 2620 2952 2690 ῥώσεως
2976 2621 3158 2689 ἔτυχε,
3194 2623 3289 2672 καὶ
3315 2621 3412 2690 τὴν
3442 2623 3582 2688 ὑπὲρ
3608 2621 3809 2691 ταύτης
3853 2624 4017 2692 χάριν

771 2727 873 2780 set,
904 2715 970 2769 ad
1017 2714 1348 2783 pergendum
1391 2712 1442 2763 in
1488 2724 1620 2778 pace
1659 2709 1726 2762 ab
1760 2710 1842 2763 eis
1869 2710 2185 2764 dimittitur.
2228 2711 2337 2764 Nos
2438 2727 2466 2761 τ

2323 2727 2337 2764 5
2438 2711 2548 2772 τοῖς
2585 2710 2877 2764 δεδωκόσιν
2909 2715 3259 2781 προσάξασα,
3301 2716 3381 2776 εἰς
3421 2717 3644 2784 εἰρήνην
3690 2714 4019 2783 πορεύεσθαι

773 2821 980 2872 autem,
1021 2823 1205 2878 pacem
1259 2815 1532 2874 optantes,
1586 2811 1639 2858 ct
1687 2804 1936 2872 duplices
1985 2807 2191 2873 gratias
2241 2822 2338 2875 pro
2440 2816 2469 2851 π

2323 2822 2338 2860 )
2440 2800 2576 2869 πρὸς
2607 2801 2787 2854 αὐτῶν
2817 2802 3099 2856 ἀπελύετο.
3121 2805 3312 2873 Ἰιμεῖς
3343 2804 3424 2867 δὲ,
3469 2807 3568 2873 τὴν
3603 2807 3825 2874 εἰρήνην
3859 2806 4019 2869 εὐξά-

775 2916 905 2970 pace
963 2900 1173 2954 scilicet
1206 2906 1259 2950 et
1308 2895 1588 2948 miraculis
1640 2893 1748 2948 Deo
1795 2910 1858 2948 ac
1890 2895 2220 2966 martyribus
2249 2899 2338 2950 dc-
2444 2909 2471 2963 μ

2320 2926 2338 2935 -
2444 2909 2614 2963 μενοι,
2645 2894 2739 2946 καὶ
2765 2893 2959 2962 διπλῆν
2990 2897 3091 2962 τὴν
3133 2896 3291 2966 χάριν
3317 2892 3476 2965 ’ὑπὲρ
3503 2897 3724 2966 εἰρήνης
3760 2898 3856 2948 καὶ
3882 2897 4016 2948 θαύ-

775 2999 1090 3053 cantantes,
1133 2989 1374 3055 linguam
1408 2987 1472 3039 ad
1498 2985 1726 3038 aliorum
1763 2987 2128 3040 narratioitem
2177 2988 2340 3040 mira-
2445 3003 2471 3054 μ

2325 3017 2340 3027 -
2445 3003 2614 3054 ματος
2643 2986 2764 3054 Θεῷ
2811 3003 2870 3038 τε
2917 2988 3012 3040 καὶ
3048 2989 3316 3058 μάρτυσιν
3346 2990 3596 3060 ᾄσαντες,
3629 2992 3733 3058 τὴν
3773 2989 4021 3057 γλῶτταν

788 3087 1040 3138 culorum
1076 3079 1387 3147 dirigimus.
2451 3072 2484 3125 tl

2451 3072 2720 3142 ἰθύνωμεν
2754 3075 2889 3144 πρὸς
2919 3075 3112 3145 ἑτέραν
3143 3077 3438 3145 θαυμάτων
3467 3078 3742 3147 διήγησιν.

881 3189 1070 3247 XXVI.
1099 3189 1170 3242 De
1195 3187 1465 3242 Theodore
1503 3205 1618 3258 qua:
1645 3188 1990 3242 abserbuerat
2021 3205 2231 3242 ranam.
2366 3204 2409 3260 ε
2445 3186 2577 3254 κεῖν.

2366 3204 2409 3260 C
2445 3186 2588 3254 κεῖν.
2635 3188 2772 3255 Περί
2807 3188 3106 3256 Θεοδώρας
3163 3189 3268 3254 τῆς
3327 3193 3738 3258 καταπιούσης
3779 3191 3886 3244 τὸν
3907 3191 4023 3254 βά-

3128 3276 3368 3327 τραχον.

2515 3349 2590 3400 Τὸ
2639 3348 2911 3418 προλαϐὸν
2961 3351 3334 3420 ἀνιχνεύοντες
3394 3351 3635 3418 γύναιον,
3682 3355 3777 3403 καὶ
3831 3353 3894 3403 τὸ
3916 3350 4037 3425 τῶν.

2449 3439 2766 3508 ρωσθὲντων
2795 3440 3029 3507 πέλαγος
3049 3442 3418 3502 διαπλέοντες,
3455 3444 3546 3494 καὶ
3571 3443 3669 3502 τὰς
3711 3441 4024 3511 ποταμῃδδν

2445 3529 2685 3596 ἀγούσας
2715 3530 2866 3592 ὀδοὺς
2891 3530 3286 3601 διατρέχοντες,
3310 3533 3532 3598 γύναιον
3561 3535 3798 3604 εὕρομεν
3814 3536 4024 3606 ἕτερον,

2449 3621 2555 3690 πρὸ
2593 3621 2691 3689 τῆς
2713 3620 2842 3682 θέας
2874 3622 2967 3672 τού
3014 3621 3294 3692 βατράχου
3337 3627 3396 3675 ὲν
3459 3623 3608 3692 αύτῷ
3669 3625 4028 3687 κελαδοῦντος

2449 3715 2819 3778 ἀκούσαντες·
2851 3717 2946 3769 καὶ
2973 3717 3178 3785 ταύτην
3223 3717 3353 3784 ὑμῖν
3399 3717 3496 3768 σὺν
3538 3716 3615 3782 τῷ
3652 3716 3910 3787 βατράχῳ
3937 3721 4029 3784 ςέ-

2454 3823 2618 3876 ρομεν
2648 3806 3043 3876 μεγαλοφώνους
3075 3809 3452 3875 κηρύττουσαν
3489 3805 3588 3874 τὴν
3616 3807 3702 3857 ἐπ’
3732 3809 3904 3876 αὐτῆς
3938 3825 4031 3874 γε-

2451 3897 2683 3964 νομένην
2707 3897 3099 3965 τερατουργίαν
3127 3899 3240 3955 τοῖς
3273 3896 3564 3964 μάρτυσιν.
3603 3895 3858 3964 Θεοδώρα
3891 3898 4032 3964 πρὸς

2451 3986 2560 4038 τῶν
2591 3989 2792 4054 γονέων
2816 3989 3050 4056 ἐλέγετο,
3085 3987 3179 4039 καὶ¹
3205 3988 3350 4057 ὕδωρ
3382 3988 3635 4041 πίνουσα.
3671 3989 3867 4057 μικρὸν
3898 4007 4031 4041 κατ-

851 3341 1250 3396 Praecedentem
1304 3337 1698 3406 investigantes
1755 3339 2060 3400 mulierem,
2123 3346 2343 3390 sanato-

780 3447 1009 3502 rumque
1064 3431 1290 3500 pelagus
1350 3429 1691 3498 navigantes,
1745 3437 1798 3481 et
1856 3429 1971 3481 vias
2015 3443 2133 3494 qua).
2197 3442 2346 3480 more

777 3523 1018 3577 ﬂuminis
1067 3528 1236 3588 agunt
1281 3519 1660 3594 decurrentes,
1715 3518 1994 3570 mulierem
2037 3519 2346 3571 invenimus

780 3615 963 3676 aliam,
997 3611 1156 3678 cujus
1186 3621 1478 3678 antequam
1547 3609 1881 3662 vidissemus
1918 3618 2220 3676 aspectum,
2257 3623 2346 3661 ra-

781 3705 1078 3759 nnneulum
1120 3703 1172 3754 in
1218 3715 1280 3754 ca
1329 3709 1611 3754 sonantem
1653 3699 1986 3763 audivimus,
2023 3715 2184 3767 quam
2223 3715 2347 3753 cum

781 3799 896 3866 ipsa
921 3796 1030 3864 jam
1082 3808 1214 3845 rana
1263 3794 1416 3846 vobis
1451 3791 1782 3844 adducimus
1833 3806 2025 3860 magna
2055 3807 2182 3845 voce.
2210 3807 2349 3861 prae-

780 3889 1051 3941 dicantem
1081 3884 1228 3951 quod
1262 3885 1315 3937 in
1361 3899 1419 3937 se
1453 3885 1652 3935 factum
1690 3890 1775 3936 est
1804 3883 2114 3952 prodigium
2149 3893 2351 3952 marty-

783 3995 924 4032 rum.
957 3977 1240 4031 'l'heodora
1295 3975 1582 4029 dicebatur
1619 3990 1647 4026 a
1693 3975 2036 4042 parentibus,
2067 3991 2189 4042 qua:
2225 3991 2350 4028 cum

795 4085 990 4138 aquam
1045 4068 1276 4127 biberet,
1327 4065 1583 4133 pusillum
1639 4067 2000 4117 ranunculum
2030 4066 2221 4128 ebibit,
2259 4067 2350 4134 qui

785 4163 839 4213 in
893 4160 1058 4226 hujus
1087 4166 1275 4210 ventre
1307 4155 1463 4225 quasi
1501 4155 1553 4206 in
1600 4154 1832 4223 quodam
1863 4166 2056 4224 stagno
2087 4168 2352 4219 moratus,

789 4249 1045 4318 primitus
1071 4247 1290 4316 quidem
1343 4261 1466 4297 cum
1515 4256 1662 4298 esset
1710 4246 1885 4299 adhuc
1929 4249 2208 4315 parvulus,
2247 4264 2354 4302 non

788 4351 896 4391 tam
939 4353 1124 4391 amare
1180 4337 1328 4389 illam
1389 4336 1806 4400 demoliebalur,
1857 4339 2125 4392 torsioncs
2174 4349 2354 4392 autem

792 4427 1058 4496 quasdam
1139 4427 1373 4479 lat-iebat
1433 4441 1555 4478 cum
1637 4437 1964 4493 moveretur,
2037 4430 2356 4498 parvitatem

2455 4079 2608 4130 ἐπιεν
2645 4078 2934 4148 βάτραχον,
2961 4079 3018 4140 ὃς
3046 4081 3104 4130 ἐν
3132 4082 3197 4148 τῇ
3217 4079 3420 4147 ταύτης
3447 4082 3644 4148 γαστρὶ
3677 4080 3751 4140 ὡς
3776 4083 3833 4130 ὲν
3865 4081 4032 4150 λίμνῃ

2455 4171 2564 4220 τινὶ
2593 4169 2972 4238 διαιτώμενος,
3001 4171 3068 4222 τὰ
3121 4171 3217 4237 μὲν
3241 4171 3456 4240 πρῶτα,
3490 4171 3686 4240 μικρὸς
3714 4171 3795 4225 ἐ’τιν
3820 4173 4033 4240 τυγχά-

2457 4275 2584 4323 νων,
2610 4260 2705 4327 οὐχ
2735 4260 2879 4312 οὕτω
2910 4260 3124 4330 πικρῶς
3168 4262 3340 4329 αὐτὴν
3388 4261 3730 4329 ἐλυμαίνετο,
3764 4265 4036 4330 στρόφους

2457 4349 2513 4401 δέ
2543 4367 2693 4411 τινας
2731 4350 2903 4402 ἐποίει
2951 4351 3289 4420 κινούμενος,
3341 4352 3738 4418 ἀναλογοῦντας
3774 4353 3942 4405 αὐτοῦ
3967 4358 4033 4422 τῇ

2461 4439 2794 4510 βραχύτητι’
2833 4443 2924 4494 καὶ
2956 4443 3177 4504 τούτους
3215 4443 3414 4512 ὴγυνὴ
3463 4443 3560 4494 ἀπ’
3591 4442 3758 4509 ἄλλης
3804 4445 4038 4513 πάσχειν

789 4535 942 4573 suam
989 4518 1414 4587 :equiparanles,
1462 4533 1602 4586 quas
1651 4520 1845 4573 mulier
1883 4521 1951 4574 ab
1994 4522 2099 4574 alia
2147 4537 2206 4576 se
2245 4522 2352 4590 pati
2390 4529 2430 4581 ι)
2463 4547 2485 4582 ο

2340 4522 2352 4573 Ῐ
2390 4529 2430 4581 D
2463 4531 2640 4591 αἰτίας
2677 4530 2949 4599 ἐνόμιζεν,
2995 4531 3267 4599 ἀγνοοῦσα
3297 4535 3398 4600 τὴν
3431 4533 3524 4584 τοῦ
3560 4533 3832 4602 βατράχου
3865 4536 4035 4586 κατά-

789 4623 954 4662 eausa
987 4611 1233 4678 putabat,
1259 4610 1520 4677 ignorans
1559 4610 1702 4678 quod
1757 4613 2117 4664 ranunculum
2165 4614 2354 4666 absor-

794 4699 992 4751 buerit.
1039 4697 1176 4762 Quia
1232 4712 1360 4751 vero
1400 4711 1658 4752 crescens
1707 4714 1936 4767 magnus
1991 4701 2216 4756 allectus
2248 4711 2352 4768 est,

791 4798 846 4843 et
875 4790 928 4842 in
957 4800 1142 4842 ventre
1191 4789 1320 4842 dum
1377 4789 1615 4842 aleretur
1666 4792 1906 4844 excrevit
1947 4793 2183 4852 mulieri,
2236 4811 2358 4862 qua:

793 4880 896 4933 hcc
925 4887 1042 4932 erat
1070 4894 1210 4932 novo
1239 4887 1292 4932 et
1321 4879 1551 4933 deformi
1588 4881 1809 4950 gravida
1849 4883 2002 4942 fmtu.
2029 4884 2191 4937 simul
2223 4901 2359 4939 enn-

794 4984 1047 5025 crescens
1100 4968 1320 5024 dolores
1359 4971 1764 5040 multiplicavit,
1841 4987 1980 5040 quos
2033 4975 2173 5027 ultra
2220 4977 2360 5032 ferre

797 5073 903 5113 non
962 5058 1175 5115 valens.
1222 5059 1277 5110 in
1330 5059 1700 5128 pavimentum
1750 5060 2119 5126 volutabatur,
2167 5063 2358 5118 horam

799 5151 1127 5205 cessationis
1179 5165 1286 5203 non
1327 5151 1556 5214 habens,
1608 5159 1664 5205 et
1709 5155 1910 5222 quietis
1959 5163 2173 5225 tempus
2206 5157 2359 5226 igno-
2405 5183 2407 5185 ί

797 5257 946 5302 rans,
975 5242 1048 5294 ita
1115 5250 1174 5294 ut
1203 5244 1312 5312 pati
1345 5257 1374 5296 a
1411 5243 1608 5311 spiritu
1641 5245 1822 5312 potius
1851 5258 2014 5313 quam
2051 5245 2359 5314 passionem

797 5333 1044 5398 corporis
1076 5333 1275 5386 habere
1301 5342 1606 5401 putaretur.

870 5421 1136 5476 l’r:eterea
1189 5425 1351 5491 hujus
1396 5425 1670 5493 opinionis
1716 5425 1880 5478 etiant
1936 5428 2132 5482 medici
2185 5439 2362 5493 erant,

799 5514 890 5582 qui
929 5514 1322 5581 probabiliures
1342 5519 1607 5569 exsistere
1653 5515 1796 5569 inter
1842 5525 2072 5570 ca'teros
2100 5518 2360 5571 videban-

798 5617 904 5666 tur,
945 5607 1146 5674 quique
1196 5607 1341 5660 circa
1399 5609 1712 5678 languorem
1765 5609 2104 5674 deﬁcientes,
2155 5611 2362 5664 nullam

802 5695 922 5760 ejus
957 5711 1151 5762 capere
1201 5697 1470 5759 notitiam,
1506 5699 1650 5750 unde.
1680 5699 1792 5766 jam
1837 5701 1991 5768 quasi
2033 5699 2363 5752 daemonium

808 5783 1017 5838 habens
1052 5785 1347 5839 ducebatur
1373 5784 1436 5838 ad
1471 5796 1759 5854 martyres.
1794 5790 1927 5840 (lum
1955 5800 2132 5842 autem
2163 5789 2228 5842 ad
2271 5789 2366 5841 bo-

2459 4637 2639 4674 ποσιν.
2659 4623 2880 4692 Ἐπειδὴ
2931 4623 2988 4674 δὲ
3043 4625 3215 4693 μέγας
3264 4625 3628 4693 αὐξανόμενος
3662 4625 3906 4694 γέγονεν,
3942 4629 4037 4679 καὶ

2458 4714 2517 4764 ὲν
2543 4713 2725 4785 κοιλίᾳ
2755 4716 3088 4785 τρεφόμενος
3117 4716 3370 4785 ηὔξανεν,
3401 4718 3495 4770 καὶ
3519 4721 3583 4787 τῇ
3604 4719 3948 4787 κυοφορούσῃ
3977 4721 4039 4770 τὸ

2462 4806 2648 4856 καινὸν
2703 4806 2860 4858 τοῦτο
2898 4807 2991 4859 καὶ
3037 4808 3392 4877 κακόμοριρον
3437 4809 3680 4878 ἔμϐρυον
3715 4811 3814 4868 τὰς
3845 4808 4038 4868 ὀδύνας

2467 4895 2824 4966 συνηύξανεν,
2856 4897 2922 4959 ἃς
2947 4899 3132 4951 οὐκέτι
3182 4899 3373 4968 φέρειν
3431 4898 3711 4968 ἰσχύουσα,
3741 4901 3822 4959 εἰς
3855 4899 4044 4951 τοῦδα-

2464 5002 2562 5052 φος
2626 4987 2892 5052 ἐκυλίετο,
2933 4987 3081 5056 ὦραν
3129 4988 3451 5057 ἀναπαύλης
3510 4992 3613 5042 οὐκ
3665 4989 3890 5056 ἔχουσα.
3947 4995 4043 5042 καὶ

2467 5076 2695 5145 ἡσυχίας
2720 5079 2912 5146 καιρὸν
2935 5080 2996 5130 οὐ
3021 5078 3387 5145 γινώσκουσα,
3403 5079 3478 5138 ὡς
3501 5081 3732 5149 πάσχειν
3753 5080 3857 5131 ὑπὸ
3879 5082 4043 5131 πνεύ-

2469 5182 2636 5234 ματος
2667 5167 3090 5229 ὑποπτεύεσθαι,
3129 5168 3160 5237 ἦ
3200 5169 3366 5233 πάθος
3421 5169 3566 5239 ἔχειν
3593 5167 3911 5240 νομίζεσθαι
3939 5171 4046 5221 σὼ-

2471 5274 2660 5326 ματος.

2537 5429 2753 5497 Ταύτης
2778 5429 2834 5482 δὲ
2866 5433 2962 5500 τῆς
2995 5431 3152 5499 δόξης
3194 5434 3284 5484 καὶ
3310 5433 3509 5502 ἰατρῶν
3549 5433 3794 5503 ὑπῆρχον
3814 5435 3864 5486 o!
3896 5435 4047 5487 δόκι-

2472 5536 2582 5588 μοι,
2647 5520 2922 5584 παντελῶς
2972 5523 3352 5592 ἀπορήσαντες
3399 5527 3535 5594 πρὸς
3589 5527 3650 5577 τὸ
3693 5525 4052 5593 νόσημα,καὶ

2474 5611 2744 5680 μηδεμίαν
2771 5613 2936 5665 αὑτοῦ
2985 5613 3170 5666 λαϐεῖν
3198 5615 3520 5682 δυνηθέντες
3565 5617 4015 5684 διάγνωσιν.Ὀθ;
4033 5643 4055 5667 ο

2468 5700 2657 5752 λοιπὸν
2699 5702 2773 5762 ὡς
2821 5703 3098 5771 δαιμόνιον
3137 5706 3353 5774 ἔχουσα,
3413 5709 3551 5776 πρὸς
3606 5709 3731 5768 τοὺς
3764 5708 4054 5776 μαρτυρες

2471 5791 2635 5859 ἤγετο
2654 5805 2668 5818 ⁸
2722 5794 2829 5844 Καὶ
2870 5795 3040 5864 αὑτῆς
3077 5797 3341 5866 μολούσης
3365 5800 3444 5861 εἰς
3467 5799 3556 5852 τὸν
3587 5799 3712 5852 ναὸν
3748 5798 3932 5850 αὐτῶν
3959 5798 4057 5849 τὸν
