4294 6442
345 433 479 498 3197

1337 434 1438 492 SS.
1481 432 1654 494 CYiii
1724 432 1816 493 ΕΤ
1855 430 2176 492 .iiiA-NNIS
2237 429 2646 491 Miii.\tlt.'L.\.

3463 427 3604 495 οισι

346 545 747 610 πανσέϐαστον,
770 546 804 618 ἡ
827 544 977 609 νόσος
1007 544 1104 616 μὶν
1141 543 1342 608 εὐθέως
1389 544 1682 616 ἠλέγχετο·
1711 543 1922 614 φανερὰ
1951 551 1995 608 Α
2026 559 2042 598 t

1905 546 1922 596 ι
1951 551 1995 608 Α
2026 541 2271 598 norabile
2298 539 2557 610 templum
2590 553 2778 595 eorum
2825 538 3089 604 venisset,
3118 545 3174 594 ct
3201 537 3434 611 languor
3471 559 3601 611 pro.-

341 640 397 692 ει
423 643 531 701 τοῖς
568 640 736 694 πᾶσιν
783 637 993 705 εγενετο
1040 638 1134 691 καὶ
1179 637 1290 690 τῶν
1331 637 1533 708 ἰατρῶν
1582 635 1917 705 ὴάμάθεια·

342 731 465 784 καθ’
491 729 696 793 ὕπνους
753 729 862 799 γὰρ
915 730 1052 799 αὐτῇ
1115 730 1497 797 παραστάντες
1533 728 1584 780 οί
1616 729 1918 797 μάρτυρες,

343 821 492 892 ὕδωρ
519 825 665 875 πιείν
695 821 802 891 πρὸ
857 821 1166 891 βρωμάτων
1212 821 1486 884 ἐκέλευον,
1527 823 1592 890 τῇ
1640 821 1796 873 πόσει
1827 818 1920 872 τοῦ

340 915 585 985 νάματος
608 914 708 984 τὴν
730 913 911 984 φυγὴν
957 913 1416 981 ἐπαγγειλάμενοι
1448 913 1545 966 τοῦ
1590 915 1917 982 νοσήματος.

353 1004 417 1060 Ἦ
441 1006 498 1060 δὲ
524 1007 644 1059 κατ’
666 1008 895 1067 ἐκεῖνον,
915 1006 1100 1075 φησὶν,
1127 1006 1219 1057 τὸν
1237 1006 1569 1058 παυσόδυνον
1599 1005 1831 1075 ὄνειρον,
1859 1004 1921 1057 τὸ

338 1099 490 1166 νάμα
524 1100 778 1150 πέπωκεν
805 1097 880 1155 ῶς
900 1096 1220 1149 -ιεθέσπιστο
1267 1097 1372 1166 πρὸ
1407 1096 1618 1167 τροφῆς
1657 1096 1921 1157 παντοίας

339 1190 436 1243 καὶ
467 1189 793 1259 βρώματος’
858 1189 953 1242 καὶ
1000 1189 1161 1240 τοῦτο
1211 1187 1446 1241 ποιοῦσα
1491 1189 1720 1240 κινεῖται
1783 1186 1920 1256 πρὸς

336 1282 554 1348 εμετονι,
587 1281 680 1332 καί
711 1279 802 1331 τὸν
831 1279 1030 1351 πικρὸν
1057 1279 1264 1332 ἐκεῖνον
1311 1279 1588 1346 ἀνήγαγεν
1623 1277 1918 1346 βάτραχον,

335 1369 395 1422 ὃν
419 1368 690 1433 ἀγνοοῦσα
721 1369 982 1422 κατέπιεν
1008 1385 1022 1400 ο
1072 1368 1167 1422 καὶ
1209 1368 1278 1419 δι’
1310 1367 1502 1431 ὓδατος
1547 1368 1784 1437 εὑροῦσα
1826 1366 1918 1417 τὸν

336 1461 580 1530 ἧλεθρον,
608 1461 676 1513 δι’
713 1460 906 1522 ῦδατος
954 1461 1050 1512 καὶ
1106 1459 1297 1527 φεύγει
1344 1459 1437 1511 τὸν
1467 1459 1691 1511 θάνατον
1715 1475 1728 1488 ο
1761 1457 1918 1510 τοῦτο

333 1549 447 1620 γὰρ
475 1549 772 1619 ἄγκιστρον
798 1548 848 1600 οἱ
882 1547 1252 1617 φιλάνθρωποι
1273 1547 1408 1618 πρὸς
1429 1546 1527 1617 τὴν
1553 1547 1647 1599 τοῦ
1678 1547 1915 1616 θανατη-

333 1643 506 1712 φόρου
532 1641 803 1710 βατράχου
833 1641 1008 1709 Θήραν
1051 1639 1385 1708 ἐχάλκευσαν
1426 1639 1520 1690 καὶ
1553 1639 1646 1690 τοῦ
1694 1638 1916 1704 γυναίου

334 1734 620 1803 σωτηρίαν
655 1732 1055 1801 ἀνέκφραστον,
1085 1731 1112 1782 ὃ
1154 1731 1245 1782 καὶ
1269 1728 1521 1792 διάϐολος
1551 1732 1579 1782 ὁ
1606 1728 1916 1798 μισάνθρω-

331 1841 436 1888 πος
468 1825 607 1893 πρὸς
655 1823 932 1878 ἀπώλειαν
972 1824 1073 1892 τῆς
1113 1821 1396 1892 Θεοδώρας
1456 1823 1747 1891 ἐχρήσατο,
1793 1821 1914 1889 ἥτις

2029 633 2181 689 tinus
2215 632 2493 688 indicatus
2539 641 2643 690 est.
2680 638 2734 685 ct
2776 631 3067 686 manifesta
3102 632 3324 688 cunctis
3355 634 3600 688 medico-

2024 741 2147 778 rum
2188 724 2477 778 inscientia
2515 722 2654 777 facta
2679 731 2800 785 est;
2832 723 2887 776 in
2915 723 3127 778 somnis
3155 723 3302 778 enim
3331 724 3381 780 ei
3410 733 3604 780 astans

2024 827 2106 872 tes
2135 816 2308 871 sancti
2339 830 2536 886 aquam
2573 816 2760 870 bibere
2798 825 3092 883 antequam
3133 831 3320 870 escam
3351 825 3602 873 sumeret

2023 918 2420 978 przeceperunt,
2484 924 2580 977 per
2654 910 2916 965 haustum
2987 909 3269 978 poculum,
3322 911 3604 980 passionis

2024 1000 2204 1070 fugam
2260 1002 2684 1060 denuntiantes:
2730 1017 2851 1071 qua:
2899 1012 3024 1071 post
3064 1001 3198 1056 illud
3249 1003 3600 1059 salutiferum

2023 1091 2326 1152 somnium.
2366 1090 2435 1144 de
2459 1105 2601 1159 aqua
2635 1089 2763 1144 fecit
2784 1091 2934 1161 quod
2963 1091 3120 1160 jussa
3149 1099 3235 1146 est
3273 1102 3405 1148 ante
3436 1108 3602 1149 omne

2021 1181 2343 1237 alimentum
2384 1181 2468 1234 vel
2517 1196 2725 1235 escam.
2782 1181 2846 1235 Et
2884 1182 2987 1237 hoc
3036 1181 3207 1247 facto,
3248 1193 3500 1239 movetur
3529 1186 3597 1239 ad

2019 1274 2306 1337 vomitum,
2330 1282 2385 1327 et
2408 1289 2649 1328 amaram
2685 1275 2832 1328 illam
2871 1290 3061 1329 ranam
3089 1274 3261 1346 ejieit,
3303 1293 3466 1347 quam
3499 1295 3600 1334 ne-

2021 1366 2206 1420 sciens
2263 1368 2671 1433 absorbucrnt;
2727 1367 3040 1439 factumque
3084 1377 3192 1435 est,
3236 1380 3297 1424 ut
3339 1386 3460 1441 quze
3501 1387 3621 1442 per-

2024 1473 2223 1528 aquam
2285 1460 2585 1529 perniciem
2623 1462 2846 1530 reperit,
2887 1475 2983 1529 per
3028 1476 3226 1531 aquam
3261 1464 3426 1517 etiam
3453 1479 3601 1520 mor-

2022 1556 2130 1602 tem
2162 1550 2458 1619 effugeret:
2493 1556 2596 1605 hoc
2629 1553 2774 1606 enim
2811 1553 2878 1606 ad
2912 1553 3147 1608 invicem
3189 1553 3264 1607 illi
3311 1555 3595 1610 hominum

2019 1650 2292 1697 amatores
2323 1644 2389 1696 ad
2422 1644 2718 1700 mortifera:
2761 1646 2909 1699 illius
2957 1661 3102 1701 ranae
3144 1649 3480 1716 captionem,
3527 1650 3598 1702 ad

2019 1734 2378 1804 mulierisque
2433 1738 2666 1793 salutem
2713 1736 3049 1806 conﬂarunt,
3108 1757 3220 1809 quo
3250 1741 3417 1796 etiam
3465 1758 3595 1798 osur

2019 1823 2301 1878 hominum
2333 1827 2609 1887 diabolus.
2644 1830 2710 1883 ad
2742 1831 3105 1896 perditionem
3136 1848 3272 1888 usus
3301 1845 3382 1888 est
3415 1833 3599 1892 Theo-

332 1920 468 1986 παρ⁹
499 1891 690 1968 ἐλπίδα
752 1916 1000 1983 φυγοῦσα
1029 1891 1120 1966 τὸν
1165 1891 1406 1982 ὀλεθρον,
1441 1914 1667 1974 καὶτοῖς
1697 1911 1914 1980 ζωγρὴ-
1950 1891 1988 1943 Β
2017 1931 2028 1965 ι

1899 1943 1914 1952 -
1950 1891 1988 1943 Β
2017 1912 2185 1966 done.
2231 1914 2362 1979 Qum
2405 1932 2528 1970 cum
2582 1926 2781 1987 praeter
2825 1935 2978 1989 spem
3031 1921 3260 1976 exitium
3303 1927 3595 1991 evasisset,

334 2026 462 2062 σασι
501 2009 737 2078 μάρτυσι
774 2008 1076 2077 σωτηρίους
1115 2006 1298 2074 φωνὰς
1330 2005 1794 2077 προσενεγκοῦσα,
1819 2003 1913 2056 τοῦ

332 2100 440 2153 νεὼ
486 2098 664 2153 αὑτῶν
717 2098 1083 2168 ἀνεχώρησεν.
1142 2097 1330 2166 Ἡμεῖς
1374 2096 1430 2147 δὲ
1468 2094 1746 2147 κάνταῦθα
1788 2094 1915 2162 βοὰς

332 2194 620 2260 εὐφήμους
679 2192 863 2251 αὐτοῖς
934 2190 1347 2258 μελῳδήσαντες
1369 2225 1383 2249 ,
1445 2187 1714 2256 μελῳδίας
1751 2186 1916 2256 ἄλλης

331 2285 590 2355 ἀφορμὴν
641 2281 1022 2353 ποιησώμεθα,
1056 2282 1186 2336 ἄλλο
1240 2281 1524 2351 τεράστιον
1568 2280 1645 2350 τῷ
1685 2279 1915 2349 παρόντι

334 2377 746 2438 συντάττοντες.

332 2486 459 2540 KZ'.
505 2488 646 2555 Περὶ
696 2487 996 2552 Θεοδώρου
1046 2488 1154 2542 τοῦ
1200 2489 1639 2553 κελευσθέντος
1684 2488 1753 2542 ἐκ
1792 2483 1914 2542 τῶν

775 2560 960 2627 ἁγίων
983 2559 1215 2612 ἀσπίδα
1237 2561 1471 2628 φαγεῖν.

403 2647 683 2718 Θεόδωρον
718 2649 808 2700 τὸν
836 2647 915 2717 τῷ
972 2649 1300 2718 προλαόόντι
1335 2649 1543 2719 γυναίῳ
1569 2649 1911 2718 συνώνυμον.

330 2740 515 2803 καλῶς
555 2742 588 2809 ὴ
635 2740 746 2791 τῶν
801 2739 1096 2806 θαυμάτων
1125 2739 1414 2793 ἀκολουθία
1443 2743 1562 2812 μετ’
1593 2741 1802 2795 ἐκείνου
1831 2741 1912 2802 είς

330 2835 592 2906 διήγησιν
635 2834 858 2904 ἧνεγκε,
915 2837 1009 2887 καὶ
1066 2837 1180 2897 τοῖς
1226 2837 1509 2904 τρυφῶσιν
1564 2837 1620 2888 ἐν
1663 2838 1776 2897 τοῖς
1804 2833 1912 2887 τῶν

330 2927 508 2994 ἁγίων
531 2925 714 2994 ἔργοις
762 2926 856 2978 καὶ
912 2925 1175 2996 πράξεσιν
1231 2927 1311 2988 είς
1352 2927 1536 2979 ἑστίαν
1586 2926 1912 2993 ἁξιάγαστον

330 3015 636 3086 προῦθηκε,
665 3017 727 3067 οὐ
768 3015 929 3088 μόνον
984 3017 1066 3069 ὅτι
1121 3017 1301 3068 κοινὸν
1339 3018 1476 3087 πρὸς
1522 3016 1691 3086 αὐτὴν
1720 3016 1912 3070 ἔλαϐεν

327 3111 522 3180 ὖνομα,
553 3109 670 3161 ἀλλ’
697 3111 780 3161 ὅτι
828 3110 922 3162 καὶ
963 3110 1024 3161 τὸ
1063 3111 1184 3162 κατ’
1217 3109 1380 3162 αὑτὸν
1403 3113 1466 3161 ὲκ
1493 3109 1694 3179 μέρους
1728 3109 1910 3179 ἀρρώ-

330 3220 538 3271 στημα,
574 3202 668 3253 καὶ
705 3201 798 3254 τοῦ
837 3201 1042 3264 πάθους
1072 3203 1106 3271 ἡ
1131 3200 1406 3269 ἄφραστος
1425 3203 1564 3262 ίασςς
1588 3200 1768 3268 ἔχουσί
1790 3218 1908 3254 τινα
1937 3226 1982 3283 C

325 3288 441 3345 τῶν
467 3294 555 3344 ἁπ⁹
594 3292 814 3358 ἐκείνης
865 3293 1164 3361 ἐμφέρειαν
1185 3308 1197 3320 ’
1235 3293 1282 3341 εἰ
1335 3293 1428 3342 καὶ
1461 3290 1628 3359 πολλή
1658 3308 1740 3352 τις
1771 3291 1909 3356 ἄγαν

326 3388 658 3454 ἀμφοτέρων
702 3385 851 3437 ἐστὶν
899 3388 929 3455 ἡ
974 3385 1267 3454 διάκρισις,
1314 3386 1387 3446 ὡς
1428 3384 1591 3446 δείξει
1640 3385 1827 3453 προϊὸν
1854 3385 1913 3436 τὸ

325 3480 594 3548 διήγημα.

399 3663 479 3713 τὰ
508 3661 792 3729 σπλάγχνα
836 3662 933 3729 μὲν
1003 3663 1111 3729 γᾶρ
1173 3660 1411 3729 ἔπασχεν
1453 3661 1482 3713 ὁ
1521 3659 1817 3728 θεὸδωρος,
1849 3659 1910 3711 οῦ

325 3756 607 3823 βατράχου
638 3754 781 3814 τινὸς
816 3757 897 3815 εἰς
955 3753 1116 3805 αὐτον
1153 3751 1553 3822 ὀλισθήσαντος,
1588 3751 1680 3803 καὶ
1720 3751 1908 3802 τούτου

322 3847 516 3917 νήξεπι
563 3845 838 3907 κυκῶντός
897 3861 958 3896 τε
1021 3844 1114 3895 καὶ
1161 3843 1542 3913 ταράττοντος,
1588 3843 1682 3893 καὶ
1730 3842 1909 3903 δεινὰς

322 3938 627 4004 ἀλγηδόνας
644 3937 1002 3999 ὲντίκτοντος,
1019 3935 1152 3989 ἀλλὰ
1177 3935 1497 4006 περιεργίας
1517 3938 1575 3985 εκ
1603 3933 1908 4003 βρώματος,

319 4029 539 4104 ἀνδρῶν
570 4029 630 4087 οὺ
661 4027 842 4082 καλῶν
883 4026 1284 4098 ἐγχειρήσεων,
1315 4025 1506 4097 ὀδύνην
1540 4024 1688 4095 αὐτῷ
1711 4024 1902 4091 γεννώο

322 4135 425 4190 an;
455 4119 758 4191 ἀφόρητον.
786 4116 1055 4190 Φιλοῦμιν
1081 4117 1193 4188 γὰρ
1218 4116 1266 4171 οί
1295 4115 1599 4190 τρισάθλιοι
1634 4118 1710 4188 μὴ
1741 4115 1902 4188 μόνον

318 4212 605 4282 αἰκισμοῖς
631 4211 725 4265 καὶ
758 4209 1003 4279 φονικοῖς
1043 4207 1299 4280 ὀργάνοις
1339 4209 1434 4263 καὶ
1467 4206 1678 4282 ξίφεσιν
1709 4207 1910 4278 ἀμύνει

318 4304 450 4358 σθαι
502 4300 564 4356 τὸ
604 4299 896 4372 ὁμόφυλον,
923 4297 977 4352 ετ
1005 4297 1188 4354 τιτῶν
1231 4297 1546 4354 λυπούντων
1590 4297 1907 4370 ιιργάσατο.

313 4397 351 4470 ἢ
390 4395 485 4452 καὶ
515 4391 701 4465 φθόνῳ
751 4389 1066 4466 picatum,»
1111 4389 1501 4464 κρατούμενοι.
1535 4389 1632 4446 καὶ
1661 4390 1710 4445 sl
1739 4389 1908 4462 μηδὲν

313 4488 400 4549 είς
433 4484 586 4556 ἡμᾶς
605 4480 1054 4554 ιπλημμίλησιν,
1098 4478 1234 4534 ἀλλά
1264 4479 1359 4534 καὶ
1403 4478 1780 4552 φαρμακείαις
1807 4480 1906 4536 αὺ-

2020 2018 2119 2072 pro
2169 2006 2289 2059 data
2345 2009 2520 2063 salute
2575 2012 2842 2078 prmconia
2896 2012 3200 2070 victoribus
3258 2020 3596 2088 martyribus

2017 2093 2329 2161 obtulisset,
2385 2112 2414 2150 a
2449 2101 2654 2170 templo
2706 2115 2898 2155 eorum
2949 2105 3207 2159 recessit.
3266 2104 3441 2161 Porro
3491 2124 3595 2165 nos

2018 2185 2182 2239 etiam
2222 2186 2346 2241 hinc
2383 2188 2465 2242 eis
2512 2189 2683 2245 bonas
2719 2192 2908 2246 laudes
2940 2196 3170 2249 vocibus
3220 2199 3592 2263 modulantes.

2018 2272 2245 2328 alterius
2299 2274 2691 2331 modulaminis
2752 2281 3034 2335 materiam
3093 2282 3386 2351 faciamus,
3443 2290 3592 2342 aliud

2019 2365 2273 2433 praesenti
2308 2366 2618 2435 prodigium
2648 2379 3024 2426 annectentes.

2017 2476 2233 2531 XXVII.
2271 2477 2346 2531 De
2377 2478 2646 2558 Theodoro
2667 2487 2760 2550 qui
2787 2502 2818 2537 a
2867 2488 3071 2558 soractis
3087 2489 3276 2558 jussus
3307 2501 3387 2545 est
3417 2509 3594 2548 come-

2598 2556 2719 2607 dere
2754 2556 3008 2622 aspidem.

2083 2638 2426 2695 Theodorum
2510 2645 2867 2711 praecedentis
2932 2651 3272 2719 mqnivocum
3351 2653 3590 2716 feminae.

2013 2731 2152 2787 bene
2195 2735 2590 2786 miraculorum
2643 2737 2804 2801 ordo,
2858 2752 2978 2806 post
3033 2743 3168 2796 illud
3215 2745 3282 2797 ad
3317 2747 3592 2800 narratio-

2017 2839 2138 2878 nem
2175 2824 2421 2886 deduxit,
2467 2834 2521 2880 et
2553 2836 2679 2880 ante
2724 2828 2824 2882 hos
2869 2831 2960 2899 qui
3003 2832 3056 2886 in
3106 2847 3425 2890 sanetorum
3459 2853 3595 2906 epu-

2015 2917 2116 2970 iari
2169 2918 2431 2986 operibus
2479 2929 2530 2973 et
2584 2920 2802 2975 actibus
2843 2922 3210 2990 delectantur,
3265 2928 3318 2981 in
3365 2930 3594 2983 delicias

2015 3006 2381 3062 admiratione
2442 3010 2637 3079 dignas
2705 3014 3016 3082 pr0posuit,
3077 3031 3186 3071 non
3232 3020 3413 3073 solum
3462 3021 3592 3088 quia

2015 3114 2305 3154 commune
2338 3116 2461 3154 cum
2503 3118 2565 3156 ea
2615 3105 2850 3159 sortitus
2880 3115 3227 3172 estnomen,
3257 3110 3350 3164 sed
3383 3119 3435 3165 et
3462 3113 3591 3182 quia

2015 3199 2127 3245 tam
2178 3193 2375 3247 similis
2429 3195 2722 3252 inﬁrmitas
2765 3214 2930 3266 quam
2976 3201 3254 3268 passionis
3296 3202 3593 3258 ineﬂ‘nbiiis

2017 3285 2249 3349 sanitas,
2284 3287 2485 3342 habent
2523 3289 2822 3357 quamdam
2879 3306 3070 3345 eorum
3109 3308 3229 3361 quae
3279 3309 3446 3363 super
3501 3295 3592 3349 illa

2016 3376 2158 3430 facta
2199 3387 2327 3432 sunt
2358 3395 2421 3433 ex
2457 3392 2613 3450 parte
2641 3383 3079 3448 similitudinem,
3116 3385 3246 3439 licet
3275 3387 3443 3440 multa
3479 3388 3594 3440 vai-

2013 3469 2082 3522 de
2113 3470 2183 3524 sit
2213 3479 2572 3541 utrorumque
2615 3474 2902 3539 discretio,
2945 3484 3000 3528 ut
3033 3475 3438 3534 demonstrabit
3459 3481 3593 3536 sub-

2015 3577 2252 3628 sequens
2291 3565 2596 3619 enarratio.

2085 3650 2309 3706 Viscera
2336 3654 2538 3724 quippe
2564 3656 2875 3724 patiebatur
2906 3658 3255 3726 Theodorus,
3298 3677 3408 3717 non
3455 3678 3590 3717 rana

2015 3744 2068 3797 in
2124 3760 2247 3798 eum
2290 3747 2485 3814 quat-is
2514 3749 2728 3818 illapsa,
2765 3759 2817 3804 et
2866 3752 2978 3805 inec
3021 3755 3419 3811 mutationibus
3450 3773 3591 3826 qna-

2016 3835 2183 3889 lientc
2234 3846 2394 3905 atque
2456 3841 2733 3900 turbante,
2793 3842 3055 3910 dirosque
3113 3843 3334 3900 dolores
3401 3856 3592 3917 partu-

2013 3928 2210 3993 riente,
2240 3929 2332 3982 sed
2363 3931 2631 3985 maleficio
2663 3949 2770 3986 non
2797 3934 3065 3988 bonorum
3105 3937 3348 3990 virorum
3374 3940 3590 3993 conati-

2014 4016 2117 4072 bus
2147 4033 2212 4073 ex
2241 4019 2363 4075 cibo
2390 4019 2666 4086 coniecto,
2713 4024 2959 4080 dolorem
2995 4027 3392 4096 importabilem
3424 4046 3592 4101 gence

2012 4117 2203 4172 runte;
2235 4123 2485 4167 amamus
2512 4111 2657 4168 enim
2702 4113 2996 4171 miserrimi
3043 4130 3150 4173 non
3183 4118 3362 4175 solum
3394 4120 3589 4179 urbe.

2012 4198 2168 4257 ribus
2197 4208 2246 4258 et
2280 4201 2723 4261 ltomleidialibus
2751 4206 2977 4279 organis
2999 4222 3095 4265 seu
3124 4207 3347 4280 gladlls.
3375 4214 3589 4271 contri-

2011 4292 2235 4351 bulibus
2262 4293 2523 4352 ultionem
2565 4293 2793 4362 lnl‘erre,
2834 4297 2879 4353 sl
2919 4297 3074 4357 triste
3100 4298 3233 4372 quid
3260 4311 3585 4374 operentur.

2009 4383 2093 4440 vol
2132 4384 2296 4442 etiam
2327 4383 2372 4442 si
2406 4385 2539 4442 nihil
2586 4386 2640 4442 in
2677 4400 2780 4444 nos
2824 4386 3169 4463 delinquant,
3220 4390 3426 4451 invidia
3475 4391 3586 4452 odii

2012 4471 2238 4532 fraterni
2269 4474 2510 4546 detenti;
2542 4491 2732 4534 verum
2766 4478 2932 4536 etiam
2976 4481 3451 4543 incantationibus
3489 4498 3588 4543 eos

310 4576 410 4630 τὸν
442 4570 904 4645 κατεργάζεσθαι,
927 4570 1027 4641 τὴν
1056 4570 1190 4640 πρὸς
1212 4570 1302 4623 τὸν
1316 4569 1485 4634 πίλας
1503 4569 1738 4642 φυσικὴν
1751 4586 1906 4639 στορ-
1936 4565 1984 4625 D

1890 4596 1906 4610 -
1936 4565 1984 4625 ο
2011 4564 2254 4630 iniicere.
2297 4576 2352 4624 et
2399 4568 2682 4627 maleficiis
2722 4569 3012 4642 aliquoties
3072 4573 3358 4640 insectari,
3425 4584 3586 4632 natu-

310 4668 421 4736 τὴν
462 4666 872 4725 ἀπολέσαντες·
910 4664 1069 4730 εἴπερ
1101 4659 1244 4713 κατά
1283 4661 1486 4714 Μωσέα
1520 4661 1612 4713 τον
1634 4662 1905 4730 νομογρά-

311 4775 434 4825 φον,
466 4757 558 4808 τὸν
595 4754 695 4823 τῆς
727 4752 1081 4823 φιλαλληλίας
1109 4751 1409 4823 εἰσηγητὴν
1442 4751 1536 4804 καὶ
1560 4751 1903 4815 διδάσκαλον,

312 4849 427 4902 πᾶν
453 4847 597 4910 ζῶον
657 4845 852 4914 ἀγαπᾷ
895 4844 956 4896 τὸ
1009 4845 1216 4912 ὅμοιον,
1257 4844 1352 4894 καὶ
1385 4841 1493 4905 πᾶς
1524 4840 1810 4912 ἅνθρωπος
1845 4841 1905 4894 τὸ

309 4940 547 5008 πλησίον
583 4936 751 4990 αὑτοῦ
776 4954 792 4967 ·
827 4937 920 4990 καὶ
950 4936 1050 5004 τῆς
1075 4934 1214 5004 ὑπὲρ
1240 4935 1458 4988 πάντων
1477 4933 1585 4986 τῶν
1612 4933 1905 5004 δρωμένων

309 5035 447 5102 ἡμῖν
483 5028 784 5093 ἀπολογίας
815 5025 1097 5084 παντελῶς
1121 5023 1476 5093 ἐκλαθόμενοι
1501 5039 1514 5053 ο
1572 5025 1731 5093 εἴπερ
1763 5023 1906 5076 κατά

313 5120 530 5176 Παῦλον
556 5118 647 5170 τὸν
677 5115 987 5186 νομομαθῆ,
1039 5115 1130 5167 τον
1185 5115 1365 5184 πάσης
1413 5115 1616 5185 ἀρετῆς
1665 5116 1904 5184 ἐργάτην

309 5213 406 5264 καὶ
436 5215 681 5280 κήρυκα,
712 5209 911 5270 πάντες
940 5206 1017 5276 τῷ
1041 5204 1136 5259 τοῦ
1168 5206 1406 5275 Χριστοῦ
1439 5206 1903 5275 παραστησόμεθα

312 5305 546 5375 βήματι,
608 5303 764 5362 δίκας
819 5299 1036 5360 δικαίας
1089 5298 1418 5362 τιννύοντες,
1471 5299 1565 5352 καὶ
1595 5296 1902 5363 κατ’ἀξίαν

307 5397 420 5449 τῶν
452 5394 713 5465 πράξεων
741 5389 966 5458 ἀγαθῶν
997 5405 1054 5441 τε
1101 5389 1198 5442 καὶ
1243 5387 1463 5456 φαύλων
1511 5388 1900 5457 λαμϐάνοντες.

309 5491 423 5545 Καὶ
448 5487 626 5542 ταῦτα
659 5485 757 5546 μὲν
778 5484 853 5546 ὼς
883 5483 1134 5535 λέλεκται
1157 5484 1250 5534 καὶ
1280 5483 1666 5544 πεπίστευται,
1685 5482 1904 5543 πάντως

304 5583 390 5635 δτι
408 5581 505 5635 καὶ
525 5579 840 5647 γενήσεται,
860 5574 966 5628 κᾶν
990 5576 1154 5645 ἡμεῖς
1170 5573 1230 5626 οὐ
1259 5572 1578 5643 βουλώμεθα
1605 5572 1760 5642 κακῷ
1780 5589 1904 5624 συν-

306 5668 472 5720 ειδότι
506 5665 892 5734 πληττύμενοι.

380 5756 657 5827 Θεόδωρος
683 5755 738 5806 δὲ
767 5754 956 5814 demi);
999 5753 1435 5823 τιμοιροὺμενος,
1472 5755 1566 5806 καὶ
1600 5757 1665 5825 τῇ
1700 5754 1898 5826 βρώσει

307 5848 401 5905 τοῦ
426 5846 729 5903 καυστικοῦ
755 5845 1052 5914 φαρμάκου
1096 5845 1165 5898 τὰ
1211 5845 1492 5913 σπλάγχνα
1541 5844 1899 5916 φλεγόμενος,

640 5937 914 6004 ΡΔτιιυι..
961 5938 1077 5997 GR.
1129 5935 1489 5998 LXXXVII.

2011 4656 2111 4710 raii
2149 4659 2296 4711 circa
2342 4660 2651 4727 proximum
2705 4662 2907 4716 amissa
2954 4662 3269 4719 dilectione.
3307 4666 3445 4721 Cum
3499 4683 3591 4723 se-

2009 4747 2251 4804 cundum
2301 4748 2524 4821 Moysen
2560 4751 2696 4822 legis
2732 4753 3082 4823 scriptorem,
3117 4756 3404 4827 mutuique
3434 4772 3590 4812 amo.

2008 4841 2088 4895 ris
2129 4840 2498 4896 institutorem
2529 4852 2582 4897 et
2612 4854 3031 4914 przeeeptorem,
3064 4861 3227 4903 omne
3261 4848 3465 4903 animal
3500 4849 3590 4905 dio

2008 4932 2141 5001 ligat
2175 4933 2374 4995 simile,
2417 4944 2472 4991 et
2509 4937 2691 4990 omnis
2728 4935 2893 4991 homo
2938 4938 3246 5006 proximum
3283 4955 3442 4994 suum
3473 4954 3488 4993 :
3532 4952 3588 4996 et

2009 5024 2300 5080 reddenda
2347 5026 2580 5082 rationis
2631 5043 2730 5097 pro
2780 5029 3039 5082 omnibus
3085 5045 3209 5100 qua
3255 5041 3524 5101 geruntur
3554 5046 3583 5084 κ

2008 5116 2169 5169 nobis
2215 5116 2393 5179 obliti,
2448 5132 2572 5171 cum
2618 5117 2772 5186 juxta
2816 5117 3044 5173 Paulum
3097 5119 3230 5190 legis
3279 5122 3582 5186 doctorem.

2009 5208 2300 5276 omnisque
2347 5209 2572 5264 virtutis
2649 5218 2995 5279 operatorem
3044 5220 3100 5267 et
3144 5213 3583 5282 pra'dieatorem.

2009 5315 2201 5354 omnes
2231 5298 2436 5356 Christi
2468 5302 2762 5356 exhibendi
2799 5303 2974 5359 simus
3021 5313 3148 5360 ante
3174 5306 3438 5369 tribunal.
3469 5322 3601 5376 pata-

2010 5406 2111 5446 nas
2144 5393 2513 5455 exsolventcs,
2539 5406 2592 5447 et
2623 5393 2932 5448 secundum
2962 5405 3185 5450 actuum
3215 5398 3429 5454 merita.
3467 5399 3587 5453 sire

2007 5481 2150 5535 bona
2192 5482 2307 5537 sive
2343 5485 2480 5536 mala
2522 5484 2873 5553 recipientes.
2907 5483 2966 5537 Et
3002 5486 3223 5554 quidem
3257 5486 3376 5542 hac
3405 5496 3464 5542 ut
3499 5487 3585 5542 di-

2006 5585 2093 5627 cta
2129 5582 2183 5629 et
2229 5576 2434 5629 credita
2483 5584 2629 5640 sunt,
2688 5577 2878 5646 procul
2925 5575 3092 5630 dubio
3118 5575 3282 5643 iient;
3328 5580 3455 5635 licet
3482 5594 3584 5636 nos

2007 5664 2148 5718 forte
2179 5666 2439 5729 nolimus,
2475 5667 2812 5722 conscientia
2846 5680 2957 5719 non
2987 5665 3129 5720 bona
3154 5669 3414 5736 perculsi.

2078 5754 2400 5812 Theodorus
2431 5773 2610 5812 autem
2640 5775 2765 5813 cum
2799 5761 3108 5828 puniretur,
3143 5771 3197 5813 et
3225 5761 3345 5830 ejus
3370 5763 3583 5820 viscera

2007 5848 2303 5904 incensorii
2342 5851 2592 5906 mniciieii
2619 5852 2956 5906 comestione
2985 5850 3478 5922 inﬂammarentur,
3511 5856 3580 5916 ad

3146 5943 3261 6002 110
