4294 6442
716 349 850 413 3531
1670 361 1727 419 S.
1753 358 2165 421 SOPHRONil
2204 363 2412 425 PATR‘

1670 361 1727 419 Β.
1753 358 2165 421 SOPHRONil
2204 363 2710 426 PATRIARCIH‘J
2756 367 3152 426 HlElll)‘SOL.

719 466 1002 520 mordacia
1061 470 1508 534 commiscentes,
1557 472 1829 527 aliishaec
1886 474 2388 542 jneundioribusA

2304 479 2388 537 5A
2422 479 2892 550 συγκαλύψωμεν·
2950 481 3100 541 τέλος
3144 481 3209 531 τά
3249 471 3457 549 τερπνὰ
3506 476 3607 543 τῆς
3649 476 3726 537 εἰς
3751 475 4000 538 Ἀλεξαν-

715 568 1092 629 contegamus,
1114 559 1275 615 finem
1309 560 1573 619 facientes
1604 564 2007 629 delectabilem,
2043 582 2154 622 non
2186 584 2308 623 om-

715 650 866 703 nium
898 652 1325 720 conscriptionis
1356 655 1748 709 miraculorum
1772 672 1984 722 eorum,
2019 658 2112 713 sed
2145 660 2310 714 mira-

714 741 968 795 culorum
1000 752 1210 798 tantum
1247 746 1390 815 apud
1420 745 1828 802 Alexandrinos
1857 759 2163 819 gestorum.

716 846 1056 926 XXXlll._De
1086 852 1390 919 Cosmiana,
1417 872 1533 925 qum
1555 856 1624 910 ad
1659 868 1871 913 sanctos
1906 868 2118 913 oratum
2155 862 2310 926 abiit,

853 931 902 973 et
940 922 1004 975 de
1028 922 1273 991 jumento
1327 922 1515 980 cecidit
1554 943 1845 1000 corpusque
1883 931 2158 986 contrivit.

783 1100 964 1155 Suave
993 1101 1152 1156 nobis
1186 1102 1351 1158 etiam
1387 1119 1635 1173 praesens
1681 1106 1894 1161 exstitit
1949 1107 2302 1174 miraculum,

708 1190 857 1260 quod
891 1205 919 1242 ιι
950 1192 1162 1247 sanctis
1220 1194 1271 1247 in
1310 1194 1538 1249 muliere
1588 1196 1826 1265 quadam
1872 1194 2168 1251 Cosmiana
2203 1213 2305 1251 no-

710 1282 856 1334 mine
883 1282 1092 1336 factum
1123 1291 1235 1347 est,
1280 1293 1332 1338 et
1391 1283 1647 1341 fortassis
1682 1286 2057 1341 austeriorum
2103 1289 2306 1342 recita-

709 1373 846 1430 tioni
879 1375 1146 1437 occurrit,
1187 1381 1245 1428 ιιι
1286 1374 1570 1430 tristitiam
1607 1393 1727 1446 quze
1772 1378 1924 1431 illine
1975 1378 2136 1433 nobis
2190 1378 2306 1435 fore

712 1465 1029 1532 putabatur,
1062 1465 1353 1533 cujusdam
1408 1469 1653 1538 spongiae
1690 1485 1841 1524 more
1874 1466 2218 1538 detergeret;
2251 1482 2306 1526 et

711 1572 817 1609 non
853 1563 1065 1610 tantum
1101 1557 1222 1615 hoc.
1258 1559 1353 1612 sed
1393 1568 1449 1610 ut
1473 1559 1615 1611 sicut
1654 1574 1681 1612 τι
1716 1558 1967 1613 triszibus
2010 1560 2303 1614 mulierum

709 1648 954 1699 narratio
981 1658 1159 1716 empta
1183 1657 1287 1712 est,
1322 1647 1394 1701 ita
1423 1649 1587 1703 etiam
1625 1651 1871 1703 laetorum
1905 1649 2194 1719 Scriptura
2217 1653 2302 1705 in-

706 1741 1013 1807 ceptionem
1072 1740 1301 1793 feminas
1348 1740 1566 1793 habeat.
1617 1742 1710 1794 Sic
1757 1741 1900 1795 enim
1946 1752 1999 1796 et
2034 1744 2303 1797 Dominus

2417 566 2583 636 δρὲας
2601 567 2897 638 θαυμάτων
2923 567 3269 639 συγγραφῆς,
3301 569 3364 620 οὐ
3396 563 3693 636 θαυμᾶιτων
3718 565 3999 636 ἐνεργείας

2418 658 2749 729 ποιούμενοι.

2413 851 2538 906 AT'.
2594 853 2733 919 Περὶ
2762 855 3109 923 Κοσιιιανῆς
3135 855 3440 922 ἀπιούσης
3489 858 3576 920 είς
3609 855 3750 919 τοὺς
3790 856 4001 922 ἀγίρυς

2484 923 2590 976 τοῦ
2622 925 2912 985 εὔξασθαι
2946 925 3043 979 καί
3071 927 3387 992 πεσούσης
3414 927 3481 979 ἐκ
3514 925 3621 980 τοῦ
3648 927 3871 994 ἀλόγου
3900 928 3994 977 ml

2482 995 2908 1062 συντριϐείσης
2930 995 2996 1048 τὸ
3020 996 3210 1064 σῶμα.

2495 1103 2623 1159 Ἡδὺ
2676 1105 2852 1159 καὶτὸ
2884 1106 3061 1178 παρὸν
3087 1107 3219 1178 ἡμῖν
3249 1105 3432 1178 θαῦμα
3461 1107 3823 1176 καθέστηκεν,
3861 1108 4001 1175 ὅπερ

2411 1194 2504 1246 ἐπὶ
2548 1195 2757 1265 γυναίῳ
2780 1195 2887 1248 τινί¹
2914 1198 3201 1267 Κοσμιανῇ
3233 1194 3473 1265 τοῦνομα
3496 1198 3609 1258 τοῖς
3640 1196 3877 1264 μάρτυσι
3902 1199 3995 1261 ’ίὲ-

2408 1301 2556 1352 γονε·
2575 1286 2668 1339 καὶ
2689 1286 2826 1356 τάχα
2846 1286 3027 1350 καλῶς
3051 1284 3190 1356 μετὰ
3208 1284 3308 1355 τήν
3323 1285 3432 1337 τῶν
3452 1284 3871 1355 αὐστηροτέρων
3898 1288 4001 1350 ἁγ-

2408 1376 2596 1443 γελίαν
2634 1378 2970 1448 ἀπήντησεν,
3003 1378 3090 1431 ῖνα
3121 1378 3219 1448 τὴν
3243 1377 3452 1431 ἐκεῖθεν
3481 1376 3746 1430 δοκοῦσαν
3778 1376 3999 1429 ἔσεσθαι

2408 1468 2585 1538 λύπην
2608 1469 2955 1540 ήμῖν,ὣσπερ
2984 1469 3076 1523 ἐπὶ
3114 1470 3357 1538 σπόγγου
3383 1469 3527 1533 τινὸς
3553 1467 3839 1539 παρελθὼν
3861 1469 3999 1521 ἁνα-

2411 1557 2669 1628 μάξηται·
2690 1558 2782 1612 καὶ
2801 1558 2861 1611 οὺ
2888 1557 3048 1612 τοῦτο
3074 1559 3255 1628 μόνον,
3274 1556 3390 1610 ἀλλ’
3417 1557 3504 1610 ἴνα
3538 1556 3728 1623 ὥσπερ
3756 1557 3863 1608 ἀπὸ
3891 1572 3994 1622 γυ-

2406 1648 2572 1702 ναίων
2595 1648 2701 1701 τῶν
2723 1648 3053 1718 ἀνιὼντωνή
3085 1648 3336 1719 διήγησις
3365 1646 3735 1718 ήρξατο,οὖτω
3764 1647 3858 1699 καὶ
3885 1647 3997 1699 τῶν

2407 1743 2646 1812 ήδὸντων
2681 1744 2715 1814 ή
2742 1742 2934 1814 Γραφὴ
2964 1742 3140 1813 ἀρχὴν
3178 1743 3291 1813 ἔχει
3318 1742 3480 1796 πάλιν
3513 1741 3579 1794 τὰ
3603 1740 3997 1808 γύναια.οὖτω

708 1842 827 1898 post
852 1832 1315 1885 resurrectionem
1365 1848 1657 1901 apparens,
1693 1833 1872 1901 primo
1905 1834 2073 1888 Arete
2104 1835 2298 1889 mulie-
2332 1847 2372 1901 Β

2332 1847 2372 1901 Β
2406 1833 2518 1902 γὰρ
2577 1834 2674 1888 καὶ
2725 1833 2756 1887 ὁ
2799 1834 3006 1905 Κύριος
3057 1833 3195 1904 μετᾶ
3242 1834 3340 1904 τὴν
3388 1833 3686 1887 ἀνάστασιν
3743 1831 3994 1899 φαίνεται

709 1919 862 1973 tibus
922 1922 1113 1979 donat.
1172 1921 1435 1988 quoniam
1494 1923 1672 1991 primo
1715 1922 1796 1977 eis
1843 1933 1965 1991 post
2008 1923 2207 1978 factam
2240 1924 2293 1979 in

709 2012 963 2076 paradiso
1011 2014 1502 2079 lt'ﬂnsgl‘ttsslttttmtt
1554 2014 1793 2068 tristitiae
1849 2017 2010 2068 verita
2047 2031 2293 2085 pronun-

710 2103 887 2171 tiatit.
925 2102 1038 2156 lloc
1069 2103 1328 2173 judicans
1359 2108 1475 2174 ipse
1509 2105 1907 2173 jnstissimum,
1937 2113 1996 2160 ιιι
2022 2124 2145 2177 quae
2179 2109 2294 2178 pri-

707 2182 809 2250 ma:
841 2198 1044 2252 tristari
1090 2209 1471 2269 susceperant,
1508 2200 1638 2270 ipsa:
1680 2214 1899 2269 qtmque
1930 2200 2120 2269 prima:
2151 2213 2289 2271 gau-

706 2290 836 2342 dere
863 2290 1231 2359 perciperent,
1262 2299 1317 2346 et
1351 2306 1453 2345 nec
1479 2300 1626 2346 esset
1662 2292 1906 2348 Scliisma
1933 2293 1987 2347 in
2030 2307 2289 2363 ccipere,

704 2379 1006 2433 secundum
1039 2379 1284 2434 divinum
1318 2380 1664 2449 Apostolutn,
1699 2381 1792 2450 qui
1842 2390 2010 2453 caput
2044 2383 2295 2437 mulieris

704 2470 883 2525 \irum
918 2472 1161 2534 vocarit,
1199 2480 1255 2527 et
1281 2471 1384 2525 viri
1426 2487 1633 2543 corpus
1669 2468 1954 2526 mulierem
1999 2471 2206 2535 sanxit,
2239 2477 2295 2525 et

706 2580 883 2632 neque
916 2565 1200 2619 mulierem
1239 2565 1358 2618 sine
1388 2565 1525 2630 viro,
1561 2580 1738 2633 neque
1762 2564 1940 2618 virum
2004 2564 2126 2619 sine
2181 2579 2293 2618 tutt-

706 2655 860 2718 liere,
912 2669 1118 2724 corpus
1178 2654 1292 2710 fore
1326 2659 1439 2708 vult
1497 2658 1838 2719 universum,
1886 2671 2012 2709 cum
2061 2657 2292 2709 alterunt

707 2743 928 2812 quidem
984 2746 1230 2813 corporis
1274 2746 1554 2816 gaudium,
1600 2748 1831 2802 alterunt
1860 2761 1988 2801 vero
2014 2747 2292 2802 tristitiam

704 2838 857 2905 prius
889 2838 1215 2906 susceperit.

772 3017 914 3090 Ergo
943 3018 1086 3074 adsit
1119 3020 1337 3083 mulier,
1385 3029 1437 3076 et
1480 3020 1624 3076 sicut
1653 3019 1957 3076 Atlianasia
1999 3020 2295 3076 miraculo-

702 3130 822 3168 rum
874 3115 1072 3184 prima,
1097 3130 1218 3183 quae
1250 3114 1472 3169 tristare
1507 3114 1785 3179 ridentur,
1824 3113 2018 3169 effecta
2068 3123 2172 3177 est,
2218 3114 2290 3167 ita

2400 1923 2650 1994 πρώταις
2687 1923 2905 1993 γυναιξὶ
2938 1925 3019 1991 τὸ,
3043 1926 3236 1996 Χαῖρε,
3258 1925 3627 1994 δωρούμενος,
3667 1922 3854 1989 ἐπειδὴ
3899 1923 3995 1975 καὶ

2400 2015 2646 2087 πρώταις
2674 2017 2867 2079 αὐταῖς
2904 2015 3043 2087 μετὰ
3068 2016 3169 2086 τὴν
3205 2019 3263 2070 ὲν
3299 2015 3620 2085 παραδείσῳ
3652 2013 3991 2084 παράϐασιν,

2397 2107 2468 2161 τὰ
2508 2107 2608 2177 τῆς
2649 2106 2825 2178 λύπης
2853 2106 3159 2176 ἐφθέγξατο
3201 2108 3424 2177 ῥήματα
3443 2124 3457 2137 ·
3483 2105 3640 2159 τοῦτο
3667 2105 3863 2176 κρίνας
3893 2108 3995 2158 αὺ-

2395 2198 2486 2260 τὸς
2534 2198 2900 2263 δικαιότατον,
2953 2199 3040 2252 ἵνα
3094 2198 3313 2270 πρῶται
3372 2199 3434 2252 τὸ
3486 2197 3775 2250 λυπεῖσθαι
3826 2197 3989 2259 δεξά-

2400 2307 2579 2359 μεναι,
2640 2290 2804 2344 αὐταὶ
2859 2291 3075 2362 πρῶται
3121 2289 3315 2344 καὶτὸ
3369 2288 3581 2360 χαίρειν
3627 2287 3990 2357 κομίσωνται,

2397 2379 2492 2432 καὶ
2519 2375 2643 2451 μήῇ
2672 2380 2878 2451 σχίσμα
2902 2382 2961 2435 έν
2988 2379 3066 2451 τῷ
3088 2381 3322 2450 σώματι,
3351 2378 3493 2432 κατὰ
3522 2378 3613 2432 τὸν
3647 2378 3793 2432 θεῖον
3823 2380 3993 2431 Ἀπό-

2398 2471 2608 2536 στολον,
2635 2472 2726 2525 τὸν
2760 2473 3005 2543 κεφαλὴν
3040 2472 3140 2544 μὲν
3185 2471 3449 2542 γυναικὸς
3491 2471 3583 2524 τὸν
3612 2472 3785 2541 ἄνδρα
3830 2471 3967 2524 καλὲ

2399 2578 2591 2625 σαντα,
2614 2562 2804 2633 ἀνδρὸς
2829 2563 2885 2615 δὲ
2918 2563 3079 2634 σῶμα
3106 2564 3207 2631 τήν
3227 2565 3464 2632 γυναῖκα
3492 2563 3857 2617 θεσπίῑαντα·
3892 2566 3993 2616 καὶ

2400 2653 2538 2722 μήτε
2587 2656 2823 2720 γυναῖκα
2858 2655 3028 2724 χωρὶς
3064 2654 3279 2725 ἀνδρὸς,
3309 2654 3434 2724 μηδ’
3464 2652 3634 2720 ἄνδρα
3685 2650 3854 2721 χωρὶς
3890 2669 3991 2718 γυ-

2395 2743 2578 2807 ναικὸς
2616 2745 2676 2797 τὸ
2700 2747 2808 2798 πᾶν
2843 2743 2984 2799 εἶναι
3019 2746 3180 2816 σῶμα
3213 2744 3538 2815 βουλόμενον
3564 2758 3576 2770 '
3610 2743 3731 2816 ἥτὸ
3764 2744 3863 2813 μὲν
3891 2744 3989 2797 τοῦ

2398 2835 2651 2903 σώματος
2692 2838 2751 2890 τδ
2799 2839 3054 2908 χαίρειν,
3106 2837 3167 2889 τὸ
3215 2835 3272 2890 δὲ
3318 2836 3379 2889 τὸ
3426 2835 3718 2890 λυπεῖσθαι
3767 2835 3990 2907 πρῶτον

2395 2928 2635 2993 ἐδέξατο.

2466 3021 2677 3075 Οὐκοῦν
2706 3024 2935 3092 παρεῖτο
2963 3023 3023 3076 τὸ
3053 3023 3276 3091 γύναιον
3303 3039 3316 3052 ·
3364 3023 3463 3076 καὶ⁵
3516 3022 3705 3091 ὥσπερ
3752 3020 3988 3073 Ἀθανα-

2398 3114 2488 3168 σία
2524 3114 2717 3185 πρώτη
2745 3114 2856 3169 τῶν
2886 3114 3076 3170 λυπεῖν
3120 3114 3425 3167 δοκούντων
3480 3112 3777 3182 θαυμάτων
3829 3115 3990 3181 γεγὲι

698 3213 753 3256 ct
794 3206 1085 3257 Cosmiana
1137 3204 1313 3271 prima
1363 3219 1554 3257 eorum
1606 3218 1728 3273 qum
1781 3201 2359 3273 tnagnanimttatcmC

2316 3201 2359 3261 C
2395 3224 2575 3277 νηται,
2610 3206 2755 3260 οὕτω
2784 3207 2878 3259 καὶ
2911 3207 3200 3276 Κοσμιανή
3250 3208 3442 3277 πρώτη
3498 3206 3607 3258 τῶν
3646 3207 3879 3276 ἐχόντων
3925 3206 3990 3257 τδ

699 3297 925 3363 haheat,
962 3296 1250 3351 elliriatnr.
1290 3295 1478 3362 Itaque
1538 3296 1834 3350 incolumis
1872 3303 1991 3351 erat
2026 3295 2137 3348 haec
2160 3309 2286 3348 cor-

701 3403 854 3457 pore,
885 3396 938 3444 ct
971 3388 1245 3458 passionis
1275 3387 1352 3441 nil
1385 3386 1645 3443 habebat.
1682 3386 1853 3441 Porro
1883 3388 2029 3442 domi
2060 3388 2286 3457 degens,

697 3482 1031 3538 desiderium
1063 3460 1531 3535 habebat-venire
1554 3479 1621 3534 ad
1651 3489 1944 3549 martyres,
1976 3490 2029 3533 ct
2055 3479 2287 3533 adorare

699 3575 897 3628 horum
932 3574 1218 3643 reliquias.
1251 3588 1315 3626 ac
1347 3583 1640 3626 emanante
1666 3573 1736 3626 ab
1772 3573 1877 3626 illis
1903 3572 2288 3625 benedictione

698 3668 884 3734 potiri.
923 3667 989 3720 Et
1024 3666 1327 3736 adimplere
1370 3665 1703 3721 desiderium
1741 3667 1956 3729 volens,
1992 3681 2116 3720 cum
2150 3680 2285 3734 pau-

698 3759 887 3812 xillum
935 3774 1100 3828 supra
1149 3759 1453 3828 inquietum
1503 3756 1738 3811 sedisset
1771 3757 2012 3821 asinum,
2054 3757 2120 3810 ad
2150 3767 2287 3810 tent-

700 3850 848 3919 plum
892 3850 998 3904 iter
1029 3850 1246 3921 agebat.
1285 3847 1440 3903 Hanc
1482 3848 1702 3903 invidiae
1735 3858 1888 3916 pater
1936 3865 2061 3900 cum
2114 3849 2287 3902 multo

697 3943 764 3996 ad
815 3951 1039 3996 sanctos
1079 3956 1266 3996 amore
1319 3956 1616 4013 properare
1655 3940 1870 4005 videns,
1909 3955 2162 4008 magnam
2227 3955 2287 3995 se

697 4033 925 4105 putabat
960 4033 1237 4088 sustinere
1276 4033 1577 4104 iacturam,
1602 4033 1647 4088 si
1677 4047 1802 4087 cum
1837 4040 1993 4085 tanto
2021 4031 2205 4086 studio
2233 4040 2288 4086 et

697 4124 884 4179 talore
917 4124 983 4179 ad
1016 4125 1266 4178 divinum
1292 4125 1553 4193 templum
1582 4123 1698 4192 ipsa
1733 4123 2042 4193 pertingere
2075 4132 2157 4191 pot
2172 4123 2287 4176 uis-

700 4227 807 4280 set,
851 4229 905 4271 et
937 4232 1046 4271 non
1096 4217 1150 4271 in
1186 4218 1381 4274 itinere
1413 4221 1466 4272 in
1509 4235 1735 4290 magnos
1786 4219 2013 4288 laqueos
2044 4218 2165 4287 ejus
2202 4216 2285 4271 of-

700 4308 931 4364 fundens
967 4309 1202 4364 reditum
1231 4310 1457 4373 faceret,
1484 4328 1664 4381 neque
1705 4310 1897 4366 deifica
1932 4310 2286 4366 confessione

695 4404 838 4467 visa,
886 4417 1061 4471 neque
1115 4403 1333 4457 cultura
1402 4404 1550 4465 data,
1607 4419 1785 4473 neque
1863 4418 2092 4457 nmnere
2160 4417 2285 4472 pre-
2337 4445 2343 4452 .

697 4496 839 4549 tioso
888 4494 1158 4563 impenso.
1207 4495 1444 4552 Tristem
1494 4496 1695 4566 quippe
1731 4495 1879 4549 hunc
1930 4495 2186 4559 reddunt,
2229 4502 2283 4551 et

696 4586 948 4641 mordent
1005 4588 1190 4642 omnia
1259 4603 1381 4658 quae
1453 4587 1619 4645 Deum
1670 4598 1930 4659 tanquam
1983 4588 2277 4659 benignum

697 4682 938 4749 placitnt,
977 4683 1408 4752 hominibusque
1456 4682 1547 4737 Dei
1609 4683 1803 4737 amicis
1835 4681 2097 4738 beneﬁcia
2144 4697 2281 4752 prte-

696 4782 845 4826 stant
876 4812 889 4832 ,
927 4783 979 4826 et
1017 4773 1214 4827 salutis
1250 4785 1591 4843 argumenta.

770 4949 924 5004 Unde
955 4966 1080 5002 cum
1119 4949 1184 5003 ad
1216 4949 1453 5004 medium
1490 4950 1703 5005 itineris
1742 4950 2027 5005 mulierem
2064 4951 2281 5006 venisse

700 5043 1181 5109 \‘ltllSSQl,j;tClalO
1214 5058 1439 5112 repente
1482 5044 1778 5113 subjngali,
1823 5044 1969 5113 quod
2026 5047 2281 5111 portabat

698 5148 838 5197 ca-n,
869 5144 923 5185 ut
949 5135 1003 5186 in
1031 5145 1232 5186 terram
1282 5143 1584 5187 retrorsum
1619 5134 1840 5187 caderet
1868 5132 2106 5202 impulit,
2138 5144 2194 5188 et
2225 5141 2282 5186 ut

697 5224 921 5277 dorsum
972 5232 1099 5277 ante
1133 5224 1270 5277 alias
1307 5233 1491 5292 partes
1533 5224 1788 5291 corporis
1834 5223 2037 5277 illisunt
2077 5235 2280 5286 rueret,

699 5316 850 5370 fecit.
876 5318 1030 5381 Quod
1056 5331 1180 5369 cum
1221 5317 1430 5384 impetu
1459 5314 1709 5368 validiori
1740 5316 2051 5371 deferretur
2076 5316 2128 5369 in
2173 5324 2281 5371 ter-

696 5422 836 5469 ram,
876 5409 1078 5463 illisnm
1128 5417 1232 5473 est,
1281 5418 1336 5463 et
1381 5415 1556 5460 totum
1612 5405 1905 5461 confestim
1957 5409 2278 5469 contritum,

700 5510 1080 5570 mortuumque
1114 5502 1323 5556 diutius
1357 5500 1641 5555 mulierem
1674 5499 2109 5567 demonstravit;
2166 5500 2282 5555 for-

702 5594 870 5647 tassis
896 5602 951 5648 et
983 5593 1049 5647 ad
1078 5593 1392 5663 sepulcrum
1426 5592 1709 5659 misisset,
1749 5593 1855 5648 nisi
1888 5591 2282 5663 refrigerantes

701 5691 971 5755 martyres
1018 5686 1341 5751 invenisset,
1388 5694 1442 5742 et
1474 5700 1612 5756 pene
1655 5695 1927 5740 mortuam
1984 5686 2279 5758 erigentes,

704 5782 759 5833 ct
803 5777 966 5833 vitam
1002 5778 1199 5835 iterum
1247 5779 1638 5834 concedentes.
1689 5776 1821 5835 Post
1861 5778 2093 5834 multum
2124 5792 2280 5851 ergo,

2389 3297 2626 3367 εὒουμον
2684 3299 2942 3367 γίγνοιτο.
2969 3299 3218 3370 Ἐρρωτο
3247 3298 3427 3351 τοίνυν
3462 3297 3600 3368 αὕτη
3633 3298 3709 3366 τῷ
3745 3298 3988 3367 σώματι,

2391 3392 2486 3444 καὶ
2519 3391 2689 3455 πάθος
2718 3392 2873 3444 οὐδὲν
2901 3391 3062 3460 ἔσχεν
3097 3390 3129 3460 ἢ
3168 3390 3415 3460 νόσημα·
3459 3390 3581 3444 κατ’
3608 3385 3756 3443 οἷκον
3790 3390 3846 3444 δὲ
3870 3391 3987 3444 δια-

2390 3485 2669 3558 τρίϐουσα,
2705 3484 2867 3538 πόθον
2901 3483 3061 3553 ἔσχεν
3082 3483 3258 3536 ἐλθεῖν
3282 3485 3363 3547 εἰς
3386 3483 3512 3545 τοὺς
3548 3484 3854 3555 μάρτυρας,
3889 3484 3989 3538 καὶ

2394 3576 2773 3646 προσκυνῆσαι
2809 3576 3015 3629 τούτων
3038 3576 3106 3629 τὰ
3145 3575 3395 3642 λείῷανα.
3428 3575 3522 3628 καὶ
3570 3575 3673 3645 τὴν
3709 3574 3988 3645 βρύουσαν

2391 3668 2485 3721 ἀπ’
2520 3668 2701 3721 αὐτῶν
2748 3667 3004 3734 εὐλογίαν
3052 3666 3476 3739 καρπώσασθαι,
3536 3666 3630 3719 καὶ
3689 3666 3987 3736 πληρῶσαι

2388 3759 2477 3812 τὸν
2514 3760 2680 3813 πόθον
2721 3759 3004 3823 ἐθέλουσα,
3054 3761 3143 3813 ἐπ’
3172 3760 3279 3831 ὄνῳ
3313 3759 3509 3830 μικρὸν
3569 3759 3795 3830 ἀτάκτῳ
3849 3761 3987 3813 καθα

2392 3851 2577 3917 ίσασα,
2606 3851 2741 3922 πρὸς
2766 3851 2828 3904 τὸ
2859 3851 3085 3923 τέμενος
3108 3852 3299 3905 ὥδευε.
3322 3852 3541 3922 Ταύτην
3586 3851 3616 3903 ὀ
3650 3849 3747 3904 τοῦ
3781 3851 3987 3919 φθόνου

2389 3941 2575 4013 πατὴρ
2628 3942 2991 4012 θεασάμενος,
3057 3943 3155 3997 σὺν
3199 3943 3351 4013 πόθῳ
3402 3943 3610 3995 πλείονι
3656 3944 3796 4015 πρὸς
3855 3944 3988 4005 τοὺς

2388 4032 2579 4100 ἁγίους
2622 4036 2969 4103 ὁρμήσασαν,
3007 4032 3252 4104 μεγάλην
3276 4032 3440 4095 αὐτὸς
3472 4033 3569 4102 τὴν
3603 4033 3811 4101 ζημίαν
3876 4034 3984 4102 ὑφ-

2388 4123 2528 4190 έξειν
2557 4124 2827 4193 ἐνόμιζεν,
2847 4125 2895 4176 εἰ
2928 4124 3066 4194 μετὰ
3093 4124 3364 4195 τοσαύτης
3393 4124 3628 4195 σπουδῆς
3655 4124 3750 4177 καὶ
3781 4124 3987 4194 θερμό-

2386 4232 2551 4284 τητος
2577 4216 2658 4277 εἰς
2688 4216 2780 4268 τὸν
2808 4215 2935 4268 ναὸν
2965 4215 3057 4269 τὸν
3090 4216 3233 4269 θεῖον
3265 4215 3538 4285 ἀφίκοιτο,
3596 4217 3691 4270 καὶ
3724 4216 3800 4288 μὴ
3854 4217 3983 4270 καθ’

2386 4306 2505 4360 ὁδὸν
2527 4308 2648 4368 ταῖς
2674 4309 2942 4376 πονηραῖς
2970 4306 3135 4360 αὐτοῦ
3170 4308 3361 4375 παγίσι
3394 4307 3778 4378 προσκύψασα,
3816 4311 3983 4380 ποιή-

2389 4414 2543 4451 σαιτο
2568 4395 2667 4467 τήν
2719 4398 3003 4460 ἐπάνοδον,
3036 4400 3173 4467 μήτε
3198 4400 3290 4451 τὸν
3319 4399 3490 4470 σηκὸν
3523 4399 3707 4452 ἰδοῦσα
3740 4400 3836 4452 τὸν
3888 4402 3983 4454 ἐν·

2387 4488 2529 4549 θεον,
2566 4489 2704 4557 μήτε
2728 4488 2790 4541 τὸ
2822 4487 2986 4551 σέϐας
3010 4489 3178 4543 δοῦσα
3204 4490 3267 4543 τὸ
3328 4491 3659 4561 πρόσφορον,
3725 4493 3871 4560 μήτε
3919 4494 3985 4546 τὸ

2382 4579 2557 4650 δῶρον
2585 4580 2825 4633 λαϐοῦσα
2870 4579 2930 4633 τὸ
2957 4580 3162 4651 τίμιον.
3217 4581 3467 4636 Λυποῦσι
3517 4584 3624 4653 γὰρ
3669 4583 3833 4636 αὐτὸν
3886 4586 3983 4639 καὶ

2381 4671 2666 4727 δάκνουσιν
2688 4674 2905 4727 ἅπαντα
2915 4674 2984 4726 τὰ
2996 4672 3089 4725 τὸν
3104 4673 3237 4726 Θεὸν
3261 4674 3336 4737 ὼς
3358 4672 3563 4742 ἀγαθὸν
3580 4675 3981 4744 θεραπεύοντα,

2384 4766 2479 4819 καὶ
2508 4767 2634 4829 τοὺς
2660 4767 2939 4836 φιλοϐέους
2968 4767 3288 4835 ἀνθρώπους
3318 4766 3711 4838 εὐεργετοῦντα
3744 4771 3841 4821 καὶ
3867 4771 3981 4822 σὼ-

2388 4854 2568 4919 ζοντα.

2459 4947 2626 4999 Ὅθεν
2663 4950 2756 5001 ἐπὶ
2778 4948 2846 5002 τὰ
2883 4951 3024 5019 μέσα
3044 4950 3144 5018 τῆς
3171 4950 3293 5003 ὁδοῦ
3321 4953 3382 5003 τὸ
3416 4950 3636 5018 γύναιον
3667 4953 3742 5014 ὠς
3776 4954 3853 5006 ἴδε
3883 4971 3984 5021 γει

2383 5038 2630 5107 νόμενον.
2676 5039 2839 5109 ῥίψας
2893 5040 3093 5110 ἁθρόον
3158 5042 3220 5093 τὸ
3251 5041 3416 5113 φέρον
3458 5042 3629 5112 αὐτὴν
3678 5042 3982 5111 ὑποζύγιον

2384 5131 2474 5183 ἐπ’
2502 5131 2696 5201 ἔδαφος
2726 5133 2958 5203 ἤνεγκεν
2990 5135 3068 5198 εἰς
3102 5133 3350 5187 τούπίσω
3382 5136 3591 5197 πεσεῖν,
3620 5135 3713 5188 καὶ
3744 5136 3838 5188 τὸν
3870 5138 3981 5190 νῶ-

2382 5240 2472 5276 τον
2507 5226 2757 5293 ἡγεῖσθαι
2792 5229 3023 5296 ποιήσας
3054 5226 3149 5280 τοῦ
3183 5226 3493 5298 πτώματος.
3528 5227 3718 5299 ὂφορᾷ
3740 5231 3982 5302 σφοδρο-

2383 5317 2522 5388 τέρᾳ.
2552 5318 2852 5387 φερόμενον
2878 5322 2945 5390 τῇ
2978 5321 3047 5389 γῇ
3087 5319 3429 5390 προσραγὲν,
3454 5319 3576 5372 ὅλον
3607 5319 3776 5384 εὐθὺς
3840 5339 3979 5375 συνο

2383 5410 2651 5479 ετρίϐετο,
2683 5413 2777 5465 καὶ
2810 5412 3004 5482 νεκρὸν
3028 5412 3124 5464 ἐπὶ
3176 5412 3312 5466 πολὺ
3335 5412 3399 5465 τὸ
3448 5410 3671 5481 γύναιον
3727 5413 3938 5479 ἔδειξεν
3964 5432 3979 5446 '

2381 5502 2522 5571 τάχα
2554 5502 2599 5554 δ’
2640 5502 2706 5556 ἂν
2736 5504 2830 5557 καὶ
2858 5503 2991 5575 πρὸς
3018 5504 3190 5573 τάφον
3220 5504 3602 5576 παρέπεμψεν.
3634 5507 3684 5558 εί
3710 5504 3788 5576 μή
3851 5510 3986 5573 τοὺς

2386 5595 2674 5666 μάρτυρας
2702 5595 3083 5667 ἀναψῦχον-σας
3119 5596 3345 5668 εὕρισκε
3372 5636 3389 5662 ,
3427 5598 3519 5653 καὶ
3546 5597 3823 5657 θανοῦσαν
3851 5617 3988 5671 σχε-

2382 5685 2471 5740 δδν
2503 5685 2912 5758 ἀνεγείροντας,
2936 5689 3032 5742 καὶ
3062 5688 3210 5758 ζωήν
3234 5688 3399 5743 πάλιν
3429 5693 3639 5761 ταύτην
3696 5702 3981 5760 παρεχον-

2384 5793 2503 5845 τας,
2537 5777 2694 5832 Μετὰ
2742 5776 2880 5833 πολῦ
2941 5777 3069 5848 γοῦν
3088 5777 3259 5850 αὐτὴν
3300 5778 3650 5851 άνανήψασαν
3675 5778 3985 5849 (ἐτεθνήκει

3856 362 3997 425 353?.
4222 121 4234 465 Ι

4226 502 4234 745 l
