4294 6442
765 327 907 389 3539

1633 335 1692 392 S.
1731 332 2152 393 SOl’lIRONlI
2181 330 2684 392 PATRIARCH/E
2725 329 3125 390 IIlEHOSOL.

3893 337 4035 400 3540

766 444 907 492 ultra
941 457 1046 492 ιιυιι
1071 450 1216 493 esset
1244 439 1474 494 dicenda
1505 444 1763 510 parabola
1791 445 1904 497 lucc
1935 460 1946 494 :
1978 465 1995 494 ι
2025 443 2217 497 Pal-res
2251 459 2342 496 co-
2373 449 2416 499 Α
2444 439 2462 492 ί

2335 473 2342 484 -
2373 449 2416 499 Α
2444 439 2740 510 διαρρήδην
2774 441 2964 507 εἰπὼν,
2997 441 3073 504 ὡς
3105 442 3290 494 οὐκέτι
3319 443 3640 514 λεχθήσεται
3679 449 3710 516 ἡ
3747 450 4031 518 παραϐολὴ

767 532 1059 583 mederunt
1103 546 1235 586 uvas
1272 535 1522 595 acerbas,
1551 546 1602 588 et
1636 537 1830 589 dentes
1879 535 2118 588 ﬁliorum
2151 534 2346 589 obstu-

765 630 1018 689 puerunt.
1047 638 1065 670 ι
1096 619 1238 688 Ergo
1257 634 1363 673 non
1395 621 1538 676 alius
1561 637 1658 692 pro
1679 623 1804 686 alio,
1835 621 1930 676 sed
1964 623 2345 691 unusquisque

767 729 868 778 pro
899 727 958 766 se
996 713 1267 766 rationem
1305 712 1494 767 reddet
1557 713 1709 782 Deo;
1742 725 1797 769 et
1827 716 2008 768 anima
2036 731 2158 784 qua:
2219 727 2346 782 pec-

709 848 715 852 _
763 806 994 869 caverit,
1036 805 1152 873 ipsa
1185 806 1474 870 morietur,
1505 819 1558 860 et
1591 822 1698 859 non
1747 807 1892 862 alius
1919 809 2207 876 quisquam
2242 821 2344 876 pro

765 910 827 946 ea
863 895 1161 950 sustinebit
1191 896 1463 966 judicium
1508 899 1595 952 vel
1633 907 1990 954 tormentum.
2058 897 2163 950 Alii
2211 907 2342 952 sunt

765 986 856 1052 qui
902 988 1194 1040 maledicto
1241 989 1374 1057 legis
1421 988 1762 1055 deserviunt,
1823 988 1877 1042 hi
1937 987 2342 1057 videlicet,qui

768 1081 1115 1132 liberatorem
1143 1081 1422 1134 Christum
1459 1083 1550 1137 Dei
1581 1082 1778 1135 Filium
1813 1099 1920 1135 non
1953 1089 2338 1148 susceperunt.

768 1170 877 1225 Nos
910 1181 1092 1225 autem
1133 1173 1370 1225 liliorum
1401 1174 1751 1242 adoptionem
1789 1189 1882 1242 per
1912 1173 2088 1240 ipsum
2125 1172 2343 1224 lucran-

769 1275 872 1323 tes,
932 1279 1036 1315 non
1071 1262 1323 1330 spiritum
1351 1263 1638 1316 servitutis
1674 1265 1730 1316 in
1764 1264 1964 1316 timore
1998 1261 2338 1328 accepimus,

767 1356 859 1414 sed
889 1357 1146 1423 spiritum
1181 1357 1493 1424 adoptionis
1525 1357 1762 1409 liliorum
1786 1357 1838 1407 in
1869 1370 1978 1422 quo
2005 1354 2340 1407 clamamus:

766 1442 920 1495 Abba
946 1441 1105 1496 Pater
1137 1459 1150 1505 ;
1181 1444 1368 1510 sicque
1403 1443 1470 1496 de
1509 1455 1708 1495 caetero
1742 1441 1899 1495 liberi
1934 1440 2218 1493 constituti
2250 1455 2344 1492 su-

775 1550 896 1587 mus
927 1533 1178 1586 libertate
1195 1549 1296 1585 cur
1321 1534 1576 1587 Christus
1618 1548 1718 1586 nos
1744 1532 2020 1586 liberavit.
2081 1531 2221 1599 Ergo
2247 1539 2341 1582 aut

769 1639 851 1675 me
876 1623 1137 1684 crUciate,
1171 1624 1451 1693 liliumque
1469 1624 1750 1685 dimittite,
1771 1634 1864 1676 aut
1886 1640 2009 1676 cum
2036 1626 2152 1692 ipso
2174 1625 2340 1676 etiam

765 1729 851 1767 me
883 1715 1092 1782 punitc,
1123 1730 1188 1768 ne
1220 1717 1406 1768 vivens
1435 1717 1538 1769 mei
1573 1716 1784 1769 videam
1816 1714 2175 1785 perditionem
2221 1713 2338 1768 lilii.

769 1808 823 1860 Si
862 1824 992 1861 vero
1041 1808 1178 1861 nihil
1231 1809 1428 1861 horum
1464 1810 1714 1876 patimini
1752 1823 1934 1878 agere,
1971 1809 2174 1862 donate
2211 1807 2339 1859 mihi

769 1910 966 1953 iterum
1029 1915 1257 1968 puerum
1295 1909 1599 1954 amatorem
1641 1901 2017 1955 miserationis
2051 1900 2218 1954 Deum
2247 1915 2345 1952 no-

765 2001 937 2043 strum
975 2002 1028 2045 et
1089 1991 1378 2043 Dominum
1408 1992 1708 2045 imitantes.

835 2081 974 2132 Cum
1011 2092 1193 2137 autem
1236 2085 1350 2139 haec
1379 2095 1432 2138 ct
1482 2085 1568 2139 his
1626 2087 1780 2152 plura
1826 2083 2060 2136 dixisset
2093 2082 2160 2135 ad
2198 2097 2345 2134 mar-

764 2180 936 2240 tyres.
973 2183 1028 2227 et
1084 2191 1183 2244 per
1223 2186 1395 2229 totam
1447 2185 1664 2231 noctem
1716 2176 1991 2244 lat-rymas
2029 2174 2342 2233 obtuliSSet,

765 2266 1042 2319 modicum
1070 2268 1218 2321 circa
1252 2268 1558 2323 diluculum
1605 2267 1966 2329 obdormivit,
2003 2283 2111 2320 non
2170 2266 2340 2318 animi

761 2356 1112 2422 defectionis,
1145 2367 1200 2413 et
1238 2359 1439 2414 laboris
1465 2359 1607 2412 vieta
1633 2359 1872 2427 Sagitlis,
1907 2359 2003 2412 sed
2038 2367 2096 2409 ut
2121 2367 2343 2410 sancto-

765 2465 882 2500 ιιιιιι
917 2450 1287 2505 visitationem
1323 2452 1615 2519 aspiceret,
1649 2452 1740 2518 qni
1795 2452 2144 2512 assistentcs,
2197 2451 2341 2502 sicut

762 2541 1023 2595 onmihus
1066 2534 1248 2597 facere
1309 2558 1668 2603 consuevere,
1730 2542 1877 2595 circa
1921 2542 2110 2594 horam
2169 2541 2339 2593 ferme

761 2633 982 2685 tertiam
1011 2633 1118 2685 diei
1148 2635 1317 2686 lilium
1352 2633 1590 2687 educere
1620 2651 1647 2684 a
1697 2632 1898 2700 templo
1946 2631 2257 2698 jusserunt,
2287 2641 2340 2681 et

765 2737 966 2786 ponere
990 2726 1091 2774 sub
1116 2723 1241 2777 diVo
1275 2725 1514 2776 medium
1547 2724 1600 2776 in
1643 2723 1904 2777 exteriori
1939 2724 2081 2775 atrio
2133 2738 2340 2791 praece-

763 2823 982 2877 perunt.
1017 2815 1235 2867 nemine
1260 2815 1358 2877 illi,
1387 2831 1488 2868 nec
1524 2817 1639 2884 ipsa
1670 2825 1845 2869 matre
1889 2815 2337 2883 appropinquan-

761 2913 834 2964 te,
873 2903 968 2957 sed
997 2903 1302 2970 obsidente,
1352 2907 1568 2959 modico
1625 2905 1952 2974 interposito
2010 2905 2188 2972 Spatio
2249 2905 2332 2957 vi-

761 3011 891 3046 sura
958 2997 1261 3064 prodigium
1309 2999 1454 3064 quod
1510 3007 1627 3051 erat
1691 2999 1742 3050 in
1798 3015 1864 3051 eo
1931 2997 2200 3050 divinitus
2257 2997 2335 3048 Γι-

2451 531 2589 602 αὖτη
2615 549 2629 564 ’
2673 553 2690 583 ι
2721 533 2783 585 Οἱ
2817 534 3053 604 πατέρες
3074 533 3280 603 ἔφαγον
3319 535 3563 604 ὄμφακα,
3603 539 3697 591 καὶ
3725 541 3774 592 ot
3823 542 4037 605 ὀδόντες

2447 623 2559 676 τῶν
2585 623 2793 676 τέκνων
2812 623 3132 694 ᾐμωδίασαν
3155 642 3202 674 ⁸)
3221 627 3314 678 καὶ
3349 625 3536 680 λοιπὸν
3569 630 3669 682 οὐκ
3699 631 3860 694 ἄλλος
3891 632 4038 700 ὑπὲρ

2448 715 2633 778 ἄλλου,
2681 714 2797 767 ἀλλ’
2840 716 3071 778 ἕκαστος
3119 717 3260 786 ὑπὲρ
3310 718 3506 771 ἑαυτοῦ
3558 719 3715 787 λόγον
3749 721 3912 774 δώσει
3954 722 4036 791 τῷ

2447 807 2567 876 Θεῴ
2593 823 2606 837 ·
2656 809 2751 860 καὶ
2796 807 2944 877 ψυχὴ
2983 810 3016 876 ἡ
3050 809 3464 878 ἁμαρτάνουσα,
3489 813 3626 882 αὐτὴ
3651 814 4032 881 ἀποθανεῖται,

2446 903 2539 953 καὶ
2582 900 2683 953 οὐκ
2715 900 2872 963 ἄλλος
2901 918 2988 964 τις
3023 900 3162 970 ὑπὲρ
3190 902 3359 972 αὐτῆς
3391 903 3577 968 ὑφέξει
3622 904 3776 974 δίκην
3813 909 3906 958 καὶ
3939 908 4032 959 κό-

2445 990 2620 1044 λασιν.
2658 991 2838 1043 Ἀλλοι
2858 992 2997 1044 εἰσὶν
3024 993 3072 1044 οἱ
3100 995 3165 1062 τῇ
3189 993 3408 1061 κατάρᾳ.
3435 993 3530 1046 τοῦ
3561 996 3725 1062 νόμου
3753 997 4033 1049 δουλεύον-

2445 1099 2554 1144 τες,
2592 1082 2642 1133 οἱ
2686 1083 2777 1134 τὸν
2808 1083 3178 1154 ἐλευθερωτὴν
3210 1087 3445 1154 Χριστὸν
3474 1088 3564 1140 τὸν
3604 1089 3700 1140 τοῦ
3730 1088 3867 1141 Θεοῦ
3903 1090 4032 1141 Υἱον

2444 1173 2504 1226 ού
2534 1171 2832 1242 δεξάμενοι.
2853 1175 3046 1243 Ἡμεῖς
3075 1175 3130 1228 δὲ
3166 1176 3263 1244 τὴν
3296 1177 3363 1227 δι’
3394 1177 3562 1229 αὑτοῦ
3586 1177 3856 1230 υἱοθεσίαν
3894 1197 4026 1248 κερ-

2442 1265 2696 1326 δάναντες
2739 1265 2799 1316 ού
2830 1265 3047 1334 πνεῦμα
3096 1266 3338 1327 δουλείας
3382 1270 3459 1330 είς
3509 1269 3672 1336 φόϐον
3722 1271 4028 1338 ἐλάϐομεν,

2443 1356 2578 1408 ἀλλὰ
2597 1357 2815 1426 πνεῦμα
2830 1357 3119 1420 υἱοθεσίας,
3141 1360 3199 1410 ὲν
3214 1352 3258 1425 ᾧ
3278 1360 3751 1426 κράζομεν·’Λ66ἄ
3770 1364 3797 1413 ὀ
3815 1363 4026 1431 Πατήρ·

2450 1450 2544 1499 καὶ
2575 1448 2636 1499 τ’)
2677 1447 2864 1500 λοιπὸν
2897 1448 3173 1518 ἐλεύθεροι
3273 1451 3504 1520 Χριστος
3535 1453 3686 1518 ἡμᾶς
3724 1451 4032 1520 ἠλευθέρω-

2448 1542 2638 1594 σεν.ἺΙ
2665 1540 2758 1592 οῦν
2789 1541 2888 1609 ἐμὲ
2933 1541 3200 1594 κολάσατε
3227 1580 3242 1601 ,
3283 1544 3378 1593 καὶ
3432 1542 3492 1593 τὸ
3517 1542 3707 1594 τέκνον
3737 1543 3956 1600 ἐάσατε,
3991 1543 4025 1609 ἦ

2445 1632 2542 1684 σὺν
2591 1631 2737 1701 αὑτῴ
2779 1632 2924 1700 κάμὲ
2968 1634 3378 1702 τιμωρήσασθε.
3414 1634 3500 1685 ἵνα
3544 1633 3619 1702 μὴ
3652 1634 3799 1696 ζῶσα
3841 1634 4026 1702 βλέπω

2441 1720 2539 1772 τοῦ
2575 1721 2710 1790 ἐμοῦ
2750 1722 2936 1784 παιδὸς
2969 1723 3066 1792 τὴν
3103 1723 3380 1776 ἀπώλειαν
3402 1742 3413 1754 ·
3466 1727 3514 1775 εἰ
3557 1725 3612 1777 δὲ
3644 1726 3847 1778 τούτων
3873 1726 4028 1777 ού-Ξὲν

2449 1810 2707 1879 ἀνέχεσθε
2753 1811 3176 1882 διαπράξασθαι,
3208 1812 3366 1865 πάλιν
3415 1830 3517 1880 μου
3549 1815 3641 1869 τὸν
3669 1814 3835 1864 παῖδα
3867 1812 4024 1881 χαρί-

2449 1903 2654 1962 σασθε.
2715 1903 2806 1956 τόν
2864 1905 3139 1972 φίλοικτον
3195 1906 3325 1957 Θεὸν
3378 1906 3471 1957 καὶ
3518 1907 3797 1972 Δεσπότην
3870 1905 4026 1973 ὑμῶν

2447 1994 2864 2063 ἐκμιμούμενοι.

2519 2084 2703 2136 Ταῦτα
2757 2085 2849 2136 καὶ
2895 2083 3100 2136 τούτων
3150 2084 3367 2138 πλείονα
3416 2086 3551 2154 πρὸς
3587 2086 3712 2145 τοὺς
3741 2085 4025 2156 μάρτυρας

2445 2173 2699 2242 λέγουσα,
2733 2175 2826 2228 καὶ
2873 2175 2938 2227 δι’
2973 2176 3100 2243 ὅλης
3134 2175 3328 2238 νυκτὸς
3379 2177 3622 2246 φέρουσα
3647 2179 3878 2245 δάκρυα,
3935 2193 4025 2244 μιν

2445 2264 2578 2333 κρὸν
2627 2264 2756 2332 περὶ
2792 2264 2884 2316 τὸν
2915 2265 3110 2334 ὅρ’·ρον
3142 2264 3462 2330 ἁφύπνωσε,
3511 2266 3611 2316 οὐκ
3654 2265 3894 2334 ἁίυμίας
3928 2269 4025 2315 καὶ

2443 2356 2612 2407 κόπου
2668 2354 2949 2421 νικηθεῖσα
3001 2358 3112 2415 τοῖς
3145 2353 3375 2423 βέλεσιν,
3427 2354 3542 2407 ἀλλ’
3585 2355 3672 2408 ἵνα
3699 2355 3806 2406 τῶν
3850 2353 4025 2420 ἁγίων

2442 2446 2625 2499 θεάσοι
2667 2445 2762 2514 τὴν
2815 2445 3139 2512 ἐπίσκεψιν·
3198 2445 3246 2497 οἳ
3301 2448 3698 2515 παραστάντες,
3730 2445 3808 2508 ὡς
3855 2447 4026 2498 πᾶσιν

2441 2537 2716 2594 εἰώθασιν,
2749 2535 2821 2598 ὡς
2848 2537 2976 2605 περὶ
3012 2536 3160 2606 ὤραν
3185 2537 3375 2606 τρίτην
3401 2537 3498 2605 τῆς
3519 2537 3732 2606 ἡμέρας
3765 2537 3858 2588 τὸν
3895 2537 4026 2588 Υἱον

2441 2626 2642 2691 ἐξοῖσαι
2659 2627 2751 2680 τοῦ
2774 2628 3033 2694 τεμένους
3058 2627 3379 2691 ἐκέλευσαν,
3407 2630 3501 2679 καὶ
3529 2627 3715 2680 θέσθαι
3748 2627 3914 2696 μέσον
3942 2628 4020 2690 είς

2438 2720 2498 2772 τὸ
2540 2717 2804 2787 ἐξώτερον
2857 2717 3125 2788 ὕπαιθρον
3151 2720 3542 2788 προσέταττον,
3598 2719 3827 2789 μηδενὸς
3865 2718 4018 2787 αὐτῷ

2439 2809 2890 2878 προσεγγίζοντος
2917 2849 2932 2874 ,
2967 2809 3104 2878 μηδὲ
3150 2809 3250 2877 τῆς
3277 2809 3543 2878 τεκούσης
3576 2809 3765 2877 αὐτῆς,
3808 2807 3926 2861 ἀλλ’
3957 2809 4024 2862 ἐκ

2441 2899 2637 2970 μικροῦ
2688 2901 3056 2969 διαστήματος
3101 2901 3623 2970 παρακαθέζεσθαι,
3665 2899 3760 2952 καὶ
3793 2898 4022 2969 θεωρεῖν

2438 2995 2500 3047 τὸ
2525 2995 2850 3063 γιγνόμενον
2881 2997 2969 3046 ἐπ’
2992 2996 3142 3065 αύτῷ
3167 2996 3348 3048 θεόθεν
3373 2995 3673 3062 τεράστιον.
3705 2994 3816 3046 Καὶ
3845 2992 4022 3045 ταῦτα

761 3086 1042 3139 ciendum.
1103 3085 1170 3138 Et
1210 3087 1321 3140 lucc
1361 3089 1585 3155 quidem
1617 3089 1878 3141 dixerunt
1937 3099 2232 3155 martyres,
2279 3099 2328 3138 et
2364 3114 2404 3167 ε
2441 3105 2457 3155 ι

2322 3099 2328 3135 l
2364 3114 2404 3167 C
2441 3091 2539 3155 μὲν
2581 3083 2735 3139 εἷπον
2776 3089 2826 3139 οἱ
2867 3089 3144 3157 μάρτυρες
3172 3128 3186 3150 ,
3240 3089 3334 3140 καὶ
3376 3089 3624 3149 εἰπόντες
3670 3088 4018 3154 ἀπέπτησαν.

758 3179 1012 3232 dicentes
1063 3181 1442 3234 avolaverunt.
1497 3180 1769 3234 Dorothea
1827 3197 1952 3233 vero
1992 3195 2086 3247 per
2115 3180 2229 3246 jam
2255 3178 2336 3229 di—

768 3277 909 3319 ctam
943 3268 1132 3320 horam
1189 3271 1530 3323 sanctionem
1558 3272 1773 3340 agebat,
1815 3283 2153 3338 puerumque
2207 3284 2337 3322 sus-

766 3367 984 3426 ceptum
1032 3361 1224 3414 eduxit
1252 3376 1282 3415 e
1317 3362 1543 3430 templo,
1580 3370 1636 3417 et
1693 3362 1746 3415 in
1784 3360 2046 3428 przedicto
2085 3361 2206 3413 loco
2252 3374 2339 3412 re-

766 3453 1022 3506 cumbere
1052 3451 1206 3514 fecit,
1241 3454 1342 3507 hac
1367 3448 1578 3523 illaque
1628 3452 1963 3507 creberrime
1998 3451 2333 3512 volutatum,

770 3541 898 3607 quia
932 3543 1355 3612 multisquidem
1387 3545 1522 3598 rnori
1551 3543 2003 3612 exspectabatur,
2028 3541 2123 3598 sed
2159 3557 2187 3592 ει
2217 3557 2332 3594 rna-

767 3647 849 3688 trc
879 3635 1062 3688 vivere
1112 3635 1458 3690 credebatur.

834 3723 1006 3779 νοω-ο
1038 3741 1160 3778 enin
1195 3729 1370 3781 inedia
1407 3727 1564 3796 quasi
1601 3727 1735 3781 hora
1763 3727 2120 3796 praeterisset,
2187 3735 2336 3794 post-

764 3834 926 3884 quam
960 3835 1098 3886 puer
1131 3819 1335 3873 ibidem
1389 3820 1662 3881 recubuit,
1700 3819 2056 3873 multitudine
2111 3821 2334 3886 copiosa

765 3919 960 3973 ντιινειυ
1011 3910 1325 3971 assistente,
1360 3918 1524 3978 atque
1571 3917 1928 3977 permanente
1975 3909 2163 3962 visura
2211 3922 2337 3975 pro-

767 4009 1016 4064 ventum,
1053 4016 1180 4054 ecce
1211 4001 1485 4060 dracaena,
1523 4016 1644 4070 qua:
1677 4016 1837 4054 ovum
1873 4001 2004 4054 illud
2039 4015 2337 4069 generave-

762 4101 871 4156 ral,
906 4090 1068 4158 hujus
1097 4091 1303 4145 faciens
1325 4092 1763 4157 inquisitionem,
1797 4107 1994 4160 repens
2025 4101 2077 4145 et
2105 4090 2336 4143 sibilans

763 4186 936 4248 venit,
991 4199 1260 4238 revocans
1320 4184 1372 4237 id
1434 4199 1585 4237 more
1638 4184 1906 4247 mulieris,
1961 4199 2082 4251 quae
2137 4183 2339 4236 amisso

764 4274 990 4343 parvulo
1028 4289 1151 4326 cum
1204 4272 1410 4342 ejulatu
1447 4282 1499 4327 et
1527 4283 1723 4343 cocyto
1768 4274 1946 4327 facere
1983 4273 2203 4328 all'ectat
2244 4273 2337 4327 de-

761 4365 981 4417 si-lerati
1035 4365 1382 4418 serutinium.
1418 4364 1482 4416 Et
1512 4366 1837 4419 exteriorem
1866 4367 2082 4432 ianuam
2119 4364 2336 4423 eviden-

2450 3176 2702 3247 Δωροθέα
2748 3177 2804 3228 δὲ
2852 3179 2994 3230 κατὰ
3053 3178 3151 3246 τὴν
3186 3180 3469 3248 λεχθεῖσαν
3502 3180 3650 3250 ὦραν
3679 3179 3807 3248 ἕδρα
3841 3178 3903 3229 τὸ
3933 3176 4024 3228 θέ-

2442 3285 2680 3338 σπισμα,
2713 3269 2808 3322 καὶ
2834 3269 2925 3322 τὸν
2950 3271 3118 3322 παῖδα
3136 3269 3392 3335 λαϐοῦσα,
3414 3269 3508 3322 τοῦ
3535 3271 3793 3339 τεμένους
3823 3269 4022 3338 ἐξήγα-

2439 3377 2555 3428 γεν,
2599 3361 2696 3413 καὶ
2725 3362 2785 3412 ὲν
2826 3359 2904 3430 τῷ
2949 3360 3171 3430 ῥηθέντι
3207 3360 3358 3432 τόπῳ
3401 3362 3740 3422 κατέκλινεν,
3765 3359 3897 3413 ἔνθα
3925 3361 4023 3412 καὶ

2440 3454 2569 3508 ἔνθα
2615 3453 2854 3523 συνεχῶς
2896 3453 3331 3523 κυλινδούμενον,
3381 3454 3478 3508 καὶ
3506 3456 3618 3516 τοῖς
3649 3454 3746 3522 μὲν
3796 3450 4015 3515 πολλοῖς

2441 3545 2624 3598 θανεῖν
2659 3544 3107 3616 προσδοκώμενον
3128 3587 3144 3611 ,
3174 3549 3241 3617 τῇ
3277 3546 3334 3600 δὲ
3373 3547 3541 3618 μητρὶ
3570 3544 3669 3617 ζῇν
3693 3545 4022 3613 πιστευόμε-

2441 3656 2550 3692 νον.

2520 3731 2607 3792 Ὠς
2636 3730 2908 3799 ήμιωρίου
2935 3731 2989 3782 δὲ
3016 3732 3216 3800 μικροῦ
3242 3728 3783 3799 διοδεύσαντος,μετὰ
3807 3727 3908 3796 τὴν
3935 3744 4022 3793 γε·

2440 3821 2672 3890 νομένην
2707 3823 2884 3874 ἐκεῖσε
2913 3823 3104 3875 τούτου
3138 3823 3458 3878 κατάκλισιν
3477 3863 3492 3884 ,
3545 3822 3786 3890 πλήθους
3817 3817 4019 3870 πολλοῦ

2441 3911 2813 3978 παρεστῶτος,
2856 3914 3240 3983 περιμένοντος
3292 3914 3419 3967 ἰδεῖν
3446 3913 3547 3982 τὴν
3581 3912 3872 3971 ἀπόϐασιν,
3909 3908 4019 3962 ἰδοὺ

2439 4007 2471 4075 ἠ
2492 4004 2552 4057 τὸ
2572 4006 2676 4058 ὠὸν
2696 4007 2872 4058 έκεῖνο
2891 4007 3198 4076 γεννήσασα
3216 4007 3501 4074 δράκαινα,
3518 4007 3707 4058 τούτου
3727 4003 4021 4071 ποιουμένη

2438 4099 2538 4167 τὴν
2564 4097 2814 4166 ζήτησιν,
2860 4099 3108 4167 ἕρπουσὰ
3141 4114 3198 4151 τε
3239 4100 3334 4151 καὶ
3363 4099 3688 4166 συρίττουσα
3721 4095 4023 4164 παρα-τίνει

2439 4206 2550 4251 ται,
2581 4187 2927 4241 ἀνακαλοῦσα
2957 4189 3101 4242 καθὰ
3133 4189 3223 4240 καὶ
3267 4188 3404 4256 γυνὴ
3429 4190 3622 4256 νήπιον
3643 4185 4021 4253 ἀπολλύμενον

2443 4279 2538 4330 σὺν
2570 4276 2797 4347 ὀλολυγῇ
2827 4278 2921 4329 καὶ
2972 4276 3205 4347 κωκυτῷ
3234 4276 3506 4329 ποιεῖσθαι
3532 4276 3677 4343 φιλεῖ
3703 4274 3798 4327 τοῦ
3825 4274 4024 4326 ποθου-

2445 4369 2604 4437 μένου
2638 4369 2738 4440 τὴν
2775 4368 3026 4438 ἔρευναν.
3073 4368 3185 4420 Καὶ
3220 4366 3320 4435 τῆς
3356 4367 3461 4431 ἔξω
3508 4367 3678 4436 θύρας
3724 4364 4020 4436 προφανῶς

763 4465 845 4506 ter
878 4455 1122 4522 ingressa
1168 4463 1439 4509 astantem
1494 4455 1751 4524 populum
1808 4455 2105 4524 separavit,
2175 4463 2228 4508 et
2283 4457 2334 4508 in
2371 4457 2459 4510 ὓέ

2323 4473 2334 4508 ι
2371 4457 2413 4510 D
2443 4459 2704 4520 ἐλάσασα,
2743 4461 2838 4512 καὶ
2885 4459 2976 4511 τὸν
3013 4457 3300 4528 ἐφεστῶτα
3338 4457 3475 4510 λεὼν
3525 4457 3887 4526 διαστήσασα,
3923 4458 4019 4508 καὶ

761 4546 942 4612 fugam
997 4561 1117 4598 mox
1161 4555 1220 4598 ut
1269 4548 1384 4599 visa
1413 4554 1497 4600 est
1537 4548 1717 4611 vertit,
1760 4548 1828 4601 ad
1868 4562 2204 4617 puerumque
2234 4562 2332 4601 cu-

759 4638 936 4690 currit
968 4637 1268 4700 inlirmum,
1310 4648 1364 4691 et
1400 4639 1547 4692 hunc
1613 4640 1928 4708 frequenter
1979 4640 2340 4708 circumiens,

761 4728 922 4783 modo
971 4729 1189 4797 quidem
1226 4730 1291 4783 ad
1332 4745 1520 4785 aurem
1554 4733 1896 4794 susurrabat,
1956 4732 2118 4785 modo
2153 4741 2333 4784 autem

757 4821 838 4873 uri
869 4821 1360 4890 appropinquabat,
1394 4833 1443 4877 et
1503 4823 1672 4876 lilium
1701 4825 1884 4893 quiete
1925 4824 2173 4885 vocabat,
2234 4823 2335 4875 ali-

758 4911 882 4966 cubi
915 4912 1168 4967 deorsem
1197 4914 1490 4980 jacentem,
1529 4922 1581 4968 et
1613 4915 1665 4967 in
1707 4925 1894 4968 ventre
1923 4916 2073 4984 pueri
2101 4929 2332 4968 convcr-

761 5015 995 5058 sontem.
1053 5005 1153 5071 Qui
1209 5019 1530 5076 praesentem
1579 5010 1820 5063 sentiens
1874 5020 2201 5070 :natrem,et
2235 5011 2328 5061 lm-

755 5097 846 5161 jUs
882 5099 1072 5153 sibilos
1147 5115 1563 5165 recognoscens,
1602 5103 1804 5154 cursim
1862 5103 2126 5162 ascendit,
2173 5110 2224 5154 et
2265 5101 2329 5152 ad

761 5202 932 5253 Ipsam
965 5205 1146 5256 peros
1177 5191 1306 5253 exit,
1349 5201 1603 5259 tanquam
1661 5195 1826 5248 semel
1883 5203 2043 5246 natus
2089 5203 2141 5246 et
2190 5191 2329 5244 ultra

760 5285 811 5332 in
874 5291 1060 5335 \‘rntre
1111 5283 1235 5347 jure
1293 5285 1462 5337 teneri
1537 5285 1765 5352 nolens;
1834 5287 1942 5340 iuno
2013 5296 2328 5340 sanctorum

765 5383 1094 5440 emt-cptum
1165 5387 1489 5440 agnoscens.
1564 5376 1665 5428 hoc
1721 5376 1864 5428 eiiim
1916 5377 2097 5430 dicere
2159 5377 2330 5444 magis

761 5463 904 5528 pium
934 5481 948 5528 ;
988 5466 1072 5518 cui
1105 5475 1159 5517 ιιι
1195 5481 1391 5534 parens
1413 5466 1691 5526 famulata,
1728 5471 1792 5521 ad
1822 5470 1992 5534 ipsius
2018 5471 2329 5539 inquisitio--

761 5571 882 5606 ncm
953 5559 1277 5623 compendio
1346 5571 1754 5628 properaverat.
1815 5572 1866 5613 et
1915 5562 2162 5629 genia-en
2220 5563 2328 5628 jam

761 5661 981 5699 manere
1034 5647 1086 5699 in
1125 5649 1445 5714 visu-cribris,
1473 5652 1710 5705 etiamsi
1749 5654 1898 5704 velle!

756 5735 889 5790 tium
940 5752 1118 5792 autem
1171 5741 1401 5807 genitus
1455 5758 1577 5796 cum
1638 5745 1855 5798 vidisset
1915 5747 1984 5798 ab
2027 5759 2121 5798 ore
2181 5757 2329 5812 pum

1967 5672 2070 5703 non
2099 5663 2326 5719 poterat.

2446 4551 2582 4620 πρὸς
2626 4548 2802 4618 φυγὴν
2833 4548 2984 4618 παρὰ
3024 4548 3091 4601 τὰ
3138 4548 3403 4618 προοίμια
3447 4547 3715 4616 τρέψασα,
3748 4544 3888 4615 πρὸς
3926 4545 4020 4596 τὸν

2441 4644 2606 4696 παῖδα
2642 4643 2827 4712 τρέχει
2855 4642 2944 4694 τὸν
2979 4641 3280 4712 ἄρρωστον,
3326 4642 3422 4693 καὶ
3458 4639 3647 4692 τοῦτον
3683 4636 3894 4707 συχνῶς
3924 4653 4023 4688 πε·

2443 4738 2714 4808 ριθέουσα,
2739 4735 2866 4788 ποτὲ
2888 4735 2984 4804 μὲν
3015 4736 3147 4804 προς
3171 4734 3233 4786 τὸ
3259 4728 3353 4796 οὖς
3377 4731 3678 4800 ὲψιθύριζε,
3706 4730 3835 4782 ποτὲ
3858 4728 3914 4782 δὲ
3939 4728 4022 4796 τῷ

2443 4832 2669 4900 στόματι
2721 4829 3148 4900 προσεπέλαζεν,
3196 4828 3421 4880 καὶτὸν
3472 4826 3587 4878 υἱὸν
3645 4823 3884 4893 ἡσυχίως
3926 4824 4021 4874 ἆν-

2441 4919 2638 4989 έκραζε
2659 4921 2808 4972 κάτω
2830 4935 2930 4970 που
2965 4919 3234 4986 κείμενον,
3259 4917 3352 4969 καὶ
3380 4919 3446 4986 τῇ
3471 4917 3668 4984 γαστρὶ
3697 4911 3794 4966 τοῦ
3825 4911 4021 4973 παιδὸς

2441 5013 2850 5082 ἐπρεερόμενον.
2882 5012 2978 5072 ⁸ος
3021 5009 3302 5079 παρούσης
3335 5008 3436 5076 τῆς
3467 5006 3670 5076 μητρὸς
3692 5002 4024 5069 ἐπαισθόμε-

2441 5122 2548 5168 νος,
2580 5105 2674 5155 καὶ
2719 5103 2789 5155 τὰ
2825 5102 3028 5171 ταύτης
3073 5103 3345 5170 γνωρίσας
3396 5100 3729 5168 συρίσματα,
3758 5096 4023 5164 δρομαῖος

2440 5197 2748 5264 ἀνέρχεται,
2783 5197 2874 5248 καὶ
2899 5197 3033 5264 πρὸς
3067 5195 3236 5263 αὐτὴν
3263 5193 3350 5245 διὰ
3369 5191 3465 5244 τοῦ
3500 5192 3764 5259 στόματος
3795 5187 4020 5252 ἔξεισιν,

2438 5287 2514 5350 ὡς
2539 5288 2680 5352 απαξ
2722 5285 2936 5355 τεχθεὶς
2973 5285 3067 5337 καὶ
3097 5285 3380 5352 κυοφορεῖν
3426 5279 3622 5353 μηκέτι
3652 5277 3972 5347 βουλόμενος
4005 5292 4017 5305 ·

2443 5380 2640 5446 μᾶλλον
2669 5379 2724 5431 δὲ
2755 5379 2865 5430 τῶν
2890 5377 3060 5444 ἁγίων
3089 5377 3250 5444 γνοὺς
3278 5375 3338 5427 τὸ
3369 5374 3650 5441 ἐπίταγμα
3701 5369 3880 5436 (τοῦτο
3908 5366 4022 5435 γὰρ

2441 5471 2611 5522 εἰπεῖν
2659 5469 3044 5538 εὐσεϐέστερον
3069 5506 3083 5529 ,
3122 5460 3167 5533 ᾧ
3200 5467 3296 5518 καὶ
3330 5468 3363 5533 ὴ
3396 5463 3631 5516 τεκοῦσα
3667 5459 4022 5519 δουλεύουσα,

2442 5562 2574 5629 ⁷⁵Ρίιέ
2606 5561 2703 5628 τὴν
2725 5559 2892 5613 αὑτοῦ
2919 5559 3197 5627 συντόμως
3222 5558 3447 5624 ἀφίκετο
3471 5555 3743 5623 ζήτησιν),
3777 5549 3872 5602 καὶ
3905 5549 4024 5600 λοι-

2451 5656 2548 5703 nev
2601 5653 2781 5720 μένειν
2813 5653 3154 5721 ὲγγάστριος,
3197 5649 3289 5703 καὶ
3318 5651 3367 5700 εἰ
3401 5648 3661 5716 βούλοιτο,
3684 5644 3757 5712 μὴ
3794 5642 4030 5709 δυνάμει

2443 5763 2544 5806 νος.
2611 5745 3006 5814 ϊ>ιπτβῆσαντα
3041 5744 3093 5796 δὲ
3123 5743 3213 5796 τοῦ
3254 5741 3513 5810 στόματι),
3544 5738 3618 5801 ὡς
3655 5737 3760 5789 ἱδεν
3797 5733 3959 5787 αὐτὸν
3993 5741 4025 5805 η
