  <div class='ocr_page' id='page_1' title='image "/cluster/home/n/w/nwhite01/storage/ocr_20150623/87 tp.3/nnc1.0046980288/388.png"; bbox 0 0 4294 6442; ppageno 0'>
   <div class='ocr_carea' id='block_1_1' title="bbox 339 395 480 458">
    <p class='ocr_par' dir='ltr' id='par_1_1' title="bbox 339 395 480 458">
     <span class='ocr_line' id='line_1_1' title="bbox 339 395 480 458; baseline -0.028 1"><span class='ocrx_word' id='word_1_1' title='bbox 339 395 480 458; x_wconf 73' lang='grc'><strong>3545</strong></span> 
     </span>
    </p>
   </div>
   <div class='ocr_carea' id='block_1_2' title="bbox 1333 393 2585 455">
    <p class='ocr_par' dir='ltr' id='par_1_2' title="bbox 1333 393 2585 455">
     <span class='ocr_line' id='line_1_2' title="bbox 1333 393 2585 455; baseline 0.001 -1"><span class='ocrx_word' id='word_1_2' title='bbox 1333 397 1437 455; x_wconf 83' lang='lat' dir='ltr'><strong>SS.</strong></span> <span class='ocrx_word' id='word_1_3' title='bbox 1470 395 1639 453; x_wconf 75' lang='lat' dir='ltr'><strong>C\&#39;ill</strong></span> <span class='ocrx_word' id='word_1_4' title='bbox 1687 395 1779 453; x_wconf 84' lang='grc' dir='ltr'><strong>ΕΤ</strong></span> <span class='ocrx_word' id='word_1_5' title='bbox 1819 393 2138 452; x_wconf 71' lang='lat' dir='ltr'><strong>JOANNIS</strong></span> <span class='ocrx_word' id='word_1_6' title='bbox 2176 395 2585 455; x_wconf 68' lang='lat' dir='ltr'><strong>MIRACUIA.</strong></span> 
     </span>
    </p>
   </div>
   <div class='ocr_carea' id='block_1_3' title="bbox 3451 401 3589 467">
    <p class='ocr_par' dir='ltr' id='par_1_3' title="bbox 3451 401 3589 467">
     <span class='ocr_line' id='line_1_3' title="bbox 3451 401 3589 467; baseline 0.022 -3"><span class='ocrx_word' id='word_1_7' title='bbox 3451 401 3589 467; x_wconf 73' lang='grc'><strong>3546</strong></span> 
     </span>
    </p>
   </div>
   <div class='ocr_carea' id='block_1_4' title="bbox 333 501 2029 578">
    <p class='ocr_par' dir='ltr' id='par_1_4' title="bbox 333 501 2029 571">
     <span class='ocr_line' id='line_1_4' title="bbox 333 501 2029 571; baseline 0.001 -16"><span class='ocrx_word' id='word_1_8' title='bbox 333 521 490 571; x_wconf 81' lang='grc' dir='ltr'>γημα</span> <span class='ocrx_word' id='word_1_9' title='bbox 520 519 531 531; x_wconf 96' lang='grc'><strong>·</strong></span> <span class='ocrx_word' id='word_1_10' title='bbox 574 501 695 555; x_wconf 72' lang='grc' dir='ltr'>οὔτε</span> <span class='ocrx_word' id='word_1_11' title='bbox 741 502 1039 570; x_wconf 67' lang='grc' dir='ltr'>νομοθέτην</span> <span class='ocrx_word' id='word_1_12' title='bbox 1089 504 1302 555; x_wconf 80' lang='grc' dir='ltr'>ἀστεῖον</span> <span class='ocrx_word' id='word_1_13' title='bbox 1359 508 1450 556; x_wconf 77' lang='grc' dir='ltr'><strong>καὶ</strong></span> <span class='ocrx_word' id='word_1_14' title='bbox 1504 503 1653 569; x_wconf 83' lang='grc' dir='ltr'><strong>παρά</strong></span> <span class='ocrx_word' id='word_1_15' title='bbox 1708 505 1913 565; x_wconf 81' lang='grc' dir='ltr'>πάντας</span> <span class='ocrx_word' id='word_1_16' title='bbox 1948 514 2029 562; x_wconf 76' lang='lat' dir='ltr'><strong>At</strong></span> 
     </span>
    </p>
   </div>
   <div class='ocr_carea' id='block_1_5' title="bbox 1893 501 3589 578">
    <p class='ocr_par' dir='ltr' id='par_1_5' title="bbox 1893 503 3589 578">
     <span class='ocr_line' id='line_1_5' title="bbox 1893 503 3589 578; baseline 0.005 -20"><span class='ocrx_word' id='word_1_17' title='bbox 1893 514 1985 565; x_wconf 79' lang='lat' dir='ltr'><strong>:A</strong></span> <span class='ocrx_word' id='word_1_18' title='bbox 2017 503 2162 559; x_wconf 88' lang='lat' dir='ltr'><strong>cium</strong></span> <span class='ocrx_word' id='word_1_19' title='bbox 2220 506 2364 574; x_wconf 89' lang='lat' dir='ltr'><strong>quod</strong></span> <span class='ocrx_word' id='word_1_20' title='bbox 2412 518 2527 559; x_wconf 73' lang='lat' dir='ltr'><strong>erat</strong></span> <span class='ocrx_word' id='word_1_21' title='bbox 2584 507 2923 561; x_wconf 87' lang='lat' dir='ltr'><strong>simillimum</strong></span> <span class='ocrx_word' id='word_1_22' title='bbox 2974 508 3153 562; x_wconf 85' lang='lat' dir='ltr'><strong>laanis</strong></span> <span class='ocrx_word' id='word_1_23' title='bbox 3204 518 3257 563; x_wconf 92' lang='lat' dir='ltr'><strong>et</strong></span> <span class='ocrx_word' id='word_1_24' title='bbox 3309 509 3589 578; x_wconf 66' lang='lat' dir='ltr'><strong>Manili-is,</strong></span> 
     </span>
    </p>
   </div>
   <div class='ocr_carea' id='block_1_6' title="bbox 337 592 1908 665">
    <p class='ocr_par' dir='ltr' id='par_1_6' title="bbox 337 592 1908 665">
     <span class='ocr_line' id='line_1_6' title="bbox 337 592 1908 665; baseline -0.001 -18"><span class='ocrx_word' id='word_1_25' title='bbox 337 595 642 665; x_wconf 72' lang='grc' dir='ltr'><strong>πραότερον</strong></span> <span class='ocrx_word' id='word_1_26' title='bbox 670 592 1013 664; x_wconf 78' lang='grc' dir='ltr'><strong>ἀνθρώπους,</strong></span> <span class='ocrx_word' id='word_1_27' title='bbox 1047 594 1120 657; x_wconf 84' lang='grc' dir='ltr'>ὡς</span> <span class='ocrx_word' id='word_1_28' title='bbox 1155 594 1442 657; x_wconf 81' lang='grc' dir='ltr'>δέδεικται,</span> <span class='ocrx_word' id='word_1_29' title='bbox 1474 596 1586 647; x_wconf 80' lang='grc' dir='ltr'>ἀλλ’</span> <span class='ocrx_word' id='word_1_30' title='bbox 1613 594 1812 660; x_wconf 82' lang='grc' dir='ltr'>ἄνομόν</span> <span class='ocrx_word' id='word_1_31' title='bbox 1857 611 1908 646; x_wconf 90' lang='grc' dir='ltr'>τι</span> 
     </span>
    </p>
   </div>
   <div class='ocr_carea' id='block_1_7' title="bbox 335 686 1910 757">
    <p class='ocr_par' dir='ltr' id='par_1_7' title="bbox 335 686 1910 757">
     <span class='ocr_line' id='line_1_7' title="bbox 335 686 1910 757; baseline 0.001 -20"><span class='ocrx_word' id='word_1_32' title='bbox 335 689 429 739; x_wconf 71' lang='grc' dir='ltr'>καὶ</span> <span class='ocrx_word' id='word_1_33' title='bbox 454 688 771 757; x_wconf 80' lang='grc' dir='ltr'>δαιμονικῆς</span> <span class='ocrx_word' id='word_1_34' title='bbox 794 688 1117 756; x_wconf 80' lang='grc' dir='ltr'>ἀγριότητος</span> <span class='ocrx_word' id='word_1_35' title='bbox 1150 687 1252 755; x_wconf 79' lang='grc' dir='ltr'><strong>κύη</strong></span> <span class='ocrx_word' id='word_1_36' title='bbox 1266 706 1356 743; x_wconf 75' lang='grc' dir='ltr'><strong>αα.</strong></span> <span class='ocrx_word' id='word_1_37' title='bbox 1391 689 1565 753; x_wconf 83' lang='grc' dir='ltr'>Ὅπερ</span> <span class='ocrx_word' id='word_1_38' title='bbox 1596 689 1623 738; x_wconf 90' lang='grc' dir='ltr'>ὁ</span> <span class='ocrx_word' id='word_1_39' title='bbox 1656 686 1910 748; x_wconf 78' lang='grc' dir='ltr'>ἅλιεύσας</span> 
     </span>
    </p>
   </div>
   <div class='ocr_carea' id='block_1_8' title="bbox 331 777 1912 848">
    <p class='ocr_par' dir='ltr' id='par_1_8' title="bbox 331 777 1912 848">
     <span class='ocr_line' id='line_1_8' title="bbox 331 777 1912 848; baseline -0.003 -18"><span class='ocrx_word' id='word_1_40' title='bbox 331 777 543 843; x_wconf 73' lang='grc' dir='ltr'>ἀγνοῶν</span> <span class='ocrx_word' id='word_1_41' title='bbox 570 817 583 835; x_wconf 87' lang='grc'><strong>,</strong></span> <span class='ocrx_word' id='word_1_42' title='bbox 610 778 704 829; x_wconf 71' lang='grc' dir='ltr'><strong>καὶ</strong></span> <span class='ocrx_word' id='word_1_43' title='bbox 736 780 831 830; x_wconf 73' lang='grc' dir='ltr'><strong>σὺν</strong></span> <span class='ocrx_word' id='word_1_44' title='bbox 861 778 1010 845; x_wconf 81' lang='grc' dir='ltr'>αὑτῷ</span> <span class='ocrx_word' id='word_1_45' title='bbox 1044 778 1204 830; x_wconf 80' lang='grc' dir='ltr'>πάλιν</span> <span class='ocrx_word' id='word_1_46' title='bbox 1234 781 1261 830; x_wconf 87' lang='grc' dir='ltr'><strong>ὁ</strong></span> <span class='ocrx_word' id='word_1_47' title='bbox 1286 779 1586 848; x_wconf 74' lang='grc' dir='ltr'>ἄρρωστος,</span> <span class='ocrx_word' id='word_1_48' title='bbox 1641 777 1769 845; x_wconf 69' lang='grc' dir='ltr'>περὶ</span> <span class='ocrx_word' id='word_1_49' title='bbox 1812 777 1912 839; x_wconf 79' lang='grc' dir='ltr'>τῆς</span> 
     </span>
    </p>
   </div>
   <div class='ocr_carea' id='block_1_9' title="bbox 328 866 1912 937">
    <p class='ocr_par' dir='ltr' id='par_1_9' title="bbox 328 866 1912 937">
     <span class='ocr_line' id='line_1_9' title="bbox 328 866 1912 937; baseline 0 -19"><span class='ocrx_word' id='word_1_50' title='bbox 328 868 502 936; x_wconf 77' lang='grc' dir='ltr'>θήκης</span> <span class='ocrx_word' id='word_1_51' title='bbox 520 869 804 936; x_wconf 77' lang='grc' dir='ltr'>ἐμάχοντο,</span> <span class='ocrx_word' id='word_1_52' title='bbox 820 871 847 921; x_wconf 85' lang='grc' dir='ltr'>ὁ</span> <span class='ocrx_word' id='word_1_53' title='bbox 867 871 985 937; x_wconf 77' lang='grc' dir='ltr'>μὲν.</span> <span class='ocrx_word' id='word_1_54' title='bbox 1008 870 1081 931; x_wconf 85' lang='grc' dir='ltr'>ὡς</span> <span class='ocrx_word' id='word_1_55' title='bbox 1108 871 1180 921; x_wconf 78' lang='grc' dir='ltr'>Οὐ</span> <span class='ocrx_word' id='word_1_56' title='bbox 1203 868 1381 935; x_wconf 80' lang='grc' dir='ltr'>θίόην,</span> <span class='ocrx_word' id='word_1_57' title='bbox 1406 869 1598 934; x_wconf 85' lang='grc' dir='ltr'>λέγων,</span> <span class='ocrx_word' id='word_1_58' title='bbox 1620 867 1739 919; x_wconf 53' lang='grc' dir='ltr'>ἀλλτ</span> <span class='ocrx_word' id='word_1_59' title='bbox 1763 866 1912 933; x_wconf 81' lang='grc' dir='ltr'>ἰχθὺν</span> 
     </span>
    </p>
   </div>
   <div class='ocr_carea' id='block_1_10' title="bbox 328 959 1911 1027">
    <p class='ocr_par' dir='ltr' id='par_1_10' title="bbox 328 959 1911 1027">
     <span class='ocr_line' id='line_1_10' title="bbox 328 959 1911 1027; baseline 0.001 -19"><span class='ocrx_word' id='word_1_60' title='bbox 328 959 696 1027; x_wconf 77' lang='grc' dir='ltr'><strong>ἀνερχόμενον</strong></span> <span class='ocrx_word' id='word_1_61' title='bbox 754 960 1053 1027; x_wconf 81' lang='grc' dir='ltr'>πέπρακα·</span> <span class='ocrx_word' id='word_1_62' title='bbox 1114 961 1143 1012; x_wconf 85' lang='grc' dir='ltr'>ό</span> <span class='ocrx_word' id='word_1_63' title='bbox 1192 960 1247 1013; x_wconf 81' lang='grc' dir='ltr'>δὲ</span> <span class='ocrx_word' id='word_1_64' title='bbox 1302 960 1493 1020; x_wconf 82' lang='grc' dir='ltr'>νοσῶν,</span> <span class='ocrx_word' id='word_1_65' title='bbox 1534 960 1608 1023; x_wconf 80' lang='grc' dir='ltr'>ὡς</span> <span class='ocrx_word' id='word_1_66' title='bbox 1646 961 1707 1011; x_wconf 82' lang='grc' dir='ltr'>οὐ</span> <span class='ocrx_word' id='word_1_67' title='bbox 1752 961 1911 1026; x_wconf 88' lang='grc' dir='ltr'>μόνον</span> 
     </span>
    </p>
   </div>
   <div class='ocr_carea' id='block_1_11' title="bbox 330 1049 1906 1119">
    <p class='ocr_par' dir='ltr' id='par_1_11' title="bbox 330 1049 1906 1119">
     <span class='ocr_line' id='line_1_11' title="bbox 330 1049 1906 1119; baseline 0.002 -20"><span class='ocrx_word' id='word_1_68' title='bbox 330 1049 505 1117; x_wconf 73' lang='grc' dir='ltr'>ἰχθὺν,</span> <span class='ocrx_word' id='word_1_69' title='bbox 537 1050 674 1102; x_wconf 90' lang='grc' dir='ltr'><strong>ἀλλά</strong></span> <span class='ocrx_word' id='word_1_70' title='bbox 701 1051 795 1102; x_wconf 77' lang='grc' dir='ltr'><strong>καὶ</strong></span> <span class='ocrx_word' id='word_1_71' title='bbox 829 1052 858 1103; x_wconf 82' lang='grc' dir='ltr'>ὃ</span> <span class='ocrx_word' id='word_1_72' title='bbox 888 1052 935 1103; x_wconf 83' lang='grc' dir='ltr'>δ’</span> <span class='ocrx_word' id='word_1_73' title='bbox 961 1053 1027 1104; x_wconf 83' lang='grc' dir='ltr'>ἂν</span> <span class='ocrx_word' id='word_1_74' title='bbox 1053 1052 1264 1104; x_wconf 85' lang='grc' dir='ltr'>ἀνέλθοι</span> <span class='ocrx_word' id='word_1_75' title='bbox 1311 1053 1533 1119; x_wconf 81' lang='grc' dir='ltr'><strong>φάσκων</strong></span> <span class='ocrx_word' id='word_1_76' title='bbox 1568 1050 1906 1118; x_wconf 83' lang='grc' dir='ltr'>ὠνήσασθαι.</span> 
     </span>
    </p>
   </div>
   <div class='ocr_carea' id='block_1_12' title="bbox 330 1141 1910 1213">
    <p class='ocr_par' dir='ltr' id='par_1_12' title="bbox 330 1141 1910 1213">
     <span class='ocr_line' id='line_1_12' title="bbox 330 1141 1910 1213; baseline 0.001 -22"><span class='ocrx_word' id='word_1_77' title='bbox 330 1141 550 1195; x_wconf 83' lang='grc' dir='ltr'>’Ἑτικτε</span> <span class='ocrx_word' id='word_1_78' title='bbox 569 1144 675 1212; x_wconf 80' lang='grc' dir='ltr'>γὰρ</span> <span class='ocrx_word' id='word_1_79' title='bbox 707 1144 888 1205; x_wconf 79' lang='grc' dir='ltr'>αὐτοῖς</span> <span class='ocrx_word' id='word_1_80' title='bbox 914 1145 975 1196; x_wconf 80' lang='grc' dir='ltr'>οὐ</span> <span class='ocrx_word' id='word_1_81' title='bbox 1001 1144 1157 1211; x_wconf 85' lang='grc' dir='ltr'>μόνον</span> <span class='ocrx_word' id='word_1_82' title='bbox 1179 1147 1211 1213; x_wconf 84' lang='grc' dir='ltr'><strong>ὴ</strong></span> <span class='ocrx_word' id='word_1_83' title='bbox 1237 1144 1360 1212; x_wconf 83' lang='grc' dir='ltr'>θίϐη</span> <span class='ocrx_word' id='word_1_84' title='bbox 1388 1144 1476 1195; x_wconf 85' lang='grc' dir='ltr'><strong>τὸν</strong></span> <span class='ocrx_word' id='word_1_85' title='bbox 1501 1144 1736 1209; x_wconf 85' lang='grc' dir='ltr'>πόλεμον</span> <span class='ocrx_word' id='word_1_86' title='bbox 1767 1141 1910 1209; x_wconf 78' lang='grc' dir='ltr'>ἔχειν</span> 
     </span>
    </p>
   </div>
   <div class='ocr_carea' id='block_1_13' title="bbox 326 1232 1909 1305">
    <p class='ocr_par' dir='ltr' id='par_1_13' title="bbox 326 1232 1909 1305">
     <span class='ocr_line' id='line_1_13' title="bbox 326 1232 1909 1305; baseline -0.001 -22"><span class='ocrx_word' id='word_1_87' title='bbox 326 1248 380 1283; x_wconf 90' lang='grc' dir='ltr'>τι</span> <span class='ocrx_word' id='word_1_88' title='bbox 426 1232 533 1284; x_wconf 86' lang='grc' dir='ltr'>τῶν</span> <span class='ocrx_word' id='word_1_89' title='bbox 567 1234 882 1299; x_wconf 72' lang='grc' dir='ltr'>ἀναγκαίων</span> <span class='ocrx_word' id='word_1_90' title='bbox 922 1235 1068 1287; x_wconf 76' lang='grc' dir='ltr'>ἔνδον</span> <span class='ocrx_word' id='word_1_91' title='bbox 1120 1234 1483 1305; x_wconf 68' lang='grc' dir='ltr'><strong>ἐμφαίνουσα,</strong></span> <span class='ocrx_word' id='word_1_92' title='bbox 1546 1233 1682 1285; x_wconf 84' lang='grc' dir='ltr'><strong>ἀλλά</strong></span> <span class='ocrx_word' id='word_1_93' title='bbox 1730 1232 1823 1284; x_wconf 78' lang='grc' dir='ltr'><strong>καὶ</strong></span> <span class='ocrx_word' id='word_1_94' title='bbox 1877 1233 1909 1300; x_wconf 81' lang='grc' dir='ltr'><strong>ἡ</strong></span> 
     </span>
    </p>
   </div>
   <div class='ocr_carea' id='block_1_14' title="bbox 328 1321 1906 1393">
    <p class='ocr_par' dir='ltr' id='par_1_14' title="bbox 328 1321 1906 1393">
     <span class='ocr_line' id='line_1_14' title="bbox 328 1321 1906 1393; baseline 0 -21"><span class='ocrx_word' id='word_1_95' title='bbox 328 1322 621 1393; x_wconf 83' lang='grc' dir='ltr'>περίεργος</span> <span class='ocrx_word' id='word_1_96' title='bbox 660 1323 861 1393; x_wconf 79' lang='grc' dir='ltr'><strong>ταύτης</strong></span> <span class='ocrx_word' id='word_1_97' title='bbox 908 1325 1198 1389; x_wconf 72' lang='grc' dir='ltr'>ἀσφάλεια.</span> <span class='ocrx_word' id='word_1_98' title='bbox 1244 1326 1320 1377; x_wconf 74' lang='grc' dir='ltr'><strong>Οὐ</strong></span> <span class='ocrx_word' id='word_1_99' title='bbox 1349 1325 1510 1393; x_wconf 80' lang='grc' dir='ltr'>μόνον</span> <span class='ocrx_word' id='word_1_100' title='bbox 1548 1324 1657 1392; x_wconf 85' lang='grc' dir='ltr'><strong>γὰρ</strong></span> <span class='ocrx_word' id='word_1_101' title='bbox 1690 1321 1906 1374; x_wconf 84' lang='grc' dir='ltr'>κλειδώ-</span> 
     </span>
    </p>
   </div>
   <div class='ocr_carea' id='block_1_15' title="bbox 327 1409 1900 1483">
    <p class='ocr_par' dir='ltr' id='par_1_15' title="bbox 327 1409 1900 1483">
     <span class='ocr_line' id='line_1_15' title="bbox 327 1409 1900 1483; baseline 0.007 -23"><span class='ocrx_word' id='word_1_102' title='bbox 327 1425 449 1462; x_wconf 82' lang='grc' dir='ltr'>σεσι</span> <span class='ocrx_word' id='word_1_103' title='bbox 497 1412 913 1480; x_wconf 74' lang='grc' dir='ltr'>περιέσφιγκτο,</span> <span class='ocrx_word' id='word_1_104' title='bbox 963 1412 1099 1466; x_wconf 89' lang='grc' dir='ltr'><strong>ἀλλά</strong></span> <span class='ocrx_word' id='word_1_105' title='bbox 1128 1414 1222 1465; x_wconf 77' lang='grc' dir='ltr'>καὶ</span> <span class='ocrx_word' id='word_1_106' title='bbox 1250 1415 1511 1483; x_wconf 73' lang='grc' dir='ltr'><strong>σφραγῖσι</strong></span> <span class='ocrx_word' id='word_1_107' title='bbox 1569 1409 1900 1482; x_wconf 80' lang='grc' dir='ltr'>μολιϐδίναις</span> 
     </span>
    </p>
   </div>
   <div class='ocr_carea' id='block_1_16' title="bbox 326 1518 625 1570">
    <p class='ocr_par' dir='ltr' id='par_1_16' title="bbox 326 1518 625 1570">
     <span class='ocr_line' id='line_1_16' title="bbox 326 1518 625 1570; baseline 0.007 -18"><span class='ocrx_word' id='word_1_108' title='bbox 326 1518 625 1570; x_wconf 79' lang='grc' dir='ltr'>ιστομωτο.</span> 
     </span>
    </p>
   </div>
   <div class='ocr_carea' id='block_1_17' title="bbox 2017 594 3590 669">
    <p class='ocr_par' dir='ltr' id='par_1_17' title="bbox 2017 594 3590 669">
     <span class='ocr_line' id='line_1_17' title="bbox 2017 594 3590 669; baseline 0.004 -24"><span class='ocrx_word' id='word_1_109' title='bbox 2017 608 2195 660; x_wconf 88' lang='lat' dir='ltr'><strong>neque</strong></span> <span class='ocrx_word' id='word_1_110' title='bbox 2271 594 2636 659; x_wconf 78' lang='lat' dir='ltr'><strong>legislatorem</strong></span> <span class='ocrx_word' id='word_1_111' title='bbox 2716 596 3217 665; x_wconf 82' lang='lat' dir='ltr'><strong>elegantissimum,</strong></span> <span class='ocrx_word' id='word_1_112' title='bbox 3295 612 3349 653; x_wconf 89' lang='lat' dir='ltr'><strong>et</strong></span> <span class='ocrx_word' id='word_1_113' title='bbox 3427 617 3590 669; x_wconf 77' lang='lat' dir='ltr'><strong>super</strong></span> 
     </span>
    </p>
   </div>
   <div class='ocr_carea' id='block_1_18' title="bbox 2017 684 3586 759">
    <p class='ocr_par' dir='ltr' id='par_1_18' title="bbox 2017 684 3586 759">
     <span class='ocr_line' id='line_1_18' title="bbox 2017 684 3586 759; baseline 0.004 -23"><span class='ocrx_word' id='word_1_114' title='bbox 2017 697 2213 737; x_wconf 90' lang='lat' dir='ltr'><strong>omnes</strong></span> <span class='ocrx_word' id='word_1_115' title='bbox 2287 684 2534 741; x_wconf 92' lang='lat' dir='ltr'><strong>homines</strong></span> <span class='ocrx_word' id='word_1_116' title='bbox 2592 688 3133 751; x_wconf 79' lang='lat' dir='ltr'><strong>mansuetissimum,</strong></span> <span class='ocrx_word' id='word_1_117' title='bbox 3189 690 3283 744; x_wconf 90' lang='lat' dir='ltr'><strong>sed</strong></span> <span class='ocrx_word' id='word_1_118' title='bbox 3341 691 3586 759; x_wconf 87' lang='lat' dir='ltr'><strong>iniquum</strong></span> 
     </span>
    </p>
   </div>
   <div class='ocr_carea' id='block_1_19' title="bbox 2016 773 3588 849">
    <p class='ocr_par' dir='ltr' id='par_1_19' title="bbox 2016 773 3588 849">
     <span class='ocr_line' id='line_1_19' title="bbox 2016 773 3588 849; baseline 0.004 -24"><span class='ocrx_word' id='word_1_119' title='bbox 2016 773 2147 841; x_wconf 85' lang='lat' dir='ltr'><strong>quid</strong></span> <span class='ocrx_word' id='word_1_120' title='bbox 2175 781 2228 826; x_wconf 90' lang='lat' dir='ltr'><strong>et</strong></span> <span class='ocrx_word' id='word_1_121' title='bbox 2261 774 2574 829; x_wconf 59' lang='lat' dir='ltr'><strong>daemonica!</strong></span> <span class='ocrx_word' id='word_1_122' title='bbox 2622 776 2856 831; x_wconf 84' lang='lat' dir='ltr'><strong>feritatis</strong></span> <span class='ocrx_word' id='word_1_123' title='bbox 2886 779 3161 845; x_wconf 82' lang='lat' dir='ltr'><strong>genitm-n.</strong></span> <span class='ocrx_word' id='word_1_124' title='bbox 3200 778 3354 843; x_wconf 84' lang='lat' dir='ltr'><strong>Quod</strong></span> <span class='ocrx_word' id='word_1_125' title='bbox 3407 782 3588 849; x_wconf 84' lang='lat' dir='ltr'><strong>pisca-</strong></span> 
     </span>
    </p>
   </div>
   <div class='ocr_carea' id='block_1_20' title="bbox 2019 866 3590 939">
    <p class='ocr_par' dir='ltr' id='par_1_20' title="bbox 2019 866 3590 939">
     <span class='ocr_line' id='line_1_20' title="bbox 2019 866 3590 939; baseline 0.007 -27"><span class='ocrx_word' id='word_1_126' title='bbox 2019 871 2105 912; x_wconf 91' lang='lat' dir='ltr'><strong>tor</strong></span> <span class='ocrx_word' id='word_1_127' title='bbox 2143 870 2197 914; x_wconf 88' lang='lat' dir='ltr'><strong>et</strong></span> <span class='ocrx_word' id='word_1_128' title='bbox 2238 877 2361 914; x_wconf 86' lang='lat' dir='ltr'><strong>cum</strong></span> <span class='ocrx_word' id='word_1_129' title='bbox 2406 878 2471 915; x_wconf 87' lang='lat' dir='ltr'><strong>eo</strong></span> <span class='ocrx_word' id='word_1_130' title='bbox 2516 881 2707 920; x_wconf 83' lang='lat' dir='ltr'><strong>rursus</strong></span> <span class='ocrx_word' id='word_1_131' title='bbox 2753 866 3001 920; x_wconf 88' lang='lat' dir='ltr'><strong>inﬁrmus</strong></span> <span class='ocrx_word' id='word_1_132' title='bbox 3039 867 3374 934; x_wconf 72' lang='lat' dir='ltr'><strong>ignorantes,</strong></span> <span class='ocrx_word' id='word_1_133' title='bbox 3425 885 3590 939; x_wconf 72' lang='lat' dir='ltr'><strong>super</strong></span> 
     </span>
    </p>
   </div>
   <div class='ocr_carea' id='block_1_21' title="bbox 2023 949 3588 1028">
    <p class='ocr_par' dir='ltr' id='par_1_21' title="bbox 2023 949 3588 1028">
     <span class='ocr_line' id='line_1_21' title="bbox 2023 949 3588 1028; baseline 0.009 -29"><span class='ocrx_word' id='word_1_134' title='bbox 2023 949 2280 1001; x_wconf 82' lang='lat' dir='ltr'><strong>ﬁscellam</strong></span> <span class='ocrx_word' id='word_1_135' title='bbox 2340 960 2530 1005; x_wconf 88' lang='lat' dir='ltr'><strong>mutuo</strong></span> <span class='ocrx_word' id='word_1_136' title='bbox 2586 956 2933 1019; x_wconf 84' lang='lat' dir='ltr'><strong>rixabantur;</strong></span> <span class='ocrx_word' id='word_1_137' title='bbox 2994 957 3130 1010; x_wconf 88' lang='lat' dir='ltr'><strong>alter</strong></span> <span class='ocrx_word' id='word_1_138' title='bbox 3177 958 3397 1026; x_wconf 85' lang='lat' dir='ltr'><strong>quidem</strong></span> <span class='ocrx_word' id='word_1_139' title='bbox 3444 959 3588 1028; x_wconf 86' lang='lat' dir='ltr'><strong>quod</strong></span> 
     </span>
    </p>
   </div>
   <div class='ocr_carea' id='block_1_22' title="bbox 2020 1038 3592 1111">
    <p class='ocr_par' dir='ltr' id='par_1_22' title="bbox 2020 1038 3592 1111">
     <span class='ocr_line' id='line_1_22' title="bbox 2020 1038 3592 1111; baseline 0.008 -23"><span class='ocrx_word' id='word_1_140' title='bbox 2020 1052 2131 1089; x_wconf 89' lang='lat' dir='ltr'><strong>non</strong></span> <span class='ocrx_word' id='word_1_141' title='bbox 2184 1038 2467 1103; x_wconf 89' lang='lat' dir='ltr'><strong>ﬁscellam,</strong></span> <span class='ocrx_word' id='word_1_142' title='bbox 2506 1043 2599 1094; x_wconf 91' lang='lat' dir='ltr'><strong>sed</strong></span> <span class='ocrx_word' id='word_1_143' title='bbox 2664 1044 2863 1108; x_wconf 82' lang='lat' dir='ltr'><strong>piscem</strong></span> <span class='ocrx_word' id='word_1_144' title='bbox 2913 1045 3004 1111; x_wconf 89' lang='lat' dir='ltr'><strong>qui</strong></span> <span class='ocrx_word' id='word_1_145' title='bbox 3062 1053 3207 1098; x_wconf 83' lang='lat' dir='ltr'><strong>esset</strong></span> <span class='ocrx_word' id='word_1_146' title='bbox 3261 1061 3592 1100; x_wconf 84' lang='lat' dir='ltr'><strong>ascensurus</strong></span> 
     </span>
    </p>
   </div>
   <div class='ocr_carea' id='block_1_23' title="bbox 2018 1126 3588 1206">
    <p class='ocr_par' dir='ltr' id='par_1_23' title="bbox 2018 1126 3588 1206">
     <span class='ocr_line' id='line_1_23' title="bbox 2018 1126 3588 1206; baseline 0.006 -26"><span class='ocrx_word' id='word_1_147' title='bbox 2018 1130 2329 1184; x_wconf 90' lang='lat' dir='ltr'><strong>vendiderit</strong></span> <span class='ocrx_word' id='word_1_148' title='bbox 2381 1132 2601 1195; x_wconf 88' lang='lat' dir='ltr'><strong>dicens;</strong></span> <span class='ocrx_word' id='word_1_149' title='bbox 2644 1137 2780 1189; x_wconf 83' lang='lat' dir='ltr'><strong>alter</strong></span> <span class='ocrx_word' id='word_1_150' title='bbox 2823 1150 2975 1198; x_wconf 82' lang='lat' dir='ltr'><strong>vero,</strong></span> <span class='ocrx_word' id='word_1_151' title='bbox 3033 1136 3087 1190; x_wconf 89' lang='lat' dir='ltr'><strong>id</strong></span> <span class='ocrx_word' id='word_1_152' title='bbox 3147 1126 3230 1191; x_wconf 76' lang='lat' dir='ltr'><strong>est</strong></span> <span class='ocrx_word' id='word_1_153' title='bbox 3279 1137 3588 1206; x_wconf 87' lang='lat' dir='ltr'><strong>languidus,</strong></span> 
     </span>
    </p>
   </div>
   <div class='ocr_carea' id='block_1_24' title="bbox 2028 1221 3586 1298">
    <p class='ocr_par' dir='ltr' id='par_1_24' title="bbox 2028 1221 3586 1298">
     <span class='ocr_line' id='line_1_24' title="bbox 2028 1221 3586 1298; baseline 0.007 -26"><span class='ocrx_word' id='word_1_154' title='bbox 2028 1221 2171 1289; x_wconf 90' lang='lat' dir='ltr'><strong>quod</strong></span> <span class='ocrx_word' id='word_1_155' title='bbox 2200 1238 2304 1275; x_wconf 92' lang='lat' dir='ltr'><strong>non</strong></span> <span class='ocrx_word' id='word_1_156' title='bbox 2324 1226 2501 1278; x_wconf 88' lang='lat' dir='ltr'><strong>solum</strong></span> <span class='ocrx_word' id='word_1_157' title='bbox 2523 1228 2746 1295; x_wconf 79' lang='lat' dir='ltr'><strong>piscem,</strong></span> <span class='ocrx_word' id='word_1_158' title='bbox 2769 1230 2860 1282; x_wconf 86' lang='lat' dir='ltr'><strong>sed</strong></span> <span class='ocrx_word' id='word_1_159' title='bbox 2878 1238 2930 1282; x_wconf 92' lang='lat' dir='ltr'><strong>et</strong></span> <span class='ocrx_word' id='word_1_160' title='bbox 2948 1230 3211 1298; x_wconf 77' lang='lat' dir='ltr'><strong>quidquid</strong></span> <span class='ocrx_word' id='word_1_161' title='bbox 3229 1245 3586 1285; x_wconf 88' lang='lat' dir='ltr'><strong>ascensuruin</strong></span> 
     </span>
    </p>
   </div>
   <div class='ocr_carea' id='block_1_25' title="bbox 2024 1311 3585 1389">
    <p class='ocr_par' dir='ltr' id='par_1_25' title="bbox 2024 1311 3585 1389">
     <span class='ocr_line' id='line_1_25' title="bbox 2024 1311 3585 1389; baseline 0.006 -26"><span class='ocrx_word' id='word_1_162' title='bbox 2024 1311 2368 1368; x_wconf 67' lang='lat' dir='ltr'><strong>fort-tennerit</strong></span> <span class='ocrx_word' id='word_1_163' title='bbox 2384 1333 2705 1373; x_wconf 73' lang='lat' dir='ltr'><strong>asseverans</strong></span> <span class='ocrx_word' id='word_1_164' title='bbox 2727 1337 2739 1372; x_wconf 94' lang='lat'>:</span> <span class='ocrx_word' id='word_1_165' title='bbox 2762 1323 3005 1389; x_wconf 87' lang='lat' dir='ltr'><strong>pariebat</strong></span> <span class='ocrx_word' id='word_1_166' title='bbox 3022 1324 3168 1375; x_wconf 91' lang='lat' dir='ltr'><strong>enim</strong></span> <span class='ocrx_word' id='word_1_167' title='bbox 3189 1322 3268 1375; x_wconf 86' lang='lat' dir='ltr'><strong>eis</strong></span> <span class='ocrx_word' id='word_1_168' title='bbox 3291 1323 3440 1375; x_wconf 86' lang='lat' dir='ltr'><strong>litem</strong></span> <span class='ocrx_word' id='word_1_169' title='bbox 3480 1338 3585 1373; x_wconf 92' lang='lat' dir='ltr'><strong>non</strong></span> 
     </span>
    </p>
   </div>
   <div class='ocr_carea' id='block_1_26' title="bbox 2019 1404 3589 1479">
    <p class='ocr_par' dir='ltr' id='par_1_26' title="bbox 2019 1404 3589 1479">
     <span class='ocr_line' id='line_1_26' title="bbox 2019 1404 3589 1479; baseline 0.004 -23"><span class='ocrx_word' id='word_1_170' title='bbox 2019 1404 2196 1456; x_wconf 88' lang='lat' dir='ltr'><strong>solum</strong></span> <span class='ocrx_word' id='word_1_171' title='bbox 2240 1405 2465 1473; x_wconf 89' lang='lat' dir='ltr'><strong>ﬁscella,</strong></span> <span class='ocrx_word' id='word_1_172' title='bbox 2493 1426 2613 1476; x_wconf 75' lang='lat' dir='ltr'><strong>qua:</strong></span> <span class='ocrx_word' id='word_1_173' title='bbox 2653 1411 2853 1464; x_wconf 88' lang='lat' dir='ltr'><strong>habere</strong></span> <span class='ocrx_word' id='word_1_174' title='bbox 2897 1428 2955 1465; x_wconf 90' lang='lat' dir='ltr'><strong>se</strong></span> <span class='ocrx_word' id='word_1_175' title='bbox 2987 1411 3118 1479; x_wconf 89' lang='lat' dir='ltr'><strong>quid</strong></span> <span class='ocrx_word' id='word_1_176' title='bbox 3152 1412 3589 1465; x_wconf 88' lang='lat' dir='ltr'><strong>necessariorum</strong></span> 
     </span>
    </p>
   </div>
   <div class='ocr_carea' id='block_1_27' title="bbox 2014 1495 3592 1571">
    <p class='ocr_par' dir='ltr' id='par_1_27' title="bbox 2014 1495 3592 1571">
     <span class='ocr_line' id='line_1_27' title="bbox 2014 1495 3592 1571; baseline 0.006 -24"><span class='ocrx_word' id='word_1_177' title='bbox 2014 1495 2358 1554; x_wconf 85' lang='lat' dir='ltr'><strong>intrinsecus</strong></span> <span class='ocrx_word' id='word_1_178' title='bbox 2388 1504 2733 1566; x_wconf 78' lang='lat' dir='ltr'><strong>ostendebat,</strong></span> <span class='ocrx_word' id='word_1_179' title='bbox 2770 1504 2864 1559; x_wconf 89' lang='lat' dir='ltr'><strong>sed</strong></span> <span class='ocrx_word' id='word_1_180' title='bbox 2889 1513 2943 1557; x_wconf 92' lang='lat' dir='ltr'><strong>et</strong></span> <span class='ocrx_word' id='word_1_181' title='bbox 2963 1503 3592 1571; x_wconf 83' lang='lat' dir='ltr'><strong>curiosissiinumbujus</strong></span> 
     </span>
    </p>
   </div>
   <div class='ocr_carea' id='block_1_28' title="bbox 324 1590 3367 1667">
    <p class='ocr_par' dir='ltr' id='par_1_28' title="bbox 324 1590 3367 1667">
     <span class='ocr_line' id='line_1_28' title="bbox 324 1590 3367 1667; baseline 0.002 -22"><span class='ocrx_word' id='word_1_182' title='bbox 324 1593 629 1657; x_wconf 88' lang='lat' dir='ltr'><strong>munimen,</strong></span> <span class='ocrx_word' id='word_1_183' title='bbox 659 1609 765 1647; x_wconf 89' lang='lat' dir='ltr'><strong>non</strong></span> <span class='ocrx_word' id='word_1_184' title='bbox 800 1594 982 1649; x_wconf 89' lang='lat' dir='ltr'><strong>solum</strong></span> <span class='ocrx_word' id='word_1_185' title='bbox 1015 1596 1216 1665; x_wconf 90' lang='lat' dir='ltr'><strong>quippe</strong></span> <span class='ocrx_word' id='word_1_186' title='bbox 1250 1597 1422 1650; x_wconf 79' lang='lat' dir='ltr'><strong>clavis</strong></span> <span class='ocrx_word' id='word_1_187' title='bbox 1457 1596 1666 1650; x_wconf 90' lang='lat' dir='ltr'><strong>circum</strong></span> <span class='ocrx_word' id='word_1_188' title='bbox 1698 1590 2091 1660; x_wconf 78' lang='lat' dir='ltr'><strong>stringebatur,</strong></span> <span class='ocrx_word' id='word_1_189' title='bbox 2125 1593 2217 1645; x_wconf 89' lang='lat' dir='ltr'><strong>sed</strong></span> <span class='ocrx_word' id='word_1_190' title='bbox 2249 1601 2302 1647; x_wconf 89' lang='lat' dir='ltr'><strong>et</strong></span> <span class='ocrx_word' id='word_1_191' title='bbox 2332 1597 2629 1663; x_wconf 85' lang='lat' dir='ltr'><strong>signaculis</strong></span> <span class='ocrx_word' id='word_1_192' title='bbox 2658 1600 2928 1667; x_wconf 76' lang='lat' dir='ltr'><strong>plumbeis</strong></span> <span class='ocrx_word' id='word_1_193' title='bbox 2957 1598 3367 1653; x_wconf 82' lang='lat' dir='ltr'><strong>obstruebatur.</strong></span> 
     </span>
    </p>
   </div>
   <div class='ocr_carea' id='block_1_29' title="bbox 408 1686 1905 1760">
    <p class='ocr_par' dir='ltr' id='par_1_29' title="bbox 408 1686 1905 1760">
     <span class='ocr_line' id='line_1_29' title="bbox 408 1686 1905 1760; baseline -0.001 -22"><span class='ocrx_word' id='word_1_194' title='bbox 408 1686 496 1749; x_wconf 85' lang='grc' dir='ltr'>Ὧς</span> <span class='ocrx_word' id='word_1_195' title='bbox 525 1686 570 1738; x_wconf 77' lang='grc' dir='ltr'>δ’</span> <span class='ocrx_word' id='word_1_196' title='bbox 595 1688 686 1739; x_wconf 78' lang='grc' dir='ltr'>ἐπὶ</span> <span class='ocrx_word' id='word_1_197' title='bbox 713 1690 847 1741; x_wconf 78' lang='grc' dir='ltr'>πολὺ</span> <span class='ocrx_word' id='word_1_198' title='bbox 878 1689 1384 1760; x_wconf 83' lang='grc' dir='ltr'>φιλομαχησάμενοι</span> <span class='ocrx_word' id='word_1_199' title='bbox 1413 1687 1905 1756; x_wconf 76' lang='grc' dir='ltr'>πείθειν⁸ἀλλήλους</span> 
     </span>
    </p>
   </div>
   <div class='ocr_carea' id='block_1_30' title="bbox 322 1780 1903 1852">
    <p class='ocr_par' dir='ltr' id='par_1_30' title="bbox 322 1780 1903 1852">
     <span class='ocr_line' id='line_1_30' title="bbox 322 1780 1903 1852; baseline 0 -21"><span class='ocrx_word' id='word_1_200' title='bbox 322 1780 424 1831; x_wconf 80' lang='grc' dir='ltr'><strong>οὐκ</strong></span> <span class='ocrx_word' id='word_1_201' title='bbox 466 1780 671 1848; x_wconf 84' lang='grc' dir='ltr'>ἴσχυον,</span> <span class='ocrx_word' id='word_1_202' title='bbox 713 1781 835 1834; x_wconf 82' lang='grc' dir='ltr'>οὐδὲ</span> <span class='ocrx_word' id='word_1_203' title='bbox 870 1782 1031 1835; x_wconf 81' lang='grc' dir='ltr'>πάλιν</span> <span class='ocrx_word' id='word_1_204' title='bbox 1066 1784 1416 1852; x_wconf 81' lang='grc' dir='ltr'>παραχωρεῖν</span> <span class='ocrx_word' id='word_1_205' title='bbox 1452 1782 1704 1851; x_wconf 85' lang='grc' dir='ltr'>ἀλλήλοις</span> <span class='ocrx_word' id='word_1_206' title='bbox 1752 1780 1903 1848; x_wconf 84' lang='grc' dir='ltr'>ὴνεί-</span> 
     </span>
    </p>
   </div>
   <div class='ocr_carea' id='block_1_31' title="bbox 322 1870 1903 1940">
    <p class='ocr_par' dir='ltr' id='par_1_31' title="bbox 322 1870 1903 1940">
     <span class='ocr_line' id='line_1_31' title="bbox 322 1870 1903 1940; baseline 0.001 -20"><span class='ocrx_word' id='word_1_207' title='bbox 322 1886 502 1938; x_wconf 86' lang='grc' dir='ltr'>χοντο,</span> <span class='ocrx_word' id='word_1_208' title='bbox 547 1871 684 1939; x_wconf 75' lang='grc' dir='ltr'>πρὸς</span> <span class='ocrx_word' id='word_1_209' title='bbox 722 1870 814 1923; x_wconf 76' lang='grc' dir='ltr'><strong>τὸν</strong></span> <span class='ocrx_word' id='word_1_210' title='bbox 857 1871 1245 1939; x_wconf 80' lang='grc' dir='ltr'>οἰκονομοῦντα</span> <span class='ocrx_word' id='word_1_211' title='bbox 1280 1873 1341 1923; x_wconf 87' lang='grc' dir='ltr'><strong>τὸ</strong></span> <span class='ocrx_word' id='word_1_212' title='bbox 1379 1872 1603 1939; x_wconf 88' lang='grc' dir='ltr'>τέμενος</span> <span class='ocrx_word' id='word_1_213' title='bbox 1636 1872 1903 1940; x_wconf 80' lang='grc' dir='ltr'>ἔρχονται,</span> 
     </span>
    </p>
   </div>
   <div class='ocr_carea' id='block_1_32' title="bbox 324 1963 1904 2035">
    <p class='ocr_par' dir='ltr' id='par_1_32' title="bbox 324 1963 1904 2035">
     <span class='ocr_line' id='line_1_32' title="bbox 324 1963 1904 2035; baseline -0.003 -16"><span class='ocrx_word' id='word_1_214' title='bbox 324 1963 517 2033; x_wconf 75' lang='grc' dir='ltr'>κριτήν</span> <span class='ocrx_word' id='word_1_215' title='bbox 545 1964 707 2016; x_wconf 77' lang='grc' dir='ltr'>αὑτὸν</span> <span class='ocrx_word' id='word_1_216' title='bbox 732 1965 832 2032; x_wconf 79' lang='grc' dir='ltr'><strong>τῆς</strong></span> <span class='ocrx_word' id='word_1_217' title='bbox 866 1964 1021 2033; x_wconf 85' lang='grc' dir='ltr'><strong>δίκης</strong></span> <span class='ocrx_word' id='word_1_218' title='bbox 1066 1966 1378 2035; x_wconf 76' lang='grc' dir='ltr'><strong>ληψόμενοι.</strong></span> <span class='ocrx_word' id='word_1_219' title='bbox 1430 1966 1486 2017; x_wconf 83' lang='lat'><strong>&#39;0</strong></span> <span class='ocrx_word' id='word_1_220' title='bbox 1504 1965 1559 2017; x_wconf 81' lang='grc' dir='ltr'>δὲ</span> <span class='ocrx_word' id='word_1_221' title='bbox 1586 1967 1697 2018; x_wconf 86' lang='grc' dir='ltr'>τοῖν</span> <span class='ocrx_word' id='word_1_222' title='bbox 1724 1966 1904 2033; x_wconf 82' lang='grc' dir='ltr'>ἀμφο-</span> 
     </span>
    </p>
   </div>
   <div class='ocr_carea' id='block_1_33' title="bbox 322 2054 1907 2125">
    <p class='ocr_par' dir='ltr' id='par_1_33' title="bbox 322 2054 1907 2125">
     <span class='ocr_line' id='line_1_33' title="bbox 322 2054 1907 2125; baseline -0.001 -19"><span class='ocrx_word' id='word_1_223' title='bbox 322 2057 502 2125; x_wconf 88' lang='grc' dir='ltr'>τέροιν</span> <span class='ocrx_word' id='word_1_224' title='bbox 549 2054 729 2123; x_wconf 78' lang='grc' dir='ltr'>λόγοιν</span> <span class='ocrx_word' id='word_1_225' title='bbox 781 2055 1104 2124; x_wconf 79' lang='grc' dir='ltr'>πυθόμενος,</span> <span class='ocrx_word' id='word_1_226' title='bbox 1141 2057 1198 2107; x_wconf 83' lang='grc' dir='ltr'>οὐ</span> <span class='ocrx_word' id='word_1_227' title='bbox 1256 2056 1523 2125; x_wconf 82' lang='grc' dir='ltr'>πρότερον</span> <span class='ocrx_word' id='word_1_228' title='bbox 1576 2055 1675 2123; x_wconf 76' lang='grc' dir='ltr'><strong>τὴν</strong></span> <span class='ocrx_word' id='word_1_229' title='bbox 1730 2054 1907 2121; x_wconf 69' lang='grc' dir='ltr'>ψῆφον</span> 
     </span>
    </p>
   </div>
   <div class='ocr_carea' id='block_1_34' title="bbox 321 2143 1908 2216">
    <p class='ocr_par' dir='ltr' id='par_1_34' title="bbox 321 2143 1908 2216">
     <span class='ocr_line' id='line_1_34' title="bbox 321 2143 1908 2216; baseline -0.001 -20"><span class='ocrx_word' id='word_1_230' title='bbox 321 2147 587 2215; x_wconf 75' lang='grc' dir='ltr'><strong>ἠνείχετο,</strong></span> <span class='ocrx_word' id='word_1_231' title='bbox 608 2147 670 2198; x_wconf 82' lang='lat' dir='ltr'><strong>El</strong></span> <span class='ocrx_word' id='word_1_232' title='bbox 692 2146 768 2216; x_wconf 83' lang='grc' dir='ltr'><strong>μὴ</strong></span> <span class='ocrx_word' id='word_1_233' title='bbox 789 2145 886 2215; x_wconf 74' lang='grc' dir='ltr'>τὴν</span> <span class='ocrx_word' id='word_1_234' title='bbox 912 2146 1121 2215; x_wconf 81' lang='grc' dir='ltr'>χειλέον</span> <span class='ocrx_word' id='word_1_235' title='bbox 1140 2147 1355 2211; x_wconf 80' lang='grc' dir='ltr'>ἀνοίξω,</span> <span class='ocrx_word' id='word_1_236' title='bbox 1378 2146 1560 2214; x_wconf 73' lang='grc' dir='ltr'>φησὶν,</span> <span class='ocrx_word' id='word_1_237' title='bbox 1588 2146 1680 2196; x_wconf 74' lang='grc' dir='ltr'>καὶ</span> <span class='ocrx_word' id='word_1_238' title='bbox 1705 2143 1908 2211; x_wconf 76' lang='grc' dir='ltr'>ταύτης</span> 
     </span>
    </p>
   </div>
   <div class='ocr_carea' id='block_1_35' title="bbox 322 2232 1909 2304">
    <p class='ocr_par' dir='ltr' id='par_1_35' title="bbox 322 2232 1909 2304">
     <span class='ocr_line' id='line_1_35' title="bbox 322 2232 1909 2304; baseline -0.001 -17"><span class='ocrx_word' id='word_1_239' title='bbox 322 2236 471 2288; x_wconf 74' lang='grc' dir='ltr'>ἔνδον</span> <span class='ocrx_word' id='word_1_240' title='bbox 504 2234 789 2304; x_wconf 78' lang='grc' dir='ltr'><strong>θεάσομαι.</strong></span> <span class='ocrx_word' id='word_1_241' title='bbox 841 2236 1082 2300; x_wconf 81' lang='grc' dir='ltr'>Ἀνοίξας</span> <span class='ocrx_word' id='word_1_242' title='bbox 1116 2232 1209 2288; x_wconf 83' lang='grc' dir='ltr'><strong>οὖν</strong></span> <span class='ocrx_word' id='word_1_243' title='bbox 1253 2237 1471 2288; x_wconf 90' lang='grc' dir='ltr'>πάντων</span> <span class='ocrx_word' id='word_1_244' title='bbox 1501 2238 1558 2287; x_wconf 83' lang='grc' dir='ltr'>ὲν</span> <span class='ocrx_word' id='word_1_245' title='bbox 1588 2235 1774 2303; x_wconf 68' lang='grc' dir='ltr'>ὄψεσιν</span> <span class='ocrx_word' id='word_1_246' title='bbox 1813 2236 1909 2285; x_wconf 73' lang='grc' dir='ltr'><strong>σὺν</strong></span> 
     </span>
    </p>
   </div>
   <div class='ocr_carea' id='block_1_36' title="bbox 322 2325 1907 2399">
    <p class='ocr_par' dir='ltr' id='par_1_36' title="bbox 322 2325 1907 2399">
     <span class='ocr_line' id='line_1_36' title="bbox 322 2325 1907 2399; baseline -0.003 -20"><span class='ocrx_word' id='word_1_247' title='bbox 322 2329 477 2396; x_wconf 86' lang='grc' dir='ltr'>κόπῳ</span> <span class='ocrx_word' id='word_1_248' title='bbox 508 2328 690 2399; x_wconf 76' lang='grc' dir='ltr'>πολλῷ</span> <span class='ocrx_word' id='word_1_249' title='bbox 715 2328 777 2379; x_wconf 82' lang='grc' dir='ltr'><strong>τὸ</strong></span> <span class='ocrx_word' id='word_1_250' title='bbox 798 2327 1074 2390; x_wconf 77' lang='grc' dir='ltr'>κιϐώτιον,</span> <span class='ocrx_word' id='word_1_251' title='bbox 1103 2326 1281 2396; x_wconf 83' lang='grc' dir='ltr'>θέαμα</span> <span class='ocrx_word' id='word_1_252' title='bbox 1313 2328 1483 2379; x_wconf 79' lang='grc' dir='ltr'>δεινὸν</span> <span class='ocrx_word' id='word_1_253' title='bbox 1512 2330 1605 2378; x_wconf 71' lang='grc' dir='ltr'>καὶ</span> <span class='ocrx_word' id='word_1_254' title='bbox 1635 2325 1907 2393; x_wconf 78' lang='grc' dir='ltr'>παγχάλεο</span> 
     </span>
    </p>
   </div>
   <div class='ocr_carea' id='block_1_37' title="bbox 323 2414 1903 2489">
    <p class='ocr_par' dir='ltr' id='par_1_37' title="bbox 323 2414 1903 2489">
     <span class='ocr_line' id='line_1_37' title="bbox 323 2414 1903 2489; baseline -0.003 -18"><span class='ocrx_word' id='word_1_255' title='bbox 323 2437 425 2472; x_wconf 85' lang='grc' dir='ltr'><strong>πον</strong></span> <span class='ocrx_word' id='word_1_256' title='bbox 457 2418 734 2488; x_wconf 78' lang='grc' dir='ltr'>εὕρισκεν,</span> <span class='ocrx_word' id='word_1_257' title='bbox 773 2421 925 2473; x_wconf 79' lang='grc' dir='ltr'>οὐδὲν</span> <span class='ocrx_word' id='word_1_258' title='bbox 967 2414 1042 2473; x_wconf 82' lang='grc' dir='ltr'><strong>ὧν</strong></span> <span class='ocrx_word' id='word_1_259' title='bbox 1090 2424 1139 2474; x_wconf 78' lang='grc' dir='ltr'>οἱ</span> <span class='ocrx_word' id='word_1_260' title='bbox 1184 2422 1529 2489; x_wconf 79' lang='grc' dir='ltr'><strong>εὑρίσκοντες</strong></span> <span class='ocrx_word' id='word_1_261' title='bbox 1570 2417 1837 2485; x_wconf 77' lang='grc' dir='ltr'>ἐνόμιζον,</span> <span class='ocrx_word' id='word_1_262' title='bbox 1873 2418 1903 2486; x_wconf 85' lang='grc' dir='ltr'><strong>ἢ</strong></span> 
     </span>
    </p>
   </div>
   <div class='ocr_carea' id='block_1_38' title="bbox 323 2508 1907 2581">
    <p class='ocr_par' dir='ltr' id='par_1_38' title="bbox 323 2508 1907 2581">
     <span class='ocr_line' id='line_1_38' title="bbox 323 2508 1907 2581; baseline -0.003 -18"><span class='ocrx_word' id='word_1_263' title='bbox 323 2511 522 2572; x_wconf 80' lang='grc' dir='ltr'>πάντες</span> <span class='ocrx_word' id='word_1_264' title='bbox 575 2512 624 2563; x_wconf 88' lang='grc' dir='ltr'>οἱ</span> <span class='ocrx_word' id='word_1_265' title='bbox 672 2511 1024 2579; x_wconf 86' lang='grc' dir='ltr'>παρεστῶτες</span> <span class='ocrx_word' id='word_1_266' title='bbox 1074 2514 1168 2565; x_wconf 79' lang='grc' dir='ltr'><strong>καὶ</strong></span> <span class='ocrx_word' id='word_1_267' title='bbox 1203 2512 1513 2581; x_wconf 80' lang='grc' dir='ltr'>βλέποντες,</span> <span class='ocrx_word' id='word_1_268' title='bbox 1548 2510 1661 2562; x_wconf 87' lang='grc' dir='ltr'>ἀλλ’</span> <span class='ocrx_word' id='word_1_269' title='bbox 1692 2510 1827 2576; x_wconf 84' lang='grc' dir='ltr'>ὅπερ</span> <span class='ocrx_word' id='word_1_270' title='bbox 1859 2508 1907 2559; x_wconf 88' lang='grc' dir='ltr'><strong>οί</strong></span> 
     </span>
    </p>
   </div>
   <div class='ocr_carea' id='block_1_39' title="bbox 322 2602 1909 2673">
    <p class='ocr_par' dir='ltr' id='par_1_39' title="bbox 322 2602 1909 2673">
     <span class='ocr_line' id='line_1_39' title="bbox 322 2602 1909 2673; baseline -0.006 -16"><span class='ocrx_word' id='word_1_271' title='bbox 322 2602 464 2669; x_wconf 71' lang='grc' dir='ltr'>ἅγιοι</span> <span class='ocrx_word' id='word_1_272' title='bbox 512 2602 925 2671; x_wconf 72' lang='grc' dir='ltr'><strong>φιλανθρωπίας</strong></span> <span class='ocrx_word' id='word_1_273' title='bbox 974 2604 1203 2668; x_wconf 80' lang='grc' dir='ltr'>πελάγει</span> <span class='ocrx_word' id='word_1_274' title='bbox 1259 2605 1558 2673; x_wconf 77' lang='grc' dir='ltr'>νηχόμενον</span> <span class='ocrx_word' id='word_1_275' title='bbox 1592 2604 1656 2652; x_wconf 84' lang='grc' dir='ltr'><strong>ὲκ</strong></span> <span class='ocrx_word' id='word_1_276' title='bbox 1695 2602 1909 2651; x_wconf 77' lang='grc' dir='ltr'>κόλπων</span> 
     </span>
    </p>
   </div>
   <div class='ocr_carea' id='block_1_40' title="bbox 322 2687 1909 2769">
    <p class='ocr_par' dir='ltr' id='par_1_40' title="bbox 322 2687 1909 2769">
     <span class='ocr_line' id='line_1_40' title="bbox 322 2687 1909 2769; baseline -0.004 -25"><span class='ocrx_word' id='word_1_277' title='bbox 322 2691 526 2769; x_wconf 74' lang='grc' dir='ltr'>βυθίων</span> <span class='ocrx_word' id='word_1_278' title='bbox 551 2694 850 2762; x_wconf 81' lang='grc' dir='ltr'><strong>ἀνήγαγον.</strong></span> <span class='ocrx_word' id='word_1_279' title='bbox 884 2694 1082 2747; x_wconf 86' lang='grc' dir='ltr'>Ξόανον</span> <span class='ocrx_word' id='word_1_280' title='bbox 1110 2691 1177 2763; x_wconf 78' lang='grc' dir='ltr'>ἦν</span> <span class='ocrx_word' id='word_1_281' title='bbox 1207 2693 1549 2763; x_wconf 78' lang='grc' dir='ltr'>ἀνδρείκελον</span> <span class='ocrx_word' id='word_1_282' title='bbox 1567 2731 1583 2755; x_wconf 95' lang='grc'><strong>,</strong></span> <span class='ocrx_word' id='word_1_283' title='bbox 1617 2692 1678 2743; x_wconf 84' lang='grc' dir='ltr'>ὲκ</span> <span class='ocrx_word' id='word_1_284' title='bbox 1707 2687 1909 2758; x_wconf 83' lang='grc' dir='ltr'>χαλκοῦ</span> 
     </span>
    </p>
   </div>
   <div class='ocr_carea' id='block_1_41' title="bbox 321 2780 1907 2852">
    <p class='ocr_par' dir='ltr' id='par_1_41' title="bbox 321 2780 1907 2852">
     <span class='ocr_line' id='line_1_41' title="bbox 321 2780 1907 2852; baseline -0.003 -17"><span class='ocrx_word' id='word_1_285' title='bbox 321 2783 485 2851; x_wconf 58' lang='grc' dir='ltr'>λαχὸν</span> <span class='ocrx_word' id='word_1_286' title='bbox 511 2783 609 2851; x_wconf 80' lang='grc' dir='ltr'>τὴν</span> <span class='ocrx_word' id='word_1_287' title='bbox 638 2783 960 2849; x_wconf 77' lang='grc' dir='ltr'>ὑπόστασιν,</span> <span class='ocrx_word' id='word_1_288' title='bbox 993 2784 1256 2847; x_wconf 69' lang='grc' dir='ltr'>εἰκονίζον</span> <span class='ocrx_word' id='word_1_289' title='bbox 1294 2786 1475 2852; x_wconf 80' lang='grc' dir='ltr'>μορφῇ</span> <span class='ocrx_word' id='word_1_290' title='bbox 1508 2783 1597 2835; x_wconf 82' lang='grc' dir='ltr'><strong>τὸν</strong></span> <span class='ocrx_word' id='word_1_291' title='bbox 1628 2780 1907 2849; x_wconf 77' lang='grc' dir='ltr'>Θεόφιλον,</span> 
     </span>
    </p>
   </div>
   <div class='ocr_carea' id='block_1_42' title="bbox 321 2872 1909 2946">
    <p class='ocr_par' dir='ltr' id='par_1_42' title="bbox 321 2872 1909 2946">
     <span class='ocr_line' id='line_1_42' title="bbox 321 2872 1909 2946; baseline -0.003 -20"><span class='ocrx_word' id='word_1_292' title='bbox 321 2877 417 2926; x_wconf 72' lang='grc' dir='ltr'><strong>καὶ</strong></span> <span class='ocrx_word' id='word_1_293' title='bbox 461 2876 623 2944; x_wconf 72' lang='grc' dir='ltr'>ἥλους</span> <span class='ocrx_word' id='word_1_294' title='bbox 659 2878 784 2928; x_wconf 81' lang='grc' dir='ltr'>ποσὶ</span> <span class='ocrx_word' id='word_1_295' title='bbox 816 2877 913 2929; x_wconf 74' lang='grc' dir='ltr'>καὶ</span> <span class='ocrx_word' id='word_1_296' title='bbox 947 2894 1004 2945; x_wconf 86' lang='grc' dir='ltr'><strong>χε</strong></span> <span class='ocrx_word' id='word_1_297' title='bbox 1018 2878 1104 2946; x_wconf 73' lang='lat' dir='ltr'><strong>pol.</strong></span> <span class='ocrx_word' id='word_1_298' title='bbox 1137 2875 1551 2945; x_wconf 84' lang='grc' dir='ltr'>καθηλωθὲντας</span> <span class='ocrx_word' id='word_1_299' title='bbox 1596 2874 1757 2943; x_wconf 79' lang='grc' dir='ltr'>ἔφερε</span> <span class='ocrx_word' id='word_1_300' title='bbox 1785 2872 1909 2923; x_wconf 84' lang='grc' dir='ltr'>τέτ-</span> 
     </span>
    </p>
   </div>
   <div class='ocr_carea' id='block_1_43' title="bbox 318 2966 1907 3037">
    <p class='ocr_par' dir='ltr' id='par_1_43' title="bbox 318 2966 1907 3037">
     <span class='ocr_line' id='line_1_43' title="bbox 318 2966 1907 3037; baseline -0.003 -18"><span class='ocrx_word' id='word_1_301' title='bbox 318 2984 516 3035; x_wconf 83' lang='grc' dir='ltr'>ταρας,</span> <span class='ocrx_word' id='word_1_302' title='bbox 543 2968 675 3035; x_wconf 82' lang='grc' dir='ltr'>ἥλου</span> <span class='ocrx_word' id='word_1_303' title='bbox 721 2969 836 3029; x_wconf 77' lang='grc' dir='ltr'>ἑνὸς</span> <span class='ocrx_word' id='word_1_304' title='bbox 885 2968 1009 3022; x_wconf 83' lang='grc' dir='ltr'>καθ’</span> <span class='ocrx_word' id='word_1_305' title='bbox 1037 2970 1267 3021; x_wconf 80' lang='grc' dir='ltr'>ἑκάστου</span> <span class='ocrx_word' id='word_1_306' title='bbox 1322 2968 1517 3037; x_wconf 83' lang='grc' dir='ltr'>μέλους</span> <span class='ocrx_word' id='word_1_307' title='bbox 1552 2966 1907 3035; x_wconf 81' lang='grc' dir='ltr'>ὑπάρχοντος.</span> 
     </span>
    </p>
   </div>
   <div class='ocr_carea' id='block_1_44' title="bbox 322 3058 1906 3129">
    <p class='ocr_par' dir='ltr' id='par_1_44' title="bbox 322 3058 1906 3129">
     <span class='ocr_line' id='line_1_44' title="bbox 322 3058 1906 3129; baseline -0.002 -19"><span class='ocrx_word' id='word_1_308' title='bbox 322 3060 505 3128; x_wconf 88' lang='grc' dir='ltr'>’Ὀπερ</span> <span class='ocrx_word' id='word_1_309' title='bbox 532 3061 580 3111; x_wconf 79' lang='grc' dir='ltr'><strong>οἱ</strong></span> <span class='ocrx_word' id='word_1_310' title='bbox 613 3060 880 3129; x_wconf 82' lang='grc' dir='ltr'>παρόντες</span> <span class='ocrx_word' id='word_1_311' title='bbox 908 3060 1189 3128; x_wconf 85' lang='grc' dir='ltr'>θεώμενοι,</span> <span class='ocrx_word' id='word_1_312' title='bbox 1220 3059 1573 3128; x_wconf 84' lang='grc' dir='ltr'>πολυτρόπως</span> <span class='ocrx_word' id='word_1_313' title='bbox 1609 3058 1906 3122; x_wconf 75' lang='grc' dir='ltr'>ἐξίσταντο,</span> 
     </span>
    </p>
   </div>
   <div class='ocr_carea' id='block_1_45' title="bbox 318 3145 1977 3219">
    <p class='ocr_par' dir='ltr' id='par_1_45' title="bbox 318 3145 1977 3219">
     <span class='ocr_line' id='line_1_45' title="bbox 318 3145 1977 3219; baseline -0.003 -18"><span class='ocrx_word' id='word_1_314' title='bbox 318 3147 374 3201; x_wconf 83' lang='grc' dir='ltr'><strong>τί</strong></span> <span class='ocrx_word' id='word_1_315' title='bbox 416 3149 463 3201; x_wconf 89' lang='grc' dir='ltr'>δ’</span> <span class='ocrx_word' id='word_1_316' title='bbox 486 3145 555 3219; x_wconf 78' lang='grc' dir='ltr'>ἦν</span> <span class='ocrx_word' id='word_1_317' title='bbox 582 3151 643 3202; x_wconf 85' lang='grc' dir='ltr'><strong>τὸ</strong></span> <span class='ocrx_word' id='word_1_318' title='bbox 678 3151 1002 3219; x_wconf 74' lang='grc' dir='ltr'>φαινόμενον</span> <span class='ocrx_word' id='word_1_319' title='bbox 1031 3152 1132 3203; x_wconf 77' lang='grc' dir='ltr'><strong>οὐκ</strong></span> <span class='ocrx_word' id='word_1_320' title='bbox 1161 3152 1459 3217; x_wconf 67' lang='grc' dir='ltr'>ἐγίνωσκον</span> <span class='ocrx_word' id='word_1_321' title='bbox 1483 3166 1495 3179; x_wconf 82' lang='lat'>&#39;</span> <span class='ocrx_word' id='word_1_322' title='bbox 1528 3148 1646 3201; x_wconf 82' lang='grc' dir='ltr'>ὅθεν</span> <span class='ocrx_word' id='word_1_323' title='bbox 1690 3148 1906 3200; x_wconf 63' lang='grc' dir='ltr'><strong>καῦτὼν</strong></span> <span class='ocrx_word' id='word_1_324' title='bbox 1935 3162 1977 3218; x_wconf 78' lang='lat' dir='ltr'><strong><em>C</em></strong></span> 
     </span>
    </p>
   </div>
   <div class='ocr_carea' id='block_1_46' title="bbox 323 3240 1901 3311">
    <p class='ocr_par' dir='ltr' id='par_1_46' title="bbox 323 3240 1901 3311">
     <span class='ocr_line' id='line_1_46' title="bbox 323 3240 1901 3311; baseline -0.003 -20"><span class='ocrx_word' id='word_1_325' title='bbox 323 3240 649 3311; x_wconf 77' lang='grc' dir='ltr'>μαχομένων</span> <span class='ocrx_word' id='word_1_326' title='bbox 668 3243 695 3293; x_wconf 87' lang='grc' dir='ltr'>ό</span> <span class='ocrx_word' id='word_1_327' title='bbox 718 3241 953 3310; x_wconf 87' lang='grc' dir='ltr'>πόλεμος</span> <span class='ocrx_word' id='word_1_328' title='bbox 974 3242 1271 3307; x_wconf 78' lang='grc' dir='ltr'>πέπαυται,</span> <span class='ocrx_word' id='word_1_329' title='bbox 1292 3240 1695 3311; x_wconf 78' lang='grc' dir='ltr'>φανερωθέντος</span> <span class='ocrx_word' id='word_1_330' title='bbox 1723 3240 1901 3299; x_wconf 69' lang='grc' dir='ltr'>αὐτοῖς</span> 
     </span>
    </p>
   </div>
   <div class='ocr_carea' id='block_1_47' title="bbox 317 3329 785 3402">
    <p class='ocr_par' dir='ltr' id='par_1_47' title="bbox 317 3329 785 3402">
     <span class='ocr_line' id='line_1_47' title="bbox 317 3329 785 3402; baseline 0.004 -18"><span class='ocrx_word' id='word_1_331' title='bbox 317 3329 417 3384; x_wconf 76' lang='grc' dir='ltr'><strong>τοῦ</strong></span> <span class='ocrx_word' id='word_1_332' title='bbox 450 3331 785 3402; x_wconf 76' lang='grc' dir='ltr'>εὑρήματος.</span> 
     </span>
    </p>
   </div>
   <div class='ocr_carea' id='block_1_48' title="bbox 392 3601 1904 3674">
    <p class='ocr_par' dir='ltr' id='par_1_48' title="bbox 392 3601 1904 3674">
     <span class='ocr_line' id='line_1_48' title="bbox 392 3601 1904 3674; baseline -0.003 -17"><span class='ocrx_word' id='word_1_333' title='bbox 392 3604 503 3659; x_wconf 70' lang='grc' dir='ltr'><strong>Καὶ</strong></span> <span class='ocrx_word' id='word_1_334' title='bbox 554 3605 752 3674; x_wconf 82' lang='grc' dir='ltr'>μικροῦ</span> <span class='ocrx_word' id='word_1_335' title='bbox 778 3604 841 3656; x_wconf 81' lang='grc' dir='ltr'><strong>ἂν</strong></span> <span class='ocrx_word' id='word_1_336' title='bbox 869 3603 999 3656; x_wconf 72' lang='grc' dir='ltr'>αὐτὸ</span> <span class='ocrx_word' id='word_1_337' title='bbox 1028 3603 1436 3655; x_wconf 80' lang='grc' dir='ltr'>ἐνθαλαττεύειν</span> <span class='ocrx_word' id='word_1_338' title='bbox 1494 3601 1771 3664; x_wconf 78' lang='grc' dir='ltr'>ὲνέόαλον,</span> <span class='ocrx_word' id='word_1_339' title='bbox 1810 3601 1904 3653; x_wconf 75' lang='grc' dir='ltr'><strong>καὶ</strong></span> 
     </span>
    </p>
   </div>
   <div class='ocr_carea' id='block_1_49' title="bbox 320 3692 1903 3766">
    <p class='ocr_par' dir='ltr' id='par_1_49' title="bbox 320 3692 1903 3766">
     <span class='ocr_line' id='line_1_49' title="bbox 320 3692 1903 3766; baseline -0.005 -17"><span class='ocrx_word' id='word_1_340' title='bbox 320 3695 532 3766; x_wconf 79' lang='grc' dir='ltr'>κύμασι</span> <span class='ocrx_word' id='word_1_341' title='bbox 565 3699 625 3748; x_wconf 86' lang='grc' dir='ltr'><strong>τδ</strong></span> <span class='ocrx_word' id='word_1_342' title='bbox 647 3696 906 3754; x_wconf 79' lang='grc' dir='ltr'>δυσσεϐὲς</span> <span class='ocrx_word' id='word_1_343' title='bbox 932 3695 1176 3764; x_wconf 71' lang='grc' dir='ltr'>ἔκρυψαν</span> <span class='ocrx_word' id='word_1_344' title='bbox 1204 3694 1408 3764; x_wconf 79' lang='grc' dir='ltr'>θέαμα,</span> <span class='ocrx_word' id='word_1_345' title='bbox 1442 3693 1705 3761; x_wconf 77' lang='grc' dir='ltr'>Θεοφίλου</span> <span class='ocrx_word' id='word_1_346' title='bbox 1736 3692 1903 3760; x_wconf 81' lang='grc' dir='ltr'>μηδε-</span> 
     </span>
    </p>
   </div>
   <div class='ocr_carea' id='block_1_50' title="bbox 320 3784 1902 3861">
    <p class='ocr_par' dir='ltr' id='par_1_50' title="bbox 320 3784 1902 3861">
     <span class='ocr_line' id='line_1_50' title="bbox 320 3784 1902 3861; baseline -0.004 -22"><span class='ocrx_word' id='word_1_347' title='bbox 320 3788 453 3861; x_wconf 89' lang='grc' dir='ltr'>μίαν</span> <span class='ocrx_word' id='word_1_348' title='bbox 514 3786 765 3855; x_wconf 79' lang='grc' dir='ltr'>εὑρόντος</span> <span class='ocrx_word' id='word_1_349' title='bbox 820 3786 1105 3851; x_wconf 60' lang='grc' dir='ltr'>ὠφέλειαν,</span> <span class='ocrx_word' id='word_1_350' title='bbox 1158 3787 1205 3837; x_wconf 86' lang='grc' dir='ltr'><strong>εί</strong></span> <span class='ocrx_word' id='word_1_351' title='bbox 1252 3784 1328 3854; x_wconf 84' lang='grc' dir='ltr'><strong>μὴ</strong></span> <span class='ocrx_word' id='word_1_352' title='bbox 1356 3785 1519 3837; x_wconf 82' lang='grc' dir='ltr'>πάλιν</span> <span class='ocrx_word' id='word_1_353' title='bbox 1541 3786 1591 3836; x_wconf 79' lang='lat' dir='ltr'><strong>oi</strong></span> <span class='ocrx_word' id='word_1_354' title='bbox 1628 3784 1902 3852; x_wconf 85' lang='grc' dir='ltr'>μάρτυρες</span> 
     </span>
    </p>
   </div>
   <div class='ocr_carea' id='block_1_51' title="bbox 316 3871 1897 3945">
    <p class='ocr_par' dir='ltr' id='par_1_51' title="bbox 316 3871 1897 3945">
     <span class='ocr_line' id='line_1_51' title="bbox 316 3871 1897 3945; baseline -0.004 -15"><span class='ocrx_word' id='word_1_355' title='bbox 316 3878 412 3930; x_wconf 85' lang='grc' dir='ltr'>τὸν</span> <span class='ocrx_word' id='word_1_356' title='bbox 445 3878 730 3943; x_wconf 74' lang='grc' dir='ltr'>οἰκονόμον</span> <span class='ocrx_word' id='word_1_357' title='bbox 759 3879 1100 3945; x_wconf 83' lang='grc' dir='ltr'>κινήσαντες,</span> <span class='ocrx_word' id='word_1_358' title='bbox 1124 3877 1250 3928; x_wconf 78' lang='grc' dir='ltr'>τὸτί</span> <span class='ocrx_word' id='word_1_359' title='bbox 1283 3877 1349 3928; x_wconf 81' lang='grc' dir='ltr'>ἂν</span> <span class='ocrx_word' id='word_1_360' title='bbox 1372 3872 1482 3927; x_wconf 87' lang='grc' dir='ltr'>εἷεν</span> <span class='ocrx_word' id='word_1_361' title='bbox 1512 3877 1561 3926; x_wconf 86' lang='grc' dir='ltr'>οἱ</span> <span class='ocrx_word' id='word_1_362' title='bbox 1585 3871 1705 3945; x_wconf 80' lang='grc' dir='ltr'>ἧλοι</span> <span class='ocrx_word' id='word_1_363' title='bbox 1738 3873 1897 3941; x_wconf 72' lang='grc' dir='ltr'><strong>ζητῆ-</strong></span> 
     </span>
    </p>
   </div>
   <div class='ocr_carea' id='block_1_52' title="bbox 320 3966 1903 4036">
    <p class='ocr_par' dir='ltr' id='par_1_52' title="bbox 320 3966 1903 4036">
     <span class='ocr_line' id='line_1_52' title="bbox 320 3966 1903 4036; baseline 0.001 -18"><span class='ocrx_word' id='word_1_364' title='bbox 320 3984 415 4021; x_wconf 82' lang='grc' dir='ltr'><strong>σαι</strong></span> <span class='ocrx_word' id='word_1_365' title='bbox 442 3968 491 4019; x_wconf 83' lang='grc' dir='ltr'>οί</span> <span class='ocrx_word' id='word_1_366' title='bbox 520 3968 975 4036; x_wconf 81' lang='grc' dir='ltr'>προσπεπηγότες</span> <span class='ocrx_word' id='word_1_367' title='bbox 1026 3968 1281 4035; x_wconf 78' lang='grc' dir='ltr'>τέτρασιν</span> <span class='ocrx_word' id='word_1_368' title='bbox 1342 3966 1659 4035; x_wconf 80' lang='grc' dir='ltr'>ἀνδριάντος</span> <span class='ocrx_word' id='word_1_369' title='bbox 1682 3967 1793 4026; x_wconf 82' lang='grc' dir='ltr'>τοῖς</span> <span class='ocrx_word' id='word_1_370' title='bbox 1815 3967 1903 4034; x_wconf 83' lang='grc' dir='ltr'>μέ-</span> 
     </span>
    </p>
   </div>
   <div class='ocr_carea' id='block_1_53' title="bbox 316 4057 1900 4127">
    <p class='ocr_par' dir='ltr' id='par_1_53' title="bbox 316 4057 1900 4127">
     <span class='ocr_line' id='line_1_53' title="bbox 316 4057 1900 4127; baseline -0.001 -16"><span class='ocrx_word' id='word_1_371' title='bbox 316 4060 470 4111; x_wconf 87' lang='grc' dir='ltr'>λεσιν</span> <span class='ocrx_word' id='word_1_372' title='bbox 486 4076 498 4087; x_wconf 93' lang='grc'><strong>·</strong></span> <span class='ocrx_word' id='word_1_373' title='bbox 522 4058 642 4110; x_wconf 78' lang='grc' dir='ltr'>ὅθεν</span> <span class='ocrx_word' id='word_1_374' title='bbox 661 4058 767 4110; x_wconf 84' lang='grc' dir='ltr'>τῶν</span> <span class='ocrx_word' id='word_1_375' title='bbox 796 4058 1161 4127; x_wconf 84' lang='grc' dir='ltr'>παρεστώτων</span> <span class='ocrx_word' id='word_1_376' title='bbox 1177 4060 1283 4112; x_wconf 74' lang='grc' dir='ltr'>τινὶ</span> <span class='ocrx_word' id='word_1_377' title='bbox 1304 4059 1577 4127; x_wconf 75' lang='grc' dir='ltr'>ἀποσπᾷν,</span> <span class='ocrx_word' id='word_1_378' title='bbox 1599 4062 1646 4109; x_wconf 79' lang='grc' dir='ltr'>εἰ</span> <span class='ocrx_word' id='word_1_379' title='bbox 1664 4057 1900 4121; x_wconf 77' lang='grc' dir='ltr'>δύναιτο,</span> 
     </span>
    </p>
   </div>
   <div class='ocr_carea' id='block_1_54' title="bbox 316 4148 1906 4218">
    <p class='ocr_par' dir='ltr' id='par_1_54' title="bbox 316 4148 1906 4218">
     <span class='ocr_line' id='line_1_54' title="bbox 316 4148 1906 4218; baseline -0.001 -18"><span class='ocrx_word' id='word_1_380' title='bbox 316 4148 446 4209; x_wconf 78' lang='grc' dir='ltr'>τοὺς</span> <span class='ocrx_word' id='word_1_381' title='bbox 475 4148 639 4216; x_wconf 78' lang='grc' dir='ltr'>ἥλους</span> <span class='ocrx_word' id='word_1_382' title='bbox 674 4149 982 4205; x_wconf 72' lang='grc' dir='ltr'>ἐκέλευσεν.</span> <span class='ocrx_word' id='word_1_383' title='bbox 1016 4149 1101 4210; x_wconf 82' lang='grc' dir='ltr'>Ὠς</span> <span class='ocrx_word' id='word_1_384' title='bbox 1131 4148 1187 4200; x_wconf 77' lang='grc' dir='ltr'><strong>δὲ</strong></span> <span class='ocrx_word' id='word_1_385' title='bbox 1209 4149 1300 4203; x_wconf 79' lang='grc' dir='ltr'><strong>τὸν</strong></span> <span class='ocrx_word' id='word_1_386' title='bbox 1332 4149 1626 4218; x_wconf 83' lang='grc' dir='ltr'>ἀνδριάντα</span> <span class='ocrx_word' id='word_1_387' title='bbox 1678 4148 1906 4217; x_wconf 81' lang='grc' dir='ltr'>δεξάμε-</span> 
     </span>
    </p>
   </div>
   <div class='ocr_carea' id='block_1_55' title="bbox 318 4238 1901 4308">
    <p class='ocr_par' dir='ltr' id='par_1_55' title="bbox 318 4238 1901 4308">
     <span class='ocr_line' id='line_1_55' title="bbox 318 4238 1901 4308; baseline 0.001 -20"><span class='ocrx_word' id='word_1_388' title='bbox 318 4255 409 4300; x_wconf 89' lang='grc' dir='ltr'><strong>νος</strong></span> <span class='ocrx_word' id='word_1_389' title='bbox 432 4238 564 4305; x_wconf 79' lang='grc' dir='ltr'>ἧλον</span> <span class='ocrx_word' id='word_1_390' title='bbox 587 4255 646 4289; x_wconf 87' lang='grc' dir='ltr'><strong>τε</strong></span> <span class='ocrx_word' id='word_1_391' title='bbox 664 4239 758 4289; x_wconf 79' lang='grc' dir='ltr'>τοῦ</span> <span class='ocrx_word' id='word_1_392' title='bbox 785 4242 850 4307; x_wconf 81' lang='grc' dir='ltr'>τῇ</span> <span class='ocrx_word' id='word_1_393' title='bbox 876 4239 1024 4308; x_wconf 79' lang='grc' dir='ltr'>δεξιᾷ</span> <span class='ocrx_word' id='word_1_394' title='bbox 1047 4241 1190 4308; x_wconf 76' lang='grc' dir='ltr'>χειρὶ</span> <span class='ocrx_word' id='word_1_395' title='bbox 1214 4239 1525 4308; x_wconf 82' lang='grc' dir='ltr'>πεπηγότος</span> <span class='ocrx_word' id='word_1_396' title='bbox 1540 4239 1901 4308; x_wconf 80' lang='grc' dir='ltr'>δραξάμενος,</span> 
     </span>
    </p>
   </div>
   <div class='ocr_carea' id='block_1_56' title="bbox 319 4323 1907 4396">
    <p class='ocr_par' dir='ltr' id='par_1_56' title="bbox 319 4323 1907 4396">
     <span class='ocr_line' id='line_1_56' title="bbox 319 4323 1907 4396; baseline -0.001 -17"><span class='ocrx_word' id='word_1_397' title='bbox 319 4328 421 4380; x_wconf 75' lang='grc' dir='ltr'><strong>σὺν</strong></span> <span class='ocrx_word' id='word_1_398' title='bbox 450 4326 679 4394; x_wconf 85' lang='grc' dir='ltr'>δυνάμει</span> <span class='ocrx_word' id='word_1_399' title='bbox 706 4328 873 4395; x_wconf 83' lang='grc' dir='ltr'>πολλῇ</span> <span class='ocrx_word' id='word_1_400' title='bbox 908 4328 1096 4395; x_wconf 66' lang='grc' dir='ltr'>βιαίως</span> <span class='ocrx_word' id='word_1_401' title='bbox 1123 4329 1353 4390; x_wconf 77' lang='grc' dir='ltr'>ἑλκύσας</span> <span class='ocrx_word' id='word_1_402' title='bbox 1370 4329 1661 4396; x_wconf 79' lang='grc' dir='ltr'>ἀφήλωσεν</span> <span class='ocrx_word' id='word_1_403' title='bbox 1683 4345 1696 4359; x_wconf 89' lang='grc'><strong>·</strong></span> <span class='ocrx_word' id='word_1_404' title='bbox 1734 4323 1907 4396; x_wconf 69' lang='grc' dir='ltr'>οὗπερ</span> 
     </span>
    </p>
   </div>
   <div class='ocr_carea' id='block_1_57' title="bbox 316 4417 1896 4488">
    <p class='ocr_par' dir='ltr' id='par_1_57' title="bbox 316 4417 1896 4488">
     <span class='ocr_line' id='line_1_57' title="bbox 316 4417 1896 4488; baseline -0.001 -18"><span class='ocrx_word' id='word_1_405' title='bbox 316 4418 789 4480; x_wconf 80' lang='grc' dir='ltr'>ἀποσπασθέντος,</span> <span class='ocrx_word' id='word_1_406' title='bbox 828 4421 859 4487; x_wconf 84' lang='grc' dir='ltr'><strong>ή</strong></span> <span class='ocrx_word' id='word_1_407' title='bbox 896 4418 1043 4482; x_wconf 72' lang='grc' dir='ltr'>δεξιά</span> <span class='ocrx_word' id='word_1_408' title='bbox 1070 4419 1331 4484; x_wconf 72' lang='grc' dir='ltr'>Θεοφίλου</span> <span class='ocrx_word' id='word_1_409' title='bbox 1396 4420 1519 4488; x_wconf 79' lang='grc' dir='ltr'>χεὶρ</span> <span class='ocrx_word' id='word_1_410' title='bbox 1575 4417 1738 4479; x_wconf 77' lang='grc' dir='ltr'>εὐθὺς</span> <span class='ocrx_word' id='word_1_411' title='bbox 1788 4419 1896 4469; x_wconf 84' lang='grc' dir='ltr'>ἀπ-</span> 
     </span>
    </p>
   </div>
   <div class='ocr_carea' id='block_1_58' title="bbox 2081 1685 3589 1761">
    <p class='ocr_par' dir='ltr' id='par_1_58' title="bbox 2081 1685 3589 1761">
     <span class='ocr_line' id='line_1_58' title="bbox 2081 1685 3589 1761; baseline 0.004 -24"><span class='ocrx_word' id='word_1_412' title='bbox 2081 1685 2326 1755; x_wconf 89' lang='lat' dir='ltr'><strong>Cumque</strong></span> <span class='ocrx_word' id='word_1_413' title='bbox 2368 1689 2574 1742; x_wconf 86' lang='lat' dir='ltr'><strong>diutius</strong></span> <span class='ocrx_word' id='word_1_414' title='bbox 2611 1691 2818 1760; x_wconf 87' lang='lat' dir='ltr'><strong>jurgati</strong></span> <span class='ocrx_word' id='word_1_415' title='bbox 2859 1692 2997 1761; x_wconf 82' lang='lat' dir='ltr'><strong>[cod.</strong></span> <span class='ocrx_word' id='word_1_416' title='bbox 3035 1690 3334 1761; x_wconf 84' lang='lat' dir='ltr'><strong>ohjnrgati]</strong></span> <span class='ocrx_word' id='word_1_417' title='bbox 3368 1691 3589 1759; x_wconf 86' lang='lat' dir='ltr'><strong>acquie-</strong></span> 
     </span>
    </p>
   </div>
   <div class='ocr_carea' id='block_1_59' title="bbox 2011 1780 3591 1846">
    <p class='ocr_par' dir='ltr' id='par_1_59' title="bbox 2011 1780 3591 1846">
     <span class='ocr_line' id='line_1_59' title="bbox 2011 1780 3591 1846; baseline 0.005 -19"><span class='ocrx_word' id='word_1_418' title='bbox 2011 1788 2165 1828; x_wconf 87' lang='lat' dir='ltr'><strong>scere</strong></span> <span class='ocrx_word' id='word_1_419' title='bbox 2210 1785 2403 1831; x_wconf 85' lang='lat' dir='ltr'><strong>inntuo</strong></span> <span class='ocrx_word' id='word_1_420' title='bbox 2455 1780 2675 1833; x_wconf 90' lang='lat' dir='ltr'><strong>minime</strong></span> <span class='ocrx_word' id='word_1_421' title='bbox 2718 1781 3050 1846; x_wconf 86' lang='lat' dir='ltr'><strong>valuissent,</strong></span> <span class='ocrx_word' id='word_1_422' title='bbox 3102 1781 3196 1834; x_wconf 88' lang='lat' dir='ltr'><strong>sed</strong></span> <span class='ocrx_word' id='word_1_423' title='bbox 3247 1795 3349 1834; x_wconf 89' lang='lat' dir='ltr'><strong>nec</strong></span> <span class='ocrx_word' id='word_1_424' title='bbox 3398 1781 3591 1835; x_wconf 87' lang='lat' dir='ltr'><strong>cedere</strong></span> 
     </span>
    </p>
   </div>
   <div class='ocr_carea' id='block_1_60' title="bbox 2012 1869 3587 1943">
    <p class='ocr_par' dir='ltr' id='par_1_60' title="bbox 2012 1869 3587 1943">
     <span class='ocr_line' id='line_1_60' title="bbox 2012 1869 3587 1943; baseline 0.008 -24"><span class='ocrx_word' id='word_1_425' title='bbox 2012 1869 2207 1921; x_wconf 89' lang='lat' dir='ltr'><strong>iterum</strong></span> <span class='ocrx_word' id='word_1_426' title='bbox 2274 1872 2504 1924; x_wconf 82' lang='lat' dir='ltr'><strong>invicem</strong></span> <span class='ocrx_word' id='word_1_427' title='bbox 2560 1875 2953 1941; x_wconf 84' lang='lat' dir='ltr'><strong>pertulissent,</strong></span> <span class='ocrx_word' id='word_1_428' title='bbox 3024 1876 3091 1929; x_wconf 91' lang='lat' dir='ltr'><strong>ad</strong></span> <span class='ocrx_word' id='word_1_429' title='bbox 3150 1876 3587 1943; x_wconf 88' lang='lat' dir='ltr'><strong>dispensatorem</strong></span> 
     </span>
    </p>
   </div>
   <div class='ocr_carea' id='block_1_61' title="bbox 2014 1956 3591 2030">
    <p class='ocr_par' dir='ltr' id='par_1_61' title="bbox 2014 1956 3591 2030">
     <span class='ocr_line' id='line_1_61' title="bbox 2014 1956 3591 2030; baseline 0.008 -23"><span class='ocrx_word' id='word_1_430' title='bbox 2014 1956 2201 2025; x_wconf 88' lang='lat' dir='ltr'><strong>templi</strong></span> <span class='ocrx_word' id='word_1_431' title='bbox 2251 1970 2536 2024; x_wconf 86' lang='lat' dir='ltr'><strong>venerunt,</strong></span> <span class='ocrx_word' id='word_1_432' title='bbox 2587 1962 2732 2016; x_wconf 92' lang='lat' dir='ltr'><strong>hunc</strong></span> <span class='ocrx_word' id='word_1_433' title='bbox 2777 1963 3019 2030; x_wconf 85' lang='lat' dir='ltr'><strong>judicem</strong></span> <span class='ocrx_word' id='word_1_434' title='bbox 3070 1966 3461 2019; x_wconf 77' lang='lat' dir='ltr'><strong>controversia:</strong></span> <span class='ocrx_word' id='word_1_435' title='bbox 3500 1980 3591 2019; x_wconf 88' lang='lat' dir='ltr'><strong>ac-</strong></span> 
     </span>
    </p>
   </div>
   <div class='ocr_carea' id='block_1_62' title="bbox 2012 2050 3589 2125">
    <p class='ocr_par' dir='ltr' id='par_1_62' title="bbox 2012 2050 3589 2125">
     <span class='ocr_line' id='line_1_62' title="bbox 2012 2050 3589 2125; baseline 0.006 -25"><span class='ocrx_word' id='word_1_436' title='bbox 2012 2050 2246 2114; x_wconf 89' lang='lat' dir='ltr'><strong>cepturi.</strong></span> <span class='ocrx_word' id='word_1_437' title='bbox 2296 2052 2364 2103; x_wconf 81' lang='lat' dir='ltr'><strong>At</strong></span> <span class='ocrx_word' id='word_1_438' title='bbox 2414 2052 2503 2105; x_wconf 86' lang='lat' dir='ltr'><strong>ille</strong></span> <span class='ocrx_word' id='word_1_439' title='bbox 2552 2054 2839 2105; x_wconf 86' lang='lat' dir='ltr'><strong>amborum</strong></span> <span class='ocrx_word' id='word_1_440' title='bbox 2890 2056 3071 2109; x_wconf 77' lang='lat' dir='ltr'><strong>verbis</strong></span> <span class='ocrx_word' id='word_1_441' title='bbox 3119 2057 3437 2125; x_wconf 86' lang='lat' dir='ltr'><strong>compertis,</strong></span> <span class='ocrx_word' id='word_1_442' title='bbox 3482 2072 3589 2110; x_wconf 91' lang='lat' dir='ltr'><strong>non</strong></span> 
     </span>
    </p>
   </div>
   <div class='ocr_carea' id='block_1_63' title="bbox 2011 2140 3585 2217">
    <p class='ocr_par' dir='ltr' id='par_1_63' title="bbox 2011 2140 3585 2217">
     <span class='ocr_line' id='line_1_63' title="bbox 2011 2140 3585 2217; baseline 0.006 -26"><span class='ocrx_word' id='word_1_443' title='bbox 2011 2140 2164 2207; x_wconf 89' lang='lat' dir='ltr'><strong>prius</strong></span> <span class='ocrx_word' id='word_1_444' title='bbox 2207 2141 2339 2196; x_wconf 86' lang='lat' dir='ltr'><strong>dare</strong></span> <span class='ocrx_word' id='word_1_445' title='bbox 2387 2145 2713 2197; x_wconf 86' lang='lat' dir='ltr'><strong>sententiam</strong></span> <span class='ocrx_word' id='word_1_446' title='bbox 2766 2147 3095 2214; x_wconf 87' lang='lat' dir='ltr'><strong>patiebatur,</strong></span> <span class='ocrx_word' id='word_1_447' title='bbox 3130 2147 3235 2200; x_wconf 82' lang='lat' dir='ltr'><strong>nisi</strong></span> <span class='ocrx_word' id='word_1_448' title='bbox 3268 2149 3585 2217; x_wconf 85' lang='lat' dir='ltr'><strong>operculum</strong></span> 
     </span>
    </p>
   </div>
   <div class='ocr_carea' id='block_1_64' title="bbox 2012 2235 3590 2308">
    <p class='ocr_par' dir='ltr' id='par_1_64' title="bbox 2012 2235 3590 2308">
     <span class='ocr_line' id='line_1_64' title="bbox 2012 2235 3590 2308; baseline 0.007 -25"><span class='ocrx_word' id='word_1_449' title='bbox 2012 2247 2319 2300; x_wconf 89' lang='lat' dir='ltr'><strong>aperuero,</strong></span> <span class='ocrx_word' id='word_1_450' title='bbox 2376 2235 2589 2302; x_wconf 85' lang='lat' dir='ltr'><strong>inquit,</strong></span> <span class='ocrx_word' id='word_1_451' title='bbox 2647 2244 2700 2289; x_wconf 92' lang='lat' dir='ltr'><strong>et</strong></span> <span class='ocrx_word' id='word_1_452' title='bbox 2758 2251 2881 2305; x_wconf 76' lang='lat' dir='ltr'><strong>quae</strong></span> <span class='ocrx_word' id='word_1_453' title='bbox 2936 2238 3212 2294; x_wconf 92' lang='lat' dir='ltr'><strong>introrsus</strong></span> <span class='ocrx_word' id='word_1_454' title='bbox 3276 2248 3406 2293; x_wconf 91' lang='lat' dir='ltr'><strong>sunt</strong></span> <span class='ocrx_word' id='word_1_455' title='bbox 3467 2241 3590 2308; x_wconf 84' lang='lat' dir='ltr'><strong>ejus</strong></span> 
     </span>
    </p>
   </div>
   <div class='ocr_carea' id='block_1_65' title="bbox 2012 2327 3591 2394">
    <p class='ocr_par' dir='ltr' id='par_1_65' title="bbox 2012 2327 3591 2394">
     <span class='ocr_line' id='line_1_65' title="bbox 2012 2327 3591 2394; baseline 0.006 -20"><span class='ocrx_word' id='word_1_456' title='bbox 2012 2336 2299 2389; x_wconf 81' lang='lat' dir='ltr'><strong>aspexero.</strong></span> <span class='ocrx_word' id='word_1_457' title='bbox 2337 2327 2535 2391; x_wconf 82' lang='lat' dir='ltr'><strong>Aperta</strong></span> <span class='ocrx_word' id='word_1_458' title='bbox 2581 2340 2711 2394; x_wconf 83' lang='lat' dir='ltr'><strong>ergo</strong></span> <span class='ocrx_word' id='word_1_459' title='bbox 2741 2342 2863 2380; x_wconf 91' lang='lat' dir='ltr'><strong>cum</strong></span> <span class='ocrx_word' id='word_1_460' title='bbox 2907 2328 3095 2382; x_wconf 82' lang='lat' dir='ltr'><strong>labore</strong></span> <span class='ocrx_word' id='word_1_461' title='bbox 3136 2330 3304 2382; x_wconf 90' lang='lat' dir='ltr'><strong>multo</strong></span> <span class='ocrx_word' id='word_1_462' title='bbox 3334 2330 3437 2383; x_wconf 90' lang='lat' dir='ltr'><strong>sub</strong></span> <span class='ocrx_word' id='word_1_463' title='bbox 3469 2345 3591 2383; x_wconf 84' lang='lat' dir='ltr'><strong>om-</strong></span> 
     </span>
    </p>
   </div>
   <div class='ocr_carea' id='block_1_66' title="bbox 2013 2412 3590 2476">
    <p class='ocr_par' dir='ltr' id='par_1_66' title="bbox 2013 2412 3590 2476">
     <span class='ocr_line' id='line_1_66' title="bbox 2013 2412 3590 2476; baseline 0.008 -14"><span class='ocrx_word' id='word_1_464' title='bbox 2013 2412 2161 2463; x_wconf 88' lang='lat' dir='ltr'><strong>nium</strong></span> <span class='ocrx_word' id='word_1_465' title='bbox 2195 2412 2372 2466; x_wconf 89' lang='lat' dir='ltr'><strong>oculis</strong></span> <span class='ocrx_word' id='word_1_466' title='bbox 2416 2416 2625 2476; x_wconf 87' lang='lat' dir='ltr'><strong>arcula,</strong></span> <span class='ocrx_word' id='word_1_467' title='bbox 2671 2418 2933 2471; x_wconf 77' lang='lat' dir='ltr'><strong>visionem</strong></span> <span class='ocrx_word' id='word_1_468' title='bbox 2977 2427 3216 2473; x_wconf 86' lang='lat' dir='ltr'><strong>atrocem</strong></span> <span class='ocrx_word' id='word_1_469' title='bbox 3251 2429 3305 2474; x_wconf 87' lang='lat' dir='ltr'><strong>et</strong></span> <span class='ocrx_word' id='word_1_470' title='bbox 3348 2421 3590 2476; x_wconf 66' lang='lat' dir='ltr'><strong>saevissi-</strong></span> 
     </span>
    </p>
   </div>
   <div class='ocr_carea' id='block_1_67' title="bbox 2014 2502 3589 2578">
    <p class='ocr_par' dir='ltr' id='par_1_67' title="bbox 2014 2502 3589 2578">
     <span class='ocr_line' id='line_1_67' title="bbox 2014 2502 3589 2578; baseline 0.01 -28"><span class='ocrx_word' id='word_1_471' title='bbox 2014 2514 2153 2551; x_wconf 89' lang='lat' dir='ltr'><strong>mam</strong></span> <span class='ocrx_word' id='word_1_472' title='bbox 2184 2502 2508 2568; x_wconf 87' lang='lat' dir='ltr'><strong>reperiebat,</strong></span> <span class='ocrx_word' id='word_1_473' title='bbox 2535 2514 2588 2557; x_wconf 87' lang='lat' dir='ltr'><strong>et</strong></span> <span class='ocrx_word' id='word_1_474' title='bbox 2619 2505 2693 2557; x_wconf 92' lang='lat' dir='ltr'><strong>nil</strong></span> <span class='ocrx_word' id='word_1_475' title='bbox 2738 2522 2925 2559; x_wconf 87' lang='lat' dir='ltr'><strong>eorum</strong></span> <span class='ocrx_word' id='word_1_476' title='bbox 2958 2524 3078 2576; x_wconf 67' lang='lat' dir='ltr'><strong>qua:</strong></span> <span class='ocrx_word' id='word_1_477' title='bbox 3114 2508 3166 2561; x_wconf 85' lang='lat' dir='ltr'><strong>hi</strong></span> <span class='ocrx_word' id='word_1_478' title='bbox 3204 2509 3297 2577; x_wconf 90' lang='lat' dir='ltr'><strong>qui</strong></span> <span class='ocrx_word' id='word_1_479' title='bbox 3333 2525 3589 2578; x_wconf 83' lang='lat' dir='ltr'><strong>reppere-</strong></span> 
     </span>
    </p>
   </div>
   <div class='ocr_carea' id='block_1_68' title="bbox 2014 2594 3591 2667">
    <p class='ocr_par' dir='ltr' id='par_1_68' title="bbox 2014 2594 3591 2667">
     <span class='ocr_line' id='line_1_68' title="bbox 2014 2594 3591 2667; baseline 0.009 -27"><span class='ocrx_word' id='word_1_480' title='bbox 2014 2598 2135 2642; x_wconf 90' lang='lat' dir='ltr'><strong>rant</strong></span> <span class='ocrx_word' id='word_1_481' title='bbox 2168 2594 2549 2655; x_wconf 85' lang='lat' dir='ltr'><strong>autumabant,</strong></span> <span class='ocrx_word' id='word_1_482' title='bbox 2585 2594 2690 2648; x_wconf 91' lang='lat' dir='ltr'><strong>nisi</strong></span> <span class='ocrx_word' id='word_1_483' title='bbox 2745 2597 2889 2664; x_wconf 87' lang='lat' dir='ltr'><strong>quod</strong></span> <span class='ocrx_word' id='word_1_484' title='bbox 2948 2613 3141 2653; x_wconf 85' lang='lat' dir='ltr'><strong>omnes</strong></span> <span class='ocrx_word' id='word_1_485' title='bbox 3186 2600 3279 2667; x_wconf 89' lang='lat' dir='ltr'><strong>qui</strong></span> <span class='ocrx_word' id='word_1_486' title='bbox 3334 2603 3591 2654; x_wconf 81' lang='lat' dir='ltr'><strong>astabant</strong></span> 
     </span>
    </p>
   </div>
   <div class='ocr_carea' id='block_1_69' title="bbox 2013 2678 3592 2761">
    <p class='ocr_par' dir='ltr' id='par_1_69' title="bbox 2013 2678 3592 2761">
     <span class='ocr_line' id='line_1_69' title="bbox 2013 2678 3592 2761; baseline 0.008 -31"><span class='ocrx_word' id='word_1_487' title='bbox 2013 2678 2195 2731; x_wconf 90' lang='lat' dir='ltr'><strong>intuiti</strong></span> <span class='ocrx_word' id='word_1_488' title='bbox 2252 2690 2401 2743; x_wconf 82' lang='lat' dir='ltr'><strong>sunt.</strong></span> <span class='ocrx_word' id='word_1_489' title='bbox 2447 2685 2702 2753; x_wconf 85' lang='lat' dir='ltr'><strong>quodque</strong></span> <span class='ocrx_word' id='word_1_490' title='bbox 2757 2689 2934 2743; x_wconf 86' lang='lat' dir='ltr'><strong>sancti</strong></span> <span class='ocrx_word' id='word_1_491' title='bbox 2983 2690 3353 2745; x_wconf 82' lang='lat' dir='ltr'><strong>miserationis</strong></span> <span class='ocrx_word' id='word_1_492' title='bbox 3403 2692 3592 2761; x_wconf 82' lang='lat' dir='ltr'><strong>pelago</strong></span> 
     </span>
    </p>
   </div>
   <div class='ocr_carea' id='block_1_70' title="bbox 2014 2772 3593 2842">
    <p class='ocr_par' dir='ltr' id='par_1_70' title="bbox 2014 2772 3593 2842">
     <span class='ocr_line' id='line_1_70' title="bbox 2014 2772 3593 2842; baseline 0.01 -24"><span class='ocrx_word' id='word_1_493' title='bbox 2014 2778 2230 2835; x_wconf 83' lang='lat' dir='ltr'><strong>natans,</strong></span> <span class='ocrx_word' id='word_1_494' title='bbox 2282 2787 2312 2825; x_wconf 88' lang='lat' dir='ltr'><strong>e</strong></span> <span class='ocrx_word' id='word_1_495' title='bbox 2370 2772 2661 2841; x_wconf 77' lang='lat' dir='ltr'><strong>profundis</strong></span> <span class='ocrx_word' id='word_1_496' title='bbox 2718 2777 2936 2831; x_wconf 87' lang='lat' dir='ltr'><strong>sinibus</strong></span> <span class='ocrx_word' id='word_1_497' title='bbox 2988 2780 3316 2842; x_wconf 84' lang='lat' dir='ltr'><strong>eduxerunt,</strong></span> <span class='ocrx_word' id='word_1_498' title='bbox 3371 2782 3593 2835; x_wconf 81' lang='lat' dir='ltr'><strong>sinuila-</strong></span> 
     </span>
    </p>
   </div>
   <div class='ocr_carea' id='block_1_71' title="bbox 2013 2862 3590 2937">
    <p class='ocr_par' dir='ltr' id='par_1_71' title="bbox 2013 2862 3590 2937">
     <span class='ocr_line' id='line_1_71' title="bbox 2013 2862 3590 2937; baseline 0.008 -27"><span class='ocrx_word' id='word_1_499' title='bbox 2013 2873 2166 2912; x_wconf 89' lang='lat' dir='ltr'><strong>crum</strong></span> <span class='ocrx_word' id='word_1_500' title='bbox 2219 2862 2490 2929; x_wconf 83' lang='lat' dir='ltr'><strong>videlicet,</strong></span> <span class='ocrx_word' id='word_1_501' title='bbox 2544 2867 2641 2919; x_wconf 88' lang='lat' dir='ltr'><strong>viri</strong></span> <span class='ocrx_word' id='word_1_502' title='bbox 2686 2872 3000 2936; x_wconf 83' lang='lat' dir='ltr'><strong>exprimens</strong></span> <span class='ocrx_word' id='word_1_503' title='bbox 3047 2870 3382 2937; x_wconf 82' lang='lat' dir='ltr'><strong>forinain,et</strong></span> <span class='ocrx_word' id='word_1_504' title='bbox 3423 2873 3590 2924; x_wconf 89' lang='lat' dir='ltr'><strong>sorti-</strong></span> 
     </span>
    </p>
   </div>
   <div class='ocr_carea' id='block_1_72' title="bbox 2014 2960 3590 3032">
    <p class='ocr_par' dir='ltr' id='par_1_72' title="bbox 2014 2960 3590 3032">
     <span class='ocr_line' id='line_1_72' title="bbox 2014 2960 3590 3032; baseline 0.009 -31"><span class='ocrx_word' id='word_1_505' title='bbox 2014 2960 2125 3002; x_wconf 91' lang='lat' dir='ltr'><strong>tum</strong></span> <span class='ocrx_word' id='word_1_506' title='bbox 2152 2968 2217 3004; x_wconf 85' lang='lat' dir='ltr'><strong>ex</strong></span> <span class='ocrx_word' id='word_1_507' title='bbox 2245 2965 2545 3010; x_wconf 62' lang='lat' dir='ltr'><strong>atramento</strong></span> <span class='ocrx_word' id='word_1_508' title='bbox 2590 2960 2981 3024; x_wconf 88' lang='lat' dir='ltr'><strong>substantiam,</strong></span> <span class='ocrx_word' id='word_1_509' title='bbox 3009 2971 3061 3015; x_wconf 91' lang='lat' dir='ltr'><strong>et</strong></span> <span class='ocrx_word' id='word_1_510' title='bbox 3088 2962 3391 3032; x_wconf 76' lang='lat' dir='ltr'><strong>imaginaris</strong></span> <span class='ocrx_word' id='word_1_511' title='bbox 3419 2961 3590 3031; x_wconf 87' lang='lat' dir='ltr'><strong>ﬁgura</strong></span> 
     </span>
    </p>
   </div>
   <div class='ocr_carea' id='block_1_73' title="bbox 2014 3038 3590 3120">
    <p class='ocr_par' dir='ltr' id='par_1_73' title="bbox 2014 3038 3590 3120">
     <span class='ocr_line' id='line_1_73' title="bbox 2014 3038 3590 3120; baseline 0.01 -29"><span class='ocrx_word' id='word_1_512' title='bbox 2014 3038 2400 3110; x_wconf 87' lang='lat' dir='ltr'><strong>Theophilum,</strong></span> <span class='ocrx_word' id='word_1_513' title='bbox 2429 3056 2482 3099; x_wconf 86' lang='lat' dir='ltr'><strong>et</strong></span> <span class='ocrx_word' id='word_1_514' title='bbox 2509 3057 2746 3114; x_wconf 90' lang='lat' dir='ltr'><strong>quatuor</strong></span> <span class='ocrx_word' id='word_1_515' title='bbox 2770 3050 2951 3105; x_wconf 85' lang='lat' dir='ltr'><strong>ferens</strong></span> <span class='ocrx_word' id='word_1_516' title='bbox 2985 3052 3213 3120; x_wconf 88' lang='lat' dir='ltr'><strong>pedibus</strong></span> <span class='ocrx_word' id='word_1_517' title='bbox 3245 3068 3309 3106; x_wconf 92' lang='lat' dir='ltr'><strong>ac</strong></span> <span class='ocrx_word' id='word_1_518' title='bbox 3338 3054 3590 3107; x_wconf 88' lang='lat' dir='ltr'><strong>manibus</strong></span> 
     </span>
    </p>
   </div>
   <div class='ocr_carea' id='block_1_74' title="bbox 2014 3132 3592 3211">
    <p class='ocr_par' dir='ltr' id='par_1_74' title="bbox 2014 3132 3592 3211">
     <span class='ocr_line' id='line_1_74' title="bbox 2014 3132 3592 3211; baseline 0.01 -27"><span class='ocrx_word' id='word_1_519' title='bbox 2014 3132 2199 3185; x_wconf 71' lang='lat' dir='ltr'><strong>clavos</strong></span> <span class='ocrx_word' id='word_1_520' title='bbox 2228 3134 2443 3196; x_wconf 83' lang='lat' dir='ltr'><strong>inﬁxos,</strong></span> <span class='ocrx_word' id='word_1_521' title='bbox 2481 3139 2679 3207; x_wconf 75' lang='lat' dir='ltr'><strong>singuli</strong></span> <span class='ocrx_word' id='word_1_522' title='bbox 2713 3142 2856 3193; x_wconf 88' lang='lat' dir='ltr'><strong>enim</strong></span> <span class='ocrx_word' id='word_1_523' title='bbox 2891 3142 3122 3211; x_wconf 78' lang='lat' dir='ltr'><strong>singulis</strong></span> <span class='ocrx_word' id='word_1_524' title='bbox 3153 3153 3308 3196; x_wconf 86' lang='lat' dir='ltr'><strong>erant</strong></span> <span class='ocrx_word' id='word_1_525' title='bbox 3334 3145 3592 3200; x_wconf 82' lang='lat' dir='ltr'><strong>membris</strong></span> 
     </span>
    </p>
   </div>
   <div class='ocr_carea' id='block_1_75' title="bbox 2009 3220 3593 3300">
    <p class='ocr_par' dir='ltr' id='par_1_75' title="bbox 2009 3220 3593 3300">
     <span class='ocr_line' id='line_1_75' title="bbox 2009 3220 3593 3300; baseline 0.01 -28"><span class='ocrx_word' id='word_1_526' title='bbox 2009 3220 2183 3274; x_wconf 88' lang='lat' dir='ltr'><strong>inﬁxi.</strong></span> <span class='ocrx_word' id='word_1_527' title='bbox 2211 3224 2364 3286; x_wconf 79' lang='lat' dir='ltr'><strong>Quod</strong></span> <span class='ocrx_word' id='word_1_528' title='bbox 2404 3227 2495 3293; x_wconf 88' lang='lat' dir='ltr'><strong>qui</strong></span> <span class='ocrx_word' id='word_1_529' title='bbox 2541 3228 2769 3282; x_wconf 88' lang='lat' dir='ltr'><strong>aderant</strong></span> <span class='ocrx_word' id='word_1_530' title='bbox 2797 3233 3260 3300; x_wconf 87' lang='lat' dir='ltr'><strong>contemplantes,</strong></span> <span class='ocrx_word' id='word_1_531' title='bbox 3296 3233 3538 3288; x_wconf 79' lang='lat' dir='ltr'><strong>multilar</strong></span> <span class='ocrx_word' id='word_1_532' title='bbox 3561 3250 3593 3288; x_wconf 87' lang='lat' dir='ltr'><strong>e</strong></span> 
     </span>
    </p>
   </div>
   <div class='ocr_carea' id='block_1_76' title="bbox 2007 3313 3590 3395">
    <p class='ocr_par' dir='ltr' id='par_1_76' title="bbox 2007 3313 3590 3395">
     <span class='ocr_line' id='line_1_76' title="bbox 2007 3313 3590 3395; baseline 0.006 -28"><span class='ocrx_word' id='word_1_533' title='bbox 2007 3313 2404 3383; x_wconf 87' lang='lat' dir='ltr'><strong>stnpeﬁehant,</strong></span> <span class='ocrx_word' id='word_1_534' title='bbox 2448 3318 2577 3386; x_wconf 89' lang='lat' dir='ltr'><strong>quid</strong></span> <span class='ocrx_word' id='word_1_535' title='bbox 2627 3330 2805 3374; x_wconf 88' lang='lat' dir='ltr'><strong>autem</strong></span> <span class='ocrx_word' id='word_1_536' title='bbox 2859 3334 3011 3377; x_wconf 85' lang='lat' dir='ltr'><strong>esset</strong></span> <span class='ocrx_word' id='word_1_537' title='bbox 3060 3327 3207 3393; x_wconf 90' lang='lat' dir='ltr'><strong>quod</strong></span> <span class='ocrx_word' id='word_1_538' title='bbox 3261 3337 3590 3395; x_wconf 84' lang='lat' dir='ltr'><strong>apparuerat</strong></span> 
     </span>
    </p>
   </div>
   <div class='ocr_carea' id='block_1_77' title="bbox 2009 3406 3590 3486">
    <p class='ocr_par' dir='ltr' id='par_1_77' title="bbox 2009 3406 3590 3486">
     <span class='ocr_line' id='line_1_77' title="bbox 2009 3406 3590 3486; baseline 0.009 -29"><span class='ocrx_word' id='word_1_539' title='bbox 2009 3406 2363 3474; x_wconf 77' lang='lat' dir='ltr'><strong>ignorabant;</strong></span> <span class='ocrx_word' id='word_1_540' title='bbox 2418 3409 2561 3463; x_wconf 88' lang='lat' dir='ltr'><strong>unde</strong></span> <span class='ocrx_word' id='word_1_541' title='bbox 2601 3419 2654 3464; x_wconf 91' lang='lat' dir='ltr'><strong>et</strong></span> <span class='ocrx_word' id='word_1_542' title='bbox 2710 3412 3039 3480; x_wconf 82' lang='lat' dir='ltr'><strong>litigantium</strong></span> <span class='ocrx_word' id='word_1_543' title='bbox 3096 3429 3301 3486; x_wconf 83' lang='lat' dir='ltr'><strong>pugna,</strong></span> <span class='ocrx_word' id='word_1_544' title='bbox 3334 3430 3460 3471; x_wconf 88' lang='lat' dir='ltr'><strong>cum</strong></span> <span class='ocrx_word' id='word_1_545' title='bbox 3506 3418 3590 3471; x_wconf 83' lang='lat' dir='ltr'><strong>in—</strong></span> 
     </span>
    </p>
   </div>
   <div class='ocr_carea' id='block_1_78' title="bbox 2008 3497 3087 3567">
    <p class='ocr_par' dir='ltr' id='par_1_78' title="bbox 2008 3497 3087 3567">
     <span class='ocr_line' id='line_1_78' title="bbox 2008 3497 3087 3567; baseline 0.012 -21"><span class='ocrx_word' id='word_1_546' title='bbox 2008 3497 2196 3549; x_wconf 82' lang='lat' dir='ltr'><strong>ventio</strong></span> <span class='ocrx_word' id='word_1_547' title='bbox 2230 3498 2335 3550; x_wconf 90' lang='lat' dir='ltr'><strong>sibi</strong></span> <span class='ocrx_word' id='word_1_548' title='bbox 2367 3500 2735 3567; x_wconf 87' lang='lat' dir='ltr'><strong>apparuisset,</strong></span> <span class='ocrx_word' id='word_1_549' title='bbox 2769 3504 2950 3558; x_wconf 88' lang='lat' dir='ltr'><strong>soluta</strong></span> <span class='ocrx_word' id='word_1_550' title='bbox 2986 3516 3087 3559; x_wconf 86' lang='lat' dir='ltr'><strong>est.</strong></span> 
     </span>
    </p>
   </div>
   <div class='ocr_carea' id='block_1_79' title="bbox 2080 3584 3586 3655">
    <p class='ocr_par' dir='ltr' id='par_1_79' title="bbox 2080 3584 3586 3655">
     <span class='ocr_line' id='line_1_79' title="bbox 2080 3584 3586 3655; baseline 0.01 -19"><span class='ocrx_word' id='word_1_551' title='bbox 2080 3584 2146 3637; x_wconf 89' lang='lat' dir='ltr'><strong>Et</strong></span> <span class='ocrx_word' id='word_1_552' title='bbox 2187 3590 2581 3655; x_wconf 85' lang='lat' dir='ltr'><strong>propemodum</strong></span> <span class='ocrx_word' id='word_1_553' title='bbox 2614 3606 2732 3645; x_wconf 90' lang='lat' dir='ltr'><strong>eam</strong></span> <span class='ocrx_word' id='word_1_554' title='bbox 2779 3609 2971 3648; x_wconf 90' lang='lat' dir='ltr'><strong>rursus</strong></span> <span class='ocrx_word' id='word_1_555' title='bbox 3010 3595 3061 3649; x_wconf 92' lang='lat' dir='ltr'><strong>in</strong></span> <span class='ocrx_word' id='word_1_556' title='bbox 3096 3612 3252 3651; x_wconf 89' lang='lat' dir='ltr'><strong>mare</strong></span> <span class='ocrx_word' id='word_1_557' title='bbox 3279 3598 3586 3653; x_wconf 88' lang='lat' dir='ltr'><strong>demersam</strong></span> 
     </span>
    </p>
   </div>
   <div class='ocr_carea' id='block_1_80' title="bbox 2005 3678 3584 3759">
    <p class='ocr_par' dir='ltr' id='par_1_80' title="bbox 2005 3678 3584 3759">
     <span class='ocr_line' id='line_1_80' title="bbox 2005 3678 3584 3759; baseline 0.008 -30"><span class='ocrx_word' id='word_1_558' title='bbox 2005 3678 2452 3743; x_wconf 84' lang='lat' dir='ltr'><strong>sunmiisissent,</strong></span> <span class='ocrx_word' id='word_1_559' title='bbox 2507 3690 2562 3733; x_wconf 93' lang='lat' dir='ltr'><strong>et</strong></span> <span class='ocrx_word' id='word_1_560' title='bbox 2588 3680 2845 3739; x_wconf 86' lang='lat' dir='ltr'><strong>ﬂuctibus</strong></span> <span class='ocrx_word' id='word_1_561' title='bbox 2902 3685 3098 3740; x_wconf 69' lang='lat' dir='ltr'><strong>[tedam</strong></span> <span class='ocrx_word' id='word_1_562' title='bbox 3149 3689 3295 3741; x_wconf 88' lang='lat' dir='ltr'><strong>illam</strong></span> <span class='ocrx_word' id='word_1_563' title='bbox 3347 3691 3584 3759; x_wconf 88' lang='lat' dir='ltr'><strong>speciem</strong></span> 
     </span>
    </p>
   </div>
   <div class='ocr_carea' id='block_1_81' title="bbox 2006 3768 3585 3850">
    <p class='ocr_par' dir='ltr' id='par_1_81' title="bbox 2006 3768 3585 3850">
     <span class='ocr_line' id='line_1_81' title="bbox 2006 3768 3585 3850; baseline 0.009 -30"><span class='ocrx_word' id='word_1_564' title='bbox 2006 3768 2414 3831; x_wconf 86' lang='lat' dir='ltr'><strong>occultassent,</strong></span> <span class='ocrx_word' id='word_1_565' title='bbox 2466 3769 2773 3842; x_wconf 85' lang='lat' dir='ltr'><strong>&#39;l‘heOphilo</strong></span> <span class='ocrx_word' id='word_1_566' title='bbox 2833 3776 3041 3831; x_wconf 91' lang='lat' dir='ltr'><strong>nullum</strong></span> <span class='ocrx_word' id='word_1_567' title='bbox 3106 3780 3410 3846; x_wconf 88' lang='lat' dir='ltr'><strong>reperiente</strong></span> <span class='ocrx_word' id='word_1_568' title='bbox 3457 3794 3585 3850; x_wconf 91' lang='lat' dir='ltr'><strong>pro-</strong></span> 
     </span>
    </p>
   </div>
   <div class='ocr_carea' id='block_1_82' title="bbox 2008 3859 3587 3939">
    <p class='ocr_par' dir='ltr' id='par_1_82' title="bbox 2008 3859 3587 3939">
     <span class='ocr_line' id='line_1_82' title="bbox 2008 3859 3587 3939; baseline 0.009 -29"><span class='ocrx_word' id='word_1_569' title='bbox 2008 3859 2232 3923; x_wconf 78' lang='lat' dir='ltr'><strong>fectum,</strong></span> <span class='ocrx_word' id='word_1_570' title='bbox 2266 3861 2371 3914; x_wconf 81' lang='lat' dir='ltr'><strong>nisi</strong></span> <span class='ocrx_word' id='word_1_571' title='bbox 2407 3862 2587 3917; x_wconf 91' lang='lat' dir='ltr'><strong>denuo</strong></span> <span class='ocrx_word' id='word_1_572' title='bbox 2617 3874 2885 3936; x_wconf 87' lang='lat' dir='ltr'><strong>martyres</strong></span> <span class='ocrx_word' id='word_1_573' title='bbox 2915 3879 3325 3923; x_wconf 84' lang='lat' dir='ltr'><strong>commoventes</strong></span> <span class='ocrx_word' id='word_1_574' title='bbox 3366 3870 3587 3939; x_wconf 87' lang='lat' dir='ltr'><strong>dispen—</strong></span> 
     </span>
    </p>
   </div>
   <div class='ocr_carea' id='block_1_83' title="bbox 2008 3953 3583 4027">
    <p class='ocr_par' dir='ltr' id='par_1_83' title="bbox 2008 3953 3583 4027">
     <span class='ocr_line' id='line_1_83' title="bbox 2008 3953 3583 4027; baseline 0.01 -25"><span class='ocrx_word' id='word_1_575' title='bbox 2008 3958 2268 4014; x_wconf 90' lang='lat' dir='ltr'><strong>satorem,</strong></span> <span class='ocrx_word' id='word_1_576' title='bbox 2312 3960 2370 4003; x_wconf 92' lang='lat' dir='ltr'><strong>ut</strong></span> <span class='ocrx_word' id='word_1_577' title='bbox 2412 3953 2636 4021; x_wconf 88' lang='lat' dir='ltr'><strong>quinam</strong></span> <span class='ocrx_word' id='word_1_578' title='bbox 2673 3965 2861 4010; x_wconf 91' lang='lat' dir='ltr'><strong>essent</strong></span> <span class='ocrx_word' id='word_1_579' title='bbox 2890 3958 3028 4011; x_wconf 88' lang='lat' dir='ltr'><strong>clavi</strong></span> <span class='ocrx_word' id='word_1_580' title='bbox 3057 3968 3324 4027; x_wconf 66' lang='lat' dir='ltr'><strong>quaereret</strong></span> <span class='ocrx_word' id='word_1_581' title='bbox 3347 3963 3583 4017; x_wconf 86' lang='lat' dir='ltr'><strong>excitas-</strong></span> 
     </span>
    </p>
   </div>
   <div class='ocr_carea' id='block_1_84' title="bbox 2008 4042 3587 4115">
    <p class='ocr_par' dir='ltr' id='par_1_84' title="bbox 2008 4042 3587 4115">
     <span class='ocr_line' id='line_1_84' title="bbox 2008 4042 3587 4115; baseline 0.008 -24"><span class='ocrx_word' id='word_1_582' title='bbox 2008 4047 2153 4102; x_wconf 89' lang='lat' dir='ltr'><strong>sent,</strong></span> <span class='ocrx_word' id='word_1_583' title='bbox 2182 4042 2274 4109; x_wconf 90' lang='lat' dir='ltr'><strong>qui</strong></span> <span class='ocrx_word' id='word_1_584' title='bbox 2308 4043 2455 4095; x_wconf 87' lang='lat' dir='ltr'><strong>inﬁxi</strong></span> <span class='ocrx_word' id='word_1_585' title='bbox 2484 4053 2723 4112; x_wconf 83' lang='lat' dir='ltr'><strong>quatuor</strong></span> <span class='ocrx_word' id='word_1_586' title='bbox 2749 4049 3047 4102; x_wconf 90' lang='lat' dir='ltr'><strong>statunculi</strong></span> <span class='ocrx_word' id='word_1_587' title='bbox 3078 4049 3338 4105; x_wconf 88' lang='lat' dir='ltr'><strong>membris</strong></span> <span class='ocrx_word' id='word_1_588' title='bbox 3364 4052 3587 4115; x_wconf 79' lang='lat' dir='ltr'><strong>exsiste-</strong></span> 
     </span>
    </p>
   </div>
   <div class='ocr_carea' id='block_1_85' title="bbox 2010 4131 3586 4208">
    <p class='ocr_par' dir='ltr' id='par_1_85' title="bbox 2010 4131 3586 4208">
     <span class='ocr_line' id='line_1_85' title="bbox 2010 4131 3586 4208; baseline 0.011 -28"><span class='ocrx_word' id='word_1_589' title='bbox 2010 4136 2160 4194; x_wconf 88' lang='lat' dir='ltr'><strong>rent;</strong></span> <span class='ocrx_word' id='word_1_590' title='bbox 2199 4131 2342 4184; x_wconf 88' lang='lat' dir='ltr'><strong>uude</strong></span> <span class='ocrx_word' id='word_1_591' title='bbox 2383 4133 2601 4187; x_wconf 86' lang='lat' dir='ltr'><strong>cuidam</strong></span> <span class='ocrx_word' id='word_1_592' title='bbox 2653 4139 3035 4191; x_wconf 88' lang='lat' dir='ltr'><strong>assistentium</strong></span> <span class='ocrx_word' id='word_1_593' title='bbox 3086 4140 3254 4208; x_wconf 88' lang='lat' dir='ltr'><strong>jussit</strong></span> <span class='ocrx_word' id='word_1_594' title='bbox 3297 4144 3586 4198; x_wconf 79' lang='lat' dir='ltr'><strong>extrahere</strong></span> 
     </span>
    </p>
   </div>
   <div class='ocr_carea' id='block_1_86' title="bbox 2008 4222 3583 4303">
    <p class='ocr_par' dir='ltr' id='par_1_86' title="bbox 2008 4222 3583 4303">
     <span class='ocr_line' id='line_1_86' title="bbox 2008 4222 3583 4303; baseline 0.009 -30"><span class='ocrx_word' id='word_1_595' title='bbox 2008 4222 2214 4283; x_wconf 85' lang='lat' dir='ltr'><strong>clavos.</strong></span> <span class='ocrx_word' id='word_1_596' title='bbox 2245 4225 2292 4277; x_wconf 89' lang='lat' dir='ltr'><strong>si</strong></span> <span class='ocrx_word' id='word_1_597' title='bbox 2328 4235 2534 4292; x_wconf 88' lang='lat' dir='ltr'><strong>posset.</strong></span> <span class='ocrx_word' id='word_1_598' title='bbox 2568 4225 2670 4290; x_wconf 85' lang='lat' dir='ltr'><strong>Qui</strong></span> <span class='ocrx_word' id='word_1_599' title='bbox 2698 4243 2821 4281; x_wconf 90' lang='lat' dir='ltr'><strong>cum</strong></span> <span class='ocrx_word' id='word_1_600' title='bbox 2850 4233 3223 4285; x_wconf 87' lang='lat' dir='ltr'><strong>statunculum</strong></span> <span class='ocrx_word' id='word_1_601' title='bbox 3255 4234 3583 4303; x_wconf 89' lang='lat' dir='ltr'><strong>accepisset,</strong></span> 
     </span>
    </p>
   </div>
   <div class='ocr_carea' id='block_1_87' title="bbox 2008 4312 3580 4392">
    <p class='ocr_par' dir='ltr' id='par_1_87' title="bbox 2008 4312 3580 4392">
     <span class='ocr_line' id='line_1_87' title="bbox 2008 4312 3580 4392; baseline 0.009 -29"><span class='ocrx_word' id='word_1_602' title='bbox 2008 4312 2335 4379; x_wconf 86' lang='lat' dir='ltr'><strong>clavumque</strong></span> <span class='ocrx_word' id='word_1_603' title='bbox 2371 4315 2465 4383; x_wconf 91' lang='lat' dir='ltr'><strong>qui</strong></span> <span class='ocrx_word' id='word_1_604' title='bbox 2517 4315 2569 4367; x_wconf 94' lang='lat' dir='ltr'><strong>in</strong></span> <span class='ocrx_word' id='word_1_605' title='bbox 2622 4317 2848 4371; x_wconf 79' lang='lat' dir='ltr'><strong>dextera</strong></span> <span class='ocrx_word' id='word_1_606' title='bbox 2898 4334 3061 4373; x_wconf 87' lang='lat' dir='ltr'><strong>manu</strong></span> <span class='ocrx_word' id='word_1_607' title='bbox 3112 4320 3310 4375; x_wconf 86' lang='lat' dir='ltr'><strong>inﬁxus</strong></span> <span class='ocrx_word' id='word_1_608' title='bbox 3346 4333 3463 4376; x_wconf 88' lang='lat' dir='ltr'><strong>erat</strong></span> <span class='ocrx_word' id='word_1_609' title='bbox 3497 4338 3580 4392; x_wconf 88' lang='lat' dir='ltr'><strong>ap-</strong></span> 
     </span>
    </p>
   </div>
   <div class='ocr_carea' id='block_1_88' title="bbox 2011 4404 3583 4470">
    <p class='ocr_par' dir='ltr' id='par_1_88' title="bbox 2011 4404 3583 4470">
     <span class='ocr_line' id='line_1_88' title="bbox 2011 4404 3583 4470; baseline 0.007 -14"><span class='ocrx_word' id='word_1_610' title='bbox 2011 4404 2416 4470; x_wconf 84' lang='lat' dir='ltr'><strong>prehendisset.</strong></span> <span class='ocrx_word' id='word_1_611' title='bbox 2448 4420 2572 4459; x_wconf 92' lang='lat' dir='ltr'><strong>cum</strong></span> <span class='ocrx_word' id='word_1_612' title='bbox 2615 4407 2816 4462; x_wconf 87' lang='lat' dir='ltr'><strong>virtute</strong></span> <span class='ocrx_word' id='word_1_613' title='bbox 2855 4411 3025 4463; x_wconf 91' lang='lat' dir='ltr'><strong>multa</strong></span> <span class='ocrx_word' id='word_1_614' title='bbox 3067 4412 3334 4466; x_wconf 83' lang='lat' dir='ltr'><strong>violenter</strong></span> <span class='ocrx_word' id='word_1_615' title='bbox 3372 4414 3583 4467; x_wconf 88' lang='lat' dir='ltr'><strong>abstra-</strong></span> 
     </span>
    </p>
   </div>
   <div class='ocr_carea' id='block_1_89' title="bbox 317 4478 2013 4577">
    <p class='ocr_par' dir='ltr' id='par_1_89' title="bbox 317 4478 2013 4577">
     <span class='ocr_line' id='line_1_89' title="bbox 317 4478 2013 4577; baseline 0 -16"><span class='ocrx_word' id='word_1_616' title='bbox 317 4509 530 4573; x_wconf 77' lang='grc' dir='ltr'>ελύετο,</span> <span class='ocrx_word' id='word_1_617' title='bbox 563 4510 657 4560; x_wconf 74' lang='grc' dir='ltr'><strong>καὶ</strong></span> <span class='ocrx_word' id='word_1_618' title='bbox 686 4511 784 4575; x_wconf 82' lang='grc' dir='ltr'>τῆς</span> <span class='ocrx_word' id='word_1_619' title='bbox 819 4509 1014 4577; x_wconf 78' lang='grc' dir='ltr'>ὀδύνης</span> <span class='ocrx_word' id='word_1_620' title='bbox 1048 4510 1138 4561; x_wconf 79' lang='grc' dir='ltr'>τὸν</span> <span class='ocrx_word' id='word_1_621' title='bbox 1189 4510 1350 4574; x_wconf 75' lang='grc' dir='ltr'>ὄγκον</span> <span class='ocrx_word' id='word_1_622' title='bbox 1384 4510 1678 4571; x_wconf 79' lang='grc' dir='ltr'>ἀπέϐαλλε,</span> <span class='ocrx_word' id='word_1_623' title='bbox 1715 4511 1810 4561; x_wconf 69' lang='grc' dir='ltr'>καὶ</span> <span class='ocrx_word' id='word_1_624' title='bbox 1839 4510 1898 4561; x_wconf 78' lang='grc' dir='ltr'><strong>τὸ</strong></span> <span class='ocrx_word' id='word_1_625' title='bbox 1926 4478 2013 4545; x_wconf 79' lang='lat' dir='ltr'><strong>D‘</strong></span> 
     </span>
    </p>
   </div>
   <div class='ocr_carea' id='block_1_90' title="bbox 1886 4478 3582 4577">
    <p class='ocr_par' dir='ltr' id='par_1_90' title="bbox 1886 4478 3582 4569">
     <span class='ocr_line' id='line_1_90' title="bbox 1886 4478 3582 4569; baseline 0.007 -22"><span class='ocrx_word' id='word_1_626' title='bbox 1886 4526 1898 4560; x_wconf 70' lang='lat'><strong>,</strong></span> <span class='ocrx_word' id='word_1_627' title='bbox 1926 4478 1978 4537; x_wconf 88' lang='grc' dir='ltr'>Ῑ)</span> <span class='ocrx_word' id='word_1_628' title='bbox 2004 4505 2151 4549; x_wconf 88' lang='lat' dir='ltr'><strong>ctum</strong></span> <span class='ocrx_word' id='word_1_629' title='bbox 2174 4498 2361 4564; x_wconf 90' lang='lat' dir='ltr'><strong>procul</strong></span> <span class='ocrx_word' id='word_1_630' title='bbox 2384 4500 2657 4563; x_wconf 88' lang='lat' dir='ltr'><strong>excussit;</strong></span> <span class='ocrx_word' id='word_1_631' title='bbox 2690 4504 2779 4569; x_wconf 90' lang='lat' dir='ltr'><strong>qui</strong></span> <span class='ocrx_word' id='word_1_632' title='bbox 2803 4500 2930 4555; x_wconf 89' lang='lat' dir='ltr'><strong>dum</strong></span> <span class='ocrx_word' id='word_1_633' title='bbox 2954 4504 3384 4569; x_wconf 80' lang='lat' dir='ltr'><strong>abstraheretur,</strong></span> <span class='ocrx_word' id='word_1_634' title='bbox 3412 4503 3582 4559; x_wconf 87' lang='lat' dir='ltr'><strong>Theo-</strong></span> 
     </span>
    </p>
   </div>
   <div class='ocr_carea' id='block_1_91' title="bbox 322 4599 1902 4669">
    <p class='ocr_par' dir='ltr' id='par_1_91' title="bbox 322 4599 1902 4669">
     <span class='ocr_line' id='line_1_91' title="bbox 322 4599 1902 4669; baseline 0.003 -18"><span class='ocrx_word' id='word_1_635' title='bbox 322 4602 463 4669; x_wconf 85' lang='grc' dir='ltr'><strong>μετά</strong></span> <span class='ocrx_word' id='word_1_636' title='bbox 496 4600 592 4667; x_wconf 86' lang='grc' dir='ltr'>τῆς</span> <span class='ocrx_word' id='word_1_637' title='bbox 617 4599 810 4667; x_wconf 75' lang='grc' dir='ltr'>ὀδύνης</span> <span class='ocrx_word' id='word_1_638' title='bbox 833 4600 1110 4668; x_wconf 85' lang='grc' dir='ltr'>ἀκίνητον.</span> <span class='ocrx_word' id='word_1_639' title='bbox 1143 4601 1276 4653; x_wconf 83' lang='grc' dir='ltr'>Τότε</span> <span class='ocrx_word' id='word_1_640' title='bbox 1311 4603 1476 4653; x_wconf 73' lang='grc' dir='ltr'>πᾶσιν</span> <span class='ocrx_word' id='word_1_641' title='bbox 1506 4600 1755 4669; x_wconf 75' lang='grc' dir='ltr'>ἐγνώσθη</span> <span class='ocrx_word' id='word_1_642' title='bbox 1786 4603 1902 4657; x_wconf 72' lang='grc' dir='ltr'>τοῖς</span> 
     </span>
    </p>
   </div>
   <div class='ocr_carea' id='block_1_92' title="bbox 320 4689 1899 4761">
    <p class='ocr_par' dir='ltr' id='par_1_92' title="bbox 320 4689 1899 4761">
     <span class='ocr_line' id='line_1_92' title="bbox 320 4689 1899 4761; baseline 0.001 -22"><span class='ocrx_word' id='word_1_643' title='bbox 320 4689 611 4757; x_wconf 86' lang='grc' dir='ltr'>βλέπουσιν</span> <span class='ocrx_word' id='word_1_644' title='bbox 704 4689 783 4750; x_wconf 89' lang='grc' dir='ltr'><strong>είς</strong></span> <span class='ocrx_word' id='word_1_645' title='bbox 815 4690 977 4741; x_wconf 74' lang='grc' dir='ltr'>αὐτὸν</span> <span class='ocrx_word' id='word_1_646' title='bbox 1016 4693 1236 4759; x_wconf 75' lang='grc' dir='ltr'>μυσαρὰ</span> <span class='ocrx_word' id='word_1_647' title='bbox 1263 4690 1575 4760; x_wconf 79' lang='grc' dir='ltr'>περιεργία,</span> <span class='ocrx_word' id='word_1_648' title='bbox 1609 4691 1673 4759; x_wconf 80' lang='grc' dir='ltr'>ῆν</span> <span class='ocrx_word' id='word_1_649' title='bbox 1694 4691 1742 4742; x_wconf 87' lang='grc' dir='ltr'><strong>οί</strong></span> <span class='ocrx_word' id='word_1_650' title='bbox 1775 4690 1899 4758; x_wconf 84' lang='grc' dir='ltr'>γόη-</span> 
     </span>
    </p>
   </div>
   <div class='ocr_carea' id='block_1_93' title="bbox 316 4780 1900 4849">
    <p class='ocr_par' dir='ltr' id='par_1_93' title="bbox 316 4780 1900 4849">
     <span class='ocr_line' id='line_1_93' title="bbox 316 4780 1900 4849; baseline 0.001 -19"><span class='ocrx_word' id='word_1_651' title='bbox 316 4797 412 4841; x_wconf 80' lang='grc' dir='ltr'><strong>τες</strong></span> <span class='ocrx_word' id='word_1_652' title='bbox 444 4782 644 4832; x_wconf 74' lang='grc' dir='ltr'>ἐκεῖνοι</span> <span class='ocrx_word' id='word_1_653' title='bbox 676 4781 774 4833; x_wconf 68' lang='grc' dir='ltr'><strong>σὺν</strong></span> <span class='ocrx_word' id='word_1_654' title='bbox 798 4784 1011 4849; x_wconf 80' lang='grc' dir='ltr'>μιαροῖς</span> <span class='ocrx_word' id='word_1_655' title='bbox 1053 4785 1145 4832; x_wconf 79' lang='grc' dir='ltr'>καὶ</span> <span class='ocrx_word' id='word_1_656' title='bbox 1171 4782 1449 4843; x_wconf 81' lang='grc' dir='ltr'>κακίστοις</span> <span class='ocrx_word' id='word_1_657' title='bbox 1474 4781 1726 4849; x_wconf 88' lang='grc' dir='ltr'>δαίμοσιν</span> <span class='ocrx_word' id='word_1_658' title='bbox 1760 4780 1900 4848; x_wconf 77' lang='grc' dir='ltr'>πρά.-</span> 
     </span>
    </p>
   </div>
   <div class='ocr_carea' id='block_1_94' title="bbox 320 4870 1901 4941">
    <p class='ocr_par' dir='ltr' id='par_1_94' title="bbox 320 4870 1901 4941">
     <span class='ocr_line' id='line_1_94' title="bbox 320 4870 1901 4941; baseline -0.003 -18"><span class='ocrx_word' id='word_1_659' title='bbox 320 4873 535 4935; x_wconf 79' lang='grc' dir='ltr'>ξαντες,</span> <span class='ocrx_word' id='word_1_660' title='bbox 585 4871 854 4941; x_wconf 82' lang='grc' dir='ltr'>θαλαττίῳ</span> <span class='ocrx_word' id='word_1_661' title='bbox 910 4871 1055 4940; x_wconf 81' lang='grc' dir='ltr'>βυθῷ</span> <span class='ocrx_word' id='word_1_662' title='bbox 1122 4871 1196 4933; x_wconf 83' lang='grc' dir='ltr'>ὡς</span> <span class='ocrx_word' id='word_1_663' title='bbox 1258 4874 1358 4923; x_wconf 75' lang='grc' dir='ltr'><strong>οὐκ</strong></span> <span class='ocrx_word' id='word_1_664' title='bbox 1415 4870 1901 4939; x_wconf 84' lang='grc' dir='ltr'>ἁναλυθησομένην</span> 
     </span>
    </p>
   </div>
   <div class='ocr_carea' id='block_1_95' title="bbox 315 4958 1899 5029">
    <p class='ocr_par' dir='ltr' id='par_1_95' title="bbox 315 4958 1899 5029">
     <span class='ocr_line' id='line_1_95' title="bbox 315 4958 1899 5029; baseline -0.001 -17"><span class='ocrx_word' id='word_1_665' title='bbox 315 4959 595 5012; x_wconf 73' lang='grc' dir='ltr'>ἐνέϐαλον.</span> <span class='ocrx_word' id='word_1_666' title='bbox 628 4958 769 5011; x_wconf 76' lang='grc' dir='ltr'>Ἀλλ’</span> <span class='ocrx_word' id='word_1_667' title='bbox 804 4960 1050 5021; x_wconf 84' lang='grc' dir='ltr'>ἀσθενεῖς</span> <span class='ocrx_word' id='word_1_668' title='bbox 1084 4961 1175 5011; x_wconf 74' lang='grc' dir='ltr'>καὶ</span> <span class='ocrx_word' id='word_1_669' title='bbox 1210 4960 1497 5029; x_wconf 78' lang='grc' dir='ltr'>μανιώδεις</span> <span class='ocrx_word' id='word_1_670' title='bbox 1529 4959 1899 5028; x_wconf 77' lang='grc' dir='ltr'>ήλέγχθησαν,</span> 
     </span>
    </p>
   </div>
   <div class='ocr_carea' id='block_1_96' title="bbox 315 5049 1897 5119">
    <p class='ocr_par' dir='ltr' id='par_1_96' title="bbox 315 5049 1897 5119">
     <span class='ocr_line' id='line_1_96' title="bbox 315 5049 1897 5119; baseline -0.002 -16"><span class='ocrx_word' id='word_1_671' title='bbox 315 5049 509 5119; x_wconf 72' lang='grc' dir='ltr'>Κύρου</span> <span class='ocrx_word' id='word_1_672' title='bbox 571 5050 758 5116; x_wconf 81' lang='grc' dir='ltr'>σαφῶς</span> <span class='ocrx_word' id='word_1_673' title='bbox 802 5050 1002 5112; x_wconf 71' lang='grc' dir='ltr'>αὐτοὺς</span> <span class='ocrx_word' id='word_1_674' title='bbox 1053 5051 1443 5116; x_wconf 81' lang='grc' dir='ltr'>διελέγξαντος,</span> <span class='ocrx_word' id='word_1_675' title='bbox 1506 5051 1598 5102; x_wconf 79' lang='grc' dir='ltr'><strong>καὶ</strong></span> <span class='ocrx_word' id='word_1_676' title='bbox 1647 5050 1897 5101; x_wconf 72' lang='grc' dir='ltr'>Ἰωάννου</span> 
     </span>
    </p>
   </div>
   <div class='ocr_carea' id='block_1_97' title="bbox 316 5140 1901 5211">
    <p class='ocr_par' dir='ltr' id='par_1_97' title="bbox 316 5140 1901 5211">
     <span class='ocr_line' id='line_1_97' title="bbox 316 5140 1901 5211; baseline -0.002 -17"><span class='ocrx_word' id='word_1_677' title='bbox 316 5142 413 5194; x_wconf 82' lang='grc' dir='ltr'><strong>τοῦ</strong></span> <span class='ocrx_word' id='word_1_678' title='bbox 476 5140 661 5209; x_wconf 75' lang='grc' dir='ltr'>Κύρου</span> <span class='ocrx_word' id='word_1_679' title='bbox 714 5142 1105 5211; x_wconf 83' lang='grc' dir='ltr'>συμμάρτυρος</span> <span class='ocrx_word' id='word_1_680' title='bbox 1130 5158 1145 5171; x_wconf 83' lang='lat'><strong><em>°</em></strong></span> <span class='ocrx_word' id='word_1_681' title='bbox 1180 5144 1273 5193; x_wconf 76' lang='grc' dir='ltr'><strong>καὶ</strong></span> <span class='ocrx_word' id='word_1_682' title='bbox 1306 5141 1584 5204; x_wconf 78' lang='grc' dir='ltr'>δείξαντες</span> <span class='ocrx_word' id='word_1_683' title='bbox 1631 5142 1901 5209; x_wconf 78' lang='grc' dir='ltr'>ἐναργῶς,</span> 
     </span>
    </p>
   </div>
   <div class='ocr_carea' id='block_1_98' title="bbox 317 5230 1901 5300">
    <p class='ocr_par' dir='ltr' id='par_1_98' title="bbox 317 5230 1901 5300">
     <span class='ocr_line' id='line_1_98' title="bbox 317 5230 1901 5300; baseline -0.001 -17"><span class='ocrx_word' id='word_1_684' title='bbox 317 5232 395 5293; x_wconf 82' lang='grc' dir='ltr'>ὡς</span> <span class='ocrx_word' id='word_1_685' title='bbox 426 5232 579 5283; x_wconf 73' lang='grc' dir='ltr'>οὐδὲν</span> <span class='ocrx_word' id='word_1_686' title='bbox 608 5230 788 5282; x_wconf 72' lang='grc' dir='ltr'>αὐτῶν</span> <span class='ocrx_word' id='word_1_687' title='bbox 818 5232 925 5282; x_wconf 82' lang='grc' dir='ltr'>τῶν</span> <span class='ocrx_word' id='word_1_688' title='bbox 966 5232 1022 5281; x_wconf 83' lang='grc' dir='ltr'>ὲν</span> <span class='ocrx_word' id='word_1_689' title='bbox 1047 5231 1343 5298; x_wconf 85' lang='grc' dir='ltr'>κτίσμασιν</span> <span class='ocrx_word' id='word_1_690' title='bbox 1360 5233 1585 5289; x_wconf 76' lang='grc' dir='ltr'>ἄϐατον,</span> <span class='ocrx_word' id='word_1_691' title='bbox 1620 5232 1719 5282; x_wconf 71' lang='grc' dir='ltr'><strong>οὐκ</strong></span> <span class='ocrx_word' id='word_1_692' title='bbox 1740 5232 1901 5300; x_wconf 75' lang='grc' dir='ltr'>οὖρα-</span> 
     </span>
    </p>
   </div>
   <div class='ocr_carea' id='block_1_99' title="bbox 322 5322 1901 5391">
    <p class='ocr_par' dir='ltr' id='par_1_99' title="bbox 322 5322 1901 5391">
     <span class='ocr_line' id='line_1_99' title="bbox 322 5322 1901 5391; baseline 0.018 -44"><span class='ocrx_word' id='word_1_693' title='bbox 322 5324 430 5384; x_wconf 39' lang='grc' dir='ltr'><strong>νὸςν</strong></span> <span class='ocrx_word' id='word_1_694' title='bbox 463 5322 524 5373; x_wconf 62' lang='grc' dir='ltr'>ο.)</span> <span class='ocrx_word' id='word_1_695' title='bbox 555 5324 648 5390; x_wconf 53' lang='grc' dir='ltr'><strong>γῆ,</strong></span> <span class='ocrx_word' id='word_1_696' title='bbox 682 5322 785 5373; x_wconf 65' lang='grc' dir='ltr'>οὐκ</span> <span class='ocrx_word' id='word_1_697' title='bbox 808 5322 937 5391; x_wconf 72' lang='grc' dir='ltr'>ἀὴρ,</span> <span class='ocrx_word' id='word_1_698' title='bbox 972 5323 1034 5373; x_wconf 71' lang='grc' dir='ltr'>οὐ</span> <span class='ocrx_word' id='word_1_699' title='bbox 1066 5322 1196 5391; x_wconf 77' lang='grc' dir='ltr'>πῦρ,</span> <span class='ocrx_word' id='word_1_700' title='bbox 1220 5324 1317 5391; x_wconf 75' lang='grc' dir='ltr'>οὐχ</span> <span class='ocrx_word' id='word_1_701' title='bbox 1353 5322 1519 5389; x_wconf 72' lang='grc' dir='ltr'>ὕδωρ,</span> <span class='ocrx_word' id='word_1_702' title='bbox 1556 5324 1615 5373; x_wconf 78' lang='grc' dir='ltr'><strong>οὐ</strong></span> <span class='ocrx_word' id='word_1_703' title='bbox 1642 5322 1901 5383; x_wconf 81' lang='grc' dir='ltr'>Θάλαττα,</span> 
     </span>
    </p>
   </div>
   <div class='ocr_carea' id='block_1_100' title="bbox 318 5410 1900 5480">
    <p class='ocr_par' dir='ltr' id='par_1_100' title="bbox 318 5410 1900 5480">
     <span class='ocr_line' id='line_1_100' title="bbox 318 5410 1900 5480; baseline 0 -16"><span class='ocrx_word' id='word_1_704' title='bbox 318 5411 458 5464; x_wconf 81' lang='grc' dir='ltr'><strong>ἀλλά</strong></span> <span class='ocrx_word' id='word_1_705' title='bbox 521 5412 702 5463; x_wconf 87' lang='grc' dir='ltr'>πάντα</span> <span class='ocrx_word' id='word_1_706' title='bbox 759 5410 1069 5480; x_wconf 78' lang='grc' dir='ltr'>διέρχονται</span> <span class='ocrx_word' id='word_1_707' title='bbox 1130 5414 1255 5473; x_wconf 71' lang='grc' dir='ltr'>τοὺς</span> <span class='ocrx_word' id='word_1_708' title='bbox 1288 5414 1528 5473; x_wconf 72' lang='grc' dir='ltr'>εὐσεϐεῖς</span> <span class='ocrx_word' id='word_1_709' title='bbox 1558 5414 1648 5463; x_wconf 74' lang='grc' dir='ltr'>καὶ</span> <span class='ocrx_word' id='word_1_710' title='bbox 1676 5415 1900 5474; x_wconf 62' lang='grc' dir='ltr'>πιστοὺς</span> 
     </span>
    </p>
   </div>
   <div class='ocr_carea' id='block_1_101' title="bbox 318 5501 1900 5572">
    <p class='ocr_par' dir='ltr' id='par_1_101' title="bbox 318 5501 1900 5572">
     <span class='ocr_line' id='line_1_101' title="bbox 318 5501 1900 5572; baseline 0.001 -19"><span class='ocrx_word' id='word_1_711' title='bbox 318 5501 702 5563; x_wconf 75' lang='grc' dir='ltr'>διασώζοντες.</span> <span class='ocrx_word' id='word_1_712' title='bbox 744 5504 853 5554; x_wconf 76' lang='grc' dir='ltr'>Καὶ</span> <span class='ocrx_word' id='word_1_713' title='bbox 894 5503 1069 5554; x_wconf 75' lang='grc' dir='ltr'>ταῦτα</span> <span class='ocrx_word' id='word_1_714' title='bbox 1098 5503 1193 5571; x_wconf 78' lang='grc' dir='ltr'><strong>μὲν</strong></span> <span class='ocrx_word' id='word_1_715' title='bbox 1226 5502 1435 5572; x_wconf 69' lang='grc' dir='ltr'>φανερά</span> <span class='ocrx_word' id='word_1_716' title='bbox 1465 5506 1578 5564; x_wconf 82' lang='grc' dir='ltr'>τοῖς</span> <span class='ocrx_word' id='word_1_717' title='bbox 1610 5504 1737 5555; x_wconf 78' lang='grc' dir='ltr'>πᾶσι</span> <span class='ocrx_word' id='word_1_718' title='bbox 1771 5504 1900 5555; x_wconf 85' lang='grc' dir='ltr'>καθ-</span> 
     </span>
    </p>
   </div>
   <div class='ocr_carea' id='block_1_102' title="bbox 319 5594 1369 5664">
    <p class='ocr_par' dir='ltr' id='par_1_102' title="bbox 319 5594 1369 5664">
     <span class='ocr_line' id='line_1_102' title="bbox 319 5594 1369 5664; baseline 0.002 -17"><span class='ocrx_word' id='word_1_719' title='bbox 319 5596 546 5662; x_wconf 69' lang='grc' dir='ltr'>έστηκε,</span> <span class='ocrx_word' id='word_1_720' title='bbox 579 5594 682 5646; x_wconf 67' lang='grc' dir='ltr'><strong>κᾶν</strong></span> <span class='ocrx_word' id='word_1_721' title='bbox 717 5596 873 5662; x_wconf 72' lang='grc' dir='ltr'>ἡμεῖς</span> <span class='ocrx_word' id='word_1_722' title='bbox 910 5595 984 5664; x_wconf 79' lang='grc' dir='ltr'><strong>μὴ</strong></span> <span class='ocrx_word' id='word_1_723' title='bbox 1019 5594 1369 5663; x_wconf 77' lang='grc' dir='ltr'>κηρύξωμεν.</span> 
     </span>
    </p>
   </div>
   <div class='ocr_carea' id='block_1_103' title="bbox 317 5686 1923 5755">
    <p class='ocr_par' dir='ltr' id='par_1_103' title="bbox 317 5686 1923 5755">
     <span class='ocr_line' id='line_1_103' title="bbox 317 5686 1923 5755; baseline -0.001 -16"><span class='ocrx_word' id='word_1_724' title='bbox 317 5686 414 5739; x_wconf 72' lang='lat' dir='ltr'><strong>sed</strong></span> <span class='ocrx_word' id='word_1_725' title='bbox 459 5686 642 5738; x_wconf 88' lang='lat' dir='ltr'><strong>omnia</strong></span> <span class='ocrx_word' id='word_1_726' title='bbox 683 5694 964 5740; x_wconf 83' lang='lat' dir='ltr'><strong>transeunt</strong></span> <span class='ocrx_word' id='word_1_727' title='bbox 1000 5688 1276 5741; x_wconf 82' lang='lat' dir='ltr'><strong>salvanles</strong></span> <span class='ocrx_word' id='word_1_728' title='bbox 1331 5689 1445 5755; x_wconf 84' lang='lat' dir='ltr'><strong>pios</strong></span> <span class='ocrx_word' id='word_1_729' title='bbox 1493 5697 1653 5754; x_wconf 83' lang='lat' dir='ltr'><strong>atque</strong></span> <span class='ocrx_word' id='word_1_730' title='bbox 1718 5688 1923 5740; x_wconf 81' lang='lat' dir='ltr'><strong>ﬁdeles.</strong></span> 
     </span>
    </p>
   </div>
   <div class='ocr_carea' id='block_1_104' title="bbox 316 5780 1375 5848">
    <p class='ocr_par' dir='ltr' id='par_1_104' title="bbox 316 5780 1375 5848">
     <span class='ocr_line' id='line_1_104' title="bbox 316 5780 1375 5848; baseline -0.001 -15"><span class='ocrx_word' id='word_1_731' title='bbox 316 5782 443 5833; x_wconf 75' lang='lat' dir='ltr'><strong>ltret</strong></span> <span class='ocrx_word' id='word_1_732' title='bbox 483 5780 569 5831; x_wconf 68' lang='lat' dir='ltr'><strong>illa</strong></span> <span class='ocrx_word' id='word_1_733' title='bbox 605 5794 704 5831; x_wconf 82' lang='lat' dir='ltr'><strong>nos</strong></span> <span class='ocrx_word' id='word_1_734' title='bbox 742 5780 963 5831; x_wconf 86' lang='lat' dir='ltr'><strong>minime</strong></span> <span class='ocrx_word' id='word_1_735' title='bbox 1000 5782 1375 5848; x_wconf 60' lang='lat' dir='ltr'><strong>praedicemns.</strong></span> 
     </span>
    </p>
   </div>
   <div class='ocr_carea' id='block_1_105' title="bbox 2010 4588 3580 4662">
    <p class='ocr_par' dir='ltr' id='par_1_105' title="bbox 2010 4588 3580 4662">
     <span class='ocr_line' id='line_1_105' title="bbox 2010 4588 3580 4662; baseline 0.006 -23"><span class='ocrx_word' id='word_1_736' title='bbox 2010 4588 2144 4657; x_wconf 91' lang='lat' dir='ltr'><strong>phili</strong></span> <span class='ocrx_word' id='word_1_737' title='bbox 2198 4603 2395 4642; x_wconf 90' lang='lat' dir='ltr'><strong>manus</strong></span> <span class='ocrx_word' id='word_1_738' title='bbox 2444 4588 2637 4642; x_wconf 73' lang='lat' dir='ltr'><strong>dextra</strong></span> <span class='ocrx_word' id='word_1_739' title='bbox 2691 4591 2953 4644; x_wconf 89' lang='lat' dir='ltr'><strong>continuo</strong></span> <span class='ocrx_word' id='word_1_740' title='bbox 3002 4593 3334 4657; x_wconf 87' lang='lat' dir='ltr'><strong>solvebatur,</strong></span> <span class='ocrx_word' id='word_1_741' title='bbox 3390 4597 3580 4662; x_wconf 83' lang='lat' dir='ltr'><strong>sicque</strong></span> 
     </span>
    </p>
   </div>
   <div class='ocr_carea' id='block_1_106' title="bbox 2008 4678 3581 4744">
    <p class='ocr_par' dir='ltr' id='par_1_106' title="bbox 2008 4678 3581 4744">
     <span class='ocr_line' id='line_1_106' title="bbox 2008 4678 3581 4744; baseline 0.005 -13"><span class='ocrx_word' id='word_1_742' title='bbox 2008 4678 2213 4732; x_wconf 92' lang='lat' dir='ltr'><strong>doloris</strong></span> <span class='ocrx_word' id='word_1_743' title='bbox 2245 4679 2439 4732; x_wconf 87' lang='lat' dir='ltr'><strong>molem</strong></span> <span class='ocrx_word' id='word_1_744' title='bbox 2479 4678 2752 4744; x_wconf 88' lang='lat' dir='ltr'><strong>deposuit,</strong></span> <span class='ocrx_word' id='word_1_745' title='bbox 2784 4689 2838 4735; x_wconf 86' lang='lat' dir='ltr'><strong>et</strong></span> <span class='ocrx_word' id='word_1_746' title='bbox 2881 4699 3004 4735; x_wconf 82' lang='lat' dir='ltr'><strong>cum</strong></span> <span class='ocrx_word' id='word_1_747' title='bbox 3053 4685 3243 4737; x_wconf 88' lang='lat' dir='ltr'><strong>dolore</strong></span> <span class='ocrx_word' id='word_1_748' title='bbox 3290 4687 3581 4740; x_wconf 85' lang='lat' dir='ltr'><strong>immobili-</strong></span> 
     </span>
    </p>
   </div>
   <div class='ocr_carea' id='block_1_107' title="bbox 2010 4767 3581 4841">
    <p class='ocr_par' dir='ltr' id='par_1_107' title="bbox 2010 4767 3581 4841">
     <span class='ocr_line' id='line_1_107' title="bbox 2010 4767 3581 4841; baseline 0.003 -19"><span class='ocrx_word' id='word_1_749' title='bbox 2010 4777 2196 4823; x_wconf 89' lang='lat' dir='ltr'><strong>tatem.</strong></span> <span class='ocrx_word' id='word_1_750' title='bbox 2230 4767 2383 4822; x_wconf 84' lang='lat' dir='ltr'><strong>Tum:</strong></span> <span class='ocrx_word' id='word_1_751' title='bbox 2426 4772 2705 4834; x_wconf 91' lang='lat' dir='ltr'><strong>omnibus,</strong></span> <span class='ocrx_word' id='word_1_752' title='bbox 2744 4774 2833 4841; x_wconf 91' lang='lat' dir='ltr'><strong>qui</strong></span> <span class='ocrx_word' id='word_1_753' title='bbox 2874 4774 2975 4828; x_wconf 90' lang='lat' dir='ltr'><strong>hoc</strong></span> <span class='ocrx_word' id='word_1_754' title='bbox 3018 4775 3295 4838; x_wconf 86' lang='lat' dir='ltr'><strong>viderunt,</strong></span> <span class='ocrx_word' id='word_1_755' title='bbox 3342 4778 3581 4830; x_wconf 91' lang='lat' dir='ltr'><strong>innotuit</strong></span> 
     </span>
    </p>
   </div>
   <div class='ocr_carea' id='block_1_108' title="bbox 2007 4859 3582 4933">
    <p class='ocr_par' dir='ltr' id='par_1_108' title="bbox 2007 4859 3582 4933">
     <span class='ocr_line' id='line_1_108' title="bbox 2007 4859 3582 4933; baseline 0.006 -21"><span class='ocrx_word' id='word_1_756' title='bbox 2007 4859 2226 4912; x_wconf 78' lang='lat' dir='ltr'><strong>infanda</strong></span> <span class='ocrx_word' id='word_1_757' title='bbox 2280 4861 2576 4917; x_wconf 86' lang='lat' dir='ltr'><strong>curiositas</strong></span> <span class='ocrx_word' id='word_1_758' title='bbox 2628 4880 2749 4933; x_wconf 69' lang='lat' dir='ltr'><strong>qua&#39;</strong></span> <span class='ocrx_word' id='word_1_759' title='bbox 2795 4873 2987 4918; x_wconf 89' lang='lat' dir='ltr'><strong>eontra</strong></span> <span class='ocrx_word' id='word_1_760' title='bbox 3034 4882 3157 4920; x_wconf 89' lang='lat' dir='ltr'><strong>eum</strong></span> <span class='ocrx_word' id='word_1_761' title='bbox 3205 4866 3383 4921; x_wconf 79' lang='lat' dir='ltr'><strong>fuerat</strong></span> <span class='ocrx_word' id='word_1_762' title='bbox 3426 4868 3582 4921; x_wconf 90' lang='lat' dir='ltr'><strong>adin-</strong></span> 
     </span>
    </p>
   </div>
   <div class='ocr_carea' id='block_1_109' title="bbox 2005 4955 3576 5026">
    <p class='ocr_par' dir='ltr' id='par_1_109' title="bbox 2005 4955 3576 5026">
     <span class='ocr_line' id='line_1_109' title="bbox 2005 4955 3576 5026; baseline 0.001 -18"><span class='ocrx_word' id='word_1_763' title='bbox 2005 4963 2188 5018; x_wconf 83' lang='lat' dir='ltr'><strong>venta,</strong></span> <span class='ocrx_word' id='word_1_764' title='bbox 2231 4970 2395 5023; x_wconf 90' lang='lat' dir='ltr'><strong>quam</strong></span> <span class='ocrx_word' id='word_1_765' title='bbox 2438 4955 2645 5010; x_wconf 88' lang='lat' dir='ltr'><strong>scilicet</strong></span> <span class='ocrx_word' id='word_1_766' title='bbox 2684 4956 2762 5009; x_wconf 93' lang='lat' dir='ltr'><strong>illi</strong></span> <span class='ocrx_word' id='word_1_767' title='bbox 2798 4958 3026 5010; x_wconf 75' lang='lat' dir='ltr'><strong>maleﬁci</strong></span> <span class='ocrx_word' id='word_1_768' title='bbox 3075 4970 3200 5009; x_wconf 89' lang='lat' dir='ltr'><strong>cum</strong></span> <span class='ocrx_word' id='word_1_769' title='bbox 3244 4958 3576 5026; x_wconf 87' lang='lat' dir='ltr'><strong>importunis</strong></span> 
     </span>
    </p>
   </div>
   <div class='ocr_carea' id='block_1_110' title="bbox 2005 5046 3567 5116">
    <p class='ocr_par' dir='ltr' id='par_1_110' title="bbox 2005 5046 3567 5116">
     <span class='ocr_line' id='line_1_110' title="bbox 2005 5046 3567 5116; baseline 0.002 -18"><span class='ocrx_word' id='word_1_770' title='bbox 2005 5053 2058 5098; x_wconf 88' lang='lat' dir='ltr'><strong>et</strong></span> <span class='ocrx_word' id='word_1_771' title='bbox 2108 5046 2361 5113; x_wconf 89' lang='lat' dir='ltr'><strong>pessimis</strong></span> <span class='ocrx_word' id='word_1_772' title='bbox 2412 5054 2590 5099; x_wconf 86' lang='lat' dir='ltr'><strong>actam</strong></span> <span class='ocrx_word' id='word_1_773' title='bbox 2644 5047 2981 5101; x_wconf 67' lang='lat' dir='ltr'><strong>daemonibus</strong></span> <span class='ocrx_word' id='word_1_774' title='bbox 3037 5049 3250 5102; x_wconf 89' lang='lat' dir='ltr'><strong>marino</strong></span> <span class='ocrx_word' id='word_1_775' title='bbox 3300 5047 3567 5116; x_wconf 77' lang='lat' dir='ltr'><strong>profundo</strong></span> 
     </span>
    </p>
   </div>
   <div class='ocr_carea' id='block_1_111' title="bbox 2005 5138 3577 5208">
    <p class='ocr_par' dir='ltr' id='par_1_111' title="bbox 2005 5138 3577 5208">
     <span class='ocr_line' id='line_1_111' title="bbox 2005 5138 3577 5208; baseline 0.001 -18"><span class='ocrx_word' id='word_1_776' title='bbox 2005 5138 2429 5201; x_wconf 85' lang='lat' dir='ltr'><strong>summiserant,</strong></span> <span class='ocrx_word' id='word_1_777' title='bbox 2489 5140 2651 5206; x_wconf 86' lang='lat' dir='ltr'><strong>quasi</strong></span> <span class='ocrx_word' id='word_1_778' title='bbox 2714 5138 2992 5207; x_wconf 89' lang='lat' dir='ltr'><strong>nunquain</strong></span> <span class='ocrx_word' id='word_1_779' title='bbox 3044 5139 3340 5208; x_wconf 79' lang='lat' dir='ltr'><strong>aliquando</strong></span> <span class='ocrx_word' id='word_1_780' title='bbox 3389 5140 3577 5195; x_wconf 86' lang='lat' dir='ltr'><strong>dissol-</strong></span> 
     </span>
    </p>
   </div>
   <div class='ocr_carea' id='block_1_112' title="bbox 2005 5230 3574 5303">
    <p class='ocr_par' dir='ltr' id='par_1_112' title="bbox 2005 5230 3574 5303">
     <span class='ocr_line' id='line_1_112' title="bbox 2005 5230 3574 5303; baseline 0.003 -22"><span class='ocrx_word' id='word_1_781' title='bbox 2005 5230 2256 5283; x_wconf 87' lang='lat' dir='ltr'><strong>vendam.</strong></span> <span class='ocrx_word' id='word_1_782' title='bbox 2295 5231 2400 5285; x_wconf 79' lang='lat' dir='ltr'><strong>Sed</strong></span> <span class='ocrx_word' id='word_1_783' title='bbox 2449 5242 2507 5286; x_wconf 93' lang='lat' dir='ltr'><strong>ut</strong></span> <span class='ocrx_word' id='word_1_784' title='bbox 2558 5232 2758 5285; x_wconf 90' lang='lat' dir='ltr'><strong>inﬁrmi</strong></span> <span class='ocrx_word' id='word_1_785' title='bbox 2795 5242 2847 5286; x_wconf 87' lang='lat' dir='ltr'><strong>et</strong></span> <span class='ocrx_word' id='word_1_786' title='bbox 2882 5234 3057 5287; x_wconf 91' lang='lat' dir='ltr'><strong>insani</strong></span> <span class='ocrx_word' id='word_1_787' title='bbox 3108 5235 3378 5303; x_wconf 80' lang='lat' dir='ltr'><strong>redarguit</strong></span> <span class='ocrx_word' id='word_1_788' title='bbox 3426 5248 3574 5298; x_wconf 89' lang='lat' dir='ltr'><strong>sunt,</strong></span> 
     </span>
    </p>
   </div>
   <div class='ocr_carea' id='block_1_113' title="bbox 2000 5321 3576 5394">
    <p class='ocr_par' dir='ltr' id='par_1_113' title="bbox 2000 5321 3576 5394">
     <span class='ocr_line' id='line_1_113' title="bbox 2000 5321 3576 5394; baseline 0.003 -20"><span class='ocrx_word' id='word_1_789' title='bbox 2000 5321 2142 5390; x_wconf 81' lang='lat' dir='ltr'><strong>Cer</strong></span> <span class='ocrx_word' id='word_1_790' title='bbox 2173 5337 2266 5375; x_wconf 88' lang='lat' dir='ltr'><strong>eos</strong></span> <span class='ocrx_word' id='word_1_791' title='bbox 2299 5332 2349 5376; x_wconf 90' lang='lat' dir='ltr'><strong>et</strong></span> <span class='ocrx_word' id='word_1_792' title='bbox 2375 5322 2586 5377; x_wconf 84' lang='lat' dir='ltr'><strong>Joanne</strong></span> <span class='ocrx_word' id='word_1_793' title='bbox 2624 5324 2751 5394; x_wconf 89' lang='lat' dir='ltr'><strong>Cyri</strong></span> <span class='ocrx_word' id='word_1_794' title='bbox 2795 5334 3158 5394; x_wconf 85' lang='lat' dir='ltr'><strong>commartyre</strong></span> <span class='ocrx_word' id='word_1_795' title='bbox 3197 5326 3404 5393; x_wconf 91' lang='lat' dir='ltr'><strong>liquido</strong></span> <span class='ocrx_word' id='word_1_796' title='bbox 3447 5342 3576 5378; x_wconf 85' lang='lat' dir='ltr'><strong>cnn—</strong></span> 
     </span>
    </p>
   </div>
   <div class='ocr_carea' id='block_1_114' title="bbox 2008 5416 3577 5486">
    <p class='ocr_par' dir='ltr' id='par_1_114' title="bbox 2008 5416 3577 5486">
     <span class='ocr_line' id='line_1_114' title="bbox 2008 5416 3577 5486; baseline 0.003 -21"><span class='ocrx_word' id='word_1_797' title='bbox 2008 5416 2375 5479; x_wconf 83' lang='lat' dir='ltr'><strong>vincentibus,</strong></span> <span class='ocrx_word' id='word_1_798' title='bbox 2418 5427 2641 5472; x_wconf 77' lang='lat' dir='ltr'><strong>OStenso</strong></span> <span class='ocrx_word' id='word_1_799' title='bbox 2686 5419 2921 5473; x_wconf 85' lang='lat' dir='ltr'><strong>dilucide</strong></span> <span class='ocrx_word' id='word_1_800' title='bbox 2970 5418 3115 5486; x_wconf 86' lang='lat' dir='ltr'><strong>quod</strong></span> <span class='ocrx_word' id='word_1_801' title='bbox 3167 5418 3301 5472; x_wconf 91' lang='lat' dir='ltr'><strong>nihil</strong></span> <span class='ocrx_word' id='word_1_802' title='bbox 3350 5422 3420 5471; x_wconf 87' lang='lat' dir='ltr'><strong>sit</strong></span> <span class='ocrx_word' id='word_1_803' title='bbox 3471 5419 3577 5469; x_wconf 83' lang='lat' dir='ltr'><strong>illis</strong></span> 
     </span>
    </p>
   </div>
   <div class='ocr_carea' id='block_1_115' title="bbox 2008 5506 3571 5577">
    <p class='ocr_par' dir='ltr' id='par_1_115' title="bbox 2008 5506 3571 5577">
     <span class='ocr_line' id='line_1_115' title="bbox 2008 5506 3571 5577; baseline -0.001 -19"><span class='ocrx_word' id='word_1_804' title='bbox 2008 5506 2059 5558; x_wconf 91' lang='lat' dir='ltr'><strong>in</strong></span> <span class='ocrx_word' id='word_1_805' title='bbox 2099 5508 2367 5560; x_wconf 89' lang='lat' dir='ltr'><strong>creaturis</strong></span> <span class='ocrx_word' id='word_1_806' title='bbox 2406 5523 2512 5571; x_wconf 90' lang='lat' dir='ltr'><strong>non</strong></span> <span class='ocrx_word' id='word_1_807' title='bbox 2556 5510 2820 5577; x_wconf 85' lang='lat' dir='ltr'><strong>pervium.</strong></span> <span class='ocrx_word' id='word_1_808' title='bbox 2854 5525 2959 5561; x_wconf 90' lang='lat' dir='ltr'><strong>non</strong></span> <span class='ocrx_word' id='word_1_809' title='bbox 3005 5510 3227 5570; x_wconf 69' lang='lat' dir='ltr'><strong>caalum,</strong></span> <span class='ocrx_word' id='word_1_810' title='bbox 3264 5524 3369 5561; x_wconf 90' lang='lat' dir='ltr'><strong>non</strong></span> <span class='ocrx_word' id='word_1_811' title='bbox 3406 5517 3571 5565; x_wconf 82' lang='lat' dir='ltr'><strong>terra,</strong></span> 
     </span>
    </p>
   </div>
   <div class='ocr_carea' id='block_1_116' title="bbox 2007 5599 3570 5669">
    <p class='ocr_par' dir='ltr' id='par_1_116' title="bbox 2007 5599 3570 5669">
     <span class='ocr_line' id='line_1_116' title="bbox 2007 5599 3570 5669; baseline -0.001 -20"><span class='ocrx_word' id='word_1_812' title='bbox 2007 5614 2113 5651; x_wconf 90' lang='lat' dir='ltr'><strong>non</strong></span> <span class='ocrx_word' id='word_1_813' title='bbox 2147 5614 2264 5662; x_wconf 85' lang='lat' dir='ltr'><strong>aer,</strong></span> <span class='ocrx_word' id='word_1_814' title='bbox 2298 5615 2407 5653; x_wconf 88' lang='lat' dir='ltr'><strong>non</strong></span> <span class='ocrx_word' id='word_1_815' title='bbox 2452 5601 2611 5669; x_wconf 85' lang='lat' dir='ltr'><strong>ignis.</strong></span> <span class='ocrx_word' id='word_1_816' title='bbox 2646 5616 2752 5654; x_wconf 85' lang='lat' dir='ltr'><strong>non</strong></span> <span class='ocrx_word' id='word_1_817' title='bbox 2790 5616 2949 5669; x_wconf 85' lang='lat' dir='ltr'><strong>aqua,</strong></span> <span class='ocrx_word' id='word_1_818' title='bbox 2982 5617 3087 5654; x_wconf 90' lang='lat' dir='ltr'><strong>non</strong></span> <span class='ocrx_word' id='word_1_819' title='bbox 3131 5599 3365 5665; x_wconf 87' lang='lat' dir='ltr'><strong>denique</strong></span> <span class='ocrx_word' id='word_1_820' title='bbox 3402 5614 3570 5659; x_wconf 80' lang='lat' dir='ltr'><strong>mare,</strong></span> 
     </span>
    </p>
   </div>
   <div class='ocr_carea' id='block_1_117' title="bbox 1985 5689 3569 5759">
    <p class='ocr_par' dir='ltr' id='par_1_117' title="bbox 1985 5689 3569 5759">
     <span class='ocr_line' id='line_1_117' title="bbox 1985 5689 3569 5759; baseline 0.004 -17"><span class='ocrx_word' id='word_1_821' title='bbox 1985 5689 2043 5742; x_wconf 70' lang='lat' dir='ltr'><strong>Et</strong></span> <span class='ocrx_word' id='word_1_822' title='bbox 2098 5691 2316 5759; x_wconf 73' lang='lat' dir='ltr'><strong>quidem</strong></span> <span class='ocrx_word' id='word_1_823' title='bbox 2378 5691 2488 5745; x_wconf 76' lang='lat' dir='ltr'><strong>inec</strong></span> <span class='ocrx_word' id='word_1_824' title='bbox 2544 5695 2829 5748; x_wconf 80' lang='lat' dir='ltr'><strong>manifesta</strong></span> <span class='ocrx_word' id='word_1_825' title='bbox 2883 5694 3094 5746; x_wconf 75' lang='lat' dir='ltr'><strong>cunctis</strong></span> <span class='ocrx_word' id='word_1_826' title='bbox 3172 5690 3360 5746; x_wconf 75' lang='lat' dir='ltr'><strong>eﬁecla</strong></span> <span class='ocrx_word' id='word_1_827' title='bbox 3420 5700 3569 5748; x_wconf 79' lang='lat' dir='ltr'><strong>sunt.</strong></span> 
     </span>
    </p>
   </div>
  </div>
