  <div class='ocr_page' id='page_1' title='image "/cluster/home/n/w/nwhite01/storage/ocr_20150623/87 tp.3/nnc1.0046980288/390.png"; bbox 0 0 4294 6442; ppageno 0'>
   <div class='ocr_carea' id='block_1_1' title="bbox 323 422 465 488">
    <p class='ocr_par' dir='ltr' id='par_1_1' title="bbox 323 422 465 488">
     <span class='ocr_line' id='line_1_1' title="bbox 323 422 465 488; baseline 0.014 -2"><span class='ocrx_word' id='word_1_1' title='bbox 323 422 465 488; x_wconf 67' lang='grc'><strong>3549</strong></span> 
     </span>
    </p>
   </div>
   <div class='ocr_carea' id='block_1_2' title="bbox 1322 424 2566 497">
    <p class='ocr_par' dir='ltr' id='par_1_2' title="bbox 1322 424 2566 497">
     <span class='ocr_line' id='line_1_2' title="bbox 1322 424 2566 497; baseline 0.003 -5"><span class='ocrx_word' id='word_1_2' title='bbox 1322 424 1425 492; x_wconf 88' lang='lat' dir='ltr'><strong>SS.</strong></span> <span class='ocrx_word' id='word_1_3' title='bbox 1468 431 1644 493; x_wconf 80' lang='lat' dir='ltr'><strong>CYRI</strong></span> <span class='ocrx_word' id='word_1_4' title='bbox 1672 428 1767 493; x_wconf 87' lang='grc' dir='ltr'><strong>ΕΤ</strong></span> <span class='ocrx_word' id='word_1_5' title='bbox 1805 426 2127 494; x_wconf 74' lang='lat' dir='ltr'><strong>JOANNIS</strong></span> <span class='ocrx_word' id='word_1_6' title='bbox 2152 436 2566 497; x_wconf 73' lang='lat' dir='ltr'><strong>MlllACULA.</strong></span> 
     </span>
    </p>
   </div>
   <div class='ocr_carea' id='block_1_3' title="bbox 3445 437 3587 501">
    <p class='ocr_par' dir='ltr' id='par_1_3' title="bbox 3445 437 3587 501">
     <span class='ocr_line' id='line_1_3' title="bbox 3445 437 3587 501; baseline 0 0"><span class='ocrx_word' id='word_1_7' title='bbox 3445 437 3587 501; x_wconf 80' lang='lat'><strong>3550</strong></span> 
     </span>
    </p>
   </div>
   <div class='ocr_carea' id='block_1_4' title="bbox 324 541 2020 620">
    <p class='ocr_par' dir='ltr' id='par_1_4' title="bbox 324 541 2020 618">
     <span class='ocr_line' id='line_1_4' title="bbox 324 541 2020 618; baseline 0.006 -24"><span class='ocrx_word' id='word_1_8' title='bbox 324 558 427 604; x_wconf 84' lang='grc' dir='ltr'>σιν,</span> <span class='ocrx_word' id='word_1_9' title='bbox 449 542 567 594; x_wconf 72' lang='grc' dir='ltr'>νυνὶ</span> <span class='ocrx_word' id='word_1_10' title='bbox 591 541 648 595; x_wconf 72' lang='grc' dir='ltr'>δὲ</span> <span class='ocrx_word' id='word_1_11' title='bbox 681 543 816 597; x_wconf 84' lang='grc' dir='ltr'>Θεοῦ</span> <span class='ocrx_word' id='word_1_12' title='bbox 847 544 1032 613; x_wconf 85' lang='grc' dir='ltr'>χάριτι</span> <span class='ocrx_word' id='word_1_13' title='bbox 1057 546 1151 597; x_wconf 75' lang='grc' dir='ltr'>καὶ</span> <span class='ocrx_word' id='word_1_14' title='bbox 1183 548 1477 617; x_wconf 86' lang='grc' dir='ltr'>μαρτύρων</span> <span class='ocrx_word' id='word_1_15' title='bbox 1503 547 1772 618; x_wconf 83' lang='grc' dir='ltr'>φωτισμῷ</span> <span class='ocrx_word' id='word_1_16' title='bbox 1804 549 1900 601; x_wconf 83' lang='grc' dir='ltr'>καὶ</span> <span class='ocrx_word' id='word_1_17' title='bbox 1928 551 1974 608; x_wconf 77' lang='grc' dir='ltr'><strong>Δ</strong></span> <span class='ocrx_word' id='word_1_18' title='bbox 2004 564 2020 604; x_wconf 79' lang='grc' dir='ltr'><strong>ε</strong></span> 
     </span>
    </p>
   </div>
   <div class='ocr_carea' id='block_1_5' title="bbox 1889 541 3585 620">
    <p class='ocr_par' dir='ltr' id='par_1_5' title="bbox 1889 545 3585 620">
     <span class='ocr_line' id='line_1_5' title="bbox 1889 545 3585 620; baseline 0.004 -20"><span class='ocrx_word' id='word_1_19' title='bbox 1889 560 1900 600; x_wconf 76' lang='grc' dir='ltr'><strong>ι</strong></span> <span class='ocrx_word' id='word_1_20' title='bbox 1928 551 1974 608; x_wconf 79' lang='grc' dir='ltr'><strong>Δ</strong></span> <span class='ocrx_word' id='word_1_21' title='bbox 2004 549 2085 604; x_wconf 88' lang='lat' dir='ltr'><strong>sia</strong></span> <span class='ocrx_word' id='word_1_22' title='bbox 2114 550 2407 614; x_wconf 81' lang='lat' dir='ltr'><strong>scindunt;</strong></span> <span class='ocrx_word' id='word_1_23' title='bbox 2448 563 2597 604; x_wconf 89' lang='lat' dir='ltr'><strong>nunc</strong></span> <span class='ocrx_word' id='word_1_24' title='bbox 2632 557 2815 603; x_wconf 88' lang='lat' dir='ltr'><strong>autem</strong></span> <span class='ocrx_word' id='word_1_25' title='bbox 2841 545 2936 604; x_wconf 84' lang='lat' dir='ltr'><strong>Dei</strong></span> <span class='ocrx_word' id='word_1_26' title='bbox 2987 558 3158 619; x_wconf 78' lang='lat' dir='ltr'><strong>gratia</strong></span> <span class='ocrx_word' id='word_1_27' title='bbox 3187 566 3242 605; x_wconf 70' lang='lat' dir='ltr'><strong>et</strong></span> <span class='ocrx_word' id='word_1_28' title='bbox 3285 559 3585 620; x_wconf 75' lang='lat' dir='ltr'><strong>inartyrmn</strong></span> 
     </span>
    </p>
   </div>
   <div class='ocr_carea' id='block_1_6' title="bbox 323 632 1896 706">
    <p class='ocr_par' dir='ltr' id='par_1_6' title="bbox 323 632 1896 706">
     <span class='ocr_line' id='line_1_6' title="bbox 323 632 1896 706; baseline 0.005 -22"><span class='ocrx_word' id='word_1_29' title='bbox 323 632 723 703; x_wconf 76' lang='grc' dir='ltr'><strong>προστάγματι,</strong></span> <span class='ocrx_word' id='word_1_30' title='bbox 744 636 840 687; x_wconf 74' lang='grc' dir='ltr'>καὶ</span> <span class='ocrx_word' id='word_1_31' title='bbox 869 636 929 688; x_wconf 77' lang='grc' dir='ltr'>ἐν</span> <span class='ocrx_word' id='word_1_32' title='bbox 963 636 1076 698; x_wconf 83' lang='grc' dir='ltr'>τοῖς</span> <span class='ocrx_word' id='word_1_33' title='bbox 1102 635 1312 704; x_wconf 86' lang='grc' dir='ltr'>ταύτης</span> <span class='ocrx_word' id='word_1_34' title='bbox 1335 639 1491 691; x_wconf 78' lang='grc' dir='ltr'>παισὶ</span> <span class='ocrx_word' id='word_1_35' title='bbox 1521 637 1896 706; x_wconf 75' lang='grc' dir='ltr'>λογιζόμενος,</span> 
     </span>
    </p>
   </div>
   <div class='ocr_carea' id='block_1_7' title="bbox 323 723 1903 798">
    <p class='ocr_par' dir='ltr' id='par_1_7' title="bbox 323 723 1903 798">
     <span class='ocr_line' id='line_1_7' title="bbox 323 723 1903 798; baseline 0.003 -22"><span class='ocrx_word' id='word_1_36' title='bbox 323 724 417 777; x_wconf 73' lang='grc' dir='ltr'>καὶ</span> <span class='ocrx_word' id='word_1_37' title='bbox 442 723 657 792; x_wconf 85' lang='grc' dir='ltr'>βαθμοῦ</span> <span class='ocrx_word' id='word_1_38' title='bbox 678 724 858 795; x_wconf 86' lang='grc' dir='ltr'>τυχὼν</span> <span class='ocrx_word' id='word_1_39' title='bbox 882 725 1162 795; x_wconf 80' lang='grc' dir='ltr'><strong>ἱερατικοῦ</strong></span> <span class='ocrx_word' id='word_1_40' title='bbox 1178 727 1274 780; x_wconf 85' lang='grc' dir='ltr'><strong>τοῦ</strong></span> <span class='ocrx_word' id='word_1_41' title='bbox 1304 729 1445 798; x_wconf 80' lang='grc' dir='ltr'>μετὰ</span> <span class='ocrx_word' id='word_1_42' title='bbox 1468 729 1599 790; x_wconf 85' lang='grc' dir='ltr'>τοὺς</span> <span class='ocrx_word' id='word_1_43' title='bbox 1620 728 1903 789; x_wconf 82' lang='grc' dir='ltr'><strong>διακόνους</strong></span> 
     </span>
    </p>
   </div>
   <div class='ocr_carea' id='block_1_8' title="bbox 321 814 1903 886">
    <p class='ocr_par' dir='ltr' id='par_1_8' title="bbox 321 814 1903 886">
     <span class='ocr_line' id='line_1_8' title="bbox 321 814 1903 886; baseline 0 -18"><span class='ocrx_word' id='word_1_44' title='bbox 321 814 681 885; x_wconf 80' lang='grc' dir='ltr'>ὑπάρχοντος,</span> <span class='ocrx_word' id='word_1_45' title='bbox 746 816 843 868; x_wconf 74' lang='grc' dir='ltr'>καὶ</span> <span class='ocrx_word' id='word_1_46' title='bbox 893 817 1226 886; x_wconf 75' lang='grc' dir='ltr'><strong>λειτουργῶν</strong></span> <span class='ocrx_word' id='word_1_47' title='bbox 1252 816 1328 880; x_wconf 83' lang='grc' dir='ltr'><strong>ὡς</strong></span> <span class='ocrx_word' id='word_1_48' title='bbox 1350 818 1700 879; x_wconf 77' lang='grc' dir='ltr'>ὐποδιάκονος</span> <span class='ocrx_word' id='word_1_49' title='bbox 1736 816 1796 868; x_wconf 77' lang='grc' dir='ltr'>ἐν</span> <span class='ocrx_word' id='word_1_50' title='bbox 1825 815 1903 886; x_wconf 83' lang='grc' dir='ltr'>τῷ</span> 
     </span>
    </p>
   </div>
   <div class='ocr_carea' id='block_1_9' title="bbox 322 902 1903 979">
    <p class='ocr_par' dir='ltr' id='par_1_9' title="bbox 322 902 1903 979">
     <span class='ocr_line' id='line_1_9' title="bbox 322 902 1903 979; baseline 0.002 -21"><span class='ocrx_word' id='word_1_51' title='bbox 322 906 504 976; x_wconf 84' lang='grc' dir='ltr'>σεπτῷ</span> <span class='ocrx_word' id='word_1_52' title='bbox 534 906 645 959; x_wconf 85' lang='grc' dir='ltr'><strong>τῶν</strong></span> <span class='ocrx_word' id='word_1_53' title='bbox 676 907 849 975; x_wconf 89' lang='grc' dir='ltr'>ἀγίων</span> <span class='ocrx_word' id='word_1_54' title='bbox 880 907 1163 979; x_wconf 84' lang='grc' dir='ltr'>οίκήματι.</span> <span class='ocrx_word' id='word_1_55' title='bbox 1193 902 1382 972; x_wconf 73' lang='grc' dir='ltr'>Οὗτος,</span> <span class='ocrx_word' id='word_1_56' title='bbox 1407 908 1480 970; x_wconf 81' lang='grc' dir='ltr'><strong>ῶς</strong></span> <span class='ocrx_word' id='word_1_57' title='bbox 1506 925 1689 976; x_wconf 82' lang='grc' dir='ltr'>φασιν,</span> <span class='ocrx_word' id='word_1_58' title='bbox 1711 909 1740 961; x_wconf 84' lang='grc' dir='ltr'>ὁ</span> <span class='ocrx_word' id='word_1_59' title='bbox 1771 906 1903 961; x_wconf 83' lang='grc' dir='ltr'>Θεό-</span> 
     </span>
    </p>
   </div>
   <div class='ocr_carea' id='block_1_10' title="bbox 320 996 1903 1069">
    <p class='ocr_par' dir='ltr' id='par_1_10' title="bbox 320 996 1903 1069">
     <span class='ocr_line' id='line_1_10' title="bbox 320 996 1903 1069; baseline 0.003 -20"><span class='ocrx_word' id='word_1_60' title='bbox 320 996 490 1068; x_wconf 87' lang='grc' dir='ltr'>δωρος</span> <span class='ocrx_word' id='word_1_61' title='bbox 520 1000 583 1050; x_wconf 80' lang='grc' dir='ltr'>ὲκ</span> <span class='ocrx_word' id='word_1_62' title='bbox 613 998 740 1061; x_wconf 84' lang='grc' dir='ltr'>νέας</span> <span class='ocrx_word' id='word_1_63' title='bbox 797 999 1014 1068; x_wconf 87' lang='grc' dir='ltr'>ήλικίας</span> <span class='ocrx_word' id='word_1_64' title='bbox 1050 998 1129 1069; x_wconf 85' lang='grc' dir='ltr'>τῷ</span> <span class='ocrx_word' id='word_1_65' title='bbox 1188 999 1299 1052; x_wconf 88' lang='grc' dir='ltr'><strong>τῶν</strong></span> <span class='ocrx_word' id='word_1_66' title='bbox 1350 998 1528 1052; x_wconf 83' lang='grc' dir='ltr'>ποδῶν</span> <span class='ocrx_word' id='word_1_67' title='bbox 1584 998 1903 1069; x_wconf 75' lang='grc' dir='ltr'><strong>περιπίπτει</strong></span> 
     </span>
    </p>
   </div>
   <div class='ocr_carea' id='block_1_11' title="bbox 321 1085 1904 1160">
    <p class='ocr_par' dir='ltr' id='par_1_11' title="bbox 321 1085 1904 1160">
     <span class='ocr_line' id='line_1_11' title="bbox 321 1085 1904 1160; baseline 0.001 -21"><span class='ocrx_word' id='word_1_68' title='bbox 321 1087 612 1158; x_wconf 73' lang='grc' dir='ltr'>νοσήματι,</span> <span class='ocrx_word' id='word_1_69' title='bbox 662 1089 801 1159; x_wconf 85' lang='grc' dir='ltr'>ὅπερ</span> <span class='ocrx_word' id='word_1_70' title='bbox 862 1091 1036 1160; x_wconf 72' lang='grc' dir='ltr'>ἰατροὶ</span> <span class='ocrx_word' id='word_1_71' title='bbox 1080 1088 1382 1157; x_wconf 73' lang='grc' dir='ltr'>ποδάγραν,</span> <span class='ocrx_word' id='word_1_72' title='bbox 1414 1089 1490 1152; x_wconf 84' lang='grc' dir='ltr'>ὡς</span> <span class='ocrx_word' id='word_1_73' title='bbox 1515 1085 1689 1156; x_wconf 86' lang='grc' dir='ltr'>οἶμαι,</span> <span class='ocrx_word' id='word_1_74' title='bbox 1722 1088 1904 1152; x_wconf 84' lang='grc' dir='ltr'>καλῶς</span> 
     </span>
    </p>
   </div>
   <div class='ocr_carea' id='block_1_12' title="bbox 324 1179 1904 1250">
    <p class='ocr_par' dir='ltr' id='par_1_12' title="bbox 324 1179 1904 1250">
     <span class='ocr_line' id='line_1_12' title="bbox 324 1179 1904 1250; baseline 0.002 -21"><span class='ocrx_word' id='word_1_75' title='bbox 324 1180 802 1248; x_wconf 73' lang='grc' dir='ltr'>προσηγόρευσαν,</span> <span class='ocrx_word' id='word_1_76' title='bbox 841 1179 933 1233; x_wconf 79' lang='grc' dir='ltr'><strong>διὰ</strong></span> <span class='ocrx_word' id='word_1_77' title='bbox 955 1181 1055 1249; x_wconf 75' lang='grc' dir='ltr'>τὴν</span> <span class='ocrx_word' id='word_1_78' title='bbox 1099 1179 1195 1233; x_wconf 81' lang='grc' dir='ltr'><strong>τοῦ</strong></span> <span class='ocrx_word' id='word_1_79' title='bbox 1235 1180 1439 1244; x_wconf 87' lang='grc' dir='ltr'>πάθους</span> <span class='ocrx_word' id='word_1_80' title='bbox 1469 1179 1670 1250; x_wconf 74' lang='grc' dir='ltr'>πολλὴν</span> <span class='ocrx_word' id='word_1_81' title='bbox 1717 1179 1904 1249; x_wconf 83' lang='grc' dir='ltr'>ἀγριό-</span> 
     </span>
    </p>
   </div>
   <div class='ocr_carea' id='block_1_13' title="bbox 322 1269 1903 1340">
    <p class='ocr_par' dir='ltr' id='par_1_13' title="bbox 322 1269 1903 1340">
     <span class='ocr_line' id='line_1_13' title="bbox 322 1269 1903 1340; baseline 0.001 -21"><span class='ocrx_word' id='word_1_82' title='bbox 322 1283 479 1336; x_wconf 84' lang='grc' dir='ltr'>τητα.</span> <span class='ocrx_word' id='word_1_83' title='bbox 515 1269 730 1339; x_wconf 80' lang='grc' dir='ltr'>Ὥσπερ</span> <span class='ocrx_word' id='word_1_84' title='bbox 780 1271 889 1340; x_wconf 71' lang='grc' dir='ltr'>γὰρ</span> <span class='ocrx_word' id='word_1_85' title='bbox 939 1270 1048 1322; x_wconf 89' lang='grc' dir='ltr'><strong>τῶν</strong></span> <span class='ocrx_word' id='word_1_86' title='bbox 1083 1269 1269 1338; x_wconf 83' lang='grc' dir='ltr'>θηρῶν</span> <span class='ocrx_word' id='word_1_87' title='bbox 1305 1269 1619 1339; x_wconf 82' lang='grc' dir='ltr'>ἀγριώτερα</span> <span class='ocrx_word' id='word_1_88' title='bbox 1657 1269 1903 1337; x_wconf 79' lang='grc' dir='ltr'>φυσικῶς</span> 
     </span>
    </p>
   </div>
   <div class='ocr_carea' id='block_1_14' title="bbox 323 1358 1903 1433">
    <p class='ocr_par' dir='ltr' id='par_1_14' title="bbox 323 1358 1903 1433">
     <span class='ocr_line' id='line_1_14' title="bbox 323 1358 1903 1433; baseline 0.003 -23"><span class='ocrx_word' id='word_1_89' title='bbox 323 1358 382 1410; x_wconf 74' lang='grc' dir='ltr'>τὸ</span> <span class='ocrx_word' id='word_1_90' title='bbox 400 1359 676 1430; x_wconf 79' lang='grc' dir='ltr'>ἀνήμερον</span> <span class='ocrx_word' id='word_1_91' title='bbox 721 1360 915 1429; x_wconf 79' lang='grc' dir='ltr'>ἔχοντα</span> <span class='ocrx_word' id='word_1_92' title='bbox 968 1364 1083 1424; x_wconf 82' lang='grc' dir='ltr'>τοῖς</span> <span class='ocrx_word' id='word_1_93' title='bbox 1138 1361 1381 1433; x_wconf 77' lang='grc' dir='ltr'>ἡμεροῦν</span> <span class='ocrx_word' id='word_1_94' title='bbox 1444 1363 1721 1416; x_wconf 78' lang='grc' dir='ltr'>ἐθέλουσίν</span> <span class='ocrx_word' id='word_1_95' title='bbox 1765 1365 1903 1416; x_wconf 75' lang='grc' dir='ltr'>εἰσιν</span> 
     </span>
    </p>
   </div>
   <div class='ocr_carea' id='block_1_15' title="bbox 325 1450 1903 1521">
    <p class='ocr_par' dir='ltr' id='par_1_15' title="bbox 325 1450 1903 1521">
     <span class='ocr_line' id='line_1_15' title="bbox 325 1450 1903 1521; baseline 0.003 -20"><span class='ocrx_word' id='word_1_96' title='bbox 325 1451 673 1503; x_wconf 70' lang='grc' dir='ltr'>ἀνυπότακτα</span> <span class='ocrx_word' id='word_1_97' title='bbox 701 1451 1095 1505; x_wconf 85' lang='grc' dir='ltr'>τιθασσεύοντα</span> <span class='ocrx_word' id='word_1_98' title='bbox 1150 1451 1365 1520; x_wconf 79' lang='grc' dir='ltr'>χαλινὸν</span> <span class='ocrx_word' id='word_1_99' title='bbox 1412 1450 1676 1521; x_wconf 82' lang='grc' dir='ltr'>δεχόμενα</span> <span class='ocrx_word' id='word_1_100' title='bbox 1709 1470 1723 1484; x_wconf 92' lang='grc'><strong>·</strong></span> <span class='ocrx_word' id='word_1_101' title='bbox 1761 1453 1903 1505; x_wconf 79' lang='grc' dir='ltr'>οὕτω</span> 
     </span>
    </p>
   </div>
   <div class='ocr_carea' id='block_1_16' title="bbox 324 1539 1901 1612">
    <p class='ocr_par' dir='ltr' id='par_1_16' title="bbox 324 1539 1901 1612">
     <span class='ocr_line' id='line_1_16' title="bbox 324 1539 1901 1612; baseline 0.01 -30"><span class='ocrx_word' id='word_1_102' title='bbox 324 1541 596 1594; x_wconf 69' lang='grc' dir='ltr'>καὶτοῦτο</span> <span class='ocrx_word' id='word_1_103' title='bbox 624 1542 685 1595; x_wconf 56' lang='lat' dir='ltr'><strong>ei,</strong></span> <span class='ocrx_word' id='word_1_104' title='bbox 707 1543 984 1612; x_wconf 72' lang='grc' dir='ltr'>ἀνήμερον</span> <span class='ocrx_word' id='word_1_105' title='bbox 1012 1543 1246 1612; x_wconf 81' lang='grc' dir='ltr'>νόσημα,</span> <span class='ocrx_word' id='word_1_106' title='bbox 1276 1539 1464 1595; x_wconf 77' lang='grc' dir='ltr'>παισὶν</span> <span class='ocrx_word' id='word_1_107' title='bbox 1494 1543 1693 1611; x_wconf 74' lang='grc' dir='ltr'>ἰατρῶν</span> <span class='ocrx_word' id='word_1_108' title='bbox 1720 1544 1901 1612; x_wconf 83' lang='grc' dir='ltr'>ὑπάρ-</span> 
     </span>
    </p>
   </div>
   <div class='ocr_carea' id='block_1_17' title="bbox 325 1632 1901 1704">
    <p class='ocr_par' dir='ltr' id='par_1_17' title="bbox 325 1632 1901 1704">
     <span class='ocr_line' id='line_1_17' title="bbox 325 1632 1901 1704; baseline 0.002 -21"><span class='ocrx_word' id='word_1_109' title='bbox 325 1649 418 1700; x_wconf 90' lang='grc' dir='ltr'><strong>χον</strong></span> <span class='ocrx_word' id='word_1_110' title='bbox 461 1632 775 1698; x_wconf 89' lang='grc' dir='ltr'>ἀτίθασσον,</span> <span class='ocrx_word' id='word_1_111' title='bbox 849 1635 1037 1701; x_wconf 84' lang='grc' dir='ltr'>ύγείας</span> <span class='ocrx_word' id='word_1_112' title='bbox 1088 1635 1306 1704; x_wconf 81' lang='grc' dir='ltr'>χαλινὸν</span> <span class='ocrx_word' id='word_1_113' title='bbox 1335 1634 1435 1686; x_wconf 79' lang='grc' dir='ltr'>οὐκ</span> <span class='ocrx_word' id='word_1_114' title='bbox 1484 1635 1758 1703; x_wconf 77' lang='grc' dir='ltr'>ἀνέχεταί,</span> <span class='ocrx_word' id='word_1_115' title='bbox 1786 1636 1901 1689; x_wconf 78' lang='grc' dir='ltr'>ἀλλ’</span> 
     </span>
    </p>
   </div>
   <div class='ocr_carea' id='block_1_18' title="bbox 322 1725 1901 1797">
    <p class='ocr_par' dir='ltr' id='par_1_18' title="bbox 322 1725 1901 1797">
     <span class='ocr_line' id='line_1_18' title="bbox 322 1725 1901 1797; baseline 0 -19"><span class='ocrx_word' id='word_1_116' title='bbox 322 1727 520 1789; x_wconf 71' lang='grc' dir='ltr'>αὐτοὺς</span> <span class='ocrx_word' id='word_1_117' title='bbox 541 1728 667 1789; x_wconf 75' lang='grc' dir='ltr'>τοὺς</span> <span class='ocrx_word' id='word_1_118' title='bbox 709 1726 1186 1797; x_wconf 77' lang='grc' dir='ltr'>προσφερομένους</span> <span class='ocrx_word' id='word_1_119' title='bbox 1213 1725 1360 1794; x_wconf 72' lang='grc' dir='ltr'><strong>αὖτῷ</strong></span> <span class='ocrx_word' id='word_1_120' title='bbox 1388 1728 1504 1789; x_wconf 81' lang='grc' dir='ltr'>τοῖς</span> <span class='ocrx_word' id='word_1_121' title='bbox 1536 1726 1901 1797; x_wconf 78' lang='grc' dir='ltr'>βοηθήμασιν,</span> 
     </span>
    </p>
   </div>
   <div class='ocr_carea' id='block_1_19' title="bbox 323 1817 1896 1889">
    <p class='ocr_par' dir='ltr' id='par_1_19' title="bbox 323 1817 1896 1889">
     <span class='ocr_line' id='line_1_19' title="bbox 323 1817 1896 1889; baseline -0.001 -18"><span class='ocrx_word' id='word_1_122' title='bbox 323 1817 514 1889; x_wconf 82' lang='grc' dir='ltr'>ὥσπερ</span> <span class='ocrx_word' id='word_1_123' title='bbox 543 1819 601 1885; x_wconf 76' lang='grc' dir='ltr'>ἐξ</span> <span class='ocrx_word' id='word_1_124' title='bbox 631 1820 876 1888; x_wconf 76' lang='grc' dir='ltr'>ἀράχνης</span> <span class='ocrx_word' id='word_1_125' title='bbox 916 1818 1074 1879; x_wconf 77' lang='grc' dir='ltr'>ὄντας</span> <span class='ocrx_word' id='word_1_126' title='bbox 1100 1817 1407 1887; x_wconf 66' lang='grc' dir='ltr'>περικόψαι)</span> <span class='ocrx_word' id='word_1_127' title='bbox 1438 1818 1765 1888; x_wconf 81' lang='grc' dir='ltr'>ἀπέρχεται,</span> <span class='ocrx_word' id='word_1_128' title='bbox 1795 1818 1896 1889; x_wconf 79' lang='grc' dir='ltr'>τὴν</span> 
     </span>
    </p>
   </div>
   <div class='ocr_carea' id='block_1_20' title="bbox 322 1909 1180 1978">
    <p class='ocr_par' dir='ltr' id='par_1_20' title="bbox 322 1909 1180 1978">
     <span class='ocr_line' id='line_1_20' title="bbox 322 1909 1180 1978; baseline 0 -16"><span class='ocrx_word' id='word_1_129' title='bbox 322 1910 531 1964; x_wconf 82' lang='grc' dir='ltr'>οἰκείαν</span> <span class='ocrx_word' id='word_1_130' title='bbox 560 1909 826 1963; x_wconf 68' lang='grc' dir='ltr'>ἀναλαῦὸν</span> <span class='ocrx_word' id='word_1_131' title='bbox 860 1909 1180 1978; x_wconf 75' lang='grc' dir='ltr'>ἀγριότητα.</span> 
     </span>
    </p>
   </div>
   <div class='ocr_carea' id='block_1_21' title="bbox 393 1997 1902 2069">
    <p class='ocr_par' dir='ltr' id='par_1_21' title="bbox 393 1997 1902 2069">
     <span class='ocr_line' id='line_1_21' title="bbox 393 1997 1902 2069; baseline 0.001 -18"><span class='ocrx_word' id='word_1_132' title='bbox 393 1998 583 2068; x_wconf 85' lang='grc' dir='ltr'>Τούτῳ</span> <span class='ocrx_word' id='word_1_133' title='bbox 612 1998 935 2068; x_wconf 81' lang='grc' dir='ltr'>περιπεσὼν</span> <span class='ocrx_word' id='word_1_134' title='bbox 958 2001 985 2051; x_wconf 92' lang='grc' dir='ltr'>ὀ</span> <span class='ocrx_word' id='word_1_135' title='bbox 1004 1998 1281 2069; x_wconf 81' lang='grc' dir='ltr'>Θεόδωρος</span> <span class='ocrx_word' id='word_1_136' title='bbox 1298 2000 1361 2049; x_wconf 84' lang='grc' dir='ltr'>ὲκ</span> <span class='ocrx_word' id='word_1_137' title='bbox 1379 1997 1637 2068; x_wconf 77' lang='grc' dir='ltr'>βραχείας</span> <span class='ocrx_word' id='word_1_138' title='bbox 1663 1998 1902 2065; x_wconf 78' lang='grc' dir='ltr'>ἡλικίας,</span> 
     </span>
    </p>
   </div>
   <div class='ocr_carea' id='block_1_22' title="bbox 324 2085 1905 2161">
    <p class='ocr_par' dir='ltr' id='par_1_22' title="bbox 324 2085 1905 2161">
     <span class='ocr_line' id='line_1_22' title="bbox 324 2085 1905 2161; baseline -0.002 -17"><span class='ocrx_word' id='word_1_139' title='bbox 324 2093 399 2155; x_wconf 84' lang='grc' dir='ltr'>ὡς</span> <span class='ocrx_word' id='word_1_140' title='bbox 420 2092 652 2161; x_wconf 72' lang='grc' dir='ltr'>ἔφημεν,</span> <span class='ocrx_word' id='word_1_141' title='bbox 679 2090 990 2161; x_wconf 78' lang='grc' dir='ltr'>προκόπτον</span> <span class='ocrx_word' id='word_1_142' title='bbox 1019 2085 1131 2158; x_wconf 77' lang='grc' dir='ltr'>εἶχε</span> <span class='ocrx_word' id='word_1_143' title='bbox 1152 2089 1215 2142; x_wconf 83' lang='grc' dir='ltr'>τὸ</span> <span class='ocrx_word' id='word_1_144' title='bbox 1245 2089 1417 2151; x_wconf 83' lang='grc' dir='ltr'>πάθος</span> <span class='ocrx_word' id='word_1_145' title='bbox 1445 2091 1741 2159; x_wconf 58' lang='grc' dir='ltr'>ἀφόρητον·</span> <span class='ocrx_word' id='word_1_146' title='bbox 1767 2091 1905 2158; x_wconf 80' lang='grc' dir='ltr'>ὅπερ</span> 
     </span>
    </p>
   </div>
   <div class='ocr_carea' id='block_1_23' title="bbox 326 2177 1906 2251">
    <p class='ocr_par' dir='ltr' id='par_1_23' title="bbox 326 2177 1906 2251">
     <span class='ocr_line' id='line_1_23' title="bbox 326 2177 1906 2251; baseline -0.003 -15"><span class='ocrx_word' id='word_1_147' title='bbox 326 2184 466 2236; x_wconf 72' lang='grc' dir='ltr'>κατὰ</span> <span class='ocrx_word' id='word_1_148' title='bbox 500 2183 610 2235; x_wconf 86' lang='grc' dir='ltr'><strong>τῶν</strong></span> <span class='ocrx_word' id='word_1_149' title='bbox 659 2182 813 2247; x_wconf 78' lang='grc' dir='ltr'>ζώων</span> <span class='ocrx_word' id='word_1_150' title='bbox 840 2184 1173 2251; x_wconf 77' lang='grc' dir='ltr'>γεννήματα,</span> <span class='ocrx_word' id='word_1_151' title='bbox 1208 2180 1304 2233; x_wconf 82' lang='grc' dir='ltr'>καὶ</span> <span class='ocrx_word' id='word_1_152' title='bbox 1347 2180 1531 2246; x_wconf 79' lang='grc' dir='ltr'>φυτῶν</span> <span class='ocrx_word' id='word_1_153' title='bbox 1556 2179 1651 2232; x_wconf 79' lang='grc' dir='ltr'>καὶ</span> <span class='ocrx_word' id='word_1_154' title='bbox 1671 2177 1906 2246; x_wconf 67' lang='grc' dir='ltr'>δένδρων</span> 
     </span>
    </p>
   </div>
   <div class='ocr_carea' id='block_1_24' title="bbox 327 2269 1906 2343">
    <p class='ocr_par' dir='ltr' id='par_1_24' title="bbox 327 2269 1906 2343">
     <span class='ocr_line' id='line_1_24' title="bbox 327 2269 1906 2343; baseline -0.003 -19"><span class='ocrx_word' id='word_1_155' title='bbox 327 2275 681 2343; x_wconf 80' lang='grc' dir='ltr'>βλαστήματα</span> <span class='ocrx_word' id='word_1_156' title='bbox 708 2272 778 2325; x_wconf 80' lang='grc' dir='ltr'><strong>τὰ</strong></span> <span class='ocrx_word' id='word_1_157' title='bbox 807 2272 906 2342; x_wconf 75' lang='grc' dir='ltr'>τὴν</span> <span class='ocrx_word' id='word_1_158' title='bbox 934 2272 1143 2326; x_wconf 86' lang='grc' dir='ltr'>οίκείαν</span> <span class='ocrx_word' id='word_1_159' title='bbox 1164 2271 1372 2341; x_wconf 74' lang='grc' dir='ltr'>ἀρετὴν</span> <span class='ocrx_word' id='word_1_160' title='bbox 1405 2270 1501 2323; x_wconf 81' lang='grc' dir='ltr'>καὶ</span> <span class='ocrx_word' id='word_1_161' title='bbox 1528 2269 1813 2334; x_wconf 81' lang='grc' dir='ltr'>εὐγένειαν</span> <span class='ocrx_word' id='word_1_162' title='bbox 1844 2271 1906 2321; x_wconf 81' lang='grc' dir='ltr'>ὲκ</span> 
     </span>
    </p>
   </div>
   <div class='ocr_carea' id='block_1_25' title="bbox 326 2360 1906 2439">
    <p class='ocr_par' dir='ltr' id='par_1_25' title="bbox 326 2360 1906 2439">
     <span class='ocr_line' id='line_1_25' title="bbox 326 2360 1906 2439; baseline -0.004 -20"><span class='ocrx_word' id='word_1_163' title='bbox 326 2367 630 2439; x_wconf 79' lang='grc' dir='ltr'>προοιμίων</span> <span class='ocrx_word' id='word_1_164' title='bbox 676 2365 837 2426; x_wconf 75' lang='grc' dir='ltr'>εὐθὺς</span> <span class='ocrx_word' id='word_1_165' title='bbox 888 2362 1299 2432; x_wconf 81' lang='grc' dir='ltr'>ἐνδεικνύμενα,</span> <span class='ocrx_word' id='word_1_166' title='bbox 1361 2363 1428 2432; x_wconf 83' lang='grc' dir='ltr'>ἥν</span> <span class='ocrx_word' id='word_1_167' title='bbox 1478 2360 1622 2431; x_wconf 71' lang='grc' dir='ltr'>ἔχειν</span> <span class='ocrx_word' id='word_1_168' title='bbox 1679 2361 1906 2428; x_wconf 77' lang='grc' dir='ltr'>εὐφυΐαν</span> 
     </span>
    </p>
   </div>
   <div class='ocr_carea' id='block_1_26' title="bbox 326 2452 1908 2527">
    <p class='ocr_par' dir='ltr' id='par_1_26' title="bbox 326 2452 1908 2527">
     <span class='ocr_line' id='line_1_26' title="bbox 326 2452 1908 2527; baseline -0.006 -16"><span class='ocrx_word' id='word_1_169' title='bbox 326 2460 519 2512; x_wconf 80' lang='grc' dir='ltr'>ἔπειτα</span> <span class='ocrx_word' id='word_1_170' title='bbox 555 2457 861 2527; x_wconf 73' lang='grc' dir='ltr'>μέλλουσιν,</span> <span class='ocrx_word' id='word_1_171' title='bbox 893 2459 1004 2518; x_wconf 78' lang='grc' dir='ltr'>τοῖς</span> <span class='ocrx_word' id='word_1_172' title='bbox 1025 2456 1220 2508; x_wconf 86' lang='grc' dir='ltr'>είδόσιν</span> <span class='ocrx_word' id='word_1_173' title='bbox 1246 2455 1378 2524; x_wconf 74' lang='grc' dir='ltr'>ὁρᾷν</span> <span class='ocrx_word' id='word_1_174' title='bbox 1410 2455 1474 2506; x_wconf 81' lang='grc' dir='ltr'>ἐκ</span> <span class='ocrx_word' id='word_1_175' title='bbox 1504 2455 1715 2522; x_wconf 78' lang='grc' dir='ltr'>μήτρας</span> <span class='ocrx_word' id='word_1_176' title='bbox 1739 2452 1908 2520; x_wconf 76' lang='grc' dir='ltr'>αὐτῆς</span> 
     </span>
    </p>
   </div>
   <div class='ocr_carea' id='block_1_27' title="bbox 328 2543 1908 2620">
    <p class='ocr_par' dir='ltr' id='par_1_27' title="bbox 328 2543 1908 2620">
     <span class='ocr_line' id='line_1_27' title="bbox 328 2543 1908 2620; baseline -0.005 -17"><span class='ocrx_word' id='word_1_177' title='bbox 328 2551 423 2605; x_wconf 74' lang='grc' dir='ltr'>καὶ</span> <span class='ocrx_word' id='word_1_178' title='bbox 437 2550 578 2619; x_wconf 75' lang='grc' dir='ltr'>φυῆς</span> <span class='ocrx_word' id='word_1_179' title='bbox 601 2549 1116 2620; x_wconf 78' lang='grc' dir='ltr'>παραστράπτοντα·</span> <span class='ocrx_word' id='word_1_180' title='bbox 1149 2548 1243 2600; x_wconf 71' lang='grc' dir='ltr'>καὶ</span> <span class='ocrx_word' id='word_1_181' title='bbox 1266 2547 1399 2600; x_wconf 72' lang='grc' dir='ltr'>αὐτὸ</span> <span class='ocrx_word' id='word_1_182' title='bbox 1424 2546 1483 2598; x_wconf 76' lang='grc' dir='ltr'>τὸ</span> <span class='ocrx_word' id='word_1_183' title='bbox 1510 2544 1708 2597; x_wconf 77' lang='grc' dir='ltr'>ἑαυτοῦ</span> <span class='ocrx_word' id='word_1_184' title='bbox 1741 2543 1908 2610; x_wconf 78' lang='grc' dir='ltr'>φανὲν</span> 
     </span>
    </p>
   </div>
   <div class='ocr_carea' id='block_1_28' title="bbox 328 2635 1910 2714">
    <p class='ocr_par' dir='ltr' id='par_1_28' title="bbox 328 2635 1910 2714">
     <span class='ocr_line' id='line_1_28' title="bbox 328 2635 1910 2714; baseline -0.006 -18"><span class='ocrx_word' id='word_1_185' title='bbox 328 2642 743 2714; x_wconf 78' lang='grc' dir='ltr'>προσεδείκνυεν</span> <span class='ocrx_word' id='word_1_186' title='bbox 796 2640 1145 2710; x_wconf 62' lang='grc' dir='ltr'>μέιἐθος,ὠς</span> <span class='ocrx_word' id='word_1_187' title='bbox 1175 2639 1376 2709; x_wconf 80' lang='grc' dir='ltr'>πόρους</span> <span class='ocrx_word' id='word_1_188' title='bbox 1436 2638 1598 2698; x_wconf 73' lang='grc' dir='ltr'>εὐθὺς</span> <span class='ocrx_word' id='word_1_189' title='bbox 1647 2635 1910 2698; x_wconf 80' lang='grc' dir='ltr'>δυσειδείς</span> 
     </span>
    </p>
   </div>
   <div class='ocr_carea' id='block_1_29' title="bbox 327 2725 1909 2801">
    <p class='ocr_par' dir='ltr' id='par_1_29' title="bbox 327 2725 1909 2801">
     <span class='ocr_line' id='line_1_29' title="bbox 327 2725 1909 2801; baseline -0.006 -15"><span class='ocrx_word' id='word_1_190' title='bbox 327 2735 424 2786; x_wconf 76' lang='grc' dir='ltr'>καὶ</span> <span class='ocrx_word' id='word_1_191' title='bbox 473 2732 878 2801; x_wconf 77' lang='grc' dir='ltr'>προκόπτοντας</span> <span class='ocrx_word' id='word_1_192' title='bbox 944 2729 1032 2780; x_wconf 73' lang='grc' dir='ltr'>ἐπί</span> <span class='ocrx_word' id='word_1_193' title='bbox 1050 2746 1109 2781; x_wconf 83' lang='grc' dir='ltr'><strong>τε</strong></span> <span class='ocrx_word' id='word_1_194' title='bbox 1139 2727 1316 2780; x_wconf 54' lang='grc' dir='ltr'>ποδῶν</span> <span class='ocrx_word' id='word_1_195' title='bbox 1342 2728 1435 2779; x_wconf 74' lang='grc' dir='ltr'>καὶ</span> <span class='ocrx_word' id='word_1_196' title='bbox 1461 2725 1663 2795; x_wconf 77' lang='grc' dir='ltr'>χειρῶν</span> <span class='ocrx_word' id='word_1_197' title='bbox 1702 2727 1769 2794; x_wconf 78' lang='grc' dir='ltr'>τῇ</span> <span class='ocrx_word' id='word_1_198' title='bbox 1799 2725 1909 2777; x_wconf 88' lang='grc' dir='ltr'><strong>τῶν</strong></span> 
     </span>
    </p>
   </div>
   <div class='ocr_carea' id='block_1_30' title="bbox 327 2812 1910 2887">
    <p class='ocr_par' dir='ltr' id='par_1_30' title="bbox 327 2812 1910 2887">
     <span class='ocr_line' id='line_1_30' title="bbox 327 2812 1910 2887; baseline -0.007 -15"><span class='ocrx_word' id='word_1_199' title='bbox 327 2816 638 2887; x_wconf 77' lang='grc' dir='ltr'>ἀλγηδόνων</span> <span class='ocrx_word' id='word_1_200' title='bbox 675 2815 974 2884; x_wconf 70' lang='grc' dir='ltr'>βλαστῆσαι</span> <span class='ocrx_word' id='word_1_201' title='bbox 1006 2815 1331 2883; x_wconf 53' lang='grc' dir='ltr'>σφοδρότητι</span> <span class='ocrx_word' id='word_1_202' title='bbox 1375 2814 1467 2865; x_wconf 83' lang='grc' dir='ltr'>καὶ</span> <span class='ocrx_word' id='word_1_203' title='bbox 1497 2816 1561 2882; x_wconf 81' lang='grc' dir='ltr'>τῇ</span> <span class='ocrx_word' id='word_1_204' title='bbox 1597 2812 1910 2883; x_wconf 72' lang='grc' dir='ltr'>πανομερίᾳ</span> 
     </span>
    </p>
   </div>
   <div class='ocr_carea' id='block_1_31' title="bbox 327 2906 1913 2982">
    <p class='ocr_par' dir='ltr' id='par_1_31' title="bbox 327 2906 1913 2982">
     <span class='ocr_line' id='line_1_31' title="bbox 327 2906 1913 2982; baseline -0.005 -17"><span class='ocrx_word' id='word_1_205' title='bbox 327 2912 424 2966; x_wconf 87' lang='grc' dir='ltr'><strong>τοῦ</strong></span> <span class='ocrx_word' id='word_1_206' title='bbox 452 2911 662 2982; x_wconf 86' lang='grc' dir='ltr'>συχνῶς</span> <span class='ocrx_word' id='word_1_207' title='bbox 687 2909 1119 2972; x_wconf 75' lang='grc' dir='ltr'>καταστάζοντος</span> <span class='ocrx_word' id='word_1_208' title='bbox 1151 2907 1437 2980; x_wconf 76' lang='grc' dir='ltr'>ῥεύματος.</span> <span class='ocrx_word' id='word_1_209' title='bbox 1462 2906 1913 2959; x_wconf 86' lang='grc' dir='ltr'>Μετεπλάττοντο</span> 
     </span>
    </p>
   </div>
   <div class='ocr_carea' id='block_1_32' title="bbox 328 2996 1911 3075">
    <p class='ocr_par' dir='ltr' id='par_1_32' title="bbox 328 2996 1911 3075">
     <span class='ocr_line' id='line_1_32' title="bbox 328 2996 1911 3075; baseline -0.006 -19"><span class='ocrx_word' id='word_1_210' title='bbox 328 3007 438 3075; x_wconf 70' lang='grc' dir='ltr'><strong>γάρ</strong></span> <span class='ocrx_word' id='word_1_211' title='bbox 467 3003 617 3073; x_wconf 80' lang='grc' dir='ltr'>αὐτῷ</span> <span class='ocrx_word' id='word_1_212' title='bbox 655 3001 790 3073; x_wconf 71' lang='grc' dir='ltr'>πρὸς</span> <span class='ocrx_word' id='word_1_213' title='bbox 838 3000 1004 3053; x_wconf 86' lang='grc' dir='ltr'>λίθων</span> <span class='ocrx_word' id='word_1_214' title='bbox 1036 3000 1317 3070; x_wconf 69' lang='grc' dir='ltr'>ἀμορφίαν</span> <span class='ocrx_word' id='word_1_215' title='bbox 1346 2999 1396 3050; x_wconf 87' lang='grc' dir='ltr'>οἱ</span> <span class='ocrx_word' id='word_1_216' title='bbox 1424 2997 1703 3059; x_wconf 81' lang='grc' dir='ltr'>δάκτυλοι,</span> <span class='ocrx_word' id='word_1_217' title='bbox 1743 2996 1911 3065; x_wconf 80' lang='grc' dir='ltr'>μήπω</span> 
     </span>
    </p>
   </div>
   <div class='ocr_carea' id='block_1_33' title="bbox 329 3087 1913 3163">
    <p class='ocr_par' dir='ltr' id='par_1_33' title="bbox 329 3087 1913 3163">
     <span class='ocr_line' id='line_1_33' title="bbox 329 3087 1913 3163; baseline -0.006 -15"><span class='ocrx_word' id='word_1_218' title='bbox 329 3095 543 3157; x_wconf 78' lang='grc' dir='ltr'>τελείας</span> <span class='ocrx_word' id='word_1_219' title='bbox 576 3094 831 3163; x_wconf 78' lang='grc' dir='ltr'>τυχόντες</span> <span class='ocrx_word' id='word_1_220' title='bbox 862 3091 1146 3159; x_wconf 72' lang='grc' dir='ltr'>αῦξήσεως</span> <span class='ocrx_word' id='word_1_221' title='bbox 1168 3109 1180 3120; x_wconf 90' lang='grc'><strong>·</strong></span> <span class='ocrx_word' id='word_1_222' title='bbox 1217 3090 1310 3141; x_wconf 72' lang='grc' dir='ltr'><strong>καὶ</strong></span> <span class='ocrx_word' id='word_1_223' title='bbox 1342 3087 1450 3141; x_wconf 85' lang='grc' dir='ltr'><strong>τῶν</strong></span> <span class='ocrx_word' id='word_1_224' title='bbox 1486 3087 1666 3140; x_wconf 81' lang='grc' dir='ltr'>ποδῶν</span> <span class='ocrx_word' id='word_1_225' title='bbox 1700 3089 1749 3139; x_wconf 84' lang='grc' dir='ltr'>οἱ</span> <span class='ocrx_word' id='word_1_226' title='bbox 1783 3103 1913 3155; x_wconf 75' lang='grc' dir='ltr'>ταρο</span> 
     </span>
    </p>
   </div>
   <div class='ocr_carea' id='block_1_34' title="bbox 331 3177 1913 3255">
    <p class='ocr_par' dir='ltr' id='par_1_34' title="bbox 331 3177 1913 3255">
     <span class='ocr_line' id='line_1_34' title="bbox 331 3177 1913 3255; baseline -0.006 -16"><span class='ocrx_word' id='word_1_227' title='bbox 331 3188 417 3239; x_wconf 65' lang='grc' dir='ltr'><strong>σοὶ⁵</strong></span> <span class='ocrx_word' id='word_1_228' title='bbox 445 3184 740 3255; x_wconf 78' lang='grc' dir='ltr'>ἐμιμοῦντο</span> <span class='ocrx_word' id='word_1_229' title='bbox 769 3183 836 3236; x_wconf 70' lang='grc' dir='ltr'><strong>τά</strong></span> <span class='ocrx_word' id='word_1_230' title='bbox 852 3184 951 3252; x_wconf 81' lang='grc' dir='ltr'>τῆς</span> <span class='ocrx_word' id='word_1_231' title='bbox 971 3185 1072 3250; x_wconf 77' lang='grc' dir='ltr'>γῆς</span> <span class='ocrx_word' id='word_1_232' title='bbox 1118 3180 1483 3249; x_wconf 81' lang='grc' dir='ltr'>ἀναστήματα</span> <span class='ocrx_word' id='word_1_233' title='bbox 1501 3195 1518 3211; x_wconf 76' lang='grc' dir='ltr'><strong><em>ο</em></strong></span> <span class='ocrx_word' id='word_1_234' title='bbox 1558 3179 1651 3231; x_wconf 73' lang='grc' dir='ltr'>καὶ</span> <span class='ocrx_word' id='word_1_235' title='bbox 1676 3179 1816 3246; x_wconf 83' lang='grc' dir='ltr'>τάχα</span> <span class='ocrx_word' id='word_1_236' title='bbox 1847 3177 1913 3229; x_wconf 78' lang='grc' dir='ltr'>ἂν</span> 
     </span>
    </p>
   </div>
   <div class='ocr_carea' id='block_1_35' title="bbox 328 3266 1911 3340">
    <p class='ocr_par' dir='ltr' id='par_1_35' title="bbox 328 3266 1911 3340">
     <span class='ocr_line' id='line_1_35' title="bbox 328 3266 1911 3340; baseline -0.004 -14"><span class='ocrx_word' id='word_1_237' title='bbox 328 3275 380 3327; x_wconf 71' lang='grc' dir='ltr'>τοί</span> <span class='ocrx_word' id='word_1_238' title='bbox 409 3272 565 3332; x_wconf 79' lang='grc' dir='ltr'>πόδες</span> <span class='ocrx_word' id='word_1_239' title='bbox 590 3269 741 3340; x_wconf 75' lang='grc' dir='ltr'>αὐτῷ</span> <span class='ocrx_word' id='word_1_240' title='bbox 769 3270 866 3323; x_wconf 62' lang='grc' dir='ltr'><strong>καῖ⁵</strong></span> <span class='ocrx_word' id='word_1_241' title='bbox 896 3271 994 3322; x_wconf 75' lang='grc' dir='ltr'><strong>σὺν</strong></span> <span class='ocrx_word' id='word_1_242' title='bbox 1013 3269 1224 3330; x_wconf 82' lang='grc' dir='ltr'>τούτοις</span> <span class='ocrx_word' id='word_1_243' title='bbox 1254 3269 1308 3319; x_wconf 89' lang='grc' dir='ltr'><strong>αί</strong></span> <span class='ocrx_word' id='word_1_244' title='bbox 1344 3269 1526 3337; x_wconf 81' lang='grc' dir='ltr'>χεῖρες</span> <span class='ocrx_word' id='word_1_245' title='bbox 1557 3268 1691 3335; x_wconf 78' lang='grc' dir='ltr'>πρὸς</span> <span class='ocrx_word' id='word_1_246' title='bbox 1738 3266 1911 3319; x_wconf 88' lang='grc' dir='ltr'>ταῦτα</span> 
     </span>
    </p>
   </div>
   <div class='ocr_carea' id='block_1_36' title="bbox 333 3357 1915 3434">
    <p class='ocr_par' dir='ltr' id='par_1_36' title="bbox 333 3357 1915 3434">
     <span class='ocr_line' id='line_1_36' title="bbox 333 3357 1915 3434; baseline -0.004 -18"><span class='ocrx_word' id='word_1_247' title='bbox 333 3363 655 3434; x_wconf 73' lang='grc' dir='ltr'>μετέϐαλον,</span> <span class='ocrx_word' id='word_1_248' title='bbox 694 3362 796 3432; x_wconf 86' lang='grc' dir='ltr'>τὴν</span> <span class='ocrx_word' id='word_1_249' title='bbox 837 3362 1046 3415; x_wconf 86' lang='grc' dir='ltr'>οίκείαν</span> <span class='ocrx_word' id='word_1_250' title='bbox 1106 3359 1323 3429; x_wconf 74' lang='grc' dir='ltr'>μορφὴν</span> <span class='ocrx_word' id='word_1_251' title='bbox 1380 3357 1776 3427; x_wconf 79' lang='grc' dir='ltr'>ἀρνησάμενοι,</span> <span class='ocrx_word' id='word_1_252' title='bbox 1818 3357 1915 3409; x_wconf 74' lang='grc' dir='ltr'>καὶ</span> 
     </span>
    </p>
   </div>
   <div class='ocr_carea' id='block_1_37' title="bbox 326 3445 1916 3521">
    <p class='ocr_par' dir='ltr' id='par_1_37' title="bbox 326 3445 1916 3521">
     <span class='ocr_line' id='line_1_37' title="bbox 326 3445 1916 3521; baseline -0.006 -13"><span class='ocrx_word' id='word_1_253' title='bbox 326 3455 394 3508; x_wconf 68' lang='grc' dir='ltr'><strong>τὸ</strong></span> <span class='ocrx_word' id='word_1_254' title='bbox 430 3453 581 3521; x_wconf 65' lang='grc' dir='ltr'>σφῶν</span> <span class='ocrx_word' id='word_1_255' title='bbox 606 3447 746 3516; x_wconf 79' lang='grc' dir='ltr'>εἶδος</span> <span class='ocrx_word' id='word_1_256' title='bbox 775 3450 1051 3513; x_wconf 84' lang='grc' dir='ltr'>παντελῶς</span> <span class='ocrx_word' id='word_1_257' title='bbox 1078 3448 1463 3514; x_wconf 79' lang='grc' dir='ltr'>διαλλάξαντες</span> <span class='ocrx_word' id='word_1_258' title='bbox 1485 3464 1500 3478; x_wconf 89' lang='grc'><strong>·</strong></span> <span class='ocrx_word' id='word_1_259' title='bbox 1538 3448 1587 3500; x_wconf 89' lang='grc' dir='ltr'><strong>εί</strong></span> <span class='ocrx_word' id='word_1_260' title='bbox 1615 3447 1690 3516; x_wconf 81' lang='grc' dir='ltr'>μὴ</span> <span class='ocrx_word' id='word_1_261' title='bbox 1731 3445 1916 3517; x_wconf 82' lang='grc' dir='ltr'>Κῦρον</span> 
     </span>
    </p>
   </div>
   <div class='ocr_carea' id='block_1_38' title="bbox 331 3537 1910 3614">
    <p class='ocr_par' dir='ltr' id='par_1_38' title="bbox 331 3537 1910 3614">
     <span class='ocr_line' id='line_1_38' title="bbox 331 3537 1910 3614; baseline -0.005 -17"><span class='ocrx_word' id='word_1_262' title='bbox 331 3538 491 3614; x_wconf 66' lang='grc' dir='ltr'>εὗρεν</span> <span class='ocrx_word' id='word_1_263' title='bbox 509 3546 575 3613; x_wconf 81' lang='grc' dir='ltr'>τῇ</span> <span class='ocrx_word' id='word_1_264' title='bbox 594 3543 733 3612; x_wconf 83' lang='grc' dir='ltr'>νόσῳ</span> <span class='ocrx_word' id='word_1_265' title='bbox 763 3543 1092 3613; x_wconf 80' lang='grc' dir='ltr'>μαχόμενον,</span> <span class='ocrx_word' id='word_1_266' title='bbox 1126 3541 1220 3591; x_wconf 76' lang='grc' dir='ltr'>καὶ</span> <span class='ocrx_word' id='word_1_267' title='bbox 1254 3537 1510 3608; x_wconf 76' lang='grc' dir='ltr'>Ἰωάννην</span> <span class='ocrx_word' id='word_1_268' title='bbox 1533 3537 1626 3589; x_wconf 78' lang='grc' dir='ltr'>τὸν</span> <span class='ocrx_word' id='word_1_269' title='bbox 1651 3537 1910 3607; x_wconf 84' lang='grc' dir='ltr'>μάρτυρα</span> 
     </span>
    </p>
   </div>
   <div class='ocr_carea' id='block_1_39' title="bbox 330 3630 985 3701">
    <p class='ocr_par' dir='ltr' id='par_1_39' title="bbox 330 3630 985 3701">
     <span class='ocr_line' id='line_1_39' title="bbox 330 3630 985 3701; baseline -0.002 -15"><span class='ocrx_word' id='word_1_270' title='bbox 330 3635 425 3687; x_wconf 81' lang='grc' dir='ltr'>τὸν</span> <span class='ocrx_word' id='word_1_271' title='bbox 448 3632 642 3686; x_wconf 88' lang='grc' dir='ltr'>τούτου</span> <span class='ocrx_word' id='word_1_272' title='bbox 678 3630 985 3701; x_wconf 86' lang='grc' dir='ltr'>συνόμιλον.</span> 
     </span>
    </p>
   </div>
   <div class='ocr_carea' id='block_1_40' title="bbox 418 3720 1912 3797">
    <p class='ocr_par' dir='ltr' id='par_1_40' title="bbox 418 3720 1912 3797">
     <span class='ocr_line' id='line_1_40' title="bbox 418 3720 1912 3797; baseline -0.006 -18"><span class='ocrx_word' id='word_1_273' title='bbox 418 3728 647 3797; x_wconf 59' lang='grc' dir='ltr'>’ἰατροῖς</span> <span class='ocrx_word' id='word_1_274' title='bbox 705 3725 805 3795; x_wconf 74' lang='grc' dir='ltr'>μὲν</span> <span class='ocrx_word' id='word_1_275' title='bbox 859 3725 969 3792; x_wconf 77' lang='grc' dir='ltr'>γὰρ</span> <span class='ocrx_word' id='word_1_276' title='bbox 1018 3722 1211 3777; x_wconf 76' lang='grc' dir='ltr'>ἑαυτὸν</span> <span class='ocrx_word' id='word_1_277' title='bbox 1236 3721 1297 3773; x_wconf 75' lang='grc' dir='ltr'>τὸ</span> <span class='ocrx_word' id='word_1_278' title='bbox 1330 3720 1549 3789; x_wconf 88' lang='grc' dir='ltr'>πρῶτον</span> <span class='ocrx_word' id='word_1_279' title='bbox 1575 3721 1874 3774; x_wconf 75' lang='grc' dir='ltr'>ἐκδέδωκεν</span> <span class='ocrx_word' id='word_1_280' title='bbox 1904 3738 1912 3747; x_wconf 92' lang='grc'><strong>·</strong></span> 
     </span>
    </p>
   </div>
   <div class='ocr_carea' id='block_1_41' title="bbox 331 3812 1914 3886">
    <p class='ocr_par' dir='ltr' id='par_1_41' title="bbox 331 3812 1914 3886">
     <span class='ocr_line' id='line_1_41' title="bbox 331 3812 1914 3886; baseline -0.007 -14"><span class='ocrx_word' id='word_1_281' title='bbox 331 3819 451 3873; x_wconf 84' lang='grc' dir='ltr'>ἀλλ’</span> <span class='ocrx_word' id='word_1_282' title='bbox 497 3817 572 3882; x_wconf 84' lang='grc' dir='ltr'>ὡς</span> <span class='ocrx_word' id='word_1_283' title='bbox 606 3818 714 3870; x_wconf 75' lang='grc' dir='ltr'>ἴδεν</span> <span class='ocrx_word' id='word_1_284' title='bbox 747 3815 985 3886; x_wconf 75' lang='grc' dir='ltr'>κρατοῦν</span> <span class='ocrx_word' id='word_1_285' title='bbox 1038 3814 1200 3868; x_wconf 77' lang='grc' dir='ltr'>αὑτὸν</span> <span class='ocrx_word' id='word_1_286' title='bbox 1223 3812 1283 3865; x_wconf 69' lang='grc' dir='ltr'>τὸ</span> <span class='ocrx_word' id='word_1_287' title='bbox 1304 3812 1653 3884; x_wconf 77' lang='grc' dir='ltr'>ἀρρώστημα</span> <span class='ocrx_word' id='word_1_288' title='bbox 1690 3812 1783 3864; x_wconf 79' lang='grc' dir='ltr'>καὶ</span> <span class='ocrx_word' id='word_1_289' title='bbox 1814 3812 1914 3879; x_wconf 74' lang='grc' dir='ltr'>τῆς</span> 
     </span>
    </p>
   </div>
   <div class='ocr_carea' id='block_1_42' title="bbox 332 3900 1919 3978">
    <p class='ocr_par' dir='ltr' id='par_1_42' title="bbox 332 3900 1919 3978">
     <span class='ocr_line' id='line_1_42' title="bbox 332 3900 1919 3978; baseline -0.023 9"><span class='ocrx_word' id='word_1_290' title='bbox 332 3909 531 3978; x_wconf 64' lang='grc' dir='ltr'><strong>τέχνης</strong></span> <span class='ocrx_word' id='word_1_291' title='bbox 578 3905 838 3977; x_wconf 61' lang='grc' dir='ltr'><strong>ἐμφανῶς</strong></span> <span class='ocrx_word' id='word_1_292' title='bbox 884 3902 1362 3972; x_wconf 72' lang='grc' dir='ltr'><strong>περιγιγνόμενον,</strong></span> <span class='ocrx_word' id='word_1_293' title='bbox 1416 3900 1603 3973; x_wconf 76' lang='grc' dir='ltr'>πρὶνῆ</span> <span class='ocrx_word' id='word_1_294' title='bbox 1637 3900 1919 3953; x_wconf 73' lang='grc' dir='ltr'>καὶαύτοῦ</span> 
     </span>
    </p>
   </div>
   <div class='ocr_carea' id='block_1_43' title="bbox 333 3991 1923 4070">
    <p class='ocr_par' dir='ltr' id='par_1_43' title="bbox 333 3991 1923 4070">
     <span class='ocr_line' id='line_1_43' title="bbox 333 3991 1923 4070; baseline -0.007 -17"><span class='ocrx_word' id='word_1_295' title='bbox 333 4000 722 4070; x_wconf 84' lang='grc' dir='ltr'>περιγένηται,</span> <span class='ocrx_word' id='word_1_296' title='bbox 773 3995 911 4066; x_wconf 78' lang='grc' dir='ltr'>πρὸς</span> <span class='ocrx_word' id='word_1_297' title='bbox 944 3995 1072 4058; x_wconf 75' lang='grc' dir='ltr'>τοὺς</span> <span class='ocrx_word' id='word_1_298' title='bbox 1127 3993 1318 4061; x_wconf 80' lang='grc' dir='ltr'>ἁγίους</span> <span class='ocrx_word' id='word_1_299' title='bbox 1372 3993 1672 4061; x_wconf 76' lang='grc' dir='ltr'>κατέφυγε,</span> <span class='ocrx_word' id='word_1_300' title='bbox 1728 3991 1923 4061; x_wconf 80' lang='grc' dir='ltr'>μόνους</span> 
     </span>
    </p>
   </div>
   <div class='ocr_carea' id='block_1_44' title="bbox 338 4083 1924 4164">
    <p class='ocr_par' dir='ltr' id='par_1_44' title="bbox 338 4083 1924 4164">
     <span class='ocr_line' id='line_1_44' title="bbox 338 4083 1924 4164; baseline -0.008 -17"><span class='ocrx_word' id='word_1_301' title='bbox 338 4094 480 4164; x_wconf 82' lang='grc' dir='ltr'><strong>μετά</strong></span> <span class='ocrx_word' id='word_1_302' title='bbox 498 4092 654 4156; x_wconf 77' lang='grc' dir='ltr'>Θεὸν,</span> <span class='ocrx_word' id='word_1_303' title='bbox 684 4091 729 4142; x_wconf 82' lang='grc' dir='ltr'>εξ</span> <span class='ocrx_word' id='word_1_304' title='bbox 752 4089 1061 4158; x_wconf 73' lang='grc' dir='ltr'>θελήσαιεν,</span> <span class='ocrx_word' id='word_1_305' title='bbox 1087 4084 1347 4139; x_wconf 83' lang='grc' dir='ltr'>δύνασθαι</span> <span class='ocrx_word' id='word_1_306' title='bbox 1371 4084 1724 4148; x_wconf 77' lang='grc' dir='ltr'>κατευνάζειν</span> <span class='ocrx_word' id='word_1_307' title='bbox 1744 4084 1806 4135; x_wconf 78' lang='grc' dir='ltr'>τὸ</span> <span class='ocrx_word' id='word_1_308' title='bbox 1828 4083 1924 4159; x_wconf 73' lang='grc' dir='ltr'>πάι</span> 
     </span>
    </p>
   </div>
   <div class='ocr_carea' id='block_1_45' title="bbox 335 4173 1925 4252">
    <p class='ocr_par' dir='ltr' id='par_1_45' title="bbox 335 4173 1925 4252">
     <span class='ocr_line' id='line_1_45' title="bbox 335 4173 1925 4252; baseline -0.008 -14"><span class='ocrx_word' id='word_1_309' title='bbox 335 4186 430 4246; x_wconf 86' lang='grc' dir='ltr'><strong>θος</strong></span> <span class='ocrx_word' id='word_1_310' title='bbox 462 4181 786 4252; x_wconf 83' lang='grc' dir='ltr'>πυθόμενος,</span> <span class='ocrx_word' id='word_1_311' title='bbox 808 4179 1026 4250; x_wconf 76' lang='grc' dir='ltr'>χαλινὸν</span> <span class='ocrx_word' id='word_1_312' title='bbox 1049 4177 1340 4247; x_wconf 77' lang='grc' dir='ltr'>ὀρέγοντας</span> <span class='ocrx_word' id='word_1_313' title='bbox 1370 4173 1572 4238; x_wconf 73' lang='grc' dir='ltr'>ἔνθεον,</span> <span class='ocrx_word' id='word_1_314' title='bbox 1598 4176 1695 4227; x_wconf 78' lang='grc' dir='ltr'>καὶ</span> <span class='ocrx_word' id='word_1_315' title='bbox 1712 4174 1774 4226; x_wconf 83' lang='grc' dir='ltr'>οὐ</span> <span class='ocrx_word' id='word_1_316' title='bbox 1803 4174 1925 4244; x_wconf 85' lang='grc' dir='ltr'>βρο-</span> 
     </span>
    </p>
   </div>
   <div class='ocr_carea' id='block_1_46' title="bbox 333 4264 1924 4340">
    <p class='ocr_par' dir='ltr' id='par_1_46' title="bbox 333 4264 1924 4340">
     <span class='ocr_line' id='line_1_46' title="bbox 333 4264 1924 4340; baseline -0.008 -10"><span class='ocrx_word' id='word_1_317' title='bbox 333 4277 492 4338; x_wconf 82' lang='grc' dir='ltr'>τείας</span> <span class='ocrx_word' id='word_1_318' title='bbox 520 4277 584 4327; x_wconf 78' lang='grc' dir='ltr'>ὲκ</span> <span class='ocrx_word' id='word_1_319' title='bbox 611 4272 807 4340; x_wconf 75' lang='grc' dir='ltr'>τέχνης</span> <span class='ocrx_word' id='word_1_320' title='bbox 829 4269 1143 4338; x_wconf 86' lang='grc' dir='ltr'>γενόμενον.</span> <span class='ocrx_word' id='word_1_321' title='bbox 1178 4267 1378 4320; x_wconf 77' lang='grc' dir='ltr'>Ἐλθὼν</span> <span class='ocrx_word' id='word_1_322' title='bbox 1430 4264 1524 4321; x_wconf 82' lang='grc' dir='ltr'><strong>οῦν</strong></span> <span class='ocrx_word' id='word_1_323' title='bbox 1550 4265 1730 4319; x_wconf 77' lang='grc' dir='ltr'>αὐτῶν</span> <span class='ocrx_word' id='word_1_324' title='bbox 1760 4268 1837 4326; x_wconf 86' lang='grc' dir='ltr'><strong>εἰς</strong></span> <span class='ocrx_word' id='word_1_325' title='bbox 1863 4266 1924 4318; x_wconf 88' lang='grc' dir='ltr'>τὸ</span> 
     </span>
    </p>
   </div>
   <div class='ocr_carea' id='block_1_47' title="bbox 335 4354 1924 4434">
    <p class='ocr_par' dir='ltr' id='par_1_47' title="bbox 335 4354 1924 4434">
     <span class='ocr_line' id='line_1_47' title="bbox 335 4354 1924 4434; baseline -0.009 -15"><span class='ocrx_word' id='word_1_326' title='bbox 335 4366 587 4434; x_wconf 78' lang='grc' dir='ltr'>τέμενος,</span> <span class='ocrx_word' id='word_1_327' title='bbox 615 4358 910 4431; x_wconf 70' lang='grc' dir='ltr'>θεραπείας</span> <span class='ocrx_word' id='word_1_328' title='bbox 941 4359 1122 4428; x_wconf 82' lang='grc' dir='ltr'>τυχεῖν</span> <span class='ocrx_word' id='word_1_329' title='bbox 1144 4357 1296 4430; x_wconf 84' lang='grc' dir='ltr'><strong>μετά</strong></span> <span class='ocrx_word' id='word_1_330' title='bbox 1328 4355 1540 4409; x_wconf 86' lang='grc' dir='ltr'>πάντων</span> <span class='ocrx_word' id='word_1_331' title='bbox 1561 4354 1758 4408; x_wconf 72' lang='grc' dir='ltr'>ἐδέετο.</span> <span class='ocrx_word' id='word_1_332' title='bbox 1775 4354 1835 4405; x_wconf 86' lang='grc' dir='ltr'><strong>Οἱ</strong></span> <span class='ocrx_word' id='word_1_333' title='bbox 1866 4354 1924 4406; x_wconf 77' lang='grc' dir='ltr'>δὲ</span> 
     </span>
    </p>
   </div>
   <div class='ocr_carea' id='block_1_48' title="bbox 336 4441 1926 4524">
    <p class='ocr_par' dir='ltr' id='par_1_48' title="bbox 336 4441 1926 4524">
     <span class='ocr_line' id='line_1_48' title="bbox 336 4441 1926 4524; baseline -0.009 -16"><span class='ocrx_word' id='word_1_334' title='bbox 336 4451 716 4524; x_wconf 82' lang='grc' dir='ltr'>φιλάνθρωποι</span> <span class='ocrx_word' id='word_1_335' title='bbox 768 4450 1044 4519; x_wconf 85' lang='grc' dir='ltr'>μάρτυρες</span> <span class='ocrx_word' id='word_1_336' title='bbox 1072 4445 1450 4514; x_wconf 80' lang='grc' dir='ltr'>παραστάντες</span> <span class='ocrx_word' id='word_1_337' title='bbox 1472 4441 1622 4513; x_wconf 79' lang='grc' dir='ltr'>αὐτῷ</span> <span class='ocrx_word' id='word_1_338' title='bbox 1666 4441 1926 4505; x_wconf 83' lang='grc' dir='ltr'>πολλάκις</span> 
     </span>
    </p>
   </div>
   <div class='ocr_carea' id='block_1_49' title="bbox 2007 638 3589 710">
    <p class='ocr_par' dir='ltr' id='par_1_49' title="bbox 2007 638 3589 710">
     <span class='ocr_line' id='line_1_49' title="bbox 2007 638 3589 710; baseline 0.005 -19"><span class='ocrx_word' id='word_1_339' title='bbox 2007 638 2408 695; x_wconf 84' lang='lat' dir='ltr'><strong>illuminatione</strong></span> <span class='ocrx_word' id='word_1_340' title='bbox 2454 650 2619 710; x_wconf 84' lang='lat' dir='ltr'><strong>atque</strong></span> <span class='ocrx_word' id='word_1_341' title='bbox 2657 648 2952 710; x_wconf 60' lang='lat' dir='ltr'><strong>praecepto,</strong></span> <span class='ocrx_word' id='word_1_342' title='bbox 2981 648 3037 695; x_wconf 90' lang='lat' dir='ltr'><strong>et</strong></span> <span class='ocrx_word' id='word_1_343' title='bbox 3082 656 3207 697; x_wconf 90' lang='lat' dir='ltr'><strong>cum</strong></span> <span class='ocrx_word' id='word_1_344' title='bbox 3254 641 3420 710; x_wconf 87' lang='lat' dir='ltr'><strong>hujus</strong></span> <span class='ocrx_word' id='word_1_345' title='bbox 3459 642 3589 699; x_wconf 83' lang='lat' dir='ltr'><strong>ﬁliis</strong></span> 
     </span>
    </p>
   </div>
   <div class='ocr_carea' id='block_1_50' title="bbox 2003 729 3589 802">
    <p class='ocr_par' dir='ltr' id='par_1_50' title="bbox 2003 729 3589 802">
     <span class='ocr_line' id='line_1_50' title="bbox 2003 729 3589 802; baseline 0.004 -19"><span class='ocrx_word' id='word_1_346' title='bbox 2003 729 2297 799; x_wconf 87' lang='lat' dir='ltr'><strong>deputatus</strong></span> <span class='ocrx_word' id='word_1_347' title='bbox 2325 738 2603 786; x_wconf 89' lang='lat' dir='ltr'><strong>sacratum</strong></span> <span class='ocrx_word' id='word_1_348' title='bbox 2655 730 2908 802; x_wconf 85' lang='lat' dir='ltr'><strong>gradum,</strong></span> <span class='ocrx_word' id='word_1_349' title='bbox 2932 731 3026 800; x_wconf 87' lang='lat' dir='ltr'><strong>qui</strong></span> <span class='ocrx_word' id='word_1_350' title='bbox 3056 741 3142 787; x_wconf 90' lang='lat' dir='ltr'><strong>est</strong></span> <span class='ocrx_word' id='word_1_351' title='bbox 3174 741 3299 802; x_wconf 88' lang='lat' dir='ltr'><strong>post</strong></span> <span class='ocrx_word' id='word_1_352' title='bbox 3327 733 3589 789; x_wconf 84' lang='lat' dir='ltr'><strong>diaeones</strong></span> 
     </span>
    </p>
   </div>
   <div class='ocr_carea' id='block_1_51' title="bbox 2004 819 3587 883">
    <p class='ocr_par' dir='ltr' id='par_1_51' title="bbox 2004 819 3587 883">
     <span class='ocr_line' id='line_1_51' title="bbox 2004 819 3587 883; baseline 0.002 -8"><span class='ocrx_word' id='word_1_353' title='bbox 2004 828 2357 883; x_wconf 87' lang='lat' dir='ltr'><strong>consecutus.</strong></span> <span class='ocrx_word' id='word_1_354' title='bbox 2386 829 2441 877; x_wconf 90' lang='lat' dir='ltr'><strong>et</strong></span> <span class='ocrx_word' id='word_1_355' title='bbox 2470 822 2747 877; x_wconf 91' lang='lat' dir='ltr'><strong>ministrat</strong></span> <span class='ocrx_word' id='word_1_356' title='bbox 2794 829 2855 874; x_wconf 92' lang='lat' dir='ltr'><strong>ut</strong></span> <span class='ocrx_word' id='word_1_357' title='bbox 2902 819 3277 878; x_wconf 80' lang='lat' dir='ltr'><strong>subdiaconus</strong></span> <span class='ocrx_word' id='word_1_358' title='bbox 3316 822 3371 877; x_wconf 91' lang='lat' dir='ltr'><strong>in</strong></span> <span class='ocrx_word' id='word_1_359' title='bbox 3420 838 3587 878; x_wconf 86' lang='lat' dir='ltr'><strong>vene-</strong></span> 
     </span>
    </p>
   </div>
   <div class='ocr_carea' id='block_1_52' title="bbox 2005 911 3590 970">
    <p class='ocr_par' dir='ltr' id='par_1_52' title="bbox 2005 911 3590 970">
     <span class='ocr_line' id='line_1_52' title="bbox 2005 911 3590 970; baseline 0.003 -4"><span class='ocrx_word' id='word_1_360' title='bbox 2005 911 2165 966; x_wconf 88' lang='lat' dir='ltr'><strong>rabili</strong></span> <span class='ocrx_word' id='word_1_361' title='bbox 2211 921 2527 968; x_wconf 81' lang='lat' dir='ltr'><strong>sanctorum</strong></span> <span class='ocrx_word' id='word_1_362' title='bbox 2572 913 2911 969; x_wconf 70' lang='lat' dir='ltr'><strong>habitacula.</strong></span> <span class='ocrx_word' id='word_1_363' title='bbox 2957 911 3055 969; x_wconf 90' lang='lat' dir='ltr'><strong>Hic</strong></span> <span class='ocrx_word' id='word_1_364' title='bbox 3107 922 3167 967; x_wconf 91' lang='lat' dir='ltr'><strong>ut</strong></span> <span class='ocrx_word' id='word_1_365' title='bbox 3206 913 3380 969; x_wconf 90' lang='lat' dir='ltr'><strong>fertur</strong></span> <span class='ocrx_word' id='word_1_366' title='bbox 3410 914 3590 970; x_wconf 83' lang='lat' dir='ltr'><strong>Theo-</strong></span> 
     </span>
    </p>
   </div>
   <div class='ocr_carea' id='block_1_53' title="bbox 2005 1001 3585 1074">
    <p class='ocr_par' dir='ltr' id='par_1_53' title="bbox 2005 1001 3585 1074">
     <span class='ocr_line' id='line_1_53' title="bbox 2005 1001 3585 1074; baseline 0.001 -18"><span class='ocrx_word' id='word_1_367' title='bbox 2005 1001 2176 1058; x_wconf 88' lang='lat' dir='ltr'><strong>dorus</strong></span> <span class='ocrx_word' id='word_1_368' title='bbox 2208 1003 2275 1057; x_wconf 81' lang='lat' dir='ltr'><strong>ab</strong></span> <span class='ocrx_word' id='word_1_369' title='bbox 2307 1004 2532 1058; x_wconf 85' lang='lat' dir='ltr'><strong>ineunte</strong></span> <span class='ocrx_word' id='word_1_370' title='bbox 2559 1011 2719 1058; x_wconf 72' lang='lat' dir='ltr'><strong>atate</strong></span> <span class='ocrx_word' id='word_1_371' title='bbox 2749 1004 2948 1072; x_wconf 87' lang='lat' dir='ltr'><strong>pedum</strong></span> <span class='ocrx_word' id='word_1_372' title='bbox 2980 1004 3298 1074; x_wconf 74' lang='lat' dir='ltr'><strong>languorem</strong></span> <span class='ocrx_word' id='word_1_373' title='bbox 3330 1005 3585 1068; x_wconf 84' lang='lat' dir='ltr'><strong>incurrit,</strong></span> 
     </span>
    </p>
   </div>
   <div class='ocr_carea' id='block_1_54' title="bbox 2005 1094 3586 1166">
    <p class='ocr_par' dir='ltr' id='par_1_54' title="bbox 2005 1094 3586 1166">
     <span class='ocr_line' id='line_1_54' title="bbox 2005 1094 3586 1166; baseline -0.001 -16"><span class='ocrx_word' id='word_1_374' title='bbox 2005 1111 2167 1165; x_wconf 86' lang='lat' dir='ltr'><strong>quem</strong></span> <span class='ocrx_word' id='word_1_375' title='bbox 2196 1094 2333 1149; x_wconf 84' lang='lat' dir='ltr'><strong>bene</strong></span> <span class='ocrx_word' id='word_1_376' title='bbox 2355 1104 2416 1148; x_wconf 91' lang='lat' dir='ltr'><strong>ut</strong></span> <span class='ocrx_word' id='word_1_377' title='bbox 2446 1110 2571 1149; x_wconf 89' lang='lat' dir='ltr'><strong>reor</strong></span> <span class='ocrx_word' id='word_1_378' title='bbox 2599 1095 2795 1149; x_wconf 85' lang='lat' dir='ltr'><strong>medici</strong></span> <span class='ocrx_word' id='word_1_379' title='bbox 2823 1096 3117 1166; x_wconf 75' lang='lat' dir='ltr'><strong>podagram</strong></span> <span class='ocrx_word' id='word_1_380' title='bbox 3151 1097 3586 1166; x_wconf 82' lang='lat' dir='ltr'><strong>appellaverunt,</strong></span> 
     </span>
    </p>
   </div>
   <div class='ocr_carea' id='block_1_55' title="bbox 2004 1185 3588 1254">
    <p class='ocr_par' dir='ltr' id='par_1_55' title="bbox 2004 1185 3588 1254">
     <span class='ocr_line' id='line_1_55' title="bbox 2004 1185 3588 1254; baseline -0.001 -14"><span class='ocrx_word' id='word_1_381' title='bbox 2004 1186 2075 1240; x_wconf 91' lang='lat' dir='ltr'><strong>ob</strong></span> <span class='ocrx_word' id='word_1_382' title='bbox 2131 1185 2358 1238; x_wconf 86' lang='lat' dir='ltr'><strong>multam</strong></span> <span class='ocrx_word' id='word_1_383' title='bbox 2413 1185 2626 1239; x_wconf 84' lang='lat' dir='ltr'><strong>scilicet</strong></span> <span class='ocrx_word' id='word_1_384' title='bbox 2682 1186 3026 1254; x_wconf 75' lang='lat' dir='ltr'><strong>aegritudinis</strong></span> <span class='ocrx_word' id='word_1_385' title='bbox 3078 1186 3371 1241; x_wconf 80' lang='lat' dir='ltr'><strong>feritatem.</strong></span> <span class='ocrx_word' id='word_1_386' title='bbox 3430 1186 3588 1240; x_wconf 88' lang='lat' dir='ltr'><strong>Sicut</strong></span> 
     </span>
    </p>
   </div>
   <div class='ocr_carea' id='block_1_56' title="bbox 2005 1275 3586 1341">
    <p class='ocr_par' dir='ltr' id='par_1_56' title="bbox 2005 1275 3586 1341">
     <span class='ocr_line' id='line_1_56' title="bbox 2005 1275 3586 1341; baseline 0.001 -11"><span class='ocrx_word' id='word_1_387' title='bbox 2005 1277 2150 1330; x_wconf 89' lang='lat' dir='ltr'><strong>enim</strong></span> <span class='ocrx_word' id='word_1_388' title='bbox 2179 1276 2475 1329; x_wconf 90' lang='lat' dir='ltr'><strong>ferociores</strong></span> <span class='ocrx_word' id='word_1_389' title='bbox 2517 1275 2703 1331; x_wconf 64' lang='lat' dir='ltr'><strong>bestia</strong></span> <span class='ocrx_word' id='word_1_390' title='bbox 2737 1285 2931 1331; x_wconf 89' lang='lat' dir='ltr'><strong>natura</strong></span> <span class='ocrx_word' id='word_1_391' title='bbox 2967 1278 3204 1333; x_wconf 86' lang='lat' dir='ltr'><strong>immites</strong></span> <span class='ocrx_word' id='word_1_392' title='bbox 3235 1278 3586 1341; x_wconf 75' lang='lat' dir='ltr'><strong>exsisteutrs.</strong></span> 
     </span>
    </p>
   </div>
   <div class='ocr_carea' id='block_1_57' title="bbox 2004 1363 3591 1433">
    <p class='ocr_par' dir='ltr' id='par_1_57' title="bbox 2004 1363 3591 1433">
     <span class='ocr_line' id='line_1_57' title="bbox 2004 1363 3591 1433; baseline -0.003 -13"><span class='ocrx_word' id='word_1_393' title='bbox 2004 1374 2060 1421; x_wconf 89' lang='lat' dir='ltr'><strong>et</strong></span> <span class='ocrx_word' id='word_1_394' title='bbox 2108 1366 2194 1419; x_wconf 89' lang='lat' dir='ltr'><strong>bis</strong></span> <span class='ocrx_word' id='word_1_395' title='bbox 2223 1365 2317 1433; x_wconf 89' lang='lat' dir='ltr'><strong>qui</strong></span> <span class='ocrx_word' id='word_1_396' title='bbox 2346 1366 2444 1418; x_wconf 88' lang='lat' dir='ltr'><strong>has</strong></span> <span class='ocrx_word' id='word_1_397' title='bbox 2473 1363 2885 1420; x_wconf 82' lang='lat' dir='ltr'><strong>mansuefacere</strong></span> <span class='ocrx_word' id='word_1_398' title='bbox 2908 1365 3097 1419; x_wconf 91' lang='lat' dir='ltr'><strong>volunt</strong></span> <span class='ocrx_word' id='word_1_399' title='bbox 3121 1381 3181 1419; x_wconf 91' lang='lat' dir='ltr'><strong>se</strong></span> <span class='ocrx_word' id='word_1_400' title='bbox 3205 1366 3427 1420; x_wconf 90' lang='lat' dir='ltr'><strong>minime</strong></span> <span class='ocrx_word' id='word_1_401' title='bbox 3455 1368 3591 1421; x_wconf 76' lang='grc' dir='ltr'>ειιιι-</span> 
     </span>
    </p>
   </div>
   <div class='ocr_carea' id='block_1_58' title="bbox 2003 1453 3591 1524">
    <p class='ocr_par' dir='ltr' id='par_1_58' title="bbox 2003 1453 3591 1524">
     <span class='ocr_line' id='line_1_58' title="bbox 2003 1453 3591 1524; baseline 0 -15"><span class='ocrx_word' id='word_1_402' title='bbox 2003 1456 2160 1519; x_wconf 89' lang='lat' dir='ltr'><strong>dunt,</strong></span> <span class='ocrx_word' id='word_1_403' title='bbox 2177 1462 2231 1509; x_wconf 89' lang='lat' dir='ltr'><strong>ct</strong></span> <span class='ocrx_word' id='word_1_404' title='bbox 2246 1454 2372 1508; x_wconf 89' lang='lat' dir='ltr'><strong>dum</strong></span> <span class='ocrx_word' id='word_1_405' title='bbox 2390 1454 2625 1523; x_wconf 82' lang='lat' dir='ltr'><strong>mitigari</strong></span> <span class='ocrx_word' id='word_1_406' title='bbox 2645 1462 2948 1516; x_wconf 76' lang='lat' dir='ltr'><strong>tentantur,</strong></span> <span class='ocrx_word' id='word_1_407' title='bbox 2967 1453 3181 1508; x_wconf 90' lang='lat' dir='ltr'><strong>frenum</strong></span> <span class='ocrx_word' id='word_1_408' title='bbox 3204 1471 3309 1508; x_wconf 90' lang='lat' dir='ltr'><strong>non</strong></span> <span class='ocrx_word' id='word_1_409' title='bbox 3329 1455 3591 1524; x_wconf 81' lang='lat' dir='ltr'><strong>recipien-</strong></span> 
     </span>
    </p>
   </div>
   <div class='ocr_carea' id='block_1_59' title="bbox 2006 1545 3586 1615">
    <p class='ocr_par' dir='ltr' id='par_1_59' title="bbox 2006 1545 3586 1615">
     <span class='ocr_line' id='line_1_59' title="bbox 2006 1545 3586 1615; baseline -0.001 -14"><span class='ocrx_word' id='word_1_410' title='bbox 2006 1558 2090 1601; x_wconf 89' lang='lat' dir='ltr'><strong>tes</strong></span> <span class='ocrx_word' id='word_1_411' title='bbox 2121 1546 2417 1610; x_wconf 83' lang='lat' dir='ltr'><strong>resultant;</strong></span> <span class='ocrx_word' id='word_1_412' title='bbox 2451 1546 2521 1598; x_wconf 85' lang='lat' dir='ltr'><strong>ita</strong></span> <span class='ocrx_word' id='word_1_413' title='bbox 2559 1554 2614 1599; x_wconf 87' lang='lat' dir='ltr'><strong>et</strong></span> <span class='ocrx_word' id='word_1_414' title='bbox 2646 1545 2734 1599; x_wconf 92' lang='lat' dir='ltr'><strong>hic</strong></span> <span class='ocrx_word' id='word_1_415' title='bbox 2767 1546 3172 1599; x_wconf 81' lang='lat' dir='ltr'><strong>immitissimus</strong></span> <span class='ocrx_word' id='word_1_416' title='bbox 3200 1546 3433 1615; x_wconf 76' lang='lat' dir='ltr'><strong>languor</strong></span> <span class='ocrx_word' id='word_1_417' title='bbox 3458 1564 3586 1601; x_wconf 90' lang='lat' dir='ltr'><strong>cum</strong></span> 
     </span>
    </p>
   </div>
   <div class='ocr_carea' id='block_1_60' title="bbox 2004 1637 3587 1707">
    <p class='ocr_par' dir='ltr' id='par_1_60' title="bbox 2004 1637 3587 1707">
     <span class='ocr_line' id='line_1_60' title="bbox 2004 1637 3587 1707; baseline 0.001 -14"><span class='ocrx_word' id='word_1_418' title='bbox 2004 1639 2076 1693; x_wconf 89' lang='lat' dir='ltr'><strong>sit</strong></span> <span class='ocrx_word' id='word_1_419' title='bbox 2096 1637 2383 1707; x_wconf 84' lang='lat' dir='ltr'><strong>discipulis</strong></span> <span class='ocrx_word' id='word_1_420' title='bbox 2403 1639 2736 1691; x_wconf 85' lang='lat' dir='ltr'><strong>medicorum</strong></span> <span class='ocrx_word' id='word_1_421' title='bbox 2759 1653 2986 1707; x_wconf 83' lang='lat' dir='ltr'><strong>prorsus</strong></span> <span class='ocrx_word' id='word_1_422' title='bbox 3010 1637 3258 1699; x_wconf 88' lang='lat' dir='ltr'><strong>immitis,</strong></span> <span class='ocrx_word' id='word_1_423' title='bbox 3285 1639 3587 1694; x_wconf 84' lang='lat' dir='ltr'><strong>curationis</strong></span> 
     </span>
    </p>
   </div>
   <div class='ocr_carea' id='block_1_61' title="bbox 2005 1729 3590 1788">
    <p class='ocr_par' dir='ltr' id='par_1_61' title="bbox 2005 1729 3590 1788">
     <span class='ocr_line' id='line_1_61' title="bbox 2005 1729 3590 1788; baseline -0.002 -5"><span class='ocrx_word' id='word_1_424' title='bbox 2005 1730 2158 1783; x_wconf 88' lang='lat' dir='ltr'><strong>frena</strong></span> <span class='ocrx_word' id='word_1_425' title='bbox 2197 1745 2302 1782; x_wconf 91' lang='lat' dir='ltr'><strong>non</strong></span> <span class='ocrx_word' id='word_1_426' title='bbox 2337 1729 2591 1788; x_wconf 63' lang='lat' dir='ltr'><strong>sustinet,</strong></span> <span class='ocrx_word' id='word_1_427' title='bbox 2627 1730 2721 1782; x_wconf 82' lang='lat' dir='ltr'><strong>sed</strong></span> <span class='ocrx_word' id='word_1_428' title='bbox 2747 1745 2873 1782; x_wconf 89' lang='lat' dir='ltr'><strong>cum</strong></span> <span class='ocrx_word' id='word_1_429' title='bbox 2907 1731 3023 1783; x_wconf 70' lang='lat' dir='ltr'><strong>luce</strong></span> <span class='ocrx_word' id='word_1_430' title='bbox 3066 1729 3169 1783; x_wconf 86' lang='lat' dir='ltr'><strong>sibi</strong></span> <span class='ocrx_word' id='word_1_431' title='bbox 3201 1730 3363 1783; x_wconf 83' lang='lat' dir='ltr'><strong>allata</strong></span> <span class='ocrx_word' id='word_1_432' title='bbox 3396 1729 3451 1782; x_wconf 88' lang='lat' dir='ltr'><strong>in</strong></span> <span class='ocrx_word' id='word_1_433' title='bbox 3493 1744 3590 1781; x_wconf 83' lang='lat' dir='ltr'><strong>au-</strong></span> 
     </span>
    </p>
   </div>
   <div class='ocr_carea' id='block_1_62' title="bbox 2009 1819 3591 1888">
    <p class='ocr_par' dir='ltr' id='par_1_62' title="bbox 2009 1819 3591 1888">
     <span class='ocr_line' id='line_1_62' title="bbox 2009 1819 3591 1888; baseline 0 -13"><span class='ocrx_word' id='word_1_434' title='bbox 2009 1822 2197 1875; x_wconf 80' lang='lat' dir='ltr'><strong>xilium</strong></span> <span class='ocrx_word' id='word_1_435' title='bbox 2240 1821 2459 1880; x_wconf 81' lang='lat' dir='ltr'><strong>fuerint,</strong></span> <span class='ocrx_word' id='word_1_436' title='bbox 2493 1820 2653 1888; x_wconf 84' lang='lat' dir='ltr'><strong>quasi</strong></span> <span class='ocrx_word' id='word_1_437' title='bbox 2707 1835 2771 1873; x_wconf 79' lang='lat' dir='ltr'><strong>ex</strong></span> <span class='ocrx_word' id='word_1_438' title='bbox 2805 1835 3003 1872; x_wconf 86' lang='lat' dir='ltr'><strong>aranea</strong></span> <span class='ocrx_word' id='word_1_439' title='bbox 3034 1827 3290 1872; x_wconf 80' lang='lat' dir='ltr'><strong>contexta</strong></span> <span class='ocrx_word' id='word_1_440' title='bbox 3318 1819 3512 1874; x_wconf 86' lang='lat' dir='ltr'><strong>recidit</strong></span> <span class='ocrx_word' id='word_1_441' title='bbox 3536 1831 3591 1875; x_wconf 87' lang='lat' dir='ltr'><strong>et</strong></span> 
     </span>
    </p>
   </div>
   <div class='ocr_carea' id='block_1_63' title="bbox 2010 1908 3370 1977">
    <p class='ocr_par' dir='ltr' id='par_1_63' title="bbox 2010 1908 3370 1977">
     <span class='ocr_line' id='line_1_63' title="bbox 2010 1908 3370 1977; baseline -0.006 -12"><span class='ocrx_word' id='word_1_442' title='bbox 2010 1911 2305 1965; x_wconf 89' lang='lat' dir='ltr'><strong>indomitus</strong></span> <span class='ocrx_word' id='word_1_443' title='bbox 2334 1910 2555 1971; x_wconf 82' lang='lat' dir='ltr'><strong>recedit,</strong></span> <span class='ocrx_word' id='word_1_444' title='bbox 2582 1909 2799 1977; x_wconf 87' lang='lat' dir='ltr'><strong>propria</strong></span> <span class='ocrx_word' id='word_1_445' title='bbox 2830 1908 3041 1962; x_wconf 83' lang='lat' dir='ltr'><strong>feritate</strong></span> <span class='ocrx_word' id='word_1_446' title='bbox 3067 1915 3370 1977; x_wconf 88' lang='lat' dir='ltr'><strong>resumpta.</strong></span> 
     </span>
    </p>
   </div>
   <div class='ocr_carea' id='block_1_64' title="bbox 2080 1997 3591 2067">
    <p class='ocr_par' dir='ltr' id='par_1_64' title="bbox 2080 1997 3591 2067">
     <span class='ocr_line' id='line_1_64' title="bbox 2080 1997 3591 2067; baseline -0.002 -13"><span class='ocrx_word' id='word_1_447' title='bbox 2080 2001 2237 2056; x_wconf 88' lang='lat' dir='ltr'><strong>llunc</strong></span> <span class='ocrx_word' id='word_1_448' title='bbox 2266 2017 2390 2055; x_wconf 87' lang='lat' dir='ltr'><strong>eum</strong></span> <span class='ocrx_word' id='word_1_449' title='bbox 2423 2000 2744 2054; x_wconf 89' lang='lat' dir='ltr'><strong>incurrisset</strong></span> <span class='ocrx_word' id='word_1_450' title='bbox 2775 2014 2802 2051; x_wconf 82' lang='grc' dir='ltr'><strong>ιι</strong></span> <span class='ocrx_word' id='word_1_451' title='bbox 2837 2013 3001 2067; x_wconf 86' lang='lat' dir='ltr'><strong>parva</strong></span> <span class='ocrx_word' id='word_1_452' title='bbox 3033 2008 3091 2052; x_wconf 89' lang='lat' dir='ltr'><strong>ut</strong></span> <span class='ocrx_word' id='word_1_453' title='bbox 3122 1997 3405 2052; x_wconf 86' lang='lat' dir='ltr'><strong>innuimus</strong></span> <span class='ocrx_word' id='word_1_454' title='bbox 3432 2005 3591 2051; x_wconf 74' lang='lat' dir='ltr'><strong>:etate</strong></span> 
     </span>
    </p>
   </div>
   <div class='ocr_carea' id='block_1_65' title="bbox 2011 2088 3588 2162">
    <p class='ocr_par' dir='ltr' id='par_1_65' title="bbox 2011 2088 3588 2162">
     <span class='ocr_line' id='line_1_65' title="bbox 2011 2088 3588 2162; baseline -0.004 -15"><span class='ocrx_word' id='word_1_455' title='bbox 2011 2093 2356 2156; x_wconf 62' lang='lat' dir='ltr'><strong>Thr-odorus,</strong></span> <span class='ocrx_word' id='word_1_456' title='bbox 2409 2108 2729 2162; x_wconf 79' lang='lat' dir='ltr'><strong>processum</strong></span> <span class='ocrx_word' id='word_1_457' title='bbox 2779 2091 3011 2146; x_wconf 88' lang='lat' dir='ltr'><strong>habebat</strong></span> <span class='ocrx_word' id='word_1_458' title='bbox 3048 2090 3470 2154; x_wconf 90' lang='lat' dir='ltr'><strong>intolerabilem,</strong></span> <span class='ocrx_word' id='word_1_459' title='bbox 3497 2088 3588 2157; x_wconf 92' lang='lat' dir='ltr'><strong>qni</strong></span> 
     </span>
    </p>
   </div>
   <div class='ocr_carea' id='block_1_66' title="bbox 2012 2176 3593 2249">
    <p class='ocr_par' dir='ltr' id='par_1_66' title="bbox 2012 2176 3593 2249">
     <span class='ocr_line' id='line_1_66' title="bbox 2012 2176 3593 2249; baseline -0.004 -13"><span class='ocrx_word' id='word_1_460' title='bbox 2012 2182 2313 2237; x_wconf 86' lang='lat' dir='ltr'><strong>secundum</strong></span> <span class='ocrx_word' id='word_1_461' title='bbox 2364 2180 2682 2233; x_wconf 81' lang='lat' dir='ltr'><strong>animalium</strong></span> <span class='ocrx_word' id='word_1_462' title='bbox 2730 2179 3007 2249; x_wconf 81' lang='lat' dir='ltr'><strong>genimina</strong></span> <span class='ocrx_word' id='word_1_463' title='bbox 3062 2188 3117 2232; x_wconf 89' lang='lat' dir='ltr'><strong>et</strong></span> <span class='ocrx_word' id='word_1_464' title='bbox 3177 2176 3485 2247; x_wconf 80' lang='lat' dir='ltr'><strong>plantaruui</strong></span> <span class='ocrx_word' id='word_1_465' title='bbox 3537 2185 3593 2230; x_wconf 82' lang='lat' dir='ltr'><strong>et</strong></span> 
     </span>
    </p>
   </div>
   <div class='ocr_carea' id='block_1_67' title="bbox 2013 2267 3592 2340">
    <p class='ocr_par' dir='ltr' id='par_1_67' title="bbox 2013 2267 3592 2340">
     <span class='ocr_line' id='line_1_67' title="bbox 2013 2267 3592 2340; baseline -0.003 -16"><span class='ocrx_word' id='word_1_466' title='bbox 2013 2269 2273 2325; x_wconf 86' lang='lat' dir='ltr'><strong>arborum</strong></span> <span class='ocrx_word' id='word_1_467' title='bbox 2305 2268 2571 2340; x_wconf 78' lang='lat' dir='ltr'><strong>germina,</strong></span> <span class='ocrx_word' id='word_1_468' title='bbox 2604 2284 2725 2337; x_wconf 71' lang='lat' dir='ltr'><strong>qua:</strong></span> <span class='ocrx_word' id='word_1_469' title='bbox 2754 2269 3029 2337; x_wconf 75' lang='lat' dir='ltr'><strong>propriam</strong></span> <span class='ocrx_word' id='word_1_470' title='bbox 3060 2269 3317 2323; x_wconf 80' lang='lat' dir='ltr'><strong>virtutem</strong></span> <span class='ocrx_word' id='word_1_471' title='bbox 3348 2277 3404 2322; x_wconf 91' lang='lat' dir='ltr'><strong>et</strong></span> <span class='ocrx_word' id='word_1_472' title='bbox 3431 2267 3592 2321; x_wconf 89' lang='lat' dir='ltr'><strong>nobi-</strong></span> 
     </span>
    </p>
   </div>
   <div class='ocr_carea' id='block_1_68' title="bbox 2013 2358 3592 2429">
    <p class='ocr_par' dir='ltr' id='par_1_68' title="bbox 2013 2358 3592 2429">
     <span class='ocr_line' id='line_1_68' title="bbox 2013 2358 3592 2429; baseline -0.003 -14"><span class='ocrx_word' id='word_1_473' title='bbox 2013 2363 2219 2415; x_wconf 85' lang='lat' dir='ltr'><strong>litatem</strong></span> <span class='ocrx_word' id='word_1_474' title='bbox 2261 2375 2383 2413; x_wconf 72' lang='lat' dir='ltr'><strong>tuo:</strong></span> <span class='ocrx_word' id='word_1_475' title='bbox 2418 2376 2446 2411; x_wconf 86' lang='lat' dir='ltr'><strong>a</strong></span> <span class='ocrx_word' id='word_1_476' title='bbox 2483 2359 2767 2429; x_wconf 82' lang='lat' dir='ltr'><strong>principiis</strong></span> <span class='ocrx_word' id='word_1_477' title='bbox 2795 2360 3077 2423; x_wconf 80' lang='lat' dir='ltr'><strong>exhibent,</strong></span> <span class='ocrx_word' id='word_1_478' title='bbox 3103 2374 3266 2427; x_wconf 82' lang='lat' dir='ltr'><strong>quain</strong></span> <span class='ocrx_word' id='word_1_479' title='bbox 3309 2358 3592 2411; x_wconf 88' lang='lat' dir='ltr'><strong>habiturus</strong></span> 
     </span>
    </p>
   </div>
   <div class='ocr_carea' id='block_1_69' title="bbox 2015 2449 3590 2520">
    <p class='ocr_par' dir='ltr' id='par_1_69' title="bbox 2015 2449 3590 2520">
     <span class='ocr_line' id='line_1_69' title="bbox 2015 2449 3590 2520; baseline -0.002 -18"><span class='ocrx_word' id='word_1_480' title='bbox 2015 2452 2253 2506; x_wconf 78' lang='lat' dir='ltr'><strong>indolem</strong></span> <span class='ocrx_word' id='word_1_481' title='bbox 2285 2459 2452 2514; x_wconf 74' lang='lat' dir='ltr'><strong>esset,</strong></span> <span class='ocrx_word' id='word_1_482' title='bbox 2484 2451 2830 2520; x_wconf 78' lang='lat' dir='ltr'><strong>postmodum</strong></span> <span class='ocrx_word' id='word_1_483' title='bbox 2861 2450 2947 2503; x_wconf 86' lang='lat' dir='ltr'><strong>his</strong></span> <span class='ocrx_word' id='word_1_484' title='bbox 2973 2449 3065 2518; x_wconf 86' lang='lat' dir='ltr'><strong>qui</strong></span> <span class='ocrx_word' id='word_1_485' title='bbox 3096 2449 3278 2502; x_wconf 86' lang='lat' dir='ltr'><strong>videre</strong></span> <span class='ocrx_word' id='word_1_486' title='bbox 3311 2455 3590 2511; x_wconf 90' lang='lat' dir='ltr'><strong>noverant,</strong></span> 
     </span>
    </p>
   </div>
   <div class='ocr_carea' id='block_1_70' title="bbox 2013 2537 3592 2612">
    <p class='ocr_par' dir='ltr' id='par_1_70' title="bbox 2013 2537 3592 2612">
     <span class='ocr_line' id='line_1_70' title="bbox 2013 2537 3592 2612; baseline -0.004 -17"><span class='ocrx_word' id='word_1_487' title='bbox 2013 2558 2078 2595; x_wconf 81' lang='lat' dir='ltr'><strong>ex</strong></span> <span class='ocrx_word' id='word_1_488' title='bbox 2120 2544 2239 2612; x_wconf 85' lang='lat' dir='ltr'><strong>ipso</strong></span> <span class='ocrx_word' id='word_1_489' title='bbox 2279 2550 2431 2595; x_wconf 89' lang='lat' dir='ltr'><strong>utero</strong></span> <span class='ocrx_word' id='word_1_490' title='bbox 2453 2550 2507 2594; x_wconf 92' lang='lat' dir='ltr'><strong>et</strong></span> <span class='ocrx_word' id='word_1_491' title='bbox 2541 2541 2823 2593; x_wconf 88' lang='lat' dir='ltr'><strong>nativitate</strong></span> <span class='ocrx_word' id='word_1_492' title='bbox 2864 2540 3324 2608; x_wconf 71' lang='lat' dir='ltr'><strong>prmmonstravit.</strong></span> <span class='ocrx_word' id='word_1_493' title='bbox 3359 2537 3592 2606; x_wconf 82' lang='lat' dir='ltr'><strong>Ipseque</strong></span> 
     </span>
    </p>
   </div>
   <div class='ocr_carea' id='block_1_71' title="bbox 2015 2628 3592 2703">
    <p class='ocr_par' dir='ltr' id='par_1_71' title="bbox 2015 2628 3592 2703">
     <span class='ocr_line' id='line_1_71' title="bbox 2015 2628 3592 2703; baseline -0.003 -16"><span class='ocrx_word' id='word_1_494' title='bbox 2015 2648 2286 2703; x_wconf 80' lang='lat' dir='ltr'><strong>apparens</strong></span> <span class='ocrx_word' id='word_1_495' title='bbox 2325 2648 2480 2687; x_wconf 88' lang='lat' dir='ltr'><strong>suam</strong></span> <span class='ocrx_word' id='word_1_496' title='bbox 2506 2631 2618 2700; x_wconf 81' lang='lat' dir='ltr'><strong>jam</strong></span> <span class='ocrx_word' id='word_1_497' title='bbox 2657 2631 3090 2701; x_wconf 75' lang='lat' dir='ltr'><strong>magnitudinem</strong></span> <span class='ocrx_word' id='word_1_498' title='bbox 3139 2630 3487 2692; x_wconf 80' lang='lat' dir='ltr'><strong>ostendebat,</strong></span> <span class='ocrx_word' id='word_1_499' title='bbox 3518 2628 3592 2682; x_wconf 73' lang='lat' dir='ltr'><strong>ita</strong></span> 
     </span>
    </p>
   </div>
   <div class='ocr_carea' id='block_1_72' title="bbox 2020 2724 3593 2795">
    <p class='ocr_par' dir='ltr' id='par_1_72' title="bbox 2020 2724 3593 2795">
     <span class='ocr_line' id='line_1_72' title="bbox 2020 2724 3593 2795; baseline -0.003 -13"><span class='ocrx_word' id='word_1_500' title='bbox 2020 2738 2079 2782; x_wconf 91' lang='lat' dir='ltr'><strong>ut</strong></span> <span class='ocrx_word' id='word_1_501' title='bbox 2121 2738 2333 2782; x_wconf 85' lang='lat' dir='ltr'><strong>meatus</strong></span> <span class='ocrx_word' id='word_1_502' title='bbox 2381 2742 2503 2780; x_wconf 78' lang='lat' dir='ltr'><strong>mox</strong></span> <span class='ocrx_word' id='word_1_503' title='bbox 2553 2726 2681 2780; x_wconf 74' lang='lat' dir='ltr'><strong>ftedi</strong></span> <span class='ocrx_word' id='word_1_504' title='bbox 2719 2735 3056 2795; x_wconf 88' lang='lat' dir='ltr'><strong>rumpentes,</strong></span> <span class='ocrx_word' id='word_1_505' title='bbox 3099 2734 3208 2779; x_wconf 91' lang='lat' dir='ltr'><strong>tam</strong></span> <span class='ocrx_word' id='word_1_506' title='bbox 3258 2726 3313 2778; x_wconf 89' lang='lat' dir='ltr'><strong>in</strong></span> <span class='ocrx_word' id='word_1_507' title='bbox 3364 2724 3593 2794; x_wconf 85' lang='lat' dir='ltr'><strong>pedibus</strong></span> 
     </span>
    </p>
   </div>
   <div class='ocr_carea' id='block_1_73' title="bbox 2020 2814 3593 2888">
    <p class='ocr_par' dir='ltr' id='par_1_73' title="bbox 2020 2814 3593 2888">
     <span class='ocr_line' id='line_1_73' title="bbox 2020 2814 3593 2888; baseline -0.003 -16"><span class='ocrx_word' id='word_1_508' title='bbox 2020 2834 2184 2888; x_wconf 87' lang='lat' dir='ltr'><strong>quam</strong></span> <span class='ocrx_word' id='word_1_509' title='bbox 2220 2819 2274 2871; x_wconf 92' lang='lat' dir='ltr'><strong>in</strong></span> <span class='ocrx_word' id='word_1_510' title='bbox 2306 2817 2560 2871; x_wconf 87' lang='lat' dir='ltr'><strong>manibus</strong></span> <span class='ocrx_word' id='word_1_511' title='bbox 2583 2831 2647 2870; x_wconf 81' lang='lat' dir='ltr'><strong>ex</strong></span> <span class='ocrx_word' id='word_1_512' title='bbox 2678 2816 2925 2870; x_wconf 88' lang='lat' dir='ltr'><strong>dolorum</strong></span> <span class='ocrx_word' id='word_1_513' title='bbox 2956 2816 3286 2885; x_wconf 88' lang='lat' dir='ltr'><strong>pullularent</strong></span> <span class='ocrx_word' id='word_1_514' title='bbox 3316 2814 3593 2868; x_wconf 85' lang='lat' dir='ltr'><strong>nimietate</strong></span> 
     </span>
    </p>
   </div>
   <div class='ocr_carea' id='block_1_74' title="bbox 2019 2904 3589 2973">
    <p class='ocr_par' dir='ltr' id='par_1_74' title="bbox 2019 2904 3589 2973">
     <span class='ocr_line' id='line_1_74' title="bbox 2019 2904 3589 2973; baseline -0.004 -10"><span class='ocrx_word' id='word_1_515' title='bbox 2019 2925 2170 2963; x_wconf 90' lang='lat' dir='ltr'><strong>more</strong></span> <span class='ocrx_word' id='word_1_516' title='bbox 2224 2909 2525 2973; x_wconf 85' lang='lat' dir='ltr'><strong>imbrium,</strong></span> <span class='ocrx_word' id='word_1_517' title='bbox 2585 2905 2858 2961; x_wconf 87' lang='lat' dir='ltr'><strong>iudefesse</strong></span> <span class='ocrx_word' id='word_1_518' title='bbox 2915 2915 3161 2960; x_wconf 81' lang='lat' dir='ltr'><strong>reumate</strong></span> <span class='ocrx_word' id='word_1_519' title='bbox 3214 2904 3589 2960; x_wconf 88' lang='lat' dir='ltr'><strong>distillantes:</strong></span> 
     </span>
    </p>
   </div>
   <div class='ocr_carea' id='block_1_75' title="bbox 2018 2992 3593 3069">
    <p class='ocr_par' dir='ltr' id='par_1_75' title="bbox 2018 2992 3593 3069">
     <span class='ocr_line' id='line_1_75' title="bbox 2018 2992 3593 3069; baseline -0.004 -15"><span class='ocrx_word' id='word_1_520' title='bbox 2018 2998 2564 3069; x_wconf 72' lang='lat' dir='ltr'><strong>transtignrabantur</strong></span> <span class='ocrx_word' id='word_1_521' title='bbox 2599 2998 2746 3052; x_wconf 88' lang='lat' dir='ltr'><strong>enint</strong></span> <span class='ocrx_word' id='word_1_522' title='bbox 2776 2998 2824 3053; x_wconf 91' lang='lat' dir='ltr'><strong>ei</strong></span> <span class='ocrx_word' id='word_1_523' title='bbox 2857 2998 3013 3066; x_wconf 78' lang='lat' dir='ltr'><strong>digiti</strong></span> <span class='ocrx_word' id='word_1_524' title='bbox 3046 2997 3101 3051; x_wconf 89' lang='lat' dir='ltr'><strong>in</strong></span> <span class='ocrx_word' id='word_1_525' title='bbox 3132 2996 3371 3065; x_wconf 84' lang='lat' dir='ltr'><strong>lapidum</strong></span> <span class='ocrx_word' id='word_1_526' title='bbox 3410 2992 3593 3049; x_wconf 83' lang='lat' dir='ltr'><strong>defor-</strong></span> 
     </span>
    </p>
   </div>
   <div class='ocr_carea' id='block_1_76' title="bbox 2019 3085 3591 3157">
    <p class='ocr_par' dir='ltr' id='par_1_76' title="bbox 2019 3085 3591 3157">
     <span class='ocr_line' id='line_1_76' title="bbox 2019 3085 3591 3157; baseline -0.004 -13"><span class='ocrx_word' id='word_1_527' title='bbox 2019 3092 2285 3153; x_wconf 81' lang='lat' dir='ltr'><strong>mitatem,</strong></span> <span class='ocrx_word' id='word_1_528' title='bbox 2331 3089 2497 3143; x_wconf 86' lang='lat' dir='ltr'><strong>etiam</strong></span> <span class='ocrx_word' id='word_1_529' title='bbox 2545 3088 2783 3141; x_wconf 89' lang='lat' dir='ltr'><strong>nondum</strong></span> <span class='ocrx_word' id='word_1_530' title='bbox 2839 3090 3082 3157; x_wconf 80' lang='lat' dir='ltr'><strong>perfecto</strong></span> <span class='ocrx_word' id='word_1_531' title='bbox 3126 3087 3466 3141; x_wconf 87' lang='lat' dir='ltr'><strong>incremento</strong></span> <span class='ocrx_word' id='word_1_532' title='bbox 3506 3085 3591 3138; x_wconf 88' lang='lat' dir='ltr'><strong>sui</strong></span> 
     </span>
    </p>
   </div>
   <div class='ocr_carea' id='block_1_77' title="bbox 1942 3176 3595 3276">
    <p class='ocr_par' dir='ltr' id='par_1_77' title="bbox 1942 3176 3595 3276">
     <span class='ocr_line' id='line_1_77' title="bbox 1942 3176 3595 3276; baseline -0.005 -39"><span class='ocrx_word' id='word_1_533' title='bbox 1942 3222 1984 3276; x_wconf 62' lang='grc' dir='ltr'><strong>Ο</strong></span> <span class='ocrx_word' id='word_1_534' title='bbox 2022 3191 2311 3252; x_wconf 58' lang='lat' dir='ltr'><strong>percepto;</strong></span> <span class='ocrx_word' id='word_1_535' title='bbox 2350 3190 2405 3236; x_wconf 91' lang='lat' dir='ltr'><strong>et</strong></span> <span class='ocrx_word' id='word_1_536' title='bbox 2454 3182 2650 3251; x_wconf 91' lang='lat' dir='ltr'><strong>pedum</strong></span> <span class='ocrx_word' id='word_1_537' title='bbox 2689 3182 2906 3249; x_wconf 60' lang='lat' dir='ltr'><strong>plantae,</strong></span> <span class='ocrx_word' id='word_1_538' title='bbox 2938 3188 3099 3234; x_wconf 67' lang='lat' dir='ltr'><strong>terra:</strong></span> <span class='ocrx_word' id='word_1_539' title='bbox 3130 3177 3385 3232; x_wconf 87' lang='lat' dir='ltr'><strong>cumulos</strong></span> <span class='ocrx_word' id='word_1_540' title='bbox 3415 3176 3595 3230; x_wconf 86' lang='lat' dir='ltr'><strong>imita—</strong></span> 
     </span>
    </p>
   </div>
   <div class='ocr_carea' id='block_1_78' title="bbox 2021 3270 3594 3341">
    <p class='ocr_par' dir='ltr' id='par_1_78' title="bbox 2021 3270 3594 3341">
     <span class='ocr_line' id='line_1_78' title="bbox 2021 3270 3594 3341; baseline -0.003 -14"><span class='ocrx_word' id='word_1_541' title='bbox 2021 3274 2238 3327; x_wconf 84' lang='lat' dir='ltr'><strong>bantur.</strong></span> <span class='ocrx_word' id='word_1_542' title='bbox 2270 3272 2335 3327; x_wconf 83' lang='lat' dir='ltr'><strong>Et</strong></span> <span class='ocrx_word' id='word_1_543' title='bbox 2364 3271 2599 3328; x_wconf 86' lang='lat' dir='ltr'><strong>fortasse</strong></span> <span class='ocrx_word' id='word_1_544' title='bbox 2623 3274 2787 3341; x_wconf 84' lang='lat' dir='ltr'><strong>pedes</strong></span> <span class='ocrx_word' id='word_1_545' title='bbox 2815 3272 2864 3325; x_wconf 90' lang='lat' dir='ltr'><strong>ei</strong></span> <span class='ocrx_word' id='word_1_546' title='bbox 2891 3282 2945 3325; x_wconf 92' lang='lat' dir='ltr'><strong>et</strong></span> <span class='ocrx_word' id='word_1_547' title='bbox 2973 3285 3080 3325; x_wconf 85' lang='lat' dir='ltr'><strong>una</strong></span> <span class='ocrx_word' id='word_1_548' title='bbox 3121 3285 3245 3325; x_wconf 89' lang='lat' dir='ltr'><strong>cum</strong></span> <span class='ocrx_word' id='word_1_549' title='bbox 3276 3270 3361 3325; x_wconf 90' lang='lat' dir='ltr'><strong>his</strong></span> <span class='ocrx_word' id='word_1_550' title='bbox 3400 3282 3594 3323; x_wconf 80' lang='lat' dir='ltr'><strong>manus</strong></span> 
     </span>
    </p>
   </div>
   <div class='ocr_carea' id='block_1_79' title="bbox 2015 3359 3593 3432">
    <p class='ocr_par' dir='ltr' id='par_1_79' title="bbox 2015 3359 3593 3432">
     <span class='ocr_line' id='line_1_79' title="bbox 2015 3359 3593 3432; baseline -0.006 -12"><span class='ocrx_word' id='word_1_551' title='bbox 2015 3366 2082 3420; x_wconf 87' lang='lat' dir='ltr'><strong>ad</strong></span> <span class='ocrx_word' id='word_1_552' title='bbox 2110 3366 2221 3419; x_wconf 67' lang='lat' dir='ltr'><strong>haec</strong></span> <span class='ocrx_word' id='word_1_553' title='bbox 2243 3366 2525 3420; x_wconf 76' lang='lat' dir='ltr'><strong>translatae</strong></span> <span class='ocrx_word' id='word_1_554' title='bbox 2569 3363 2825 3427; x_wconf 84' lang='lat' dir='ltr'><strong>fuissent,</strong></span> <span class='ocrx_word' id='word_1_555' title='bbox 2855 3361 3028 3415; x_wconf 84' lang='lat' dir='ltr'><strong>forma</strong></span> <span class='ocrx_word' id='word_1_556' title='bbox 3053 3361 3274 3432; x_wconf 85' lang='lat' dir='ltr'><strong>propria</strong></span> <span class='ocrx_word' id='word_1_557' title='bbox 3310 3359 3593 3429; x_wconf 81' lang='lat' dir='ltr'><strong>denegata,</strong></span> 
     </span>
    </p>
   </div>
   <div class='ocr_carea' id='block_1_80' title="bbox 2016 3448 3592 3522">
    <p class='ocr_par' dir='ltr' id='par_1_80' title="bbox 2016 3448 3592 3522">
     <span class='ocr_line' id='line_1_80' title="bbox 2016 3448 3592 3522; baseline -0.001 -19"><span class='ocrx_word' id='word_1_558' title='bbox 2016 3461 2070 3505; x_wconf 79' lang='lat' dir='ltr'><strong>ct</strong></span> <span class='ocrx_word' id='word_1_559' title='bbox 2114 3453 2297 3522; x_wconf 83' lang='lat' dir='ltr'><strong>specie</strong></span> <span class='ocrx_word' id='word_1_560' title='bbox 2338 3468 2437 3508; x_wconf 87' lang='lat' dir='ltr'><strong>sua</strong></span> <span class='ocrx_word' id='word_1_561' title='bbox 2477 3453 2697 3522; x_wconf 85' lang='lat' dir='ltr'><strong>penitus</strong></span> <span class='ocrx_word' id='word_1_562' title='bbox 2740 3458 3100 3515; x_wconf 84' lang='lat' dir='ltr'><strong>commutata,</strong></span> <span class='ocrx_word' id='word_1_563' title='bbox 3131 3450 3237 3506; x_wconf 90' lang='lat' dir='ltr'><strong>nisi</strong></span> <span class='ocrx_word' id='word_1_564' title='bbox 3277 3448 3474 3520; x_wconf 82' lang='lat' dir='ltr'><strong>Cyrum</strong></span> <span class='ocrx_word' id='word_1_565' title='bbox 3505 3448 3592 3502; x_wconf 81' lang='lat' dir='ltr'><strong>in-</strong></span> 
     </span>
    </p>
   </div>
   <div class='ocr_carea' id='block_1_81' title="bbox 2016 3539 3589 3615">
    <p class='ocr_par' dir='ltr' id='par_1_81' title="bbox 2016 3539 3589 3615">
     <span class='ocr_line' id='line_1_81' title="bbox 2016 3539 3589 3615; baseline -0.003 -17"><span class='ocrx_word' id='word_1_566' title='bbox 2016 3548 2261 3601; x_wconf 77' lang='lat' dir='ltr'><strong>venisset</strong></span> <span class='ocrx_word' id='word_1_567' title='bbox 2308 3554 2499 3600; x_wconf 84' lang='lat' dir='ltr'><strong>contra</strong></span> <span class='ocrx_word' id='word_1_568' title='bbox 2554 3546 2804 3599; x_wconf 89' lang='lat' dir='ltr'><strong>morbum</strong></span> <span class='ocrx_word' id='word_1_569' title='bbox 2843 3551 3199 3615; x_wconf 82' lang='lat' dir='ltr'><strong>pugnantem,</strong></span> <span class='ocrx_word' id='word_1_570' title='bbox 3230 3553 3284 3598; x_wconf 92' lang='lat' dir='ltr'><strong>et</strong></span> <span class='ocrx_word' id='word_1_571' title='bbox 3325 3539 3589 3596; x_wconf 82' lang='lat' dir='ltr'><strong>Joannem</strong></span> 
     </span>
    </p>
   </div>
   <div class='ocr_carea' id='block_1_82' title="bbox 2021 3635 3246 3706">
    <p class='ocr_par' dir='ltr' id='par_1_82' title="bbox 2021 3635 3246 3706">
     <span class='ocr_line' id='line_1_82' title="bbox 2021 3635 3246 3706; baseline -0.004 -14"><span class='ocrx_word' id='word_1_572' title='bbox 2021 3648 2311 3704; x_wconf 81' lang='lat' dir='ltr'><strong>martyrem</strong></span> <span class='ocrx_word' id='word_1_573' title='bbox 2345 3636 2709 3691; x_wconf 78' lang='lat' dir='ltr'><strong>sacratissimi</strong></span> <span class='ocrx_word' id='word_1_574' title='bbox 2741 3635 2867 3706; x_wconf 87' lang='lat' dir='ltr'><strong>Cyri</strong></span> <span class='ocrx_word' id='word_1_575' title='bbox 2901 3635 3246 3689; x_wconf 89' lang='lat' dir='ltr'><strong>eonsocium.</strong></span> 
     </span>
    </p>
   </div>
   <div class='ocr_carea' id='block_1_83' title="bbox 2092 3722 3593 3797">
    <p class='ocr_par' dir='ltr' id='par_1_83' title="bbox 2092 3722 3593 3797">
     <span class='ocr_line' id='line_1_83' title="bbox 2092 3722 3593 3797; baseline -0.005 -16"><span class='ocrx_word' id='word_1_576' title='bbox 2092 3726 2223 3782; x_wconf 83' lang='lat' dir='ltr'><strong>Nam</strong></span> <span class='ocrx_word' id='word_1_577' title='bbox 2257 3729 2432 3797; x_wconf 89' lang='lat' dir='ltr'><strong>primo</strong></span> <span class='ocrx_word' id='word_1_578' title='bbox 2456 3725 2679 3793; x_wconf 86' lang='lat' dir='ltr'><strong>quidem</strong></span> <span class='ocrx_word' id='word_1_579' title='bbox 2707 3741 2766 3781; x_wconf 88' lang='lat' dir='ltr'><strong>se</strong></span> <span class='ocrx_word' id='word_1_580' title='bbox 2806 3726 3032 3779; x_wconf 88' lang='lat' dir='ltr'><strong>medicis</strong></span> <span class='ocrx_word' id='word_1_581' title='bbox 3066 3723 3312 3786; x_wconf 88' lang='lat' dir='ltr'><strong>tradidit,</strong></span> <span class='ocrx_word' id='word_1_582' title='bbox 3349 3722 3441 3776; x_wconf 89' lang='lat' dir='ltr'><strong>sed</strong></span> <span class='ocrx_word' id='word_1_583' title='bbox 3467 3735 3593 3775; x_wconf 91' lang='lat' dir='ltr'><strong>cum</strong></span> 
     </span>
    </p>
   </div>
   <div class='ocr_carea' id='block_1_84' title="bbox 2021 3810 3594 3886">
    <p class='ocr_par' dir='ltr' id='par_1_84' title="bbox 2021 3810 3594 3886">
     <span class='ocr_line' id='line_1_84' title="bbox 2021 3810 3594 3886; baseline -0.004 -14"><span class='ocrx_word' id='word_1_584' title='bbox 2021 3820 2253 3874; x_wconf 83' lang='lat' dir='ltr'><strong>vidisset</strong></span> <span class='ocrx_word' id='word_1_585' title='bbox 2281 3816 2429 3886; x_wconf 89' lang='lat' dir='ltr'><strong>quod</strong></span> <span class='ocrx_word' id='word_1_586' title='bbox 2449 3825 2504 3872; x_wconf 88' lang='lat' dir='ltr'><strong>et</strong></span> <span class='ocrx_word' id='word_1_587' title='bbox 2534 3816 2658 3870; x_wconf 80' lang='lat' dir='ltr'><strong>illos</strong></span> <span class='ocrx_word' id='word_1_588' title='bbox 2677 3824 2987 3885; x_wconf 88' lang='lat' dir='ltr'><strong>superaret,</strong></span> <span class='ocrx_word' id='word_1_589' title='bbox 3017 3823 3071 3868; x_wconf 90' lang='lat' dir='ltr'><strong>et</strong></span> <span class='ocrx_word' id='word_1_590' title='bbox 3097 3822 3267 3866; x_wconf 88' lang='lat' dir='ltr'><strong>artem</strong></span> <span class='ocrx_word' id='word_1_591' title='bbox 3302 3810 3594 3869; x_wconf 73' lang='lat' dir='ltr'><strong>utanifeSte</strong></span> 
     </span>
    </p>
   </div>
   <div class='ocr_carea' id='block_1_85' title="bbox 2023 3900 3596 3978">
    <p class='ocr_par' dir='ltr' id='par_1_85' title="bbox 2023 3900 3596 3978">
     <span class='ocr_line' id='line_1_85' title="bbox 2023 3900 3596 3978; baseline -0.006 -15"><span class='ocrx_word' id='word_1_592' title='bbox 2023 3911 2271 3964; x_wconf 77' lang='lat' dir='ltr'><strong>vinceret</strong></span> <span class='ocrx_word' id='word_1_593' title='bbox 2313 3909 2544 3978; x_wconf 80' lang='lat' dir='ltr'><strong>languor</strong></span> <span class='ocrx_word' id='word_1_594' title='bbox 2573 3924 2587 3971; x_wconf 91' lang='lat'><strong>;</strong></span> <span class='ocrx_word' id='word_1_595' title='bbox 2626 3907 2781 3976; x_wconf 91' lang='lat' dir='ltr'><strong>prius</strong></span> <span class='ocrx_word' id='word_1_596' title='bbox 2825 3921 2988 3977; x_wconf 87' lang='lat' dir='ltr'><strong>quam</strong></span> <span class='ocrx_word' id='word_1_597' title='bbox 3017 3912 3071 3959; x_wconf 91' lang='lat' dir='ltr'><strong>et</strong></span> <span class='ocrx_word' id='word_1_598' title='bbox 3104 3920 3163 3959; x_wconf 89' lang='lat' dir='ltr'><strong>se</strong></span> <span class='ocrx_word' id='word_1_599' title='bbox 3189 3916 3406 3972; x_wconf 84' lang='lat' dir='ltr'><strong>quoque</strong></span> <span class='ocrx_word' id='word_1_600' title='bbox 3438 3900 3596 3970; x_wconf 85' lang='lat' dir='ltr'><strong>peni-</strong></span> 
     </span>
    </p>
   </div>
   <div class='ocr_carea' id='block_1_86' title="bbox 2023 3994 3591 4067">
    <p class='ocr_par' dir='ltr' id='par_1_86' title="bbox 2023 3994 3591 4067">
     <span class='ocr_line' id='line_1_86' title="bbox 2023 3994 3591 4067; baseline -0.007 -11"><span class='ocrx_word' id='word_1_601' title='bbox 2023 4012 2113 4058; x_wconf 89' lang='lat' dir='ltr'><strong>tus</strong></span> <span class='ocrx_word' id='word_1_602' title='bbox 2142 4002 2435 4063; x_wconf 85' lang='lat' dir='ltr'><strong>ohtineret,</strong></span> <span class='ocrx_word' id='word_1_603' title='bbox 2477 3998 2543 4053; x_wconf 89' lang='lat' dir='ltr'><strong>ad</strong></span> <span class='ocrx_word' id='word_1_604' title='bbox 2575 4006 2795 4054; x_wconf 84' lang='lat' dir='ltr'><strong>sanctos</strong></span> <span class='ocrx_word' id='word_1_605' title='bbox 2831 3997 3078 4067; x_wconf 85' lang='lat' dir='ltr'><strong>confugit</strong></span> <span class='ocrx_word' id='word_1_606' title='bbox 3107 3997 3252 4051; x_wconf 86' lang='lat' dir='ltr'><strong>solos</strong></span> <span class='ocrx_word' id='word_1_607' title='bbox 3273 4005 3394 4064; x_wconf 91' lang='lat' dir='ltr'><strong>post</strong></span> <span class='ocrx_word' id='word_1_608' title='bbox 3425 3994 3591 4047; x_wconf 88' lang='lat' dir='ltr'><strong>Deum</strong></span> 
     </span>
    </p>
   </div>
   <div class='ocr_carea' id='block_1_87' title="bbox 2026 4088 3595 4161">
    <p class='ocr_par' dir='ltr' id='par_1_87' title="bbox 2026 4088 3595 4161">
     <span class='ocr_line' id='line_1_87' title="bbox 2026 4088 3595 4161; baseline -0.006 -14"><span class='ocrx_word' id='word_1_609' title='bbox 2026 4095 2070 4147; x_wconf 91' lang='lat' dir='ltr'><strong>si</strong></span> <span class='ocrx_word' id='word_1_610' title='bbox 2144 4093 2347 4147; x_wconf 79' lang='lat' dir='ltr'><strong>vellent</strong></span> <span class='ocrx_word' id='word_1_611' title='bbox 2394 4106 2557 4161; x_wconf 61' lang='lat' dir='ltr'><strong>possis</strong></span> <span class='ocrx_word' id='word_1_612' title='bbox 2609 4090 2924 4158; x_wconf 87' lang='lat' dir='ltr'><strong>passionem</strong></span> <span class='ocrx_word' id='word_1_613' title='bbox 2983 4100 3331 4155; x_wconf 87' lang='lat' dir='ltr'><strong>compescere</strong></span> <span class='ocrx_word' id='word_1_614' title='bbox 3390 4088 3595 4145; x_wconf 84' lang='lat' dir='ltr'><strong>sciens,</strong></span> 
     </span>
    </p>
   </div>
   <div class='ocr_carea' id='block_1_88' title="bbox 2024 4176 3597 4250">
    <p class='ocr_par' dir='ltr' id='par_1_88' title="bbox 2024 4176 3597 4250">
     <span class='ocr_line' id='line_1_88' title="bbox 2024 4176 3597 4250; baseline -0.006 -14"><span class='ocrx_word' id='word_1_615' title='bbox 2024 4183 2272 4237; x_wconf 89' lang='lat' dir='ltr'><strong>divinum</strong></span> <span class='ocrx_word' id='word_1_616' title='bbox 2316 4181 2658 4250; x_wconf 83' lang='lat' dir='ltr'><strong>porrigentes</strong></span> <span class='ocrx_word' id='word_1_617' title='bbox 2706 4177 2946 4242; x_wconf 87' lang='lat' dir='ltr'><strong>frenum,</strong></span> <span class='ocrx_word' id='word_1_618' title='bbox 2986 4187 3041 4231; x_wconf 93' lang='lat' dir='ltr'><strong>et</strong></span> <span class='ocrx_word' id='word_1_619' title='bbox 3085 4192 3189 4229; x_wconf 90' lang='lat' dir='ltr'><strong>non</strong></span> <span class='ocrx_word' id='word_1_620' title='bbox 3245 4176 3481 4229; x_wconf 90' lang='lat' dir='ltr'><strong>humano</strong></span> <span class='ocrx_word' id='word_1_621' title='bbox 3529 4189 3597 4228; x_wconf 76' lang='lat' dir='ltr'><strong>ex</strong></span> 
     </span>
    </p>
   </div>
   <div class='ocr_carea' id='block_1_89' title="bbox 2026 4266 3596 4337">
    <p class='ocr_par' dir='ltr' id='par_1_89' title="bbox 2026 4266 3596 4337">
     <span class='ocr_line' id='line_1_89' title="bbox 2026 4266 3596 4337; baseline -0.007 -9"><span class='ocrx_word' id='word_1_622' title='bbox 2026 4273 2259 4328; x_wconf 83' lang='lat' dir='ltr'><strong>artificio</strong></span> <span class='ocrx_word' id='word_1_623' title='bbox 2300 4270 2529 4326; x_wconf 78' lang='lat' dir='ltr'><strong>factum.</strong></span> <span class='ocrx_word' id='word_1_624' title='bbox 2578 4269 2714 4323; x_wconf 87' lang='lat' dir='ltr'><strong>Cum</strong></span> <span class='ocrx_word' id='word_1_625' title='bbox 2760 4270 2828 4323; x_wconf 85' lang='lat' dir='ltr'><strong>ad</strong></span> <span class='ocrx_word' id='word_1_626' title='bbox 2867 4269 3123 4337; x_wconf 89' lang='lat' dir='ltr'><strong>templum</strong></span> <span class='ocrx_word' id='word_1_627' title='bbox 3184 4282 3311 4336; x_wconf 82' lang='lat' dir='ltr'><strong>ergo</strong></span> <span class='ocrx_word' id='word_1_628' title='bbox 3341 4266 3596 4332; x_wconf 86' lang='lat' dir='ltr'><strong>venisset,</strong></span> 
     </span>
    </p>
   </div>
   <div class='ocr_carea' id='block_1_90' title="bbox 2027 4357 3599 4431">
    <p class='ocr_par' dir='ltr' id='par_1_90' title="bbox 2027 4357 3599 4431">
     <span class='ocr_line' id='line_1_90' title="bbox 2027 4357 3599 4431; baseline -0.008 -11"><span class='ocrx_word' id='word_1_629' title='bbox 2027 4365 2367 4420; x_wconf 84' lang='lat' dir='ltr'><strong>curationem</strong></span> <span class='ocrx_word' id='word_1_630' title='bbox 2397 4360 2659 4431; x_wconf 87' lang='lat' dir='ltr'><strong>consequi</strong></span> <span class='ocrx_word' id='word_1_631' title='bbox 2690 4375 2814 4415; x_wconf 89' lang='lat' dir='ltr'><strong>cum</strong></span> <span class='ocrx_word' id='word_1_632' title='bbox 2847 4359 3099 4414; x_wconf 86' lang='lat' dir='ltr'><strong>omnibus</strong></span> <span class='ocrx_word' id='word_1_633' title='bbox 3136 4358 3474 4426; x_wconf 83' lang='lat' dir='ltr'><strong>precabatur.</strong></span> <span class='ocrx_word' id='word_1_634' title='bbox 3503 4357 3599 4410; x_wconf 65' lang='lat' dir='ltr'><strong>Ast</strong></span> 
     </span>
    </p>
   </div>
   <div class='ocr_carea' id='block_1_91' title="bbox 2032 4447 3598 4519">
    <p class='ocr_par' dir='ltr' id='par_1_91' title="bbox 2032 4447 3598 4519">
     <span class='ocr_line' id='line_1_91' title="bbox 2032 4447 3598 4519; baseline -0.004 -13"><span class='ocrx_word' id='word_1_635' title='bbox 2032 4450 2530 4507; x_wconf 86' lang='lat' dir='ltr'><strong>misericordissimi</strong></span> <span class='ocrx_word' id='word_1_636' title='bbox 2608 4457 2875 4519; x_wconf 85' lang='lat' dir='ltr'><strong>martyres</strong></span> <span class='ocrx_word' id='word_1_637' title='bbox 2941 4449 3258 4501; x_wconf 87' lang='lat' dir='ltr'><strong>assisteutes</strong></span> <span class='ocrx_word' id='word_1_638' title='bbox 3340 4447 3388 4498; x_wconf 92' lang='lat' dir='ltr'><strong>ei</strong></span> <span class='ocrx_word' id='word_1_639' title='bbox 3458 4461 3598 4514; x_wconf 66' lang='lat' dir='ltr'><strong>saepe</strong></span> 
     </span>
    </p>
   </div>
   <div class='ocr_carea' id='block_1_92' title="bbox 339 4533 2035 4612">
    <p class='ocr_par' dir='ltr' id='par_1_92' title="bbox 339 4533 2035 4612">
     <span class='ocr_line' id='line_1_92' title="bbox 339 4533 2035 4612; baseline -0.009 -14"><span class='ocrx_word' id='word_1_640' title='bbox 339 4543 680 4604; x_wconf 81' lang='grc' dir='ltr'>καθεύδοντι,</span> <span class='ocrx_word' id='word_1_641' title='bbox 712 4544 779 4612; x_wconf 76' lang='grc' dir='ltr'>τῇ</span> <span class='ocrx_word' id='word_1_642' title='bbox 810 4538 1075 4608; x_wconf 84' lang='grc' dir='ltr'>καθολικῇ</span> <span class='ocrx_word' id='word_1_643' title='bbox 1101 4538 1377 4589; x_wconf 83' lang='grc' dir='ltr'>κοινωνεῖν</span> <span class='ocrx_word' id='word_1_644' title='bbox 1421 4533 1724 4604; x_wconf 73' lang='grc' dir='ltr'>Ἐκκλησία</span> <span class='ocrx_word' id='word_1_645' title='bbox 1756 4549 1920 4602; x_wconf 82' lang='grc' dir='ltr'>προσ·</span> <span class='ocrx_word' id='word_1_646' title='bbox 1951 4541 2005 4600; x_wconf 77' lang='lat'><strong>1)</strong></span> <span class='ocrx_word' id='word_1_647' title='bbox 2030 4567 2035 4592; x_wconf 37' lang='grc' dir='ltr'><strong>γ</strong></span> 
     </span>
    </p>
   </div>
   <div class='ocr_carea' id='block_1_93' title="bbox 1890 4533 3586 4612">
    <p class='ocr_par' dir='ltr' id='par_1_93' title="bbox 1890 4537 3586 4605">
     <span class='ocr_line' id='line_1_93' title="bbox 1890 4537 3586 4605; baseline -0.006 -4"><span class='ocrx_word' id='word_1_648' title='bbox 1890 4541 2321 4600; x_wconf 75' lang='lat' dir='ltr'><strong>&quot;Ddortnienti</strong></span> <span class='ocrx_word' id='word_1_649' title='bbox 2404 4540 2689 4595; x_wconf 79' lang='lat' dir='ltr'><strong>catholica:</strong></span> <span class='ocrx_word' id='word_1_650' title='bbox 2742 4540 3147 4593; x_wconf 74' lang='lat' dir='ltr'><strong>communicare</strong></span> <span class='ocrx_word' id='word_1_651' title='bbox 3207 4537 3586 4605; x_wconf 74' lang='lat' dir='ltr'><strong>praecipiebant</strong></span> 
     </span>
    </p>
   </div>
   <div class='ocr_carea' id='block_1_94' title="bbox 339 4622 1924 4703">
    <p class='ocr_par' dir='ltr' id='par_1_94' title="bbox 339 4622 1924 4703">
     <span class='ocr_line' id='line_1_94' title="bbox 339 4622 1924 4703; baseline -0.011 -11"><span class='ocrx_word' id='word_1_652' title='bbox 339 4639 591 4697; x_wconf 85' lang='grc' dir='ltr'>ἐταττον,</span> <span class='ocrx_word' id='word_1_653' title='bbox 614 4632 683 4687; x_wconf 82' lang='grc' dir='ltr'>δι’</span> <span class='ocrx_word' id='word_1_654' title='bbox 715 4633 895 4703; x_wconf 87' lang='grc' dir='ltr'>ὅρκων</span> <span class='ocrx_word' id='word_1_655' title='bbox 955 4624 1441 4696; x_wconf 75' lang='grc' dir='ltr'>ἐπαγγελλόμενοι,</span> <span class='ocrx_word' id='word_1_656' title='bbox 1485 4623 1561 4687; x_wconf 82' lang='grc' dir='ltr'><strong>ὡς</strong></span> <span class='ocrx_word' id='word_1_657' title='bbox 1597 4626 1645 4676; x_wconf 82' lang='grc' dir='ltr'><strong>εί</strong></span> <span class='ocrx_word' id='word_1_658' title='bbox 1677 4622 1924 4693; x_wconf 82' lang='grc' dir='ltr'>πεισθείη</span> 
     </span>
    </p>
   </div>
   <div class='ocr_carea' id='block_1_95' title="bbox 338 4713 1927 4795">
    <p class='ocr_par' dir='ltr' id='par_1_95' title="bbox 338 4713 1927 4795">
     <span class='ocr_line' id='line_1_95' title="bbox 338 4713 1927 4795; baseline -0.009 -12"><span class='ocrx_word' id='word_1_659' title='bbox 338 4729 533 4788; x_wconf 78' lang='grc' dir='ltr'>αὐτοῖς</span> <span class='ocrx_word' id='word_1_660' title='bbox 563 4724 695 4795; x_wconf 72' lang='grc' dir='ltr'>περὶ</span> <span class='ocrx_word' id='word_1_661' title='bbox 728 4723 970 4783; x_wconf 85' lang='grc' dir='ltr'>πίστεως</span> <span class='ocrx_word' id='word_1_662' title='bbox 1010 4719 1178 4790; x_wconf 83' lang='grc' dir='ltr'>ὀρθῆς</span> <span class='ocrx_word' id='word_1_663' title='bbox 1239 4716 1389 4786; x_wconf 82' lang='grc' dir='ltr'>αὐτῷ</span> <span class='ocrx_word' id='word_1_664' title='bbox 1441 4713 1927 4784; x_wconf 72' lang='grc' dir='ltr'>συμϐουλεύουσιν,</span> 
     </span>
    </p>
   </div>
   <div class='ocr_carea' id='block_1_96' title="bbox 339 4805 1929 4889">
    <p class='ocr_par' dir='ltr' id='par_1_96' title="bbox 339 4805 1929 4889">
     <span class='ocr_line' id='line_1_96' title="bbox 339 4805 1929 4889; baseline -0.011 -14"><span class='ocrx_word' id='word_1_665' title='bbox 339 4821 439 4875; x_wconf 71' lang='grc' dir='ltr'>καὶ</span> <span class='ocrx_word' id='word_1_666' title='bbox 468 4818 573 4889; x_wconf 79' lang='grc' dir='ltr'>τὴν</span> <span class='ocrx_word' id='word_1_667' title='bbox 620 4814 791 4887; x_wconf 82' lang='grc' dir='ltr'>ρῶσιν</span> <span class='ocrx_word' id='word_1_668' title='bbox 844 4813 1186 4883; x_wconf 85' lang='grc' dir='ltr'>χαρίσονται,</span> <span class='ocrx_word' id='word_1_669' title='bbox 1243 4810 1339 4861; x_wconf 74' lang='grc' dir='ltr'>καὶ</span> <span class='ocrx_word' id='word_1_670' title='bbox 1372 4808 1585 4877; x_wconf 76' lang='grc' dir='ltr'>δωρεάς</span> <span class='ocrx_word' id='word_1_671' title='bbox 1621 4807 1757 4876; x_wconf 79' lang='grc' dir='ltr'>πρὸς</span> <span class='ocrx_word' id='word_1_672' title='bbox 1784 4805 1929 4875; x_wconf 73' lang='grc' dir='ltr'>ζωὴν</span> 
     </span>
    </p>
   </div>
   <div class='ocr_carea' id='block_1_97' title="bbox 342 4898 1930 4976">
    <p class='ocr_par' dir='ltr' id='par_1_97' title="bbox 342 4898 1930 4976">
     <span class='ocr_line' id='line_1_97' title="bbox 342 4898 1930 4976; baseline -0.009 -11"><span class='ocrx_word' id='word_1_673' title='bbox 342 4909 711 4970; x_wconf 84' lang='grc' dir='ltr'>συντελούσας</span> <span class='ocrx_word' id='word_1_674' title='bbox 741 4904 841 4976; x_wconf 78' lang='grc' dir='ltr'>τὴν</span> <span class='ocrx_word' id='word_1_675' title='bbox 879 4902 1162 4973; x_wconf 86' lang='grc' dir='ltr'>παροῦσαν</span> <span class='ocrx_word' id='word_1_676' title='bbox 1197 4898 1544 4970; x_wconf 79' lang='grc' dir='ltr'>παρέξουσιν,</span> <span class='ocrx_word' id='word_1_677' title='bbox 1584 4902 1680 4951; x_wconf 83' lang='grc' dir='ltr'>καὶ</span> <span class='ocrx_word' id='word_1_678' title='bbox 1713 4898 1930 4967; x_wconf 74' lang='grc' dir='ltr'>κλήρων</span> 
     </span>
    </p>
   </div>
   <div class='ocr_carea' id='block_1_98' title="bbox 340 4987 1932 5075">
    <p class='ocr_par' dir='ltr' id='par_1_98' title="bbox 340 4987 1932 5075">
     <span class='ocr_line' id='line_1_98' title="bbox 340 4987 1932 5075; baseline -0.011 -18"><span class='ocrx_word' id='word_1_679' title='bbox 340 5000 641 5075; x_wconf 86' lang='grc' dir='ltr'>ἱερατικῶν</span> <span class='ocrx_word' id='word_1_680' title='bbox 668 4997 993 5062; x_wconf 75' lang='grc' dir='ltr'>ἀξιώσουσιν</span> <span class='ocrx_word' id='word_1_681' title='bbox 1019 5010 1033 5023; x_wconf 73' lang='grc' dir='ltr'><strong>ο</strong></span> <span class='ocrx_word' id='word_1_682' title='bbox 1069 4994 1167 5062; x_wconf 82' lang='grc' dir='ltr'>τῆς</span> <span class='ocrx_word' id='word_1_683' title='bbox 1199 4991 1308 5061; x_wconf 68' lang='grc' dir='ltr'><strong>γὰρ</strong></span> <span class='ocrx_word' id='word_1_684' title='bbox 1342 4989 1629 5043; x_wconf 85' lang='grc' dir='ltr'>Ἰουλιανοῦ</span> <span class='ocrx_word' id='word_1_685' title='bbox 1659 4988 1754 5042; x_wconf 85' lang='grc' dir='ltr'><strong>τοῦ</strong></span> <span class='ocrx_word' id='word_1_686' title='bbox 1784 4987 1932 5040; x_wconf 78' lang='grc' dir='ltr'>Ἀλι-</span> 
     </span>
    </p>
   </div>
   <div class='ocr_carea' id='block_1_99' title="bbox 339 5078 1932 5167">
    <p class='ocr_par' dir='ltr' id='par_1_99' title="bbox 339 5078 1932 5167">
     <span class='ocr_line' id='line_1_99' title="bbox 339 5078 1932 5167; baseline -0.012 -18"><span class='ocrx_word' id='word_1_687' title='bbox 339 5092 699 5167; x_wconf 71' lang='grc' dir='ltr'>καρνασσέως</span> <span class='ocrx_word' id='word_1_688' title='bbox 732 5087 979 5156; x_wconf 78' lang='grc' dir='ltr'>ὑπῆρχεν</span> <span class='ocrx_word' id='word_1_689' title='bbox 1019 5082 1307 5154; x_wconf 79' lang='grc' dir='ltr'>αἱρέσεως.</span> <span class='ocrx_word' id='word_1_690' title='bbox 1342 5082 1399 5135; x_wconf 85' lang='lat'><strong>&#39;0</strong></span> <span class='ocrx_word' id='word_1_691' title='bbox 1420 5080 1477 5132; x_wconf 84' lang='grc' dir='ltr'>δὲ</span> <span class='ocrx_word' id='word_1_692' title='bbox 1525 5079 1730 5133; x_wconf 88' lang='grc' dir='ltr'>τούτων</span> <span class='ocrx_word' id='word_1_693' title='bbox 1760 5078 1932 5131; x_wconf 85' lang='grc' dir='ltr'>ἀπάν-</span> 
     </span>
    </p>
   </div>
   <div class='ocr_carea' id='block_1_100' title="bbox 338 5169 1929 5253">
    <p class='ocr_par' dir='ltr' id='par_1_100' title="bbox 338 5169 1929 5253">
     <span class='ocr_line' id='line_1_100' title="bbox 338 5169 1929 5253; baseline -0.013 -11"><span class='ocrx_word' id='word_1_694' title='bbox 338 5205 455 5241; x_wconf 82' lang='grc' dir='ltr'><strong>των</strong></span> <span class='ocrx_word' id='word_1_695' title='bbox 496 5186 596 5249; x_wconf 81' lang='grc' dir='ltr'>τὰς</span> <span class='ocrx_word' id='word_1_696' title='bbox 652 5182 771 5253; x_wconf 82' lang='grc' dir='ltr'>μεθ’</span> <span class='ocrx_word' id='word_1_697' title='bbox 805 5182 985 5248; x_wconf 84' lang='grc' dir='ltr'>ὅρκων</span> <span class='ocrx_word' id='word_1_698' title='bbox 1031 5175 1365 5244; x_wconf 75' lang='grc' dir='ltr'>ἐπαγγελίας</span> <span class='ocrx_word' id='word_1_699' title='bbox 1407 5171 1730 5241; x_wconf 89' lang='grc' dir='ltr'>πυθόμενος,</span> <span class='ocrx_word' id='word_1_700' title='bbox 1778 5169 1929 5222; x_wconf 77' lang='grc' dir='ltr'>οὐδὲν</span> 
     </span>
    </p>
   </div>
   <div class='ocr_carea' id='block_1_101' title="bbox 339 5260 1936 5347">
    <p class='ocr_par' dir='ltr' id='par_1_101' title="bbox 339 5260 1936 5347">
     <span class='ocr_line' id='line_1_101' title="bbox 339 5260 1936 5347; baseline -0.013 -16"><span class='ocrx_word' id='word_1_701' title='bbox 339 5273 508 5347; x_wconf 72' lang='grc' dir='ltr'>ἦττον</span> <span class='ocrx_word' id='word_1_702' title='bbox 533 5271 768 5342; x_wconf 81' lang='grc' dir='ltr'>ἀπειθὴς</span> <span class='ocrx_word' id='word_1_703' title='bbox 795 5269 888 5323; x_wconf 71' lang='grc' dir='ltr'>καὶ</span> <span class='ocrx_word' id='word_1_704' title='bbox 919 5265 1252 5336; x_wconf 77' lang='grc' dir='ltr'>ἀμετάθετος</span> <span class='ocrx_word' id='word_1_705' title='bbox 1281 5263 1688 5334; x_wconf 77' lang='grc' dir='ltr'>ἔμεινεν.⁶’0οεν</span> <span class='ocrx_word' id='word_1_706' title='bbox 1713 5262 1761 5313; x_wconf 79' lang='grc' dir='ltr'>οἱ</span> <span class='ocrx_word' id='word_1_707' title='bbox 1794 5260 1936 5330; x_wconf 83' lang='grc' dir='ltr'>μάρ-</span> 
     </span>
    </p>
   </div>
   <div class='ocr_carea' id='block_1_102' title="bbox 341 5355 1939 5439">
    <p class='ocr_par' dir='ltr' id='par_1_102' title="bbox 341 5355 1939 5439">
     <span class='ocr_line' id='line_1_102' title="bbox 341 5355 1939 5439; baseline -0.012 -17"><span class='ocrx_word' id='word_1_708' title='bbox 341 5386 511 5439; x_wconf 88' lang='grc' dir='ltr'>τυρες</span> <span class='ocrx_word' id='word_1_709' title='bbox 554 5366 631 5429; x_wconf 85' lang='grc' dir='ltr'>ὼς</span> <span class='ocrx_word' id='word_1_710' title='bbox 660 5365 840 5433; x_wconf 86' lang='grc' dir='ltr'>λόγοις</span> <span class='ocrx_word' id='word_1_711' title='bbox 890 5360 1055 5414; x_wconf 76' lang='grc' dir='ltr'>αὑτὸν</span> <span class='ocrx_word' id='word_1_712' title='bbox 1086 5360 1186 5412; x_wconf 73' lang='grc' dir='ltr'>οὐκ</span> <span class='ocrx_word' id='word_1_713' title='bbox 1228 5356 1445 5409; x_wconf 74' lang='grc' dir='ltr'>ἔπειθον</span> <span class='ocrx_word' id='word_1_714' title='bbox 1474 5355 1769 5425; x_wconf 84' lang='grc' dir='ltr'>χρώμενοι,</span> <span class='ocrx_word' id='word_1_715' title='bbox 1815 5356 1939 5416; x_wconf 81' lang='grc' dir='ltr'>ταῖς</span> 
     </span>
    </p>
   </div>
   <div class='ocr_carea' id='block_1_103' title="bbox 341 5444 1930 5531">
    <p class='ocr_par' dir='ltr' id='par_1_103' title="bbox 341 5444 1930 5531">
     <span class='ocr_line' id='line_1_103' title="bbox 341 5444 1930 5531; baseline -0.009 -19"><span class='ocrx_word' id='word_1_716' title='bbox 341 5464 449 5531; x_wconf 72' lang='grc' dir='ltr'>τῆς</span> <span class='ocrx_word' id='word_1_717' title='bbox 481 5458 770 5519; x_wconf 85' lang='grc' dir='ltr'>ἀσθενείας</span> <span class='ocrx_word' id='word_1_718' title='bbox 794 5454 1089 5525; x_wconf 75' lang='grc' dir='ltr'>ἐπείραζον</span> <span class='ocrx_word' id='word_1_719' title='bbox 1121 5450 1375 5519; x_wconf 74' lang='grc' dir='ltr'>μάστιξιν</span> <span class='ocrx_word' id='word_1_720' title='bbox 1400 5465 1414 5479; x_wconf 77' lang='grc'><strong><em>⁸</em></strong></span> <span class='ocrx_word' id='word_1_721' title='bbox 1441 5449 1517 5510; x_wconf 84' lang='grc' dir='ltr'>ὡς</span> <span class='ocrx_word' id='word_1_722' title='bbox 1537 5448 1595 5500; x_wconf 85' lang='grc' dir='ltr'>δὲ</span> <span class='ocrx_word' id='word_1_723' title='bbox 1633 5447 1756 5516; x_wconf 85' lang='grc' dir='ltr'>μηδ’</span> <span class='ocrx_word' id='word_1_724' title='bbox 1784 5444 1930 5499; x_wconf 75' lang='grc' dir='ltr'>οὕτω</span> 
     </span>
    </p>
   </div>
   <div class='ocr_carea' id='block_1_104' title="bbox 344 5538 1928 5621">
    <p class='ocr_par' dir='ltr' id='par_1_104' title="bbox 344 5538 1928 5621">
     <span class='ocr_line' id='line_1_104' title="bbox 344 5538 1928 5621; baseline -0.011 -15"><span class='ocrx_word' id='word_1_725' title='bbox 344 5552 441 5606; x_wconf 81' lang='grc' dir='ltr'>τὸν</span> <span class='ocrx_word' id='word_1_726' title='bbox 489 5550 780 5621; x_wconf 83' lang='grc' dir='ltr'>ἄνθρωπον</span> <span class='ocrx_word' id='word_1_727' title='bbox 829 5544 1078 5607; x_wconf 74' lang='grc' dir='ltr'>ἔπεισαν,</span> <span class='ocrx_word' id='word_1_728' title='bbox 1134 5540 1302 5606; x_wconf 76' lang='grc' dir='ltr'>δείξαι</span> <span class='ocrx_word' id='word_1_729' title='bbox 1362 5538 1686 5601; x_wconf 76' lang='grc' dir='ltr'>θεσπίζουσι</span> <span class='ocrx_word' id='word_1_730' title='bbox 1723 5538 1822 5608; x_wconf 83' lang='grc' dir='ltr'>τῆς</span> <span class='ocrx_word' id='word_1_731' title='bbox 1852 5539 1928 5589; x_wconf 86' lang='grc' dir='ltr'><strong>οἰ-</strong></span> 
     </span>
    </p>
   </div>
   <div class='ocr_carea' id='block_1_105' title="bbox 348 5627 1931 5705">
    <p class='ocr_par' dir='ltr' id='par_1_105' title="bbox 348 5627 1931 5705">
     <span class='ocr_line' id='line_1_105' title="bbox 348 5627 1931 5705; baseline -0.01 -10"><span class='ocrx_word' id='word_1_732' title='bbox 348 5641 506 5704; x_wconf 83' lang='grc' dir='ltr'>κείας</span> <span class='ocrx_word' id='word_1_733' title='bbox 559 5638 841 5700; x_wconf 84' lang='grc' dir='ltr'>ἀσθενείας</span> <span class='ocrx_word' id='word_1_734' title='bbox 888 5637 949 5688; x_wconf 79' lang='grc' dir='ltr'>τὸ</span> <span class='ocrx_word' id='word_1_735' title='bbox 1010 5631 1263 5705; x_wconf 71' lang='grc' dir='ltr'>μεγέθος,</span> <span class='ocrx_word' id='word_1_736' title='bbox 1328 5632 1415 5684; x_wconf 82' lang='grc' dir='ltr'>ἵνα</span> <span class='ocrx_word' id='word_1_737' title='bbox 1475 5630 1569 5683; x_wconf 72' lang='grc' dir='ltr'>καὶ</span> <span class='ocrx_word' id='word_1_738' title='bbox 1623 5628 1766 5681; x_wconf 77' lang='grc' dir='ltr'>οὕτω</span> <span class='ocrx_word' id='word_1_739' title='bbox 1820 5627 1931 5680; x_wconf 82' lang='grc' dir='ltr'>δει-</span> 
     </span>
    </p>
   </div>
   <div class='ocr_carea' id='block_1_106' title="bbox 348 5719 1932 5802">
    <p class='ocr_par' dir='ltr' id='par_1_106' title="bbox 348 5719 1932 5802">
     <span class='ocr_line' id='line_1_106' title="bbox 348 5719 1932 5802; baseline -0.01 -18"><span class='ocrx_word' id='word_1_740' title='bbox 348 5733 547 5794; x_wconf 76' lang='grc' dir='ltr'>λιάσας</span> <span class='ocrx_word' id='word_1_741' title='bbox 596 5731 663 5784; x_wconf 69' lang='grc' dir='ltr'>τὰ</span> <span class='ocrx_word' id='word_1_742' title='bbox 729 5730 993 5802; x_wconf 74' lang='grc' dir='ltr'>μέλλοντα</span> <span class='ocrx_word' id='word_1_743' title='bbox 1029 5769 1041 5791; x_wconf 93' lang='grc'><strong>,</strong></span> <span class='ocrx_word' id='word_1_744' title='bbox 1097 5723 1375 5793; x_wconf 76' lang='grc' dir='ltr'>πειθήνιον</span> <span class='ocrx_word' id='word_1_745' title='bbox 1435 5719 1631 5775; x_wconf 73' lang='grc' dir='ltr'>ἑαυτὸν</span> <span class='ocrx_word' id='word_1_746' title='bbox 1684 5719 1932 5789; x_wconf 72' lang='grc' dir='ltr'>άπεργὰ-</span> 
     </span>
    </p>
   </div>
   <div class='ocr_carea' id='block_1_107' title="bbox 352 5842 519 5880">
    <p class='ocr_par' dir='ltr' id='par_1_107' title="bbox 352 5842 519 5880">
     <span class='ocr_line' id='line_1_107' title="bbox 352 5842 519 5880; baseline 0 -1"><span class='ocrx_word' id='word_1_747' title='bbox 352 5842 519 5880; x_wconf 63' lang='grc' dir='ltr'>επιτο-</span> 
     </span>
    </p>
   </div>
   <div class='ocr_carea' id='block_1_108' title="bbox 2032 4628 3598 4702">
    <p class='ocr_par' dir='ltr' id='par_1_108' title="bbox 2032 4628 3598 4702">
     <span class='ocr_line' id='line_1_108' title="bbox 2032 4628 3598 4702; baseline -0.004 -13"><span class='ocrx_word' id='word_1_748' title='bbox 2032 4636 2313 4698; x_wconf 55' lang='lat' dir='ltr'><strong>Ecclesiae,</strong></span> <span class='ocrx_word' id='word_1_749' title='bbox 2358 4632 2721 4702; x_wconf 80' lang='lat' dir='ltr'><strong>jurejurando</strong></span> <span class='ocrx_word' id='word_1_750' title='bbox 2768 4648 2827 4687; x_wconf 86' lang='lat' dir='ltr'><strong>se</strong></span> <span class='ocrx_word' id='word_1_751' title='bbox 2854 4631 3196 4700; x_wconf 86' lang='lat' dir='ltr'><strong>pollicentes,</strong></span> <span class='ocrx_word' id='word_1_752' title='bbox 3225 4630 3268 4684; x_wconf 92' lang='lat' dir='ltr'><strong>si</strong></span> <span class='ocrx_word' id='word_1_753' title='bbox 3320 4628 3421 4683; x_wconf 89' lang='lat' dir='ltr'><strong>sibi</strong></span> <span class='ocrx_word' id='word_1_754' title='bbox 3472 4628 3598 4683; x_wconf 86' lang='lat' dir='ltr'><strong>obe-</strong></span> 
     </span>
    </p>
   </div>
   <div class='ocr_carea' id='block_1_109' title="bbox 2031 4720 3601 4785">
    <p class='ocr_par' dir='ltr' id='par_1_109' title="bbox 2031 4720 3601 4785">
     <span class='ocr_line' id='line_1_109' title="bbox 2031 4720 3601 4785; baseline -0.004 -5"><span class='ocrx_word' id='word_1_755' title='bbox 2031 4728 2203 4781; x_wconf 87' lang='lat' dir='ltr'><strong>disset</strong></span> <span class='ocrx_word' id='word_1_756' title='bbox 2251 4725 2319 4780; x_wconf 93' lang='lat' dir='ltr'><strong>de</strong></span> <span class='ocrx_word' id='word_1_757' title='bbox 2351 4724 2454 4779; x_wconf 82' lang='lat' dir='ltr'><strong>fide</strong></span> <span class='ocrx_word' id='word_1_758' title='bbox 2504 4735 2653 4778; x_wconf 83' lang='lat' dir='ltr'><strong>reeta</strong></span> <span class='ocrx_word' id='word_1_759' title='bbox 2677 4723 2727 4777; x_wconf 89' lang='lat' dir='ltr'><strong>ei</strong></span> <span class='ocrx_word' id='word_1_760' title='bbox 2779 4722 3070 4777; x_wconf 88' lang='lat' dir='ltr'><strong>consilium</strong></span> <span class='ocrx_word' id='word_1_761' title='bbox 3122 4720 3505 4785; x_wconf 87' lang='lat' dir='ltr'><strong>tribuentibus,</strong></span> <span class='ocrx_word' id='word_1_762' title='bbox 3549 4731 3601 4773; x_wconf 90' lang='lat' dir='ltr'><strong>et</strong></span> 
     </span>
    </p>
   </div>
   <div class='ocr_carea' id='block_1_110' title="bbox 2033 4810 3597 4878">
    <p class='ocr_par' dir='ltr' id='par_1_110' title="bbox 2033 4810 3597 4878">
     <span class='ocr_line' id='line_1_110' title="bbox 2033 4810 3597 4878; baseline -0.005 -10"><span class='ocrx_word' id='word_1_763' title='bbox 2033 4816 2321 4870; x_wconf 83' lang='lat' dir='ltr'><strong>sanitatem</strong></span> <span class='ocrx_word' id='word_1_764' title='bbox 2372 4814 2447 4866; x_wconf 90' lang='lat' dir='ltr'><strong>illi</strong></span> <span class='ocrx_word' id='word_1_765' title='bbox 2488 4813 2812 4875; x_wconf 88' lang='lat' dir='ltr'><strong>donaturos,</strong></span> <span class='ocrx_word' id='word_1_766' title='bbox 2847 4820 2899 4865; x_wconf 87' lang='lat' dir='ltr'><strong>et</strong></span> <span class='ocrx_word' id='word_1_767' title='bbox 2940 4810 3264 4865; x_wconf 86' lang='lat' dir='ltr'><strong>donationes</strong></span> <span class='ocrx_word' id='word_1_768' title='bbox 3298 4810 3420 4861; x_wconf 75' lang='lat' dir='ltr'><strong>vitae</strong></span> <span class='ocrx_word' id='word_1_769' title='bbox 3460 4823 3597 4878; x_wconf 66' lang='lat' dir='ltr'><strong>prae-</strong></span> 
     </span>
    </p>
   </div>
   <div class='ocr_carea' id='block_1_111' title="bbox 2035 4901 3599 4976">
    <p class='ocr_par' dir='ltr' id='par_1_111' title="bbox 2035 4901 3599 4976">
     <span class='ocr_line' id='line_1_111' title="bbox 2035 4901 3599 4976; baseline -0.007 -15"><span class='ocrx_word' id='word_1_770' title='bbox 2035 4907 2208 4961; x_wconf 84' lang='lat' dir='ltr'><strong>sentis</strong></span> <span class='ocrx_word' id='word_1_771' title='bbox 2253 4919 2526 4976; x_wconf 81' lang='lat' dir='ltr'><strong>congruas</strong></span> <span class='ocrx_word' id='word_1_772' title='bbox 2572 4906 2934 4972; x_wconf 68' lang='lat' dir='ltr'><strong>praestituros,</strong></span> <span class='ocrx_word' id='word_1_773' title='bbox 2966 4909 3020 4956; x_wconf 92' lang='lat' dir='ltr'><strong>et</strong></span> <span class='ocrx_word' id='word_1_774' title='bbox 3044 4917 3165 4956; x_wconf 91' lang='lat' dir='ltr'><strong>eum</strong></span> <span class='ocrx_word' id='word_1_775' title='bbox 3200 4902 3349 4954; x_wconf 89' lang='lat' dir='ltr'><strong>clero</strong></span> <span class='ocrx_word' id='word_1_776' title='bbox 3380 4901 3599 4970; x_wconf 80' lang='lat' dir='ltr'><strong>dignum</strong></span> 
     </span>
    </p>
   </div>
   <div class='ocr_carea' id='block_1_112' title="bbox 2039 4989 3615 5060">
    <p class='ocr_par' dir='ltr' id='par_1_112' title="bbox 2039 4989 3615 5060">
     <span class='ocr_line' id='line_1_112' title="bbox 2039 4989 3615 5060; baseline -0.008 -10"><span class='ocrx_word' id='word_1_777' title='bbox 2039 5010 2200 5051; x_wconf 89' lang='lat' dir='ltr'><strong>sacro</strong></span> <span class='ocrx_word' id='word_1_778' title='bbox 2225 4994 2469 5048; x_wconf 86' lang='lat' dir='ltr'><strong>facturos</strong></span> <span class='ocrx_word' id='word_1_779' title='bbox 2506 5009 2523 5059; x_wconf 86' lang='lat'><strong>;</strong></span> <span class='ocrx_word' id='word_1_780' title='bbox 2572 4990 2775 5046; x_wconf 76' lang='lat' dir='ltr'><strong>Juliani</strong></span> <span class='ocrx_word' id='word_1_781' title='bbox 2817 4992 3017 5060; x_wconf 89' lang='lat' dir='ltr'><strong>quippe</strong></span> <span class='ocrx_word' id='word_1_782' title='bbox 3046 4989 3615 5045; x_wconf 63' lang='lat' dir='ltr'><strong>llalicarnasseowrat</strong></span> 
     </span>
    </p>
   </div>
   <div class='ocr_carea' id='block_1_113' title="bbox 2038 5076 3601 5149">
    <p class='ocr_par' dir='ltr' id='par_1_113' title="bbox 2038 5076 3601 5149">
     <span class='ocr_line' id='line_1_113' title="bbox 2038 5076 3601 5149; baseline -0.006 -10"><span class='ocrx_word' id='word_1_783' title='bbox 2038 5087 2330 5140; x_wconf 69' lang='lat' dir='ltr'><strong>haereseos.</strong></span> <span class='ocrx_word' id='word_1_784' title='bbox 2362 5085 2431 5137; x_wconf 77' lang='lat' dir='ltr'><strong>At</strong></span> <span class='ocrx_word' id='word_1_785' title='bbox 2458 5083 2549 5136; x_wconf 90' lang='lat' dir='ltr'><strong>illc</strong></span> <span class='ocrx_word' id='word_1_786' title='bbox 2579 5082 2773 5135; x_wconf 87' lang='lat' dir='ltr'><strong>horum</strong></span> <span class='ocrx_word' id='word_1_787' title='bbox 2802 5081 3045 5135; x_wconf 86' lang='lat' dir='ltr'><strong>omnium</strong></span> <span class='ocrx_word' id='word_1_788' title='bbox 3085 5076 3601 5149; x_wconf 85' lang='lat' dir='ltr'><strong>repromissionibus</strong></span> 
     </span>
    </p>
   </div>
   <div class='ocr_carea' id='block_1_114' title="bbox 2037 5168 3600 5246">
    <p class='ocr_par' dir='ltr' id='par_1_114' title="bbox 2037 5168 3600 5246">
     <span class='ocr_line' id='line_1_114' title="bbox 2037 5168 3600 5246; baseline -0.006 -14"><span class='ocrx_word' id='word_1_789' title='bbox 2037 5193 2162 5233; x_wconf 86' lang='lat' dir='ltr'><strong>cum</strong></span> <span class='ocrx_word' id='word_1_790' title='bbox 2210 5176 2539 5246; x_wconf 87' lang='lat' dir='ltr'><strong>jnramentis</strong></span> <span class='ocrx_word' id='word_1_791' title='bbox 2585 5173 2808 5235; x_wconf 82' lang='lat' dir='ltr'><strong>auditis,</strong></span> <span class='ocrx_word' id='word_1_792' title='bbox 2847 5171 3202 5226; x_wconf 89' lang='lat' dir='ltr'><strong>nihilominus</strong></span> <span class='ocrx_word' id='word_1_793' title='bbox 3249 5168 3600 5225; x_wconf 82' lang='lat' dir='ltr'><strong>incurvabilis</strong></span> 
     </span>
    </p>
   </div>
   <div class='ocr_carea' id='block_1_115' title="bbox 2035 5260 3600 5333">
    <p class='ocr_par' dir='ltr' id='par_1_115' title="bbox 2035 5260 3600 5333">
     <span class='ocr_line' id='line_1_115' title="bbox 2035 5260 3600 5333; baseline -0.009 -7"><span class='ocrx_word' id='word_1_794' title='bbox 2035 5277 2091 5326; x_wconf 90' lang='lat' dir='ltr'><strong>et</strong></span> <span class='ocrx_word' id='word_1_795' title='bbox 2121 5268 2476 5324; x_wconf 80' lang='lat' dir='ltr'><strong>immutabilis</strong></span> <span class='ocrx_word' id='word_1_796' title='bbox 2519 5267 2743 5321; x_wconf 84' lang='lat' dir='ltr'><strong>mansit.</strong></span> <span class='ocrx_word' id='word_1_797' title='bbox 2786 5263 2939 5319; x_wconf 82' lang='lat' dir='ltr'><strong>Unde</strong></span> <span class='ocrx_word' id='word_1_798' title='bbox 2987 5273 3250 5333; x_wconf 83' lang='lat' dir='ltr'><strong>martyres</strong></span> <span class='ocrx_word' id='word_1_799' title='bbox 3276 5276 3401 5316; x_wconf 91' lang='lat' dir='ltr'><strong>cum</strong></span> <span class='ocrx_word' id='word_1_800' title='bbox 3438 5260 3600 5313; x_wconf 83' lang='lat' dir='ltr'><strong>nullis</strong></span> 
     </span>
    </p>
   </div>
   <div class='ocr_carea' id='block_1_116' title="bbox 2039 5352 3604 5421">
    <p class='ocr_par' dir='ltr' id='par_1_116' title="bbox 2039 5352 3604 5421">
     <span class='ocr_line' id='line_1_116' title="bbox 2039 5352 3604 5421; baseline -0.008 -5"><span class='ocrx_word' id='word_1_801' title='bbox 2039 5361 2388 5416; x_wconf 90' lang='lat' dir='ltr'><strong>sermonibus</strong></span> <span class='ocrx_word' id='word_1_802' title='bbox 2471 5358 2809 5413; x_wconf 73' lang='lat' dir='ltr'><strong>inflexisseut</strong></span> <span class='ocrx_word' id='word_1_803' title='bbox 2853 5397 2867 5421; x_wconf 89' lang='lat'><strong>,</strong></span> <span class='ocrx_word' id='word_1_804' title='bbox 2935 5354 3249 5409; x_wconf 84' lang='lat' dir='ltr'><strong>verberibus</strong></span> <span class='ocrx_word' id='word_1_805' title='bbox 3327 5352 3604 5406; x_wconf 72' lang='lat' dir='ltr'><strong>tentabant</strong></span> 
     </span>
    </p>
   </div>
   <div class='ocr_carea' id='block_1_117' title="bbox 2042 5443 3599 5506">
    <p class='ocr_par' dir='ltr' id='par_1_117' title="bbox 2042 5443 3599 5506">
     <span class='ocr_line' id='line_1_117' title="bbox 2042 5443 3599 5506; baseline -0.008 -1"><span class='ocrx_word' id='word_1_806' title='bbox 2042 5449 2402 5506; x_wconf 79' lang='lat' dir='ltr'><strong>infirmitatis.</strong></span> <span class='ocrx_word' id='word_1_807' title='bbox 2428 5448 2565 5502; x_wconf 90' lang='lat' dir='ltr'><strong>Cum</strong></span> <span class='ocrx_word' id='word_1_808' title='bbox 2603 5456 2785 5501; x_wconf 90' lang='lat' dir='ltr'><strong>autem</strong></span> <span class='ocrx_word' id='word_1_809' title='bbox 2813 5463 2912 5499; x_wconf 88' lang='lat' dir='ltr'><strong>nec</strong></span> <span class='ocrx_word' id='word_1_810' title='bbox 2950 5445 3028 5498; x_wconf 76' lang='lat' dir='ltr'><strong>sic</strong></span> <span class='ocrx_word' id='word_1_811' title='bbox 3056 5445 3311 5499; x_wconf 85' lang='lat' dir='ltr'><strong>fecissent</strong></span> <span class='ocrx_word' id='word_1_812' title='bbox 3335 5443 3599 5496; x_wconf 88' lang='lat' dir='ltr'><strong>hominem</strong></span> 
     </span>
    </p>
   </div>
   <div class='ocr_carea' id='block_1_118' title="bbox 2038 5532 3606 5612">
    <p class='ocr_par' dir='ltr' id='par_1_118' title="bbox 2038 5532 3606 5612">
     <span class='ocr_line' id='line_1_118' title="bbox 2038 5532 3606 5612; baseline -0.007 -16"><span class='ocrx_word' id='word_1_813' title='bbox 2038 5543 2463 5612; x_wconf 83' lang='lat' dir='ltr'><strong>conquiescere,</strong></span> <span class='ocrx_word' id='word_1_814' title='bbox 2513 5537 2889 5593; x_wconf 81' lang='lat' dir='ltr'><strong>demonstrare</strong></span> <span class='ocrx_word' id='word_1_815' title='bbox 2945 5537 3245 5589; x_wconf 86' lang='lat' dir='ltr'><strong>decernunt</strong></span> <span class='ocrx_word' id='word_1_816' title='bbox 3280 5532 3606 5588; x_wconf 75' lang='lat' dir='ltr'><strong>inﬁrmitatis</strong></span> 
     </span>
    </p>
   </div>
   <div class='ocr_carea' id='block_1_119' title="bbox 2043 5627 3602 5702">
    <p class='ocr_par' dir='ltr' id='par_1_119' title="bbox 2043 5627 3602 5702">
     <span class='ocr_line' id='line_1_119' title="bbox 2043 5627 3602 5702; baseline -0.009 -15"><span class='ocrx_word' id='word_1_817' title='bbox 2043 5635 2274 5702; x_wconf 74' lang='lat' dir='ltr'><strong>propria:</strong></span> <span class='ocrx_word' id='word_1_818' title='bbox 2302 5630 2828 5699; x_wconf 76' lang='lat' dir='ltr'><strong>magnitudinem,ut</strong></span> <span class='ocrx_word' id='word_1_819' title='bbox 2854 5627 2932 5680; x_wconf 78' lang='lat' dir='ltr'><strong>vel</strong></span> <span class='ocrx_word' id='word_1_820' title='bbox 2964 5628 3041 5681; x_wconf 85' lang='lat' dir='ltr'><strong>sic</strong></span> <span class='ocrx_word' id='word_1_821' title='bbox 3074 5628 3252 5681; x_wconf 84' lang='lat' dir='ltr'><strong>futura</strong></span> <span class='ocrx_word' id='word_1_822' title='bbox 3283 5639 3602 5695; x_wconf 57' lang='lat' dir='ltr'><strong>pavescens,</strong></span> 
     </span>
    </p>
   </div>
   <div class='ocr_carea' id='block_1_120' title="bbox 2045 5719 2921 5783">
    <p class='ocr_par' dir='ltr' id='par_1_120' title="bbox 2045 5719 2921 5783">
     <span class='ocr_line' id='line_1_120' title="bbox 2045 5719 2921 5783; baseline -0.019 1"><span class='ocrx_word' id='word_1_823' title='bbox 2045 5734 2214 5783; x_wconf 72' lang='lat' dir='ltr'><strong>bt‘llll&#39;l</strong></span> <span class='ocrx_word' id='word_1_824' title='bbox 2246 5722 2524 5777; x_wconf 73' lang='lat' dir='ltr'><strong>exhiberet</strong></span> <span class='ocrx_word' id='word_1_825' title='bbox 2557 5719 2921 5775; x_wconf 76' lang='lat' dir='ltr'><strong>obedientem.</strong></span> 
     </span>
    </p>
   </div>
  </div>
