4294 6442
774 322 906 386 3551

1649 334 1709 390 S.
1751 333 2162 394 SOPHRONII
2205 338 2707 397 PATillARlllLE
2749 341 3143 404 lllEROSl)l..

3886 350 4018 409 3359

847 432 910 482 Et
967 442 1287 497 apparentes
1349 436 1506 485 ambo
1539 449 1632 500 per
1680 437 1852 488 visum
1902 439 1952 491 iu
2009 441 2343 493 domicilium
2377 447 2416 500 Α
2520 444 2543 493 11

2321 457 2343 493 ιι
2377 447 2416 500 Α
2520 444 2630 494 Καὶ
2665 446 2923 511 φανέντες
2949 449 3028 508 είς
3057 448 3191 516 ὄναρ
3212 450 3536 518 ἀμφότεροι,
3587 453 3664 514 εἰς
3690 453 3749 505 τὸ
3777 454 3868 506 τοῦ
3892 458 4017 509 ναοῦ

777 522 1060 588 imponunt
1111 523 1316 591 templi,
1351 539 1408 576 se
1462 528 1614 592 sequi
1667 528 2062 594 prmeipientes,
2100 539 2151 581 et
2186 531 2339 597 juxta

775 611 1142 664 summitatem
1177 612 1410 666 domatis
1443 622 1766 681 statuentes,
1805 633 1954 672 mare
1988 622 2338 690 tranquillum

778 699 978 753 factum
1025 702 1424 768 monstrabant,
1461 701 1516 758 et
1567 707 1612 758 si
1637 706 1799 772 lmjus
1825 718 2009 776 posset
2054 726 2343 766 numerare

775 789 988 852 fluctus,
1029 790 1454 859 interrogabant.
1504 793 1573 844 At
1613 794 1722 858 ille,
1754 796 1940 860 etiam,
1989 797 2152 850 nimis
2186 798 2344 854 facile

775 880 1140 948 respondebat
1177 898 1191 947 ;
1241 889 1295 935 et
1324 891 1591 952 martyres
1617 900 1905 940 numerare
1937 889 2339 958 prmeipiebaut.

772 969 1018 1039 Cumque
1051 971 1140 1025 ille
1171 987 1461 1028 numerare
1490 975 1768 1043 empisset,
1798 985 1852 1031 et
1885 995 2143 1034 numeros
2181 982 2339 1036 sicuti

773 1064 827 1110 et
865 1056 1061 1112 fluctus
1116 1075 1408 1129 parumper
1449 1062 1713 1130 ediceret,
1762 1074 1815 1120 et
1846 1067 1920 1120 illi
1953 1082 1983 1121 e
2014 1078 2203 1123 contra
2234 1072 2342 1124 fre.-

775 1147 1087 1213 quentiures
1130 1150 1388 1215 paulatim
1427 1151 1626 1217 effecti,
1660 1161 1714 1205 et
1747 1170 1938 1211 rursus
1970 1159 2131 1226 Spissi
2169 1170 2222 1213 et
2266 1163 2345 1214 al-

775 1238 972 1290 ter-nati
1004 1236 1068 1290 ad
1104 1237 1251 1307 ripas
1291 1240 1657 1308 illiderentnr,
1695 1243 2042 1301 Theodorum
2067 1251 2159 1318 qui
2185 1267 2342 1320 posse

775 1341 834 1379 se
881 1343 1169 1382 numerare
1198 1331 1433 1391 dicebat.
1481 1337 1851 1402 potentialiter
1899 1343 2248 1407 superabant,
2291 1354 2343 1399 et

777 1431 836 1478 se
867 1433 991 1472 esse
1031 1429 1346 1487 superatum
1385 1422 1540 1477 fateri
1589 1427 1877 1494 cogebant.
1922 1430 2024 1493 Qui
2078 1433 2339 1489 fluctuum

777 1508 953 1561 victus
985 1508 1309 1578 frequentia,
1330 1512 1530 1569 cadens
1560 1516 1612 1568 in
1642 1517 1830 1570 faciem
1861 1528 1912 1572 et
1950 1535 2055 1572 non
2090 1537 2251 1586 posse
2285 1541 2342 1580 se

780 1597 1526 1669 pcrhihens,.indulgentiam
1571 1607 1890 1673 expetebat.
1935 1611 2004 1662 At
2036 1611 2109 1662 illi
2155 1621 2341 1667 erecto

772 1696 859 1744 eo,
905 1683 1052 1740 vides
1093 1687 1244 1738 aiunt
1283 1687 1597 1758 frequentes
1643 1696 1779 1746 istos
1821 1703 1874 1747 et
1914 1697 2338 1754 innumerabiles

2442 529 2714 600 δωμάτιον
2737 534 3094 601 ἀναφέρουσιν
3112 539 3423 592 ἀκολουθεῖν
3440 541 3620 602 αὐτοῖς
3644 543 4015 608 διατάξαντες.

2443 622 2538 673 καὶ
2562 624 2696 692 πρὸς
2719 625 2776 675 τὸ
2798 626 2965 692 ἀκρον
3016 628 3106 680 τοῦ
3138 631 3386 699 δώματος
3442 633 3762 701 στήσαντες,
3795 637 3892 700 τὴν
3918 636 4013 688 θά-

2440 709 2641 762 λατταν
2667 712 3012 782 γαληνιῶσαν
3048 717 3337 770 ἐδείκνυον·
3360 720 3456 770 καὶ
3478 723 3524 771 εἰ
3550 724 3775 789 μετρεῖν
3803 723 4018 776 δύναιτο

2440 799 2508 851 τὰ
2539 801 2739 869 ταύτης
2775 804 3135 858 ἐπυνθάνοντο
3177 807 3416 876 κύματα.
3444 809 3503 862 '0
3523 811 3580 862 δὲ
3609 810 3728 862 λίαν
3755 813 4015 880 εὐμαρῶς

2445 894 2665 959 μετρεῖν
2696 893 3042 962 ἀπεκρίνατο.
3107 898 3217 949 Καὶ
3257 901 3475 969 μετρεῖν
3512 901 3562 951 οἱ
3591 892 3868 971 μάρτυρες
3897 903 4014 955 ἕλε-

2442 995 2558 1046 γον.
2586 980 2916 1051 Ἀρξαμένου
2947 983 3003 1037 δὲ
3043 986 3209 1038 αύτοῦ
3238 988 3336 1056 τῆς
3367 989 3707 1059 μετρήσεως,
3740 993 3834 1043 καὶ
3887 995 4015 1056 τοὺς

2442 1067 2706 1137 ἀριθμοὺς
2734 1072 3036 1139 ἀνειμένως
3067 1074 3141 1136 ὡς
3175 1076 3241 1128 τὰ
3269 1077 3491 1146 κύματα
3528 1078 3778 1146 λέγοντος
3808 1083 4015 1134 πυκνό-

2441 1173 2573 1225 τερα
2603 1158 2775 1210 ταῦτα
2808 1165 2928 1214 κατ’
2955 1163 3134 1230 ὀλίγον
3161 1165 3482 1235 γιγνόμενα,
3520 1169 3616 1221 καὶ
3643 1168 3809 1220 πάλιν
3846 1172 4014 1239 συχνὰ

2442 1247 2537 1298 καὶ
2564 1249 2837 1317 ἐπάλληλα
2867 1254 2976 1312 τοῖς
2999 1252 3227 1304 εἰσιοῦσι
3263 1256 3694 1324 προσπίπτοντα,
3714 1259 3850 1310 κατά
3882 1261 4014 1328 κρά-

2441 1353 2529 1395 τος
2551 1338 2743 1390 ἐνίκων
2777 1341 2867 1392 τὸν
2893 1341 3150 1395 δύνασθαι
3172 1348 3393 1413 μετρεῖν
3422 1348 3684 1415 εἰρηκότα
3718 1349 4012 1417 Θεόδωρον,

2443 1427 2535 1477 καὶ
2557 1427 2654 1495 τὴν
2675 1423 2844 1496 ἧτταν
2885 1432 3164 1499 ὁμολογεῖν
3195 1436 3626 1502 κατηνάγκαζον.
3656 1439 3752 1500 Ὃς
3776 1439 4015 1506 νικηθεὶς

2440 1518 2506 1584 τῇ
2533 1515 2642 1568 τῶν
2669 1520 2930 1583 κυμάτων
2972 1523 3282 1591 συχνότητι,
3338 1524 3522 1577 πεσὼν
3579 1527 3670 1578 ἐπὶ
3725 1530 4014 1596 πρόσωπον

2442 1606 2534 1656 καὶ
2550 1605 2720 1670 λέγων
2735 1608 2808 1676 μὴ
2821 1608 3101 1672 δύνασθαι,
3126 1612 3260 1680 πρὸς
3279 1613 3384 1664 τῶν
3400 1615 3569 1673 ἀγίων
3587 1615 3703 1684 ᾔτει
3729 1618 4011 1686 συγχώρη-

2444 1709 2548 1745 σιν.
2581 1697 2643 1745 Οί
2682 1696 2738 1747 δὲ
2768 1697 2956 1750 τοῦτον
2977 1701 3305 1769 ἐγείραντες,
3327 1702 3512 1773 Ὁρᾷς,
3538 1705 3777 1772 λέγουσι,
3796 1709 3862 1758 τὰ
3894 1724 4013 1758 συν-

771 1771 969 1828 fluctus
989 1775 1129 1841 ?Qui
1153 1780 1247 1837 ait.
1266 1781 1450 1843 etiam,
1468 1782 1843 1851 gloriosissimi
1870 1798 2154 1856 martyres.
2189 1790 2342 1847 Tunc
2377 1760 2417 1813 Β
2445 1797 2467 1830 ε

2313 1807 2342 1847 c
2377 1760 2417 1813 Β
2445 1781 2544 1848 εχῆ
2562 1782 2734 1835 ταῦτα
2763 1787 2851 1837 καὶ
2870 1760 3153 1857 ἀμέτρητα
3177 1760 3448 1857 κύματας⁸
3471 1760 3537 1844 ιί)
3567 1760 3644 1852 δέ.
3673 1760 3799 1854 Ναί,
3823 1800 4009 1864 φησὶν,

774 1863 965 1916 iterttm
990 1869 1162 1921 sancti
1181 1868 1402 1923 dicunt:
1430 1872 1584 1925 Sicut
1609 1873 1706 1927 hos
1728 1873 1920 1928 ﬂuctus
1943 1893 2115 1945 neque
2145 1897 2338 1936 nume-

772 1968 895 2008 rare
927 1958 1050 2024 quis
1078 1973 1252 2027 neque
1281 1963 1580 2026 continere,
1606 1962 1716 2018 Deo
1746 1967 1836 2032 qui
1872 1970 2336 2040 ereavitexcepto,

771 2052 967 2111 potest,
1013 2047 1091 2101 sic
1143 2064 1243 2103 nec
1277 2050 1610 2108 infirmitatis
1646 2062 1751 2108 tua:
1803 2066 2064 2111 reutuata.
2114 2059 2255 2129 Ergo
2290 2064 2334 2116 si

769 2134 1081 2190 ob'audieris
1125 2153 1245 2202 nos,
1299 2139 1365 2192 ad
1417 2141 1466 2194 id
1509 2156 1618 2208 quo
1663 2145 1757 2196 tibi
1816 2147 2008 2200 crebro
2047 2149 2333 2203 consilium

767 2220 979 2288 damus,
1013 2233 1067 2278 et
1113 2225 1292 2282 factus
1325 2227 1494 2283 fueris
1527 2231 1629 2285 lide
1669 2234 1995 2300 catholicus,
2042 2249 2096 2290 et
2145 2255 2244 2293 nos
2282 2249 2334 2296 te

767 2314 1070 2381 audiemus,
1104 2325 1158 2372 et
1201 2318 1478 2374 Christum
1521 2337 1618 2391 pro
1669 2333 1718 2377 te
1753 2324 1914 2378 Deum
1971 2337 2022 2380 et
2045 2327 2330 2384 Dominum

768 2415 1012 2458 nostrum
1045 2411 1377 2477 rogabimus,
1400 2420 1453 2465 et
1482 2413 1758 2470 credimus
1780 2419 1922 2482 quod
1956 2421 2200 2473 omnium
2231 2423 2328 2477 tibi

767 2495 1000 2562 przebeat
1038 2498 1350 2554 sanitatem.
1391 2500 1526 2555 Nam
1561 2507 1834 2572 quomodo
1871 2523 1992 2561 eum
2027 2525 2124 2578 pro
2151 2520 2204 2564 te
2231 2512 2328 2566 de-

768 2586 1133 2652 precabimur,
1165 2597 1218 2644 te
1259 2600 1510 2647 manente
1539 2594 1684 2648 circa
1710 2611 1810 2652 nos
1841 2599 2183 2657 ittobediente
2212 2603 2235 2655 ?
2259 2605 2328 2658 At

766 2673 858 2728 ille
910 2675 995 2730 his
1022 2685 1076 2730 (δι
1106 2679 1228 2734 aliis
1259 2681 1508 2750 pluribus
1552 2687 1776 2751 auditis,
1811 2705 2148 2759 nequaquam
2179 2715 2324 2748 ηιιιιι-

767 2775 872 2818 tem
902 2767 1150 2822 mutavit.

840 2939 1035 2994 \‘erum
1065 2956 1188 2996 cum
1220 2953 1276 3000 et
1315 2946 1456 3001 hanc
1483 2963 1670 3004 eormn
1701 2953 2129 3011 admonitionem
2170 2973 2323 3027 spreo

2443 1869 2770 1933 ἐνδοξότατοι
2796 1875 3092 1945 μάρτυρες.
3120 1878 3254 1930 Τότε
3301 1881 3464 1934 πάλιν
3483 1883 3531 1934 οί
3558 1883 3706 1950 ἅγιοι
3741 1886 4008 1951 λέγουσιν·

2444 1959 2652 2028 Ὥσπερ
2681 1963 2855 2016 ταῦτα
2881 1966 2949 2018 τὰ
2983 1968 3202 2038 κύματα
3249 1971 3362 2023 οὔτ’
3407 1974 3712 2045 ἀριθμῆσαί
3743 1995 3850 2040 τις,
3885 1979 4008 2032 οὔτε

2441 2055 2730 2118 κατασχεῖν
2757 2053 2887 2105 ἀνευ
2940 2056 3073 2108 Θεοῦ
3099 2059 3192 2111 τοῦ
3225 2062 3508 2124 κτίσαντος
3529 2064 3752 2118 δύναται
3779 2105 3794 2128 ,
3836 2066 4009 2127 οὓτως

2436 2135 2560 2188 οὔτε
2589 2141 2686 2206 τῆς
2718 2141 2815 2209 σῆς
2841 2141 3120 2205 ἀσθενείας
3139 2147 3206 2197 τι
3230 2148 3499 2217 ῥεύματα.
3524 2152 3584 2203 Εἰ
3611 2149 3705 2206 οὖν
3724 2155 4010 2223 πεισθείης

2435 2228 2565 2296 ἡμῖν
2625 2231 2704 2292 είς
2737 2232 2870 2285 ὅσοι
2911 2236 3150 2304 συνεχῶς
3213 2241 3682 2311 συμϐουλεύομεν,
3735 2246 3828 2296 καὶ
3871 2246 4007 2315 γένῃ

2433 2319 2560 2385 περὶ
2586 2319 2684 2387 τὴν
2716 2322 2896 2374 πίστιν
2934 2326 3201 2393 όμόδοξος,
3233 2330 3324 2381 καὶ
3364 2332 3526 2400 ἡμεῖς
3558 2351 3635 2385 σοι
3675 2335 4002 2404 πειθόμεθα,

2431 2411 2525 2462 καὶ
2569 2412 2803 2480 Χριστὸν
2851 2418 2979 2486 περὶ
3026 2419 3118 2470 σού
3148 2421 3237 2472 τὸν
3263 2421 3396 2474 Θεὸν
3421 2427 3514 2476 καὶ
3545 2427 3824 2497 Δεσπότην
3849 2430 4009 2498 ἡμῶν

2432 2500 2796 2571 ίκετεύσομεν,
2848 2508 2939 2558 καὶ
2991 2509 3320 2580 πιστεύομεν
3349 2512 3423 2576 ὡς
3465 2514 3686 2577 πάντως
3733 2517 4008 2587 παράσχοι

2427 2590 2524 2660 τὴν
2557 2592 2698 2644 ἴασιν
2723 2611 2736 2624 '
2777 2595 2891 2658 πῶς
2919 2597 3028 2668 γὰρ
3060 2601 3221 2652 αὑτὸν
3269 2603 3398 2671 περὶ
3431 2604 3525 2656 σοῦ
3592 2605 4010 2678 λιτανεύσωμεν

2426 2679 2681 2741 ἀπειθοῦς
2723 2683 2852 2751 ἡμῖν
2898 2684 3278 2754 διαμένοντος;
3317 2691 3374 2742 ’0
3402 2691 3590 2744 δὲκαὶ
3647 2693 3853 2747 τούτων
3912 2697 4010 2748 καὶ

2426 2771 2686 2823 πλειόνων
2745 2774 2918 2827 ἄλλων
2977 2778 3303 2845 πυθόμενος,
3356 2780 3608 2850 οὐδαμῶς
3651 2785 3748 2853 τὴν
3770 2769 4004 2855 γνώμην

2429 2863 2742 2930 μετέϐαλεν.

2507 2953 2645 3003 Ἀλλ’
2670 2953 2743 3014 ὡς
2766 2955 2859 3007 καὶ
2913 2956 3120 3025 ταύτην
3147 2959 3327 3012 αὐτῶν
3376 2962 3647 3032 ἀπέρριψε
3673 2965 3772 3032 τὴν
3795 2981 3946 3033 παρα
3964 2969 4012 3017 ί-

767 3029 950 3092 visset,
985 3046 1090 3085 non
1129 3035 1241 3102 jam
1284 3043 1342 3089 ut
1391 3039 1612 3094 humani
1645 3043 2017 3109 cohortantes,
2064 3051 2156 3104 sed
2184 3053 2322 3107 sicut
2355 3076 2398 3134 ο
2431 3059 2460 3092 ν

2311 3063 2322 3106 ι
2355 3076 2398 3134 C
2431 3057 2596 3104 νεσιν,
2643 3045 2825 3096 οὖκέτι
2884 3049 3280 3116 προτρέποντες
3325 3051 3400 3112 ὼς
3448 3053 3843 3120 φιλάνθρωποι,
3892 3055 4007 3106 ἀλλ’

769 3121 1048 3175 inhumani
1110 3125 1420 3182 minitantes
1471 3144 1748 3200 apparent.
1788 3134 1914 3190 Post
1947 3139 2155 3208 aliquot
2184 3143 2327 3196 enim

768 3210 886 3267 dies
929 3214 1039 3281 jam
1085 3216 1242 3270 dictae
1274 3218 1496 3275 visionis
1527 3223 1727 3277 iterum
1770 3229 2014 3294 aspirare
2063 3245 2330 3303 martyres

772 3301 1074 3369 videbatur,
1125 3322 1230 3361 non
1266 3308 1378 3378 jaru
1430 3313 1643 3370 lenibus
1690 3320 1871 3372 verbis
1911 3320 2208 3387 hortantes,
2234 3325 2326 3378 sed

772 3393 934 3447 minis
962 3403 1123 3464 atque
1169 3399 1475 3456 terroribus
1513 3406 1906 3473 praecipientes.
1967 3410 2140 3479 Supra
2175 3413 2330 3468 sedes

770 3483 910 3535 enim
941 3489 1092 3554 quasi
1127 3489 1408 3556 sedebant,
1465 3503 1517 3548 et
1548 3499 1823 3551 exercitus
1845 3512 1896 3554 et
1928 3502 2149 3557 ordines
2183 3506 2331 3574 prin-

771 3575 973 3644 cipales
1025 3578 1331 3636 sedentibus
1394 3585 1504 3639 illis
1558 3589 1806 3642 astabant
1855 3611 1866 3643 :
1906 3608 2134 3658 quorum
2165 3597 2328 3664 aliqui

773 3673 1024 3734 tanquam
1052 3685 1114 3723 ex
1161 3675 1455 3741 martyrico
1500 3677 1650 3730 tnissi
1686 3678 1928 3744 decreto,
1971 3685 2328 3752 iuSpeetm-em

782 3758 976 3814 somnii
1035 3765 1566 3830 comprehenderunt
1617 3766 2084 3836 Theodorum,‘et
2138 3793 2331 3832 manus

775 3858 1066 3905 retrorsum
1099 3864 1387 3920 vertentes,
1417 3867 1470 3909 et
1506 3859 1706 3912 colluttt
1754 3861 2016 3917 inclinare
2049 3867 2099 3917 in
2131 3876 2328 3920 terram

773 3949 1041 4008 cogentes,
1089 3943 1139 3996 in
1173 3944 1709 4016 similitudinemqua
1752 3967 1982 4022 nequam
2032 3958 2329 4023 operarios,

772 4031 1053 4090 carniﬁces
1120 4043 1352 4090 tractare
1407 4039 1603 4100 solent,
1671 4041 1949 4096 timentem
1994 4063 2116 4100 eum
2169 4061 2332 4117 atque

771 4128 1090 4177 trementem
1148 4125 1366 4178 ductum
1419 4129 1471 4182 in
1520 4133 1757 4185 medium
1809 4136 2091 4204 utriusque
2121 4140 2330 4195 ordinis

771 4221 1098 4266 statuerunt.
1129 4215 1259 4268 Cum
1300 4225 1477 4271 autem
1511 4223 1683 4274 sancti
1721 4225 1896 4278 minas
1925 4227 2255 4282 intentarent
2279 4242 2332 4286 et

771 4302 883 4355 haec
915 4310 966 4357 et
993 4304 1101 4358 haec
1135 4307 1308 4360 facere
1347 4308 1431 4362 his
1463 4310 1553 4378 qui
1582 4327 1703 4365 eum
1729 4313 1985 4370 deorsum
2014 4319 2329 4375 innuentem

2434 3132 2782 3195 ἀπειλοῦντες
2825 3135 2900 3201 rb;
2947 3137 3210 3207 ἀπότομοι
3251 3143 3557 3206 φαίνονται.
3613 3143 3750 3196 Μεθ’
3796 3146 4011 3216 ἡμέρας

2431 3223 2539 3290 γάρ
2559 3240 2708 3284 τινας
2737 3225 2833 3276 τοῦ
2864 3225 3145 3295 λεχθέντος
3188 3231 3492 3300 ὁράματος,
3544 3233 3705 3287 πάλιν
3734 3236 3867 3304 όρᾷν
3899 3237 4013 3289 £66—

2435 3326 2518 3362 κει
2539 3313 2664 3373 τοὺς
2694 3313 2980 3382 μάρτυρας
3016 3315 3198 3370 οὐκέτι
3249 3320 3548 3389 προσηνέσι
3574 3321 3753 3389 λόγοις
3785 3324 4016 3392 προτρέ-

2433 3417 2652 3463 ποντας,
2710 3402 2823 3454 ἀλλ’
2871 3405 3122 3468 ἀπειλαῖς
3166 3409 3259 3460 καὶ
3309 3410 3497 3477 φόϐοις
3547 3413 4012 3481 προστάσσοντας,

2446 3492 2566 3543 Ἐπὶ
2592 3492 2782 3546 θὼκων
2807 3496 2932 3565 γὰρ,
2956 3498 3140 3564 φησὶν,
3163 3500 3508 3565 ἐκαθέζοντο,
3537 3504 3629 3556 καὶ
3648 3505 3896 3573 στρατιαὶ
3916 3507 4015 3557 καὶ

2432 3583 2614 3647 τάξεις
2647 3587 2967 3655 ἀρχοντικαὶ
2991 3589 3320 3659 καθημένοις
3349 3593 3537 3656 αὐτοῖς
3575 3598 4011 3666 παρεστήκασιν

2433 3666 2507 3724 ὧν
2533 3691 2676 3736 τινες
2711 3675 2785 3737 ὼς
2815 3677 2877 3727 ὲκ
2911 3679 3250 3749 μαρτυρικοῦ
3275 3681 3616 3750 πεμφθέντες
3638 3684 4015 3754 θεσπίσματος

2432 3763 2520 3815 τὸν
2545 3766 2992 3834 ὀνειροπολοῦντα
3039 3770 3296 3841 συνέσχον
3321 3773 3617 3844 Θεόδωρον,
3657 3775 3750 3826 καὶ
3777 3776 3874 3837 τὰς
3900 3781 4012 3845 χεῖο

2438 3870 2534 3923 ρας
2549 3857 2624 3918 εἰς
2652 3858 2896 3910 τούπίσω
2924 3861 3340 3930 συστρέψαντες,
3374 3865 3576 3917 καὶτὸν
3598 3864 3867 3935 τράχηλον
3895 3867 4014 3918 κλί-

2433 3963 2544 3997 νειν
2572 3949 2649 4008 εἰς
2673 3952 2773 4017 γῆν
2811 3951 3242 4016 ἀναγκάσαντες,
3277 3954 3466 4024 ὥσπερ
3507 3956 3633 4017 τοὺς
3669 3956 4012 4026 κακούργους

2432 4039 2482 4087 οἱ
2532 4037 2716 4105 δήμιοι
2783 4043 3234 4109 σχηματίζουσιν,
3278 4045 3358 4106 εἰς
3410 4045 3574 4113 μέσον
3606 4046 3767 4098 αὐτὸν
3801 4048 4014 4101 δεδιότα

2434 4129 2528 4179 καὶ
2587 4129 2863 4196 τρέμοντα
2910 4133 3238 4202 ἀμφοτέρων
3291 4132 3402 4185 τῶν
3452 4135 3662 4200 τάξεων
3708 4137 4013 4203 ἀγαγόντες

2435 4218 2804 4286 παρέστησαν.
2824 4221 3129 4274 Ἀπειλοῦσι
3153 4223 3209 4275 δὲ
3237 4225 3352 4287 τοῖς
3369 4224 3545 4291 ἁγίοις
3562 4226 3656 4278 καὶ
3679 4227 3801 4279 τάδε
3834 4231 4014 4280 ποιεῖν

2434 4310 2526 4361 καὶ
2561 4310 2683 4362 τάδε
2710 4313 2819 4374 τοῖς
2841 4312 3002 4364 αὑτὸν
3025 4314 3177 4366 κάτω
3191 4313 3421 4367 νεύοντα
3451 4317 3546 4367 καλ⁵
3572 4316 3845 4384 κεκυφότα
3876 4334 4014 4370 κατ-

768 4403 821 4446 et
849 4393 1094 4447 inclinem
1136 4398 1406 4459 tenebant,
1437 4402 1480 4453 si
1511 4401 1614 4455 sibi
1643 4404 1866 4459 credere
1897 4407 2165 4462 noluisset
2191 4425 2325 4480 prae-
2352 4406 2404 4464 D
2431 4401 2464 4467 έ;

2315 4439 2325 4449 .
2352 4406 2404 4464 1)
2431 4401 2664 4468 έχουσιν,
2709 4404 2755 4452 εί
2790 4400 2864 4470 μὴ
2894 4401 3174 4456 πιστεύειν
3203 4404 3386 4466 αὐτοῖς
3421 4404 3620 4467 ἐθέλοι,
3642 4407 4011 4476 προστάττου-

767 4487 1024 4555 cipereut,
1073 4497 1309 4544 astantes
1339 4492 1558 4547 ordines
1604 4496 1981 4562 procidebaut,
2024 4509 2076 4550 et
2102 4516 2327 4568 parcere

769 4579 878 4641 irai.
910 4586 962 4632 et
992 4582 1421 4647 aequiescentem
1449 4600 1512 4637 ex
1540 4585 1640 4639 hoc
1668 4584 2014 4640 Theodortuu
2059 4591 2321 4660 recipere,

767 4680 821 4722 et
871 4668 1074 4724 donare
1113 4674 1394 4741 prteteritae
1422 4673 1730 4730 diuidentite
1769 4676 2160 4745 indulgentiam
2192 4696 2324 4750 sup-

767 4761 1054 4828 plicabant.

834 4851 1089 4906 Praeterea
1138 4862 1428 4924 martyres,
1485 4855 1676 4909 horum
1723 4857 1882 4925 quasi
1917 4861 2156 4928 suscepti
2185 4862 2324 4928 peti-

767 4940 1026 5002 tionibus.
1049 4950 1102 4994 et
1135 4958 1322 5011 parum
1356 4944 1482 5012 quid
1513 4944 1588 4997 ira
1622 4949 1883 5013 cohibita,
1913 4950 2101 5003 tollere
2123 4951 2207 5003 Ius
2229 4952 2320 5019 qui

767 5034 1019 5088 tenebant
1072 5048 1193 5087 eum
1235 5035 1517 5103 jusserunt
1565 5045 1619 5090 et
1667 5040 1974 5106 dimittere,
2024 5041 2067 5094 si
2121 5054 2322 5095 sanctae

764 5125 1161 5179 eounnunicare
1223 5127 1572 5195 polliceretur
1618 5127 1916 5185 Ecclesia}.
1975 5131 2321 5188 Adduceutes

761 5227 889 5280 ergo
921 5228 1040 5265 eum
1065 5215 1115 5267 hi
1146 5216 1234 5284 qui
1269 5215 1544 5277 tenebant,
1576 5217 1620 5270 si
1651 5231 1871 5270 causam
1903 5226 2176 5272 tantarum
2209 5221 2318 5274 sei-

763 5310 842 5354 rrt
896 5301 1162 5356 minarum
1221 5305 1643 5371 interrogabant.
1693 5306 1793 5371 Qui
1837 5307 1934 5369 ait,
1972 5308 2160 5372 etiam,
2203 5309 2320 5362 scio

761 5408 999 5445 causam.
1042 5393 1116 5446 Illi
1149 5409 1291 5457 vero,
1331 5403 1382 5448 et
1416 5411 1662 5464 quaenam
1714 5405 1883 5460 esset,
1928 5413 2124 5453 rursus
2153 5399 2317 5452 inter-

761 5493 1098 5548 rogaverunt.
1125 5487 1337 5551 Astille,
1362 5503 1455 5554 pro
1484 5502 1548 5540 co
1575 5488 1714 5555 quod
1747 5491 2020 5551 accedere,
2045 5490 2314 5559 inquiens,

761 5575 822 5621 ad
854 5577 1172 5628 ratholicam
1198 5577 1490 5630 Ecclesiam
1513 5580 1697 5641 nolim,
1721 5578 1784 5631 ad
1803 5579 2113 5646 Christique
2131 5597 2312 5633 sacra-

765 5676 934 5714 mrum
969 5685 1082 5732 qua?
1122 5669 1170 5720 iu
1215 5684 1273 5719 ea
1323 5669 1685 5731 telebrantur,
1714 5670 2073 5723 denuntiavit.
2107 5670 2312 5740 Ergone

2432 4506 2535 4552 σιν,
2572 4492 2626 4542 αἱ
2656 4493 3003 4560 παρεστῶσαι
3047 4494 3230 4558 τάξεις
3275 4495 3672 4566 προσέπιπτον,
3717 4498 3876 4569 λῆξαι
3908 4500 4013 4569 τῆς

2427 4579 2599 4649 ὀργῆς
2642 4583 2976 4635 ἱκετεύουσαι
2996 4599 3008 4612 ·
3041 4586 3135 4636 καλ⁵
3164 4585 3486 4655 πειθόμενον
3520 4587 3628 4639 ἀπὸ
3670 4587 3766 4640 τοῦ
3797 4588 3891 4640 νῦν
3917 4591 4012 4642 τὸν

2426 4670 2701 4738 Θεόδωρον
2733 4671 3012 4736 δέξασθαι,
3047 4676 3144 4727 καὶ
3192 4675 3552 4745 δωρήσασθαι
3592 4676 3690 4747 τὴν
3725 4676 3822 4747 τῆς
3858 4696 4006 4749 παρ-

2426 4758 2687 4821 ελθούσης
2715 4762 2996 4825 ἀπειθείας
3030 4763 3404 4834 συγχώρησιν.

2495 4852 2558 4903 Οἱ
2589 4852 2644 4903 δι
2677 4854 2975 4923 μάρτυρες,
3009 4857 3198 4924 φησὶν,
3229 4857 3438 4909 τούτων
3465 4861 3562 4922 τὰς
3608 4859 3859 4929 αἰτήσεις
3893 4863 4007 4912 εἰσ⁹

2423 4942 2723 5011 δεξάμενοι,
2780 4948 2876 4997 καὶ
2929 4948 3124 5016 μικρὸν
3179 4952 3278 5017 τῆς
3329 4950 3499 5018 ὀργῆς
3554 4950 4006 5016 ὑπενδὼσαντες,

2423 5035 2662 5101 ἀπάγειν
2694 5037 2818 5098 τοὺς
2845 5037 3180 5106 κρατοῦντας
3211 5041 3527 5106 ἐκέλευσαν,
3583 5045 3676 5095 καὶ
3722 5043 3883 5097 πάλιν
3910 5046 4009 5096 αὖ·

2423 5127 2514 5178 τὸν
2542 5127 2796 5178 ἀπολύειν
2849 5132 2912 5198 τῇ
2964 5130 3096 5200 ἁγίᾳ
3145 5136 3423 5185 κοινωνεῖν
3462 5133 3755 5205 Ἐκκλησία
3810 5135 4004 5186 σύνθέ-

2427 5234 2612 5286 μενον.
2634 5218 2961 5284 Ἀπάγοντες
2981 5220 3112 5281 γοῦν
3137 5222 3299 5274 αὑτὸν
3327 5224 3373 5274 οξ
3405 5225 3743 5293 κατέχοντες,
3767 5223 4004 5293 ἠρώτων

2422 5307 2470 5358 εἶ
2496 5306 2594 5374 τῆς
2621 5308 2890 5378 τοσαύτης
2917 5311 3145 5379 ἀπειλῆς
3180 5315 3278 5380 τὴν
3306 5315 3484 5366 αἰτίαν
3517 5316 3825 5369 ἐπίσταται.
3843 5317 3903 5368 Ὀ
3917 5318 3998 5378 δὲ,

2423 5396 2546 5458 Ναὶ,
2571 5398 2755 5464 φησὶν,
2794 5397 2908 5452 οἶδα
2936 5402 2998 5452 τὸ
3022 5403 3210 5455 αἴτιον.
3241 5405 3300 5454 υἱ
3328 5404 3405 5468 δὲ,
3437 5407 3546 5457 Καὶ
3566 5406 3614 5458 τί
3643 5405 3708 5458 ἂν
3740 5406 3823 5475 εἴη
3847 5426 3859 5469 ;
3901 5413 4007 5459 πάι

2421 5491 2501 5540 λιν
2524 5489 2832 5558 ἠρώτησαν.
2874 5493 2931 5543 'U
2947 5492 3024 5550 δὲ,
3049 5493 3120 5543 Τὸ
3165 5494 3238 5563 μὴ
3271 5495 3448 5546 θέλειν
3483 5514 3548 5565 με
3595 5498 3911 5567 προσελθεῖν
3936 5502 4005 5568 τῇ

2420 5579 2679 5647 καθολεκῇ
2741 5580 3036 5650 Ἐκκλησία
3101 5586 3193 5635 καὶ
3243 5589 3352 5648 τοῖς
3390 5589 3445 5637 ἐν
3475 5588 3610 5656 αὐτῇ
3655 5589 4004 5656 τελουμένοις

2424 5671 2655 5737 Χριστοῦ
2717 5675 3054 5740 μυττηρὲοις.
3110 5679 3503 5745 προτὴγγελλε.
3539 5682 3601 5732 Ti
3645 5678 3773 5742 ’.ὖ-η
3824 5699 3999 5750 προσ.
