4294 6442
314 352 415 410 ἷιῖιῖἶ
1285 350 1386 406 SS.
1420 348 1587 406 CYRI
1630 347 1721 405 ΕΤ
1762 346 1995 405 Jtl.\.\'N

1840 346 1995 404 ’ΛΚΝ
2014 346 2078 403 iS
2119 349 2196 404 Mi
2215 346 2530 406 RACUIA.
3399 333 3536 394 3554

278 466 434 531 έρκῒὶι
468 464 653 528 (ἑπτῖνο
685 463 730 511 εξ
767 462 863 524 τῆς
924 461 1061 510 κατὶ
1120 458 1210 508 σεῦ
1270 459 1651 525 μελετωμὲνης
1690 456 1854 522 ὀργῆς
1892 467 1928 515 Α
1962 474 1974 505 ι

1838 472 1854 514 ;
1892 467 1928 515 Α
1962 455 2193 519 accedis,
2236 456 2407 506 aiunt.
2463 456 2507 504 si
2532 466 2692 519 quam
2749 446 3076 500 meditantur
3116 443 3251 495 iratu
3279 441 3534 493 adversus

278 552 641 616 ἁπολὺσιιιμεν
694 567 706 610 ;
749 550 857 597 Καὶ
924 546 1250 613 συνθέμενον
1304 544 1463 596 αὑτὸν
1515 544 1862 594 ἀπολύουσιν.
1972 556 1974 590 l

1849 576 1862 591 .
1972 553 2022 595 te
2074 544 2431 596 relaxatutls?
2484 544 2544 593 Μ
2591 540 2948 607 spondentem
3001 535 3150 586 illum
3190 531 3539 586 dimiserunt.

280 644 546 710 Στραιρεις
580 640 635 691 δὲ
672 639 807 706 μετὰ
838 639 928 689 τὴν
979 638 1210 705 ὖιειρον,
1249 636 1500 703 περιδεὴς
1533 635 1609 684 ἔτι
1643 633 1737 683 καὶ
1776 631 1864 681 ἓν-
1968 641 1976 683 4

1845 658 1864 668 -
1968 636 2280 688 Conversus
2315 644 2496 685 autem
2529 639 2652 699 post
2698 630 2994 689 somnium,
3047 640 3249 695 pavens
3279 622 3459 676 adhuc
3488 633 3541 675 et

277 746 478 798 τρομος
510 729 579 779 τὰ
612 730 731 779 κατ’
763 729 897 795 ὂναρ
932 728 1168 785 φανέντα
1195 725 1317 776 καθ’
1346 724 1535 775 ἑαυτὸν
1556 722 1829 787 ἐλογίζετο
1849 738 1859 748 ·
1970 736 1973 773 1

1849 738 1859 748 ·
1970 734 2227 784 tremens,
2264 738 2388 791 qua:
2439 722 2539 775 Sibi
2575 728 2941 788 apparuerant
2968 719 3019 768 in
3058 717 3175 768 visu
3218 728 3403 767 secum
3435 724 3540 763 tra-

280 814 434 865 οὔπω
488 814 546 865 δὲ
612 814 895 873 πέπειστο,
960 811 1416 881 ἁλλ’-ἀμφίϐολον
1484 807 1630 880 εἶχεν
1682 811 1867 879 ἀκμήν
1968 834 1976 864 ‹

1843 826 1867 860 ν
1968 817 2151 868 ctabat
2183 832 2196 879 ;
2254 812 2495 866 nomium
2530 821 2709 864 tamen
2750 808 3029 866 credebat,
3061 806 3155 858 sed
3185 804 3411 857 dubium
3447 799 3539 854 ad-

278 905 378 973 τὴν
406 904 669 967 διάνοιαν,
703 906 797 957 καὶ
847 904 938 957 τὸν
961 904 1221 973 λογισμὸν
1256 905 1383 973 τῇδε
1439 905 1657 956 κάκεῖσε
1704 902 1867 970 φερό-
1970 906 1974 958 1

1848 930 1867 941 -
1970 905 2075 958 huc
2100 904 2344 957 animum
2370 901 2705 971 possidebat,
2739 908 2792 954 et
2837 898 3223 967 cogitationem
3253 896 3359 947 buc
3383 894 3544 947 illuc-

282 1014 348 1063 με
357 1013 467 1048 νον.
1967 1014 1978 1049 t

1967 1011 2074 1065 que
2104 994 2333 1048 ferebat.

365 1090 454 1140 Ἐν
483 1090 594 1158 ὅσῳ
617 1088 672 1141 δὲ
723 1088 790 1141 τὰ
846 1090 979 1159 περὶ
1025 1087 1231 1141 τούτων
1292 1089 1606 1149 ἐσκέπτετο,
1663 1089 1793 1154 πρὶν
1831 1088 1868 1155 ἢ
2041 1086 2057 1137 l

1846 1088 1868 1155 Pl
2041 1086 2211 1137 l’orro
2276 1083 2408 1137 dum
2471 1084 2538 1137 de
2600 1084 2686 1137 his
2746 1077 3169 1141 consideraret,
3223 1075 3542 1146 priusquam

279 1178 621 1249 ταλαντεύσῃ
676 1179 736 1230 τὸ
766 1182 1058 1249 χρήσιμον,
1085 1180 1179 1230 καὶ
1234 1179 1295 1229 τὸ
1329 1179 1602 1247 πρακτέον
1638 1176 1868 1245 βεϐαίως
1970 1192 1975 1244 ]

1850 1194 1868 1239 ς
1970 1176 2351 1244 perpendisset
2379 1175 2523 1243 quod
2556 1182 2702 1227 esset
2734 1174 2946 1235 utilius,
2970 1178 3023 1223 et
3050 1168 3179 1238 quid
3211 1170 3349 1223 l'oret
3379 1182 3546 1236 agen-

279 1269 592 1336 ψηφίσοιτο,
621 1270 784 1322 πάλιν
840 1269 1157 1337 ἁφύπνωσε,
1192 1270 1286 1323 καὶ
1329 1269 1490 1322 πάλιν
1523 1269 1710 1336 βλέπει
1743 1269 1866 1328 τοὺς
1969 1288 1975 1318 t

1851 1284 1866 1328 ;
1969 1270 2096 1320 dum
2155 1268 2508 1332 decerneret,
2568 1268 2765 1320 iterum
2816 1266 3166 1327 obdormivit,
3229 1271 3285 1315 et
3352 1263 3547 1315 iterum

285 1362 593 1432 μάρτυρας,
643 1364 702 1413 ὲν
743 1360 1032 1415 Ἰουλιανοῦ
1059 1360 1152 1414 τοῦ
1187 1361 1435 1413 διακόνου
1482 1361 1579 1428 θέα
1614 1361 1706 1410 καὶ
1735 1360 1868 1427 σχήο
1971 1375 1981 1410 l

1851 1384 1868 1394 -
1971 1367 2241 1428 martyres
2264 1358 2478 1426 aspicit,
2505 1359 2558 1409 in
2582 1356 2768 1409 habitu
2793 1364 2847 1408 et
2878 1357 3061 1422 specie
3076 1354 3277 1407 Juliani
3306 1352 3547 1415 diaconi,

288 1471 441 1521 ματι,
472 1455 531 1515 ὃς
559 1455 683 1505 κατ’
716 1455 891 1505 ἐκεῖνο
945 1452 1139 1522 καιροῦ
1168 1452 1501 1519 λειτουργεῖν
1541 1453 1597 1503 ὲν
1644 1449 1721 1519 τῷ
1758 1447 1868 1516 ναῷ
1969 1464 1984 1501 t

1856 1447 1868 1498 ι
1969 1448 2061 1516 qui
2117 1463 2213 1516 per
2247 1449 2387 1501 idem
2435 1456 2653 1515 tempus
2701 1443 2767 1497 ad
2810 1444 3221 1512 obsequendum
3261 1442 3315 1494 in
3348 1443 3552 1509 templo

285 1546 707 1615 προκεχείριστο
738 1583 752 1607 ,
783 1546 1139 1612 παρεστῶτας
1194 1545 1289 1596 καὶ
1347 1544 1604 1611 λέγοντας
1631 1558 1644 1572 ·
1675 1541 1865 1611 Δεῦρο,
1972 1540 1981 1592 i

1858 1578 1865 1602 ,
1972 1540 2212 1608 ipsorum
2246 1549 2537 1609 provectus
2562 1538 2867 1598 exstiterat,
2899 1545 3143 1589 astantes
3170 1544 3332 1604 atque
3362 1535 3554 1587 dicen-

282 1638 421 1704 πρὸς
451 1638 513 1687 τὸ
545 1640 733 1705 μνῆμα
762 1637 870 1687 τῶν
888 1636 1059 1702 ἁγίων
1086 1634 1330 1697 ἐλθόντες
1352 1633 1658 1702 εὐξώμεοα.
1681 1632 1867 1685 Ταῦτα
1972 1641 1978 1683 l

1858 1649 1867 1683 ι
1972 1640 2051 1685 tes
2086 1650 2098 1684 :
2150 1631 2281 1684 Heia
2312 1632 2377 1684 ad
2416 1630 2729 1683 memoriam
2771 1637 3087 1682 sanctorum
3123 1626 3403 1680 venientes
3432 1640 3554 1678 ore-

280 1724 336 1776 δὲ
404 1726 541 1793 πρὸς
588 1726 750 1776 αὑτὸν
809 1725 1133 1792 διελέγοντο,
1188 1723 1574 1793 δοκιμάζοντες
1618 1725 1781 1777 αὑτὸν
1820 1724 1868 1774 εί
1972 1737 1976 1772 1

1856 1724 1868 1774 l
1972 1736 2112 1773 mus.
2177 1722 2302 1773 Haec
2360 1734 2491 1771 vero
2540 1720 2605 1772 ad
2654 1734 2777 1772 eum
2824 1718 3207 1788 disputabant,
3260 1718 3552 1787 probantes

286 1817 566 1884 μετέθετο,
599 1819 693 1869 καὶ
752 1818 1024 1887 πειθήνιος
1057 1819 1239 1879 αὐτοῖς
1273 1818 1411 1885 μετὰ
1456 1817 1710 1882 τοιαύτην
1745 1816 1867 1883 ὄψιν
1902 1828 1940 1881 Β
1973 1811 1982 1863 i

1851 1833 1867 1866 ν
1902 1828 1940 1881 Β
1973 1811 2146 1872 illum,
2179 1811 2225 1864 si
2259 1819 2497 1863 mutatus
2530 1818 2693 1872 esset,
2721 1818 2774 1862 et
2812 1810 3072 1863 obedieus
3098 1810 3201 1863 sibi
3236 1818 3355 1878 post
3383 1810 3547 1864 taletu

283 1910 569 1977 γεγένητο.
635 1908 851 1977 Ἀμέλει
915 1906 1040 1973 γοῦν
1079 1910 1170 1959 ἐπὶ
1222 1908 1320 1978 τήν
1352 1908 1509 1976 σορδν
1556 1908 1735 1958 αὐτῶν
1769 1908 1868 1975 τὴν
1977 1920 1979 1926 ‘

1855 1926 1868 1958 ι
1977 1904 2243 1955 visionem
2272 1903 2581 1955 exsisteret.
2630 1900 2872 1968 Denique
2916 1900 2984 1953 ad
3036 1901 3333 1969 pretiosum
3365 1917 3551 1954 eerum

283 2000 472 2067 τιμίαν
504 1999 811 2067 ἐρχόμενοι,
838 2000 933 2051 καὶ
992 1999 1089 2050 σὺν
1127 2000 1314 2061 αὐτοῖς
1357 1997 1752 2050 ἀκολουθοῦντα
1779 1997 1868 2048 τὸν
1978 2009 1979 2019 ‘

1859 2016 1868 2045 ρ
1978 1995 2247 2046 tumulum
2299 1994 2708 2053 convenientes,
2762 2000 2815 2046 et
2846 2003 3162 2062 sequentem
3206 1993 3555 2047 Theodomm

287 2090 567 2158 Θεόδωρον
599 2089 840 2159 ἔχοντες,
868 2089 976 2158 πρὸ
1027 2089 1122 2141 τοῦ
1165 2089 1527 2158 φωτιστηρίου
1562 2090 1866 2155 γενόμενοι,
1978 2104 1983 2139 ε

1857 2129 1866 2149 ,
1978 2101 2163 2141 secum
2220 2088 2501 2145 habentes.
2560 2103 2683 2141 cum
2735 2095 2862 2141 ante
2912 2085 3366 2140 illuminalorium
3426 2087 3553 2141 facti

282 2183 415 2235 ἔνθα
459 2182 699 2245 ζωοποιά
732 2180 971 2249 Χριστοῦ
1021 2183 1199 2233 κεῖται
1247 2182 1544 2250 μυστήρια,
1606 2178 1870 2231 εἰσελθεῖν

1858 2198 1870 2229 ι
1981 2180 2238 2243 inissent,
2293 2179 2384 2233 ubi
2429 2179 2639 2233 viviﬁca
2664 2178 2869 2233 Christi
2896 2178 3073 2248 posita
3120 2188 3248 2233 sum
3273 2182 3554 2249 mysteria,

282 2274 453 2326 αὑτὸν
485 2275 578 2324 καὶ
613 2272 935 2340 μεταλαϐεῖν
965 2271 1388 2341 προετρέποντο,
1411 2269 1629 2322 Εῖσελθε
1647 2311 1662 2332 ,
1685 2269 1871 2336 λέγον-

1865 2296 1871 2307 -
1980 2274 2206 2328 introire
2241 2274 2385 2327 Imnc
2415 2282 2468 2326 et
2500 2272 2911 2327 communicare
2958 2274 3391 2327 adhortabantur
3420 2292 3433 2326 :
3470 2275 3561 2327 ln-

284 2362 522 2424 τες,σὺν
570 2362 702 2430 ἡμῖν
746 2361 843 2413 καὶ
886 2360 992 2412 τῶν
1044 2361 1217 2428 ἁγίων
1268 2359 1504 2431 Χριστοῦ
1555 2362 1872 2429 μυστηρίων

1865 2376 1872 2405 ι
1979 2366 2227 2435 gredere,
2261 2365 2527 2425 dicentes,
2553 2363 2853 2427 uobiscum,
2885 2371 2938 2417 et
2974 2372 3167 2417 sancta
3195 2363 3402 2418 Christi
3443 2380 3561 2434 my-

292 2452 587 2523 μετὰλαόε.
623 2451 682 2504 '0
719 2452 797 2514 δὲ,
831 2450 931 2514 Οὐ,
958 2452 1259 2521 φησ“ιν,οὑκ
1290 2452 1607 2520 εἰσέρχομαι
1636 2468 1650 2483 ·
1680 2452 1873 2521 ἑτέρας
1979 2474 1988 2512 ε

1866 2468 1873 2509 .'
1979 2460 2144 2512 steria
2193 2459 2427 2527 percipe.
2471 2456 2541 2511 At
2579 2454 2893 2519 illezNon,
2943 2455 3138 2524 inquit,
3184 2471 3290 2509 non
3337 2471 3562 2524 prorsus

286 2546 400 2614 γὰρ
424 2542 536 2611 ἐγὼ
568 2542 724 2611 δόξης
782 2541 1123 2611 καθέστηκα,
1154 2544 1248 2594 καὶ
1292 2542 1354 2592 οὐ
1384 2541 1480 2593 τοῦ
1509 2541 1609 2609 τῆς
1646 2542 1875 2611 Ἐκκλη-

1866 2568 1875 2580 ·
1982 2548 2260 2617 ingredior
2295 2565 2309 2614 ;
2348 2548 2575 2601 alterius
2605 2548 2750 2601 enim
2781 2562 2881 2617 ego
2919 2547 3196 2615 Opinionis
3244 2549 3476 2608 exsisto.
3508 2556 3562 2601 et

287 2637 414 2698 σίας
446 2635 803 2704 κηρύγματος
826 2649 839 2663 ’
868 2633 1155 2702 προσδοκῶ
1196 2634 1253 2685 δὲ
1295 2635 1535 2703 σήμερον
1555 2634 1653 2702 τὴν
1682 2636 1876 2705 γεννή-

1864 2662 1876 2673 ·
1984 2656 2091 2694 ιιοιι
2122 2639 2528 2710 praedicationis
2564 2639 2858 2703 Ecclesiae;
2897 2648 3156 2707 exspecto
3191 2647 3374 2693 autem
3400 2641 3560 2695 hodie

289 2744 487 2791 σασαν,
517 2732 586 2780 τα
635 2728 734 2797 τῆς
793 2724 1149 2794 μεταλήψεώς
1200 2742 1290 2794 μοι
1320 2725 1469 2795 δῶρα
1518 2726 1872 2795 κομίζουσαν.
1984 2776 1985 2781 η

1862 2767 1872 2779 -
1984 2734 2331 2801 genitricem,
2355 2728 2760 2785 Communionis
2784 2731 2915 2784 mihi
2940 2746 3169 2786 munera
3201 2730 3558 2786 deferentem.

303 2818 446 2873 τΑλλ’
476 2818 636 2870 ἔασόν
662 2834 728 2884 με
760 2817 919 2878 τέως.
941 2816 1077 2885 πρὸς
1098 2818 1189 2867 τὸν
1218 2816 1380 2867 αὑτὸν
1393 2817 1638 2869 διάκονον
1668 2816 1874 2882 ἔλεγεν,
1987 2827 1999 2879 ε

1868 2856 1874 2877 μ
1987 2826 2091 2882 Sed
2124 2827 2341 2880 dimitte
2387 2840 2472 2879 me
2504 2824 2744 2884 interim,
2778 2823 2843 2877 ad
2885 2823 3137 2877 eumdem
3191 2824 3409 2879 dicebat
3447 2825 3564 2879 dia-

287 2912 441 2973 ὅπως
471 2912 529 2962 ἐν
555 2911 667 2977 ὅσῳ
726 2909 793 2959 τὰ
843 2907 936 2959 τοῦ
967 2908 1251 2976 μνήματος
1275 2907 1545 2976 ἡνέῳκται
1585 2907 1876 2972 κάνκελλα,

1865 2947 1876 2972 ι
1986 2934 2206 2980 conum.
2255 2926 2312 2970 ut
2348 2918 2476 2986 quia
2525 2917 2868 2969 monumenti
2917 2916 3150 2969 cancelli
3194 2918 3366 2983 aperti
3413 2927 3561 2981 sunt,

286 3000 551 3056 εἰσελθὼν
582 3000 644 3051 τὸ
672 3000 774 3067 τῆς
824 2998 1095 3066 κανδήλας
1141 2997 1321 3050 ἔλαιον
1381 2998 1644 3067 δέξωμαι.
1682 2998 1876 3050 Πολλοὶ

1867 3016 1876 3049 '-
1986 3011 2268 3077 ingressus
2305 3008 2485 3062 oleum
2521 3006 2763 3061 candelze
2793 3007 3110 3075 SUSt'ipialll.
3144 3005 3296 3059 Multi
3324 3007 3469 3061 enim
3495 3025 3563 3061 ex

286 3096 403 3164 γὰρ
424 3092 583 3145 τοῦτο
611 3091 719 3143 τῶν
755 3092 817 3141 οὐ
846 3087 1182 3141 κοινωνικῶν
1228 3088 1677 3158 διαπράττονται,
1723 3090 1779 3142 έν
1811 3092 1875 3159 τῇ
1918 3159 1951 3168 _

1866 3092 1875 3159 ἱ
1918 3159 1951 3168 __
1991 3101 2075 3155 his
2108 3104 2199 3168 qui
2227 3116 2334 3153 non
2371 3099 2799 3158 communicant.
2848 3098 2901 3151 id
2936 3106 3098 3165 agam
3134 3115 3150 3163 ;
3182 3099 3385 3165 oleum,
3418 3099 3562 3168 quod

289 3186 403 3239 τῶν
430 3185 602 3251 ἁγίων
640 3182 877 3251 κανδήλα
907 3180 1195 3249 καιόμενον
1231 3172 1429 3243 ἐλαίον,
1463 3181 1582 3233 ἀντὶ
1628 3181 1878 3248 σώματος
1908 3159 1954 3220 c
1983 3252 1985 3259 γ

1870 3159 1954 3241 :c
1983 3207 2038 3259 ιη
2091 3200 2409 3244 sanctorum
2446 3190 2599 3243 ardet
2659 3188 2909 3253 candela,
2957 3205 3056 3259 pro
3087 3206 3321 3261 corpore
3372 3204 3566 3247 sancto

294 3278 457 3343 ἁγίου
481 3275 576 3326 καὶ
611 3273 843 3341 αἵματος
891 3269 1130 3340 Χριστοῦ
1182 3268 1276 3321 τοῦ
1306 3269 1525 3321 πάντων
1557 3270 1714 3338 ήμῶν
1742 3268 1878 3321 Θεοῦ
1981 3299 1990 3332 ι

1868 3268 1878 3319 ί
1981 3289 2036 3334 et
2098 3280 2364 3349 sanguine
2409 3278 2610 3333 Christi
2643 3283 2886 3335 omnium
2943 3288 3189 3334 nostrum
3239 3279 3331 3335 Dei
3355 3294 3409 3335 et
3443 3281 3564 3335 Sal-

290 3368 392 3420 καὶ
435 3366 688 3432 Σωτῆρος
733 3361 1013 3430 δεχόμενοι
1044 3360 1156 3429 (22)
1185 3376 1197 3388 ·
1221 3360 1343 3428 μηδ’
1368 3360 1396 3412 ὃ
1428 3362 1782 3430 πράττουσιν,
1806 3361 1881 3422 ὼς
1984 3388 1986 3395 τ

1869 3377 1881 3422 ἰ
1984 3372 2188 3424 vatoris
2211 3379 2706 3438 sumentesmeque
2725 3369 2868 3438 quod
2889 3380 3058 3438 agunt
3082 3378 3139 3423 ut
3163 3385 3286 3424 reor
3303 3370 3565 3436 scientes,

290 3456 478 3528 οἶμαι,
504 3455 889 3523 γινώσκοντες,
921 3455 1058 3523 μήτε
1080 3453 1139 3504 τὸ
1168 3452 1265 3521 τῆς
1295 3451 1499 3521 βλάϐης
1528 3453 1882 3522 ἐπιστάμενοι

1647 3453 1882 3522 πτάμενοι
1986 3475 2164 3528 neque
2195 3460 2436 3514 larsionis
2468 3458 2899 3529 magnitudinem
2928 3467 3343 3529 cognoscentes.

296 3550 401 3620 μέγ
412 3547 557 3610 εθος.

380 3639 651 3707 Ἦγιὰσθη
674 3636 773 3706 μὲν
802 3635 934 3705 γὰρ,
963 3635 1107 3701 λέγω
1130 3633 1414 3705 κὰγὼ,[τδ]
1435 3635 1532 3702 τῆς
1580 3634 1685 3687 τῶν
1717 3634 1887 3701 ἁγίων
2058 3633 2076 3686 1

1859 3652 1887 3685 ν
2058 3633 2269 3687 Etenim
2324 3632 2725 3686 sanctificatum
2762 3631 2983 3701 quidem
3015 3646 3159 3693 esse.
3191 3631 3319 3687 dico
3345 3642 3397 3687 et
3430 3649 3555 3702 ego,

298 3732 576 3801 κανδήλας
608 3730 808 3789 ἔλαιον,
842 3726 976 3779 ἀλλὰ
996 3725 1048 3777 τί
1078 3725 1235 3777 τοῦτο
1254 3725 1390 3794 πρὸς
1413 3727 1504 3777 τὸν
1543 3725 1668 3785 τοὺς
1698 3726 1887 3791 ἁγίους
1989 3742 1994 3777 ε

1872 3742 1887 3786 ς
1989 3733 2305 3779 sanctorum
2359 3724 2598 3779 candelae
2647 3724 2870 3790 oleum;
2928 3724 3019 3778 sed
3062 3723 3193 3793 quid
3230 3732 3314 3779 est
3349 3726 3471 3788 hoc,
3502 3726 3568 3780 ad

299 3822 501 3879 αὐτοὺς
534 3817 828 3884 ἁγιάζοντα
858 3831 875 3879 ;
910 3814 1020 3865 Kal.
1054 3812 1283 3880 δύναμιν
1314 3812 1444 3863 αὐτὸ
1473 3811 1616 3865 κατὰ
1647 3812 1888 3880 νοσημά-
1989 3839 1995 3864 ‹

1878 3840 1888 3850 -
1989 3818 2454 3885 comparationem
2509 3816 2629 3883 ejus
2654 3816 2745 3882 qui
2786 3815 2932 3883 ipsos
2963 3822 3183 3869 sanctos
3210 3816 3515 3869 sanctiﬁcat
3550 3816 3574 3869 τ

296 3928 411 3965 των
451 3910 596 3978 ἔχειν
645 3905 909 3975 τιθέμεθα
941 3904 1076 3973 (25),
1110 3905 1246 3955 ἁλλὰ
1275 3905 1327 3955 τί
1371 3904 1506 3971 πρὸς
1538 3905 1770 3973 Χριστὸν
1796 3903 1887 3957 τοῦ

1872 3903 1887 3956 i
1994 3908 2059 3962 Et
2088 3910 2339 3961 virtutem
2377 3908 2428 3959 id
2465 3916 2652 3959 contra
2688 3907 2983 3971 languores
3015 3905 3216 3960 habere
3249 3908 3516 3961 conliteor
3552 3925 3568 3973 ;

298 4001 440 4055 Θεοῦ
466 3999 658 4067 σοφίαν
688 3998 816 4049 ὄντα
839 3997 929 4048 καὶ
958 3995 1210 4063 δύναμιν,
1243 3994 1334 4045 τὸν
1367 3994 1458 4046 καὶ
1493 3996 1762 4063 μάρτυσιν
1793 3996 1890 4046 αὑ-

1868 4026 1890 4035 -
1994 3998 2086 4053 sed
2120 3996 2250 4066 quid
2278 3996 2345 4050 ad
2394 3996 2741 4049 collationem
2770 3995 2996 4057 Christi,
3027 3997 3118 4065 qui
3151 4006 3234 4051 est
3270 3996 3363 4051 Dei
3390 4001 3564 4054 virtus

300 4095 418 4154 τοῖς
440 4090 759 4160 χαρίσματα
818 4086 1102 4153 δυνάμεων
1132 4085 1403 4153 νέμοντα;
1434 4086 1593 4150 Λέγω
1633 4085 1689 4137 δὲ
1729 4086 1893 4155 τιμῆς
1995 4117 1996 4130 χ

1867 4103 1893 4148 ς
1995 4100 2046 4143 et
2099 4086 2364 4155 sapientia
2397 4088 2420 4138 ’ί
2472 4086 2563 4155 qui
2601 4094 2654 4139 et
2693 4085 2827 4154 ipsis
2850 4101 3067 4155 quoque
3086 4087 3421 4151 martyribus
3448 4089 3561 4141 vir-

301 4185 456 4248 ἀξιον
469 4182 544 4242 ὡς
562 4180 746 4231 ἐπάνω
766 4180 861 4243 τῆς
882 4174 1057 4245 θήκης
1083 4176 1204 4227 καιό
1214 4192 1393 4242 μενον,
1420 4176 1547 4226 ἀλλὰ
1568 4177 1618 4226 τί
1646 4176 1781 4246 πρὸς
1803 4178 1894 4227 τὸν

1875 4193 1894 4226 ν
1998 4188 2172 4232 tutum
2218 4176 2550 4230 charismata
2598 4176 2813 4229 tribuit.
2858 4176 2988 4229 Dico
3012 4188 3189 4230 autem
3236 4187 3291 4231 et
3324 4178 3571 4247 quodest

302 4276 398 4326 ἐπὶ
425 4272 534 4324 τῶν
582 4268 866 4339 Χερουὸὶμ
895 4266 1296 4335 καθεζόμενονς
1343 4266 1437 4317 καὶ
1466 4266 1519 4317 τί
1550 4266 1609 4318 τὸ
1640 4268 1737 4333 τῆς
1760 4284 1895 4319 καν-

1876 4294 1895 4306 -
1998 4270 2207 4322 honore
2256 4268 2503 4337 dignum,
2548 4276 2811 4333 tanquam
2849 4268 2899 4320 id
2954 4269 3098 4337 quod
3131 4283 3297 4337 supra
3334 4269 3572 4323 loculum

298 4364 469 4434 δήλας
492 4361 669 4413 ἔλαιον
688 4358 798 4411 τῶν
820 4356 990 4424 ἁγίων
1019 4356 1493 4425 παραφερόμενον,
1513 4354 1545 4424 ἦ
1564 4356 1688 4416 τοὺς
1708 4356 1896 4421 ἁγίους

1880 4373 1896 4417 ;
2000 4360 2202 4422 ardet;
2256 4357 2349 4412 sed
2395 4356 2525 4425 quid
2578 4355 2644 4408 ad
2702 4355 3066 4424 aequalitatem
3103 4356 3244 4424 ejus.
3283 4359 3376 4429 qui
3425 4360 3576 4415 sedet

300 4453 502 4513 αὐτοὺς
551 4450 677 4510 τοὺς
708 4447 819 4517 [τοὶ
849 4446 949 4515 τῆς
1000 4443 1269 4514 κανδήλας
1308 4444 1631 4508 ἁγιάζοντας
1682 4442 1893 4507 έλαιον;
1931 4485 1971 4537 D

1882 4460 1893 4507 ;
1931 4485 1971 4537 D
2001 4465 2164 4518 super
2199 4448 2493 4503 Cherubim
2535 4446 2649 4502 ?Et
2674 4447 2803 4517 quid
2841 4448 3082 4501 candelae
3113 4462 3428 4503 sanctorum
3450 4449 3578 4504 atie-

302 4545 422 4599 Ιιᾶν
455 4541 564 4612 γὰρ
590 4542 728 4608 ὅπερ
766 4535 1025 4604 κτίσματι
1046 4534 1327 4597 τέτακται,
1357 4534 1418 4585 οὑ
1449 4534 1607 4603 μόνον
1633 4534 1894 4600 ὲπίγειον,
1931 4534 1957 4537 ⁷

1880 4569 1894 4592 ν
1931 4534 1957 4537 ⁷
2002 4546 2171 4599 rimus
2192 4544 2392 4607 oleum,
2420 4543 2765 4612 potiusquam
2792 4552 3017 4597 sanctos
3048 4544 3194 4612 ipsos
3212 4543 3302 4612 qui
3335 4543 3572 4600 candelae

301 4636 445 4689 ἀλλὰ
473 4635 539 4704 δὴ
581 4633 674 4685 καὶ
706 4631 977 4700 οὐράνιον,
1015 4632 1122 4682 εἴτε
1156 4627 1370 4698 Θρόνοι,
1393 4626 1500 4678 εἴτε
1537 4627 1729 4695 Ἀρχαὶ
1753 4668 1766 4689 ,
1790 4628 1898 4677 εἴτε

1873 4641 1898 4676 ε
1998 4636 2346 4690 sanctilicant
2388 4634 2608 4687 oleum?
2641 4635 2811 4687 Umne
2833 4634 3034 4703 quippe
3064 4637 3207 4701 quod
3241 4634 3381 4688 inter
3414 4651 3569 4689 crea-

317 4725 614 4790 Ἔξουσίαι,
646 4725 756 4775 είτε
785 4722 1144 4791 κυριότητες.
1168 4721 1275 4771 εἴτε
1299 4720 1566 4786 Δυνάμεις
1591 4716 1897 4784 ἁγγελικαὶ,
1998 4737 2013 4779 ι

1882 4756 1897 4779 ι
1998 4737 2146 4781 tua-as
2169 4727 2565 4789 dinumeratur,
2598 4740 2705 4778 non
2734 4728 2909 4777 solum
2939 4734 3240 4790 terrenum,
3263 4724 3356 4779 sed
3388 4735 3442 4779 et
3464 4746 3475 4774 ι
3495 4740 3578 4780 (e-

305 4815 402 4867 καὶ
438 4812 592 4879 παρὰ
627 4809 833 4871 ταύτας
863 4809 1068 4876 ἕτεραι,
1101 4808 1208 4858 εἴτε
1243 4806 1380 4857 αὑτὰ
1404 4806 1683 4876 Χερουόὶμ
1711 4806 1803 4858 καὶ
1830 4806 1896 4858 τὰ
1995 4820 2001 4873 ]

1886 4823 1896 4858 ι
1995 4820 2148 4883 leste,
2169 4820 2281 4872 sive
2301 4816 2527 4879 Throni,
2570 4818 2683 4871 sive
2722 4816 3090 4885 Principatus,
3138 4815 3253 4871 sive
3276 4815 3582 4871 PoteSIates

306 4906 565 4975 Σεραφὶμ
617 4904 685 4953 τὰ
731 4900 1092 4967 πολυόμματα
1142 4898 1254 4959 ζῶα
1290 4899 1382 4949 καὶ
1422 4897 1791 4964 ὲξαπτέρυγα,
1829 4897 1894 4949 τὰ

1884 4914 1894 4947 ι
2002 4910 2115 4964 sive
2144 4908 2575 4969 nominationes,
2599 4909 2714 4960 sive
2747 4906 2985 4959 Virtutes
3013 4907 3290 4975 angelicae,
3314 4916 3367 4960 et
3387 4920 3580 4974 praeter

304 4998 417 5050 τῶν
475 4993 688 5063 πολλῶν
750 4992 1065 5059 κτισμάτων
1110 4990 1242 5042 πολὺ
1292 4990 1613 5057 τιμιώτερα,
1668 4990 1759 5041 καὶ
1807 4989 1895 5041 διὰ

1882 5007 1895 5041 ι
2003 4997 2100 5050 has
2128 4998 2265 5060 alite,
2284 4998 2394 5051 sive
2424 4998 2524 5066 ipsi
2555 4997 2851 5052 Cltcrubim
2882 5007 2936 5051 et
2953 4998 3260 5066 Seraphim,
3282 4999 3578 5051 multorum

304 5086 473 5141 τοῦτο
499 5085 633 5137 Θεὸν
662 5082 1033 5150 έποχούμενον
1072 5081 1266 5149 ἔχοντα
1284 5096 1296 5109 ⁶
1348 5080 1459 5133 εἴτε
1489 5097 1573 5141 τις
1608 5082 1665 5131 ὲν
1689 5082 1899 5149 νοητοῖς

1887 5097 1899 5142 ῖ
2001 5089 2280 5141 oculorum
2300 5090 2890 5157 senarumquealarnm
2917 5088 3305 5155 animalia,qui
3326 5103 3449 5142 cum
3470 5091 3583 5145 sint

308 5179 475 5248 ἑτέρα
508 5176 685 5237 κτίσις
734 5173 1065 5241 καθέστηκε,
1095 5170 1216 5240 Θεῴ
1256 5173 1355 5242 μὲν
1389 5172 1600 5241 φανερὰ
1627 5170 1705 5240 τῷ
1743 5176 1900 5241 ποιή..
2001 5193 2004 5245 ἶ

1886 5201 1900 5212 -
2001 5179 2353 5246 pretiosiores
2400 5192 2564 5247 quam
2613 5179 2797 5231 multa:
2840 5189 3140 5243 creaturae,
3176 5179 3343 5233 Deum
3377 5181 3582 5235 idcirco

309 5282 495 5329 σαντι,
516 5264 649 5333 ἡμῖν
670 5262 727 5315 δὲ
761 5263 873 5323 τοῖς
888 5260 1208 5330 ἀνθρώποις
1230 5262 1371 5313 ἁπόκ
1382 5276 1569 5330 ρυφος.
1610 5263 1896 5330 ἀγαπητὸν
2000 5286 2005 5295 ·

1882 5280 1896 5313 θ
2000 5270 2194 5324 vehere
2217 5270 2601 5333 dinoscuntur,
2638 5271 2718 5325 vel
2758 5271 2927 5339 siqua
2969 5272 3023 5324 in
3074 5271 3439 5325 invisibilibus
3471 5273 3578 5325 alia

308 5360 529 5431 ⁴ἡγεῖται
582 5356 679 5409 καὶ
738 5351 959 5422 εὔχεται
1000 5353 1063 5406 τὸ
1090 5352 1330 5408 δούλειον
1376 5354 1531 5420 ἁγειν
1581 5353 1764 5421 ζυγὸν,
1802 5357 1898 5409 καὶ
2002 5388 2004 5406 ι

1880 5357 1898 5409 ἱ
2002 5370 2250 5417 creatura
2269 5374 2353 5417 est
2370 5362 2479 5418 Deo
2498 5362 2785 5417 manifesta
2800 5362 2892 5433 qui
2919 5362 3067 5429 fecit,
3085 5372 3138 5417 et
3164 5362 3324 5417 nobis
3339 5364 3576 5429 occulta,

1806 5447 2036 5506 NOTAE.

384 5539 501 5615 (22)
520 5538 725 5615 βοηΐετ
753 5539 857 5615 Mc
885 5538 1163 5615 egregium
1194 5538 1258 5591 "0
1283 5552 1515 5615 οτξῖβοτθ
1543 5545 1593 5592 εί
1630 5540 1896 5615 sanguine
2075 5544 2186 5615 (9.5)
2211 5546 2377 5600 Viden
2418 5545 2811 5615 Sophronium,
2847 5547 2939 5614 qui
2979 5546 3101 5599 oleo
3128 5554 3255 5601 ante
3282 5560 3470 5601 sacras
3492 5560 3580 5599 re-

316 5610 679 5686 Politiﬂi.__'ln
712 5610 1050 5686 eucltaristia
1105 5609 1482 5686 praesentibus,
1507 5609 1892 5686 testimonium:
2006 5609 2201 5682 liquia's
2250 5609 3226 5677 incenso'virtutem'medicinalem,
3283 5626 3582 5686 martyrum

316 5679 923 5756 Sophronii.cum_alio_
946 5680 998 5756 in
1044 5680 1439 5756 commentario
1470 5679 1712 5756 ejusdem
1745 5681 1896 5756 iilllr-
2007 5679 2216 5740 scilicet
2250 5687 2467 5741 ηιοιιίιίε
2502 5689 2872 5752 conamur“,
2910 5687 2993 5756 ρξε
3024 5686 3264 5739 unum?

316 5746 458 5820 sic».
505 5764 669 5818 quem
703 5750 806 5817 ipsi
841 5749 1115 5804 edidimus
1150 5764 1163 5813 ;
1205 5746 1440 5816 itemque
1469 5751 1521 5800 in
1567 5750 1759 5800 mirae.
1799 5749 1890 5801 3b.
