4294 6442
307 384 448 445 351⁸3

1274 392 1378 449 SS.
1407 391 1576 449 (ἰῐίὶι
1627 391 1717 448 ΕΓ
1757 390 2077 449 .ιέλὶδὶΣὶίὸ
2110 391 2527 449 Μιλίλευω.

3458 388 3560 450 357

309 503 672 570 φλεγόμενον,
710 501 970 572 τοιαύτην
1012 504 1161 572 αὑτῴ
1204 508 1551 573 προτείνουσι
1590 504 1700 570 1⁵37)
1735 504 1903 574 intra
1938 510 1974 563 Α

1938 510 1974 563 Α
2008 505 2221 563 dcnlcs,
2259 504 2304 555 si
2358 505 2462 567 vis,
2496 504 2673 569 aiunt,
2708 518 2735 556 a
2776 504 3034 573 languore
3086 502 3333 564 liberari,
3370 518 3600 573 surgens

315 592 446 665 [imo
492 592 910 665 ’1σραηλιτικὺν1
937 594 1071 646 λεὼν
1100 600 1147 647 οἱ
1193 595 1397 647 τούτων
1440 599 1619 663 γονεῖς
1654 599 1745 648 καὶ
1771 613 1900 664 τερο-

312 684 550 753 πάτορες
573 700 588 713 ·
640 684 762 737 ὅθεν
794 685 823 736 ὁ
856 687 1061 755 Πέτρος
1117 688 1251 757 μηδὲ
1286 691 1470 756 τυχεῖν
1514 687 1682 757 ἔφησε
1718 688 1903 757 βούλε-

314 777 439 830 σθαι
478 778 717 848 ῥώσεως,
745 778 881 846 μηδὲ
902 779 1003 845 τῆς
1033 781 1249 831 συνόδου
1274 782 1527 845 γενέσθαι
1546 782 1645 849 τῆς
1675 783 1732 832 εν
1764 781 1903 834 Χαλ-

311 869 498 939 κηδόνι
534 870 899 940 συναχθείσης
930 871 1204 939 ὁμόδοξος.
1240 874 1302 924 Ol
1335 874 1392 926 δὲ
1423 872 1703 926 θεσπέσιοι
1732 873 1901 927 ταῦτα

310 960 523 1028 λέγοντι
564 962 1037 1032 προσηπείλησαν,
1068 965 1164 1017 καὶ
1196 964 1271 1029 ὼς
1306 967 1405 1018 οὐκ
1437 967 1612 1029 ἄλλως
1655 967 1901 1039 σωθήσει

310 1071 402 1108 ται
436 1056 709 1125 φήσαντες
760 1056 1146 1127 ἀνεχώρησαν,
1178 1056 1276 1119 τὰς
1318 1056 1616 1126 ἀλγηδόνας
1642 1058 1791 1126 αὐτῷ
1820 1058 1899 1111 δι-

308 1148 668 1209 υπνίσαντες,
728 1146 795 1210 ἃς
852 1143 996 1217 ἦσαν
1048 1148 1203 1201 αὐτοὶ
1244 1152 1694 1205 κατευνάσαντες.
1757 1151 1817 1203 Ὀ
1845 1152 1899 1205 δὲ

308 1241 539 1304 ταύταις
582 1240 773 1304 δεινῶς
821 1242 1173 1311 αἰκιζόμενος
1214 1243 1375 1296 πάλιν
1424 1243 1680 1313 ἀρωγοὺς
1715 1244 1898 1298 ἐκάλει

307 1331 435 1392 τοὺς
468 1332 750 1400 μάρτυρας
773 1348 786 1360 ·
813 1331 949 1383 ἀ).λά
994 1331 1155 1385 πάλιν
1187 1333 1454 1396 ἐλθόντες,
1480 1335 1575 1386 καὶ
1608 1334 1677 1386 τὰ
1707 1334 1899 1402 πρῶτα

308 1420 717 1484 προτείναντες,
754 1421 1074 1487 ἀπράκτους
1114 1420 1405 1473 ἀπέλυσεν.
1441 1422 1515 1472 υύ
1550 1421 1709 1489 μόνον
1735 1421 1791 1472 δὲ
1817 1421 1899 1483 δὶς

307 1510 403 1562 καὶ
438 1514 554 1580 τρὶς
599 1512 630 1580 ἢ
664 1514 921 1581 τετράκις
971 1514 1128 1564 τοῦτο
1158 1513 1484 1583 πεποίηκεν,
1529 1513 1663 1566 ἀλλά
1700 1514 1898 1567 πολλά-

307 1620 394 1665 διις
438 1605 636 1663 αὐτοὺς
668 1605 851 1657 καλῶν
881 1609 960 1667 εἰς
998 1606 1273 1674 βοήθειαν,
1309 1607 1401 1657 καὶ
1432 1604 1501 1657 δι’
1522 1600 1721 1659 ὀἶκτον
1750 1607 1899 1676 αὐτῷ

305 1694 474 1746 πολὺν
504 1695 902 1761 ὑπακούοντας,
947 1699 1037 1750 καὶ
1075 1700 1141 1749 τα
1178 1700 1318 1751 αὑτᾶ
1356 1701 1528 1751 ποιεῖν
1574 1698 1899 1768 ἐπιτρέπον-

302 1804 425 1847 τας,
454 1788 525 1842 ὡς
550 1789 649 1840 οὐκ
682 1788 935 1852 ἐλθόντας
966 1790 1224 1855 ἀπέλυεν,
1262 1791 1334 1860 μὴ
1366 1789 1691 1859 βουλόμενος
1714 1793 1897 1853 αὐτοῖς

2009 594 2311 662 pretiosnm
2346 590 2643 645 Jordanem
2691 593 2979 661 ingredere
3016 592 3147 662 (hoc
3182 594 3327 645 enim
3382 594 3602 646 nomine

2007 683 2363 735 Alexandrini
2437 682 2577 735 sacri
2648 682 2995 750 baptismatis
3062 682 3333 751 piscinam
3392 682 3602 749 siguili-

2005 780 2130 827 cant
2157 773 2290 841 (29),
2328 788 2394 827 eo
2415 771 2835 842 quodChristns
2869 774 3131 828 Dominus
3163 784 3353 829 noster
3384 774 3449 827 ad
3483 791 3603 844 pui-

2005 862 2284 932 gatiouem
2320 863 2495 918 nostri
2526 864 2600 917 sit
2636 865 2690 916 in
2734 860 2975 918 Jordane
3007 866 3232 920 llumine
3261 866 3598 936 baptiaatusl

2006 956 2372 1024 manibusque
2432 955 2631 1009 ibidem
2697 956 2848 1020 lotis,
2911 960 3172 1026 mysteria
3217 957 3430 1013 Christi
3477 972 3601 1028 quae

2006 1044 2117 1100 illic
2150 1053 2281 1099 sunt
2301 1045 2515 1114 accipe,
2539 1061 2800 1099 manuum
2843 1046 3201 1103 ostendentes
3240 1050 3435 1119 ﬁgura,
3473 1065 3600 1105 cor-

2005 1138 2153 1208 poris
2182 1138 2390 1194 Christi
2428 1156 2490 1193 ac
2523 1142 2811 1211 sanguinis
2842 1143 3115 1196 vivillcam
3145 1160 3211 1200 ac
3230 1144 3444 1199 beatam
3472 1162 3599 1216 per-

2003 1231 2329 1295 ceptionem.
2351 1232 2451 1298 Qui
2477 1231 2795 1297 liOCaudito,
2814 1236 3011 1289 malam
3032 1238 3460 1308 propositionem
3477 1256 3601 1296 esse

2002 1321 2437 1392 ait,synodoque
2476 1325 2756 1378 maledixit
2779 1324 3503 1400 Cbalcedonensi.quamvis
3534 1333 3602 1387 li-

2002 1414 2171 1481 quiilo
2195 1415 2362 1468 sciret
2394 1416 2556 1485 hujus
2589 1429 2869 1473 auctores.
2894 1419 3092 1475 Odium
3125 1422 3331 1493 quippe
3363 1428 3596 1480 multum

2003 1507 2242 1579 [Egyplii
2310 1526 2373 1564 ex
2426 1512 2910 1571 irrationabilitate
2963 1531 3027 1570 ac
3086 1518 3381 1575 barbarico
3431 1538 3596 1577 sensu

2001 1614 2189 1655 contra
2222 1614 2483 1669 sanctum,
2510 1604 2612 1659 huc
2634 1606 2882 1661 feruntur
2916 1612 3212 1664 ceucilium
3242 1612 3381 1682 (50),
3402 1631 3600 1683 quem-

2002 1695 2295 1746 admodum
2356 1696 2630 1763 quendam
2682 1698 2950 1755 adverStis
3004 1699 3366 1757 Isracliticnm
3424 1720 3596 1776 popu-

2004 1785 2136 1847 lum,
2183 1785 2375 1838 horum
2411 1799 2661 1855 parentes
2718 1805 2783 1843 ac
2834 1794 3138 1861 gemtures.
3199 1793 3355 1850 Unde
3405 1797 3600 1859 Petrus

305 1879 559 1931 ὑπείκειν
611 1881 704 1932 καὶ
771 1882 1082 1934 πείθεσθαι.
1136 1883 1551 1950 Δυσμετάθετον
1600 1883 1707 1953 γὰρ
1751 1882 1899 1943 ἔθνος
1939 1880 1976 1931 Β

1939 1880 1976 1931 Β
2006 1893 2182 1945 neque
2212 1879 2503 1933 sanitatem
2542 1882 2676 1935 velle
2745 1899 2805 1936 se
2863 1886 3158 1952 impetrare
3226 1887 3385 1954 dixit,
3420 1906 3598 1960 neque

303 1968 594 2030 Αἰγύπτιοι
629 1970 766 2037 (28),
803 1974 896 2023 καὶ
928 1973 955 2025 ὃ
980 1976 1157 2025 ποιεῖν
1188 1972 1335 2039 ἅπαξ
1372 1975 1748 2040 θεσπίσουσιν,
1785 1976 1896 2029 εἴτε

302 2058 470 2109 καλὸν
506 2061 615 2112 εἴτε
652 2061 877 2129 χηρεύοι
927 2063 1020 2115 τοῦ
1076 2064 1403 2133 κρείττονος.
1438 2067 1499 2119 ού
1555 2067 1759 2136 ῥαδίως
1808 2083 1902 2134 με-

301 2150 545 2203 θειᾶσιν·
575 2156 670 2205 καὶ
694 2148 842 2206 οὗτοι
873 2155 972 2224 μὲν
988 2156 1224 2209 τοιοῦτοι
1250 2159 1616 2227 τυγχάνουσιν
1640 2158 1902 2221 ἅπαντες.

2009 1972 2203 2042 synodi
2232 1988 2356 2041 quae
2382 1973 2732 2029 Chalcedone
2764 1979 2991 2032 collecta
3025 1990 3129 2043 est,
3149 1979 3266 2036 ﬁeri
3303 1994 3566 2038 consents
3585 2014 3600 2026 -

2013 2080 2199 2117 neum.
2238 2065 2317 2118 Illi
2345 2078 2526 2119 autem
2554 2072 2756 2139 egregii
2786 2082 3052 2143 martyres
3106 2074 3223 2131 haec
3268 2076 3471 2132 dicenti
3496 2080 3600 2132 mi-

2016 2158 2128 2210 nati
2162 2168 2325 2219 suut;
2360 2169 2413 2212 et
2454 2164 2602 2227 quod
2643 2179 2751 2216 non
2786 2164 2947 2219 aliter
2984 2175 3133 2222 esset
3180 2170 3481 2227 salvandus
3509 2187 3598 2228 as-

302 2254 646 2308 severantes,
671 2256 1046 2312 recesserunt,
1085 2248 1306 2304 dolores
1331 2251 1382 2304 ei
1425 2251 1893 2318 cxcitautesqnos
1932 2249 2138 2317 pridem
2174 2249 2536 2317 sedaverant;
2609 2254 2702 2323 qui
2775 2256 3041 2311 atrociter
3105 2259 3192 2315 his
3249 2262 3595 2322 verberatus.

304 2330 501 2389 iterum
560 2338 841 2406 adjutores
900 2342 1176 2395 asciscere
1221 2350 1495 2411 martyres
1533 2343 1882 2411 procumbat,
1927 2340 2019 2393 sed
2057 2340 2253 2394 iterum
2294 2342 2577 2399 venientes
2630 2356 2684 2400 et
2712 2346 2887 2413 prima
2947 2350 3377 2419 praetendentes,
3458 2356 3597 2408 inel-

303 2428 508 2482 iicaces
561 2431 772 2485 dimisit
808 2449 821 2494 ;
858 2450 967 2486 non
1019 2443 1202 2488 autem
1256 2436 1338 2488 llis
1380 2444 1433 2487 ct
1462 2444 1544 2488 tcr
1580 2446 1674 2489 aut
1705 2445 1899 2504 quater
1922 2434 2023 2488 hoc
2047 2435 2198 2500 fecit,
2235 2440 2329 2494 sed
2371 2440 2654 2494 inultoties
2730 2454 2827 2495 eos
2852 2456 3059 2497 vocans
3120 2444 3176 2497 in
3234 2447 3593 2518 adiutorium,

301 2525 395 2589 qui
434 2540 559 2577 cum
586 2538 807 2596 propter
833 2531 1060 2581 multam
1096 2530 1507 2585 miserationem
1546 2531 1892 2591 exaudirent,
1932 2530 2202 2587 eteadem
2250 2534 2433 2590 facere
2462 2536 2844 2605 praeciperent,
2882 2538 3039 2607 quasi
3102 2553 3211 2593 non
3292 2542 3597 2607 venissent,

303 2613 441 2666 nihil
478 2622 687 2672 veritus
737 2620 1079 2687 dimittebat,
1114 2623 1312 2677 nolens
1339 2622 1419 2676 eis
1468 2623 1629 2677 suledi
1672 2622 1753 2677 vel
1786 2623 2008 2677 obedire
2034 2641 2050 2688 ;
2076 2626 2225 2679 natio
2256 2628 2402 2681 enim
2435 2626 2819 2698 Egyptiorum
2888 2632 2973 2684 vix
3031 2642 3299 2697 mutatur,
3338 2643 3393 2688 et
3446 2639 3590 2706 quod

303 2703 489 2762 facere
550 2714 720 2766 semel
774 2712 1105 2777 decreverit,
1166 2715 1284 2769 sive
1320 2715 1391 2769 sit
1419 2715 1648 2777 bonum,
1674 2715 1791 2769 sive
1831 2717 1902 2769 sit
1940 2717 2153 2770 meliori
2211 2718 2480 2784 deterius,
2527 2718 2802 2775 diﬂicilius
2847 2722 3205 2791 immittatur;
3238 2736 3293 2782 et
3341 2728 3433 2784 isti
3462 2733 3584 2799 qui-

305 2808 433 2862 dem
475 2810 614 2863 tales
640 2819 770 2864 sunt
801 2810 1067 2866 universi.

374 2902 580 2971 ΙΙέτρος
600 2904 656 2956 δὲ
679 2905 779 2972 τῆς
809 2907 1002 2976 ὀδύνης
1032 2907 1305 2979 ὑπερϐολῇ
1332 2909 1767 2981 τιμωρούμενος,
1797 2912 1894 2964 καὶ

301 2992 493 3059 φέρειν
524 2992 606 3044 ἔτι
656 2994 766 3046 τῶν
795 2995 1047 3064 βασάνων
1092 2998 1189 3068 οὐχ
1223 2994 1336 3063 οἷός
1361 3017 1421 3053 τε
1439 3000 1529 3053 πῶν
1566 3002 1665 3070 τὴν
1705 3002 1898 3073 δριμύ-

298 3100 462 3149 τητα,
491 3086 645 3155 μόλις
674 3087 729 3139 δὲ
761 3089 856 3141 καὶ
887 3088 1032 3142 οὕτω
1062 3092 1307 3154 πεισθεὶς
1337 3098 1448 3157 τοῖς
1472 3096 1579 3147 τῶν
1604 3096 1776 3162 ἁγίων
1808 3115 1899 3150 κε-

300 3176 593 3244 λεύσμασι,
629 3179 856 3245 τούτους
880 3183 941 3234 τὸ
968 3183 1281 3237 τελευταῖον
1306 3185 1588 3251 ἐκάλεσεν,
1616 3188 1703 3242 ἵνα
1736 3190 1897 3242 πάλιν

298 3268 678 3337 οἰκτείραντες
710 3271 928 3334 ἔλθωσι,
975 3276 1071 3327 καὶ
1114 3274 1216 3338 τὰς
1256 3274 1447 3339 ὀδύνας
1481 3278 1768 3343 διώξωσιν,
1801 3283 1897 3334 καὶ

297 3359 401 3428 τὴν
431 3360 600 3428 ρῶσιν
640 3363 976 3431 χαρίσωνται
997 3381 1011 3395 ’
1048 3368 1141 3418 καὶ
1172 3368 1375 3429 παντὸς
1403 3363 1464 3422 οὗ
1492 3369 1537 3422 δ’
1572 3370 1638 3423 ἂν
1666 3372 1894 3426 ἐθέλωσί

296 3468 358 3505 τε
413 3454 507 3504 καὶ
555 3453 804 3518 λέξωσιν,
861 3457 1054 3510 τούτου
1110 3460 1409 3532 πληρωτὴν
1459 3462 1654 3517 ἑαυτὸν
1698 3466 1895 3535 ὁρίζων

297 3544 571 3598 ἑκούσιον.
601 3547 664 3599 Οἱ
711 3547 767 3600 δὲ
823 3551 1133 3617 συμπαθεῖς
1186 3552 1339 3615 ὄντες
1390 3555 1486 3606 καὶ
1519 3556 1893 3627 φιλάνθρωποι

304 3637 606 3706 μάρτυρες,
642 3639 737 3693 καὶ
765 3640 888 3693 τότε
914 3642 1208 3707 καλοῦντος
1240 3646 1521 3714 ἀφίκοντο,
1548 3650 1641 3702 καὶ
1665 3650 1733 3702 τά
1756 3651 1894 3703 αὐτὰ

299 3730 481 3780 ποιεῖν
533 3728 906 3796 διετάττοντο,
957 3734 1052 3786 καὶ
1099 3736 1358 3789 κοινωνὸν
1400 3738 1565 3793 αὐτὸν
1606 3739 1753 3811 ἔχειν
1793 3742 1894 3811 τῆς

296 3820 561 3885 πίστεως,
591 3827 642 3877 εί
674 3826 925 3897 πεισθείη
955 3829 1052 3881 καὶ
1076 3830 1318 3902 ποιήσει,
1344 3832 1669 3904 διώμνυντο.
1704 3837 1893 3909 Τούτῳ

293 3913 407 3982 γὰρ
440 3914 526 3967 ἔτι
556 3915 863 3981 διστάζοντι
896 3922 1028 3988 περὶ
1070 3922 1175 3993 τὴν
1219 3923 1327 3976 τῶν
1362 3928 1677 3997 μυστηρίων
1724 3932 1892 3998 μετά-

292 4005 481 4074 ληψιν,
499 4008 613 4059 Οὐκ
635 4009 797 4078 ἀρκεῖ
824 4012 1125 4077 πιστεύειν,
1151 4015 1507 4085 ἐφθέγξαντο,
1540 4020 1615 4083 ὡς
1640 4022 1823 4090 ἡμεῖς,
1847 4018 1893 4076 ὦ

294 4094 497 4165 Πέτρε,
547 4099 906 4167 πιστεύομεν,
939 4103 1034 4155 καὶ
1065 4105 1199 4173 ἡμῖν
1251 4107 1310 4159 ὲν
1341 4107 1420 4178 τῷ
1472 4109 1604 4181 περὶ
1654 4113 1891 4177 πίστεως

292 4187 443 4260 λόγῳ
474 4192 909 4260 auxerint-:30“;
948 4196 1009 4249 Ὀ
1042 4197 1100 4250 δὲ
1124 4200 1262 4268 πρὸς
1289 4202 1492 4265 αὐτοὺς
1525 4204 1689 4258 πάλιν
1710 4206 1892 4274 λέγειν

294 4279 606 4349 ἐτόλμησεν
629 4298 645 4313 ο
674 4282 741 4335 Τί
769 4285 878 4355 γὰρ
917 4288 1012 4339 καὶ
1040 4288 1218 4357 ὑμεῖς,
1244 4283 1289 4343 ὦ
1323 4291 1418 4344 τοῦ
1448 4293 1686 4364 Χριστοῦ
1714 4298 1889 4363 μεγά-

292 4369 377 4423 λοι
408 4369 763 4439 θεράποντες,
799 4373 875 4437 ὡς
905 4377 938 4445 ἡ
980 4378 1038 4430 ὲν
1068 4379 1376 4450 Χαλκηδόνι
1428 4384 1713 4438 πιστεύετε
1758 4387 1886 4441 σύν-

291 4460 448 4526 οδοςς
469 4464 535 4515 ΟΞ
561 4464 617 4517 δὲ
639 4465 781 4518 κατά
801 4466 1006 4537 ταύτην
1036 4473 1253 4539 φρονεῖν
1282 4471 1382 4542 τὴν
1404 4472 1514 4526 τῶν
1543 4476 1705 4547 ἱερῶν
1734 4480 1888 4533 ὁσίαν

290 4554 511 4627 πληθὺν
559 4557 955 4629 ὡμολόγησαν
990 4563 1083 4615 καὶ
1120 4562 1264 4617 οὕτω
1314 4569 1594 4621 πιστεύειν
1638 4570 1714 4634 ὡς
1749 4573 1780 4641 ἡ
1827 4574 1886 4625 ὲν

2079 2908 2273 2963 Petrus
2323 2918 2505 2962 autem
2559 2909 2845 2967 doloribus
2903 2914 3131 2969 nimimn
3195 2921 3499 2985 cruciatus,
3540 2934 3594 2979 et

2005 3000 2237 3056 suﬂ'erre
2273 3003 2415 3055 ultra
2446 3012 2850 3058 tormentorum
2889 3023 2997 3060 non
3027 3012 3216 3065 valens
3248 3017 3587 3075 acredinem.

2004 3094 2195 3159 sicque
2226 3092 2446 3144 tandem
2481 3102 2801 3147 sanctorum
2855 3095 3202 3163 jussiouihus
3238 3116 3457 3168 parcns,
3492 3105 3589 3158 hos

2006 3184 2307 3237 novissime
2351 3184 2627 3249 invitavit,
2653 3200 2763 3254 quo
2824 3201 3019 3241 rursus
3047 3190 3258 3249 miserti
3317 3196 3586 3257 venirent.

2002 3283 2055 3329 et
2084 3276 2303 3329 dolores
2336 3277 2623 3345 pellerent,
2651 3285 2705 3331 et
2731 3278 3023 3333 sanitatem
3059 3280 3354 3345 donarent,
3387 3294 3441 3339 et
3488 3302 3587 3357 pro

2001 3376 2151 3421 certo
2175 3367 2441 3423 deliniens
2474 3387 2533 3423 se
2562 3371 2831 3440 quidquid
2872 3373 3071 3427 vellent
3100 3384 3155 3429 et
3186 3376 3455 3443 dicerent,
3489 3395 3587 3435 to-

2000 3460 2236 3515 luutarie
2267 3464 2693 3530 completurum.
2715 3465 2814 3519 Ast
2843 3469 3361 3536 compatieutissinii
3396 3488 3585 3529 revera

1998 3560 2052 3605 et
2108 3561 2384 3609 amatores
2442 3556 2725 3610 hominum
2765 3568 3055 3629 martyres,
3114 3562 3277 3615 etiam
3330 3572 3461 3620 tunc
3493 3566 3587 3622 illo

2001 3652 2229 3696 vocante
2279 3646 2595 3710 veniebant,
2620 3647 2890 3702 eteadem
2949 3649 3134 3706 facere
3175 3655 3583 3725 praecipiebant,

1996 3736 2636 3807 communicaloremque
2696 3754 2757 3794 se
2823 3740 2947 3796 ﬁdei
3008 3742 3153 3799 hunc
3198 3744 3482 3814 jnrabant,
3537 3754 3583 3805 si

1996 3826 2399 3895 acquiesceret,
2438 3837 2493 3883 et
2530 3831 2685 3898 jussa
2718 3832 3023 3900 perliceret,
3086 3835 3393 3893 habituros.
3425 3840 3584 3895 Hunc

1994 3933 2127 3986 ergo
2160 3933 2283 3972 cum
2336 3919 2518 3974 adhuc
2565 3922 2715 3977 circa
2769 3934 3243 3981 sacramentorum
3282 3931 3585 4000 perceptio-

1996 4026 2119 4066 nem
2157 4011 2462 4079 dubitaret,
2488 4011 2605 4067 Non
2636 4016 2732 4070 tibi
2779 4016 2981 4071 Sllmt'il.
3018 4021 3242 4076 credere
3297 4034 3588 4090 perconta-

1993 4101 2217 4166 bantur,
2248 4106 2392 4159 sicut
2420 4121 2518 4158 nos
2538 4108 2834 4174 credimus,
2863 4125 2894 4160 o
2913 4108 3090 4171 Petre,
3122 4125 3176 4165 et
3208 4114 3495 4170 nobiscum
3530 4119 3582 4172 in

1996 4196 2210 4250 ratione
2236 4196 2359 4250 lidei
2377 4200 2686 4267 computari
2720 4201 2742 4253 ?
2774 4200 2864 4254 llln
2891 4220 3020 4257 vero
3063 4205 3128 4257 ad
3156 4222 3252 4261 eos
3286 4210 3482 4263 iterum
3509 4212 3586 4265 di-

1994 4302 2121 4342 cere
2144 4292 2534 4358 praesumebat,
2568 4294 2946 4360 nunquidnam
2980 4304 3035 4350 et
3064 4313 3178 4362 vos,
3215 4315 3248 4351 ο
3278 4304 3460 4374 magni
3501 4305 3584 4368 fa:-

1992 4381 2123 4435 muli
2155 4381 3033 4448 Christi,sicutChalcedonensis
3053 4391 3279 4457 creditis
3305 4397 3585 4465 synodus?

1991 4472 2062 4526 At
2088 4472 2164 4526 illi
2186 4477 2489 4529 secundum
2517 4477 2658 4531 hanc
2677 4494 2873 4548 sapere
2901 4493 3147 4535 sanctam
3176 4484 3580 4542 multitudinem

1992 4567 2330 4621 sacerdotum
2362 4567 2600 4625 eonlessi
2634 4585 2781 4638 sunt,
2816 4585 2868 4626 et
2897 4574 2968 4628 ita
2988 4574 3215 4631 credere
3239 4578 3385 4632 sicut
3417 4580 3582 4634 Chal-

289 4647 605 4716 Χαλκηδόνι
641 4650 977 4704 πεπίστευκε
1018 4652 1268 4718 σύνοδος·
1319 4659 1417 4711 καὶ
1455 4661 1663 4729 ταύτην
1703 4661 1891 4730 ἔλεγον
1916 4667 1971 4727 D

1882 4667 1971 4727 lD
1997 4661 2311 4717 cedoneuse
2354 4650 2648 4719 concilium
2700 4667 2933 4722 credidit
2967 4671 3310 4735 astruebant,
3344 4682 3398 4728 ct
3439 4674 3578 4729 hanc

292 4739 483 4792 πίστιν
528 4740 695 4810 ὀρθὴν
730 4746 823 4795 καὶ
865 4743 1225 4801 θεόπνευστον
1278 4749 1564 4822 κήρυγμα,
1605 4752 1672 4824 ἣν
1711 4755 1743 4824 ὴ
1799 4754 1887 4807 λε-

291 4832 492 4901 χθεῖσα
521 4832 738 4897 σύνοδος
770 4834 962 4905 ὥρισε.

367 4923 559 4978 Ταῦτα
596 4924 849 4989 λέξαντες
881 4930 930 4979 οἱ
957 4927 1253 4996 θεσπέσιοι,
1294 4933 1387 4985 καὶ
1417 4933 1486 4986 δι’
1522 4935 1701 5005 ὅρκων
1747 4939 1887 4993 αὑτά

292 5012 721 5082 βεῦαιὼσαντες,
748 5017 843 5069 καὶ
870 5018 961 5071 τὸν
983 5019 1191 5090 Πέτρον
1218 5022 1320 5091 ἤδη
1349 5026 1750 5095 προπεισθέντα
1774 5032 1887 5094 τοῖς

292 5103 554 5175 βασάνοις
581 5107 902 5177 δράσαντες,
928 5111 1005 5181 τῷ
1024 5112 1201 5165 δοκεῖν
1223 5114 1583 5186 ἀνεχώρησαν
1605 5119 1699 5172 τοῦ
1724 5123 1887 5191 τεμέ-

290 5215 420 5261 νους
445 5199 627 5253 αὐτῶν
650 5202 750 5254 οὐκ
777 5204 1109 5274 είργόμενοι.
1143 5207 1199 5259 ὐ
1216 5207 1272 5261 δὲ
1296 5210 1510 5279 πρωῖας
1527 5211 1588 5263 τὸ
1614 5214 1887 5285 μακάριον

291 5290 586 5364 ιπλήρωσε
652 5298 1003 5369 πρόσταγμα,
1051 5300 1148 5354 καὶ
1208 5301 1399 5371 μισθὸν
1442 5304 1729 5370 εὐσεϐείας
1781 5309 1883 5379 τὴν

1990 4766 2113 4807 esse
2144 4753 2303 4808 (idem
2330 4764 2533 4810 rectam
2570 4766 2623 4812 et
2653 4759 3099 4828 przedicationem
3122 4762 3389 4818 divinitus
3410 4767 3579 4838 inspi-

1990 4854 2356 4916 ratam,quam
2378 4850 2639 4917 praedicta
2656 4851 2898 4920 synodus
2919 4853 3211 4917 definierit.
3232 4858 3574 4915 asserebant.

2062 4939 2188 4995 Haec
2217 4956 2341 4995 cum
2391 4943 2593 5012 egregii
2643 4944 2930 5008 dixissent,
2967 4954 3022 5001 et
3082 4947 3445 5018 jurejurando
3511 4969 3575 5007 ea

1994 5029 2327 5096 ﬁrmassent,
2356 5030 2687 5101 Petrumque
2717 5034 2828 5103 jam
2849 5035 3137 5090 credulum
3171 5041 3463 5094 tormentis
3483 5056 3578 5111 pa-

1994 5133 2254 5187 trassent,
2289 5134 2349 5177 ut
2375 5134 2623 5194 putatum
2662 5137 2771 5191 est,
2796 5139 3146 5185 recesserunt
3185 5147 3214 5185 a
3246 5133 3452 5203 templo
3472 5150 3577 5189 suo

1992 5217 2199 5273 exclusi
2237 5219 2570 5275 nullatenus.
2620 5223 2690 5275 At
2729 5222 2840 5286 ille,
2885 5224 3043 5277 beato
3095 5226 3367 5296 completo
3413 5245 3576 5284 mane

1991 5319 2284 5380 praecepto,
2304 5312 2552 5368 mercede
2581 5313 2802 5384 pietatis
2828 5316 3204 5374 incolumitate
3232 5322 3438 5390 potitus
3466 5336 3569 5385 est,

1793 5450 2019 5508 ΝΟΤᾹΞ.

368 5532 484 5598 ('27)
515 5534 682 5611 Quid_
706 5536 998 5611 iu_codicis
1030 5538 1205 5592 Graeci
1240 5540 1438 5594 lacuna
1474 5540 1546 5595 sit
1578 5542 1879 5611 perditum,

292 5604 653 5656 iletnonstrat-
668 5604 893 5660 Latinus
925 5617 1128 5661 textus.

370 5673 483 5738 ('28'
519 5672 765 5745 Egyptii
791 5681 993 5745 quippe
1010 5687 1143 5731 sunt
1170 5678 1421 5733 Dioscori
1447 5690 1501 5735 ct
1520 5679 1707 5734 Severi
1730 5699 1881 5738 asse-

294 5744 418 5803 cLe,
447 5744 686 5813 quorum
722 5744 1005 5800 hominum
1030 5757 1222 5803 contra
1248 5750 1544 5806 concilium
1580 5751 1881 5809 Chalcedo-

298 5829 473 5868 ncuse
508 5827 651 5870 uota:
682 5827 811 5871 sunt
841 5821 916 5871 ira
942 5829 996 5873 et
1026 5819 1302 5889 impietas.

2064 5547 2174 5610 (29)
2208 5546 2417 5616 lleapse
2457 5557 2509 5600 et
2540 5550 2591 5600 in
2630 5549 2831 5616 priscis
2867 5550 3227 5603 ecclesiarum
3263 5548 3419 5603 Boni.
3450 5569 3573 5607 mu-

1992 5619 2123 5670 sivis
2159 5629 2442 5685 spectatur
2485 5618 2684 5673 ﬂuvius
2716 5634 2843 5673 cum
2876 5620 3238 5688 inscriptione
3268 5619 3565 5687 Jordunes,

1990 5704 2099 5760 quo
2139 5689 2421 5742 lustralem
2477 5690 2735 5757 baptismi
2792 5707 2991 5760 aquam
3043 5690 3367 5760 significari,
3410 5710 3570 5747 nemo

1990 5759 2336 5820 antiquarius
2369 5777 2473 5812 nun
2501 5760 2571 5812 dii
2596 5764 2654 5814 il.

2063 5829 2174 5895 (30)
2201 5829 2345 5885 Gi-ns
2382 5830 2762 5900 .Ecvptiurum
2798 5833 3059 5900 propositi
3101 5843 3261 5887 lenas
