4294 6442
274 390 410 455 3577

274 589 336 642 τὸ
367 587 666 659 πρότερον·
693 583 808 638 ἀλλ’
834 587 914 646 εἰς
948 583 1006 634 τὸ
1030 581 1140 633 τῶν
1174 582 1346 648 άγίων
1388 585 1681 649 γενόμενος
1708 584 1869 651 τέμε-

276 700 388 744 νος,
407 682 610 750 τρόπον
630 679 752 731 τινά
773 679 931 746 γένος
953 675 1224 744 ἠλλάξατο
1243 691 1255 702 ·
1281 674 1562 740 Αἰγύπτου
1583 674 1691 742 γάρ
1711 672 1869 726 τοῦτο

281 775 482 846 μᾶλλόν
525 775 642 826 ἐστι
686 769 1074 839 πλησιαίτερον
1101 781 1114 794 ·
1164 765 1225 816 τὸ
1269 764 1325 816 δὲ
1354 764 1451 833 τῆς
1497 764 1866 832 μετοικήσεως

276 868 472 932 αἴτιον,
520 865 733 932 δαίμων
760 858 850 932 ἦν,
875 861 964 922 ὼς.
995 859 1265 926 λέγουσιν,
1301 857 1511 926 ἄγριος,
1539 854 1598 917 ὃς
1629 857 1685 906 ἐν
1717 854 1869 923 αὐτῷ

276 960 378 1032 τὴν
422 958 708 1012 κατοικίαν
740 953 1091 1023 ποιούμενος,
1130 952 1401 1019 ἀφόρητος
1433 945 1499 1018 ἦν
1539 948 1626 1000 διὰ
1669 947 1870 1014 πολλὴν

277 1053 602 1123 ἀγριότητα.
639 1048 844 1101 Τούτου
883 1048 1042 1115 χάριν
1075 1045 1102 1095 ὁ
1139 1043 1391 1111 Ἰωάννης
1425 1041 1708 1110 δεδεμένος
1744 1040 1870 1092 άλύ-

281 1161 432 1198 σεσιν
461 1143 596 1213 πρὸς
622 1141 746 1202 τοὺς
792 1139 1076 1208 μάρτυρας
1115 1135 1298 1205 ἤγετο,
1338 1135 1487 1194 ὅπως
1519 1131 1686 1184 αὐτὸν
1713 1131 1870 1201 ἐλεή-

281 1253 474 1298 σαντες
523 1233 617 1286 τοῦ
667 1229 1044 1292 συνοικοῦντος
1092 1225 1480 1295 >.υτριῖ›σωνται
1525 1223 1810 1291 δαίμονοςο
1843 1221 1872 1274 ὃ

283 1331 377 1382 καὶ
421 1328 616 1380 θάττον
648 1322 1018 1394 πεπράχασιν.
1063 1319 1416 1379 Ἑκϐάλόντες
1469 1316 1577 1383 γάρ
1628 1313 1786 1374 εὐθὺς
1811 1313 1873 1365 τὸ

279 1421 579 1489 δαιμόνιον,
608 1417 708 1486 τῆς
736 1415 930 1470 τούτου
968 1411 1164 1483 μανίας
1193 1411 1416 1480 διηνεκῆ
1452 1411 1751 1480 δωροῦνται
1774 1409 1873 1479 τὴν

280 1515 574 1582 λύτρωσιν.

366 1607 424 1657 '0
455 1605 511 1656 δὲ
556 1601 762 1670 ταύτης
800 1597 979 1668 τυχὼν
1027 1596 1126 1664 τῆς
1165 1593 1510 1665 λυτρὼσεως,
1551 1592 1658 1644 τῶν
1701 1608 1874 1644 σεσω-

281 1695 457 1746 κότων
487 1693 658 1758 ἁγίων
702 1690 888 1743 δοῦλον
916 1686 1108 1740 ἑαυτὸν
1157 1684 1540 1755 ἀπεγράψατο,
1577 1685 1676 1751 τῆς
1711 1684 1874 1752 θερα-

282 1786 444 1847 πείας
471 1785 630 1850 ἀξίαν
655 1781 1067 1850 ἐνδεικνύμενος
1106 1777 1342 1838 εὔνοιαν,
1375 1777 1444 1828 δι’
1491 1777 1557 1846 ἣν
1597 1776 1691 1828 καὶ
1747 1792 1874 1844 μετ-

1227 383 1329 442 SS.
1365 384 1538 442 (ΣΥίῖΙ
1574 385 1667 444 ΕΤ
1697 384 2019 444 JOANNlS
2073 385 2484 445 .‘dlllMZUl..\.

351 497 525 557 Λίϐυς
557 496 586 546 ὁ
626 494 879 560 Ἰωάννης
909 493 1224 560 ἐτύγχανεν,
1258 491 1354 542 καὶ
1380 491 1719 560 Μαραιὼτην
1741 490 1874 562 ᾤκει
1907 495 1949 552 Α

3414 392 3554 454 3573

2054 493 2257 562 Liliyus
2290 495 2526 550 Joannes
2560 507 2698 560 erat,
2751 507 2804 550 et
2841 499 2983 564 apud
3035 497 3323 552 Mat'arturu
3365 507 3553 570 primi-

1973 595 2062 638 tus
2096 585 2460 647 habitaverat,
2509 589 2601 641 sed
2657 605 2781 641 cum
2823 590 2889 642 ad
2938 600 3258 644 sanctorum
3314 593 3558 649 venisset

1971 677 2280 736 basilicam,
2315 692 2491 746 genus
2526 679 2686 731 modo
2708 677 2945 748 quodam
2977 685 3228 744 mulavit,
3269 682 3381 736 hzec
3409 685 3554 738 enim

1969 777 2054 823 est
2086 768 2323 840 Egypto
2371 773 2762 840 propinquius.
2819 773 2994 828 Porro
3048 777 3558 842 transmigrationis

1972 870 2164 915 auctor
2192 862 2402 916 dannon
2434 875 2571 927 erat,
2607 874 2663 917 ut
2697 863 2900 929 ferunt,
2935 868 3304 937 agreSIis,qni
3340 869 3557 923 habita-

1973 953 2177 1006 tionem
2213 952 2448 1007 faciebat
2482 956 2535 1008 in
2577 957 2718 1024 ipso,
2762 964 2817 1009 et
2840 964 2958 1011 erat
2988 959 3059 1012 ob
3097 959 3326 1011 multam
3375 960 3559 1012 ferita-

1973 1053 2078 1099 tem
2115 1046 2494 1101 intolerabilis.
2531 1049 2705 1116 Hujus
2749 1049 2825 1102 rei
2861 1051 3035 1118 gratia
3067 1049 3309 1106 Joannes
3337 1053 3556 1110 vinetus

1972 1141 2186 1194 catenis
2215 1139 2281 1192 ad
2316 1149 2594 1210 martyres
2627 1143 2920 1211 agebatur,
2956 1144 3000 1196 si
3027 1159 3138 1211 quo
3164 1145 3422 1200 modosui
3450 1146 3556 1198 mi-

1973 1231 2128 1294 serti,
2165 1246 2194 1285 a
2232 1232 2476 1285 dmmone
2517 1233 2610 1301 qui
2663 1249 2721 1286 se
2764 1234 3008 1300 tenebat,
3067 1238 3377 1304 eriperent;
3406 1235 3557 1305 quod

1972 1330 2026 1375 et
2086 1323 2349 1376 velociter
2405 1334 2770 1391 peregerunt;
2830 1325 3009 1391 ejecto
3061 1325 3206 1378 enim
3261 1327 3554 1390 confestim

1973 1405 2268 1471 dmmonio,
2307 1409 2375 1462 ab
2408 1409 2573 1480 hujus
2614 1412 2830 1464 insania
2862 1413 3182 1466 continuam
3219 1413 3426 1468 donant
3465 1431 3554 1471 re-

1973 1499 2364 1566 demptionem.

2042 1593 2248 1648 Atille
2301 1595 2444 1648 hanc
2485 1596 2741 1665 adeptus.
2793 1608 3110 1650 sanctorum
3144 1599 3234 1666 qui
3277 1613 3336 1652 se
3380 1601 3558 1652 salva-

1973 1695 2168 1738 vcrant
2207 1696 2381 1740 semet
2415 1702 2635 1740 servum
2675 1689 2954 1755 aseripsit,
3004 1692 3291 1743 curatione
3332 1690 3555 1759 dignam

1975 1776 2276 1831 ostendens
2326 1778 2788 1842 benevolentiam,
2839 1797 2937 1850 per
2986 1797 3148 1850 quam
3197 1790 3251 1836 et
3299 1781 3558 1836 transmi-

279 1881 525 1946 ανάστης
581 1876 799 1944 ἐγένετο
827 1917 840 1936 ,
893 1873 991 1925 καὶ⁸
1039 1872 1139 1940 τὴν
1176 1870 1405 1939 πατρίδα
1444 1868 1637 1933 λιπὼν,
1681 1869 1741 1921 τὸ
1767 1870 1873 1921 τῶν
1903 1863 1949 1921 Β

1859 1887 1873 1920 ι
1903 1863 1949 1921 Β
1979 1876 2164 1934 grator
2195 1864 2422 1922 effectus
2455 1878 2560 1931 est,
2599 1880 2653 1922 et
2687 1872 2863 1938 patria
2907 1870 3194 1936 derelicta,
3230 1888 3401 1942 penes
3425 1887 3555 1927 san-

281 1973 456 2039 ἁγίων
492 1969 792 2041 μαρτύριον
824 1967 1064 2037 ᾤκησεν.
1093 1965 1204 2018 Καὶ
1236 1964 1395 2017 τοῦτο
1435 1964 1532 2034 μὲν
1559 1964 1656 2031 τῆς
1689 1980 1870 2032 μετοιο

283 2065 470 2126 κεσίας
501 2063 562 2116 τὸ
601 2063 797 2114 αἴτιον.
833 2059 986 2112 Μετὰ
1013 2063 1204 2129 χρόνον
1238 2057 1293 2108 δὲ
1339 2057 1482 2108 πάνυ
1519 2056 1710 2124 συχνὸν
1744 2056 1872 2117 τοὺς

279 2159 512 2226 νεφροὺς
552 2155 764 2224 βαρέως
792 2155 1074 2222 ἐνόσησεν,
1106 2153 1200 2204 καὶ
1236 2152 1268 2220 ἡ
1293 2151 1445 2212 νόσος
1466 2145 1534 2218 ἦν
1563 2150 1871 2200 ἀνυπόστα-

279 2267 406 2312 τος’
443 2250 576 2301 ποτὲ
607 2249 704 2317 μὲν
735 2248 844 2316 γάρ
893 2247 1110 2298 πίπτων
1161 2246 1242 2299 εἰς
1279 2243 1383 2311 γῆν
1424 2241 1688 2305 ἐκυλίετο,
1740 2239 1872 2293 ποτὲ

278 2342 335 2393 δὲ
370 2344 470 2410 τῆς
522 2340 623 2408 γῆς
661 2338 1025 2406 ἀνιστάμενος
1058 2335 1163 2389 ἀνά
1217 2334 1279 2386 τὸ
1327 2334 1554 2402 τέμενος
1603 2334 1743 2392 ἔθεε.
1777 2333 1872 2384 καὶ

283 2435 632 2504 βαρυφώνοις
663 2432 1004 2500 στενάγμασι
1041 2431 1252 2490 πάντας
1284 2428 1410 2488 τοὺς
1453 2427 1549 2478 σὺν
1577 2424 1725 2493 αὐτῷ
1754 2424 1871 2475 δια-

278 2527 570 2597 τρίῖέοντας
594 2525 805 2593 ὲστέρει
837 2526 937 2591 τῆς
968 2520 1300 2590 προσφιλοῦς
1336 2517 1716 2579 ἀναπαύσεως,
1747 2517 1872 2585 ἥτις

281 2620 467 2679 αὐτοῖς
498 2617 705 2686 ἠρεμία
734 2613 1129 2684 προσγινέσθαι
1165 2612 1432 2680 πέφυκεν,
1465 2609 1557 2662 καὶ
1587 2609 1726 2677 τάχα
1749 2625 1873 2676 συγ-

279 2707 509 2777 γνώμης
541 2707 840 2776 ἐτύγχανεν
877 2704 1048 2769 ἄξιος,
1097 2703 1272 2766 οὕτως
1305 2699 1552 2771 σφοδρῶς
1593 2698 1870 2768 ὀδυνώμε-

279 2819 392 2862 νος.
426 2802 549 2853 Τῶν
581 2800 678 2869 μὲν
709 2801 818 2870 γάρ
852 2799 1030 2852 ἄλλων
1057 2796 1246 2849 παθῶν
1280 2795 1411 2857 ἴσως
1434 2810 1518 2856 τις
1547 2796 1646 2862 τῆς
1677 2791 1871 2860 ὀδύνης

281 2895 634 2963 στοχάσαιτο,
663 2893 879 2963 νεφρῶν
909 2892 966 2946 δὲ
997 2891 1160 2944 πόνον
1205 2890 1384 2941 εἰπεῖν
1433 2890 1531 2940 καὶ
1564 2887 1729 2953 ἄλγος
1771 2888 1870 2938 ἅνο

276 2984 536 3040 εἰκαστον
561 2985 671 3037 τῶν
705 2986 766 3036 οὐ
802 2984 1152 3037 πεπονθότων
1181 2981 1379 3043 οὐδεὶς,
1411 2979 1563 3048 μόνοι
1587 2977 1643 3029 δὲ
1670 2976 1870 3044 γιγνώ-

278 3093 506 3129 σκουσιν
553 3077 603 3129 οί
647 3077 996 3144 νοσήσαντες.
1046 3071 1392 3127 Κινδυνεύων
1449 3065 1544 3123 οὖν
1577 3069 1869 3134 οὖτως,ὼς

276 3168 515 3239 ἔφημεν,
536 3170 792 3240 Ἰωάννης
821 3167 1182 3236 σφοδρότατα,
1208 3166 1348 3234 τάχα
1371 3164 1435 3217 ἂν
1469 3164 1868 3230 συντονωτέρας

276 3263 440 3332 ἔτυχε
489 3264 588 3333 τῆς
622 3263 842 3326 ἰάσεως,
879 3263 928 3314 εί
973 3262 1070 3314 σὺν
1124 3258 1476 3330 μακροθυμίᾳ
1509 3260 1634 3320 τοὺς
1678 3259 1868 3324 άγίους

279 3355 522 3409 ικέτευε.

349 3537 534 3593 Καλὸν
576 3537 635 3591 δὲ
685 3537 858 3590 εἰπεῖν
891 3535 1040 3595 ὃπως
1069 3534 1166 3586 καὶ
1217 3532 1372 3585 τοῦτο
1420 3531 1660 3603 διαφύγῃ
1689 3531 1751 3585 τὸ
1784 3532 1872 3585 νόο

274 3649 432 3702 caput
454 3648 467 3662 ·
497 3633 614 3684 ἐστι
645 3631 754 3698 γὰρ
787 3629 816 3681 ὁ
863 3627 1064 3698 τρόπος
1110 3627 1334 3696 χάριτος
1370 3625 1628 3694 ἔμπλεος.
1677 3625 1871 3695 Ἰατρί-

275 3742 413 3789 σκος
441 3740 527 3786 τις
564 3721 754 3774 τοῦτον
791 3719 917 3772 ἰδὼν
966 3717 1222 3788 χαλεπῶς
1253 3717 1608 3786 ὀδυνώμενον,
1646 3717 1742 3770 καὶ
1772 3716 1870 3783 τῆς

275 3816 470 3884 ὑγείας
505 3812 748 3875 διακαῶς
777 3811 1130 3882 ὀρεγόμενον,
1161 3810 1300 3878 Τρία
1325 3809 1416 3872 δός
1459 3825 1568 3878 μοι,
1606 3808 1740 3876 πρὸς
1773 3810 1870 3860 αὐ-

270 3908 370 3961 τὸν
402 3907 531 3976 ἔφη,
559 3905 892 3974 νομίσματα,
925 3903 1082 3972 κάγώ
1113 3920 1194 3956 σοι
1227 3903 1294 3956 δι’
1340 3901 1618 3956 ἀντιδότου
1645 3902 1869 3972 παρέχω

268 4000 377 4072 τὴν
411 3998 577 4053 ἴασιν.
626 3997 686 4050 ’0
725 3997 783 4050 δὲ
819 3998 1015 4066 φυγεῖν
1048 3994 1367 4058 σπουδάζων
1395 3995 1494 4062 τὴν
1528 3992 1777 4062 βάσανον,
1809 3994 1868 4045 τὸ

267 4091 499 4163 χρυσίον
544 4088 843 4157 προθύμως
889 4087 1188 4149 ἐπέδωκεν,
1233 4085 1330 4137 καὶ
1369 4085 1549 4138 λαδὼν
1595 4085 1776 4153 ἐτήρει
1809 4084 1869 4134 τὸ

267 4186 595 4254 φάρμακον,
632 4181 721 4233 ἵνα
751 4180 888 4251 πρὸς
913 4179 1113 4248 ὄρθρον
1142 4177 1275 4230 αὐτὸ
1295 4177 1386 4230 διὰ
1417 4177 1683 4245 στόματος
1715 4175 1867 4244 δέξη-

266 4292 384 4327 ται.
422 4272 534 4325 Καὶ
565 4270 686 4324 κατ’
721 4269 942 4338 ἐκείνην
983 4268 1083 4337 τὴν
1115 4267 1289 4320 νύκτα
1316 4265 1685 4336 κοιμώμενος,
1724 4279 1866 4331 παρ-

265 4365 517 4426 εστῶτας
555 4361 706 4430 αὐτῷ
744 4360 932 4431 βλέπει
962 4359 1090 4422 τοὺς
1129 4358 1438 4429 μάρτυρας,
1467 4360 1562 4411 καὶ
1595 4359 1694 4428 τὴν
1735 4358 1866 4409 άπι-

264 4456 429 4510 στίαν
470 4455 570 4520 τὴν
620 4453 758 4524 πρὸς
808 4452 1009 4513 αὐτοὺς
1060 4448 1447 4513 ὀνειδίζοντας,
1501 4448 1593 4502 καὶ
1644 4447 1750 4500 τῶν
1783 4448 1862 4509 εἰς

1975 1963 2186 2009 etorum
2233 1957 2498 2011 habitavit
2545 1961 2889 2030 martyrium.
2931 1961 2997 2014 Et
3037 1962 3154 2017 ber
3197 1963 3419 2031 quidem
3454 1964 3558 2018 fuit

1973 2047 2139 2117 huius
2172 2064 2341 2103 causa
2369 2053 2900 2120 transmigrationis.
2953 2053 3084 2109 Post
3126 2065 3342 2127 tempus
3370 2065 3554 2110 autem

1973 2143 2268 2197 admodum
2309 2145 2496 2209 breve,
2546 2161 2738 2200 renum
2781 2149 3100 2218 languorem
3132 2153 3376 2219 graviter
3411 2151 3557 2206 inci-

1972 2235 2074 2301 dit,
2102 2245 2157 2290 et
2186 2236 2417 2306 languor
2445 2248 2566 2291 erat
2607 2240 2976 2295 intolerabilis
3004 2260 3015 2294 :
3061 2245 3262 2295 etenim
3303 2245 3557 2314 aliquan—

1973 2325 2044 2379 do
2089 2327 2298 2381 cadens
2332 2328 2385 2380 in
2423 2334 2625 2381 terram
2672 2331 3043 2397 volutabatur,
3085 2334 3387 2401 aliquando
3423 2351 3554 2390 vero

1973 2432 2002 2471 a
2042 2427 2190 2472 terra
2220 2430 2451 2475 erectus
2496 2435 2592 2488 per
2632 2421 2914 2475 basilicam
2955 2423 3328 2490 discurrebat,
3376 2427 3557 2495 gravi-

1971 2512 2188 2580 busque
2217 2512 2452 2567 vocibus
2487 2521 2539 2566 et
2573 2514 2868 2582 gemitibus
2911 2531 3104 2570 omnes
3134 2517 3227 2585 qui
3264 2517 3316 2570 in
3339 2533 3402 2570 ea
3439 2532 3556 2571 mo-

1972 2603 2240 2657 rabantur
2272 2605 2460 2674 requie
2492 2605 2743 2673 privabat
2771 2615 2974 2669 amata,
3010 2623 3131 2678 quae
3160 2609 3270 2662 illis
3305 2610 3370 2663 ad
3401 2611 3555 2678 quie-

1975 2703 2080 2748 tem
2109 2696 2379 2764 proflcere
2410 2696 2568 2751 solet.
2605 2697 2669 2750 Et
2704 2695 2849 2753 forte
2875 2701 3032 2754 venia
3067 2701 3269 2771 dignus
3292 2711 3413 2755 erat
3440 2711 3552 2755 tam

1971 2787 2152 2841 valide
2176 2788 2373 2842 dolens
2399 2804 2415 2842 :
2448 2803 2574 2842 nam
2599 2787 2829 2843 aliarum
2858 2791 3079 2859 quidem
3111 2793 3430 2861 passionum
3458 2793 3557 2846 do-

1973 2881 2057 2933 lor
2092 2880 2326 2935 fortasse
2359 2882 2654 2951 quisquam
2691 2883 2763 2936 sit
2795 2883 3090 2938 vehemens
3136 2884 3409 2952 advertit;
3466 2902 3556 2940 re-

1973 2989 2102 3026 num
2145 2984 2326 3028 autem
2376 2975 2621 3030 dolorem
2657 2983 2722 3030 ‘et
2765 2977 3097 3044 crueiatum,
3144 2978 3341 3042 fateor,
3392 2994 3556 3034 nemo

1972 3066 2064 3134 qui
2098 3082 2293 3134 passus
2346 3083 2454 3120 non
2490 3077 2577 3122 est
2611 3070 2891 3136 conjicere
2921 3078 3122 3140 potest,
3160 3087 3284 3126 cum
3329 3074 3432 3128 hoc
3459 3087 3553 3128 so-

1980 3159 2260 3213 lunnnodo
2288 3160 2379 3229 qui
2417 3161 2612 3214 horum
2645 3162 2965 3231 languorem
2990 3165 3138 3232 passi
3171 3172 3325 3227 sunt,
3352 3166 3552 3218 sciant.

1976 3248 2112 3302 Cum
2143 3265 2274 3319 ergo
2312 3249 2558 3307 Joannes
2595 3260 2729 3317 tam,
2781 3261 2840 3306 ιιι
2879 3254 3142 3317 diximus,
3183 3255 3362 3310 valide
3404 3254 3554 3324 peri-

1973 3341 2276 3405 clitaretur,
2313 3339 2550 3394 fortasse
2597 3343 2890 3396 sanitatem
2927 3344 3099 3414 magis
3137 3345 3412 3398 concitam
3451 3345 3555 3399 im-

1974 3440 2264 3501 petrasset,
2305 3434 2350 3488 si
2379 3442 2600 3488 sanctos
2635 3435 3020 3505 longanimiter
3050 3437 3368 3507 flagitasset.

2046 3523 2254 3579 Bonum
2284 3533 2464 3578 autem
2512 3533 2595 3579 est
2633 3535 2692 3580 ut
2729 3525 2948 3580 dicatur
2980 3543 3090 3596 quo
3116 3539 3170 3583 et
3199 3529 3345 3584 hunc
3390 3529 3554 3585 modo

1973 3620 2289 3690 languorem
2329 3618 2600 3689 effugerit,
2623 3629 2710 3676 est
2734 3622 2878 3675 enim
2904 3623 3100 3678 modus
3127 3624 3298 3694 gratia
3334 3625 3548 3693 plenus.

1974 3710 2275 3764 Medicnlus
2309 3711 2533 3780 quidam
2583 3712 2730 3766 hunc
2775 3727 2920 3767 saevo
2966 3715 3161 3768 videns
3188 3715 3377 3770 dolore
3419 3715 3550 3770 fati-

1972 3814 2178 3869 gatum,
2223 3811 2277 3857 et
2325 3804 2615 3858 sanitatem
2655 3806 3042 3862 ardentissime
3089 3807 3542 3863 desiderantem:

1972 3894 2130 3958 Tres,
2163 3895 2304 3950 dixit
2326 3895 2392 3950 ad
2429 3909 2579 3959 eum,
2625 3896 2694 3950 da
2743 3896 2875 3950 mihi
2923 3913 3199 3964 nummos,
3241 3910 3295 3954 et
3323 3916 3423 3969 ego
3454 3901 3550 3956 tibi

1971 4002 2070 4056 per
2107 3986 2414 4040 antidotum
2471 3985 2763 4041 sanitatem
2804 3989 3099 4057 praastabo.
3133 3989 3198 4042 At
3237 3989 3326 4044 ille
3364 3991 3552 4061 fugere

1970 4078 2160 4132 volens
2213 4064 2567 4147 supplicium,
2625 4091 2819 4130 aurum
2884 4080 3138 4135 alacriter
3193 4082 3438 4149 tradidit,
3496 4091 3550 4138 et

1969 4178 2194 4238 accepto
2272 4168 2658 4231 medicamine,
2715 4169 3045 4225 observabat
3084 4180 3360 4241 quatenus
3414 4174 3547 4229 illud

1970 4276 2066 4331 per
2100 4275 2164 4314 os
2187 4259 2430 4314 diluculo
2460 4270 2722 4316 sumeret.
2755 4261 2821 4315 Ει
2859 4261 3047 4316 eadem
3078 4271 3239 4318 nocte
3265 4264 3548 4322 dormiens

1969 4354 2072 4408 sibi
2112 4361 2384 4422 mart3res
2436 4351 2587 4405 videt
2634 4362 2899 4419 astantes,
2933 4361 2987 4408 et
3026 4353 3329 4410 inlidelitati
3379 4373 3544 4428 quam

1970 4444 2023 4497 in
2081 4444 2204 4497 illos
2261 4444 2576 4498 ostenderat
2647 4446 3068 4513 exprobrantes,
3133 4459 3190 4502 et
3243 4451 3542 4506 sanitatum

263 4545 436 4600 αὐτὸν
451 4543 727 4611 διαφόρως
755 4541 1070 4610 γενομένων
1101 4539 1300 4592 ίάσεων
1317 4539 1859 4607 ἀναμιμνήσκοντας.
1888 4539 1942 4598 D

1847 4577 1859 4589 .
1888 4539 1942 4598 Ι)
1970 4551 2105 4600 quas
2139 4536 2189 4588 in
2223 4535 2346 4588 eum
2397 4535 2617 4588 diverso
2650 4535 2810 4589 modo
2842 4547 3130 4606 gesserant
3163 4541 3540 4600 recordantes.

261 4641 344 4694 05
397 4638 562 4708 μόνον
591 4636 702 4706 γάρ
752 4633 917 4687 αὐτὸν
955 4632 1211 4701 δαίμονος
1245 4625 1386 4701 ἦσαν
1426 4629 1859 4699 λυτρωσάμενοι,

259 4735 404 4789 ἀλλά
442 4734 535 4785 καὶ
566 4731 660 4784 τοῦ
684 4733 784 4801 τῆς
815 4729 1097 4796 ποδάγρας
1146 4726 1370 4781 ἀνιάτου
1405 4727 1732 4796 νοσήματος,
1768 4725 1862 4778 καὶ

264 4825 486 4897 μυρίων
515 4823 693 4877 ἄλλων
719 4821 910 4874 παθῶν
947 4820 1114 4872 ἰδικοῦ
1155 4819 1426 4888 δεομένων
1458 4817 1857 4885 συντάγματος,

260 4920 312 4969 εἰ
348 4916 590 4985 γράφειν
616 4912 759 4965 αὑτά
796 4928 881 4974 τις
910 4910 972 4962 τὸ
999 4909 1124 4962 καθ’
1166 4909 1224 4960 ἓν
1260 4907 1595 4976 ἐθελήσειεν.
1627 4907 1760 4977 Περὶ
1784 4899 1860 4958 ὧν

260 5010 687 5076 ὑπομνήσαντες
720 5005 940 5057 πάντων
963 5002 1127 5055 αὐτὸν
1155 5001 1206 5052 οἱ
1237 5000 1562 5063 καλλίνικοι,
1592 5001 1684 5051 καὶ
1713 4998 1858 5067 μάλα

556 5095 958 5163 ἐγκαλέσαντες
1015 5091 1076 5144 τὸ
1139 5093 1410 5154 ἄπιστον,
1479 5091 1538 5143 τὸ
1599 5089 1856 5159 ἀμνημό-

559 5189 621 5240 τὺ
679 5187 1014 5255 ἀχάριστον,
1075 5185 1169 5236 καὶ
1237 5183 1292 5234 εί
1345 5199 1398 5234 τι
1469 5182 1680 5244 τούτοις
1740 5183 1856 5234 ἐστὶ

391 5097 498 5125 ISK-

255 5114 493 5168 κομψως

257 5210 314 5243 νε
326 5207 454 5242 υτον
480 5229 494 5250 ,

262 5280 675 5350 παραπλήσιον.
711 5278 876 5340 Τέλος
931 5279 988 5329 έν
1035 5276 1291 5347 εἰρωνεία
1338 5275 1430 5327 τὸν
1457 5274 1616 5343 λόγον
1665 5276 1854 5326 ποιού-

261 5389 439 5444 με.ὀι,
485 5371 575 5434 Τί,
630 5368 838 5438 φασίνς
879 5370 1010 5437 ἡμῖν
1043 5369 1088 5418 εἰ
1122 5367 1394 5438 παρέσχες
1441 5367 1508 5418 τά
1547 5365 1673 5435 τρία
1704 5367 1857 5436 νομί-

256 5483 472 5535 σματα,
505 5465 606 5516 οὐκ
653 5464 872 5532 εἴχομεν
906 5463 1208 5531 παρασχεῖν
1253 5477 1337 5512 σοι
1372 5461 1475 5529 τὴν
1525 5461 1703 5525 iactv;
1731 5460 1856 5523 τοὺς

254 5559 464 5617 αὐτοὺς
491 5556 685 5621 λόγους
715 5554 1156 5623 ἀπαραλλάκτως
1186 5553 1572 5621 φθεγξάμενοι,
1601 5547 1682 5614 οἷς
1717 5551 1855 5620 πρὸς

254 5649 428 5702 αὐτὸν
477 5650 506 5701 ὁ
542 5647 711 5709 καλὸς
761 5649 972 5708 ἐκεῖνος
1029 5648 1311 5716 ίατρίσκος
1356 5647 1654 5715 ἐχρήσατο.
1705 5645 1854 5712 Πλὴν

254 5741 487 5803 ames,
519 5740 765 5805 λέγουσι,
794 5740 888 5791 καὶ
916 5740 1016 5792 ὅσα
1040 5738 1114 5807 τῷ
1148 5739 1317 5806 ἱατρῷ
1341 5738 1746 5805 προσεκόμισάς
1777 5735 1852 5805 τῷ

249 5832 512 5886 δεδωκότι
549 5849 625 5885 σοι
654 5832 753 5902 τὴν
788 5830 1077 5892 ἀντίδοτον,
1107 5831 1199 5884 καὶ
1232 5830 1304 5898 tif:
1331 5831 1582 5900 ἡμετέρας»
1609 5828 1849 5895 γαζοξυ-

1966 4627 2082 4680 Non
2139 4628 2281 4680 enim
2325 4627 2474 4681 hunc
2527 4635 2739 4682 tantum
2773 4642 2801 4680 a
2835 4628 3110 4684 daemonio
3154 4633 3542 4699 liberaverant,

1965 4720 2058 4773 sed
2113 4727 2166 4771 et
2202 4721 2269 4771 ab
2324 4719 2616 4772 insanabili
2673 4721 2934 4790 languore
2973 4723 3246 4792 podagrae,
3288 4727 3544 4793 inilleque

1964 4811 2088 4864 aliis
2120 4810 2475 4878 passionibus
2505 4824 2626 4879 qum
2671 4811 2890 4878 proprio
2933 4822 3156 4882 egerent
3205 4822 3540 4877 commento,

1963 4904 2008 4957 si
2064 4918 2159 4972 per
2211 4903 2458 4970 singulas
2507 4905 2800 4974 quisquam
2853 4905 2949 4958 has
2993 4905 3154 4959 vellet
3201 4907 3537 4963 describere.

1962 4997 2092 5062 Quae
2145 5002 2326 5050 omnia
2379 4997 2508 5050 boni
2553 4997 2794 5052 victores
2841 4998 2905 5052 ad
2937 4999 3056 5067 ejus
3093 5001 3411 5053 memoriam
3447 5015 3536 5054 re-

1961 5089 2244 5152 ducentes,
2293 5099 2347 5143 et
2385 5090 2827 5146 incredulitatem
2863 5093 3241 5160 comptiss-ime
3271 5109 3541 5147 accusan-

1961 5191 2061 5244 tes,
2103 5189 2154 5234 et
2184 5181 2326 5248 quod
2360 5180 2629 5234 bonorum
2667 5180 2832 5234 fuerit
2872 5179 3162 5236 immemor
3186 5194 3238 5236 et
3267 5182 3538 5253 ingratus,

1958 5281 2013 5326 et
2056 5274 2099 5326 si
2152 5272 2284 5341 quid
2341 5281 2426 5326 est
2455 5272 2576 5326 istis
2617 5272 2826 5340 simile;
2865 5282 3141 5342 postremo
3169 5289 3264 5344 per
3301 5274 3537 5329 ironiam

1960 5380 2268 5419 sermonem
2325 5365 2634 5419 facientes:
2683 5365 2874 5419 Nonne
2936 5367 2979 5420 si
3041 5367 3222 5432 nobis,
3261 5368 3537 5436 inquiunt,

1959 5469 2067 5513 tres
2115 5457 2238 5511 illos
2291 5471 2545 5511 nummos
2583 5457 2896 5516 tribuisses.
2946 5458 3270 5512 haberemus
3306 5459 3400 5512 tibi
3435 5458 3540 5513 tri—

1959 5552 2125 5605 buere
2159 5552 2486 5605 sanitatem?
2537 5551 2742 5604 eisdem
2781 5551 3200 5604 imtnntabiliter
3245 5551 3424 5605 verbis
3455 5551 3537 5604 af-

1959 5643 2077 5708 fati,
2110 5643 2309 5711 quibus
2341 5644 2429 5697 ille
2465 5644 2638 5697 bonus
2673 5643 2976 5697 mediculus
3004 5659 3135 5695 usus
3165 5651 3268 5696 est.
3305 5640 3536 5695 Verum-

1961 5747 2136 5792 tamen
2170 5739 2323 5800 vade,
2369 5738 2580 5802 dicunt,
2625 5748 2678 5790 et
2709 5749 2970 5808 quotquot
3022 5738 3232 5790 medico
3259 5738 3347 5805 qni
3388 5737 3537 5792 dedit

1959 5827 2050 5880 tibi
2083 5826 2386 5881 antidotum
2424 5828 2677 5894 attulisti,
2713 5837 2898 5883 nostro
2931 5830 3094 5885 etiam
3138 5828 3532 5900 gazophylacio
