4294 6442
286 388 427 453 3585

1313 381 1416 441 SS.
1456 382 1629 441 CYlll
1658 384 1751 442 ET
1789 382 2109 443 JO.lN.\'lS
2136 387 2541 453 MIRACULA.

3395 400 3534 464 3586

286 501 492 552 τούτων
536 498 567 564 ἠ
613 494 841 563 δύναμις
894 492 1292 559 μεγαλοςὼνως
1331 494 1697 562 κηρύττεταιο
1746 493 1866 547 ἐπεὶ
1894 496 1982 563 Α]

1839 493 1866 545 μὶ
1894 496 1941 553 Α
1968 506 2088 563 post
2123 502 2347 553 multam
2380 503 2769 569 experientiam
2798 514 3059 576 tanquam
3089 507 3322 564 inﬁrmis
3346 510 3535 581 depul-

289 592 573 648 κάκείνους
616 585 870 651 Εὖγένιος
900 582 1037 651 μετὰ
1070 585 1264 651 πεῖραν
1295 584 1490 653 πολλὴν
1518 585 1592 645 ὡς
1621 584 1864 646 ἀσθενεῖς

288 681 707 749 παρωσάμενος,
754 676 976 737 τούτους
1004 673 1078 738 ὠς
1107 675 1364 738 δυνατοὺς
1395 678 1457 728 ἐκ
1494 678 1661 745 μόνης
1695 677 1865 741 ἀκοῆς

286 776 311 825 ὲ
324 772 595 836 τεελέξκτο.

359 863 562 917 Ἐλθὼν
596 857 688 914 οὖν
720 861 813 912 ἐπὶ
846 858 907 911 τὺ
937 856 1043 909 τῶν
1072 858 1243 924 ἁγίων
1276 858 1527 929 ἰατρεῖον,
1575 859 1636 910 τὸ
1686 860 1863 929 πάσης

286 956 518 1025 ἀκηδίας
546 957 637 1007 καὶ
672 952 940 1005 παντοίων
976 951 1167 1003 παθῶν
1197 950 1537 1015 ἀλεξίκακον,
1565 952 1656 1003 καὶ
1700 955 1864 1023 πείρα

290 1049 611 1120 μεμάθηκεν
640 1046 668 1099 ὃ
699 1046 765 1097 δι’
798 1044 967 1113 ἀκοῆς
1014 1043 1121 1115 πρὸ
1162 1042 1256 1096 τοῦ
1304 1043 1504 1104 πάθους
1540 1043 1862 1109 ἐγίγνωσκε.

286 1142 401 1193 Καὶ
432 1139 683 1206 καθάπερ
715 1136 1054 1206 ἠκούσαμεν.
1094 1134 1263 1196 οὕτως
1296 1136 1390 1186 καὶ
1420 1135 1625 1201 ῖδομεν,
1660 1136 1755 1185 σὺν
1789 1136 1865 1204 τῷ

290 1232 516 1301 μελῳδῷ
546 1229 879 1300 διαπρυσίως
924 1229 1219 1297 ἐκήρυττεν
1241 1243 1254 1257 ⁸
1286 1228 1405 1280 κατ’
1435 1228 1604 1296 αὐτὴν
1634 1227 1742 1295 γὰρ
1776 1229 1865 1280 εὑ-

286 1325 426 1385 θέως
456 1324 555 1391 τὴν
584 1321 775 1385 νύκτα,
820 1318 920 1390 τὴν
958 1318 1075 1386 μεθ’
1108 1319 1323 1387 ἡμέραν
1354 1320 1411 1369 ἐν
1513 1320 1863 1386 παρεγένετο,

284 1414 395 1482 πρὸ
425 1413 515 1465 τοῦ
547 1414 720 1481 τάφου
751 1412 858 1463 τῶν
890 1412 1060 1479 ἁγίων
1092 1410 1452 1479 κοιμώμενος,
1498 1410 1714 1471 τούτους
1746 1410 1864 1479 βλέ-

285 1521 379 1556 πει
409 1503 697 1572 προϊόντας
727 1503 850 1563 τοὺς
885 1503 1187 1570 μάρτυρας,
1222 1501 1316 1552 καὶ
1343 1502 1478 1570 πρὸς
1509 1502 1667 1553 αὑτὸν
1699 1502 1866 1571 ἤκουε

284 1598 548 1664 λέγοντας
572 1612 587 1628 ο
636 1594 895 1655 Ἀναστὰς
926 1592 1194 1653 ἐντεῦθεν,
1231 1594 1473 1660 Εὑγένιε,
1496 1594 1626 1663 πρὸξ
1649 1596 1746 1663 τὴν
1772 1594 1867 1664 σὴν

282 1688 474 1741 ἑστίαν
523 1686 807 1755 ἁπόδραμε
834 1702 845 1714 ·
896 1685 1004 1738 ἰδοὺ
1035 1686 1142 1753 γάρ
1178 1702 1234 1737 σε
1266 1685 1331 1736 δι’
1360 1686 1515 1754 ἡμῶν
1558 1687 1586 1736 ὁ
1635 1686 1867 1754 Χριστὸς

281 1781 671 1852 ἐθεράπευσεν,
699 1780 793 1831 καὶ
823 1778 919 1847 τὴν
952 1778 1106 1830 νόσον
1133 1774 1198 1849 ἦς
1228 1778 1390 1829 ἓνεκα
1426 1778 1559 1847 πρὸς
1588 1779 1735 1845 ἡμᾶς
1768 1774 1861 1847 ἧλ-

1967 588 2064 651 sis,
2095 588 2195 642 hos
2229 604 2294 641 ex
2328 592 2447 644 solo
2471 592 2657 646 amlitu
2688 595 2853 649 veluti
2895 606 3149 667 potentes
3175 599 3359 669 elegit.

2038 846 2225 914 Itaque
2251 863 2374 903 eum
2429 852 2662 907 venisset
2728 856 2793 908 ad
2853 868 3164 913 sanctorum
3230 863 3535 916 remedium

1967 941 2386 1005 capessendum,
2423 948 2565 1013 quod
2594 962 2757 1001 omne
2807 951 3023 1003 tzrdium
3057 964 3110 1006 et
3132 954 3379 1009 diversas
3411 971 3536 1025 pas-

1969 1029 2156 1085 siones
2203 1032 2470 1102 abigehat,
2504 1042 2880 1107 experimento
2919 1044 3131 1107 tiitlicit,
3169 1047 3312 1115 quod
3346 1050 3535 1102 auditu

1968 1129 2094 1171 ante
2152 1125 2459 1189 passionem
2503 1143 2857 1197 cognoverat.
2909 1133 2973 1187 Et
3012 1136 3154 1189 sicut
3203 1139 3535 1204 audivimus,

1970 1211 2041 1263 ita
2068 1222 2118 1263 et
2142 1214 2395 1282 vidimus,
2416 1236 2538 1274 cum
2570 1224 3157 1282 modulatorealtisone
3184 1232 3535 1299 praedicabat.

1968 1298 2166 1354 Eadem
2212 1306 2413 1375 quippe
2446 1312 2709 1363 continuo
2761 1328 2941 1382 nocte,
2974 1329 3094 1385 post
3122 1298 3263 1374 dietn
3308 1338 3413 1390 qua
3443 1337 3535 1377 ve-

1971 1402 2143 1457 nerat,
2204 1410 2327 1448 cum
2378 1408 2505 1452 ante
2560 1404 2873 1471 sepulcrum
2921 1417 3231 1461 sanctorum
3252 1413 3535 1477 dormiret,

1970 1483 2068 1539 hos
2104 1486 2246 1540 videt
2282 1490 2579 1557 procedere
2623 1504 2909 1565 martyres,
2945 1508 2997 1552 et
3032 1499 3216 1554 dicere
3253 1503 3357 1557 sibi
3384 1502 3541 1556 audi-

1970 1576 2091 1629 vit:
2136 1576 2309 1647 Surge
2352 1580 2498 1646 hinc,
2553 1583 2783 1655 Eugeni,
2852 1590 2919 1641 ad
2982 1598 3243 1661 tuamque
3305 1594 3530 1648 domum

1969 1671 2253 1733 regredere
2283 1686 2295 1721 :
2320 1686 2462 1743 ecce
2496 1674 2639 1726 enim
2665 1682 2716 1729 te
2757 1691 2852 1743 per
2886 1692 2985 1732 nos
3023 1678 3277 1735 Christus
3303 1684 3536 1749 curavit,

1968 1765 2021 1809 et
2075 1760 2417 1827 languorem,
2454 1772 2676 1832 propter
2720 1782 2881 1834 quem
2912 1769 2977 1820 ad
3006 1785 3105 1824 nos
3138 1773 3354 1835 venisti,
3377 1787 3539 1826 sana-

282 1834 393 1931 θεςι
427 1870 635 1922 ἰάσατο.
660 1834 962 1937 ’Ἐγερθεὶς
990 1864 1081 1919 οὖν
1121 1834 1353 1935 πορεύου
1387 1834 1522 1937 πρδς
1549 1834 1861 1937 ἁςρεὸρῶνας
1899 1834 1935 1887 Β
1969 1862 1978 1886 ¹

1838 1886 1861 1922 ς
1899 1834 1935 1887 Β
1969 1847 2060 1899 vit.
2092 1846 2331 1915 Surgens
2359 1865 2490 1920 ergo
2520 1854 2587 1906 ad
2613 1869 2889 1910 secessum
2915 1864 3240 1927 quantocius
3263 1878 3534 1933 prepera;

352 1908 373 1931 ἱ
427 1908 635 1922 “'""'"""
704 1908 962 1931 ⁸⁴ΙΤ”“9
993 1908 1078 1919 ""
1128 1908 1351 1931 ""l'""'
1394 1908 1520 1931 "1'"
1549 1908 1851 1931 "Y"l"“""1'

282 1963 361 2024 ὡς
404 1962 657 2030 τάχιστα,
700 1961 792 2012 καὶ
820 1961 998 2011 πᾶσαν
1025 1958 1121 2028 τὴν
1150 1961 1207 2010 ἐν
1237 1959 1319 2010 σοὶ
1351 1959 1705 2027 συναχθεῖσαν
1732 1958 1862 2028 ῦλην

282 2053 549 2108 ἀπόϐαλε.
596 2054 704 2106 Καὶ
750 2052 920 2104 ταῦτα
968 2052 1239 2119 λέγοντες,
1292 2052 1390 2120 τῆς
1442 2052 1535 2103 τοῦ
1584 2053 1864 2114 νοσοῦντος

281 2146 494 2206 κοιλίας
522 2143 883 2213 προσὲψαυον,
918 2142 992 2203 ὠς
1024 2143 1181 2211 δῆθεν
1226 2142 1389 2193 αὑτὸν
1432 2141 1860 2211 καταψήχοντες,

280 2239 361 2309 τῷ
389 2238 434 2293 δ’
460 2237 650 2304 ἀληθεῖ
680 2236 775 2305 τὴν
803 2233 1032 2302 ἐκϐολὴν
1078 2233 1542 2303 δημιουργοῦντες
1588 2235 1697 2297 τοῖς
1738 2233 1863 2286 ῦδα-

283 2348 391 2383 σιν.

354 2422 526 2475 Τοῦτο
551 2420 801 2487 δρώντων
850 2419 1050 2485 αὐτῶν,
1094 2418 1169 2480 ὡς
1221 2418 1340 2487 μεθ’
1370 2418 1534 2471 ῦπνον
1567 2420 1776 2487 (ταυτὸν
1807 2421 1863 2471 δε

280 2521 378 2578 καὶ
429 2516 566 2585 μετὰ
609 2517 765 2565 νόσον
810 2511 1006 2580 εἰπεῖν)
1044 2511 1296 2577 Εὑγένιος
1327 2512 1510 2577 ἔλεγεν
1543 2513 1729 2581 (μέχρι
1758 2513 1865 2582 γὰρ

283 2608 457 2660 ῦπνου
504 2606 573 2658 τὰ
621 2606 717 2673 τῆς
763 2605 919 2657 νόσου
969 2604 1324 2672 κεκράτηκε),
1354 2604 1552 2670 γύναια
1586 2603 1708 2673 τρία
1755 2604 1865 2656 τῶν

285 2698 585 2769 μαρτύρων
645 2695 865 2747 ὄπισθεν
900 2694 1163 2762 ἔκραζεν·
1201 2694 1357 2757 Τίνος
1412 2694 1634 2758 ἕνεκεν,
1695 2695 1861 2761 ἅγιοι,

281 2792 444 2858 ἡμεῖς
482 2788 579 2856 μὲν
610 2788 799 2856 χρόνον
830 2786 1023 2855 ἔχομεν
1049 2785 1236 2837 ἐνθάδε
1273 2785 1605 2855 καθήμεναι,
1631 2788 1723 2837 καὶ
1745 2788 1864 2849 ταῖς

282 2882 514 2949 πληγαῖς
540 2879 871 2944 ὀδυνώμεναι
908 2876 1040 2944 (τῶν
1070 2876 1177 2945 γὰρ
1216 2878 1390 2927 ἐκεῖσε
1420 2879 1690 2944 κειμένων
1711 2876 1866 2944 ὲτύγ-

280 2988 463 3041 χανον,
481 2971 554 3032 ὡς
588 2968 793 3030 ταύτας
826 2969 1039 3034 ἐπέγνω
1074 2967 1189 3035 μετ’
1207 2967 1338 3037 ὄναρ
1358 2970 1385 3019 6
1413 2968 1745 3037 ἄρρωστος),
1773 2970 1866 3021 καὶ⁹

282 3062 606 3130 νοσημάτων
626 3059 780 3111 οὔπω
805 3058 1159 3127 πεπαύμεθα’
1186 3054 1337 3120 οὗτος
1366 3059 1420 3110 δὲ
1446 3059 1568 3126 χθὲς
1597 3062 1863 3127 ἀφικόμε.

280 3170 391 3216 νος,
454 3152 549 3203 καὶ
600 3149 761 3201 πάθει
808 3149 1111 3218 τηλικούτῳ
1164 3149 1570 3219 κρατούμενος,
1626 3152 1865 3221 σήμερον

279 3244 512 3311 ἠξίωται
554 3242 793 3311 ῥώσεως,
832 3242 925 3293 καὶ
976 3244 1174 3312 χωρεῖν
1202 3241 1338 3293 οἶκοι
1370 3242 1689 3307 κελεύεται;
1724 3243 1863 3312 Πρὸς

280 3336 347 3396 ἃς
382 3335 715 3405 στραφέντες
747 3334 795 3385 ot
830 3333 1123 3403 μάρτυρες,
1155 3334 1339 3401 φησιν,
1376 3334 1513 3401 μετὰ
1544 3335 1723 3402 πάσης
1760 3335 1864 3385 ἁπ-

282 3426 569 3493 ελογοῦντο
629 3424 957 3494 πραότητοςο
1014 3425 1126 3493 Οὐχ
1184 3425 1366 3493 ἡμεῖς,
1419 3418 1463 3475 ᾧ
1512 3424 1730 3488 γύναια,
1764 3428 1863 3495 τῆς

281 3518 475 3585 ὑγείας
524 3518 866 3585 τυγχάνομεν
913 3515 1131 3585 κύριοι,
1178 3516 1313 3568 ἀλλὰ
1344 3516 1576 3584 Χριστὸς
1604 3518 1633 3567 6
1662 3516 1860 3584 προδο-

280 3609 409 3672 λεύς
432 3626 490 3661 τε
521 3609 612 3660 καὶ
632 3606 915 3675 πρύτανις.
948 3604 1325 3672 ’Λφικνοῦνταί
1354 3623 1497 3669 τινες
1520 3607 1863 3677 μακροτέρας

280 3702 535 3763 παιδείας
584 3699 852 3765 δεόμενοι,
892 3699 986 3749 καὶ
1037 3698 1201 3750 πάλιν
1252 3699 1429 3766 ἕτεροι
1462 3700 1861 3769 Θεραπευθῆναι

281 3792 478 3843 θᾶττον
524 3789 831 3857 ὀφείλοντες
852 3802 865 3816 ·
907 3790 1070 3856 ἡμεῖς
1107 3788 1216 3856 γὰρ
1250 3788 1390 3857 ὑπὲρ
1422 3789 1633 3841 πάντων
1663 3791 1862 3859 ὁμοίως

277 3882 379 3943 τὰς
430 3880 669 3939 ἱκετείας
715 3878 1098 3947 προσφέρομεν
1120 3894 1134 3909 ο
1174 3879 1264 3930 καὶ
1291 3877 1350 3931 δν
1378 3878 1444 3932 ἂν
1479 3879 1615 3949 πρὸς
1642 3880 1735 3932 ταῦ
1766 3882 1862 3933 Δε-

280 3973 485 4023 σπότου
536 3970 675 4022 Θεοῦ
724 3972 819 4022 καὶ
875 3970 1127 4040 Σωτῆρος
1164 3968 1333 4037 Ἰησοῦ
1385 3970 1623 4041 Χριστοῦ
1670 3972 1863 4026 κελευ-

279 4061 569 4129 σῦείημεν,
598 4060 787 4111 τοῦτον
833 4058 1270 4128 θεραπεύσαντες
1323 4062 1483 4123 εὐθὺς
1531 4062 1857 4132 ἀπολύομεν.

275 4150 481 4205 Τοῦτον
507 4146 599 4202 οὖν
630 4151 723 4202 καὶ
748 4152 904 4218 ὑμεῖς
936 4150 1031 4202 σὺν
1062 4152 1192 4220 ἡμῖν
1235 4152 1571 4218 ἱκετεύσατε,
1624 4154 1709 4207 ἴνα
1761 4158 1860 4224 τὴν

274 4242 441 4310 χάριν
495 4240 766 4308 παράσχοι
817 4238 927 4290 τῶν
984 4239 1267 4307 ὑμετέρων
1306 4242 1613 4309 αἰτήσεωνι
1663 4242 1757 4293 καὶ
1809 4245 1859 4295 εί

277 4330 747 4398 σπλαγχνισθείη,
794 4329 889 4381 καὶ
938 4329 1095 4397 μόνον
1142 4328 1397 4381 κελεῦσαι
1450 4330 1856 4395 καταξιώσειεν,

272 4422 488 4490 ταχέως
522 4424 680 4488 ἡμεῖς
712 4421 997 4490 πληρωταὶ
1021 4420 1131 4472 τῶν
1158 4420 1315 4473 θείων
1353 4420 1517 4474 αὐτοῦ
1551 4421 1858 4493 θεσπισμάσ

268 4532 383 4566 των
417 4514 750 4581 γιγνόμεθα·
781 4507 842 4564 οὗ
876 4514 1045 4581 χωρὶς
1088 4512 1447 4574 ἐπινεύσεως,
1480 4512 1604 4565 οὕτε
1642 4517 1861 4582 κρατεῖν
1894 4526 1936 4580 υ

271 4602 400 4656 οὔτε
432 4603 690 4655 ἀπολύειν
715 4605 840 4665 τοὺς
867 4604 1001 4673 πρὸς
1034 4604 1180 4672 ἡμᾶς
1209 4603 1535 4673 ἐρχομένους
1560 4604 1855 4673 δυνάμεθα.

271 4694 385 4748 Καὶ
413 4694 593 4747 ταῦτα
627 4696 725 4763 μὲν
755 4696 803 4746 οἱ
834 4694 1111 4747 θεσπέσιοι
1149 4696 1424 4765 μάρτυρες
1466 4696 1600 4765 πρὸς
1644 4700 1739 4759 τὰς
1768 4714 1863 4762 γυ-

270 4788 470 4848 ναῖκας
513 4784 865 4853 ἐφθέγξαντο.

349 4878 561 4929 ’Υπνου
608 4878 665 4929 δὲ
710 4878 808 4929 καὶ
860 4877 1195 4946 στρωμάτων
1242 4879 1481 4941 ἀναστὰς
1524 4880 1552 4930 6
1584 4880 1858 4945 Εὑγένςος,

268 4970 410 5040 πρὸς
440 4968 760 5038 ἀφεόρεῖενας
801 4968 1122 5031 eam-351:5,
1160 4970 1409 5022 σπεύδειν
1435 4972 1597 5023 αὑτὸν
1628 4972 1727 5041 τῆς
1759 4990 1859 5040 γα.

271 5064 435 5133 στρος
466 5061 601 5129 πρὸς
628 5060 689 5112 τὸ
724 5063 1062 5131 μαρτυρικδν
1094 5062 1511 5131 ἀναγκαζούσης
1556 5066 1857 5133 ἐπίταγμα.

272 5156 381 5207 Καὶ
413 5156 472 5205 ἑν
506 5153 720 5214 τούτοις
752 5154 1065 5221 γενόμενος,
1116 5152 1337 5206 ἃπασαν
1386 5154 1548 5217 εὐθὺς
1594 5155 1691 5224 τὴν
1728 5154 1859 5225 ὖλην

270 5244 396 5315 [τὴν
446 5246 505 5295 ἐν
534 5244 636 5313 μιᾷ
662 5243 852 5312 χρόνον
874 5246 1076 5312 στιγμῇ
1109 5244 1506 5311 προσεκένωσε·
1532 5246 1623 5296 καὶ
1653 5246 1861 5313 ταύτην

263 5335 553 5399 κενωθεὶς,
574 5336 646 5397 ὡς
664 5336 993 5405 εἰρήκαμεν,
1012 5338 1039 5386 ὁ
1056 5336 1275 5388 πάντων
1290 5335 1546 5387 εἰσελθὼν
1565 5338 1690 5389 ὅσον
1726 5338 1860 5406 πρὸς

266 5421 411 5488 εἶδος
455 5427 785 5495 παχύτερος,
829 5427 967 5479 πολὺ
1002 5427 1212 5479 πολλῶν
1245 5428 1434 5496 ἐξῆλθε
1471 5429 1583 5481 τῶν
1614 5430 1860 5499 ἀφεδρῶ-

265 5536 373 5571 νων
411 5519 741 5587 ίσχνότερος.
793 5520 1010 5571 Μᾶλλον
1052 5520 1107 5572 δὲ
1146 5521 1420 5573 κάνταῦθα
1470 5522 1782 5592 σύμμετρος
1831 5526 1859 5576 6

266 5613 590 5681 γεωμέτρης
643 5611 891 5681 ὲξεθορεο
948 5612 1110 5681 μόνον
1171 5615 1279 5683 γὰρ
1329 5615 1427 5682 τῆς
1480 5615 1716 5685 γαστρὸς
1766 5618 1855 5669 τὸν

265 5704 435 5768 δγκον
464 5703 620 5773 ἔσχεν
653 5703 984 5774 ἀμέτρητον,
1012 5704 1107 5757 καὶ
1136 5704 1225 5758 τὸν
1259 5706 1450 5777 καιρδν
1489 5707 1589 5776 τῆς
1638 5707 1853 5771 ἰάσεως,

264 5796 357 5848 τὸν
408 5796 508 5864 μὲν
556 5795 642 5848 διὰ
678 5796 880 5863 πολλὴν
916 5796 1057 5851 πᾶν)
1089 5797 1423 5868 βραχύτητα,
1458 5798 1549 5853 τὸν
1581 5799 1635 5852 δὲ
1667 5798 1753 5852 διὰ
1799 5799 1855 5852 τδ

1966 1945 2019 1990 et
2065 1935 2248 1993 [mecm
2306 1956 2523 1996 omnem
2590 1962 2711 2015 quae
2744 1950 2797 2002 in
2833 1960 2884 2003 te
2913 1952 3141 2006 collecta
3200 1963 3304 2018 est,
3362 1956 3534 2011 abice.

1966 2025 2031 2080 Et
2060 2043 2183 2082 cum
2238 2031 2352 2085 hazc
2380 2034 2645 2100 dicerent,
2674 2049 2918 2101 ventrem
2957 2044 3255 2111 tetigerunt
3274 2047 3540 2116 languen-

1967 2121 2057 2183 tis,
2097 2123 2242 2175 hunc
2292 2128 2449 2195 quasi
2487 2128 2768 2196 fricantes,
2819 2135 2912 2187 sed
2950 2136 3003 2187 itt
3030 2137 3256 2191 veritate
3286 2139 3536 2193 morbum

1965 2212 2305 2281 aegritudinis
2361 2216 2734 2287 insequentes,
2788 2231 2842 2275 et
2871 2238 3137 2293 aquarum
3173 2226 3536 2295 abjectionem

1966 2304 2261 2357 salubriter
2285 2320 2595 2373 operantes.

2036 2394 2172 2448 Cum
2210 2405 2389 2450 autem
2426 2400 2529 2454 hoc
2572 2414 2847 2471 gererent,
2882 2413 2940 2459 ut
2990 2419 3111 2475 post
3143 2410 3414 2463 somnium
3457 2410 3536 2479 (id

1969 2488 2145 2557 ipsmn
2176 2499 2260 2543 est
2298 2492 2342 2543 si
2394 2491 2645 2548 dicamus
2693 2503 2817 2563 post
2858 2498 3197 2567 languorem,
3241 2517 3415 2571 usque
3472 2503 3539 2557 ad

1966 2594 2217 2633 somnum
2273 2582 2475 2651 quippe
2532 2598 2592 2639 se
2636 2585 2865 2656 languor
2919 2592 3218 2659 obtinuit),
3263 2592 3540 2663 Eugenius

1966 2672 2263 2735 asserebat,
2302 2675 2558 2728 mulieres
2593 2683 2704 2731 tres
2733 2680 3043 2734 clamabant
3067 2692 3189 2751 post
3220 2696 3489 2754 martyres
3518 2705 3531 2739 :

1966 2760 2354 2829 Quamobrem,
2393 2767 2588 2833 sancti,
2620 2783 2719 2823 nos
2765 2785 2968 2824 annum
3024 2774 3111 2827 hic
3155 2776 3420 2831 habemus
3455 2793 3542 2832 se—

1966 2850 2177 2913 dentes,
2216 2853 2512 2921 plagasque
2541 2855 2788 2912 dolentes
2824 2861 2911 2928 (ex
2939 2861 3048 2915 illis
3078 2864 3219 2915 enim
3244 2873 3401 2918 erant
3422 2881 3542 2934 quae

1968 2939 2371 3007 illiejacebant,
2407 2953 2464 2995 ut
2500 2944 2599 2999 has
2640 2955 2762 3013 post
2811 2950 3085 3002 somnium
3110 2958 3424 3020 recognovit
3461 2956 3541 3007 in-

1969 3029 2197 3099 ﬁrmus),
2228 3040 2281 3086 et
2306 3048 2415 3101 pra:
2445 3035 2801 3105 languoribus
2836 3041 3079 3109 requiem
3112 3057 3218 3096 no.1
3252 3044 3540 3109 habemus,

1969 3132 2022 3174 et
2056 3122 2157 3175 iste
2191 3127 2283 3192 qui
2312 3125 2428 3179 heri
2454 3126 2624 3193 venit,
2661 3138 2714 3181 et
2750 3131 3009 3198 passione
3038 3141 3189 3187 tanta
3227 3138 3539 3204 tenebatur,

1973 3213 2133 3268 hodie
2158 3216 2395 3271 sanitate
2424 3216 2624 3287 dignus
2643 3218 2895 3284 ellicitur,
2920 3235 2975 3276 et
2998 3224 3219 3279 domum
3235 3227 3385 3281 abire
3406 3245 3540 3298 prae-

1972 3306 2207 3373 cipitur?
2233 3306 2313 3360 Ad
2335 3324 2475 3377 quas
2509 3322 2781 3383 martyres
2808 3315 2965 3383 quasi
2990 3320 3240 3371 conversi
3270 3334 3395 3372 eum
3424 3338 3540 3374 om-

1972 3393 2027 3446 ui
2058 3398 2475 3453 mansuetudine
2507 3404 2911 3471 respondebant
2943 3421 2957 3457 :
2986 3406 3105 3459 Non
3129 3422 3251 3473 nos,
3277 3425 3310 3461 ο
3343 3414 3541 3465 mulie-

1970 3498 2080 3548 res,
2105 3487 2359 3543 sanitatis
2396 3488 2602 3545 domini
2642 3507 2855 3557 sumus,
2903 3500 2997 3551 sed
3035 3498 3289 3555 Christus
3325 3503 3417 3570 qui
3456 3514 3541 3558 est

1970 3575 2221 3641 provisor
2251 3585 2304 3630 et
2327 3586 2535 3633 custos.
2576 3579 2811 3637 Veniunt
2846 3585 3014 3656 igitur
3040 3587 3128 3641 hic
3162 3590 3387 3658 quidam
3423 3608 3525 3661 pro

1970 3664 2182 3719 lixioris
2209 3670 2593 3739 castigationis
2632 3685 2877 3744 egentes,
2910 3686 2965 3731 et
3000 3694 3195 3735 rursus
3224 3682 3314 3733 alii
3360 3685 3539 3737 curari

1968 3757 2076 3809 cito
2100 3759 2393 3845 debentes;
2424 3777 2525 3818 nos
2553 3764 2697 3819 enim
2720 3768 2978 3824 similiter
3012 3785 3113 3839 pro
3136 3773 3394 3828 omnibus
3413 3791 3541 3845 sup.

1968 3837 2289 3919 plicationes
2316 3853 2618 3921 oderimus,
2646 3866 3105 3933 etquemcunque
3135 3880 3166 3919 a
3190 3864 3543 3924 dominatore

1968 3937 2079 3994 Deo
2108 3953 2171 3993 ac
2205 3940 2490 3999 Salvatore
2539 3956 2732 4002 nostro
2765 3947 2894 4005 Jesu
2927 3950 3152 4008 Christo
3188 3956 3331 4025 jussi
3374 3959 3533 4013 fueri-

1967 4048 2089 4089 mus
2119 4050 2334 4101 curare,
2366 4040 2511 4095 hunc
2562 4053 2817 4100 sanatum
2864 4048 3153 4105 confestim
3187 4052 3540 4110 dimittimus.

1966 4126 2123 4180 Hunc
2157 4142 2286 4199 ergo
2306 4138 2360 4184 et
2384 4146 2483 4187 vos
2502 4148 2605 4186 una
2629 4137 2914 4193 nobiscum
2942 4152 3187 4208 exorate,
3220 4152 3279 4199 ut
3308 4149 3540 4216 gratiam

1965 4230 2274 4277 vestrarum
2334 4226 2541 4280 tribuat
2588 4231 2934 4299 sanitatum;
2979 4242 3035 4288 et
3070 4236 3116 4289 si
3161 4239 3543 4296 misericordia

1967 4320 2146 4366 motus
2175 4321 2385 4368 tantum
2436 4316 2599 4372 fuerit
2645 4320 2837 4389 jubere
2867 4325 3145 4396 dignatus,
3200 4332 3407 4387 celeres
3441 4349 3541 4387 nos

1965 4406 2325 4472 completores
2361 4408 2667 4465 divinorum
2699 4415 2819 4481 ejus
2848 4418 3191 4476 decretorum
3218 4422 3537 4485 eﬂiciemur.

1966 4496 2083 4550 sine
2131 4498 2287 4567 cujus
2328 4512 2458 4554 tmtu
2493 4518 2673 4572 neque
2704 4515 2890 4563 tenere
2936 4526 3112 4581 neque
3163 4516 3436 4571 dimittere
3469 4518 3537 4571 ad

1966 4604 2065 4643 nos
2108 4592 2385 4646 venientes
2440 4597 2702 4653 valemus.
2764 4598 2832 4653 Et
2884 4601 2998 4657 hazc
3057 4606 3276 4673 quidem
3334 4611 3536 4679 egregii

1963 4692 2234 4755 martyres
2266 4687 2332 4740 ad
2360 4688 2619 4743 tnulieres
2652 4692 2772 4746 illas
2793 4693 2940 4748 allati
2963 4707 3114 4751 sunt.

2031 4866 2163 4920 Cum
2214 4878 2393 4922 autem
2444 4885 2472 4923 a
2508 4886 2701 4927 somno
2741 4882 2794 4927 et
2846 4879 3160 4932 stramentis
3209 4885 3538 4938 surrexisset

1964 4961 2262 5027 Eugenius,
2299 4962 2363 5012 ad
2399 4963 2626 5017 latrinas
2649 4966 3014 5029 aceelerabat,
3045 4968 3192 5023 hunc
3227 4975 3537 5029 accelerare

1965 5064 2153 5105 ventre
2183 5055 2247 5104 ad
2282 5056 2635 5124 martyricutn
2661 5069 2893 5126 cogente
2925 5072 3282 5130 pra-ceptum.
3313 5064 3377 5117 Et
3408 5084 3534 5120 cutn

1960 5146 2023 5197 ad
2056 5144 2155 5197 has
2178 5147 2536 5213 pervenisset,
2568 5162 2784 5201 onmem
2814 5151 3081 5205 continuo
3115 5154 3322 5216 limum,
3361 5157 3453 5225 qui
3481 5159 3534 5212 in

1961 5252 2025 5291 eo
2062 5238 2268 5291 diutius
2300 5236 2501 5303 fuerat,
2536 5254 2648 5293 uno
2677 5253 2881 5309 puncto
2911 5245 3176 5312 temporis
3208 5247 3531 5304 exinanivit.

1962 5326 2024 5379 lit
2074 5329 2195 5387 hoc,
2228 5340 2287 5383 ut
2323 5330 2589 5397 diximus,
2622 5334 2926 5394 exinanito,
2950 5335 3043 5402 qui
3080 5338 3332 5392 omnibus
3362 5341 3537 5394 intra-

1960 5425 2032 5475 vit
2066 5432 2331 5489 quantum
2382 5424 2450 5477 ad
2504 5424 2740 5493 speciem
2783 5426 3063 5494 grassior,
3115 5430 3299 5484 multis
3343 5435 3531 5498 exivit,

1958 5524 2257 5568 evacuath
2307 5529 2365 5569 se
2415 5529 2657 5578 secessu,
2706 5518 2985 5587 gracilior.
3044 5520 3155 5573 lmo
3198 5530 3253 5575 et
3296 5524 3378 5577 sic
3408 5541 3534 5595 geo-

1962 5615 2130 5658 metra
2165 5607 2265 5658 iste
2292 5608 2539 5674 pristinae
2563 5623 2834 5662 mensurae
2869 5610 3115 5666 redditus
3142 5614 3419 5684 exsilivit;
3444 5633 3535 5673 so-

1959 5703 2067 5754 lum
2108 5717 2342 5772 namque
2394 5704 2602 5758 ventris
2643 5704 2835 5759 habuit
2882 5715 3174 5771 tumorem,
3223 5716 3277 5762 ct
3317 5718 3534 5781 tempus

1958 5796 2211 5850 sanitatis
2261 5796 2584 5852 immensum
2616 5814 2629 5862 ;
2665 5797 2767 5852 hoc
2796 5798 3019 5868 quidem
3058 5803 3127 5855 ob
3161 5803 3384 5856 multam
3428 5820 3535 5876 op—
