4294 6442
757 391 891 456 περι

1655 391 1714 449 S.
1750 385 2167 448 SOPHRONH
2201 384 2706 445 PATRIARCHIE
2747 386 3151 448 HIEROSOL.

758 507 843 560 ori
883 503 1193 575 prasinum
1242 508 1362 556 erat
1405 499 1728 566 insilientia,
1774 500 1827 552 in
1881 508 2094 552 uterum
2146 496 2340 566 puellae
2366 498 2454 558 Αι

2330 498 2417 558 ιΑ
2442 513 2611 550 σαντα
2664 498 2758 567 τῆς
2806 500 3106 568 ἑγγισάσης
3139 499 3217 568 τῷ
3263 501 3510 569 στόματι.
3549 499 3626 562 εἰς
3665 498 4026 571 τὴνγαστέρα

759 600 923 651 allata
959 603 1108 658 sunt,
1146 608 1252 648 non
1293 593 1665 647 voluntarium
1719 591 2049 646 sustinentia
2098 590 2335 659 lapsum.

763 687 818 740 la
873 699 1119 740 ventrem
1181 695 1363 740 autem
1418 685 1611 755 puellae
1657 684 1907 746 inducta,
1961 692 2010 736 et
2059 681 2338 736 insolitam

761 777 1154 832 habitationem
1175 792 1518 846 nequaquam
1540 775 1791 840 ferentia,
1809 775 1999 844 fugere
2035 773 2161 826 inde
2194 780 2341 826 sata-

686 915 692 920 .
759 869 980 938 gebant.
1034 867 1245 921 Taliter
1311 876 1493 921 autem
1559 866 1963 928 discurrentia,
2021 872 2075 917 et
2128 863 2342 916 miserae

761 960 911 1014 illius
950 961 1168 1014 interim
1218 960 1521 1031 praecordia
1579 958 1991 1018 conturbantia,
2034 955 2340 1010 contortio-

760 1067 966 1121 nesque
999 1053 1271 1107 viscerum
1309 1052 1584 1115 facientia,
1624 1051 1999 1105 intolerabiles
2051 1048 2127 1101 illi
2183 1047 2340 1099 dolo-

759 1159 851 1198 res
891 1146 1285 1212 operabantur,
1331 1159 1469 1211 quos
1533 1142 1778 1210 profecto
1828 1155 1991 1194 nemo
2054 1140 2341 1208 scripturae

759 1235 1247 1298 commendaverit,
1269 1233 1483 1287 etiamsi
1509 1233 1737 1286 multum
1770 1233 1965 1285 habeat
1993 1231 2339 1296 experimen-

761 1335 876 1378 tum
917 1325 1222 1394 languoris.
1257 1324 1410 1378 Unde
1438 1325 1617 1393 puella
1671 1325 2015 1377 incessanter
2053 1322 2342 1390 plangebat

759 1425 814 1486 et
842 1417 1106 1483 ejulabat,
1157 1417 1558 1483 oculorumque
1613 1416 1884 1484 lacrymas
1915 1412 2255 1474 eﬂundebat,
2290 1425 2343 1466 et

758 1506 1045 1576 quiescere
1104 1506 1322 1574 penitus
1405 1520 1513 1557 non
1566 1505 1802 1557 valebat.
1864 1503 2096 1567 Quando
2159 1512 2340 1556 autem

761 1612 932 1649 unum
975 1611 1038 1648 ex
1083 1595 1390 1662 reptilibus,
1433 1610 1555 1663 quae
1606 1595 1862 1659 absorpta
1926 1592 2164 1653 fuerant,
2210 1607 2342 1660 pau-

761 1687 930 1742 lulum
1006 1688 1369 1755 quiescebat,
1443 1689 1490 1739 si
1570 1697 1749 1739 tamen
1825 1684 2123 1753 aliquando
2188 1686 2344 1752 quie-

763 1783 971 1848 scebat,
1019 1783 1225 1850 reliqua
1270 1782 1379 1835 duo
1428 1781 1664 1850 puellam
1715 1780 2034 1833 domabant.
2079 1777 2234 1843 Quod
2295 1776 2339 1831 si

761 1873 927 1926 etiam
1010 1871 1120 1924 duo
1195 1887 1258 1925 ex
1339 1871 1422 1925 bis
1488 1887 1919 1939 nonnunquam,
1983 1879 2042 1922 ut
2117 1878 2168 1923 et
2237 1868 2338 1923 boc

762 1966 980 2028 demus,
1035 1963 1175 2017 forte
1247 1964 1618 2025 dormiebant,
1681 1961 1903 2014 tertium
1962 1960 2116 2012 nullo
2177 1960 2337 2011 modo

763 2058 1104 2128 quiescebat,
1133 2057 1227 2111 sed
1253 2058 1300 2110 ei
1342 2072 1448 2109 non
1487 2055 1848 2108 dormientem
1893 2052 2208 2106 conferebat
2235 2051 2336 2105 do-

2442 588 2545 658 τῆς
2580 590 2768 650 παιδος
2797 591 3073 659 φέρονται,
3098 591 3352 644 ἀκούσιον
3391 589 3600 643 θλισθον
3632 591 4021 659 ὑπομείναντα.

2444 681 2538 742 Εἰς
2565 681 2662 748 τὴν
2689 681 2896 733 κοιλίαν
2919 681 2972 732 δὲ
2995 683 3392 752 κατενεχθέντα
3414 682 3510 750 τῆς
3543 681 3825 750 μείρακος,
3851 685 3944 736 καὶ
3968 685 4027 738 τὸ

2442 772 2593 836 ξένον
2617 773 2712 840 τῆς
2737 772 2918 834 ἑστίας
2949 772 3022 841 μὴ
3054 773 3304 842 φέροντα,
3327 773 3546 840 φεύγειν
3577 772 3833 825 κάκεῖθεν
3864 774 4024 842 ﬂaui.

2442 879 2600 928 γοντο
2626 879 2639 893 ·
2694 863 2827 915 άλλά
2859 863 2958 934 τὴν
2999 863 3176 927 ἔξοδον
3229 864 3330 917 οὐκ
3383 865 3739 932 ἐγίγνωσκον.
3778 865 3935 916 Οὕτω
3970 863 4027 916 δὲ

2441 957 2812 1027 διατρέχοντα,
2852 958 2945 1011 καὶ
2985 957 3086 1023 τῆς
3130 958 3264 1019 τέως
3297 959 3489 1021 ἀθλίας
3512 961 3579 1012 τά
3617 958 3902 1027 σπλάγχνα
3929 976 4026 1010 τα-

2444 1051 2730 1119 ράττοντα,
2771 1051 2865 1102 καὶ
2915 1049 3222 1117 συστροςὲις
3253 1049 3360 1102 τῶν
3409 1051 3656 1116 ὲγκάτων
3685 1052 3984 1118 ποιούμενα
4009 1090 4025 1113 ,

2441 1141 2751 1201 δυσοίστους
2798 1141 2932 1210 αὐτῇ
2987 1142 3084 1202 τὰς
3117 1141 3415 1208 ἀλγηδόνας
3441 1141 3756 1209 εἰργάζοντο
3782 1147 3796 1160 ⁶
3833 1142 3898 1203 ἃς
3927 1141 4026 1195 οὒκ

2443 1234 2507 1286 ἄν
2567 1249 2652 1294 τις
2713 1236 2898 1302 γραφῇ
2943 1237 3366 1302 παραστήσειεν,
3413 1232 3524 1284 οὐδ’
3562 1235 3610 1285 εί
3641 1235 3836 1302 πεῖραν
3870 1233 4027 1302 σχοίη

2443 1323 2643 1392 πολλὴν
2675 1323 2764 1374 τοῦ
2799 1325 3102 1391 νοσήματος
3127 1340 3140 1354 °
3191 1325 3314 1376 ὅθεν
3349 1325 3381 1393 ὴ
3418 1327 3546 1386 παῖς
3574 1324 3867 1386 ἀπαύστως
3915 1325 4033 1376 ἐκό-

2450 1430 2614 1464 πτετο
2636 1413 2727 1463 καὶ,
2743 1411 2993 1475 ὀλόλυζεν
3016 1413 3111 1465 καὶ
3129 1413 3340 1480 δάκρυα
3366 1413 3474 1464 τῶν
3495 1413 3761 1480 ὀμμάτων
3787 1415 4026 1481 ἐξέχεεν,

2444 1506 2537 1555 καὶ
2575 1504 2853 1566 παντελῶς
2901 1505 3130 1572 ἠρεμεῖν
3161 1505 3261 1556 οὐκ
3291 1505 3539 1572 ἠδύνατο.
3570 1505 3699 1556 Ὅτε
3731 1505 3839 1574 γὰρ
3870 1505 3931 1557 τὸ
3969 1505 4028 1557 ἓν

2443 1596 2551 1646 τῶν
2595 1595 3010 1646 καταποθέντων
3051 1595 3300 1663 ἑρπετῶν
3325 1597 3504 1664 ὀλίγον
3541 1595 3834 1665 ἡσύχαζεν,
3867 1598 4027 1667 εἴπερ

2444 1683 2574 1735 ποτὲ
2609 1685 2702 1735 καὶ
2755 1683 3048 1752 ἡσύχαζεν,
3085 1685 3152 1735 τὰ
3186 1685 3348 1736 λοιπά
3378 1686 3471 1737 δύο
3501 1686 3596 1754 τὴν
3619 1688 3786 1754 κόρην
3817 1687 4028 1752 ἐδάμα-

2445 1773 2536 1837 ζον
2565 1790 2577 1802 ·
2614 1775 2644 1842 ἦ
2689 1773 2780 1826 καὶ
2821 1776 2886 1827 τὰ
2928 1774 3020 1826 δύο
3067 1775 3342 1838 πολλάκις,
3394 1775 3479 1827 ἴνα
3517 1777 3788 1828 καὶτοῦτο
3822 1777 4026 1846 δῶμεν,

2447 1865 2756 1924 ἐκάθευδον,
2809 1866 2868 1916 τὸ
2907 1866 3092 1934 ἕτερον
3125 1867 3224 1917 ούκ
3267 1867 3535 1919 ἐπαύετοο
3577 1867 3692 1920 ἀλλ’
3727 1868 4029 1935 ἀκοίμητον

2445 1961 2580 2027 αὐτῇ
2614 1957 2708 2026 τὴν
2739 1957 2929 2024 ὀδύνην
2967 1956 3283 2026 ἐόρὰϐευον,
3315 1957 3444 2010 ποτὲ
3480 1959 3579 2027 μὲν
3613 1958 3670 2010 τὸ
3703 1960 3781 2019 ἒν,
3811 1960 3942 2010 ποτὲ
3973 1959 4032 2011 δὲ

2445 2053 2512 2105 τὰ
2544 2052 2635 2104 δύο
2655 2092 2669 2114 ,
2707 2049 2966 2112 πολλάκις
2993 2051 3049 2102 δὲ
3083 2053 3176 2102 καὶ
3195 2050 3262 2103 τὰ
3282 2052 3408 2120 τρία
3437 2053 3846 2122 σπαρασσοντα.

765 2153 954 2206 larem.
985 2147 1171 2220 Itaque
1202 2152 1364 2206 modo
1406 2149 1627 2220 quidem
1657 2164 1846 2213 unum,
1882 2149 2046 2202 modo
2073 2163 2198 2202 vero
2239 2148 2370 2212 duo,
2412 2149 2689 2202 multoties
2728 2155 2910 2201 autem
2942 2155 2996 2202 et
3035 2149 3151 2215 ipsa
3217 2149 3342 2214 tria,
3402 2147 3650 2204 eamdem
3717 2149 4032 2216 discerpere

767 2246 1154 2299 noscebantur.

835 2336 973 2390 Cum
1002 2351 1132 2404 ergo
1157 2337 1296 2388 inter
1349 2333 1724 2388 iudesinentes
1775 2341 1830 2385 et
1869 2331 2170 2385 acerrimos
2195 2339 2344 2384 esset

767 2428 1008 2488 dolores,
1060 2425 1340 2479 ferebatur
1393 2426 1458 2476 ad
1531 2433 1788 2488 sanctos;
1841 2423 2112 2475 medicum
2199 2420 2342 2472 enim

767 2533 876 2570 non
919 2516 1228 2570 inveniebat
1253 2515 1444 2578 alium,
1479 2515 1572 2583 qui
1611 2524 1801 2567 contra
1852 2521 2059 2565 tantam
2096 2509 2365 2565 subicere

771 2619 957 2678 posset
998 2622 1322 2662 aerumnam.
1361 2605 1549 2675 Igitur,
1605 2616 1664 2660 ut
1711 2605 1919 2659 dictum
1971 2614 2075 2665 est,
2119 2603 2345 2656 veniens

765 2710 822 2755 et
851 2710 1122 2772 martyres
1149 2701 1552 2768 compatientes
1573 2699 1876 2761 inveniens,
1907 2697 2174 2749 maturius
2193 2711 2219 2745 a
2245 2697 2344 2747 tri-

768 2792 896 2861 plici
939 2791 1311 2845 redimebatur
1337 2791 1629 2858 supplicio.
1670 2788 1927 2843 Dicamus
1964 2798 2144 2840 autem
2170 2795 2223 2839 ut
2260 2783 2345 2837 fa-

770 2894 857 2936 cta
889 2895 970 2936 est
1029 2884 1147 2951 ipsa
1205 2884 1543 2951 redemptio;
1596 2891 1681 2936 est
1738 2880 1884 2934 enim
1939 2878 2344 2946 redemptorum

767 2975 942 3043 gratia
979 2975 1158 3043 plena.
1183 2975 1288 3026 Alii
1322 2975 1539 3027 cuidam
1577 2974 1972 3027 infirmantium
2006 2971 2236 3024 fratrum
2294 2970 2346 3024 in

769 3067 891 3120 visu
925 3075 1102 3120 sancti
1135 3066 1415 3120 venientes
1465 3068 1576 3130 die,
1618 3066 1895 3134 inquiunt,
1935 3063 2214 3115 monachae
2260 3061 2347 3116 isti

768 3173 892 3227 qua:
929 3157 1152 3220 clamat,
1181 3156 1451 3210 clamabat
1473 3157 1617 3210 enim
1643 3155 1864 3209 assidue
1895 3163 1948 3209 et
1973 3170 2198 3222 prorsus
2235 3168 2341 3207 non

2531 2332 2618 2383 Ἐν
2659 2331 2958 2394 ἀπαύστοις
2984 2330 3075 2383 οὖν
3116 2332 3207 2384 καὶ
3233 2331 3507 2402 δριμείαις
3536 2333 3822 2400 ἀλγηεόσιν
3853 2335 4033 2402 ὑπάρ-

2447 2440 2619 2491 χουσα
2646 2423 2780 2491 πρὸς
2803 2424 2928 2485 τοὺς
2953 2424 3143 2490 ἁγίους
3162 2425 3409 2494 ἐφέρετο.
3438 2425 3622 2496 ίατρδν
3651 2426 3746 2493 οὐχ
3773 2425 4033 2492 εὕρισκεν

2447 2515 2631 2582 ἓτερον
2665 2513 2800 2585 πρὸς
2841 2517 3124 2584 συμφορὰν
3148 2514 3416 2583 τοσαύτην
3443 2515 3675 2584 ἀρκέσαι
3706 2517 4027 2586 δυνάμενον.

2462 2606 2721 2660 Ἐλθοῦσα
2741 2607 2941 2669 τοίνυν,
2970 2607 3042 2666 ὡς
3074 2606 3308 2676 εἴρηται,
3340 2607 3432 2658 καὶ
3457 2607 3763 2675 συμπαθεῖς
3794 2607 4032 2676 εὑροῦσα

2445 2702 2572 2762 τοὺς
2595 2700 2895 2768 μάρτυρας,
2918 2699 3110 2750 θᾶττον
3132 2699 3230 2765 τῆς
3252 2698 3482 2766 τριπλῆς
3510 2700 3719 2766 ἐκείνης
3741 2697 4034 2767 ὲλυτροῦτο

2454 2792 2749 2853 κολάσεως.
2789 2791 3048 2858 Εἶπιυμεν
3095 2791 3148 2841 δὲ
3198 2791 3290 2842 καὶ
3324 2791 3384 2840 τὸ
3433 2791 3624 2858 λύτρον
3665 2789 3739 2850 ὼς
3783 2791 4031 2856 γέγονεν·

2449 2882 2595 2934 ἔστιν
2635 2883 2742 2952 γὰρ
2772 2882 2869 2951 τῆς
2901 2881 3006 2932 τῶν
3037 2883 3467 2949 λυτρωσαμένων
3500 2883 3718 2949 χάριτος
3753 2882 3990 2948 ἔμπλεον
4015 2896 4030 2910 ⁶

2457 2973 2668 3043 Ἐτέρῳ
2689 2973 2799 3024 τινὶ
2829 2974 2937 3025 τῶν
2965 2972 3333 3026 ἀσθενούντων
3354 2972 3596 3040 ἀδελςῶν
3626 2973 3757 3042 ὄναρ
3785 2973 4034 3036 ἐλθόντες

2451 3066 2500 3116 οἱ
2547 3064 2712 3131 ἆγιοι,
2750 3065 2906 3127 Εἰπὲ,
2968 3064 3126 3132 φασὶ,
3166 3065 3232 3132 τῇ
3287 3063 3468 3134 βοώσῃ
3511 3062 3684 3131 ταύτῃ
3728 3064 4036 3132 μοναστρία

2450 3157 2602 3226 (ἐϐόα
2639 3156 2750 3227 γὰρ
2783 3156 3044 3226 διηνεκῶς
3090 3159 3183 3208 καὶ
3213 3155 3272 3207 τὸ
3309 3156 3528 3208 σύνολον
3562 3155 3662 3206 ούκ
3691 3154 4032 3222 ἐκάθευδεν),

771 3243 1098 3306 ιονιιιίειιαι,
1134 3251 1191 3295 ut
1228 3259 1388 3296 mane
1419 3244 1653 3312 vigilans
1695 3243 1761 3296 ad
1798 3257 1960 3295 uuam
2000 3258 2067 3295 ex
2099 3242 2344 3296 tabernis
2376 3253 2420 3314 (ς
2453 3251 2467 3300 ῖ

2338 3257 2344 3294 ι
2376 3253 2420 3314 C
2453 3249 2540 3301 ἵνα
2582 3250 2792 3315 πρωῖας
2834 3249 3166 3317 ὀρθρίσασα,
3198 3249 3276 3309 είς
3311 3247 3369 3297 ἓν
3400 3247 3509 3298 τῶν
3541 3245 3850 3316 καπηλείων
3876 3247 4034 3310 ἐξέλ-

769 3333 1104 3402 igrediatur,
1128 3335 1448 3403 priusquam
1481 3351 1662 3388 escam
1695 3341 1873 3402 gustet
1923 3334 2009 3387 vel
2058 3343 2267 3402 potum,
2299 3344 2352 3387 et

771 3423 930 3478 cadis
965 3424 1069 3476 tria
1094 3425 1332 3493 (species
1358 3424 1473 3478 haec
1499 3423 1691 3478 calicis
1709 3423 1910 3491 est)sic
1935 3423 2077 3491 apud
2107 3423 2352 3476 Alexan-

771 3516 964 3570 drinos
1017 3524 1232 3580 vocata.
1287 3513 1474 3570 bibere
1517 3515 1707 3585 jejuna
1770 3516 2030 3584 patiatur,
2056 3523 2110 3568 et
2149 3516 2352 3570 veloci-

778 3619 860 3662 ter
882 3608 1172 3662 sanitatem
1219 3622 1313 3677 per
1343 3608 1624 3662 cadiorum
1657 3607 1933 3677 potionem
1957 3608 2202 3676 recipiet.

845 3789 916 3840 At
952 3787 1040 3842 ille
1080 3786 1297 3841 somnio
1347 3787 1488 3848 viso.
1528 3793 1651 3856 post
1700 3800 1976 3840 somnium
2040 3785 2354 3839 monastrim

777 3878 987 3942 retulit,
1009 3885 1066 3930 ut
1126 3877 1232 3931 sibi
1289 3885 1561 3946 martyres
1614 3875 1894 3942 iusserant
1927 3891 1942 3940 ;
1980 3890 2101 3943 quae
2158 3875 2349 3927 borum

776 3970 962 4024 audita
994 3969 1261 4038 iussione,
1319 3983 1476 4023 inane
1507 3968 1573 4022 ad
1619 3968 1950 4037 cauponium
1981 3968 2134 4029 exiit,
2158 3976 2211 4018 et
2242 3974 2352 4018 tres

779 4066 978 4120 situlas
1012 4067 1139 4118 vino
1163 4065 1352 4132 plenas
1377 4063 1636 4133 protinus
1667 4063 1982 4132 bibitaquis
2012 4079 2118 4116 non
2150 4063 2351 4125 misto;

779 4173 885 4211 non
933 4158 1094 4210 mist:
1141 4157 1339 4226 quippe
1392 4156 1577 4210 bibere
1629 4155 1734 4208 tria
1791 4155 1883 4208 illa
1927 4154 2142 4224 jussum
2179 4152 2355 4210 fuerat

776 4247 931 4302 cadia
969 4263 984 4312 ;
1017 4247 1238 4314 quibus.
1283 4257 1340 4300 ut
1371 4245 1507 4305 dixi.
1546 4245 1848 4314 absorptis,
1877 4259 2125 4300 movetur
2167 4250 2352 4301 statim

777 4339 1151 4402 advotnitum,
1188 4348 1243 4394 et
1281 4355 1406 4394 cum
1455 4341 1642 4393 vinum
1687 4338 2041 4405 evomuisset,
2075 4355 2180 4393 una
2228 4357 2351 4394 cum

776 4447 845 4486 eo
874 4431 1156 4485 evidenter
1182 4432 1345 4484 etiam
1385 4431 1488 4482 tria
1547 4430 1638 4482 illa
1691 4431 1934 4482 evomuit
1983 4431 2351 4495 samamitbia,

2452 3339 2534 3391 θοι
2567 3341 2696 3408 πρὶν
2719 3339 2751 3405 ἢ
2785 3337 3072 3408 βρώματος
3099 3339 3131 3407 ἢ
3161 3337 3400 3406 πόματος
3428 3336 3694 3405 γεύσηται
3729 3352 3743 3364 ο
3776 3338 3872 3387 καὶ
3900 3336 4036 3392 κάν-

2452 3450 2539 3485 νια
2571 3431 2699 3502 τρία
2723 3428 2882 3501 (εἶδος
2935 3430 3090 3482 τοῦτο
3124 3429 3434 3496 καθέστηκε
3466 3429 3686 3488 κύλικος
3712 3426 3857 3479 οὕτω
3899 3426 4035 3496 παρ’

2463 3519 2867 3589 Ἀλεξανδρεῦσι
2901 3519 3214 3588 λεγόμενον)
3265 3521 3409 3571 πιεῖν
3456 3518 3641 3588 νῆστις
3701 3519 4034 3588 ἀνάσχοιτο,

2451 3613 2546 3665 καὶ
2574 3614 2731 3681 τάχος
2761 3613 2860 3681 τὴν
2910 3613 3054 3664 τασιν
3104 3612 3193 3664 διὰ
3247 3611 3346 3680 τῆς
3387 3611 3495 3663 τῶν
3530 3610 3764 3663 καννίων
3820 3609 4035 3673 δέξεται

2452 3704 2683 3765 πόσεως.

2534 3796 2590 3847 '0
2641 3795 2696 3847 δὲ
2726 3796 3004 3865 θεωρήσας
3035 3795 3127 3848 τὸν
3167 3794 3399 3864 ὄνειρον,
3449 3798 3516 3866 τῇ
3565 3793 3795 3864 νοσούσῃ
3843 3791 4041 3846 τοῦτον

2457 3887 2573 3956 μεθ’
2607 3886 2772 3940 ὕπνον
2804 3888 3167 3956 ἀπήγγελλεν,
3191 3889 3265 3951 ὡς
3294 3891 3342 3940 oi
3379 3888 3656 3958 μάρτυρες
3673 3887 3821 3956 αὐτῷ
3851 3886 4042 3939 διετά-

2455 3979 2649 4043 ξαντο·
2710 3983 2741 4048 ἡ
2807 3980 2863 4031 δὲ
2923 3979 3023 4048 τῆς
3094 3980 3300 4034 τούτων
3370 3981 3648 4048 πυθομένη
3708 3979 4036 4042 κελεύσεως,

2454 4071 2664 4140 πρωῖας
2710 4072 2787 4132 είς
2817 4071 3110 4140 καπηλεῖον
3147 4071 3452 4140 ἐξέρχεται,
3501 4073 3595 4123 καὶ
3625 4071 3724 4128 τὰς
3766 4073 3918 4138 τρεῖς
3943 4071 4042 4121 εὐ-

2455 4155 2589 4215 θέως
2615 4155 2732 4206 ἔπιε
2762 4157 2987 4218 κύλικας
3008 4197 3021 4219 ,
3058 4159 3202 4209 οἴνου
3236 4158 3513 4226 γεμούσας
3545 4158 3619 4227 μὴ
3648 4160 3901 4226 μιγέντος
3924 4162 4041 4220 τοῖς

2456 4246 2640 4298 ὕδασιν
2674 4262 2686 4272 ·
2719 4247 2932 4317 ἄκρατα
2962 4249 3067 4319 γὰρ
3105 4252 3248 4300 πιεῖν
3279 4252 3343 4302 τὰ
3392 4253 3518 4320 τρία
3548 4251 3872 4303 κεκέλευστο
3908 4253 4044 4303 κάν-

2455 4356 2564 4389 νια·
2588 4339 2749 4406 ἅπερ,
2782 4339 2856 4402 ὠς
2883 4337 3054 4404 εἷπον,
3085 4343 3388 4410 ροφήσασα.
3425 4345 3654 4393 κινεῖται
3679 4342 3872 4393 Θᾶττον
3899 4343 4043 4409 πρὸς

2457 4431 2667 4499 ἔμετον,
2703 4431 2794 4484 καὶ
2830 4431 2918 4483 τὸν
2963 4427 3104 4483 οἶνον
3145 4432 3410 4501 ὲμέσασα,
3454 4433 3579 4501 ὲμεῖ
3621 4432 3916 4502 προφανῶς
3945 4435 4044 4486 καὶ

777 4525 974 4593 quibus
1017 4538 1114 4592 per
1144 4537 1204 4576 os
1227 4521 1457 4590 abiectis
1489 4523 1557 4575 ab
1583 4521 1730 4574 omni
1765 4535 1890 4574 mox
1920 4521 2211 4575 aﬂlietioue
2237 4521 2346 4575 dif—
2388 4503 2428 4556 θ
2457 4539 2473 4572 1

2343 4552 2346 4559 ι
2388 4503 2428 4556 υ
2457 4524 2523 4574 τὰ
2553 4523 2678 4591 τρία
2711 4523 2805 4573 σὺν
2843 4522 2989 4589 αύτῷ
3016 4523 3328 4592 σαμαμίθια
3371 4524 3460 4576 διὰ
3499 4525 3766 4594 στόματος
3804 4523 4039 4593 ῥίψασα.

779 4613 1021 4683 flcilique
1055 4613 1260 4672 dolore.
1304 4627 1368 4666 ac
1400 4615 1624 4667 verbere
1650 4613 1878 4666 liberata
1916 4621 2020 4677 est,
2057 4628 2174 4682 quae
2206 4628 2350 4669 onus

781 4706 913 4759 illud
939 4706 1231 4775 tridymum
1253 4705 1430 4758 adhuc
1459 4704 1799 4774 parturit-bat
1820 4705 1874 4758 in
1908 4717 2064 4760 utero
2094 4704 2352 4775 deporta-

782 4802 918 4844 tum.
951 4791 1138 4856 ltaque
1172 4791 1326 4843 Anna
1358 4791 1576 4858 quidem
1611 4791 1934 4855 monastria,
1986 4792 2067 4845 sic
2113 4802 2347 4846 mortem

781 4899 902 4951 qua:
925 4883 1082 4936 sibia
1143 4883 1482 4936 daemonibus
1510 4892 1806 4951 praeparata
1860 4880 2038 4936 fuerat
2089 4885 2349 4948 exsilivit,

783 4975 982 5028 fortius
1010 4973 1347 5026 medicorum
1389 4975 1680 5037 auxilium,
1703 4988 1866 5042 quam
1921 4973 2138 5027 illorum
2169 4984 2356 5030 essent

782 5068 1018 5129 insidiae,
1049 5076 1346 5120 consecuta
1373 5083 1388 5131 ;
1429 5075 1482 5119 et
1508 5065 1574 5118 ad
1620 5065 1854 5135 hymnos
1888 5076 2202 5120 sanctorum
2233 5083 2355 5121 om-

787 5174 905 5216 nes.
931 5159 1021 5227 qui
1077 5158 1227 5210 illam
1258 5159 1548 5210 sanitatem
1579 5157 1829 5210 viderant
1858 5158 2166 5217 concitans.
2195 5167 2356 5227 atque

783 5253 1012 5306 cumbis
1032 5266 1126 5304 eos
1145 5251 1398 5305 laudibus
1423 5249 1680 5314 ell'ereus,
1703 5265 1828 5302 cum
1860 5249 1944 5303 bis
1977 5250 2138 5302 etiam
2173 5266 2202 5303 a
2223 5261 2358 5304 tem-

787 5344 874 5413 plo
905 5342 1152 5396 discedit.
1185 5340 1293 5395 Nos
1317 5350 1524 5407 autem,
1555 5341 1646 5411 qui
1705 5356 1853 5394 nunc
1888 5339 2156 5405 audimus,
2200 5343 2356 5410 quasi

789 5453 918 5493 uiue
962 5445 1259 5506 praesentes
1317 5450 1566 5490 essemus
1616 5436 1923 5497 credentes,
1949 5437 2154 5489 sanctis
2204 5435 2359 5506 bym-

787 5542 978 5580 norum
1013 5525 1269 5579 laudibus
1296 5525 1611 5590 cumulatis,
1649 5524 1716 5578 ad
1749 5525 1886 5579 alios
1912 5525 2142 5596 hymnos
2197 5527 2360 5580 mira-

789 5620 910 5674 cula
937 5618 1158 5672 auditus
1183 5632 1552 5686 pra3paremus
1580 5629 1634 5672 et
1663 5634 1780 5672 ora.

1037 5708 1198 5763 XLV.
1227 5709 1301 5764 De
1329 5709 1544 5765 Cobiote
1573 5712 1732 5765 surdo
1765 5714 2074 5768 camclario.

864 5798 948 5853 Ab
1001 5799 1236 5871 Egypto
1291 5817 1484 5858 rursus
1538 5803 1590 5858 in
1627 5802 1851 5875 Libyam
1887 5812 2258 5866 transeamus,
2307 5815 2358 5857 et

2458 4615 2635 4682 πάσης
2689 4613 2850 4676 εὐθὺς
2906 4614 3198 4684 ἀπηλλάγη
3257 4617 3553 4678 κακώσεως
3604 4617 3698 4667 καὶ
3734 4616 4039 4686 δυσχεροῦς

2455 4705 2645 4774 ὀδύνης
2690 4705 2783 4756 καὶ
2817 4705 3099 4772 μάστιγος,
3134 4705 3201 4768 ἃς
3230 4707 3258 4758 ὀ
3309 4706 3505 4773 φόρτος
3540 4707 3746 4767 ἐκεῖνος
3779 4706 3808 4757 6
3850 4705 4044 4774 τρίδυ-

2459 4815 2553 4868 μος
2582 4797 3113 4866 ὲπικυοφορούμενος
3148 4796 3356 4850 ὤδινεν.
3401 4799 3507 4849 Καὶ
3544 4799 3708 4849 ’Δννα
3748 4798 3846 4850 μὲν
3877 4800 3908 4864 ἡ
3943 4816 4043 4865 μο-

2456 4891 2685 4960 νάστρια
2734 4890 2875 4942 οὓτω
2923 4889 3012 4943 τὸν
3062 4891 3126 4943 ἐκ
3157 4890 3426 4959 δαιμόνων
3479 4890 3614 4960 αὐτῇ
3667 4889 4042 4942 σκευασθέντα

2454 4981 2678 5048 δέφυγε
2726 4981 2976 5046 Θάνατον,
3037 4982 3388 5052 ἰσχυροτέρας
3435 4983 3636 5051 ἱατρῶν
3679 4982 3905 5051 ἀρωγῆς
3937 4983 4040 5048 τῆς

2457 5073 2682 5124 ἐκείνων
2725 5071 3016 5142 ἐπιϐουλῆς
3069 5074 3445 5141 εύπορήσασα.
3507 5074 3612 5124 Καὶ
3673 5073 3884 5132 πάντας
3912 5073 4045 5132 τοὺς

2457 5160 2698 5230 ὁρῶντας
2727 5162 2826 5230 τὴν
2853 5162 2996 5214 ἴασιν
3019 5163 3153 5232 πρὸς
3183 5161 3381 5231 ὕμνους
3405 5163 3513 5214 τῶν
3541 5163 3711 5228 ἁγίων
3738 5161 4041 5230 δτρύνασα,

2459 5254 2554 5305 καὶ
2599 5254 2693 5305 σὺν
2738 5253 2946 5314 τούτοις
2981 5254 3178 5316 αὐτοὺς
3216 5254 3605 5322 ἀνυμνήσασα,
3646 5251 3742 5306 τοῦ
3776 5254 4045 5321 τεμένους

2460 5345 2781 5413 ἀπέρχεται.
2832 5346 3030 5414 Ἡμεῖς
3069 5346 3122 5397 δὲ
3157 5347 3251 5398 νῦν
3285 5347 3334 5398 oi
3369 5345 3681 5407 ἀκούοντες,
3711 5344 3788 5406 ὡς
3836 5347 3886 5397 οι
3916 5346 4044 5397 τότε

2461 5438 2720 5505 παρόντες
2744 5438 3109 5501 πιστεύοντες,
3134 5439 3259 5500 τοὺς
3285 5439 3474 5503 ἁγίους
3501 5438 3669 5502 ἀξίως
3695 5438 4045 5507 ὑμνήσαντις

2461 5528 2596 5596 πρὸς
2625 5528 2840 5596 ἐτέρους
2879 5527 3078 5596 ὕμνους
3110 5529 3202 5580 καὶ
3233 5528 3489 5598 θαύματα
3521 5531 3618 5592 τὰς
3644 5530 3814 5590 ἀκοὰς
3846 5531 4044 5600 surpu-

2464 5620 2711 5687 πίσωμεν
2741 5619 2833 5669 καὶ
2857 5621 2921 5670 τὰ
2949 5621 3203 5686 στόματα.

2533 5709 2666 5764 ME'.
2703 5711 2836 5776 Περὶ
2872 5710 3159 5763 Κοσιώτινυ
3188 5711 3292 5764 τοῦ
3325 5712 3528 5780 κωφοῦ
3561 5716 3967 5780 καμηλαριον.

2548 5801 2666 5853 Ἀπ’
2722 5800 2994 5869 Αἰγύπτου
3051 5800 3213 5854 πάλιν
3254 5803 3334 5866 είς
3387 5802 3596 5873 Λιϐύην
3644 5803 4036 5876 μετέλϐωμινθ
