4280 6442
309 402 454 471 3609

1339 403 1445 466 SS.
1475 403 1650 464 CYRI
1681 401 1776 460 ΕΤ
1811 399 2133 461 ΙΟᾹΝΝΙΞ
2161 401 2578 462 MIRACULA.

3445 400 3588 468 3610

315 520 412 574 τού
469 518 530 572 τὸ
579 517 944 588 ἀρρώστημα,
1004 515 1097 568 τοῦ
1147 513 1322 579 δεξιοῦ
1363 515 1523 576 ποδὸς
1549 515 1580 582 ή
1607 513 1900 567 ἀσθένεια·
1931 515 1984 572 Α

1931 515 2314 582 Aa'grotatio,
2371 515 2548 566 dextri
2606 512 2758 580 pedis
2807 511 3136 578 infirmitas;
3189 513 3338 569 hunc
3388 516 3593 586 quippe

313 611 502 664 τοῦτον
521 610 630 679 γὰρ
647 609 804 678 ἔσχεν
835 609 1126 678 ἡμίξηρον,
1161 606 1318 671 ξύλον
1353 607 1521 677 μηδὲν
1547 605 1896 675 διαφέροντα,

304 703 448 763 ¹ἀλλὰ
476 703 659 770 πάσης
703 700 879 752 ποδῶν
922 700 1202 770 ἐνεργείας
1257 700 1584 768 χηρεύοντα,
1613 699 1709 751 καὶ
1737 698 1896 768 σῶμα

311 792 373 845 τὸ
400 792 586 844 λοιπὸν
634 790 798 859 μηδὲν
850 791 1214 858 εὐεργετῆσαι
1263 789 1586 858 δυνάμενον,
1635 787 1773 840 ἀλλὰ
1804 788 1897 840 καὶ

312 884 514 953 βλάψαι
553 883 624 934 τά
672 882 926 951 μέγιστα.
955 882 1030 932 Οὐ
1069 880 1229 949 μόνον
1267 883 1374 950 γὰρ
1404 880 1505 932 οὐκ
1539 878 1840 943 ἐϐάσταζεν
1866 879 1894 932 ὃ

311 974 605 1044 βαστάζειν
653 974 789 1042 πρὸς
847 972 942 1024 τοῦ
1006 972 1347 1034 πεπλακὸτος
1366 971 1704 1039 κεκλήρωτο,
1760 971 1896 1024 άλλὰ

311 1068 490 1135 μάτην
519 1069 584 1116 ἐκ
613 1064 806 1116 τούτου
845 1062 1005 1130 μόνον
1035 1063 1328 1131 ἐκρέματο,
1361 1062 1667 1114 αὐανθέντα
1702 1061 1895 1114 κλάδον

308 1158 404 1207 καὶ
454 1155 546 1207 τοῦ
602 1155 822 1222 δένδρου
858 1154 1226 1223 κρεμάμενον,
1260 1152 1336 1215 ὡς
1357 1154 1415 1204 ἐν
1437 1156 1606 1204 είκονι
1664 1152 1893 1221 φρᾶσαι,

312 1246 670 1317 μιμούμενος.
695 1246 846 1314 Τάχα
884 1245 940 1298 δὲ
968 1247 1063 1298 καὶ
1104 1245 1292 1298 τούτου
1323 1244 1521 1314 χείρων
1575 1245 1787 1312 ὑπῆρχε
1817 1241 1895 1310 τῷ

309 1339 606 1405 σώματι’ὀ
638 1338 830 1400 κλάδος
889 1342 988 1406 μὲν
1036 1337 1146 1406 γὰρ
1191 1336 1250 1387 τὸ
1287 1335 1505 1405 δένδρον
1558 1337 1687 1396 ἴσως
1741 1335 1892 1386 οὐδὲν

314 1431 367 1478 τὺ
401 1430 565 1496 φέρον
603 1427 762 1480 αὐτον
818 1428 1153 1496 ἐλυμήνατο,
1182 1425 1298 1478 ἀλλ’
1325 1426 1487 1488 αὐτὸς
1529 1427 1629 1494 μὲν
1661 1419 1770 1488 οἷος
1794 1427 1894 1478 ὐπ-

313 1523 441 1588 ἡρχε
479 1519 754 1586 διέμενεν⁸
795 1518 856 1570 τὸ
883 1518 939 1570 δέ
971 1518 1187 1588 δένδρον
1215 1519 1308 1570 καὶ
1340 1517 1564 1587 τεθηλὸς
1595 1517 1732 1570 κατὰ
1768 1519 1892 1580 τοὺς

309 1612 524 1673 Αοιπούς
551 1611 717 1663 αὐτοῦ
755 1611 979 1672 κλάδους
1020 1609 1275 1677 ἐφαίνετο
1307 1613 1398 1662 καὶ
1417 1609 1475 1660 τὸ
1499 1611 1767 1680 στέλεχος,
1797 1610 1893 1660 καὶ

304 1702 522 1770 φύλλοις
554 1704 694 1754 κατὰ
727 1703 913 1772 καιρὸν
937 1701 1227 1769 ὡραῖξετο,
1259 1702 1354 1753 καὶ
1383 1704 1620 1770 καρποῖς
1649 1703 1697 1752 εί
1731 1699 1890 1770 τύχοι

297 1794 540 1845 τοιοῦτον
565 1792 834 1861 ἐδρίθετο,
868 1795 961 1844 καὶ
993 1795 1190 1862 χωρεῖν
1214 1791 1300 1844 ἐπ’
1340 1791 1490 1860 αὐτῴ
1521 1792 1615 1842 τὸν
1643 1790 1890 1860 γεωργὸν

2007 602 2244 656 habebat
2278 600 2655 662 sential'itlllttt,
2683 617 2713 653 a
2743 601 2887 669 ligno
2919 604 3072 655 sicco
3102 603 3234 655 nihil
3268 604 3590 668 distantem,

2006 694 2102 748 sed
2135 694 2282 746 οιιιιιί
2324 695 2518 762 pedum
2554 702 2876 762 Oper-alioue
2905 706 3203 758 carentem,
3227 699 3590 765 corporisque

2008 786 2231 842 residuo
2267 773 2340 838 nil
2383 786 2662 855 prodesse,
2702 787 2796 838 sed
2849 789 3031 854 petitis
3063 789 3257 842 obesse
3295 791 3585 845 valentem.

2004 880 2125 934 Non
2178 879 2355 934 solum
2405 881 2551 932 enim
2599 895 2708 934 non
2774 881 3030 949 portabat
3078 881 3223 949 quod
3281 897 3500 949 portare
3557 898 3590 936 a

2008 973 2197 1025 lictore
2217 973 2586 1034 sortituserat,
2604 971 2695 1025 sed
2713 971 2766 1022 in
2799 986 2999 1024 vanum
3017 987 3082 1026 ex
3108 973 3209 1026 hoc
3229 981 3438 1027 tantum
3460 990 3590 1043 peu-

2004 1063 2186 1125 tlebat,
2220 1061 2522 1115 arefactum
2568 1079 2780 1116 ramum
2816 1072 2870 1116 et
2906 1063 3225 1132 pendentem
3256 1065 3328 1118 ab
3369 1068 3586 1130 arbore,

2007 1157 2082 1207 uti
2118 1157 2170 1207 in
2206 1155 2444 1224 imagine
2485 1155 2738 1215 dixerim,
2782 1156 3042 1210 imitatus.
3096 1155 3370 1213 Fortassis
3405 1168 3585 1212 autem

2001 1258 2052 1299 et
2106 1245 2270 1313 hujus
2323 1247 2540 1314 corpori
2596 1245 2749 1314 pejor
2783 1257 2932 1312 erat;
2972 1263 3092 1300 nam
3137 1265 3324 1303 ramus
3363 1251 3585 1318 quidem

2002 1340 2256 1391 arborem
2312 1351 2434 1400 qua:
2485 1354 2544 1391 se
2601 1339 2787 1402 lerret,
2819 1340 2872 1392 in
2930 1340 3080 1392 nullo
3117 1339 3371 1396 fortassis
3401 1352 3584 1395 exter-

2003 1430 2268 1493 tninarct;
2319 1439 2403 1481 ast
2441 1430 2602 1481 arhor
2651 1430 2814 1482 etiam
2867 1431 3069 1486 ﬂorens
3108 1432 3411 1485 secundum
3458 1434 3582 1484 reli-

1999 1536 2139 1588 quos
2166 1535 2346 1572 ratnos
2387 1529 2442 1574 et
2490 1521 2730 1587 stipitem
2773 1521 3070 1584 videretur,
3102 1532 3156 1578 et
3193 1521 3339 1577 foliis
3385 1539 3582 1577 secun-

1999 1609 2128 1662 duan
2155 1619 2372 1678 tempus
2399 1612 2772 1673 decoraretur,
2799 1622 2854 1664 et
2883 1614 3154 1666 fructibus
3186 1613 3227 1667 si
3258 1615 3581 1682 contigisset

1999 1701 2090 1768 huj
2103 1702 2316 1756 usmodt
2338 1711 2684 1769 gravaretur,
2702 1713 2753 1754 et
2774 1703 3012 1771 gaudere
3025 1718 3193 1770 super
3208 1719 3267 1758 se
3284 1704 3579 1772 agricolam

2000 1790 2226 1850 faceret.
2282 1798 2336 1842 et
2372 1790 2849 1844 benedictionibus
2889 1794 3027 1856 suis,
3061 1801 3116 1845 ut
3159 1793 3316 1862 juxta
3351 1793 3576 1847 Paulum

298 1887 706 1957 παρεσκεύαζε,
740 1887 829 1938 καὶ
872 1886 973 1953 τῆς
1015 1884 1267 1951 εὐλογίας
1307 1883 1473 1936 αὐτοῦ
1509 1883 1653 1934 κατα
1679 1881 1889 1935 Παῦλον
1921 1872 1964 1925 Β

1921 1872 1964 1925 Β
1993 1881 2278 1943 dicamus,
2326 1882 2736 1950 itttpcrtiretur,
2797 1885 2866 1937 ab
2920 1885 3161 1938 arefacta
3208 1900 3361 1939 ramo
3402 1888 3579 1940 nulla-

297 1981 475 2032 εἰπεῖν
509 1979 602 2030 τὸν
657 1978 928 2047 μακάριον
990 1974 1423 2046 μετελάμϐανεν,
1477 1976 1628 2027 οὐδὲν
1657 1975 1766 2028 ἀπὸ
1795 1975 1888 2026 τοῦ

297 2069 496 2121 κλάδον
540 2067 635 2120 τοῦ
686 2067 1045 2136 ξηρανθέντος
1096 2067 1488 2135 βλαπτόμενον.
1538 2063 1800 2116 Ἐνταῦθα
1828 2063 1886 2116 δὲ

293 2159 358 2211 οὐ
409 2160 568 2228 μόρον
611 2159 640 2210 ὁ
676 2157 810 2218 ποῦς
861 2160 960 2225 τῆς
1015 2155 1220 2217 οἰκείας
1279 2158 1540 2225 ἐστέρητο
1584 2155 1886 2223 ἐνεργείας,

295 2249 438 2302 ἀλλά
497 2250 592 2301 καὶ
642 2249 762 2300 ὅλον
789 2247 850 2300 τὸ
881 2247 1039 2317 σῶμα
1100 2247 1386 2312 συναλγεῖν
1421 2245 1571 2314 αὐτῷ
1607 2251 1884 2315 κατηνάγ-

293 2343 432 2407 καζε
454 2361 466 2373 ο
501 2342 596 2395 καὶ⁸
646 2342 755 2393 εἴθε
787 2337 854 2410 ἦν
878 2340 1259 2410 ἁνενέργητος,
1313 2342 1405 2390 καὶ
1435 2339 1510 2408 μὴ
1539 2339 1740 2402 παντὸς
1792 2341 1886 2393 τοῦ

297 2439 550 2504 σώματος
585 2435 684 2502 τὴν
709 2434 936 2502 ἁργείαν
964 2432 1252 2501 εἰργάζετο
1278 2432 1290 2484 l
1325 2427 1449 2499 Εἶχε
1484 2431 1540 2482 δέ
1573 2431 1668 2483 καὶ
1693 2431 1885 2483 τούτου

296 2543 352 2579 τι
386 2523 768 2595 χαλεπώτερον
791 2540 800 2552 ⁸
833 2525 1060 2591 πάσχων
1083 2521 1190 2592 γὰρ
1222 2521 1386 2583 αὐτὸς
1414 2522 1506 2573 καὶ
1527 2523 1648 2583 ταῖς
1669 2521 1885 2581 ὀδύναις

295 2615 689 2686 κρατούμενος,
719 2616 1066 2682 συμπάσχειν
1094 2611 1243 2680 αὐτῷ
1270 2614 1365 2664 καὶ
1393 2613 1501 2665 πᾶν
1527 2613 1687 2681 μέλος
1711 2611 1884 2664 ἐποίει

293 2708 389 2761 τοῦ
419 2707 674 2778 σώματος
701 2722 711 2732 ·
752 2704 1006 2774 ἀληθεύει
1034 2705 1140 2774 γὰρ
1167 2707 1194 2757 ὁ
1219 2704 1393 2756 εἰπὼν
1427 2706 1605 2757 πάντα
1634 2704 1703 2756 τὰ
1745 2704 1881 2775 μέλη

293 2800 392 2853 τοῦ
428 2798 680 2869 σώματος
705 2798 782 2868 τῷ
855 2798 1009 2868 μέλει
1045 2795 1390 2866 συμπάσχειν
1439 2795 1518 2864 τῷ
1567 2795 1834 2864 πάσχοντι
1865 2813 1878 2828 ο

295 2891 489 2960 ὥσπερ
520 2891 616 2942 καὶ
645 2889 988 2959 δοξαζομένῳ
1020 2889 1100 2940 ἐνὶ
1130 2887 1409 2955 πεφύκασι
1440 2885 1879 2951 συνδοξάζεσθαι.

368 2983 480 3036 Καὶ
524 2980 686 3034 τοῦτο
717 2980 818 3049 μὲν
875 2978 989 3053 τοῦ,
1019 2978 1242 3031 Νώννου
1271 2979 1332 3030 τὸ
1364 2978 1601 3047 νόσημα,
1627 2979 1765 3048 ὅπερ
1790 2979 1883 3031 εὐ-

295 3073 436 3136 θέως
482 3072 811 3142 ἀρξάμενον,
842 3073 936 3123 καὶ
966 3071 1044 3142 μὴ
1072 3071 1306 3140 φανερὸν
1339 3068 1454 3133 τοῖς
1486 3073 1618 3123 πᾶσι
1651 3070 1880 3137 γενόμεο

1996 1983 2156 2027 tenus
2189 1973 2337 2027 laesa.
2374 1971 2473 2028 llic
2521 1985 2698 2028 autem
2754 1992 2862 2029 non
2908 1977 3085 2030 solum
3123 1979 3344 2046 propria
3386 1993 3580 2047 opera-

1993 2066 2142 2120 tione
2174 2067 2421 2128 carebat,
2457 2067 2552 2120 sed
2587 2075 2641 2119 et
2673 2076 2845 2120 totum
2877 2083 3078 2136 corpus
3115 2069 3352 2124 otiosum
3389 2085 3576 2123 secum

1994 2157 2111 2211 fore
2162 2159 2411 2225 cogebat.
2467 2157 2530 2212 Et
2581 2159 2793 2212 utinam
2860 2169 3008 2214 esset
3067 2161 3184 2215 siue
3237 2161 3577 2230 operationis

1989 2250 2220 2313 effectu,
2263 2263 2316 2303 et
2366 2265 2475 2304 non
2523 2251 2692 2304 totius
2741 2254 2992 2319 corporis
3041 2251 3211 2306 ferias
3262 2251 3573 2306 ellecissetl

1992 2345 2236 2400 Habebat
2265 2354 2446 2398 autem
2479 2344 2583 2397 hoc
2608 2344 2814 2412 aliquid
2852 2348 3085 2411 saevius;
3124 2363 3246 2400 cum
3279 2346 3426 2401 enim
3458 2347 3577 2415 ipse

1988 2443 2284 2504 pateretur,
2312 2443 2366 2488 et
2411 2449 2441 2486 a
2492 2435 2770 2490 laboribus
2820 2443 3121 2498 teneretur,
3172 2439 3412 2506 compati
3462 2439 3569 2493 sibi

1988 2543 2150 2582 omne
2181 2527 2487 2581 membrum
2518 2529 2769 2597 corporis
2799 2527 3034 2582 faciebat
3065 2543 3080 2580 :
3106 2530 3389 2584 veritatem
3420 2545 3575 2584 nam-

1986 2633 2091 2684 que
2121 2615 2278 2676 dicit,
2325 2617 2506 2669 omnia
2555 2617 2797 2671 membra
2849 2619 3099 2686 corporis
3143 2619 3390 2674 membro
3421 2634 3577 2673 com-

1986 2707 2096 2777 pati
2154 2709 2407 2776 patienti;
2467 2707 2612 2762 sicut
2662 2716 2717 2762 et
2771 2709 3004 2781 gloriam
3049 2711 3321 2777 habente,
3377 2724 3575 2767 caetera

1985 2806 2207 2852 constat
2237 2798 2398 2852 simul
2433 2797 2752 2868 gloriﬁcari.

2057 2979 2121 3034 Et
2157 2982 2245 3034 hic
2275 2980 2497 3047 quidem
2533 2979 2712 3035 Νοιιηί
2748 2981 2980 3052 languor
3009 2992 3164 3050 erat;
3212 2985 3305 3053 qui
3351 3001 3476 3040 mox
3519 2997 3577 3040 nt

1985 3071 2246 3139 coepisset
2303 3072 2660 3140 nondumque
2709 3074 2966 3128 omnibus
3020 3075 3350 3130 manifestus
3403 3088 3573 3140 esset,

293 3184 385 3221 νον
441 3167 642 3236 ἰατρῶν
699 3167 825 3234 ἔςχε
883 3164 1088 3233 πλῆθος
1135 3163 1449 3224 ἀντίπαλον,
1514 3165 1609 3215 καὶ
1671 3163 1880 3216 τούτων
1911 3198 1954 3257 C

1911 3198 1954 3257 Ο
1990 3164 2322 3216 medicorum
2350 3163 2582 3218 habebat
2609 3164 3012 3219 multitudinem
3048 3167 3346 3234 inimicam,
3373 3177 3423 3223 et
3452 3168 3576 3223 illo-

296 3259 536 3328 μάλιστα
558 3257 685 3319 τούς
707 3260 763 3309 ἐν
788 3257 966 3323 λόγοις
993 3257 1298 3324 ἐξέχοντας·
1321 3255 1370 3306 οἳ
1399 3255 1664 3317 πολλάκις
1690 3257 1879 3322 λόγους

295 3351 460 3420 μόνον
480 3350 587 3408 τοῖς
613 3347 861 3400 νοσοῦσιν
896 3343 1233 3416 χαρίζονται,
1257 3345 1464 3397 τούτων
1501 3345 1654 3398 οὐδὲν
1679 3346 1757 3408 εἰς
1786 3345 1878 3414 έρ-

291 3459 389 3511 γον
422 3441 812 3510 προφέροντες.
844 3440 992 3508 Ὀσῳ
1019 3439 1075 3490 δὲ
1105 3436 1436 3506 προέκοπτε,
1471 3436 1724 3489 τοσοῦτον
1752 3438 1877 3494 τοὺς

295 3532 638 3602 μαχομένους
696 3529 922 3581 ἔϐλεπεν
973 3529 1237 3596 ἥττονας·
1308 3528 1404 3580 καὶ
1441 3528 1566 3579 ὅσον
1602 3527 1749 3595 αὐτῷ
1780 3528 1878 3594 τὴν

291 3623 523 3689 αὐξησιν
576 3621 947 3681 ἐπεδείκνυτο,
1000 3619 1258 3672 τοσοῦτον
1288 3620 1446 3672 αὐτοὶ
1503 3619 1644 3672 κατὰ
1674 3618 1883 3688 βραχὺν

292 3714 688 3784 ἐσμικρύνοντο
719 3730 732 3743 ·
763 3715 868 3775 ἕως
909 3711 1082 3766 ἐλθὼν
1150 3713 1287 3782 πρὸς
1320 3714 1380 3764 τὺ
1406 3712 1630 3776 τέλειον,
1675 3706 1788 3763 οἷον
1817 3708 1884 3783 ἦν

292 3809 588 3877 γενόμενον
634 3807 934 3876 γνώριμον,
969 3805 1055 3857 ἐπ’
1099 3803 1287 3866 ἀδείας
1331 3803 1616 3872 ἐτυράννει
1671 3801 1760 3852 τὸν
1790 3800 1882 3852 ἄν-

293 3900 535 3967 θρωπον,
573 3895 764 3948 οὐδένα
797 3895 984 3946 λοιπὸν
1033 3892 1155 3962 ἔχον
1201 3895 1259 3945 ἐν
1299 3890 1605 3960 ἀνθρώποις
1658 3890 1883 3941 ἀντίπε-

293 3992 403 4044 λον.

366 4080 570 4132 Τούτον
600 4078 654 4131 δέ
684 4077 783 4147 τὴν
823 4076 981 4146 νίκην
1020 4075 1292 4129 κάκείνων
1319 4073 1417 4144 τὴν
1443 4069 1614 4144 ἧτταν
1653 4073 1680 4123 ὁ
1714 4072 1883 4124 νοσῶν

294 4172 655 4238 θεασάμενος,
714 4169 884 4238 Κύρῳ
933 4168 1029 4219 καὶ
1080 4167 1310 4239 Ἰωάννῃ
1339 4167 1454 4226 τοῖς
1492 4166 1760 4233 μάρτυσιν
1810 4163 1882 4223 ὼς

298 4265 504 4332 ἰατροῖς
526 4264 817 4329 ἀηττήτοις
856 4259 1262 4329 προσέδραμεν,
1289 4259 1382 4309 καὶ
1414 4256 1490 4320 ὼς
1509 4259 1684 4308 πάντα
1711 4255 1884 4322 πράτ-

295 4369 409 4404 τειν
434 4349 713 4418 ἰσχύουσιν
742 4349 843 4400 ὅσα
879 4347 1013 4418 δρᾷν
1055 4347 1420 4415 ἐθελήσωσιν
1473 4347 1742 4414 τοσαύτην
1777 4347 1884 4412 γὰρ

305 4445 480 4502 αὐτοῖς
516 4441 576 4492 τὸ
614 4441 757 4491 θεῖον
797 4438 1038 4505 παρέσχε
1067 4437 1166 4506 τὴν
1213 4436 1445 4506 δύναμιν
1479 4435 1554 4496 ὡς
1604 4435 1740 4503 πρὸς
1776 4434 1883 4484 πᾶν

1990 3271 2106 3307 rum
2144 3255 2385 3309 maxime
2434 3256 2528 3326 qui
2577 3257 2926 3312 sermonibus
2972 3260 3332 3323 excellebant,
3371 3262 3576 3330 quique

1983 3361 2125 3414 saepe
2169 3345 2334 3400 verba
2377 3347 2492 3401 sola
2543 3347 2930 3416 languentibus
2985 3350 3216 3412 donant,
3255 3353 3448 3404 horum
3499 3353 3574 3406 nil

1985 3438 2353 3506 producentes
2405 3437 2460 3491 in
2511 3453 2670 3507 opus.
2720 3438 2794 3490 Eo
2844 3427 3025 3493 autem
3087 3441 3429 3510 proﬁciebat,
3465 3459 3577 3512 quo

1984 3531 2086 3584 sibi
2139 3539 2509 3598 repugnantes
2555 3529 2890 3583 inﬁrmiores
2934 3531 3269 3600 aspiciebat;
3311 3541 3362 3587 et
3394 3550 3574 3603 quart-

1985 3630 2097 3672 lnltt
2129 3619 2244 3687 ipse
2276 3619 2603 3673 incrementi
2640 3621 3003 3684 monstrabat,
3037 3613 3249 3674 tantum
3286 3639 3398 3677 suae
3430 3639 3570 3692 pau-

1983 3711 2134 3764 latim
2178 3710 2269 3766 isti
2310 3712 2698 3766 minorationis
2753 3713 3076 3780 plorabant;
3128 3716 3302 3768 donec
3350 3721 3574 3772 veniens

1985 3803 2048 3855 ad
2083 3802 2495 3871 perfectimrem,
2539 3805 2718 3870 qualis
2753 3815 2899 3859 esset
2930 3805 3181 3870 allectus,
3215 3807 3572 3875 dignosrere-

1985 3903 2105 3958 tm';
2152 3902 2207 3946 et
2250 3893 2479 3948 licenter
2531 3895 2821 3963 itnpeteret
2877 3897 3176 3962 hominem,
3226 3900 3436 3952 nullum
3475 3901 3572 3953 ha-

1984 3985 2120 4038 bens
2152 3985 2291 4038 inter
2321 3986 2572 4040 homines
2604 3986 2842 4044 hostem.

2056 4075 2231 4145 Hujus
2287 4087 2466 4131 autem
2522 4079 2783 4142 victoria,
2841 4081 3172 4152 ﬁliorumque
3217 4086 3573 4152 superatione

1986 4169 2275 4236 languidus
2327 4169 2464 4234 visa,
2511 4171 2576 4221 ad
2623 4171 2824 4240 Cyrum
2877 4181 2930 4226 et
2969 4172 3238 4229 Joannem
3278 4185 3572 4246 martyres,

1987 4266 2246 4326 tauquam
2292 4258 2357 4310 ad
2407 4258 2809 4326 insuperabiles
2853 4260 3095 4314 medicos
3129 4262 3324 4323 currit,
3367 4263 3574 4330 quique

1985 4353 2170 4402 omnia
2222 4363 2410 4417 gerere
2462 4358 2696 4416 queunt,
2733 4365 3073 4418 quaacunque
3114 4366 3302 4418 gerere
3347 4351 3569 4417 volunt;

1987 4450 2192 4495 tantam
2241 4441 2387 4492 enim
2438 4441 2694 4492 virtutem
2747 4439 2854 4492 iliis
2898 4438 3160 4492 divinitas
3205 4441 3479 4507 prarstitit,
3511 4450 3574 4492 ut

308 4537 486 4604 ὶρκεῖν
510 4531 854 4602 ἀρρώστημα
881 4528 1163 4583 δύνασθαι.
1183 4528 1344 4582 Ὅθεν
1373 4529 1464 4581 τὸν
1487 4528 1656 4596 ἄνδρα
1682 4527 1777 4594 τῆς
1803 4529 1882 4587 εἰς
1917 4542 1957 4596 ο
1991 4550 1998 4583 ε

1917 4542 1957 4596 ι)
1991 4531 2254 4584 ιιιίιθτειιε
2279 4544 2492 4582 onmem
2518 4529 2839 4599 languorem
2876 4531 3087 4598 possint
3117 4531 3385 4584 suﬂicere.
3412 4529 3576 4584 Unde

256 4689 260 4692 ,
308 4630 493 4688 ιύτοὺς
556 4624 898 4692 ἁγασάμενοι
973 4622 1246 4684 πίστεως,
1321 4617 1584 4688 ἐναργοῦς
1645 4617 1883 4685 ἠξίωσαν

299 4721 582 4787 γνώσεως,
617 4711 684 4786 ἧς
711 4716 807 4768 καὶ
856 4713 963 4783 πρὸ
1008 4714 1205 4782 πείρας
1256 4711 1353 4780 τὴν
1386 4711 1570 4761 πίστιν
1601 4709 1881 4774 ἐκέκτητο.

297 4815 407 4865 Καὶ
438 4811 630 4871 νυκτὸς
673 4819 750 4871 εις
795 4808 961 4859 αὐτὸν
1007 4805 1352 4873 ἀφικόμενοι,
1395 4801 1558 4869 ἐλαίῳ
1587 4800 1648 4852 τὸ
1684 4800 1882 4864 φέγγος

292 4905 599 4973 ἀκοίμητον
653 4899 806 4969 παρὰ
847 4899 947 4968 τὴν
998 4897 1180 4950 αὐτῶν
1219 4897 1376 4965 σορὸν
1424 4893 1880 4961 ἀπαυγαζοντι,ῆ

293 4998 519 5066 κηρωτῇ
541 4997 610 5062 τῇ
627 4992 770 5046 κατὰ
794 4993 975 5056 πάσης
988 4990 1187 5060 ἐχούσῃ
1202 4989 1355 5040 νόσου
1381 4988 1440 5039 τὸ
1462 4987 1722 5039 δύνασθαι
1742 4988 1886 5038 ἀλεί-

293 5105 417 5155 φειν
433 5088 523 5138 τον
539 5085 672 5138 πόδα
694 5083 1028 5136 κελεύουσιν·
1045 5083 1072 5134 ὃ
1091 5083 1257 5134 ποιων
1275 5082 1522 5149 μετὰτὴν
1544 5078 1884 5148 μαρτυρικὴν

292 5183 646 5248 ἐπιφάνειαν,
684 5179 818 5244 ὑγιᾶ
866 5178 959 5231 καὶ
982 5176 1172 5229 τοῦτον
1190 5175 1263 5238 ὡς
1292 5176 1382 5226 τὸν
1406 5174 1564 5226 ἄλλον
1593 5174 1879 5243 ἐκτήτατο·

290 5275 369 5336 ὡς
416 5272 590 5342 λήθην
623 5271 882 5324 παντοίαν
916 5268 1250 5338 ποιήσασθαι
1272 5266 1332 5320 τὺ
1362 5266 1533 5336 δῶρον
1579 5265 1757 5318 λαϐὼν
1784 5264 1884 5331 τῆς

295 5368 492 5427 ἰάσεως
533 5363 628 5416 τοῦ
678 5363 783 5432 πρὸ
835 5361 1038 5429 ταύτης
1083 5360 1470 5430 χαλεπωτάτου
1523 5361 1829 5427 νοσήματος
1867 5375 1880 5388 ι

290 5456 528 5525 λαμπρᾷ
571 5454 629 5506 δὲ
660 5455 811 5522 φωνῇ
842 5456 956 5514 τοῖς
987 5451 1165 5518 ἁγίοις
1200 5449 1574 5520 προσενέγκας
1616 5451 1710 5514 την
1740 5449 1885 5499 αἴνε-

293 5565 400 5608 σιν,
420 5550 517 5600 καὶ
549 5545 649 5616 τὴν
674 5544 854 5598 αὐτῶν
875 5546 1097 5615 ἀρωγὴν
1131 5546 1378 5596 σύνοικον
1405 5543 1550 5612 ἔχειν
1569 5540 1883 5609 εὐξάμενος,

292 5639 503 5712 χαίρων
529 5639 621 5690 καὶ
655 5635 893 5705 σκιρτῶν
928 5634 1023 5688 τοῦ
1051 5635 1311 5704 τεμένους
1342 5635 1662 5702 ἀπέρχεται.
1693 5633 1883 5699 Ἡμεῖς

295 5734 356 5786 δὲ
387 5731 596 5786 τούτων
631 5728 740 5780 τῶν
771 5730 848 5790 εἰς
887 5728 1217 5792 Αἰγυπτίους
1249 5726 1342 5779 καὶ
1377 5727 1581 5786 Λὲὃυας
1604 5722 1885 5794 διηγηθέν-

292 5840 406 5876 των
465 5820 781 5892 θαυμάτων,
842 5819 1002 5871 πέντε
1055 5818 1110 5871 δὲ
1172 5818 1345 5872 ταῦτα
1397 5817 1530 5886 προς
1585 5818 1697 5877 τοῖς
1755 5815 1886 5868 δέκα

1991 4624 2163 4674 virum
2217 4620 2339 4674 lidei
2384 4636 2513 4689 erga
2563 4635 2623 4674 se
2685 4622 2883 4674 habita:
2931 4620 3289 4683 admirantes,
3327 4623 3567 4675 evidenti

1987 4714 2210 4784 dignum
2257 4712 2435 4766 fecere
2479 4715 2729 4772 scientia,
2758 4715 2917 4780 cujus
2950 4715 3163 4767 scilicet
3205 4715 3362 4767 litleul
3404 4717 3571 4767 etiarn

1989 4817 2115 4858 ante
2169 4805 2548 4875 probationem
2596 4804 2971 4870 possederant.
3009 4803 3074 4856 Et
3122 4815 3284 4857 noctu
3334 4804 3400 4856 ad
3443 4818 3571 4856 cuin

1990 4900 2294 4958 νιιιιιινιιῑοε,
2337 4896 2458 4948 oleo
2490 4910 2599 4964 quo
2634 4895 2895 4962 splendor
2930 4914 3031 4946 non
3079 4894 3362 4947 dormiens
3403 4909 3573 4959 penes

1989 4988 2391 5042 Confessionern
2436 5002 2626 5040 eorum
2678 4986 2944 5047 radiabat,
2984 4995 3036 5038 et
3076 4997 3260 5038 cerote
3305 4985 3575 5038 adversus

1988 5095 2202 5130 onmem
2259 5076 2494 5130 habente
2548 5094 2710 5144 posse
2763 5078 3117 5145 languorem,
3168 5076 3324 5128 linire
3378 5076 3573 5142 pedem

1990 5169 2346 5238 pra'cipiunt;
2393 5184 2502 5235 quo
2563 5182 2683 5236 post
2733 5169 3087 5237 tuartyrieam
3149 5167 3570 5218 illustratiouem

1992 5265 2157 5318 lat-to.
2202 5277 2398 5314 sanum
2437 5271 2489 5312 et
2530 5262 2673 5312 hunc
2707 5261 2852 5312 sicut
2883 5260 3112 5312 alterum
3150 5258 3463 5327 acquisivit,
3499 5259 3574 5311 ita

1992 5361 2048 5406 ut
2079 5351 2450 5405 omnirnodam
2489 5352 2820 5403 ohliuonem
2866 5349 3090 5410 faceret,
3124 5348 3268 5400 dono
3317 5348 3573 5400 sanitatis

1991 5453 2236 5512 accepto,
2273 5444 2561 5496 saevissimi
2611 5442 2702 5508 qui
2756 5449 3038 5508 praecessit
3089 5439 3385 5508 languoris.
3432 5437 3577 5490 νεω-

1993 5545 2137 5587 tcrea
2170 5535 2314 5586 clara
2356 5549 2484 5586 voce
2521 5535 2680 5586 laude
2725 5535 2951 5586 sanctis.
2977 5534 3182 5593 oblata,
3215 5546 3338 5583 cum
3375 5529 3576 5584 habere

1993 5626 2446 5680 cohabitatricem
2476 5629 2892 5694 opitulatione-nt
2942 5641 3131 5678 eorum
3193 5624 3570 5686 cxoravissct,

1993 5719 2238 5786 gaudens
2267 5727 2431 5786 atque
2460 5719 2770 5786 tripudians
2807 5736 2836 5770 ιι
2876 5718 3079 5784 templo
3113 5717 3363 5770 recessit.
3403 5713 3572 5768 Porra

1997 5824 2094 5864 nos
2127 5807 2272 5865 hunc
2303 5810 2694 5866 ntlt‘ttcttlol‘ttllt
2727 5827 2848 5881 quae
2880 5809 2935 5864 in
2967 5805 3254 5878 νεεδ-ιοιὶοδ
3280 5815 3333 5862 ct
3375 5805 3583 5876 Libyos
