4280 6442
665 467 798 531 3611

1524 477 1583 534 S.
1617 477 2038 536 SOPHRONII
2082 428 2586 538 PATRIARCH/ii
2631 478 3036 538 HIEROSOL.

3793 468 3933 533 3612

669 582 938 635 recensita
994 589 1146 647 sunt,
1189 599 1311 651 qua:
1356 585 1600 654 quinque
1644 601 1810 654 super
1859 585 2049 639 decem
2098 595 2247 649 sunt,
2280 588 2359 646 Αι

2243 630 2247 646 ,
2280 588 2328 646 Α
2354 590 2731 655 τυγχάνουσιν.
2774 587 2926 648 τέλος
2975 585 3313 652 τευξάμενοι,
3365 584 3488 645 τοὺς
3526 580 3732 633 τούτων
3772 581 3933 649 θερα-

669 674 832 725 tlnem
868 672 1152 736 facientes,
1185 677 1520 744 martyribus
1552 678 1643 744 qui
1681 678 1875 730 horum
1923 688 2054 731 sunt
2084 692 2246 731 cura-

671 772 820 816 tores
848 764 1256 828 benedicamns,
1279 775 1333 819 et
1361 765 1461 819 hos
1485 769 1644 821 nobis
1670 768 1724 822 in
1751 770 2011 821 auxilium
2043 783 2248 821 convo-

670 861 880 915 eantes,
906 855 970 906 ad
999 854 1312 910 divinorum
1344 859 1660 912 relationem
1689 860 2103 926 miraculorum,
2129 875 2250 928 quse

673 945 728 998 in
762 945 986 1015 reliquis
1017 947 1274 1017 gentibus
1303 966 1451 1017 gesta
1483 960 1634 1014 sunt,
1678 967 2053 1019 properemus.

2354 679 2559 740 πευτὰς
2605 679 3018 746 εὐφημήσωμεν
3052 677 3358 745 μάρτυρας,
3397 675 3489 725 καὶ
3545 675 3771 734 τούτους
3799 675 3935 741 ἡμῖν

2355 766 2490 833 πρὸς
2539 765 2852 834 συμμαχίαν
2897 764 3246 826 καλέσαντες,
3287 763 3379 814 ἐπὶ
3411 762 3562 813 θείαν
3621 758 3776 824 αὖθις
3803 763 3937 830 ἁφή·

2355 872 2515 923 γησιν
2542 856 2656 906 τῶν
2688 859 2779 907 ἐπὶ
2807 855 3014 917 λοιποῖς
3039 851 3215 905 ἔθνεσι
3256 851 3608 924 πραχθέντων
3638 852 3936 920 θαυμάτων

2359 943 2507 1012 χωρή
2517 959 2592 993 σω
2599 959 2698 1005 μεν
2709 982 2722 995 .

746 1055 1014 1112 ιυιτιωι
1062 1058 1570 1115 MIMCULORUM
1615 1060 1784 1126 QUAE
1827 1062 1892 1116 IN
1929 1061 2254 1118 EXTEROS
2357 1055 2436 1106 AP

2250 1090 2254 1109 ν
2357 1054 2543 1106 ΑΡΧΗ
2606 1053 2741 1104 Tav
2814 1052 2920 1104 El}:
2967 1050 3252 1126 slayer;
3301 1051 3707 1103 ΓΡΑΦΕΝΤΩΝ
3773 1050 3940 1103 ear-

1193 1128 1482 1183 Sljltll’TA
1537 1131 1740 1186 SUL‘T.

865 1239 950 1293 LI.
991 1240 1064 1294 De
1094 1239 1318 1312 Georgio
1349 1245 1438 1311 qui
1470 1251 1775 1295 cataractas
1819 1245 2063 1310 pertulit.

753 1403 993 1474 Tempus
1039 1416 1218 1461 autem
1275 1409 1381 1478 jam
1431 1408 1502 1460 sit
1541 1422 1716 1476 pauca
1771 1407 1932 1460 etiam
1979 1406 2258 1476 prodigio-

688 1512 832 1561 rum,
863 1514 982 1566 qua:
1018 1513 1045 1551 a
1085 1499 1417 1568 martyribus
1445 1499 1499 1551 in
1528 1498 1736 1552 exteris
1777 1498 1917 1550 faeta
1969 1507 2117 1559 sunt,
2156 1498 2261 1553 lto-

687 1589 866 1641 manis
893 1588 1163 1650 videlicet,
1196 1588 1402 1641 Galatis
1432 1597 1486 1640 et
1525 1588 1810 1650 Cilicibus,
1844 1589 2061 1641 Asianis
2095 1591 2259 1642 etiam

685 1689 739 1733 et
777 1681 1049 1734 lnsulanis
1101 1689 1263 1749 atque
1316 1679 1695 1744 thnicibus,
1759 1681 2265 1750 Const:mtinopoli-

689 1771 832 1824 tanis
863 1779 916 1824 et
946 1769 1392 1841 Bithyniensibus
1432 1780 1488 1824 et
1525 1770 1904 1838 lEllliOpibllS,
1935 1769 2264 1826 Thracensi-

689 1861 795 1915 bus
830 1871 884 1913 et
926 1861 1116 1925 Medis,
1154 1862 1568 1930 Palaestinisque
1613 1877 1678 1915 ac
1709 1863 1860 1931 Syris
1892 1873 1946 1916 et
1989 1863 2261 1923 lilamitis,

689 1969 790 2007 nec
823 1969 929 2007 non
953 1956 1207 2008 omnibus
1224 1970 1344 2022 quae
1369 1954 1474 2006 sub
1503 1957 1645 2006 caelo
1679 1963 1807 2007 sunt
1828 1955 2104 2022 gentibus,
2138 1957 2266 2010 huic

689 2043 1074 2094 commendare
1105 2041 1318 2096 laudem
1351 2045 1638 2112 opusculo.
1666 2040 1941 2111 lmpotens
1964 2046 2108 2096 enim
2143 2060 2263 2098 sum

689 2147 790 2200 ego
844 2131 911 2184 ad
964 2131 1339 2186 suﬂ'erendum
1395 2133 1588 2186 horum
1645 2133 1788 2185 ultra
1837 2133 2166 2186 calumniam
2214 2142 2266 2186 et

689 2220 995 2276 molestiam
1034 2221 1457 2285 incessabilem;
1491 2221 1748 2288 quoniam
1797 2223 2035 2283 sanctis,
2090 2224 2263 2286 aiunt,

692 2313 811 2365 sine
841 2327 1203 2380 personarum
1235 2313 1554 2381 acceptione
1593 2311 2051 2368 distribuentibns
2089 2319 2264 2369 omni-

692 2406 793 2458 bus
823 2409 1134 2468 sanitatem,
1161 2416 1213 2457 et
1233 2421 1398 2473 super
1414 2421 1604 2458 omnes
1635 2407 1916 2475 :equaliter
1943 2407 2266 2475 eXpenden-

691 2498 839 2552 tibus
881 2498 1021 2550 dona
1055 2497 1314 2551 bonitatis
1341 2512 1473 2559 suae,
1521 2507 1796 2551 extremos
1851 2514 1952 2552 nos
1985 2499 2038 2550 in
2076 2514 2265 2551 eorum

694 2589 949 2642 laudibus
977 2589 1299 2652 ordinastis,
1349 2589 1740 2644 imbecilliores
1799 2589 2054 2644 fortassis
2083 2603 2136 2644 et
2185 2593 2268 2644 in-

691 2689 879 2750 gratos
910 2689 1072 2750 atque
1111 2681 1298 2734 tardos
1335 2696 1436 2735 nos
1483 2682 1551 2733 ad
1600 2683 1899 2748 gratiarum
1953 2683 2267 2736 actionibus

694 2772 883 2840 plenas
914 2789 1010 2840 pro
1051 2773 1264 2826 collatis
1301 2773 1585 2826 beneliciis
1617 2772 1775 2826 udas.
1804 2771 2108 2826 Praesertim
2143 2791 2267 2827 eum

695 2878 796 2917 nos
836 2863 983 2932 digni
1019 2865 1194 2918 simus
1220 2862 1491 2932 praeferri,
1530 2864 1760 2916 multum
1806 2864 2144 2918 sustinentes
2191 2866 2272 2918 la-

696 2953 907 3017 borem,
942 2957 1260 3024 itinerisque
1325 2956 1689 3024 transigentes
1731 2953 2032 3017 fastidium,
2069 2966 2121 3008 et
2151 2973 2268 3010 ma-

698 3050 848 3102 rinas
881 3055 1202 3115 respuentes
1256 3047 1549 3114 procellas,
1589 3056 1642 3099 et
1698 3062 1838 3099 sazva
1892 3048 2134 3114 pericula
2176 3064 2273 3116 pa-

698 3144 915 3203 tientes,
956 3151 1010 3194 et
1044 3141 1332 3192 innumera
1384 3139 1557 3207 spatia
1606 3147 1948 3201 recusantes,
2000 3150 2055 3192 et
2089 3156 2272 3193 amore

3012 1121 3272 1174 ΜᾹΤΩΝ.

2361 1234 2489 1286 Νεν.
2525 1234 2663 1300 Περὶ
2696 1235 2992 1302 Γεωργὼυ
3049 1233 3156 1286 τοῦ
3213 1233 3618 1301 πρεσϐυτέρου
3673 1233 3776 1286 τοῦ
3828 1252 3940 1286 πα-

2867 1307 3076 1368 θόντος
3124 1303 3432 1370 ἐπίχυσιν.

2435 1395 2640 1464 Καιρὸς
2679 1395 2722 1447 δ’
2753 1395 2816 1446 ἂν
2847 1396 2930 1462 εἴη
2977 1393 3161 1445 λοιπὸν
3191 1393 3284 1444 καὶ
3316 1392 3523 1462 βραχέα
3558 1392 3663 1443 τῶν
3693 1393 3782 1444 ἐπὶ
3832 1395 3946 1454 τοῖς

2363 1483 2589 1544 ὀθνείοις
2647 1483 2948 1550 γεγονότων
2997 1486 3105 1544 τοῖς
3167 1482 3458 1554 μάρτυσιν,
3529 1481 3824 1550 Ῥωμαίοις
3862 1499 3944 1542 τε,

2365 1573 2526 1640 φημὶ,
2557 1573 2648 1624 καὶ
2685 1574 2972 1634 Γαλάταις,
3020 1574 3114 1624 καὶ
3154 1571 3350 1636 Κίλιξι.
3391 1571 3671 1634 Αίσιανοῖς
3714 1589 3794 1632 τε,
3850 1576 3947 1625 καὶ

2366 1665 2694 1730 Νησιώταις,
2730 1669 2823 1718 καὶ
2848 1668 3071 1732 Φοίνιξι,
3130 1666 3446 1730 Βυζαντίοις
3476 1683 3534 1718 τε
3579 1669 3668 1718 καὶ
3705 1667 3950 1728 Βιθυνοῖς

2367 1758 2459 1808 καὶ
2493 1755 2727 1824 Αἰθίοψι,
2754 1757 2923 1826 Θρᾳξί
2958 1774 3016 1809 τε
3053 1759 3147 1810 καὶ
3190 1757 3398 1826 Μήδοις
3449 1759 3541 1810 καὶ
3575 1757 3800 1826 Ἀραψι,
3835 1759 3949 1808 [Ια-

2367 1846 2658 1910 λαιστινοῖς
2695 1865 2753 1899 τε
2786 1849 2879 1899 καὶ
2908 1849 3099 1917 Σύροις
3134 1849 3229 1900 καὶ
3270 1848 3622 1916 Ἐλαμίταις,
3676 1850 3770 1900 καὶ
3812 1851 3950 1900 πᾶσι

2367 1939 2480 1998 τοῖς
2520 1938 2627 1989 ὑπὸ
2662 1939 2752 1990 τὸν
2781 1939 3011 2007 οὐρανὸν
3051 1940 3410 2007 τυγχάνουσιν
3444 1939 3675 1999 ἔθνεσιν,
3706 1939 3842 2007 τῷδε
3870 1940 3952 2008 τῷ

2367 2029 2476 2078 τῶν
2509 2029 2801 2097 ἐγκωμίων
2845 2029 3188 2100 παραθέσθαι
3235 2031 3598 2100 συντάγματι.
3625 2034 3815 2101 Φέρειν
3846 2033 3954 2102 γὰρ

2370 2117 2450 2170 ἔτι
2473 2119 2678 2171 τούτων
2705 2122 2803 2189 οὐχ
2837 2119 2946 2182 οἷός
2973 2123 3031 2174 τέ
3067 2125 3182 2190 εἰμι
3230 2123 3329 2192 τὴν
3358 2125 3697 2193 κατάρῤησιν
3730 2125 3823 2176 καὶ
3856 2125 3954 2192 τὴν

2370 2207 2647 2260 ἄπαυστον
2693 2210 2914 2278 ὄχλησιν
2942 2229 2955 2241 ο
3009 2213 3088 2264 ὅτι
3122 2213 3253 2279 φασὶ
3297 2213 3405 2263 τῶν
3433 2214 3604 2279 ἁγίων
3630 2215 3956 2282 ἀπροσωπο-

2371 2299 2591 2367 λὴπτως
2641 2301 2774 2352 πᾶσι
2824 2303 3102 2368 νεμόντων
3134 2306 3234 2370 τὴν
3265 2304 3431 2367 ἴασιν,
3482 2307 3575 2356 καὶ
3626 2306 3792 2356 πᾶσιν
3826 2305 3958 2366 ἴσως

2371 2390 2758 2456 ὲφαπλούντων
2783 2394 2850 2444 τὰ
2881 2392 3029 2462 δῶρα
3059 2394 3155 2461 τῆς
3185 2394 3366 2445 αὐτῶν
3389 2394 3748 2462 άγαθότητος,
3771 2397 3958 2448 τελευ-

2371 2482 2555 2543 ταίους
2607 2484 2750 2552 ἡμᾶς
2801 2486 2859 2535 ἐν
2905 2487 3025 2546 ταῖς
3064 2485 3244 2536 αὐτῶν
3301 2486 3601 2554 εὐφημίαις
3652 2489 3914 2555 τετάχατε
3945 2529 3958 2544 .

2371 2572 2735 2641 νοθρωτέρους
2785 2576 2924 2643 τάχα
2971 2593 3072 2628 που
3112 2578 3203 2628 καὶ
3237 2576 3563 2646 ἀγνώμονας
3611 2579 3706 2630 καὶ
3739 2579 3959 2646 βραδεῖς

2373 2664 2509 2731 πρὸς
2551 2665 2647 2726 τὰς
2683 2665 2834 2734 ,ὑπὲρ
2885 2666 2987 2733 τῆς
3031 2666 3345 2734 εὐεργεσίας
3392 2668 3778 2736 χαριστηρίους
3813 2668 3960 2736 ᾠδὰς

2373 2757 2753 2824 αἰνιττόμενοι.
2793 2757 2988 2810 Καίτοι
3027 2759 3418 2829 προκρίνεσθαι
3448 2763 3611 2828 ἡμεῖς
3655 2761 3718 2812 ἂν
3763 2762 3960 2829 εἴημεν

2373 2848 2537 2912 ἄξιοι,
2562 2850 2727 2900 πολὺν
2762 2850 3127 2918 ὑπομένοντες
3151 2853 3419 2920 κάματον,
3444 2852 3755 2920 ὁδοιπορίας
3779 2869 3839 2903 τε
3867 2854 3958 2903 κό-

2373 2959 2473 2993 πον
2495 2941 2771 3003 ἀνύοντες,
2804 2943 2900 2992 καὶ
2923 2941 3211 2993 θαλαττίου
3245 2943 3653 3004 καταπτύοντες
3685 2943 3979 3005 κλύδωνος,

2375 3035 2470 3084 καὶ
2505 3034 2770 3086 κινδύνων
2818 3034 3072 3102 χαλεπῶν
3105 3035 3445 3103 ἀνεχόμενοι,
3487 3037 3582 3086 καὶ
3613 3033 3967 3102 ἀναρίθμητοι

2374 3125 2721 3194 διαστήματα
2783 3127 3094 3195 τέμνοντες,
3159 3128 3254 3180 καὶ
3314 3125 3466 3196 πόθῳ
3518 3125 3597 3193 τῷ
3661 3128 3798 3194 πρὶς
3839 3125 3966 3185 τοὺς

699 3237 846 3289 circa
889 3244 1154 3302 martyres
1191 3231 1378 3286 habito
1416 3233 1485 3285 ab
1534 3231 1669 3300 ipsis
1717 3230 1783 3284 ad
1828 3247 1922 3285 eos
1962 3231 2276 3286 novissimis
2303 3239 2344 3294 C
2383 3237 2389 3287 l

2303 3239 2344 3294 ς
2383 3221 2664 3287 μάρτυρας
2713 3219 2807 3271 ἀπ’
2863 3220 3040 3271 αὐτῶν
3096 3219 3229 3288 πρὸς
3282 3220 3480 3280 αὐτοὺς
3524 3218 3631 3270 τῶν
3693 3217 3968 3286 ἐσχατιῶν

703 3326 901 3380 finibus
927 3335 1085 3378 terrae
1121 3325 1404 3389 abeuntes,
1447 3331 1503 3377 et
1531 3324 1734 3390 ubique
1771 3323 2125 3386 prmdicantcs
2151 3323 2276 3394 Cyri

698 3417 1036 3484 Joannisqne
1056 3415 1342 3477 miracula,
1371 3422 1425 3466 et
1451 3414 1781 3466 ineffabilem
1815 3429 2006 3466 eorum
2038 3424 2092 3466 et
2117 3416 2279 3466 attri-

705 3509 888 3562 bntam
940 3507 1201 3560 divinitus
1239 3505 1639 3558 fortitudinem.
1698 3503 1900 3557 Horum
1954 3513 2133 3556 autem
2179 3519 2278 3557 nos

706 3603 882 3654 zelum
943 3598 1227 3659 mirantes,
1278 3604 1334 3650 et
1401 3612 1498 3663 pro
1546 3602 1699 3647 tanto
1753 3595 1934 3648 studio
1975 3595 2119 3662 quod
2153 3611 2277 3661 erga

705 3697 1019 3745 sanctorum
1068 3685 1255 3739 laudes
1304 3685 1576 3738 habebant
1629 3685 2101 3752 0bSll|p(:St'ellles,
2157 3700 2281 3753 per-

704 3782 898 3852 paucis
928 3781 1210 3834 tristitiam
1243 3779 1578 3843 medeamur,
1630 3777 1712 3832 eis
1752 3778 2013 3829 rationem
2046 3777 2284 3830 reciden-

704 3882 809 3933 tes.
840 3882 894 3925 et
939 3872 1215 3942 querelam
1270 3886 1392 3941 qua:
1430 3869 1694 3924 adversus
1745 3884 1846 3923 nos
1879 3882 1994 3946 erat
2039 3871 2281 3922 cireum-

707 3966 784 4021 sol
798 3973 997 4019 ventes.

779 4057 1021 4124 Denique
1067 4055 1391 4124 jampridem
1442 4054 1702 4112 diximus,
1751 4053 1880 4120 quia
1937 4066 2104 4104 causa
2158 4051 2280 4104 fidei

707 4147 1010 4207 miraculis,
1045 4162 1166 4214 qua:
1215 4147 1266 4199 in
1305 4146 1508 4199 exteris
1544 4145 1686 4197 facta
1735 4155 1883 4205 sunt,
1934 4159 1997 4196 ea
2033 4160 2154 4212 quae
2184 4159 2280 4198 su-

706 4251 804 4304 per
849 4235 1119 4304 indigenis
1160 4236 1518 4297 refulserunt,
1563 4243 1942 4302 przeponentes
1982 4235 2281 4302 descripsi-

708 4344 850 4388 mus,
869 4335 923 4381 et
950 4343 1046 4396 pro
1072 4328 1156 4381 his
1180 4328 1490 4396 apologiam
1515 4327 1758 4381 texuisse
1784 4326 2161 4396 dignoscimur
2188 4345 2201 4392 ;
2225 4336 2279 4381 et

708 4419 852 4485 quod
897 4434 1070 4487 neque
1113 4419 1333 4471 ultimos
1386 4432 1485 4470 vos
1525 4419 1673 4469 velut
1722 4417 1968 4485 ingratos
2027 4416 2278 4485 ροευιιιίο

2382 3311 2768 3378 ἀπερχόμενοι,
2794 3298 2898 3361 ’καὶ
2927 3311 3232 3378 πανταχόσε
3251 3309 3617 3378 κηρύττοντες
3643 3310 3827 3377 Κύρου
3872 3310 3971 3359 καὶ

2396 3401 2643 3452 Ἰωάννου
2678 3402 2746 3451 τὰ
2772 3401 3050 3468 θαύματα,
3104 3401 3197 3451 καὶ
3233 3401 3329 3470 τὴν
3379 3401 3618 3470 ἄρρητον
3663 3399 3842 3451 αὐτῶν
3873 3402 3972 3471 καὶ

2383 3490 2661 3544 θεόσδοτον
2688 3489 2937 3559 δύναμιν.
2987 3490 3202 3541 Τούτων
3245 3490 3301 3542 δὲ
3344 3492 3502 3557 ἡμεῖς
3530 3490 3620 3559 τὸν
3652 3489 3812 3558 ζῆλον
3846 3489 3973 3541 θαυ-

2387 3580 2670 3648 μάζοντες,
2717 3581 2810 3632 καὶ
2843 3580 2939 3648 τὴν
2986 3581 3119 3649 πρὸς
3167 3582 3264 3643 τὰς
3313 3581 3422 3632 τῶν
3476 3580 3647 3646 ἁγίων
3694 3582 3973 3649 εὐφημίας

2385 3671 2618 3739 σπουδὴν
2660 3673 3018 3739 ἀγασάμενοι,
3070 3671 3137 3724 δι’
3163 3673 3366 3737 ὀλίγων
3406 3673 3505 3741 τὴν
3549 3671 3725 3739 λύπην
3756 3672 3973 3723 άκεσώ-

2388 3763 2546 3830 μεθα,
2599 3764 2893 3830 ἀπολογίας
2939 3766 3134 3828 αὐτοὺς
3193 3765 3546 3830 ἀξιώσαντες,
3613 3766 3707 3815 καὶ
3747 3764 3806 3815 τὸ
3849 3765 3972 3817 καθ’

2383 3855 2417 3923 ἡ
2427 3853 2540 3923 μῶν
2567 3855 2953 3927 περιλύσαντες
2984 3856 3151 3924 ἔγκλη
3163 3873 3256 3924 μα.

2460 4039 2598 4107 ’Ἡδη
2674 4039 2774 4106 μὲν
2831 4037 2938 4104 γὰρ
2984 4036 3351 4106 προλαϐόντες
3387 4037 3710 4106 εἰρήκαμεν,
3757 4036 3838 4087 ὅτι
3883 4035 3974 4086 πί-

2387 4148 2554 4193 στεως
2595 4130 2780 4191 ἕνεκα,
2817 4127 2926 4180 τῶν
2971 4130 3059 4179 ἐπ’
3089 4127 3318 4190 ὀθνείοις
3371 4129 3712 4196 γιγνομὲνων
3760 4126 3976 4194 θαυμά-

2382 4238 2490 4272 των
2519 4220 2587 4270 τὰ
2635 4217 2727 4270 ἐπὶ
2771 4220 2883 4279 τοῖς
2940 4218 3225 4285 αὐτόχθοσι
3271 4215 3565 4286 λάμψαντα
3623 4217 3978 4286 προεγραψα-

2386 4327 2504 4379 μεν,
2529 4311 2619 4362 καὶ
2651 4309 2746 4377 τὴν
2784 4308 2922 4376 ὑπὲρ
2947 4307 3149 4358 τούτων
3171 4305 3462 4376 φθάνωμεν
3493 4307 3787 4374 ἀπολογίαν
3834 4307 3976 4371 ὑφά-

2383 4417 2571 4462 ναντες
2591 4416 2604 4428 ο
2633 4398 2726 4450 καὶ
2749 4397 2823 4458 ώς
2850 4395 2971 4448 οὔτε
2999 4396 3343 4457 τελευταίους
3365 4395 3508 4465 ὑμᾶς
3536 4395 3610 4456 ὡς
3642 4394 3976 4462 ἀχαρίστους

709 4524 850 4572 Iltlls,
888 4525 1061 4577 neque
1101 4509 1304 4577 primos
1337 4507 1459 4561 illos
1483 4507 1641 4576 quasi
1675 4507 1849 4574 magis
1892 4506 2050 4559 nobis
2095 4505 2276 4558 devoti
2305 4474 2358 4532 D
2386 4493 2399 4542 έ

2305 4474 2358 4532 D
2386 4490 2677 4558 ἐτάξαμεν,
2708 4488 2833 4542 οὔτε
2888 4485 3139 4557 πρώτους
3183 4486 3422 4548 ἐκείνους
3455 4486 3530 4548 ὡς
3566 4486 3764 4555 μᾶλλον
3812 4486 3977 4547 ὄντας

710 4600 820 4654 sint
872 4600 1293 4667 przclulerimus,
1335 4598 1446 4666 jam
1503 4597 1897 4664 perhibuimus.
1968 4595 2022 4649 In
2080 4598 2280 4650 talibus

709 4689 851 4739 enim
886 4702 1198 4756 praeponere
1225 4701 1575 4754 quemquam,
1604 4693 1697 4736 aut
1719 4687 1924 4752 scripto
1953 4696 2281 4753 postponere

711 4781 896 4842 alium,
934 4793 1109 4845 neque
1145 4776 1448 4845 postposito
1484 4776 1675 4828 nocuit
1705 4791 1879 4842 neque
1911 4776 2037 4826 huic
2072 4790 2280 4844 prpr-

710 4874 874 4924 situin
901 4871 1146 4924 exhibuit
1182 4870 1479 4922 meliorem.
1517 4866 1650 4919 Nam
1692 4884 1869 4935 neque
1905 4868 2075 4919 vineae
2108 4868 2281 4919 domi-

711 4979 815 5018 nus
844 4963 1107 5028 operariis
1133 4961 1432 5016 mercedem
1457 4958 1768 5020 conferens,
1794 4973 1891 5012 eos
1918 4959 2009 5025 qui
2047 4960 2280 5024 primum

712 5053 918 5120 operati
947 5050 1183 5114 fuerant,
1226 5049 1656 5102 honorabiliores
1701 5049 2016 5102 novissimis
2049 5049 2283 5101 arbitra-

715 5153 801 5195 tus
847 5149 961 5204 est,
1017 5157 1189 5207 neque
1247 5140 1514 5194 mercedis
1544 5139 1821 5192 dationem
1883 5153 1912 5190 a
1970 5140 2284 5194 novissimis

717 5230 1002 5296 incipiens,
1038 5229 1384 5294 reprehendit
1413 5243 1508 5281 eos
1560 5228 1652 5294 qui
1693 5236 1821 5278 ante
1873 5227 2281 5290 laboraverant,

716 5321 819 5373 nisi
848 5322 970 5388 quia
1001 5320 1118 5372 zelo
1149 5321 1337 5387 repleti
1374 5327 1881 5378 murmuraverunt,
1924 5327 1977 5370 et
2022 5320 2144 5388 plus
2191 5335 2286 5372 ac-

714 5413 898 5480 cipere
936 5427 1096 5479 quam
1138 5413 1347 5464 saneita
1378 5411 1594 5464 fuerant
1618 5411 1925 5465 voluerunt.

789 5503 896 5571 ligo
930 5511 1108 5556 autem
1141 5504 1299 5556 etiam
1337 5504 1490 5555 timui
1523 5518 1588 5556 ne
1621 5503 1758 5556 forte
1795 5520 1895 5557 nos
1929 5504 2285 5558 Alexandrini

718 5597 1193 5663 reprehenderent,
1237 5603 1493 5664 tanquam
1549 5595 1814 5662 iniuriam
1869 5598 2016 5666 passi
2067 5611 2287 5665 propter

719 5688 1058 5758 privilegium
1094 5692 1236 5758 quod
1271 5697 1493 5757 putatur
1520 5704 1547 5740 ιι
1585 5691 1761 5747 vobis.
1790 5687 1919 5742 dum
1954 5691 2286 5759 gubernato-

720 5791 806 5830 res
832 5781 919 5845 qui
959 5781 1138 5834 naulis
1174 5780 1610 5833 honorabiliores
1653 5789 1802 5839 sunt.
1858 5780 1909 5832 in
1969 5781 2286 5834 noriSsimis

719 5867 964 5928 triernni,
1023 5880 1073 5922 et
1128 5874 1327 5937 aurigae
1394 5879 1511 5938 post
1547 5885 1814 5937 equorum
1873 5871 2062 5924 clunes
2119 5871 2282 5939 positi

2383 4585 2754 4651 εὐγνώμονας.
2800 4583 2874 4633 Τὸ
2917 4581 3026 4650 γάρ
3070 4582 3127 4632 ἐν
3170 4580 3382 4642 τούτοις
3410 4579 3751 4648 προταγῆναί
3778 4595 3900 4628 τινα
3939 4580 3972 4648 ἢ

2383 4676 2634 4743 δεύτερον
2660 4677 2939 4744 γραφῆναι
2962 4674 3052 4726 τὸν
3081 4672 3288 4741 ἕτερον,
3319 4672 3472 4724 οὐδὲν
3514 4670 3640 4722 οὔτε
3671 4671 3762 4720 τὸν
3787 4670 3975 4721 δεύτε-

2387 4783 2478 4836 ρον
2521 4765 2774 4834 ἔϐλαψεν,
2805 4764 2926 4817 οὐδὲ
2949 4764 3141 4816 τούτου
3175 4762 3266 4814 τὸν
3295 4761 3530 4814 λαϐόντα
3551 4761 3754 4828 δέδειχε
3785 4761 3970 4829 κρείτ-

2385 4875 2514 4910 τονα
2534 4874 2546 4886 ⁸
2583 4860 2704 4910 ἐπεὶ
2737 4859 2875 4927 μήτε
2899 4857 2994 4909 τοῦ
3023 4857 3344 4926 ἀμπελῶνος
3374 4858 3402 4908 ὁ
3423 4855 3700 4920 Δεσπότης
3735 4857 3847 4916 τοῖς
3882 4856 3973 4922 ἐρ-

2387 4953 2581 5020 γάταις
2609 4952 2698 5003 τὸν
2736 4951 2926 5020 μισθὸν
2961 4950 3371 5020 παρεχόμενος,
3419 4947 3526 5000 τῶν
3563 4947 3812 5013 ἐσχάτων
3847 4947 3974 5006 τοὺς

2389 5045 2605 5113 πρῶτον
2654 5045 3065 5114 ἐργασαμένους
3112 5040 3474 5111 τιμιωτέρους
3515 5039 3761 5106 ἡγήσατο
3791 5053 3803 5064 ο
3847 5035 3975 5087 οὔτε

2387 5135 2484 5203 τῆς
2528 5135 2870 5204 μισθοδοσίας
2917 5135 3022 5187 ἀπὸ
3051 5135 3161 5187 τῶν
3215 5136 3460 5203 ἐσχάτων
3504 5129 3811 5202 ἀρξάμενος
3848 5131 3974 5192 τοὺς

2389 5227 2773 5294 προλαϐόντας.
2823 5226 3132 5294 ἐμέμψατο,
3189 5229 3237 5279 εἰ
3285 5231 3360 5296 μὴ
3417 5225 3580 5297 ζήλου
3637 5223 3975 5292 πλησθέντες

2389 5318 2716 5386 ἐγόγγυσαν,
2754 5322 2848 5371 καὶ
2881 5319 3052 5372 πλείω
3085 5320 3386 5390 λαμϐάνειν
3415 5319 3524 5370 τῶν
3565 5316 3979 5369 θεσπισθέντων

2390 5399 2700 5479 ἡΰούλοντο.

2475 5503 2615 5568 Ἐγὼ
2669 5502 2724 5554 δὲ
2761 5504 2853 5554 καὶ
2890 5502 3101 5554 δέδοικα
3150 5505 3345 5569 μήπως
3396 5504 3558 5570 ἡμεῖς
3604 5499 3978 5567 ’Λλεξανδρεῖς

2395 5597 2790 5666 ἐπιϐλέψοιντο,
2837 5597 2912 5658 ὡς
2948 5596 3265 5665 ὑϐρισμένοι
3293 5595 3381 5648 διὰ
3406 5595 3500 5648 τοῦ
3529 5593 3816 5653 δοκοῦντος
3850 5593 3982 5659 ύμῖν

2397 5691 2833 5759 προτερήματος,
2879 5688 3036 5756 εἴπερ
3088 5687 3417 5756 κυϐερνῆται
3473 5686 3572 5753 μὲν
3626 5687 3673 5736 οἱ
3714 5684 3822 5734 τῶν
3845 5701 3985 5734 ναυ-

2395 5780 2562 5832 τικῶν
2637 5779 2995 5848 τιμιώτεροι,
3054 5781 3112 5831 ὲν
3168 5779 3418 5848 ἐσχάτοις
3485 5775 3809 5837 καθέζονται
3869 5773 3986 5824 τῶν

2397 5874 2654 5942 τριήρων,
2701 5872 2792 5923 καὶ
2837 5871 2941 5923 τῶν
2979 5872 3157 5923 ἵππων
3199 5870 3420 5922 ὄπισθεν
3457 5873 3500 5921 οἱ
3536 5869 3766 5939 ἡνίοχοι,
3804 5865 3902 5920 καὶ
3935 5869 3985 5918 οἱ
