4280 6442
314 429 453 493 3613

1354 444 1456 505 SS.
1482 444 1658 505 CYRI
1687 444 1782 506 ET
1811 444 2133 509 JOANNIS
2156 448 2566 511 MIRACULA.

3445 457 3582 519 3614

318 539 523 607 πρῶτοι
556 544 809 609 γενέσθαι
852 547 1184 617 γλιχόμενοι,
1216 551 1435 616 πάντως
1475 555 1693 621 ἔσχατοι
1730 571 1897 623 προσ·
1925 560 1973 615 Α
2002 574 2008 609 ι

1888 560 1973 615 -Δ
2002 558 2250 611 sedeant.
2287 557 2391 615 Sed
2440 570 2492 613 et
2522 562 2601 625 hi,
2648 561 2742 631 qui
2795 562 2957 631 primi
2992 562 3107 618 ﬁeri
3149 573 3435 634 appetunt,
3479 583 3578 619 uo-

317 638 601 684 ταττονται
650 634 919 698 γίνεσθαι.
958 640 1069 692 Καὶ
1101 643 1417 711 πρώτιστοι,
1458 645 1557 713 μὲν
1587 646 1635 696 oi
1663 644 1901 713 ἔσχατοι,

316 721 533 790 ἔσχατοι
558 723 615 777 δὲ
646 726 808 779 πάλιν
828 730 877 781 oi
917 732 1212 800 πρώτιστοι
1242 734 1517 801 γίγνονται
1538 753 1551 767 ο
1577 738 1670 788 καὶ
1698 738 1766 789 τὰ
1797 738 1905 791 τῶν

318 814 498 882 μελῶν
539 818 863 889 ἀτιμότερα,
903 824 1067 894 τιμὴν
1111 829 1506 898 περισσοτέραν
1556 830 1621 881 τὰ
1647 829 1904 882 δοκοῦντα

314 909 602 976 τυγχάνειν
630 913 937 981 ἀσχήμονα.
972 917 1063 969 Διὸ
1092 918 1185 971 xui
1216 920 1397 972 αἰτίαν
1418 922 1515 990 τῆς
1539 921 1743 973 τούτων
1767 938 1901 990 προ-

313 1000 533 1067 γραφῆς
588 1004 1034 1075 προσδεξάμενοι,
1094 1012 1188 1061 καὶ
1250 1011 1325 1074 ὼς
1379 1014 1685 1078 ἀναγκαίαν
1736 1009 1902 1066 οὖσαν

316 1093 701 1159 μανθάνοντες,
739 1100 869 1166 περὶ
900 1102 1186 1169 πρωτείων
1213 1105 1287 1173 μὴ
1320 1104 1581 1173 μάχεσθε,
1620 1106 1757 1174 μήτε
1790 1106 1900 1157 τῶν

314 1186 453 1252 μετὰ
498 1187 668 1239 ταῦτα
702 1192 960 1259 τετάχθαι
993 1195 1295 1260 νομίσοιτε,
1344 1198 1431 1250 ἵνα
1469 1198 1542 1267 μὴ
1577 1198 1710 1266 πρὸς
1748 1197 1900 1263 αίρέο

313 1289 426 1335 οεις
456 1276 551 1327 xui
599 1278 874 1348 σχίσματα
908 1282 1301 1353 διαιρούμενοι,
1348 1286 1407 1337 τὸ
1453 1287 1751 1355 προσφιλὲς
1782 1289 1890 1340 τῶν

312 1364 483 1430 ἁγίων
515 1370 802 1436 ἐγκώμιον
841 1372 1190 1445 διατέμνητε,
1233 1378 1327 1428 xui
1372 1379 1471 1445 τῆς
1514 1379 1691 1430 αὐτῶν
1728 1381 1895 1447 εὐφη-

311 1455 439 1522 μίας
462 1457 523 1508 τὸ
555 1460 781 1529 φαιδρὸν
813 1464 1183 1534 ἀμαυρώσητε
1207 1484 1219 1497 ·
1257 1468 1393 1520 ἀλλά
1419 1469 1661 1537 χαίροιτε
1697 1470 1897 1537 μᾶλλον

310 1550 401 1599 xui
435 1550 692 1621 ἀλληλοις
727 1558 1101 1627 συγχαίροιτε,
1134 1563 1227 1622 τὰς
1252 1560 1360 1612 τῶν
1394 1561 1593 1628 ἐτέρων
1622 1562 1787 1630 τιμὰς
1815 1564 1894 1613 oi-

306 1641 633 1709 κειούμενοι,
670 1646 765 1697 xui
796 1649 895 1709 τὰς
942 1651 1151 1711 οἰκείας
1185 1651 1550 1721 δωρούμενοι·
1599 1654 1695 1704 xui
1743 1653 1803 1704 τὸ
1830 1653 1893 1723 δὴ

306 1733 563 1800 μέγιστον
591 1739 687 1789 xui
721 1740 1012 1809 μακάριον,
1043 1743 1124 1793 ὃτι
1160 1744 1475 1796 συντελέσαι
1507 1745 1642 1813 πρὸς
1672 1744 1892 1798 ἔπαινον

302 1825 643 1893 τηλικούτων
684 1832 854 1897 ἁγίων
896 1834 1136 1885 εὐκλεῶν
1190 1835 1481 1904 ἡξιώθητε.
1522 1838 1657 1908 Φέρε
1710 1839 1890 1890 τοίνυν

2009 647 2217 701 vissimi
2260 649 2373 704 iieri
2403 661 2725 706 cunctorum
2751 654 3054 722 jubentur:
3092 656 3225 725 quin
3261 657 3425 709 etiam
3467 660 3582 728 pri-

2006 753 2189 793 mores
2235 741 2455 809 quidem
2492 741 2799 804 novissimi,
2852 744 3137 797 novissimi
3199 760 3329 799 vero
3385 762 3579 801 rursus

2006 832 2277 901 primores
2311 832 2656 897 eﬂiciunlur;
2695 842 2750 887 et
2793 849 2916 903 quae
2946 835 2999 887 in
3039 836 3298 890 membris
3328 848 3455 891 sunt
3492 839 3577 890 iu-

2006 922 2435 985 honorabiliora,
2489 922 2748 975 honorem
2807 923 3263 977 abundantiorem
3318 926 3574 986 induunt,

2004 1021 2057 1067 et
2096 1016 2433 1067 honestatem
2478 1031 2597 1084 qua:
2633 1030 2755 1069 esse
2788 1018 3073 1071 inhonesta
3130 1018 3406 1074 videntur.
3442 1018 3577 1074 Pro-

2003 1116 2121 1175 pter
2149 1107 2291 1176 quod
2326 1122 2547 1160 causam
2584 1109 2776 1161 horum
2812 1110 3242 1178 praescriptionis
3279 1111 3574 1167 admitten-

2002 1207 2107 1259 tes,
2140 1209 2193 1252 et
2244 1200 2410 1251 veluti
2453 1202 2822 1254 necessariam
2878 1210 3297 1269 cognoscentes,
3356 1202 3423 1257 de
3462 1206 3573 1273 pri-

2002 1298 2149 1343 matu
2199 1289 2410 1358 litigare
2439 1292 2643 1353 nolite;
2690 1306 2867 1358 neque
2915 1292 2958 1343 si
2998 1284 3430 1359 postponamini,
3475 1308 3573 1348 vos

2002 1382 2287 1451 pertulisse
2334 1382 2595 1449 injuriam
2631 1382 2995 1445 arbitremini,
3034 1398 3102 1436 ne
3143 1382 3209 1435 ad
3259 1383 3493 1439 hatreses
3521 1396 3575 1439 et

1998 1472 2292 1527 schismata
2325 1474 2506 1542 partiti
2532 1473 2870 1535 dilabamini,
2901 1482 2955 1526 et
2993 1474 3224 1528 amabile
3257 1484 3571 1529 sanctorum

1998 1564 2332 1632 praeconium
2355 1562 2633 1625 resecetis,
2654 1577 2953 1631 eorumque
2975 1562 3131 1617 bona:
3150 1563 3304 1617 fama:
3333 1565 3572 1633 pulchri-

1996 1652 2236 1704 tudinem
2282 1650 2583 1705 oli'uscetis.
2674 1651 2780 1705 Sed
2836 1651 3017 1717 potius
3080 1651 3451 1719 gratulamini,
3516 1661 3570 1704 rt

1994 1745 2218 1799 alternis
2249 1743 2732 1814 congratulamini,
2780 1744 3017 1796 honores
3058 1742 3287 1795 aliorum
3319 1745 3569 1812 prOprios

1996 1837 2281 1900 facientes,
2323 1845 2380 1890 et
2430 1836 2553 1888 aliis
2598 1846 2813 1888 vestros
2859 1834 3161 1899 donantes;
3213 1842 3267 1889 et
3295 1836 3435 1904 quod
3484 1844 3569 1889 est

301 1918 397 1969 xui
455 1922 620 1987 ἡμεῖς
669 1924 737 1975 τά
793 1925 893 1986 τὰς
944 1926 1221 1995 εὐφημίας
1273 1906 1607 1991 ἐπαύξονταή
1638 1929 1889 1998 θαύματα
1924 1906 1965 1960 Β

1874 1948 1889 1981 ι
1924 1906 1965 1960 Β
1999 1931 2175 1997 majus
2201 1939 2364 1996 atque
2399 1928 2632 1988 beatius,
2667 1926 2794 1994 quia
2826 1926 3212 1979 connumerari
3247 1925 3314 1979 ad
3350 1925 3564 1979 Iaudem

301 2005 479 2077 [deest
530 2012 803 2085 verbum],
856 2017 951 2067 xui
1002 2020 1076 2086 μή
1131 2036 1219 2085 μοι
1278 2020 1553 2086 φαίνοισθε
1594 2021 1701 2072 τῶν
1757 2038 1885 2087 προσ

297 2099 475 2167 τὲρων
506 2102 797 2166 ἐλάσσονες
832 2106 1105 2177 ὑπερϐολῇ
1138 2110 1436 2177 θαυμάτων
1462 2111 1778 2179 νικώμενοι.

1997 2030 2274 2075 tantorum
2307 2030 2620 2073 sanctorum
2671 2027 2725 2069 et
2782 2017 3079 2071 illustrium
3113 2016 3416 2071 meruistis.
3472 2016 3568 2069 Eia

1995 2115 2163 2181 igitur
2194 2120 2247 2165 et
2300 2126 2399 2164 nos
2449 2106 2734 2163 miracula.
2768 2122 2891 2177 quae
2953 2108 3143 2161 laudes
3206 2117 3563 2175 augmentant

297 2199 355 2254 iu
389 2198 628 2251 medium
660 2199 986 2267 aderamus;
1051 2214 1106 2259 et
1157 2206 1291 2258 mihi
1348 2221 1455 2260 non
1525 2208 1863 2277 apparebitis
1923 2211 2162 2265 minores
2219 2208 2531 2277 prioribus,
2585 2205 2972 2259 miraculorum
3028 2204 3324 2258 eminentia
3395 2218 3559 2271 supe-

293 2288 421 2341 rati.

363 2380 505 2449 Βοᾷν
550 2381 605 2434 δὲ
672 2384 858 2437 τοῦτον
901 2391 965 2441 ὲκ
1011 2388 1181 2456 μέσου
1229 2388 1373 2443 δοκῶ
1425 2392 1516 2443 τὸν
1570 2394 1879 2463 πρεσϐύτην

292 2469 590 2540 Γεὼργιον,
642 2476 952 2545 ἡγούμενον
998 2480 1098 2548 μὲν
1156 2484 1253 2547 τῆς
1308 2483 1488 2535 αὐτῶν
1537 2486 1880 2556 ὁμηγύρεως,

288 2564 549 2629 ἡγεῖσθαι
578 2566 633 2617 δὲ
662 2569 761 2619 xui
794 2572 851 2620 ἐν
876 2573 942 2641 τῇ
971 2572 1077 2624 τῶν
1114 2573 1409 2643 θαυμάτων
1444 2577 1741 2648 ἐπαγγελία
1765 2580 1881 2645 γλι-

287 2656 539 2721 χνῆμενον,
566 2658 624 2721 ὃς
644 2658 770 2731 ἀξίᾳ
798 2662 891 2714 καὶ
908 2666 1082 2734 χρόνῳ
1104 2667 1198 2717 xui
1233 2667 1883 2739 παλαιότητιθαυμαστὸς

285 2748 355 2797 τὰ
402 2750 664 2816 πρεσϐεῖα
707 2751 1021 2833 δεξάμενος,
1058 2758 1309 2825 ἡγεῖσθαι
1342 2760 1682 2831 καθέστηκεν
1710 2763 1878 2827 ἄξιος,

287 2841 382 2889 καί
419 2844 758 2912 προτραπεὶς
788 2848 923 2915 πρὸς
968 2848 1079 2900 τῶν
1112 2849 1287 2903 ἄλλων
1317 2853 1607 2921 ἡγήσεται,
1660 2852 1769 2917 ζῶν
1802 2856 1881 2907 ἔτι

287 2931 385 2981 καὶ
416 2934 701 3001 τυγχάνων
750 2937 807 2987 ἐν
838 2937 1074 3007 σώματι,
1102 2942 1194 2993 καὶ
1222 2944 1388 2994 πᾶσιν
1419 2946 1771 3012 ἐπαγγέλλων
1802 2950 1879 3017 τῷ

288 3023 521 3091 στόματι
551 3024 611 3075 τὸ
648 3029 871 3094 γεγονὸς
908 3032 965 3081 ἐν
1004 3032 1153 3099 αύτῴ
1194 3034 1303 3085 τῶν
1349 3036 1523 3102 ἁγίων
1571 3039 1875 3107 τεράστιον.

298 3114 513 3178 Ἀγνοεῖ
546 3117 645 3183 μὲν
681 3118 789 3185 γὰρ
831 3120 1011 3171 αὐτῶν
1039 3122 1213 3185 οὐδεὶς
1249 3124 1359 3177 τῶν
1393 3128 1449 3177 ἐν
1481 3126 1626 3179 ἔτεσι
1669 3130 1877 3194 τούτοις

284 3206 399 3265 τοῖς
446 3206 587 3258 ἐπτὰ
622 3210 715 3261 xui
747 3210 1011 3278 ἐξήκοντα
1046 3212 1230 3282 Κύρου
1274 3216 1370 3267 καὶ
1409 3216 1656 3271 Ἰωάννου
1690 3237 1875 3274 κατει-

283 3296 538 3363 ληφότων
587 3300 647 3350 τὸ
675 3300 902 3368 τέμενος
929 3319 942 3331 ο
979 3302 1123 3356 ἴσασι
1176 3306 1233 3357 δὲ
1264 3309 1477 3370 πάντως
1524 3310 1600 3371 ὼς
1647 3312 1833 3381 οἴομαι
1856 3330 1869 3343 ·

2087 2392 2258 2445 Porro
2289 2391 2525 2444 clamare
2554 2390 2621 2443 de
2654 2390 2847 2442 horum
2888 2389 3069 2443 medio
3106 2388 3400 2458 Georgium
3429 2397 3566 2460 puto

1983 2483 2386 2552 presbyterum,
2450 2482 2543 2550 qui
2578 2482 2747 2536 abbas
2824 2480 3042 2549 quidem
3119 2483 3561 2550 congregationis

1984 2588 2173 2625 eorum
2206 2580 2345 2633 erat,
2382 2581 2435 2625 et
2471 2583 2527 2624 ut
2578 2574 2632 2624 in
2692 2572 2957 2626 relatione
3016 2573 3402 2625 miraculorum
3452 2573 3560 2627 dux

1986 2664 2158 2727 lieret,
2188 2662 2497 2730 appetebat.
2525 2661 2661 2716 Cum
2710 2672 2890 2717 autem
2930 2664 3153 2733 dignum
3198 2673 3253 2717 et
3318 2674 3563 2733 tempore

1986 2764 2040 2808 et
2081 2763 2350 2807 vetustate
2408 2753 2653 2807 miraculi
2718 2756 3011 2823 primatum
3051 2754 3396 2822 sumpsisset,
3448 2755 3558 2808 dux

1989 2845 2103 2898 ﬁeri
2146 2861 2252 2898 non
2295 2846 2565 2900 immerito
2596 2845 2748 2900 visus
2777 2855 2883 2909 est,
2914 2854 2969 2900 et
2998 2846 3062 2899 ad
3095 2846 3353 2898 ducatum
3395 2859 3560 2915 agen—

1984 2937 2114 2991 dum
2167 2936 2235 2990 ab
2278 2937 2401 2991 aliis
2439 2936 2760 2990 exhortatus
2785 2945 2888 3003 est;
2927 2937 3019 3004 qui
3062 2936 3191 2988 vivit
3246 2936 3448 3000 adhuc,
3504 2945 3561 2989 et

1982 3038 2067 3083 est
2108 3030 2160 3082 in
2202 3044 2456 3098 corpore,
2489 3044 2584 3083 ore
2620 3028 2863 3083 referens
2893 3027 3036 3096 quod
3074 3028 3274 3081 factum
3304 3034 3388 3081 est
3416 3026 3470 3079 in
3499 3040 3561 3080 se

1981 3126 2294 3173 sanctorum
2361 3118 2689 3188 prodigium.
2755 3117 3041 3188 Siquidem
3116 3118 3329 3188 ignorat
3411 3116 3559 3171 hunc

1984 3210 2167 3264 nullus
2201 3218 2265 3263 ex
2305 3209 2412 3268 his.
2462 3209 2553 3278 qui
2608 3210 2660 3261 in
2719 3208 2806 3262 his
2851 3218 3057 3277 septem
3106 3208 3262 3262 annis
3300 3215 3355 3260 et
3400 3222 3559 3262 sexa-

1979 3304 2151 3372 ginta,
2181 3301 2307 3371 Cyri
2337 3309 2391 3355 et
2428 3299 2660 3355 Joannis
2711 3308 2977 3354 venerunt
3032 3300 3097 3352 ad
3131 3299 3411 3367 templum;
3447 3301 3559 3353 imo

280 3386 393 3437 ἀπὸ
422 3387 691 3439 τοσούτων
731 3390 838 3459 γὰρ
887 3392 1097 3459 χρόνων
1128 3395 1156 3445 ὁ
1185 3395 1362 3463 γέρων
1386 3397 1548 3459 ὁσίως
1581 3400 1673 3452 καὶ
1704 3402 1875 3455 καθα·
1903 3409 1945 3469 C

1865 3433 1875 3443 .
1903 3409 1945 3469 ρ
1983 3404 2252 3447 noverunt
2283 3408 2494 3455 omnes,
2526 3403 2584 3446 ut
2612 3407 2734 3446 reor
2760 3409 2773 3445 :
2808 3407 2836 3445 a
2868 3401 2945 3445 tot
2977 3392 3178 3460 quippe
3208 3390 3366 3445 annis
3392 3406 3555 3445 senex

289 3478 407 3546 ρῶς
435 3479 652 3547 Χριστῷ
683 3480 925 3535 δουλεύει
980 3487 1074 3536 xui
1112 3486 1403 3554 μάρτυσιν,
1434 3490 1612 3543 πάντα
1652 3494 1876 3559 τελέσας

282 3568 381 3621 τοῦ
412 3570 615 3637 κλήρου
643 3570 713 3623 τὰ
742 3573 1022 3642 τάγματα,
1073 3579 1162 3630 καῖ
1210 3579 1405 3648 χρόνον
1452 3583 1575 3635 τινὰ
1618 3585 1710 3637 τοῦ
1744 3589 1873 3640 ναοῦ

284 3664 620 3730 Θαυμαστῶς
668 3667 1034 3735 ἡγησάμενος.

355 3752 515 3816 Κίλιξ
547 3750 615 3823 ἦν
648 3755 675 3804 ὁ
704 3756 998 3825 Γεώργιος,
1031 3760 1124 3810 καὶ
1157 3761 1363 3826 πόλεως
1392 3765 1492 3815 οὐκ
1526 3766 1742 3835 ἀσήμου
1774 3787 1873 3823 ποι

281 3845 437 3914 λίτης
464 3846 760 3915 ἐτύγχανεν
791 3864 803 3876 ·
840 3849 1050 3917 Ταρσὸν
1081 3852 1183 3920 γὰρ
1208 3852 1363 3921 ηὔχει
1392 3856 1750 3923 μητρόπολιν,
1780 3863 1872 3913 καὶ

284 3938 499 3991 Παῦλον
564 3941 748 3992 ἐκάλει
808 3944 1127 4012 συνήγορον,
1184 3946 1276 3996 ἐπὶ
1326 3948 1515 4018 πολίτῃ
1573 3952 1666 4002 καὶ
1719 3953 1871 4004 πόλει

282 4029 683 4097 γαυρούμενος,
709 4032 804 4082 xui
826 4033 1037 4093 τούτοις
1053 4035 1152 4085 οὐκ
1179 4036 1424 4101 ἀγεννῶς
1448 4041 1866 4110 σεμνυνόμενος.

280 4112 452 4180 Οέτος
479 4118 571 4171 οῦν
599 4121 627 4170 ὀ
661 4120 931 4189 Γεὼργιος
963 4124 1020 4174 ἐν
1044 4126 1202 4176 παισὶ
1222 4126 1412 4186 τελῶν,
1439 4132 1531 4180 xui
1566 4133 1869 4199 μειρακίοις

280 4211 468 4278 φέρων
509 4210 608 4278 τὴν
638 4210 866 4273 δίαιταν,
912 4213 1009 4280 τῆς
1061 4216 1319 4281 πατρίδος
1368 4218 1599 4286 ἐκδημεί
1624 4222 1720 4272 σὺν
1760 4226 1870 4286 τοῖς

282 4300 541 4366 φύσασιν.
596 4300 708 4369 Τῆς
737 4302 1000 4370 ἐκδημίας
1034 4302 1089 4355 δὲ
1126 4308 1325 4367 σκοπὸς
1352 4307 1563 4377 ὑπῆρχε
1598 4311 1691 4361 xui
1732 4311 1869 4377 πρό-

279 4405 447 4457 φασις
478 4391 509 4459 ἠ
541 4390 623 4451 είς
686 4392 878 4460 Μηνᾶν
929 4393 1019 4443 τὸν
1052 4396 1207 4459 ἆγιον
1255 4396 1344 4447 τὸν
1397 4399 1455 4448 ἐν
1498 4400 1563 4467 τῇ
1596 4400 1867 4472 Μαρεώτῃ

279 4482 656 4550 προσκύνησις
686 4500 700 4513 ·
736 4484 802 4552 ἣν
839 4484 938 4550 τῆς
963 4485 1319 4556 Ἀλεξάνδρου
1349 4490 1737 4560 κατειληφότες
1758 4494 1864 4546 άπ-

283 4572 484 4625 ιδίδουν
514 4572 593 4640 τῷ
622 4573 860 4643 μάρτυρι
887 4592 899 4604 ·
924 4577 1016 4627 xui
1048 4578 1147 4647 τὴν
1172 4579 1430 4631 ἐπάνοδον
1453 4582 1635 4644 αὐτοῖς
1660 4585 1865 4653 χειμῶ-

284 4680 368 4724 νος
403 4663 743 4726 κωλύσαντος
764 4704 778 4726 ,
816 4668 908 4716 καὶ
942 4670 1133 4735 χρόνου
1190 4671 1386 4740 μικροῦ
1420 4672 1860 4739 διῖππεύσαντος,

1987 3487 2089 3540 istc
2123 3497 2311 3539 sancte
2344 3501 2406 3538 ac
2448 3500 2583 3553 pure
2623 3485 2847 3537 Christo
2906 3483 3344 3553 martyribusqtte
3368 3482 3558 3537 deser-

1985 3580 2081 3639 vit,
2112 3594 2236 3633 cum
2268 3595 2457 3633 omnes
2481 3578 2609 3632 cleri
2643 3577 2866 3632 ordines
2897 3585 3353 3637 consummasset,
3379 3584 3434 3629 et.
3464 3593 3560 3641 per

1985 3676 2195 3737 tempus
2228 3668 2446 3737 aliquod
2481 3669 2680 3736 templo
2703 3667 3027 3721 mirabiliter
3063 3666 3391 3735 praefuisset.

2088 3761 2225 3814 (lilix
2266 3771 2383 3815 erat
2412 3762 2701 3831 Georgius,
2737 3771 2790 3814 ct
2821 3760 3058 3813 cititatis
3091 3774 3197 3812 non
3246 3761 3443 3828 ignotae
3482 3758 3558 3809 ci-

1981 3855 2087 3917 vis,
2146 3852 2317 3908 Tarso
2369 3856 2514 3907 enim
2565 3853 2908 3922 gloriabatur
2957 3852 3263 3920 metropoli,
3311 3858 3366 3904 et
3418 3850 3557 3903 Pau-

1982 3945 2093 3997 lum
2130 3944 2359 3997 vocabat
2387 3956 2811 4006 coasscrtorem,
2841 3943 2894 3995 in
2936 3944 3163 3996 concive
3210 3955 3274 3993 ac
3329 3940 3556 3992 civitate

1979 4035 2266 4102 gloriatus,
2308 4042 2361 4086 et
2408 4033 2495 4087 his
2550 4048 2657 4085 non
2718 4031 3030 4101 ignobiliter
3086 4030 3400 4083 decoratus.
3454 4025 3554 4080 Hic

1978 4141 2107 4194 ergo
2167 4124 2439 4193 Georgius
2510 4124 2987 4178 conversationem
3034 4124 3175 4174 inter
3221 4121 3459 4173 infantes
3502 4128 3556 4172 et

1980 4232 2176 4281 pueros
2222 4232 2409 4285 agens,
2444 4231 2472 4268 a
2510 4215 2686 4284 patria
2738 4230 2962 4283 peregre
3017 4212 3381 4281 proﬁciscitur
3426 4227 3551 4263 cum

1981 4306 2318 4373 parentibus.
2376 4305 2546 4359 Porro
2592 4305 3044 4375 peregrinationis
3107 4304 3335 4357 intentio
3380 4309 3434 4355 et
3463 4317 3556 4354 oc-

1977 4398 2126 4450 casio
2153 4404 2270 4449 erat
2293 4395 2358 4448 ad
2384 4396 2614 4448 llleunan
2647 4405 2895 4448 sanctum
2922 4392 3296 4463 profectionis,
3320 4402 3371 4445 ct
3410 4392 3554 4459 apud

1976 4486 2249 4541 Mareoten
2287 4486 2624 4540 adoratiouis
2655 4486 2891 4548 devotio;
2936 4498 3098 4553 quam
3145 4498 3269 4536 cum
3315 4483 3554 4535 Alexan-

1974 4579 2145 4631 driam
2194 4579 2592 4647 pervenissent,
2639 4576 2862 4645 martyri
2905 4574 3275 4628 reddiderunt.
3308 4573 3554 4640 Cumque

1976 4670 2204 4723 reditum
2252 4669 2360 4723 illis
2400 4670 2574 4723 hiems
2633 4668 3025 4737 prohibuisset,
3093 4677 3147 4719 et
3197 4676 3407 4733 tempus
3441 4679 3555 4717 Ino-

275 4754 372 4808 τοῦ
406 4756 595 4818 παιδὸς
630 4758 658 4808 ό
685 4760 868 4826 πατὴρ
902 4758 1276 4827 ἐτελεύτησεν,
1299 4764 1391 4814 καὶ
1417 4766 1445 4815 ό
1482 4768 1609 4827 παῖς
1634 4767 1866 4837 ὀρφανὸς
1903 4762 1943 4815 D

1862 4789 1866 4825 ς
1903 4762 1943 4815 D
1974 4764 2153 4813 dicunt
2186 4761 2538 4829 prmterisset,
2588 4759 2739 4827 pueri
2794 4768 2945 4827 pater
3001 4754 3299 4811 defunctus
3352 4764 3459 4817 est,
3499 4764 3552 4808 et

277 4849 641 4913 κατελίπετο,
709 4852 805 4902 xui
865 4850 961 4915 τῆς
1014 4851 1279 4918 ὀρφανίας
1332 4855 1625 4918 ἀκόλουθος
1666 4860 1699 4926 ἡ
1755 4862 1865 4913 τῶν

274 4940 575 5009 ὀφθαλμῶν
614 4942 832 5009 ἐγένετο
884 4946 1163 5014 στέρησις,
1203 4949 1267 4999 ὲκ
1305 4948 1511 5011 πάθους
1562 4952 1868 5019 ἐπιχύσεως

279 5033 549 5101 ρεύσασα.

360 5122 572 5194 ’ἰατροῦ
606 5124 661 5175 δὲ
695 5125 894 5186 παντὸς
926 5124 1061 5194 πρὸς
1096 5128 1157 5178 τὸ
1189 5128 1358 5190 πάθος
1391 5131 1744 5193 ὀκλάσαντος,
1773 5134 1867 5185 xui

270 5218 577 5287 διαρρήδην
606 5215 705 5286 τὴν
758 5212 930 5287 ἧτταν
987 5218 1443 5287 ὁμολογήσαντος,
1482 5223 1661 5292 Κῦρος
1705 5225 1867 5288 εὐθὺς

273 5310 370 5359 καὶ
414 5309 671 5375 Ἰωάννης
730 5310 780 5359 oi
834 5309 1114 5377 μάρτυρες
1166 5311 1499 5381 θεραπευταὶ
1531 5316 1625 5366 τοῦ
1662 5316 1866 5380 πάθους

272 5398 640 5465 ἡγγέλλοντο’
676 5399 756 5459 εἰς
787 5396 880 5458 οὓς
911 5396 1083 5449 ἐλθὼν
1112 5398 1139 5449 ὁ
1170 5399 1443 5467 Γεώργιος
1485 5402 1610 5464 τοὺς
1644 5403 1864 5471 εἰρηκό-

273 5505 376 5550 τας
418 5490 520 5540 οὐκ
582 5488 820 5557 ᾔσχυνε·
850 5489 950 5557 τήν
987 5506 1044 5541 τε
1084 5493 1192 5557 γὰρ
1242 5492 1492 5560 ἐπίχυσιν
1528 5494 1858 5555 ἀπεδύσατο,

274 5581 371 5631 xui
406 5579 505 5643 τὴν
538 5578 803 5643 γλυκείαν
860 5579 1150 5646 ἀνείληφεν
1181 5581 1391 5651 ᾂοασιν.
1430 5582 1542 5649 Τῆς
1582 5583 1769 5649 ὑγείας
1803 5585 1860 5636 δὲ

268 5668 434 5723 τοῦτο
462 5665 530 5739 ἦν
560 5671 633 5732 ὡς
662 5674 796 5738 ερασὶ
849 5672 906 5722 τὸ
958 5672 1231 5743 βοήθημα.
1287 5674 1463 5744 Τυρὸν
1496 5675 1645 5744 αὐτῷ
1675 5676 1862 5745 τρῖψαι

269 5762 366 5815 τὸν
387 5762 450 5814 ἐκ
488 5761 743 5823 Βιθυνίας
803 5763 1120 5831 ἐρχόμενον,
1184 5768 1276 5817 καί
1317 5769 1540 5835 κηρωτῇ
1592 5769 1861 5837 συμμίξαι

275 5854 371 5907 καί
406 5856 565 5923 μόνον
601 5854 870 5907 ἐπιθεῖναι
904 5859 1030 5915 -τοῐς
1085 5856 1331 5927 ὄμματι-ι
1393 5860 1440 5909 οἱ
1494 5861 1589 5928 τῇς
1639 5861 1857 5929 ῥώσεως

1973 4853 2223 4919 orphauo
2275 4866 2446 4917 puero
2494 4850 2781 4913 derelicto,
2835 4849 3204 4917 orphauitatis
3251 4862 3553 4901 successor

1975 4945 2257 4995 oeulorum
2309 4950 2394 4996 est
2453 4942 2642 4995 eiIecta
2676 4942 2928 5011 privatio,
2960 4956 2988 4993 a
3019 4941 3253 4994 lusionis
3296 4942 3555 5009 passione

1974 5034 2191 5088 dilTnsa.

2081 5125 2287 5179 Medico
2318 5134 2497 5179 autem
2540 5127 2686 5179 oumi
2717 5128 2865 5180 circa
2901 5129 3211 5197 passionem
3243 5127 3552 5185 deficiente,

1975 5220 2318 5286 sparsimque
2383 5219 2467 5272 sui
2542 5221 2951 5287 superationem
3002 5222 3318 5281 rouliteute,
3377 5219 3553 5289 Cyrus

1974 5310 2158 5361 statim
2204 5316 2257 5362 et
2306 5306 2549 5363 Joannes
2596 5319 2885 5380 martyres,
2937 5325 3223 5365 curatores
3280 5313 3551 5380 passionis

1970 5400 2347 5463 enuntiautur;
2392 5405 2457 5454 ad
2508 5417 2645 5468 quos
2682 5400 2947 5469 Georgius
2978 5403 3217 5462 veniens,
3259 5403 3547 5471 pra-dictos

1967 5492 2232 5546 dedecore
2290 5509 2393 5545 non
2450 5492 2651 5551 aliecit,
2707 5502 2761 5546 et
2813 5503 3119 5548 cataractas
3173 5496 3446 5563 deposuit.
3494 5502 3542 5546 ιιι

1965 5583 2181 5637 dulcem
2232 5584 2381 5637 visus
2430 5586 2668 5653 percepit
2735 5586 3012 5639 intuitum.
3074 5584 3244 5638 Porro
3291 5587 3549 5640 sanitatis

1967 5676 2070 5729 hoc
2100 5685 2238 5740 erat,
2271 5686 2327 5729 ttt
2355 5678 2555 5742 inquit,
2598 5678 2883 5730 auxilium.
2927 5679 3158 5731 Caseum
3192 5679 3266 5731 illi
3303 5690 3475 5731 lCl’t‘l‘C
3518 5694 3547 5731 ιι

1971 5766 2221 5837 lhthynia
2271 5768 2534 5829 delatum,
2578 5778 2631 5822 et
2670 5771 2838 5821 cernti
2897 5771 3127 5823 miscere
3178 5777 3231 5823 et
3283 5785 3548 5839 superpo-

1971 5874 2097 5913 uet‘c
2126 5860 2322 5925 oculis,
2359 5860 2615 5914 sanitatis
2652 5858 3009 5913 fabricatores
3044 5860 3365 5928 pramipiuut
3402 5875 3545 5913 mar-
