4280 6442
323 427 459 494 351Ἰ

1366 428 1466 486 SS.
1506 426 1678 485 (IYRI
1714 426 1808 484 ΕΤ
1844 423 2166 484 JOANNIS
2190 423 2598 483 .‘sllilACl'LA.

3447 422 3589 489 3618

325 543 550 608 ρήματι.
584 537 715 587 Ὅτε
739 535 795 587 δὲ
816 535 1217 601 τὸιίεὶκοσαετῆ
1237 535 1330 603 τῆ;
1362 537 1505 603 ζωῆς
1534 537 1725 604 χρόνον
1747 535 1913 601 ἐπλὴ-
1948 542 1985 591 Α

1895 562 1913 572 -
1948 542 1985 591 Α
2023 536 2143 585 ι’ἰιιι·
2177 546 2389 599 tempus
2420 533 2715 600 eXplcssr-t.
2747 530 2925 582 tlentm
2957 530 3311 593 moriebatur,
3349 540 3401 585 et
3422 532 3585 587 vitam

326 647 488 699 ριοσε,
541 629 707 683 πάλιν
758 628 1091 696 ἀπέθνησκε,
1152 633 1244 679 καὶ
1298 629 1398 695 τὴν
1450 628 1730 697 παροῦσαν
1764 628 1906 699 ζωὴν

322 719 762 786 κατελίμπανεν,
819 721 930 779 τοῖς
988 715 1239 768 λαϐοῦσιν
1307 718 1557 783 ἀγγέλοις
1605 719 1905 787 ἑπόμενος·

320 813 463 866 ἀλλὰ
496 814 657 866 πάλιν
683 813 1026 881 συναντήσας
1076 814 1187 873 τοῖς
1230 811 1519 880 μάρτυσιν.
1564 813 1726 864 πάλιν
1754 812 1826 873 ὡς
1850 814 1912 865 τὸ

321 906 593 974 πρότερον
626 904 915 966 ἀπελύετο,
981 904 1172 973 χρόνον
1223 903 1370 971 ζωῆς
1410 905 1721 972 εὐτυχήσας
1757 905 1911 975 ἀορι-

324 1012 471 1047 στον.
509 997 605 1057 Ὃς
640 995 893 1063 δεύτερον
919 994 1177 1056 τεθνεὼς,
1216 996 1309 1047 καὶ
1358 994 1549 1062 φυγὼν
1584 998 1646 1047 ἐκ
1676 995 1911 1048 θανάτου

318 1089 378 1138 τι
413 1086 689 1157 δεύτερον,
722 1089 817 1155 τῆς
868 1086 977 1138 τῶν
1031 1087 1204 1152 ἁγίων
1262 1086 1397 1155 πρὸς
1432 1087 1564 1137 Θεὸν
1599 1087 1911 1157 παρρησίας

319 1179 553 1247 ἔστηκεν
616 1178 856 1245 ἔλεγχος,
913 1178 1005 1230 καὶ
1060 1178 1227 1247 ετκὼν
1258 1180 1356 1247 τῆς
1396 1180 1577 1231 αὐτῶν
1609 1180 1790 1247 ἰσχύος
1820 1178 1915 1231 καὶ

320 1269 546 1338 χάριτος
572 1286 584 1297 ·
629 1272 794 1339 ἡμεῖς
842 1268 897 1319 δὲ
948 1270 1038 1320 τὸν
1066 1243 1441 1338 πξεσεύτερον
1475 1269 1662 1322 τοῦτον
1700 1272 1789 1322 τον
1824 1271 1915 1321 θε-

322 1361 548 1412 σπέσιον
570 1362 710 1430 ὑπὲρ
745 1362 904 1429 ἡμῶν
940 1361 1267 1427 πρεσϐεύειν
1296 1364 1419 1423 τοὺς
1440 1363 1629 1428 ἁγίους
1662 1364 1916 1430 αἰτήσαν-

318 1470 431 1515 τες,
469 1455 562 1505 καὶ
597 1454 910 1520 προστάτας
943 1456 1121 1505 ποιεῖν
1149 1457 1245 1505 καὶ
1266 1453 1425 1522 ἡμῶν
1453 1453 1810 1517 ἀξιώσαντες,
1832 1455 1913 1518 ἐτ’

320 1545 510 1610 ἐτέρου
540 1543 851 1612 βαδίσωμεν
880 1544 1136 1613 διήγησιν
1163 1543 1467 1611 θαύματος.

322 1635 448 1687 ΝΒἏ
480 1636 619 1702 Περὶ
658 1636 937 1701 Ζωσίμου
968 1637 1074 1687 τοῦ
1109 1635 1436 1700 ἀρχιὴτρου
1483 1635 1737 1703 ἔχοντος
1763 1636 1914 1701 πάρ-

1044 1722 1200 1757 £C'll'.

395 1791 566 1846 Ἰίλθέ
603 1812 732 1846 ποτε
761 1795 854 1846 καὶ
882 1796 1178 1858 Βυζάντιος
1231 1795 1481 1863 Ζὼσιμος
1513 1796 1775 1863 τοῦνομα,
1815 1797 1916 1862 ἁρ-

2011 633 2331 688 pra'sentem
2369 622 2676 680 deserebat,
2730 621 2953 687 angi-los
2992 636 3049 673 se
3082 620 3339 673 tollentes
3367 630 3590 676 secutus

2011 710 2104 765 sed
2167 711 2360 762 iterum
2408 725 2704 764 oceurrcns
2763 711 3119 778 martyribus.
3184 709 3381 762 iterum
3445 710 3591 763 sicut

2014 802 2166 870 prius
2194 801 2603 865 absolvebatnr,
2639 810 2853 866 tempus
2884 801 3001 852 vitae
3029 800 3304 853 infinitum
3338 801 3589 869 adeptus.

2013 892 2115 957 Qui
2173 894 2415 945 secumlo
2466 890 2781 945 delum-tus.
2817 897 2870 940 et
2905 905 2931 939 a
2966 892 3142 943 morte
3183 890 3429 945 secundo
3474 893 3591 944 ela-

2018 1000 2171 1051 psus,
2225 992 2542 1035 sanctorum
2585 983 2725 1048 apud
2777 980 2944 1032 Deum
3003 982 3198 1036 habitae
3248 983 3594 1038 conﬁdentia:

2017 1077 2266 1127 constitit
2297 1076 2479 1127 iudex.
2521 1084 2569 1125 et
2602 1075 2780 1139 imago
2812 1072 3036 1125 virtutis
3063 1090 3252 1127 eorum
3289 1084 3341 1127 et
3377 1077 3590 1144 gratiae.

2021 1166 2128 1218 Nos
2166 1177 2347 1217 autem
2400 1165 2781 1233 presbyterum
2829 1163 2994 1216 istum
3050 1166 3330 1232 egregium
3365 1181 3463 1233 pro
3498 1181 3595 1217 no-

2020 1254 2101 1307 bis
2145 1253 2486 1308 intercedere
2535 1255 2672 1320 apud
2727 1266 2945 1307 sanctos
3006 1263 3274 1323 petentes,
3311 1265 3363 1308 ct
3406 1264 3593 1324 patro-

2017 1360 2117 1398 nos
2149 1347 2313 1398 etiam
2361 1358 2603 1399 nostrum
2654 1346 2832 1398 facere
2863 1350 3224 1411 postufautcs,
3270 1348 3337 1401 ad
3367 1350 3595 1403 alterius

2017 1435 2334 1505 gradiantur
2364 1436 2736 1487 narrationem
2772 1436 3044 1488 miraculi.

2093 1619 2199 1674 Lll.
2245 1620 2319 1674 De
2358 1619 2574 1673 Zosimo
2608 1620 2878 1671 arcltiatro
2915 1621 3190 1690 paralysin
3216 1624 3523 1679 sustinente.

2094 1799 2250 1851 Venit
2304 1798 2596 1865 aliquando
2624 1808 2678 1852 et
2702 1798 3035 1869 Byzantinus
3064 1800 3319 1857 Zosimns
3350 1806 3591 1868 nomine,

320 1887 545 1956 χιητρδς
572 1887 630 1937 τὸ
680 1887 1056 1955 ἐπιτήδευμα,
1099 1889 1187 1939 καὶ
1218 1887 1278 1939 τὸ
1330 1887 1500 1948 πάθος
1558 1887 1867 1955 παραλυτος
1899 1903 1910 1915 ·
1950 1892 1987 1945 Β

1904 1903 1910 1915 '
1950 1892 1987 1945 Β
2018 1893 2199 1945 studio
2234 1908 2359 1943 vero
2410 1893 2656 1945 medii-ns
2706 1909 2976 1957 summus,
3025 1906 3077 1947 et
3110 1897 3440 1966 paralyticus
3469 1913 3594 1966 pas-

319 1982 414 2030 καὶ
443 1979 608 2032 πόθεν
643 1980 742 2047 μὲν
782 1980 929 2046 αὶτῷ
966 1981 1025 2030 τι
1084 1980 1255 2041 πάθος
1283 1979 1565 2049 γεγένητο,
1602 1981 1782 2047 λέγειν
1810 1981 1908 2031 οὐκ

319 2072 538 2140 ἔχομεν,
576 2072 716 2140 πλὴν
753 2074 833 2124 ὅτι
863 2073 1101 2141 πάρετος
1139 2067 1228 2141 ἦν,
1281 2074 1375 2123 καὶ
1411 2073 1476 2124 τά
1503 2072 1600 2137 τῆς
1626 2071 1908 2141 παρέσεως

320 2164 482 2233 ἔφερε
509 2165 824 2233 σήμαντρα,
855 2164 916 2215 οὐ
939 2163 1093 2232 μέλει
1124 2166 1203 2216 ἐνὶ
1231 2163 1629 2233 βαστάζωντὴν
1654 2164 1906 2233 πάρεσιν,

317 2254 436 2306 ἀλλ’
490 2255 633 2317 ὅλοις
665 2256 759 2306 καὶ
810 2254 886 2324 τῷ
930 2256 1105 2308 ταῦτα
1145 2258 1427 2325 συνέχουσι
1465 2256 1698 2325 σώματι.
1734 2251 1903 2317 Οὗτος

317 2346 443 2400 οὔτε
503 2347 657 2399 δυσὶν
711 2348 937 2417 ἠρκεῖτο
999 2347 1391 2417 βαστάζεσθαι,
1449 2349 1586 2401 ἀλλὰ
1645 2350 1908 2400 πλειονων

318 2437 502 2489 ἐδέετο
522 2455 533 2466 ·
560 2436 689 2489 οὔτε
741 2441 797 2490 ἐν
844 2438 1001 2511 κλίνῃ
1030 2440 1337 2506 τιθέμενος,
1369 2440 1500 2500 ὅλως
1530 2441 1722 2492 ἑαυτὸν
1751 2440 1909 2505 στρέ-

320 2545 443 2595 φειν
474 2528 725 2597 ἠδύνατο,
772 2530 887 2582 ἀλλ’
919 2531 1110 2598 ἐτέρου
1156 2530 1250 2583 τοῦ
1288 2532 1609 2600 στρέφοντος
1656 2532 1905 2600 ἔχρῃζεν.

317 2619 441 2671 οὔτε
481 2621 790 2688 βρωμάτιον
822 2622 1133 2690 ἁπτόμενος
1183 2624 1412 2686 οἰκείαις
1452 2624 1613 2694 χερσὶ
1642 2624 1908 2692 μετελάμο

318 2714 508 2773 θάνεν,
534 2712 649 2764 ἀλλ’
680 2712 837 2773 ἄλλος
863 2713 1027 2764 αὑτὸν
1071 2715 1483 2783 παριστάμενος
1528 2713 1777 2785 ἔτρεφεν.
1814 2716 1911 2767 καὶ

317 2806 395 2865 ὡς
422 2806 523 2857 οὐκ
548 2800 615 2872 ἦν
644 2804 828 2874 ἰατρὸς
865 2804 1231 2874 ἀπηλέγχετο.
1276 2806 1370 2857 καὶ
1397 2806 1491 2875 τὴν
1522 2808 1716 2875 τέχνην
1749 2806 1912 2858 ἀσθε·

317 2896 519 2948 νοῦσαν
569 2895 831 2957 ἐδείκνυε,
864 2896 958 2949 καὶ
1003 2895 1182 2957 ἄλλοις
1212 2896 1684 2966 ἐπαγγελλόμενος
1742 2898 1906 2955 ἴασιν,

317 2986 503 3054 ἑαυτῷ
560 2985 775 3055 βοηθεῖν
817 2984 918 3038 οὐκ
957 2985 1210 3055 ἠδύνατο,
1243 2984 1358 3038 ἀλλ’
1394 2986 1472 3048 εἰς
1493 2987 1707 3055 ἄμυναν
1724 2983 1909 3037 ἐκάλει

315 3083 446 3141 τοὺς
480 3079 789 3149 μάρτυρας.

402 3170 607 3224 Ἐλθὼν
643 3165 735 3221 οὗν
765 3168 900 3237 πρὸς
926 3168 1051 3231 τοὺς
1097 3168 1266 3230 ὅντως
1304 3167 1525 3237 ἰατροὺς
1554 3166 1647 3219 καὶ
1678 3167 1704 3218 ὁ
1735 3164 1907 3219 Ζὼσι-

322 3279 447 3330 μος,
480 3264 574 3313 καὶ
603 3261 964 3331 μαρτυρήσας
1015 3260 1202 3321 αὐτοῖς
1232 3260 1292 3311 τὸ
1326 3259 1532 3323 προσὸν
1560 3259 1905 3322 ἀλεξίκακον,

317 3353 511 3405 τούτου
544 3357 725 3422 τυχεῖν
750 3353 1048 3414 ἐλιτάνευε,
1067 3352 1162 3404 καὶ
1191 3352 1486 3404 λιτανεύων
1520 3352 1747 3420 ἐπέτυχε
1770 3390 1782 3412 ,
1818 3352 1911 3402 καί

316 3441 499 3511 τυχὼν
519 3443 767 3511 ἀπήλαυε
803 3439 1044 3511 ῥώσεως.
1064 3441 1225 3510 Τρεῖς
1247 3442 1357 3508 γὰρ
1385 3442 1549 3509 μόνας
1569 3442 1784 3510 ἡμέρας
1798 3444 1911 3502 τοῖς

319 3534 501 3600 ἁγίοις
533 3533 853 3601 εὐξάμενος,
887 3535 964 3594 είς
998 3532 1223 3600 λουτρὸν
1278 3532 1455 3583 ἐλθεῖν
1487 3535 1908 3600 προσετάττετο,

319 3627 417 3678 καὶ
450 3625 675 3692 θερμοῖς
726 3624 785 3676 τὸ
828 3623 991 3692 σῶμα
1039 3621 1338 3674 λούσασθαι
1384 3622 1657 3693 νάμασιν·
1705 3625 1793 3678 καὶ
1846 3625 1909 3692 δὴ

321 3713 573 3775 πεισθεὶς
589 3716 704 3775 τοῖς
728 3711 1072 3772 κελεύσασιν,
1102 3712 1150 3764 οἱ
1180 3711 1445 3764 θειότατοι
1480 3714 1589 3781 γὰρ
1616 3714 1910 3783 ἐτύγχανον

324 3807 629 3875 μάρτυρες,
664 3806 743 3867 εἰς
776 3804 837 3856 τὸ
871 3804 1097 3871 λουτρὸν
1128 3804 1515 3874 παραγίνεται,
1550 3806 1645 3857 καὶ
1672 3806 1778 3857 τῶν
1812 3808 1911 3875 ἐμ-

322 3896 517 3965 πύρων
550 3895 733 3964 ἀέρων
764 3894 912 3946 ἔνδον
948 3894 1247 3963 γενόμενος
1264 3895 1357 3947 ἐπὶ
1394 3896 1641 3955 στιϐάδος
1678 3900 1780 3950 ὑπὸ
1802 3902 1911 3951 τῶν

318 3988 591 4057 αξρὸντων
624 3988 851 4041 ἐτίθετο.
878 3986 1203 4048 Τεθεικὸτες
1253 3986 1308 4038 δὲ
1343 3988 1435 4039 τὸν
1472 3989 1719 4058 Ζώσιμον
1748 3992 1794 4041 oi
1822 3990 1913 4059 βα-

322 4080 638 4143 στάζοντες,
701 4079 992 4149 οἰκονομίᾳ
1046 4078 1184 4131 Θεοῦ
1219 4079 1326 4131 τῶν
1375 4079 1639 4148 ἐμπύρων
1673 4080 1910 4145 ἐξίεσαν,

318 4176 421 4240 τῆς
457 4172 637 4234 ἐξόδου
673 4171 773 4243 τὴν
802 4170 1058 4242 ἀφορμὴν
1081 4170 1191 4225 τῶν
1221 4169 1499 4241 χρειωδὼν
1526 4173 1625 4241 τὴν
1654 4176 1913 4244 εἰσφοράν

320 4264 699 4335 ποιησόμενοι.

394 4448 618 4500 Τούτων
646 4448 702 4500 δὲ
734 4447 1123 4517 ποιησαμένων
1154 4445 1251 4516 τὴν
1288 4445 1487 4510 ἔξοδον.
1516 4446 1696 4517 Κῦρος
1725 4448 1753 4500 ὁ
1778 4447 1914 4517 μάρ-

2014 1984 2189 2035 sione.
2228 1982 2286 2034 Et
2320 1982 2462 2037 unde
2492 1984 2565 2035 illi
2599 1985 2783 2050 passio
2818 1984 2957 2037 facta
2998 1998 3104 2044 est.
3137 1987 3321 2042 dicere
3355 2004 3463 2042 non
3493 1991 3593 2043 ba-

2015 2072 2226 2133 bemus,
2298 2081 2497 2139 praeter
2546 2072 2689 2141 quod
2741 2072 3050 2129 dissolutus
3096 2086 3233 2139 erat,
3275 2088 3328 2132 et
3380 2083 3594 2150 paraly-

2013 2179 2137 2218 seos
2202 2164 2409 2217 l‘erebat
2453 2164 2691 2233 insignia
2745 2183 2851 2220 non
2916 2185 3024 2222 uno
3063 2172 3309 2223 membro
3366 2182 3591 2239 portans

2014 2254 2185 2320 ipsam
2216 2254 2640 2309 dissolutionem
2675 2258 2767 2311 sed
2822 2260 3103 2323 omnibus,
3136 2269 3190 2311 et
3220 2263 3339 2327 ipso
3370 2280 3592 2334 quoque

2012 2359 2242 2411 corpore
2274 2346 2416 2413 quod
2471 2350 2711 2399 meinbra
2758 2352 3005 2402 continet
3034 2353 3237 2405 onmia.
3270 2353 3369 2406 llic
3410 2371 3589 2424 neque}

2012 2435 2228 2491 duobus
2262 2447 2559 2491 contentus
2608 2448 2725 2491 erat
2756 2440 2821 2492 ad
2854 2442 3275 2509 deportandum,
3305 2445 3398 2498 sed
3418 2446 3593 2514 pluri-

2014 2529 2115 2582 mis
2142 2544 2279 2596 opus
2307 2529 2570 2593 habebat;
2605 2547 2782 2601 neque
2808 2534 2859 2585 iu
2893 2535 3032 2589 b-cto
3054 2535 3244 2601 jacens
3281 2542 3507 2592 omnino
3531 2556 3592 2595 se

2014 2620 2190 2688 ipsum
2232 2632 2445 2675 vertere
2490 2634 2723 2690 poterat.
2763 2626 2857 2678 sed
2907 2625 3157 2689 alterius,
3190 2630 3281 2695 qui
3322 2645 3383 2684 se
3414 2640 3590 2686 verte-

2012 2722 2115 2778 ret,
2148 2714 2459 2783 indigebat;
2499 2732 2675 2779 neque
2721 2718 2877 2771 cibos
2923 2720 3162 2786 propriis
3202 2730 3380 2774 tactos
3409 2724 3589 2777 maui—

2020 2804 2120 2859 bus
2180 2805 2541 2875 percipiebat,
2577 2806 2671 2860 sed
2713 2808 2856 2862 alius
2887 2818 3077 2864 astans
3114 2827 3241 2865 eum
3286 2813 3466 2867 alebat
3490 2855 3505 2877 ,
3537 2824 3593 2868 et

2011 2900 2164 2963 quasi
2193 2899 2438 2953 medicus
2462 2915 2569 2952 non
2594 2909 2762 2964 esset,
2785 2902 3258 2969 convincebatur;
3283 2906 3446 2974 etqui
3467 2908 3592 2971 aliis

2012 2990 2431 3057 repromittebat
2455 2991 2772 3055 sanitatem,
2800 2993 2904 3046 sibi
2931 2995 3185 3047 auxiliari
3212 3010 3321 3049 non
3352 3006 3590 3064 poterat,

2012 3080 2104 3134 sed
2138 3080 2205 3133 ad
2231 3081 2547 3149 praesidium
2582 3090 2852 3152 martyres
2887 3084 3197 3139 invocabat.

2084 3171 2217 3224 Cum
2263 3187 2394 3241 ergo
2424 3181 2479 3224 et
2503 3170 2759 3227 Zosimus
2792 3172 2858 3226 ad
2900 3188 2996 3228 eos
3028 3176 3122 3243 qui
3164 3190 3351 3229 revera
3388 3178 3589 3231 medici

2013 3270 2142 3315 sunt
2181 3262 2443 3325 venisset,
2484 3271 2538 3316 et
2589 3263 2965 3316 testimonium
3007 3266 3119 3318 illis
3169 3266 3395 3319 remedii
3442 3268 3591 3335 quod

2011 3350 2078 3402 ab
2112 3351 2245 3418 ipsis
2286 3349 2524 3404 dabatur
2564 3352 2954 3420 perbibuisset,
2986 3354 3087 3407 boe
3136 3355 3365 3423 adipisci
3399 3357 3594 3424 depre-

2010 3442 2276 3504 cabatur;
2335 3450 2389 3495 et
2442 3444 2793 3511 deprecatus,
2842 3454 3175 3500 consecutus
3208 3456 3325 3503 est:
3374 3457 3425 3501 et
3460 3465 3591 3502 cou-

2010 3541 2258 3593 secutus,
2306 3538 2544 3586 sanitate
2587 3534 2792 3601 potitus
2824 3542 2929 3587 est.
2973 3534 3105 3587 Cum
3148 3537 3294 3589 enim
3332 3540 3464 3592 solis
3493 3541 3593 3592 tri-

2010 3620 2113 3675 bus
2159 3623 2354 3675 diebus
2408 3634 2631 3677 sanctos
2691 3633 2927 3682 orasset.
2979 3623 3045 3676 ad
3095 3626 3349 3679 balneum
3405 3629 3595 3683 venire

2012 3713 2349 3783 prwcipitur,
2393 3724 2448 3764 et
2477 3711 2675 3767 calidis
2725 3728 2928 3780 corpus
2977 3715 3161 3768 lavare
3195 3714 3447 3781 ﬂuentis;
3494 3719 3591 3785 qui

2006 3803 2328 3870 jubentibus
2380 3803 2668 3864 obediens,
2704 3802 2876 3855 divini
2915 3803 3061 3856 enim
3113 3814 3381 3875 martyres
3409 3821 3587 3871 erant,

2012 3895 2077 3947 ad
2114 3895 2364 3948 balneum
2407 3896 2578 3953 venit,
2620 3902 2674 3946 et
2728 3894 2870 3946 intra
2924 3892 3288 3948 l‘erveutiorcs
3334 3895 3592 3953 inventus

2013 4000 2189 4046 acres,
2237 3999 2401 4052 supra
2453 3993 2813 4039 stramentum
2861 3984 2929 4036 ab
2978 3983 3062 4036 bis
3095 3983 3186 4051 qui
3233 3984 3377 4037 hunc
3409 3997 3591 4053 gesta-

2014 4085 2203 4128 verant
2233 4076 2473 4144 ponitur.
2507 4074 2754 4143 Cumque
2804 4075 3125 4143 posuissent
3156 4077 3304 4129 illum
3337 4079 3431 4146 qui
3464 4093 3593 4145 por-

2016 4168 2228 4231 tabant,
2264 4168 2671 4236 dispensatione
2723 4165 2813 4220 Dei
2863 4183 2891 4220 a
2928 4168 3062 4221 locis
3098 4168 3205 4222 illis
3239 4167 3587 4223 ferventiori-

2015 4260 2116 4312 bus
2171 4257 2446 4319 exierunt,
2498 4260 2683 4313 exitus
2731 4258 3083 4311 occasionem
3144 4261 3586 4314 necessariorum

2017 4349 2314 4402 illationem
2349 4348 2606 4402 ferentes.

2088 4440 2184 4495 His
2217 4450 2397 4494 autem
2432 4439 2782 4503 exeuntibus,
2815 4437 2993 4509 Cyrus
3036 4438 3127 4493 ille
3159 4451 3368 4510 martyr
3397 4439 3451 4493 in
3481 4456 3590 4492 moc

318 4558 419 4603 τυς
442 4541 501 4592 ἐν
531 4538 767 4609 μοναχοῦ
795 4540 1036 4609 σχήματι
1060 4537 1138 4607 τῷ
1167 4536 1414 4590 νοσοῦντι
1435 4538 1789 4608 παρίσταται,
1809 4538 1909 4590 οὐκ
1940 4552 1986 4609 ι)

1898 4552 1986 4609 ιι)
2016 4534 2173 4589 nacbi
2216 4534 2494 4586 schemate
2544 4539 2687 4585 astat
2732 4542 2957 4601 tegi-oio,
3014 4544 3123 4583 non
3155 4531 3209 4583 in
3240 4531 3473 4595 somnis,
3531 4543 3588 4584 ut

318 4633 456 4701 ὄναρ
492 4630 566 4692 ὡς
597 4634 710 4693 τοῖς
757 4630 970 4683 πλείοσι
1004 4630 1276 4697 φαίνεται,
1309 4629 1426 4682 ἀλλ’
1454 4628 1605 4699 ὕπαρ
1630 4629 1704 4692 ὼς
1751 4624 1819 4698 ἦν
1852 4645 1912 4680 τε

321 4725 421 4777 καὶ
456 4723 731 4793 γράφεται
760 4738 773 4752 ⁸
829 4721 925 4773 καὶ
981 4727 1175 4787 φανεὶς
1208 4722 1508 4790 ἀναστῆναι
1550 4722 1628 4792 τῷ
1670 4722 1913 4775 νοσοῦντι

332 4816 728 4886 προσέταττεν,
770 4815 865 4867 καὶ
894 4814 1120 4882 θερμοῖς
1152 4813 1546 4883 ἐγκυϐιστῆσαι
1595 4817 1704 4875 τοῖς
1736 4816 1913 4882 νάμα-

324 4924 432 4960 σιν.
471 4906 530 4958 Ὀ
556 4906 612 4957 δὲ
649 4906 722 4975 μὴ
757 4904 1065 4975 θαμϐηθεὶς
1096 4903 1233 4973 πρὸς
1262 4906 1360 4975 τὴν
1379 4906 1591 4974 ὅρασιν,
1626 4904 1748 4973 μηδ’
1777 4904 1913 4967 ὅλως

321 5000 405 5060 εἰς
446 4994 572 5048 νοῦν
600 4993 925 5064 προσλαϐὼν
944 4992 1002 5044 τὸ
1035 4991 1363 5063 παράδοξον,
1401 4993 1562 5046 τοῦτο
1590 4992 1912 5061 τετευχότας

322 5088 420 5141 τοῦ
459 5088 740 5157 μάρτυρος
764 5085 841 5147 ὡς
868 5084 935 5136 ἂν
963 5084 1038 5152 μὴ
1073 5084 1222 5153 φόεῳ
1253 5084 1417 5137 πάθοι
1438 5102 1488 5137 τι
1509 5085 1606 5153 τὴν
1643 5084 1906 5149 διάνοιαν,

324 5180 403 5248 μὴ
431 5175 697 5229 δύνασθαι
754 5174 893 5245 πρὸς
944 5174 1106 5226 αὑτὸν
1159 5175 1513 5247 ἀπεκρίνατο.
1554 5176 1714 5228 Ἀλλὰ
1749 5177 1910 5229 πάλιν

317 5268 482 5322 τοῦτο
522 5269 695 5319 ποιεῖν
741 5265 837 5317 τοῦ
873 5266 1136 5332 φανέντος
1176 5268 1576 5343 προτρέποντος
1611 5270 1908 5337 μάρτυρος,

319 5358 593 5413 καὶκατὰ
632 5356 808 5427 βραχὺ
870 5358 1313 5423 καταλαμϐάνειν
1372 5360 1469 5428 τὴν
1523 5360 1776 5429 ἔμϐασιν,
1821 5362 1912 5414 καὶ

319 5452 577 5504 κατιέναι
637 5448 995 5517 λουσάμενον,
1044 5448 1182 5518 πρὸς
1234 5449 1295 5501 τὸ
1318 5449 1608 5502 κελευσθὲν
1639 5450 1910 5516 ἐϐιάζετο,

319 5541 559 5610 δύναμιν
617 5538 767 5609 αύτῷ
820 5540 913 5599 τοῦ
976 5538 1264 5601 λαλοῦντος
1321 5539 1761 5607 ἐμπνεύσαντος’
1818 5542 1912 5594 καὶ

320 5635 487 5705 χερσὶ
515 5631 612 5686 καὶ⁸
644 5632 771 5684 ποσὶ
815 5628 1253 5700 κυλινδούμενος,
1305 5630 1717 5701 καταλαμϐάνει
1758 5632 1912 5701 μόλις

320 5726 425 5795 τὴν
452 5721 711 5794 ἔμϐασιν,
746 5722 926 5791 εφεως
950 5720 1108 5791 δίκην
1132 5722 1453 5791 συρόμενος,
1492 5724 1586 5775 καὶ
1614 5724 1688 5785 ὼς
1724 5727 1909 5793 ἴσχυσε

320 5815 607 5872 κατελθὼν
625 5817 705 5877 εἰς
722 5815 789 5867 τά
816 5815 1059 5885 νάματα,
1090 5815 1414 5885 ἀνελήλυθεν
1436 5814 1509 5876 ὡς
1534 5816 1632 5868 οὐκ
1661 5814 1907 5881 ῆλπισεν·

2018 4626 2206 4679 multis
2250 4632 2497 4693 apparet,
2536 4622 2629 4677 sed
2666 4624 2718 4675 in
2766 4624 3017 4687 veritate,
3055 4624 3200 4677 sicut
3229 4632 3350 4678 erat
3377 4632 3433 4678 et
3468 4624 3590 4693 pin-

2016 4721 2199 4789 gitur;
2261 4730 2311 4771 et
2343 4731 2636 4784 apparens,
2690 4730 2916 4783 surgere
2966 4715 3247 4784 languenti
3300 4716 3593 4785 praecipie-

2017 4812 2130 4875 bat,
2156 4818 2209 4863 et
2242 4810 2296 4862 in
2331 4809 2510 4861 calida
2558 4808 2731 4876 mergi
2787 4807 3009 4861 ﬂuenta.
3059 4810 3128 4859 At
3171 4808 3263 4862 ille
3305 4808 3379 4861 nil
3411 4808 3478 4862 ad
3510 4807 3590 4861 vi-

2015 4904 2223 4957 sionem
2257 4904 2621 4970 stupel‘actus,
2668 4914 2767 4953 nec
2798 4900 3025 4952 omnino
3072 4900 3126 4953 in
3158 4906 3393 4954 mentem
3431 4913 3587 4953 assu-

2015 5007 2168 5046 mens
2211 4992 2627 5045 admirationem
2671 4991 2818 5043 illam
2872 5005 3035 5057 quam
3070 4996 3204 5044 tunc
3237 4998 3446 5060 martyr
3496 5004 3593 5060 pa-

2015 5088 2374 5144 traverat,ue
2393 5080 2522 5149 quid
2567 5081 2763 5135 timore
2815 5088 3094 5150 pateretur
3124 5080 3176 5133 in
3207 5088 3430 5146 mente;
3478 5096 3590 5136 non

2016 5188 2176 5242 posse
2204 5187 2262 5226 se
2289 5171 2355 5225 ad
2387 5186 2512 5225 eum
2557 5172 2864 5241 respondit.
2902 5170 3009 5225 Sed
3044 5170 3245 5226 iterum
3282 5188 3407 5224 cum
3442 5186 3590 5224 mar-

2017 5276 2101 5336 tyr
2142 5266 2232 5333 qui
2282 5273 2634 5333 apparuerat,
2677 5265 2780 5317 hoc
2830 5264 3010 5317 facere
3054 5274 3108 5318 et
3138 5264 3204 5316 ad
3236 5263 3436 5317 solium
3464 5279 3594 5331 pau-

2016 5358 2167 5409 latim
2205 5357 2414 5418 venire,
2469 5370 2531 5410 ac
2565 5355 2901 5410 descendere
2948 5356 3254 5408 lavaturum
3301 5356 3592 5424 pra'ttepis-

2015 5457 2119 5511 set,
2157 5448 2221 5501 ad
2255 5447 2305 5501 id
2342 5449 2440 5500 niti
2468 5448 2613 5517 quod
2661 5447 2877 5516 jussum
2926 5446 3102 5500 fuerat
3149 5446 3441 5515 languidus
3495 5461 3589 5499 eo-

2012 5542 2263 5609 gebatnr,
2298 5539 2401 5593 sibi
2434 5554 2499 5592 eo
2545 5538 2637 5607 qui
2694 5539 3021 5605 loquebatur
3074 5539 3375 5606 inspirante
3421 5538 3592 5590 virtu-

2016 5640 2147 5691 tem.
2206 5630 2571 5699 manibusque
2611 5646 2675 5684 ac
2725 5630 2954 5700 pedibus
3014 5632 3335 5700 provolutus
3381 5630 3469 5683 vix
3524 5629 3592 5683 ml

2015 5724 2213 5778 solium
2260 5725 2529 5790 pervenit,
2586 5724 2759 5778 instar
2810 5724 3023 5778 colubri
3069 5734 3302 5789 tractus,
3352 5733 3404 5776 et
3445 5723 3592 5778 sicut

2016 5816 2187 5869 vaiuit
2229 5816 2282 5870 in
2330 5813 2531 5870 llucnta
2582 5816 2942 5883 descendens,
2994 5816 3140 5874 sicut
3186 5833 3292 5871 non
3350 5814 3591 5885 speravit
