  <div class='ocr_page' id='page_1' title='image "/cluster/home/n/w/nwhite01/storage/ocr_20150623/87 tp.3/nnc1.0046980288/426.png"; bbox 0 0 4280 6442; ppageno 0'>
   <div class='ocr_carea' id='block_1_1' title="bbox 309 388 443 453">
    <p class='ocr_par' dir='ltr' id='par_1_1' title="bbox 309 388 443 453">
     <span class='ocr_line' id='line_1_1' title="bbox 309 388 443 453; baseline -0.015 0"><span class='ocrx_word' id='word_1_1' title='bbox 309 388 443 453; x_wconf 73' lang='lat'><strong>3821</strong></span> 
     </span>
    </p>
   </div>
   <div class='ocr_carea' id='block_1_2' title="bbox 1312 394 2549 455">
    <p class='ocr_par' dir='ltr' id='par_1_2' title="bbox 1312 394 2549 455">
     <span class='ocr_line' id='line_1_2' title="bbox 1312 394 2549 455; baseline 0.003 -6"><span class='ocrx_word' id='word_1_2' title='bbox 1312 394 1416 453; x_wconf 76' lang='lat' dir='ltr'><strong>SS.</strong></span> <span class='ocrx_word' id='word_1_3' title='bbox 1446 394 1619 451; x_wconf 71' lang='lat' dir='ltr'><strong>Ci’Hl</strong></span> <span class='ocrx_word' id='word_1_4' title='bbox 1654 394 1748 451; x_wconf 90' lang='lat' dir='ltr'>ET</span> <span class='ocrx_word' id='word_1_5' title='bbox 1789 394 2109 455; x_wconf 78' lang='lat' dir='ltr'><strong>JOANNIS</strong></span> <span class='ocrx_word' id='word_1_6' title='bbox 2138 396 2549 455; x_wconf 76' lang='lat' dir='ltr'><strong>MIRACULA.</strong></span> 
     </span>
    </p>
   </div>
   <div class='ocr_carea' id='block_1_3' title="bbox 3425 403 3567 469">
    <p class='ocr_par' dir='ltr' id='par_1_3' title="bbox 3425 403 3567 469">
     <span class='ocr_line' id='line_1_3' title="bbox 3425 403 3567 469; baseline 0.028 -4"><span class='ocrx_word' id='word_1_7' title='bbox 3425 403 3567 469; x_wconf 63' lang='lat'><strong>3622</strong></span> 
     </span>
    </p>
   </div>
   <div class='ocr_carea' id='block_1_4' title="bbox 305 504 1995 582">
    <p class='ocr_par' dir='ltr' id='par_1_4' title="bbox 305 504 1964 576">
     <span class='ocr_line' id='line_1_4' title="bbox 305 504 1964 576; baseline 0.001 -21"><span class='ocrx_word' id='word_1_8' title='bbox 305 521 406 571; x_wconf 86' lang='grc' dir='ltr'><strong>νην</strong></span> <span class='ocrx_word' id='word_1_9' title='bbox 432 507 489 556; x_wconf 82' lang='grc' dir='ltr'>ὲν</span> <span class='ocrx_word' id='word_1_10' title='bbox 527 504 735 560; x_wconf 77' lang='grc' dir='ltr'>ὕδασιν.</span> <span class='ocrx_word' id='word_1_11' title='bbox 776 508 1099 576; x_wconf 83' lang='grc' dir='ltr'>Ἐλκόμενος</span> <span class='ocrx_word' id='word_1_12' title='bbox 1130 507 1227 575; x_wconf 70' lang='grc' dir='ltr'>μὲν</span> <span class='ocrx_word' id='word_1_13' title='bbox 1250 508 1359 574; x_wconf 76' lang='grc' dir='ltr'>γὰρ</span> <span class='ocrx_word' id='word_1_14' title='bbox 1381 505 1657 575; x_wconf 82' lang='grc' dir='ltr'>Θεόδωρος</span> <span class='ocrx_word' id='word_1_15' title='bbox 1688 508 1891 557; x_wconf 69' lang='grc' dir='ltr'>ὲπεκας</span> <span class='ocrx_word' id='word_1_16' title='bbox 1924 517 1964 566; x_wconf 76' lang='grc' dir='ltr'><strong>Α</strong></span> 
     </span>
    </p>
   </div>
   <div class='ocr_carea' id='block_1_5' title="bbox 1875 504 3565 582">
    <p class='ocr_par' dir='ltr' id='par_1_5' title="bbox 1875 506 3565 582">
     <span class='ocr_line' id='line_1_5' title="bbox 1875 506 3565 582; baseline 0.008 -25"><span class='ocrx_word' id='word_1_17' title='bbox 1875 536 1891 547; x_wconf 90' lang='grc'><strong>-</strong></span> <span class='ocrx_word' id='word_1_18' title='bbox 1924 517 1964 566; x_wconf 77' lang='grc' dir='ltr'><strong>Α</strong></span> <span class='ocrx_word' id='word_1_19' title='bbox 1998 516 2108 570; x_wconf 87' lang='lat' dir='ltr'><strong>tttr,</strong></span> <span class='ocrx_word' id='word_1_20' title='bbox 2143 508 2286 577; x_wconf 86' lang='lat' dir='ltr'><strong>Cyro</strong></span> <span class='ocrx_word' id='word_1_21' title='bbox 2322 508 2374 559; x_wconf 92' lang='lat' dir='ltr'><strong>in</strong></span> <span class='ocrx_word' id='word_1_22' title='bbox 2428 507 2587 576; x_wconf 83' lang='lat' dir='ltr'><strong>aquis</strong></span> <span class='ocrx_word' id='word_1_23' title='bbox 2644 506 2895 575; x_wconf 86' lang='lat' dir='ltr'><strong>adjutore</strong></span> <span class='ocrx_word' id='word_1_24' title='bbox 2951 507 3269 578; x_wconf 81' lang='lat' dir='ltr'><strong>Joanneqtte</strong></span> <span class='ocrx_word' id='word_1_25' title='bbox 3325 527 3565 582; x_wconf 87' lang='lat' dir='ltr'><strong>reperto.</strong></span> 
     </span>
    </p>
   </div>
   <div class='ocr_carea' id='block_1_6' title="bbox 304 592 1887 667">
    <p class='ocr_par' dir='ltr' id='par_1_6' title="bbox 304 592 1887 667">
     <span class='ocr_line' id='line_1_6' title="bbox 304 592 1887 667; baseline 0.002 -22"><span class='ocrx_word' id='word_1_26' title='bbox 304 592 449 646; x_wconf 77' lang='grc' dir='ltr'>λείτο</span> <span class='ocrx_word' id='word_1_27' title='bbox 479 597 569 647; x_wconf 79' lang='grc' dir='ltr'><strong>τὸν</strong></span> <span class='ocrx_word' id='word_1_28' title='bbox 613 598 868 667; x_wconf 80' lang='grc' dir='ltr'>μάρτυρα</span> <span class='ocrx_word' id='word_1_29' title='bbox 892 617 905 628; x_wconf 80' lang='grc'><em>’</em></span> <span class='ocrx_word' id='word_1_30' title='bbox 927 598 1033 650; x_wconf 77' lang='grc' dir='ltr'>ὑπὸ</span> <span class='ocrx_word' id='word_1_31' title='bbox 1058 598 1285 666; x_wconf 80' lang='grc' dir='ltr'><strong>ψάμμον</strong></span> <span class='ocrx_word' id='word_1_32' title='bbox 1315 598 1372 649; x_wconf 75' lang='grc' dir='ltr'>δὲ</span> <span class='ocrx_word' id='word_1_33' title='bbox 1399 597 1675 664; x_wconf 83' lang='grc' dir='ltr'>κείμενος,</span> <span class='ocrx_word' id='word_1_34' title='bbox 1708 597 1887 664; x_wconf 83' lang='grc' dir='ltr'>Κῦρον</span> 
     </span>
    </p>
   </div>
   <div class='ocr_carea' id='block_1_7' title="bbox 304 683 1888 756">
    <p class='ocr_par' dir='ltr' id='par_1_7' title="bbox 304 683 1888 756">
     <span class='ocr_line' id='line_1_7' title="bbox 304 683 1888 756; baseline 0.002 -22"><span class='ocrx_word' id='word_1_35' title='bbox 304 686 362 734; x_wconf 81' lang='grc' dir='ltr'>ὲν</span> <span class='ocrx_word' id='word_1_36' title='bbox 394 684 469 752; x_wconf 77' lang='grc' dir='ltr'><strong>νῷ</strong></span> <span class='ocrx_word' id='word_1_37' title='bbox 500 689 596 738; x_wconf 74' lang='grc' dir='ltr'><strong>καὶ</strong></span> <span class='ocrx_word' id='word_1_38' title='bbox 638 687 894 756; x_wconf 81' lang='grc' dir='ltr'>Ἰωάννην</span> <span class='ocrx_word' id='word_1_39' title='bbox 948 687 1219 749; x_wconf 79' lang='grc' dir='ltr'>ἐλάμϐανε</span> <span class='ocrx_word' id='word_1_40' title='bbox 1242 703 1255 716; x_wconf 81' lang='grc'><strong>’</strong></span> <span class='ocrx_word' id='word_1_41' title='bbox 1314 685 1409 738; x_wconf 59' lang='grc' dir='ltr'><strong>καὶ⁸</strong></span> <span class='ocrx_word' id='word_1_42' title='bbox 1438 687 1511 750; x_wconf 87' lang='grc' dir='ltr'>ὡς</span> <span class='ocrx_word' id='word_1_43' title='bbox 1548 686 1776 755; x_wconf 77' lang='grc' dir='ltr'><strong>πλησίον</strong></span> <span class='ocrx_word' id='word_1_44' title='bbox 1821 683 1888 756; x_wconf 78' lang='grc' dir='ltr'>ἦν</span> 
     </span>
    </p>
   </div>
   <div class='ocr_carea' id='block_1_8' title="bbox 302 772 1886 846">
    <p class='ocr_par' dir='ltr' id='par_1_8' title="bbox 302 772 1886 846">
     <span class='ocr_line' id='line_1_8' title="bbox 302 772 1886 846; baseline 0.004 -23"><span class='ocrx_word' id='word_1_45' title='bbox 302 772 453 842; x_wconf 83' lang='grc' dir='ltr'>αύτῷ</span> <span class='ocrx_word' id='word_1_46' title='bbox 480 776 912 845; x_wconf 77' lang='grc' dir='ltr'>ἐμνημόνευσεν,</span> <span class='ocrx_word' id='word_1_47' title='bbox 951 778 1042 830; x_wconf 68' lang='grc' dir='ltr'><strong>καὶ</strong></span> <span class='ocrx_word' id='word_1_48' title='bbox 1065 779 1129 829; x_wconf 76' lang='grc' dir='ltr'>ἐκ</span> <span class='ocrx_word' id='word_1_49' title='bbox 1163 776 1256 829; x_wconf 84' lang='grc' dir='ltr'>τοῦ</span> <span class='ocrx_word' id='word_1_50' title='bbox 1281 777 1549 843; x_wconf 79' lang='grc' dir='ltr'><strong>πελάγους</strong></span> <span class='ocrx_word' id='word_1_51' title='bbox 1574 777 1722 844; x_wconf 75' lang='grc' dir='ltr'><strong>αὺτῴ</strong></span> <span class='ocrx_word' id='word_1_52' title='bbox 1762 776 1886 846; x_wconf 86' lang='grc' dir='ltr'>βοη-</span> 
     </span>
    </p>
   </div>
   <div class='ocr_carea' id='block_1_9' title="bbox 302 862 1884 938">
    <p class='ocr_par' dir='ltr' id='par_1_9' title="bbox 302 862 1884 938">
     <span class='ocr_line' id='line_1_9' title="bbox 302 862 1884 938; baseline 0.004 -26"><span class='ocrx_word' id='word_1_53' title='bbox 302 862 414 915; x_wconf 81' lang='grc' dir='ltr'>θεῖν</span> <span class='ocrx_word' id='word_1_54' title='bbox 440 865 738 927; x_wconf 81' lang='grc' dir='ltr'>ὲλιτάνευε,</span> <span class='ocrx_word' id='word_1_55' title='bbox 770 870 862 920; x_wconf 78' lang='grc' dir='ltr'><strong>καὶ</strong></span> <span class='ocrx_word' id='word_1_56' title='bbox 887 868 1216 938; x_wconf 81' lang='grc' dir='ltr'>ῥύεσθαιτοῦ</span> <span class='ocrx_word' id='word_1_57' title='bbox 1251 868 1566 936; x_wconf 77' lang='grc' dir='ltr'><strong>συνέχοντος</strong></span> <span class='ocrx_word' id='word_1_58' title='bbox 1597 866 1884 930; x_wconf 78' lang='grc' dir='ltr'>κλύδωνος,</span> 
     </span>
    </p>
   </div>
   <div class='ocr_carea' id='block_1_10' title="bbox 301 954 1885 1028">
    <p class='ocr_par' dir='ltr' id='par_1_10' title="bbox 301 954 1885 1028">
     <span class='ocr_line' id='line_1_10' title="bbox 301 954 1885 1028; baseline 0.004 -24"><span class='ocrx_word' id='word_1_59' title='bbox 301 954 556 1019; x_wconf 78' lang='grc' dir='ltr'>ὲκϐύθιος</span> <span class='ocrx_word' id='word_1_60' title='bbox 586 957 661 1010; x_wconf 78' lang='grc' dir='ltr'>ὢν</span> <span class='ocrx_word' id='word_1_61' title='bbox 681 976 696 991; x_wconf 74' lang='grc'><strong><em>⁸</em></strong></span> <span class='ocrx_word' id='word_1_62' title='bbox 724 961 818 1012; x_wconf 75' lang='grc' dir='ltr'><strong>καὶ</strong></span> <span class='ocrx_word' id='word_1_63' title='bbox 850 960 978 1012; x_wconf 76' lang='grc' dir='ltr'>ἐϐόα</span> <span class='ocrx_word' id='word_1_64' title='bbox 1012 959 1309 1027; x_wconf 84' lang='grc' dir='ltr'>Θεόδωρος,</span> <span class='ocrx_word' id='word_1_65' title='bbox 1354 960 1446 1011; x_wconf 76' lang='grc' dir='ltr'><strong>καὶ</strong></span> <span class='ocrx_word' id='word_1_66' title='bbox 1472 959 1532 1022; x_wconf 78' lang='grc' dir='ltr'>ἐξ</span> <span class='ocrx_word' id='word_1_67' title='bbox 1565 958 1808 1028; x_wconf 75' lang='grc' dir='ltr'>οὐρανῶν</span> <span class='ocrx_word' id='word_1_68' title='bbox 1836 961 1885 1011; x_wconf 77' lang='lat' dir='ltr'><strong>oi.</strong></span> 
     </span>
    </p>
   </div>
   <div class='ocr_carea' id='block_1_11' title="bbox 304 1048 1885 1120">
    <p class='ocr_par' dir='ltr' id='par_1_11' title="bbox 304 1048 1885 1120">
     <span class='ocr_line' id='line_1_11' title="bbox 304 1048 1885 1120; baseline 0.001 -21"><span class='ocrx_word' id='word_1_69' title='bbox 304 1048 582 1119; x_wconf 86' lang='grc' dir='ltr'>μάρτυρες</span> <span class='ocrx_word' id='word_1_70' title='bbox 607 1052 702 1120; x_wconf 77' lang='grc' dir='ltr'>τῆς</span> <span class='ocrx_word' id='word_1_71' title='bbox 738 1052 975 1120; x_wconf 80' lang='grc' dir='ltr'>δεήσεως</span> <span class='ocrx_word' id='word_1_72' title='bbox 1011 1052 1234 1120; x_wconf 73' lang='grc' dir='ltr'>ἢκουον,</span> <span class='ocrx_word' id='word_1_73' title='bbox 1282 1052 1376 1102; x_wconf 73' lang='grc' dir='ltr'><strong>καὶ</strong></span> <span class='ocrx_word' id='word_1_74' title='bbox 1407 1050 1516 1101; x_wconf 78' lang='grc' dir='ltr'><strong>τῶν</strong></span> <span class='ocrx_word' id='word_1_75' title='bbox 1566 1052 1767 1119; x_wconf 81' lang='grc' dir='ltr'><strong>τριχῶν</strong></span> <span class='ocrx_word' id='word_1_76' title='bbox 1795 1052 1885 1102; x_wconf 77' lang='grc' dir='ltr'>τὸν</span> 
     </span>
    </p>
   </div>
   <div class='ocr_carea' id='block_1_12' title="bbox 300 1138 1884 1210">
    <p class='ocr_par' dir='ltr' id='par_1_12' title="bbox 300 1138 1884 1210">
     <span class='ocr_line' id='line_1_12' title="bbox 300 1138 1884 1210; baseline 0.003 -23"><span class='ocrx_word' id='word_1_77' title='bbox 300 1138 645 1208; x_wconf 79' lang='grc' dir='ltr'>τεθαμμένον</span> <span class='ocrx_word' id='word_1_78' title='bbox 708 1142 1087 1210; x_wconf 82' lang='grc' dir='ltr'>ἁρπάσαντες,</span> <span class='ocrx_word' id='word_1_79' title='bbox 1156 1142 1230 1207; x_wconf 83' lang='grc' dir='ltr'>μὴ</span> <span class='ocrx_word' id='word_1_80' title='bbox 1317 1140 1447 1209; x_wconf 65' lang='grc' dir='ltr'>βοᾷν</span> <span class='ocrx_word' id='word_1_81' title='bbox 1522 1141 1655 1209; x_wconf 74' lang='grc' dir='ltr'>πρὸς</span> <span class='ocrx_word' id='word_1_82' title='bbox 1724 1141 1884 1192; x_wconf 73' lang='grc' dir='ltr'>αὑτὸν</span> 
     </span>
    </p>
   </div>
   <div class='ocr_carea' id='block_1_13' title="bbox 226 1230 1869 1301">
    <p class='ocr_par' dir='ltr' id='par_1_13' title="bbox 226 1230 1869 1301">
     <span class='ocr_line' id='line_1_13' title="bbox 226 1230 1869 1301; baseline 0.001 -20"><span class='ocrx_word' id='word_1_83' title='bbox 226 1270 227 1273; x_wconf 59' lang='grc' dir='ltr'><strong>η</strong></span> <span class='ocrx_word' id='word_1_84' title='bbox 301 1231 736 1298; x_wconf 66' lang='grc' dir='ltr'><strong>ἀπεφθέγγοντο,</strong></span> <span class='ocrx_word' id='word_1_85' title='bbox 765 1234 860 1283; x_wconf 81' lang='grc' dir='ltr'>καὶ</span> <span class='ocrx_word' id='word_1_86' title='bbox 888 1232 1079 1284; x_wconf 83' lang='grc' dir='ltr'>τοῦτον</span> <span class='ocrx_word' id='word_1_87' title='bbox 1126 1234 1224 1298; x_wconf 78' lang='grc' dir='ltr'>τῆς</span> <span class='ocrx_word' id='word_1_88' title='bbox 1265 1233 1440 1301; x_wconf 74' lang='grc' dir='ltr'>ὑγρᾶς</span> <span class='ocrx_word' id='word_1_89' title='bbox 1482 1230 1869 1299; x_wconf 78' lang='grc' dir='ltr'>ἐξενέγκαντες</span> 
     </span>
    </p>
   </div>
   <div class='ocr_carea' id='block_1_14' title="bbox 301 1324 1884 1392">
    <p class='ocr_par' dir='ltr' id='par_1_14' title="bbox 301 1324 1884 1392">
     <span class='ocr_line' id='line_1_14' title="bbox 301 1324 1884 1392; baseline -0.001 -16"><span class='ocrx_word' id='word_1_90' title='bbox 301 1326 394 1376; x_wconf 77' lang='grc' dir='ltr'>ἐπὶ</span> <span class='ocrx_word' id='word_1_91' title='bbox 444 1325 544 1392; x_wconf 74' lang='grc' dir='ltr'>γῆς</span> <span class='ocrx_word' id='word_1_92' title='bbox 577 1324 838 1386; x_wconf 73' lang='grc' dir='ltr'><strong>τιθέασιν,</strong></span> <span class='ocrx_word' id='word_1_93' title='bbox 874 1326 973 1376; x_wconf 74' lang='grc' dir='ltr'><strong>οὐκ</strong></span> <span class='ocrx_word' id='word_1_94' title='bbox 1026 1325 1335 1391; x_wconf 76' lang='grc' dir='ltr'>ἐμπνέοντα</span> <span class='ocrx_word' id='word_1_95' title='bbox 1375 1325 1494 1374; x_wconf 85' lang='grc' dir='ltr'>νέον</span> <span class='ocrx_word' id='word_1_96' title='bbox 1554 1326 1737 1377; x_wconf 77' lang='grc' dir='ltr'>Ίωνᾶν</span> <span class='ocrx_word' id='word_1_97' title='bbox 1778 1325 1884 1376; x_wconf 87' lang='grc' dir='ltr'>δει-</span> 
     </span>
    </p>
   </div>
   <div class='ocr_carea' id='block_1_15' title="bbox 302 1416 1877 1484">
    <p class='ocr_par' dir='ltr' id='par_1_15' title="bbox 302 1416 1877 1484">
     <span class='ocr_line' id='line_1_15' title="bbox 302 1416 1877 1484; baseline 0 -15"><span class='ocrx_word' id='word_1_98' title='bbox 302 1417 521 1477; x_wconf 87' lang='grc' dir='ltr'>κνύντες</span> <span class='ocrx_word' id='word_1_99' title='bbox 580 1416 880 1483; x_wconf 73' lang='grc' dir='ltr'>Θεόδωρον,</span> <span class='ocrx_word' id='word_1_100' title='bbox 914 1416 1005 1467; x_wconf 69' lang='grc' dir='ltr'>καὶ</span> <span class='ocrx_word' id='word_1_101' title='bbox 1054 1416 1151 1484; x_wconf 83' lang='grc' dir='ltr'><strong>τὴν</strong></span> <span class='ocrx_word' id='word_1_102' title='bbox 1206 1418 1372 1483; x_wconf 79' lang='grc' dir='ltr'>πνοὴν</span> <span class='ocrx_word' id='word_1_103' title='bbox 1408 1416 1463 1468; x_wconf 88' lang='grc' dir='ltr'>δὲ</span> <span class='ocrx_word' id='word_1_104' title='bbox 1503 1416 1619 1484; x_wconf 76' lang='grc' dir='ltr'>μετ’</span> <span class='ocrx_word' id='word_1_105' title='bbox 1650 1418 1709 1468; x_wconf 80' lang='grc' dir='ltr'><strong>ού</strong></span> <span class='ocrx_word' id='word_1_106' title='bbox 1742 1417 1877 1469; x_wconf 77' lang='grc' dir='ltr'>πολὺ</span> 
     </span>
    </p>
   </div>
   <div class='ocr_carea' id='block_1_16' title="bbox 300 1503 1879 1578">
    <p class='ocr_par' dir='ltr' id='par_1_16' title="bbox 300 1503 1879 1578">
     <span class='ocr_line' id='line_1_16' title="bbox 300 1503 1879 1578; baseline 0.001 -19"><span class='ocrx_word' id='word_1_107' title='bbox 300 1508 683 1577; x_wconf 79' lang='grc' dir='ltr'>χαρισάμενοι,</span> <span class='ocrx_word' id='word_1_108' title='bbox 738 1510 874 1575; x_wconf 75' lang='grc' dir='ltr'>πρὸς</span> <span class='ocrx_word' id='word_1_109' title='bbox 922 1508 1175 1576; x_wconf 77' lang='grc' dir='ltr'>αἴσθησιν</span> <span class='ocrx_word' id='word_1_110' title='bbox 1232 1503 1365 1575; x_wconf 71' lang='grc' dir='ltr'>ἦγον</span> <span class='ocrx_word' id='word_1_111' title='bbox 1412 1508 1507 1561; x_wconf 84' lang='grc' dir='ltr'>τοῦ</span> <span class='ocrx_word' id='word_1_112' title='bbox 1538 1508 1879 1578; x_wconf 81' lang='grc' dir='ltr'>τραύματος,</span> 
     </span>
    </p>
   </div>
   <div class='ocr_carea' id='block_1_17' title="bbox 298 1600 1881 1667">
    <p class='ocr_par' dir='ltr' id='par_1_17' title="bbox 298 1600 1881 1667">
     <span class='ocr_line' id='line_1_17' title="bbox 298 1600 1881 1667; baseline 0.001 -19"><span class='ocrx_word' id='word_1_113' title='bbox 298 1600 395 1649; x_wconf 80' lang='grc' dir='ltr'><strong>δπε</strong></span> <span class='ocrx_word' id='word_1_114' title='bbox 408 1616 446 1666; x_wconf 43' lang='grc' dir='ltr'>ρ,</span> <span class='ocrx_word' id='word_1_115' title='bbox 476 1602 502 1649; x_wconf 85' lang='grc' dir='ltr'>ὁ</span> <span class='ocrx_word' id='word_1_116' title='bbox 531 1600 676 1649; x_wconf 86' lang='grc' dir='ltr'>κύων</span> <span class='ocrx_word' id='word_1_117' title='bbox 706 1600 1058 1664; x_wconf 72' lang='grc' dir='ltr'>ἐνειργάσατο</span> <span class='ocrx_word' id='word_1_118' title='bbox 1073 1600 1312 1665; x_wconf 79' lang='grc' dir='ltr'>δήγματι</span> <span class='ocrx_word' id='word_1_119' title='bbox 1332 1615 1347 1629; x_wconf 88' lang='grc'><strong>·</strong></span> <span class='ocrx_word' id='word_1_120' title='bbox 1374 1600 1473 1666; x_wconf 81' lang='grc' dir='ltr'><strong>τῆς</strong></span> <span class='ocrx_word' id='word_1_121' title='bbox 1506 1602 1744 1667; x_wconf 83' lang='grc' dir='ltr'><strong>πτέρνης</strong></span> <span class='ocrx_word' id='word_1_122' title='bbox 1773 1605 1881 1667; x_wconf 72' lang='grc' dir='ltr'><strong>γὰρ</strong></span> 
     </span>
    </p>
   </div>
   <div class='ocr_carea' id='block_1_18' title="bbox 296 1689 1883 1761">
    <p class='ocr_par' dir='ltr' id='par_1_18' title="bbox 296 1689 1883 1761">
     <span class='ocr_line' id='line_1_18' title="bbox 296 1689 1883 1761; baseline 0 -20"><span class='ocrx_word' id='word_1_123' title='bbox 296 1693 407 1752; x_wconf 74' lang='grc' dir='ltr'>τοῖς</span> <span class='ocrx_word' id='word_1_124' title='bbox 441 1690 621 1742; x_wconf 70' lang='grc' dir='ltr'>ὀδοῦσι</span> <span class='ocrx_word' id='word_1_125' title='bbox 669 1689 1029 1757; x_wconf 76' lang='grc' dir='ltr'>δραξάμενος,</span> <span class='ocrx_word' id='word_1_126' title='bbox 1079 1692 1170 1741; x_wconf 77' lang='grc' dir='ltr'>καὶ</span> <span class='ocrx_word' id='word_1_127' title='bbox 1208 1693 1271 1741; x_wconf 81' lang='grc' dir='ltr'><strong>ἐκ</strong></span> <span class='ocrx_word' id='word_1_128' title='bbox 1337 1691 1543 1761; x_wconf 78' lang='grc' dir='ltr'>ταύτης</span> <span class='ocrx_word' id='word_1_129' title='bbox 1586 1692 1759 1743; x_wconf 76' lang='grc' dir='ltr'>ἕλκων</span> <span class='ocrx_word' id='word_1_130' title='bbox 1790 1692 1883 1743; x_wconf 79' lang='grc' dir='ltr'>τὸν</span> 
     </span>
    </p>
   </div>
   <div class='ocr_carea' id='block_1_19' title="bbox 296 1781 1880 1851">
    <p class='ocr_par' dir='ltr' id='par_1_19' title="bbox 296 1781 1880 1851">
     <span class='ocr_line' id='line_1_19' title="bbox 296 1781 1880 1851; baseline 0.001 -19"><span class='ocrx_word' id='word_1_131' title='bbox 296 1781 607 1849; x_wconf 74' lang='grc' dir='ltr'>ἇνῧριιιπον,</span> <span class='ocrx_word' id='word_1_132' title='bbox 671 1782 818 1833; x_wconf 78' lang='grc' dir='ltr'>ἅπαν</span> <span class='ocrx_word' id='word_1_133' title='bbox 869 1782 1035 1833; x_wconf 77' lang='grc' dir='ltr'>αὑτοῦ</span> <span class='ocrx_word' id='word_1_134' title='bbox 1083 1782 1142 1833; x_wconf 73' lang='grc' dir='ltr'>τὸ</span> <span class='ocrx_word' id='word_1_135' title='bbox 1186 1782 1367 1847; x_wconf 87' lang='grc' dir='ltr'>πέλμα</span> <span class='ocrx_word' id='word_1_136' title='bbox 1411 1783 1572 1851; x_wconf 84' lang='grc' dir='ltr'>μέχρι</span> <span class='ocrx_word' id='word_1_137' title='bbox 1603 1782 1880 1835; x_wconf 83' lang='grc' dir='ltr'>δακτύλων</span> 
     </span>
    </p>
   </div>
   <div class='ocr_carea' id='block_1_20' title="bbox 1991 597 3569 675">
    <p class='ocr_par' dir='ltr' id='par_1_20' title="bbox 1991 597 3569 675">
     <span class='ocr_line' id='line_1_20' title="bbox 1991 597 3569 675; baseline 0.007 -26"><span class='ocrx_word' id='word_1_138' title='bbox 1991 598 2269 665; x_wconf 86' lang='lat' dir='ltr'><strong>Siquidem</strong></span> <span class='ocrx_word' id='word_1_139' title='bbox 2337 598 2465 649; x_wconf 91' lang='lat' dir='ltr'><strong>dum</strong></span> <span class='ocrx_word' id='word_1_140' title='bbox 2520 597 2831 651; x_wconf 86' lang='lat' dir='ltr'><strong>traheretur</strong></span> <span class='ocrx_word' id='word_1_141' title='bbox 2890 598 3249 667; x_wconf 81' lang='lat' dir='ltr'><strong>Theodorus,</strong></span> <span class='ocrx_word' id='word_1_142' title='bbox 3298 614 3569 675; x_wconf 75' lang='lat' dir='ltr'><strong>martyres</strong></span> 
     </span>
    </p>
   </div>
   <div class='ocr_carea' id='block_1_21' title="bbox 1993 688 3567 762">
    <p class='ocr_par' dir='ltr' id='par_1_21' title="bbox 1993 688 3567 762">
     <span class='ocr_line' id='line_1_21' title="bbox 1993 688 3567 762; baseline 0.005 -23"><span class='ocrx_word' id='word_1_143' title='bbox 1993 689 2325 753; x_wconf 75' lang='lat' dir='ltr'><strong>inuocabat;</strong></span> <span class='ocrx_word' id='word_1_144' title='bbox 2356 688 2485 741; x_wconf 90' lang='lat' dir='ltr'><strong>dum</strong></span> <span class='ocrx_word' id='word_1_145' title='bbox 2556 703 2686 742; x_wconf 75' lang='lat' dir='ltr'><strong>vero</strong></span> <span class='ocrx_word' id='word_1_146' title='bbox 2732 689 2835 742; x_wconf 88' lang='lat' dir='ltr'><strong>sub</strong></span> <span class='ocrx_word' id='word_1_147' title='bbox 2890 704 3053 743; x_wconf 91' lang='lat' dir='ltr'><strong>arena</strong></span> <span class='ocrx_word' id='word_1_148' title='bbox 3103 690 3332 758; x_wconf 86' lang='lat' dir='ltr'><strong>jaceret,</strong></span> <span class='ocrx_word' id='word_1_149' title='bbox 3366 693 3567 762; x_wconf 83' lang='lat' dir='ltr'><strong>Cyrum</strong></span> 
     </span>
    </p>
   </div>
   <div class='ocr_carea' id='block_1_22' title="bbox 1988 777 3569 854">
    <p class='ocr_par' dir='ltr' id='par_1_22' title="bbox 1988 777 3569 854">
     <span class='ocr_line' id='line_1_22' title="bbox 1988 777 3569 854; baseline 0.004 -22"><span class='ocrx_word' id='word_1_150' title='bbox 1988 778 2365 849; x_wconf 84' lang='lat' dir='ltr'><strong>Juaunemque</strong></span> <span class='ocrx_word' id='word_1_151' title='bbox 2404 777 2454 833; x_wconf 86' lang='lat' dir='ltr'><strong>in</strong></span> <span class='ocrx_word' id='word_1_152' title='bbox 2487 792 2722 835; x_wconf 83' lang='lat' dir='ltr'><strong>mentem</strong></span> <span class='ocrx_word' id='word_1_153' title='bbox 2758 782 3033 846; x_wconf 87' lang='lat' dir='ltr'><strong>sumebat,</strong></span> <span class='ocrx_word' id='word_1_154' title='bbox 3090 793 3143 837; x_wconf 89' lang='lat' dir='ltr'><strong>et</strong></span> <span class='ocrx_word' id='word_1_155' title='bbox 3197 784 3344 851; x_wconf 90' lang='lat' dir='ltr'><strong>quod</strong></span> <span class='ocrx_word' id='word_1_156' title='bbox 3387 789 3569 854; x_wconf 77' lang='lat' dir='ltr'><strong>proxi-</strong></span> 
     </span>
    </p>
   </div>
   <div class='ocr_carea' id='block_1_23' title="bbox 1992 872 3569 946">
    <p class='ocr_par' dir='ltr' id='par_1_23' title="bbox 1992 872 3569 946">
     <span class='ocr_line' id='line_1_23' title="bbox 1992 872 3569 946; baseline 0.004 -25"><span class='ocrx_word' id='word_1_157' title='bbox 1992 886 2111 924; x_wconf 84' lang='lat' dir='ltr'><strong>mas</strong></span> <span class='ocrx_word' id='word_1_158' title='bbox 2150 883 2294 925; x_wconf 81' lang='lat' dir='ltr'><strong>esset</strong></span> <span class='ocrx_word' id='word_1_159' title='bbox 2328 887 2523 925; x_wconf 87' lang='lat' dir='ltr'><strong>eorum</strong></span> <span class='ocrx_word' id='word_1_160' title='bbox 2584 872 3078 935; x_wconf 80' lang='lat' dir='ltr'><strong>commemorabat,</strong></span> <span class='ocrx_word' id='word_1_161' title='bbox 3143 885 3199 927; x_wconf 91' lang='lat' dir='ltr'><strong>et</strong></span> <span class='ocrx_word' id='word_1_162' title='bbox 3264 874 3332 929; x_wconf 91' lang='lat' dir='ltr'><strong>de</strong></span> <span class='ocrx_word' id='word_1_163' title='bbox 3376 876 3569 946; x_wconf 72' lang='lat' dir='ltr'><strong>pelago</strong></span> 
     </span>
    </p>
   </div>
   <div class='ocr_carea' id='block_1_24' title="bbox 1989 960 3564 1034">
    <p class='ocr_par' dir='ltr' id='par_1_24' title="bbox 1989 960 3564 1034">
     <span class='ocr_line' id='line_1_24' title="bbox 1989 960 3564 1034; baseline 0.004 -23"><span class='ocrx_word' id='word_1_164' title='bbox 1989 960 2239 1011; x_wconf 76' lang='lat' dir='ltr'><strong>auxiliari</strong></span> <span class='ocrx_word' id='word_1_165' title='bbox 2288 961 2391 1013; x_wconf 74' lang='lat' dir='ltr'><strong>sibi</strong></span> <span class='ocrx_word' id='word_1_166' title='bbox 2426 968 2481 1013; x_wconf 90' lang='lat' dir='ltr'><strong>et</strong></span> <span class='ocrx_word' id='word_1_167' title='bbox 2512 974 2706 1013; x_wconf 84' lang='lat' dir='ltr'><strong>eruere</strong></span> <span class='ocrx_word' id='word_1_168' title='bbox 2735 973 2763 1009; x_wconf 83' lang='lat' dir='ltr'><strong>a</strong></span> <span class='ocrx_word' id='word_1_169' title='bbox 2801 962 3064 1014; x_wconf 86' lang='lat' dir='ltr'><strong>continuo</strong></span> <span class='ocrx_word' id='word_1_170' title='bbox 3118 971 3255 1016; x_wconf 70' lang='lat' dir='ltr'><strong>testu</strong></span> <span class='ocrx_word' id='word_1_171' title='bbox 3316 968 3564 1034; x_wconf 76' lang='lat' dir='ltr'><strong>rogabat.</strong></span> 
     </span>
    </p>
   </div>
   <div class='ocr_carea' id='block_1_25' title="bbox 1990 1052 3566 1120">
    <p class='ocr_par' dir='ltr' id='par_1_25' title="bbox 1990 1052 3566 1120">
     <span class='ocr_line' id='line_1_25' title="bbox 1990 1052 3566 1120; baseline 0.004 -18"><span class='ocrx_word' id='word_1_172' title='bbox 1990 1052 2053 1104; x_wconf 83' lang='lat' dir='ltr'><strong>Et</strong></span> <span class='ocrx_word' id='word_1_173' title='bbox 2087 1068 2211 1105; x_wconf 90' lang='lat' dir='ltr'><strong>cum</strong></span> <span class='ocrx_word' id='word_1_174' title='bbox 2250 1054 2302 1105; x_wconf 92' lang='lat' dir='ltr'><strong>in</strong></span> <span class='ocrx_word' id='word_1_175' title='bbox 2338 1053 2625 1120; x_wconf 73' lang='lat' dir='ltr'><strong>profundis</strong></span> <span class='ocrx_word' id='word_1_176' title='bbox 2658 1061 2826 1115; x_wconf 89' lang='lat' dir='ltr'><strong>esset,</strong></span> <span class='ocrx_word' id='word_1_177' title='bbox 2885 1052 3157 1108; x_wconf 87' lang='lat' dir='ltr'><strong>clamabat</strong></span> <span class='ocrx_word' id='word_1_178' title='bbox 3214 1052 3566 1119; x_wconf 83' lang='lat' dir='ltr'><strong>Theodorus,</strong></span> 
     </span>
    </p>
   </div>
   <div class='ocr_carea' id='block_1_26' title="bbox 1987 1144 3567 1213">
    <p class='ocr_par' dir='ltr' id='par_1_26' title="bbox 1987 1144 3567 1213">
     <span class='ocr_line' id='line_1_26' title="bbox 1987 1144 3567 1213; baseline 0.002 -17"><span class='ocrx_word' id='word_1_179' title='bbox 1987 1152 2042 1196; x_wconf 90' lang='lat' dir='ltr'><strong>et</strong></span> <span class='ocrx_word' id='word_1_180' title='bbox 2098 1144 2165 1196; x_wconf 90' lang='lat' dir='ltr'><strong>de</strong></span> <span class='ocrx_word' id='word_1_181' title='bbox 2220 1145 2375 1197; x_wconf 75' lang='lat' dir='ltr'><strong>cmlis</strong></span> <span class='ocrx_word' id='word_1_182' title='bbox 2434 1144 2875 1211; x_wconf 77' lang='lat' dir='ltr'><strong>deprecationem</strong></span> <span class='ocrx_word' id='word_1_183' title='bbox 2931 1153 3201 1213; x_wconf 84' lang='lat' dir='ltr'><strong>martyres</strong></span> <span class='ocrx_word' id='word_1_184' title='bbox 3250 1146 3567 1211; x_wconf 90' lang='lat' dir='ltr'><strong>audiebant,</strong></span> 
     </span>
    </p>
   </div>
   <div class='ocr_carea' id='block_1_27' title="bbox 1986 1233 3568 1306">
    <p class='ocr_par' dir='ltr' id='par_1_27' title="bbox 1986 1233 3568 1306">
     <span class='ocr_line' id='line_1_27' title="bbox 1986 1233 3568 1306; baseline 0.004 -19"><span class='ocrx_word' id='word_1_185' title='bbox 1986 1243 2038 1287; x_wconf 90' lang='lat' dir='ltr'><strong>et</strong></span> <span class='ocrx_word' id='word_1_186' title='bbox 2072 1233 2260 1287; x_wconf 86' lang='lat' dir='ltr'><strong>audita</strong></span> <span class='ocrx_word' id='word_1_187' title='bbox 2310 1236 2576 1287; x_wconf 84' lang='lat' dir='ltr'><strong>enutinuo</strong></span> <span class='ocrx_word' id='word_1_188' title='bbox 2622 1236 2930 1289; x_wconf 72' lang='lat' dir='ltr'><strong>veniebant.</strong></span> <span class='ocrx_word' id='word_1_189' title='bbox 2967 1233 3112 1303; x_wconf 80' lang='lat' dir='ltr'><strong>Ergo</strong></span> <span class='ocrx_word' id='word_1_190' title='bbox 3158 1245 3429 1306; x_wconf 77' lang='lat' dir='ltr'><strong>martyres</strong></span> <span class='ocrx_word' id='word_1_191' title='bbox 3481 1256 3568 1294; x_wconf 66' lang='grc' dir='ltr'>ιο·</span> 
     </span>
    </p>
   </div>
   <div class='ocr_carea' id='block_1_28' title="bbox 1989 1325 3567 1399">
    <p class='ocr_par' dir='ltr' id='par_1_28' title="bbox 1989 1325 3567 1399">
     <span class='ocr_line' id='line_1_28' title="bbox 1989 1325 3567 1399; baseline 0.005 -24"><span class='ocrx_word' id='word_1_192' title='bbox 1989 1325 2180 1378; x_wconf 85' lang='lat' dir='ltr'><strong>lociter</strong></span> <span class='ocrx_word' id='word_1_193' title='bbox 2213 1327 2560 1386; x_wconf 83' lang='lat' dir='ltr'><strong>assistentes,</strong></span> <span class='ocrx_word' id='word_1_194' title='bbox 2610 1336 2662 1379; x_wconf 88' lang='lat' dir='ltr'><strong>et</strong></span> <span class='ocrx_word' id='word_1_195' title='bbox 2722 1342 2817 1394; x_wconf 89' lang='lat' dir='ltr'><strong>per</strong></span> <span class='ocrx_word' id='word_1_196' title='bbox 2860 1329 3088 1396; x_wconf 80' lang='lat' dir='ltr'><strong>capillos</strong></span> <span class='ocrx_word' id='word_1_197' title='bbox 3149 1333 3423 1399; x_wconf 88' lang='lat' dir='ltr'><strong>sepultum</strong></span> <span class='ocrx_word' id='word_1_198' title='bbox 3476 1347 3567 1383; x_wconf 84' lang='lat' dir='ltr'><strong>ar-</strong></span> 
     </span>
    </p>
   </div>
   <div class='ocr_carea' id='block_1_29' title="bbox 1988 1413 3568 1479">
    <p class='ocr_par' dir='ltr' id='par_1_29' title="bbox 1988 1413 3568 1479">
     <span class='ocr_line' id='line_1_29' title="bbox 1988 1413 3568 1479; baseline 0.008 -16"><span class='ocrx_word' id='word_1_199' title='bbox 1988 1413 2249 1479; x_wconf 80' lang='lat' dir='ltr'><strong>ripientes</strong></span> <span class='ocrx_word' id='word_1_200' title='bbox 2284 1431 2296 1466; x_wconf 92' lang='lat'><strong>:</strong></span> <span class='ocrx_word' id='word_1_201' title='bbox 2333 1414 2453 1466; x_wconf 86' lang='lat' dir='ltr'><strong>Noli</strong></span> <span class='ocrx_word' id='word_1_202' title='bbox 2509 1418 2770 1478; x_wconf 90' lang='lat' dir='ltr'><strong>clamare,</strong></span> <span class='ocrx_word' id='word_1_203' title='bbox 2812 1419 2878 1469; x_wconf 90' lang='lat' dir='ltr'><strong>ad</strong></span> <span class='ocrx_word' id='word_1_204' title='bbox 2936 1434 3060 1471; x_wconf 91' lang='lat' dir='ltr'><strong>eum</strong></span> <span class='ocrx_word' id='word_1_205' title='bbox 3119 1420 3397 1474; x_wconf 86' lang='lat' dir='ltr'><strong>dicebant.</strong></span> <span class='ocrx_word' id='word_1_206' title='bbox 3453 1420 3568 1475; x_wconf 85' lang='lat' dir='ltr'><strong>Hoc</strong></span> 
     </span>
    </p>
   </div>
   <div class='ocr_carea' id='block_1_30' title="bbox 1986 1505 3564 1577">
    <p class='ocr_par' dir='ltr' id='par_1_30' title="bbox 1986 1505 3564 1577">
     <span class='ocr_line' id='line_1_30' title="bbox 1986 1505 3564 1577; baseline 0.008 -21"><span class='ocrx_word' id='word_1_207' title='bbox 1986 1505 2053 1557; x_wconf 92' lang='lat' dir='ltr'><strong>ab</strong></span> <span class='ocrx_word' id='word_1_208' title='bbox 2105 1505 2332 1559; x_wconf 87' lang='lat' dir='ltr'><strong>humido</strong></span> <span class='ocrx_word' id='word_1_209' title='bbox 2366 1507 2565 1562; x_wconf 86' lang='lat' dir='ltr'><strong>educto</strong></span> <span class='ocrx_word' id='word_1_210' title='bbox 2601 1524 2769 1577; x_wconf 86' lang='lat' dir='ltr'><strong>super</strong></span> <span class='ocrx_word' id='word_1_211' title='bbox 2808 1511 3022 1563; x_wconf 88' lang='lat' dir='ltr'><strong>aridam</strong></span> <span class='ocrx_word' id='word_1_212' title='bbox 3069 1523 3395 1577; x_wconf 85' lang='lat' dir='ltr'><strong>posuerunt,</strong></span> <span class='ocrx_word' id='word_1_213' title='bbox 3454 1529 3564 1569; x_wconf 92' lang='lat' dir='ltr'><strong>non</strong></span> 
     </span>
    </p>
   </div>
   <div class='ocr_carea' id='block_1_31' title="bbox 1985 1598 3563 1667">
    <p class='ocr_par' dir='ltr' id='par_1_31' title="bbox 1985 1598 3563 1667">
     <span class='ocr_line' id='line_1_31' title="bbox 1985 1598 3563 1667; baseline 0.007 -18"><span class='ocrx_word' id='word_1_214' title='bbox 1985 1598 2289 1665; x_wconf 82' lang='lat' dir='ltr'><strong>spirantem</strong></span> <span class='ocrx_word' id='word_1_215' title='bbox 2320 1600 2602 1667; x_wconf 84' lang='lat' dir='ltr'><strong>juvenem.</strong></span> <span class='ocrx_word' id='word_1_216' title='bbox 2639 1600 2833 1654; x_wconf 85' lang='lat' dir='ltr'><strong>Jouam</strong></span> <span class='ocrx_word' id='word_1_217' title='bbox 2886 1601 3244 1657; x_wconf 88' lang='lat' dir='ltr'><strong>ostendentes</strong></span> <span class='ocrx_word' id='word_1_218' title='bbox 3303 1604 3563 1659; x_wconf 88' lang='lat' dir='ltr'><strong>Theodo-</strong></span> 
     </span>
    </p>
   </div>
   <div class='ocr_carea' id='block_1_32' title="bbox 1986 1690 3563 1758">
    <p class='ocr_par' dir='ltr' id='par_1_32' title="bbox 1986 1690 3563 1758">
     <span class='ocr_line' id='line_1_32' title="bbox 1986 1690 3563 1758; baseline 0.005 -19"><span class='ocrx_word' id='word_1_219' title='bbox 1986 1702 2143 1751; x_wconf 89' lang='lat' dir='ltr'><strong>rum;</strong></span> <span class='ocrx_word' id='word_1_220' title='bbox 2181 1698 2233 1742; x_wconf 88' lang='lat' dir='ltr'><strong>et</strong></span> <span class='ocrx_word' id='word_1_221' title='bbox 2264 1690 2522 1758; x_wconf 86' lang='lat' dir='ltr'><strong>spiritum</strong></span> <span class='ocrx_word' id='word_1_222' title='bbox 2558 1707 2664 1743; x_wconf 88' lang='lat' dir='ltr'><strong>non</strong></span> <span class='ocrx_word' id='word_1_223' title='bbox 2724 1703 2841 1757; x_wconf 89' lang='lat' dir='ltr'><strong>post</strong></span> <span class='ocrx_word' id='word_1_224' title='bbox 2884 1693 3115 1745; x_wconf 91' lang='lat' dir='ltr'><strong>multum</strong></span> <span class='ocrx_word' id='word_1_225' title='bbox 3161 1693 3452 1757; x_wconf 87' lang='lat' dir='ltr'><strong>donantes,</strong></span> <span class='ocrx_word' id='word_1_226' title='bbox 3495 1695 3563 1747; x_wconf 88' lang='lat' dir='ltr'><strong>ad</strong></span> 
     </span>
    </p>
   </div>
   <div class='ocr_carea' id='block_1_33' title="bbox 1986 1782 3562 1855">
    <p class='ocr_par' dir='ltr' id='par_1_33' title="bbox 1986 1782 3562 1855">
     <span class='ocr_line' id='line_1_33' title="bbox 1986 1782 3562 1855; baseline 0.006 -23"><span class='ocrx_word' id='word_1_227' title='bbox 1986 1795 2210 1835; x_wconf 90' lang='lat' dir='ltr'><strong>sensum</strong></span> <span class='ocrx_word' id='word_1_228' title='bbox 2253 1782 2531 1837; x_wconf 85' lang='lat' dir='ltr'><strong>ducebant</strong></span> <span class='ocrx_word' id='word_1_229' title='bbox 2576 1785 2845 1849; x_wconf 76' lang='lat' dir='ltr'><strong>vulneris,</strong></span> <span class='ocrx_word' id='word_1_230' title='bbox 2902 1786 3046 1851; x_wconf 90' lang='lat' dir='ltr'><strong>quod</strong></span> <span class='ocrx_word' id='word_1_231' title='bbox 3092 1789 3248 1839; x_wconf 87' lang='lat' dir='ltr'><strong>cauis</strong></span> <span class='ocrx_word' id='word_1_232' title='bbox 3297 1800 3562 1855; x_wconf 82' lang='lat' dir='ltr'><strong>operatus</strong></span> 
     </span>
    </p>
   </div>
   <div class='ocr_carea' id='block_1_34' title="bbox 295 1872 1985 1947">
    <p class='ocr_par' dir='ltr' id='par_1_34' title="bbox 295 1872 1958 1944">
     <span class='ocr_line' id='line_1_34' title="bbox 295 1872 1958 1944; baseline 0.001 -20"><span class='ocrx_word' id='word_1_233' title='bbox 295 1875 589 1943; x_wconf 72' lang='grc' dir='ltr'>ὲμέρισευο</span> <span class='ocrx_word' id='word_1_234' title='bbox 623 1876 761 1943; x_wconf 81' lang='grc' dir='ltr'>ὅπερ</span> <span class='ocrx_word' id='word_1_235' title='bbox 787 1875 861 1936; x_wconf 82' lang='grc' dir='ltr'>ὡς</span> <span class='ocrx_word' id='word_1_236' title='bbox 912 1874 1019 1926; x_wconf 80' lang='grc' dir='ltr'>ἀπὸ</span> <span class='ocrx_word' id='word_1_237' title='bbox 1059 1874 1275 1944; x_wconf 75' lang='grc' dir='ltr'>δένδρου</span> <span class='ocrx_word' id='word_1_238' title='bbox 1303 1876 1501 1943; x_wconf 80' lang='grc' dir='ltr'>φύλλον</span> <span class='ocrx_word' id='word_1_239' title='bbox 1537 1874 1895 1944; x_wconf 84' lang='grc' dir='ltr'>κρεμάμενον·</span> <span class='ocrx_word' id='word_1_240' title='bbox 1918 1872 1958 1925; x_wconf 84' lang='grc' dir='ltr'><strong>Β</strong></span> 
     </span>
    </p>
   </div>
   <div class='ocr_carea' id='block_1_35' title="bbox 1868 1872 3558 1947">
    <p class='ocr_par' dir='ltr' id='par_1_35' title="bbox 1868 1872 3558 1947">
     <span class='ocr_line' id='line_1_35' title="bbox 1868 1872 3558 1947; baseline 0.004 -22"><span class='ocrx_word' id='word_1_241' title='bbox 1868 1892 1895 1925; x_wconf 69' lang='grc' dir='ltr'><strong>ι·</strong></span> <span class='ocrx_word' id='word_1_242' title='bbox 1918 1872 1958 1925; x_wconf 85' lang='grc' dir='ltr'><strong>Β</strong></span> <span class='ocrx_word' id='word_1_243' title='bbox 1987 1880 2072 1925; x_wconf 86' lang='lat' dir='ltr'><strong>est</strong></span> <span class='ocrx_word' id='word_1_244' title='bbox 2099 1888 2319 1939; x_wconf 87' lang='lat' dir='ltr'><strong>morsu;</strong></span> <span class='ocrx_word' id='word_1_245' title='bbox 2354 1876 2613 1929; x_wconf 87' lang='lat' dir='ltr'><strong>calcaneo</strong></span> <span class='ocrx_word' id='word_1_246' title='bbox 2640 1877 2843 1945; x_wconf 81' lang='lat' dir='ltr'><strong>quippe</strong></span> <span class='ocrx_word' id='word_1_247' title='bbox 2892 1879 3149 1933; x_wconf 84' lang='lat' dir='ltr'><strong>dentibus</strong></span> <span class='ocrx_word' id='word_1_248' title='bbox 3193 1879 3558 1947; x_wconf 84' lang='lat' dir='ltr'><strong>apprehenso,</strong></span> 
     </span>
    </p>
   </div>
   <div class='ocr_carea' id='block_1_36' title="bbox 294 1964 1878 2037">
    <p class='ocr_par' dir='ltr' id='par_1_36' title="bbox 294 1964 1878 2037">
     <span class='ocr_line' id='line_1_36' title="bbox 294 1964 1878 2037; baseline 0.003 -22"><span class='ocrx_word' id='word_1_249' title='bbox 294 1965 393 2016; x_wconf 77' lang='grc' dir='ltr'><strong>καὶ</strong></span> <span class='ocrx_word' id='word_1_250' title='bbox 415 1964 542 2035; x_wconf 83' lang='grc' dir='ltr'>τῇδε</span> <span class='ocrx_word' id='word_1_251' title='bbox 574 1966 798 2017; x_wconf 84' lang='grc' dir='ltr'>κάκεῖσε</span> <span class='ocrx_word' id='word_1_252' title='bbox 855 1966 1180 2034; x_wconf 86' lang='grc' dir='ltr'>φερόμενον,</span> <span class='ocrx_word' id='word_1_253' title='bbox 1214 1968 1290 2035; x_wconf 81' lang='grc' dir='ltr'><strong>τῷ</strong></span> <span class='ocrx_word' id='word_1_254' title='bbox 1316 1970 1415 2033; x_wconf 77' lang='grc' dir='ltr'><strong>τῆς</strong></span> <span class='ocrx_word' id='word_1_255' title='bbox 1458 1969 1711 2035; x_wconf 81' lang='grc' dir='ltr'>κηρωτῆς</span> <span class='ocrx_word' id='word_1_256' title='bbox 1738 1984 1878 2037; x_wconf 72' lang='grc' dir='ltr'>φαρ-</span> 
     </span>
    </p>
   </div>
   <div class='ocr_carea' id='block_1_37' title="bbox 300 2055 1876 2127">
    <p class='ocr_par' dir='ltr' id='par_1_37' title="bbox 300 2055 1876 2127">
     <span class='ocr_line' id='line_1_37' title="bbox 300 2055 1876 2127; baseline 0.001 -20"><span class='ocrx_word' id='word_1_257' title='bbox 300 2056 461 2123; x_wconf 79' lang='grc' dir='ltr'>μάκῳ</span> <span class='ocrx_word' id='word_1_258' title='bbox 492 2056 877 2125; x_wconf 87' lang='grc' dir='ltr'>προσήνωσαν,</span> <span class='ocrx_word' id='word_1_259' title='bbox 914 2055 1232 2127; x_wconf 82' lang='grc' dir='ltr'>βραχυτάτῃ</span> <span class='ocrx_word' id='word_1_260' title='bbox 1266 2058 1404 2126; x_wconf 76' lang='grc' dir='ltr'>ῥοπῇ</span> <span class='ocrx_word' id='word_1_261' title='bbox 1423 2056 1561 2109; x_wconf 83' lang='grc' dir='ltr'>πόδα</span> <span class='ocrx_word' id='word_1_262' title='bbox 1588 2058 1681 2109; x_wconf 76' lang='grc' dir='ltr'><strong>καὶ</strong></span> <span class='ocrx_word' id='word_1_263' title='bbox 1702 2057 1876 2127; x_wconf 75' lang='grc' dir='ltr'>ψυχὴν</span> 
     </span>
    </p>
   </div>
   <div class='ocr_carea' id='block_1_38' title="bbox 295 2148 1873 2218">
    <p class='ocr_par' dir='ltr' id='par_1_38' title="bbox 295 2148 1873 2218">
     <span class='ocr_line' id='line_1_38' title="bbox 295 2148 1873 2218; baseline 0.004 -21"><span class='ocrx_word' id='word_1_264' title='bbox 295 2149 675 2215; x_wconf 80' lang='grc' dir='ltr'>χαρισάμενοι,</span> <span class='ocrx_word' id='word_1_265' title='bbox 732 2150 827 2200; x_wconf 71' lang='grc' dir='ltr'>καὶ</span> <span class='ocrx_word' id='word_1_266' title='bbox 863 2150 1040 2217; x_wconf 80' lang='grc' dir='ltr'>φυγὴν</span> <span class='ocrx_word' id='word_1_267' title='bbox 1086 2149 1179 2201; x_wconf 71' lang='grc' dir='ltr'><strong>τοῦ</strong></span> <span class='ocrx_word' id='word_1_268' title='bbox 1232 2148 1396 2218; x_wconf 65' lang='grc' dir='ltr'>θηρὸς</span> <span class='ocrx_word' id='word_1_269' title='bbox 1448 2149 1873 2218; x_wconf 79' lang='grc' dir='ltr'>ἀπροσδόκητον.</span> 
     </span>
    </p>
   </div>
   <div class='ocr_carea' id='block_1_39' title="bbox 308 2237 1877 2309">
    <p class='ocr_par' dir='ltr' id='par_1_39' title="bbox 308 2237 1877 2309">
     <span class='ocr_line' id='line_1_39' title="bbox 308 2237 1877 2309; baseline 0 -20"><span class='ocrx_word' id='word_1_270' title='bbox 308 2237 498 2306; x_wconf 78' lang='grc' dir='ltr'>Ἡμεῖς</span> <span class='ocrx_word' id='word_1_271' title='bbox 529 2239 584 2290; x_wconf 74' lang='grc' dir='ltr'>δὲ</span> <span class='ocrx_word' id='word_1_272' title='bbox 615 2241 710 2291; x_wconf 75' lang='grc' dir='ltr'><strong>σὺν</strong></span> <span class='ocrx_word' id='word_1_273' title='bbox 736 2239 906 2308; x_wconf 83' lang='grc' dir='ltr'>αύτῷ,</span> <span class='ocrx_word' id='word_1_274' title='bbox 944 2242 1023 2291; x_wconf 79' lang='grc' dir='ltr'>ἔτι</span> <span class='ocrx_word' id='word_1_275' title='bbox 1050 2241 1158 2309; x_wconf 83' lang='grc' dir='ltr'>γὰρ</span> <span class='ocrx_word' id='word_1_276' title='bbox 1177 2240 1311 2308; x_wconf 78' lang='grc' dir='ltr'>τῷδε</span> <span class='ocrx_word' id='word_1_277' title='bbox 1337 2240 1413 2308; x_wconf 82' lang='grc' dir='ltr'><strong>τῷ</strong></span> <span class='ocrx_word' id='word_1_278' title='bbox 1448 2240 1547 2308; x_wconf 77' lang='grc' dir='ltr'>βίῳ</span> <span class='ocrx_word' id='word_1_279' title='bbox 1578 2239 1877 2308; x_wconf 80' lang='grc' dir='ltr'>περίεστιν,</span> 
     </span>
    </p>
   </div>
   <div class='ocr_carea' id='block_1_40' title="bbox 295 2331 1873 2402">
    <p class='ocr_par' dir='ltr' id='par_1_40' title="bbox 295 2331 1873 2402">
     <span class='ocr_line' id='line_1_40' title="bbox 295 2331 1873 2402; baseline 0.001 -22"><span class='ocrx_word' id='word_1_280' title='bbox 295 2332 392 2381; x_wconf 81' lang='grc' dir='ltr'><strong>καὶ</strong></span> <span class='ocrx_word' id='word_1_281' title='bbox 418 2335 530 2392; x_wconf 87' lang='grc' dir='ltr'>τοῖς</span> <span class='ocrx_word' id='word_1_282' title='bbox 557 2331 678 2382; x_wconf 86' lang='grc' dir='ltr'>τότε</span> <span class='ocrx_word' id='word_1_283' title='bbox 713 2331 971 2402; x_wconf 81' lang='grc' dir='ltr'>παροῦσι.</span> <span class='ocrx_word' id='word_1_284' title='bbox 1014 2335 1106 2385; x_wconf 72' lang='grc' dir='ltr'><strong>καὶ</strong></span> <span class='ocrx_word' id='word_1_285' title='bbox 1158 2335 1271 2393; x_wconf 80' lang='grc' dir='ltr'>τοῖς</span> <span class='ocrx_word' id='word_1_286' title='bbox 1319 2333 1523 2401; x_wconf 82' lang='grc' dir='ltr'>ἀρτίως</span> <span class='ocrx_word' id='word_1_287' title='bbox 1560 2333 1873 2393; x_wconf 83' lang='grc' dir='ltr'>ἀκούουσιν,</span> 
     </span>
    </p>
   </div>
   <div class='ocr_carea' id='block_1_41' title="bbox 290 2423 1873 2493">
    <p class='ocr_par' dir='ltr' id='par_1_41' title="bbox 290 2423 1873 2493">
     <span class='ocr_line' id='line_1_41' title="bbox 290 2423 1873 2493; baseline -0.001 -19"><span class='ocrx_word' id='word_1_288' title='bbox 290 2423 419 2483; x_wconf 72' lang='grc' dir='ltr'>τοὺς</span> <span class='ocrx_word' id='word_1_289' title='bbox 444 2424 755 2484; x_wconf 75' lang='grc' dir='ltr'>σεσωκότας</span> <span class='ocrx_word' id='word_1_290' title='bbox 789 2424 1150 2493; x_wconf 77' lang='grc' dir='ltr'>ὑμνήσαντες,</span> <span class='ocrx_word' id='word_1_291' title='bbox 1203 2424 1297 2476; x_wconf 71' lang='grc' dir='ltr'><strong>καὶ</strong></span> <span class='ocrx_word' id='word_1_292' title='bbox 1338 2423 1511 2485; x_wconf 71' lang='grc' dir='ltr'>οὕτως</span> <span class='ocrx_word' id='word_1_293' title='bbox 1545 2424 1711 2487; x_wconf 76' lang='grc' dir='ltr'>ὀξέως</span> <span class='ocrx_word' id='word_1_294' title='bbox 1754 2425 1873 2474; x_wconf 84' lang='grc' dir='ltr'>ὲπι-</span> 
     </span>
    </p>
   </div>
   <div class='ocr_carea' id='block_1_42' title="bbox 293 2515 1875 2586">
    <p class='ocr_par' dir='ltr' id='par_1_42' title="bbox 293 2515 1875 2586">
     <span class='ocr_line' id='line_1_42' title="bbox 293 2515 1875 2586; baseline 0.001 -20"><span class='ocrx_word' id='word_1_295' title='bbox 293 2518 513 2585; x_wconf 85' lang='grc' dir='ltr'>κουρεῖν</span> <span class='ocrx_word' id='word_1_296' title='bbox 559 2519 653 2569; x_wconf 82' lang='grc' dir='ltr'><strong>καὶ</strong></span> <span class='ocrx_word' id='word_1_297' title='bbox 696 2518 826 2585; x_wconf 80' lang='grc' dir='ltr'>ἡμῖν</span> <span class='ocrx_word' id='word_1_298' title='bbox 872 2519 930 2569; x_wconf 80' lang='grc' dir='ltr'>ὲν</span> <span class='ocrx_word' id='word_1_299' title='bbox 986 2516 1254 2579; x_wconf 85' lang='grc' dir='ltr'>κινδύνοις</span> <span class='ocrx_word' id='word_1_300' title='bbox 1326 2518 1689 2586; x_wconf 84' lang='grc' dir='ltr'>αἰτήσαντες,</span> <span class='ocrx_word' id='word_1_301' title='bbox 1748 2515 1875 2567; x_wconf 84' lang='grc' dir='ltr'>ἄλλο</span> 
     </span>
    </p>
   </div>
   <div class='ocr_carea' id='block_1_43' title="bbox 290 2605 1750 2677">
    <p class='ocr_par' dir='ltr' id='par_1_43' title="bbox 290 2605 1750 2677">
     <span class='ocr_line' id='line_1_43' title="bbox 290 2605 1750 2677; baseline 0 -18"><span class='ocrx_word' id='word_1_302' title='bbox 290 2608 579 2677; x_wconf 77' lang='grc' dir='ltr'>τεράστιον</span> <span class='ocrx_word' id='word_1_303' title='bbox 598 2607 775 2659; x_wconf 83' lang='grc' dir='ltr'>ἄλλων</span> <span class='ocrx_word' id='word_1_304' title='bbox 802 2606 1043 2658; x_wconf 77' lang='grc' dir='ltr'>ἐπαίνων</span> <span class='ocrx_word' id='word_1_305' title='bbox 1070 2605 1430 2676; x_wconf 82' lang='grc' dir='ltr'>ποιησώμεθα</span> <span class='ocrx_word' id='word_1_306' title='bbox 1457 2607 1750 2675; x_wconf 64' lang='grc' dir='ltr'>πρόφασιν.</span> 
     </span>
    </p>
   </div>
   <div class='ocr_carea' id='block_1_44' title="bbox 1982 1964 3560 2030">
    <p class='ocr_par' dir='ltr' id='par_1_44' title="bbox 1982 1964 3560 2030">
     <span class='ocr_line' id='line_1_44' title="bbox 1982 1964 3560 2030; baseline 0.005 -15"><span class='ocrx_word' id='word_1_307' title='bbox 1982 1973 2034 2015; x_wconf 83' lang='lat' dir='ltr'><strong>et</strong></span> <span class='ocrx_word' id='word_1_308' title='bbox 2061 1964 2242 2016; x_wconf 87' lang='lat' dir='ltr'><strong>taliter</strong></span> <span class='ocrx_word' id='word_1_309' title='bbox 2276 1965 2494 2018; x_wconf 88' lang='lat' dir='ltr'><strong>homine</strong></span> <span class='ocrx_word' id='word_1_310' title='bbox 2526 1974 2725 2030; x_wconf 90' lang='lat' dir='ltr'><strong>tracto,</strong></span> <span class='ocrx_word' id='word_1_311' title='bbox 2760 1974 2935 2019; x_wconf 85' lang='lat' dir='ltr'><strong>totout</strong></span> <span class='ocrx_word' id='word_1_312' title='bbox 2969 1968 3116 2021; x_wconf 89' lang='lat' dir='ltr'><strong>illius</strong></span> <span class='ocrx_word' id='word_1_313' title='bbox 3140 1969 3461 2022; x_wconf 88' lang='lat' dir='ltr'><strong>caleaneum</strong></span> <span class='ocrx_word' id='word_1_314' title='bbox 3492 1970 3560 2023; x_wconf 90' lang='lat' dir='ltr'><strong>ad</strong></span> 
     </span>
    </p>
   </div>
   <div class='ocr_carea' id='block_1_45' title="bbox 1982 2052 3560 2123">
    <p class='ocr_par' dir='ltr' id='par_1_45' title="bbox 1982 2052 3560 2123">
     <span class='ocr_line' id='line_1_45' title="bbox 1982 2052 3560 2123; baseline 0.004 -18"><span class='ocrx_word' id='word_1_315' title='bbox 1982 2052 2184 2121; x_wconf 79' lang='lat' dir='ltr'><strong>digitus</strong></span> <span class='ocrx_word' id='word_1_316' title='bbox 2241 2070 2413 2123; x_wconf 88' lang='lat' dir='ltr'><strong>usque</strong></span> <span class='ocrx_word' id='word_1_317' title='bbox 2470 2056 2704 2123; x_wconf 90' lang='lat' dir='ltr'><strong>partitus</strong></span> <span class='ocrx_word' id='word_1_318' title='bbox 2762 2064 2881 2110; x_wconf 89' lang='lat' dir='ltr'><strong>est.</strong></span> <span class='ocrx_word' id='word_1_319' title='bbox 2934 2056 3106 2121; x_wconf 88' lang='lat' dir='ltr'><strong>Quem</strong></span> <span class='ocrx_word' id='word_1_320' title='bbox 3181 2058 3324 2111; x_wconf 82' lang='lat' dir='ltr'><strong>sicut</strong></span> <span class='ocrx_word' id='word_1_321' title='bbox 3369 2057 3560 2112; x_wconf 80' lang='lat' dir='ltr'><strong>folium</strong></span> 
     </span>
    </p>
   </div>
   <div class='ocr_carea' id='block_1_46' title="bbox 1983 2144 3555 2218">
    <p class='ocr_par' dir='ltr' id='par_1_46' title="bbox 1983 2144 3555 2218">
     <span class='ocr_line' id='line_1_46' title="bbox 1983 2144 3555 2218; baseline 0.005 -23"><span class='ocrx_word' id='word_1_322' title='bbox 1983 2144 2128 2212; x_wconf 91' lang='lat' dir='ltr'><strong>quod</strong></span> <span class='ocrx_word' id='word_1_323' title='bbox 2185 2160 2249 2198; x_wconf 77' lang='lat' dir='ltr'><strong>ex</strong></span> <span class='ocrx_word' id='word_1_324' title='bbox 2279 2147 2474 2199; x_wconf 90' lang='lat' dir='ltr'><strong>arbore</strong></span> <span class='ocrx_word' id='word_1_325' title='bbox 2512 2146 2733 2215; x_wconf 89' lang='lat' dir='ltr'><strong>pcudet,</strong></span> <span class='ocrx_word' id='word_1_326' title='bbox 2790 2161 2843 2201; x_wconf 88' lang='lat' dir='ltr'><strong>et</strong></span> <span class='ocrx_word' id='word_1_327' title='bbox 2879 2148 2981 2203; x_wconf 89' lang='lat' dir='ltr'><strong>ltac</strong></span> <span class='ocrx_word' id='word_1_328' title='bbox 3006 2149 3246 2218; x_wconf 89' lang='lat' dir='ltr'><strong>illacque</strong></span> <span class='ocrx_word' id='word_1_329' title='bbox 3288 2148 3555 2213; x_wconf 81' lang='lat' dir='ltr'><strong>defertur,</strong></span> 
     </span>
    </p>
   </div>
   <div class='ocr_carea' id='block_1_47' title="bbox 1984 2237 3559 2303">
    <p class='ocr_par' dir='ltr' id='par_1_47' title="bbox 1984 2237 3559 2303">
     <span class='ocr_line' id='line_1_47' title="bbox 1984 2237 3559 2303; baseline 0.004 -18"><span class='ocrx_word' id='word_1_330' title='bbox 1984 2245 2169 2289; x_wconf 84' lang='lat' dir='ltr'><strong>cerote</strong></span> <span class='ocrx_word' id='word_1_331' title='bbox 2227 2237 2587 2291; x_wconf 84' lang='lat' dir='ltr'><strong>medicamine</strong></span> <span class='ocrx_word' id='word_1_332' title='bbox 2646 2237 2993 2303; x_wconf 86' lang='lat' dir='ltr'><strong>adunarunt,</strong></span> <span class='ocrx_word' id='word_1_333' title='bbox 3054 2240 3384 2294; x_wconf 81' lang='lat' dir='ltr'><strong>brevissimo</strong></span> <span class='ocrx_word' id='word_1_334' title='bbox 3437 2256 3559 2291; x_wconf 83' lang='lat' dir='ltr'><strong>Ino-</strong></span> 
     </span>
    </p>
   </div>
   <div class='ocr_carea' id='block_1_48' title="bbox 1986 2329 3560 2400">
    <p class='ocr_par' dir='ltr' id='par_1_48' title="bbox 1986 2329 3560 2400">
     <span class='ocr_line' id='line_1_48' title="bbox 1986 2329 3560 2400; baseline 0.005 -21"><span class='ocrx_word' id='word_1_335' title='bbox 1986 2336 2170 2380; x_wconf 84' lang='lat' dir='ltr'><strong>mento</strong></span> <span class='ocrx_word' id='word_1_336' title='bbox 2219 2329 2406 2396; x_wconf 90' lang='lat' dir='ltr'><strong>pedem</strong></span> <span class='ocrx_word' id='word_1_337' title='bbox 2437 2331 2792 2397; x_wconf 80' lang='lat' dir='ltr'><strong>animamque</strong></span> <span class='ocrx_word' id='word_1_338' title='bbox 2837 2332 3129 2397; x_wconf 76' lang='lat' dir='ltr'><strong>donantes,</strong></span> <span class='ocrx_word' id='word_1_339' title='bbox 3182 2340 3237 2385; x_wconf 91' lang='lat' dir='ltr'><strong>et</strong></span> <span class='ocrx_word' id='word_1_340' title='bbox 3283 2332 3560 2400; x_wconf 83' lang='lat' dir='ltr'><strong>insperate</strong></span> 
     </span>
    </p>
   </div>
   <div class='ocr_carea' id='block_1_49' title="bbox 1985 2420 3556 2489">
    <p class='ocr_par' dir='ltr' id='par_1_49' title="bbox 1985 2420 3556 2489">
     <span class='ocr_line' id='line_1_49' title="bbox 1985 2420 3556 2489; baseline 0.001 -18"><span class='ocrx_word' id='word_1_341' title='bbox 1985 2437 2011 2471; x_wconf 88' lang='lat' dir='ltr'><strong>a</strong></span> <span class='ocrx_word' id='word_1_342' title='bbox 2045 2421 2217 2473; x_wconf 87' lang='lat' dir='ltr'><strong>bestia</strong></span> <span class='ocrx_word' id='word_1_343' title='bbox 2257 2420 2440 2489; x_wconf 84' lang='lat' dir='ltr'><strong>fugere</strong></span> <span class='ocrx_word' id='word_1_344' title='bbox 2470 2422 2852 2477; x_wconf 85' lang='lat' dir='ltr'><strong>concedentes.</strong></span> <span class='ocrx_word' id='word_1_345' title='bbox 2915 2420 3085 2475; x_wconf 89' lang='lat' dir='ltr'><strong>Porro</strong></span> <span class='ocrx_word' id='word_1_346' title='bbox 3136 2438 3237 2477; x_wconf 90' lang='lat' dir='ltr'><strong>nos</strong></span> <span class='ocrx_word' id='word_1_347' title='bbox 3289 2438 3415 2476; x_wconf 91' lang='lat' dir='ltr'><strong>cum</strong></span> <span class='ocrx_word' id='word_1_348' title='bbox 3468 2438 3556 2483; x_wconf 86' lang='lat' dir='ltr'><strong>eo,</strong></span> 
     </span>
    </p>
   </div>
   <div class='ocr_carea' id='block_1_50' title="bbox 1983 2513 3561 2582">
    <p class='ocr_par' dir='ltr' id='par_1_50' title="bbox 1983 2513 3561 2582">
     <span class='ocr_line' id='line_1_50' title="bbox 1983 2513 3561 2582; baseline 0.002 -18"><span class='ocrx_word' id='word_1_349' title='bbox 1983 2513 2164 2566; x_wconf 89' lang='lat' dir='ltr'><strong>adhuc</strong></span> <span class='ocrx_word' id='word_1_350' title='bbox 2195 2514 2339 2566; x_wconf 90' lang='lat' dir='ltr'><strong>enim</strong></span> <span class='ocrx_word' id='word_1_351' title='bbox 2366 2513 2492 2567; x_wconf 87' lang='lat' dir='ltr'><strong>huic</strong></span> <span class='ocrx_word' id='word_1_352' title='bbox 2520 2522 2771 2582; x_wconf 75' lang='lat' dir='ltr'><strong>superest</strong></span> <span class='ocrx_word' id='word_1_353' title='bbox 2795 2515 2941 2577; x_wconf 78' lang='lat' dir='ltr'><strong>vitae,</strong></span> <span class='ocrx_word' id='word_1_354' title='bbox 2964 2524 3017 2567; x_wconf 85' lang='lat' dir='ltr'><strong>et</strong></span> <span class='ocrx_word' id='word_1_355' title='bbox 3046 2514 3132 2567; x_wconf 89' lang='lat' dir='ltr'><strong>his</strong></span> <span class='ocrx_word' id='word_1_356' title='bbox 3157 2515 3249 2582; x_wconf 87' lang='lat' dir='ltr'><strong>qui</strong></span> <span class='ocrx_word' id='word_1_357' title='bbox 3274 2524 3405 2567; x_wconf 92' lang='lat' dir='ltr'><strong>tunc</strong></span> <span class='ocrx_word' id='word_1_358' title='bbox 3432 2513 3561 2567; x_wconf 87' lang='lat' dir='ltr'><strong>ade-</strong></span> 
     </span>
    </p>
   </div>
   <div class='ocr_carea' id='block_1_51' title="bbox 1985 2604 3557 2673">
    <p class='ocr_par' dir='ltr' id='par_1_51' title="bbox 1985 2604 3557 2673">
     <span class='ocr_line' id='line_1_51' title="bbox 1985 2604 3557 2673; baseline 0.002 -19"><span class='ocrx_word' id='word_1_359' title='bbox 1985 2613 2107 2657; x_wconf 88' lang='lat' dir='ltr'><strong>rant</strong></span> <span class='ocrx_word' id='word_1_360' title='bbox 2138 2612 2192 2657; x_wconf 90' lang='lat' dir='ltr'><strong>et</strong></span> <span class='ocrx_word' id='word_1_361' title='bbox 2224 2604 2313 2671; x_wconf 88' lang='lat' dir='ltr'><strong>qui</strong></span> <span class='ocrx_word' id='word_1_362' title='bbox 2370 2604 2531 2658; x_wconf 89' lang='lat' dir='ltr'><strong>modo</strong></span> <span class='ocrx_word' id='word_1_363' title='bbox 2579 2604 2833 2667; x_wconf 88' lang='lat' dir='ltr'><strong>audiunt,</strong></span> <span class='ocrx_word' id='word_1_364' title='bbox 2870 2620 2964 2659; x_wconf 88' lang='lat' dir='ltr'><strong>eos</strong></span> <span class='ocrx_word' id='word_1_365' title='bbox 2992 2605 3085 2673; x_wconf 91' lang='lat' dir='ltr'><strong>qui</strong></span> <span class='ocrx_word' id='word_1_366' title='bbox 3140 2607 3354 2660; x_wconf 82' lang='lat' dir='ltr'><strong>salvum</strong></span> <span class='ocrx_word' id='word_1_367' title='bbox 3414 2605 3557 2659; x_wconf 83' lang='lat' dir='ltr'><strong>fece-</strong></span> 
     </span>
    </p>
   </div>
   <div class='ocr_carea' id='block_1_52' title="bbox 293 2698 3560 2770">
    <p class='ocr_par' dir='ltr' id='par_1_52' title="bbox 293 2698 3560 2770">
     <span class='ocr_line' id='line_1_52' title="bbox 293 2698 3560 2770; baseline 0.002 -22"><span class='ocrx_word' id='word_1_368' title='bbox 293 2710 428 2751; x_wconf 89' lang='lat' dir='ltr'><strong>runt</strong></span> <span class='ocrx_word' id='word_1_369' title='bbox 464 2700 637 2763; x_wconf 86' lang='lat' dir='ltr'><strong>illum,</strong></span> <span class='ocrx_word' id='word_1_370' title='bbox 693 2700 913 2770; x_wconf 86' lang='lat' dir='ltr'><strong>hymnis</strong></span> <span class='ocrx_word' id='word_1_371' title='bbox 962 2710 1382 2770; x_wconf 81' lang='lat' dir='ltr'><strong>prdsequentes,</strong></span> <span class='ocrx_word' id='word_1_372' title='bbox 1451 2712 1505 2754; x_wconf 89' lang='lat' dir='ltr'><strong>et</strong></span> <span class='ocrx_word' id='word_1_373' title='bbox 1561 2702 1633 2753; x_wconf 89' lang='lat' dir='ltr'><strong>ita</strong></span> <span class='ocrx_word' id='word_1_374' title='bbox 1674 2699 1936 2753; x_wconf 77' lang='lat' dir='ltr'><strong>velociter</strong></span> <span class='ocrx_word' id='word_1_375' title='bbox 1990 2699 2151 2751; x_wconf 83' lang='lat' dir='ltr'><strong>etiam</strong></span> <span class='ocrx_word' id='word_1_376' title='bbox 2207 2699 2366 2753; x_wconf 89' lang='lat' dir='ltr'><strong>nobis</strong></span> <span class='ocrx_word' id='word_1_377' title='bbox 2430 2698 2719 2752; x_wconf 84' lang='lat' dir='ltr'><strong>consulere</strong></span> <span class='ocrx_word' id='word_1_378' title='bbox 2773 2700 2828 2753; x_wconf 89' lang='lat' dir='ltr'><strong>in</strong></span> <span class='ocrx_word' id='word_1_379' title='bbox 2898 2700 3157 2768; x_wconf 88' lang='lat' dir='ltr'><strong>periculis</strong></span> <span class='ocrx_word' id='word_1_380' title='bbox 3222 2702 3560 2770; x_wconf 85' lang='lat' dir='ltr'><strong>postulantes</strong></span> 
     </span>
    </p>
   </div>
   <div class='ocr_carea' id='block_1_53' title="bbox 292 2789 2155 2861">
    <p class='ocr_par' dir='ltr' id='par_1_53' title="bbox 292 2789 2155 2861">
     <span class='ocr_line' id='line_1_53' title="bbox 292 2789 2155 2861; baseline 0.001 -21"><span class='ocrx_word' id='word_1_381' title='bbox 292 2792 442 2844; x_wconf 81' lang='lat' dir='ltr'><strong>aliud</strong></span> <span class='ocrx_word' id='word_1_382' title='bbox 476 2792 779 2861; x_wconf 83' lang='lat' dir='ltr'><strong>prodigium</strong></span> <span class='ocrx_word' id='word_1_383' title='bbox 814 2794 1045 2845; x_wconf 86' lang='lat' dir='ltr'><strong>aliarum</strong></span> <span class='ocrx_word' id='word_1_384' title='bbox 1090 2792 1724 2859; x_wconf 64' lang='lat' dir='ltr'><strong>faciamuspccasiouem</strong></span> <span class='ocrx_word' id='word_1_385' title='bbox 1758 2789 2155 2842; x_wconf 87' lang='lat' dir='ltr'><strong>laudationum.</strong></span> 
     </span>
    </p>
   </div>
   <div class='ocr_carea' id='block_1_54' title="bbox 496 2883 1677 2951">
    <p class='ocr_par' dir='ltr' id='par_1_54' title="bbox 496 2883 1677 2951">
     <span class='ocr_line' id='line_1_54' title="bbox 496 2883 1677 2951; baseline 0.002 -18"><span class='ocrx_word' id='word_1_386' title='bbox 496 2884 621 2936; x_wconf 70' lang='lat' dir='ltr'><strong>NA’.</strong></span> <span class='ocrx_word' id='word_1_387' title='bbox 662 2884 800 2951; x_wconf 75' lang='grc' dir='ltr'>Περὶ</span> <span class='ocrx_word' id='word_1_388' title='bbox 848 2883 1152 2951; x_wconf 79' lang='grc' dir='ltr'>Ἰσιδὼρου</span> <span class='ocrx_word' id='word_1_389' title='bbox 1182 2883 1677 2950; x_wconf 76' lang='grc' dir='ltr'>ἐπιληπτιῶντος.</span> 
     </span>
    </p>
   </div>
   <div class='ocr_carea' id='block_1_55' title="bbox 366 2972 1877 3047">
    <p class='ocr_par' dir='ltr' id='par_1_55' title="bbox 366 2972 1877 3047">
     <span class='ocr_line' id='line_1_55' title="bbox 366 2972 1877 3047; baseline 0 -23"><span class='ocrx_word' id='word_1_390' title='bbox 366 2974 431 3024; x_wconf 87' lang='grc' dir='ltr'>Σε</span> <span class='ocrx_word' id='word_1_391' title='bbox 442 2973 723 3041; x_wconf 85' lang='grc' dir='ltr'>μνυνέσθω</span> <span class='ocrx_word' id='word_1_392' title='bbox 754 2974 847 3027; x_wconf 77' lang='grc' dir='ltr'>καὶ</span> <span class='ocrx_word' id='word_1_393' title='bbox 872 2973 1164 3042; x_wconf 77' lang='grc' dir='ltr'>Δαμασκὸς</span> <span class='ocrx_word' id='word_1_394' title='bbox 1184 2975 1285 3025; x_wconf 70' lang='grc' dir='ltr'>ἐπὶ</span> <span class='ocrx_word' id='word_1_395' title='bbox 1308 2976 1421 3036; x_wconf 85' lang='grc' dir='ltr'>τοῖς</span> <span class='ocrx_word' id='word_1_396' title='bbox 1448 2974 1557 3025; x_wconf 83' lang='grc' dir='ltr'>τῶν</span> <span class='ocrx_word' id='word_1_397' title='bbox 1582 2972 1877 3047; x_wconf 83' lang='grc' dir='ltr'>μαρτύρων</span> 
     </span>
    </p>
   </div>
   <div class='ocr_carea' id='block_1_56' title="bbox 289 3064 1878 3135">
    <p class='ocr_par' dir='ltr' id='par_1_56' title="bbox 289 3064 1878 3135">
     <span class='ocr_line' id='line_1_56' title="bbox 289 3064 1878 3135; baseline -0.001 -19"><span class='ocrx_word' id='word_1_398' title='bbox 289 3066 635 3134; x_wconf 85' lang='grc' dir='ltr'>δωρήμασιν,</span> <span class='ocrx_word' id='word_1_399' title='bbox 666 3066 699 3135; x_wconf 85' lang='grc' dir='ltr'>ἠ</span> <span class='ocrx_word' id='word_1_400' title='bbox 734 3065 948 3117; x_wconf 79' lang='grc' dir='ltr'>Παῦλον</span> <span class='ocrx_word' id='word_1_401' title='bbox 994 3064 1345 3117; x_wconf 78' lang='grc' dir='ltr'>ἀπολαϐοῦσα</span> <span class='ocrx_word' id='word_1_402' title='bbox 1379 3066 1451 3134; x_wconf 80' lang='grc' dir='ltr'>μὴ</span> <span class='ocrx_word' id='word_1_403' title='bbox 1482 3065 1765 3133; x_wconf 83' lang='grc' dir='ltr'>βλέποντα,</span> <span class='ocrx_word' id='word_1_404' title='bbox 1798 3066 1878 3115; x_wconf 82' lang='grc' dir='ltr'>δι-</span> 
     </span>
    </p>
   </div>
   <div class='ocr_carea' id='block_1_57' title="bbox 292 3156 1880 3227">
    <p class='ocr_par' dir='ltr' id='par_1_57' title="bbox 292 3156 1880 3227">
     <span class='ocr_line' id='line_1_57' title="bbox 292 3156 1880 3227; baseline 0.001 -20"><span class='ocrx_word' id='word_1_405' title='bbox 292 3157 479 3223; x_wconf 80' lang='grc' dir='ltr'>ώκτην</span> <span class='ocrx_word' id='word_1_406' title='bbox 512 3156 817 3224; x_wconf 82' lang='grc' dir='ltr'>ξενήσασα,</span> <span class='ocrx_word' id='word_1_407' title='bbox 851 3159 945 3209; x_wconf 80' lang='grc' dir='ltr'><strong>καὶ</strong></span> <span class='ocrx_word' id='word_1_408' title='bbox 974 3158 1250 3226; x_wconf 85' lang='grc' dir='ltr'>ποιήσασα</span> <span class='ocrx_word' id='word_1_409' title='bbox 1281 3159 1518 3227; x_wconf 79' lang='grc' dir='ltr'>κήρυκα,</span> <span class='ocrx_word' id='word_1_410' title='bbox 1550 3159 1583 3225; x_wconf 87' lang='grc' dir='ltr'><strong>ή</strong></span> <span class='ocrx_word' id='word_1_411' title='bbox 1613 3156 1880 3225; x_wconf 79' lang='grc' dir='ltr'>φονευυῆ-</span> 
     </span>
    </p>
   </div>
   <div class='ocr_carea' id='block_1_58' title="bbox 2340 2880 3202 2952">
    <p class='ocr_par' dir='ltr' id='par_1_58' title="bbox 2340 2880 3202 2952">
     <span class='ocr_line' id='line_1_58' title="bbox 2340 2880 3202 2952; baseline 0.008 -18"><span class='ocrx_word' id='word_1_412' title='bbox 2340 2881 2473 2935; x_wconf 86' lang='lat' dir='ltr'><strong>LIV.</strong></span> <span class='ocrx_word' id='word_1_413' title='bbox 2508 2880 2579 2935; x_wconf 85' lang='lat' dir='ltr'><strong>De</strong></span> <span class='ocrx_word' id='word_1_414' title='bbox 2611 2881 2820 2935; x_wconf 77' lang='lat' dir='ltr'><strong>Isidoro</strong></span> <span class='ocrx_word' id='word_1_415' title='bbox 2853 2884 3202 2952; x_wconf 78' lang='lat' dir='ltr'><strong>epilemptiro.</strong></span> 
     </span>
    </p>
   </div>
   <div class='ocr_carea' id='block_1_59' title="bbox 2056 2972 3550 3047">
    <p class='ocr_par' dir='ltr' id='par_1_59' title="bbox 2056 2972 3550 3047">
     <span class='ocr_line' id='line_1_59' title="bbox 2056 2972 3550 3047; baseline 0.007 -23"><span class='ocrx_word' id='word_1_416' title='bbox 2056 2972 2355 3026; x_wconf 85' lang='lat' dir='ltr'><strong>Decoretur</strong></span> <span class='ocrx_word' id='word_1_417' title='bbox 2376 2975 2539 3027; x_wconf 90' lang='lat' dir='ltr'><strong>etiam</strong></span> <span class='ocrx_word' id='word_1_418' title='bbox 2580 2973 2881 3028; x_wconf 79' lang='lat' dir='ltr'><strong>Damascus</strong></span> <span class='ocrx_word' id='word_1_419' title='bbox 2923 2977 2975 3027; x_wconf 93' lang='lat' dir='ltr'><strong>iu</strong></span> <span class='ocrx_word' id='word_1_420' title='bbox 3010 2987 3308 3047; x_wconf 81' lang='lat' dir='ltr'><strong>martyrum</strong></span> <span class='ocrx_word' id='word_1_421' title='bbox 3366 2979 3550 3046; x_wconf 83' lang='lat' dir='ltr'><strong>donis,</strong></span> 
     </span>
    </p>
   </div>
   <div class='ocr_carea' id='block_1_60' title="bbox 1982 3065 3562 3133">
    <p class='ocr_par' dir='ltr' id='par_1_60' title="bbox 1982 3065 3562 3133">
     <span class='ocr_line' id='line_1_60' title="bbox 1982 3065 3562 3133; baseline 0.009 -20"><span class='ocrx_word' id='word_1_422' title='bbox 1982 3079 2103 3132; x_wconf 68' lang='lat' dir='ltr'><strong>qua:</strong></span> <span class='ocrx_word' id='word_1_423' title='bbox 2155 3065 2381 3118; x_wconf 89' lang='lat' dir='ltr'><strong>Paulum</strong></span> <span class='ocrx_word' id='word_1_424' title='bbox 2436 3066 2661 3121; x_wconf 88' lang='lat' dir='ltr'><strong>admisit</strong></span> <span class='ocrx_word' id='word_1_425' title='bbox 2721 3082 2828 3120; x_wconf 90' lang='lat' dir='ltr'><strong>non</strong></span> <span class='ocrx_word' id='word_1_426' title='bbox 2878 3068 3176 3133; x_wconf 79' lang='lat' dir='ltr'><strong>videntem,</strong></span> <span class='ocrx_word' id='word_1_427' title='bbox 3235 3079 3289 3125; x_wconf 87' lang='lat' dir='ltr'><strong>et</strong></span> <span class='ocrx_word' id='word_1_428' title='bbox 3351 3074 3562 3127; x_wconf 59' lang='lat' dir='ltr'><strong>diu‘tisit</strong></span> 
     </span>
    </p>
   </div>
   <div class='ocr_carea' id='block_1_61' title="bbox 1983 3154 3559 3226">
    <p class='ocr_par' dir='ltr' id='par_1_61' title="bbox 1983 3154 3559 3226">
     <span class='ocr_line' id='line_1_61' title="bbox 1983 3154 3559 3226; baseline 0.008 -22"><span class='ocrx_word' id='word_1_429' title='bbox 1983 3154 2277 3219; x_wconf 89' lang='lat' dir='ltr'><strong>videntem,</strong></span> <span class='ocrx_word' id='word_1_430' title='bbox 2305 3166 2359 3211; x_wconf 84' lang='lat' dir='ltr'><strong>et</strong></span> <span class='ocrx_word' id='word_1_431' title='bbox 2384 3157 2622 3225; x_wconf 91' lang='lat' dir='ltr'><strong>hospitio</strong></span> <span class='ocrx_word' id='word_1_432' title='bbox 2666 3158 2871 3226; x_wconf 90' lang='lat' dir='ltr'><strong>recepit</strong></span> <span class='ocrx_word' id='word_1_433' title='bbox 2894 3168 3323 3226; x_wconf 86' lang='lat' dir='ltr'><strong>persecutorem,</strong></span> <span class='ocrx_word' id='word_1_434' title='bbox 3352 3170 3404 3216; x_wconf 90' lang='lat' dir='ltr'><strong>et</strong></span> <span class='ocrx_word' id='word_1_435' title='bbox 3432 3162 3559 3217; x_wconf 82' lang='lat' dir='ltr'><strong>fecit</strong></span> 
     </span>
    </p>
   </div>
   <div class='ocr_carea' id='block_1_62' title="bbox 290 3247 1980 3340">
    <p class='ocr_par' dir='ltr' id='par_1_62' title="bbox 290 3247 1950 3340">
     <span class='ocr_line' id='line_1_62' title="bbox 290 3247 1950 3340; baseline 0 -40"><span class='ocrx_word' id='word_1_436' title='bbox 290 3266 381 3301; x_wconf 88' lang='grc' dir='ltr'><strong>ναι</strong></span> <span class='ocrx_word' id='word_1_437' title='bbox 412 3248 743 3316; x_wconf 82' lang='grc' dir='ltr'>ζητούμενον</span> <span class='ocrx_word' id='word_1_438' title='bbox 766 3248 1039 3316; x_wconf 75' lang='grc' dir='ltr'>κρύψασα,</span> <span class='ocrx_word' id='word_1_439' title='bbox 1063 3248 1155 3299; x_wconf 76' lang='grc' dir='ltr'><strong>καὶ</strong></span> <span class='ocrx_word' id='word_1_440' title='bbox 1188 3248 1275 3298; x_wconf 76' lang='grc' dir='ltr'>διὰ</span> <span class='ocrx_word' id='word_1_441' title='bbox 1306 3247 1517 3315; x_wconf 83' lang='grc' dir='ltr'>Θυρίδος</span> <span class='ocrx_word' id='word_1_442' title='bbox 1547 3251 1603 3300; x_wconf 80' lang='grc' dir='ltr'><strong>εν</strong></span> <span class='ocrx_word' id='word_1_443' title='bbox 1635 3249 1877 3318; x_wconf 80' lang='grc' dir='ltr'>σαργάνῃ</span> <span class='ocrx_word' id='word_1_444' title='bbox 1907 3287 1950 3340; x_wconf 78' lang='lat' dir='ltr'>c</span> 
     </span>
    </p>
   </div>
   <div class='ocr_carea' id='block_1_63' title="bbox 1866 3247 3556 3340">
    <p class='ocr_par' dir='ltr' id='par_1_63' title="bbox 1866 3247 3556 3340">
     <span class='ocr_line' id='line_1_63' title="bbox 1866 3247 3556 3340; baseline 0.005 -44"><span class='ocrx_word' id='word_1_445' title='bbox 1866 3265 1950 3340; x_wconf 62' lang='grc' dir='ltr'>γε</span> <span class='ocrx_word' id='word_1_446' title='bbox 1986 3247 2440 3312; x_wconf 69' lang='lat' dir='ltr'><strong>praedicatorem;</strong></span> <span class='ocrx_word' id='word_1_447' title='bbox 2488 3264 2648 3316; x_wconf 89' lang='lat' dir='ltr'><strong>quem</strong></span> <span class='ocrx_word' id='word_1_448' title='bbox 2700 3250 2988 3316; x_wconf 57' lang='lat' dir='ltr'><strong>quesitum</strong></span> <span class='ocrx_word' id='word_1_449' title='bbox 3054 3252 3120 3303; x_wconf 86' lang='lat' dir='ltr'><strong>ad</strong></span> <span class='ocrx_word' id='word_1_450' title='bbox 3173 3253 3556 3317; x_wconf 82' lang='lat' dir='ltr'><strong>occidendum,</strong></span> 
     </span>
    </p>
   </div>
   <div class='ocr_carea' id='block_1_64' title="bbox 292 3336 1879 3405">
    <p class='ocr_par' dir='ltr' id='par_1_64' title="bbox 292 3336 1879 3405">
     <span class='ocr_line' id='line_1_64' title="bbox 292 3336 1879 3405; baseline -0.001 -16"><span class='ocrx_word' id='word_1_451' title='bbox 292 3336 488 3398; x_wconf 75' lang='grc' dir='ltr'>νυκτὸς</span> <span class='ocrx_word' id='word_1_452' title='bbox 524 3336 945 3403; x_wconf 84' lang='grc' dir='ltr'>φυγαδεύσασα·</span> <span class='ocrx_word' id='word_1_453' title='bbox 985 3336 1075 3387; x_wconf 82' lang='grc' dir='ltr'>καὶ</span> <span class='ocrx_word' id='word_1_454' title='bbox 1123 3338 1222 3404; x_wconf 79' lang='grc' dir='ltr'>τῆς</span> <span class='ocrx_word' id='word_1_455' title='bbox 1258 3336 1362 3405; x_wconf 86' lang='grc' dir='ltr'><strong>πρὸ</strong></span> <span class='ocrx_word' id='word_1_456' title='bbox 1395 3337 1597 3402; x_wconf 77' lang='grc' dir='ltr'>ταύτης</span> <span class='ocrx_word' id='word_1_457' title='bbox 1624 3336 1879 3405; x_wconf 75' lang='grc' dir='ltr'>εὐδαιμο-</span> 
     </span>
    </p>
   </div>
   <div class='ocr_carea' id='block_1_65' title="bbox 292 3426 1881 3496">
    <p class='ocr_par' dir='ltr' id='par_1_65' title="bbox 292 3426 1881 3496">
     <span class='ocr_line' id='line_1_65' title="bbox 292 3426 1881 3496; baseline 0 -17"><span class='ocrx_word' id='word_1_458' title='bbox 292 3429 414 3489; x_wconf 90' lang='grc' dir='ltr'>νίας</span> <span class='ocrx_word' id='word_1_459' title='bbox 456 3428 517 3479; x_wconf 75' lang='grc' dir='ltr'>τὸ</span> <span class='ocrx_word' id='word_1_460' title='bbox 550 3430 842 3496; x_wconf 82' lang='grc' dir='ltr'>μετασχεῖν</span> <span class='ocrx_word' id='word_1_461' title='bbox 878 3426 987 3479; x_wconf 84' lang='grc' dir='ltr'><strong>τῶν</strong></span> <span class='ocrx_word' id='word_1_462' title='bbox 1019 3426 1192 3493; x_wconf 84' lang='grc' dir='ltr'>ἁγίων</span> <span class='ocrx_word' id='word_1_463' title='bbox 1220 3430 1317 3495; x_wconf 84' lang='grc' dir='ltr'>τῆς</span> <span class='ocrx_word' id='word_1_464' title='bbox 1368 3428 1588 3495; x_wconf 82' lang='grc' dir='ltr'>χάριτος</span> <span class='ocrx_word' id='word_1_465' title='bbox 1639 3428 1881 3493; x_wconf 79' lang='grc' dir='ltr'>ἡγείσθω</span> 
     </span>
    </p>
   </div>
   <div class='ocr_carea' id='block_1_66' title="bbox 292 3518 1880 3589">
    <p class='ocr_par' dir='ltr' id='par_1_66' title="bbox 292 3518 1880 3589">
     <span class='ocr_line' id='line_1_66' title="bbox 292 3518 1880 3589; baseline 0 -19"><span class='ocrx_word' id='word_1_466' title='bbox 292 3518 696 3589; x_wconf 82' lang='grc' dir='ltr'>λαμπρότερον.</span> <span class='ocrx_word' id='word_1_467' title='bbox 729 3518 879 3587; x_wconf 79' lang='grc' dir='ltr'>Αὕτη</span> <span class='ocrx_word' id='word_1_468' title='bbox 919 3518 1028 3587; x_wconf 85' lang='grc' dir='ltr'><strong>γὰρ</strong></span> <span class='ocrx_word' id='word_1_469' title='bbox 1060 3519 1161 3587; x_wconf 84' lang='grc' dir='ltr'><strong>τῆς</strong></span> <span class='ocrx_word' id='word_1_470' title='bbox 1208 3518 1392 3588; x_wconf 85' lang='grc' dir='ltr'>κοίλης</span> <span class='ocrx_word' id='word_1_471' title='bbox 1442 3520 1639 3587; x_wconf 84' lang='grc' dir='ltr'>Συρίας</span> <span class='ocrx_word' id='word_1_472' title='bbox 1677 3520 1880 3589; x_wconf 75' lang='grc' dir='ltr'>μητρό-</span> 
     </span>
    </p>
   </div>
   <div class='ocr_carea' id='block_1_67' title="bbox 292 3613 1879 3687">
    <p class='ocr_par' dir='ltr' id='par_1_67' title="bbox 292 3613 1879 3687">
     <span class='ocr_line' id='line_1_67' title="bbox 292 3613 1879 3687; baseline 0.001 -22"><span class='ocrx_word' id='word_1_473' title='bbox 292 3613 471 3675; x_wconf 77' lang='grc' dir='ltr'>πολις,</span> <span class='ocrx_word' id='word_1_474' title='bbox 488 3614 584 3681; x_wconf 84' lang='grc' dir='ltr'>τῆς</span> <span class='ocrx_word' id='word_1_475' title='bbox 600 3613 725 3684; x_wconf 84' lang='grc' dir='ltr'>ὅλης</span> <span class='ocrx_word' id='word_1_476' title='bbox 745 3613 917 3682; x_wconf 85' lang='grc' dir='ltr'>Ἐῴας</span> <span class='ocrx_word' id='word_1_477' title='bbox 942 3614 1184 3682; x_wconf 82' lang='grc' dir='ltr'>ἀρχηγὸς</span> <span class='ocrx_word' id='word_1_478' title='bbox 1206 3613 1512 3678; x_wconf 82' lang='grc' dir='ltr'>ἐϐασίλευε,</span> <span class='ocrx_word' id='word_1_479' title='bbox 1532 3615 1691 3667; x_wconf 87' lang='grc' dir='ltr'>Νῖνον</span> <span class='ocrx_word' id='word_1_480' title='bbox 1712 3616 1879 3687; x_wconf 80' lang='grc' dir='ltr'>ἑαυτῇ</span> 
     </span>
    </p>
   </div>
   <div class='ocr_carea' id='block_1_68' title="bbox 294 3704 1875 3775">
    <p class='ocr_par' dir='ltr' id='par_1_68' title="bbox 294 3704 1875 3775">
     <span class='ocr_line' id='line_1_68' title="bbox 294 3704 1875 3775; baseline 0.003 -18"><span class='ocrx_word' id='word_1_481' title='bbox 294 3706 672 3773; x_wconf 79' lang='grc' dir='ltr'>βασιλεύοντα,</span> <span class='ocrx_word' id='word_1_482' title='bbox 707 3706 798 3757; x_wconf 71' lang='grc' dir='ltr'><strong>καὶ</strong></span> <span class='ocrx_word' id='word_1_483' title='bbox 828 3705 1144 3774; x_wconf 83' lang='grc' dir='ltr'>Σεμίραμιν</span> <span class='ocrx_word' id='word_1_484' title='bbox 1176 3704 1273 3775; x_wconf 86' lang='grc' dir='ltr'>τὴν</span> <span class='ocrx_word' id='word_1_485' title='bbox 1306 3705 1619 3775; x_wconf 84' lang='grc' dir='ltr'>περίφημον</span> <span class='ocrx_word' id='word_1_486' title='bbox 1660 3707 1875 3775; x_wconf 80' lang='grc' dir='ltr'>ἔχουσα.</span> 
     </span>
    </p>
   </div>
   <div class='ocr_carea' id='block_1_69' title="bbox 294 3795 1880 3867">
    <p class='ocr_par' dir='ltr' id='par_1_69' title="bbox 294 3795 1880 3867">
     <span class='ocr_line' id='line_1_69' title="bbox 294 3795 1880 3867; baseline -0.001 -16"><span class='ocrx_word' id='word_1_487' title='bbox 294 3798 361 3851; x_wconf 78' lang='grc' dir='ltr'><strong>Ἀ</strong></span> <span class='ocrx_word' id='word_1_488' title='bbox 373 3815 500 3866; x_wconf 81' lang='grc' dir='ltr'><strong>μφω</strong></span> <span class='ocrx_word' id='word_1_489' title='bbox 528 3797 639 3866; x_wconf 86' lang='grc' dir='ltr'>γὰρ</span> <span class='ocrx_word' id='word_1_490' title='bbox 663 3798 781 3849; x_wconf 81' lang='grc' dir='ltr'>ἐκεῖ</span> <span class='ocrx_word' id='word_1_491' title='bbox 806 3795 1248 3865; x_wconf 84' lang='grc' dir='ltr'>βασιλεύσαντες,</span> <span class='ocrx_word' id='word_1_492' title='bbox 1269 3797 1362 3849; x_wconf 80' lang='grc' dir='ltr'>καὶ</span> <span class='ocrx_word' id='word_1_493' title='bbox 1378 3798 1582 3865; x_wconf 82' lang='grc' dir='ltr'>τείχεσι</span> <span class='ocrx_word' id='word_1_494' title='bbox 1602 3800 1700 3867; x_wconf 81' lang='grc' dir='ltr'><strong>τὴν</strong></span> <span class='ocrx_word' id='word_1_495' title='bbox 1724 3798 1880 3852; x_wconf 83' lang='grc' dir='ltr'>πόλιν</span> 
     </span>
    </p>
   </div>
   <div class='ocr_carea' id='block_1_70' title="bbox 290 3887 1881 3957">
    <p class='ocr_par' dir='ltr' id='par_1_70' title="bbox 290 3887 1881 3957">
     <span class='ocr_line' id='line_1_70' title="bbox 290 3887 1881 3957; baseline 0.001 -16"><span class='ocrx_word' id='word_1_496' title='bbox 290 3889 697 3951; x_wconf 81' lang='grc' dir='ltr'>κυκλώσαντες,</span> <span class='ocrx_word' id='word_1_497' title='bbox 736 3888 831 3941; x_wconf 82' lang='grc' dir='ltr'><strong>ἀπ’</strong></span> <span class='ocrx_word' id='word_1_498' title='bbox 862 3887 1035 3957; x_wconf 79' lang='grc' dir='ltr'>αὐτῆς</span> <span class='ocrx_word' id='word_1_499' title='bbox 1068 3888 1167 3950; x_wconf 86' lang='grc' dir='ltr'>τὰς</span> <span class='ocrx_word' id='word_1_500' title='bbox 1194 3888 1452 3950; x_wconf 80' lang='grc' dir='ltr'>ἀποικίας</span> <span class='ocrx_word' id='word_1_501' title='bbox 1483 3888 1774 3957; x_wconf 75' lang='grc' dir='ltr'>ἐξήγαγον,</span> <span class='ocrx_word' id='word_1_502' title='bbox 1801 3891 1881 3953; x_wconf 82' lang='grc' dir='ltr'>εἷς</span> 
     </span>
    </p>
   </div>
   <div class='ocr_carea' id='block_1_71' title="bbox 288 3977 1877 4049">
    <p class='ocr_par' dir='ltr' id='par_1_71' title="bbox 288 3977 1877 4049">
     <span class='ocr_line' id='line_1_71' title="bbox 288 3977 1877 4049; baseline 0 -17"><span class='ocrx_word' id='word_1_503' title='bbox 288 3997 349 4032; x_wconf 88' lang='grc' dir='ltr'><strong>τε</strong></span> <span class='ocrx_word' id='word_1_504' title='bbox 385 3979 483 4049; x_wconf 84' lang='grc' dir='ltr'>τὴν</span> <span class='ocrx_word' id='word_1_505' title='bbox 520 3977 702 4032; x_wconf 77' lang='grc' dir='ltr'>Ἀσίαν</span> <span class='ocrx_word' id='word_1_506' title='bbox 733 3979 827 4031; x_wconf 74' lang='grc' dir='ltr'><strong>καὶ</strong></span> <span class='ocrx_word' id='word_1_507' title='bbox 865 3977 1123 4048; x_wconf 74' lang='grc' dir='ltr'><strong>⁹Αραϐίαν</strong></span> <span class='ocrx_word' id='word_1_508' title='bbox 1151 3978 1247 4047; x_wconf 78' lang='grc' dir='ltr'><strong>τὴν</strong></span> <span class='ocrx_word' id='word_1_509' title='bbox 1276 3977 1578 4047; x_wconf 84' lang='grc' dir='ltr'>λεγομένην</span> <span class='ocrx_word' id='word_1_510' title='bbox 1610 3978 1877 4048; x_wconf 76' lang='grc' dir='ltr'>Εὐδαίμο-</span> 
     </span>
    </p>
   </div>
   <div class='ocr_carea' id='block_1_72' title="bbox 288 4069 1879 4139">
    <p class='ocr_par' dir='ltr' id='par_1_72' title="bbox 288 4069 1879 4139">
     <span class='ocr_line' id='line_1_72' title="bbox 288 4069 1879 4139; baseline -0.001 -16"><span class='ocrx_word' id='word_1_511' title='bbox 288 4089 379 4125; x_wconf 82' lang='grc' dir='ltr'>να.</span> <span class='ocrx_word' id='word_1_512' title='bbox 402 4070 628 4139; x_wconf 87' lang='grc' dir='ltr'>Ἔμεινε</span> <span class='ocrx_word' id='word_1_513' title='bbox 654 4070 710 4123; x_wconf 77' lang='grc' dir='ltr'>δὲ</span> <span class='ocrx_word' id='word_1_514' title='bbox 730 4070 1019 4138; x_wconf 82' lang='grc' dir='ltr'>Δαμασκὸς</span> <span class='ocrx_word' id='word_1_515' title='bbox 1046 4069 1405 4139; x_wconf 85' lang='grc' dir='ltr'>βασιλεύουσα</span> <span class='ocrx_word' id='word_1_516' title='bbox 1433 4069 1537 4131; x_wconf 64' lang='grc' dir='ltr'>ἕως</span> <span class='ocrx_word' id='word_1_517' title='bbox 1564 4072 1591 4123; x_wconf 85' lang='grc' dir='ltr'>ὁ</span> <span class='ocrx_word' id='word_1_518' title='bbox 1612 4070 1879 4123; x_wconf 84' lang='grc' dir='ltr'>Μακεδὼν</span> 
     </span>
    </p>
   </div>
   <div class='ocr_carea' id='block_1_73' title="bbox 302 4156 1879 4229">
    <p class='ocr_par' dir='ltr' id='par_1_73' title="bbox 302 4156 1879 4229">
     <span class='ocr_line' id='line_1_73' title="bbox 302 4156 1879 4229; baseline 0 -18"><span class='ocrx_word' id='word_1_519' title='bbox 302 4159 654 4229; x_wconf 75' lang='grc' dir='ltr'>Ἀλέξανδρος</span> <span class='ocrx_word' id='word_1_520' title='bbox 685 4160 909 4227; x_wconf 82' lang='grc' dir='ltr'>Δαρεῖον</span> <span class='ocrx_word' id='word_1_521' title='bbox 941 4157 1164 4218; x_wconf 84' lang='grc' dir='ltr'>ἀνελὼν.</span> <span class='ocrx_word' id='word_1_522' title='bbox 1204 4159 1328 4220; x_wconf 78' lang='grc' dir='ltr'>τοὺς</span> <span class='ocrx_word' id='word_1_523' title='bbox 1362 4156 1528 4211; x_wconf 76' lang='grc' dir='ltr'>αὑτοῦ</span> <span class='ocrx_word' id='word_1_524' title='bbox 1570 4158 1879 4228; x_wconf 73' lang='grc' dir='ltr'>θησαυροὺς</span> 
     </span>
    </p>
   </div>
   <div class='ocr_carea' id='block_1_74' title="bbox 289 4248 1875 4319">
    <p class='ocr_par' dir='ltr' id='par_1_74' title="bbox 289 4248 1875 4319">
     <span class='ocr_line' id='line_1_74' title="bbox 289 4248 1875 4319; baseline -0.003 -15"><span class='ocrx_word' id='word_1_525' title='bbox 289 4256 355 4304; x_wconf 81' lang='grc' dir='ltr'>ἐκ</span> <span class='ocrx_word' id='word_1_526' title='bbox 383 4250 587 4319; x_wconf 88' lang='grc' dir='ltr'>ταύτης</span> <span class='ocrx_word' id='word_1_527' title='bbox 614 4250 894 4317; x_wconf 84' lang='grc' dir='ltr'>ἀφείλατο,</span> <span class='ocrx_word' id='word_1_528' title='bbox 926 4248 1173 4302; x_wconf 84' lang='grc' dir='ltr'>καθελὼν</span> <span class='ocrx_word' id='word_1_529' title='bbox 1204 4249 1301 4302; x_wconf 76' lang='grc' dir='ltr'><strong>σὺν</strong></span> <span class='ocrx_word' id='word_1_530' title='bbox 1330 4249 1479 4318; x_wconf 75' lang='grc' dir='ltr'>αὐτῷ</span> <span class='ocrx_word' id='word_1_531' title='bbox 1504 4248 1572 4301; x_wconf 80' lang='grc' dir='ltr'>τὰ</span> <span class='ocrx_word' id='word_1_532' title='bbox 1608 4250 1875 4319; x_wconf 76' lang='grc' dir='ltr'>βασίλεια·</span> 
     </span>
    </p>
   </div>
   <div class='ocr_carea' id='block_1_75' title="bbox 288 4338 1874 4409">
    <p class='ocr_par' dir='ltr' id='par_1_75' title="bbox 288 4338 1874 4409">
     <span class='ocr_line' id='line_1_75' title="bbox 288 4338 1874 4409; baseline -0.003 -13"><span class='ocrx_word' id='word_1_533' title='bbox 288 4360 386 4396; x_wconf 82' lang='grc' dir='ltr'><strong>και</strong></span> <span class='ocrx_word' id='word_1_534' title='bbox 409 4344 585 4395; x_wconf 82' lang='grc' dir='ltr'>ταῦτα</span> <span class='ocrx_word' id='word_1_535' title='bbox 617 4344 716 4409; x_wconf 84' lang='grc' dir='ltr'>μὲν</span> <span class='ocrx_word' id='word_1_536' title='bbox 747 4340 948 4404; x_wconf 68' lang='grc' dir='ltr'>ἔξωθεν</span> <span class='ocrx_word' id='word_1_537' title='bbox 974 4340 1102 4409; x_wconf 77' lang='grc' dir='ltr'>περὶ</span> <span class='ocrx_word' id='word_1_538' title='bbox 1124 4339 1416 4409; x_wconf 84' lang='grc' dir='ltr'>Δαμασκοῦ</span> <span class='ocrx_word' id='word_1_539' title='bbox 1448 4338 1874 4409; x_wconf 64' lang='grc' dir='ltr'>μεμαθήκαμεν</span> 
     </span>
    </p>
   </div>
   <div class='ocr_carea' id='block_1_76' title="bbox 286 4430 1875 4503">
    <p class='ocr_par' dir='ltr' id='par_1_76' title="bbox 286 4430 1875 4503">
     <span class='ocr_line' id='line_1_76' title="bbox 286 4430 1875 4503; baseline -0.003 -16"><span class='ocrx_word' id='word_1_540' title='bbox 286 4435 350 4487; x_wconf 82' lang='grc' dir='ltr'>οὐ</span> <span class='ocrx_word' id='word_1_541' title='bbox 391 4436 498 4503; x_wconf 82' lang='grc' dir='ltr'><strong>μὴν</strong></span> <span class='ocrx_word' id='word_1_542' title='bbox 530 4434 666 4486; x_wconf 78' lang='grc' dir='ltr'>ἀλλὰ</span> <span class='ocrx_word' id='word_1_543' title='bbox 700 4434 793 4485; x_wconf 74' lang='grc' dir='ltr'>καὶ</span> <span class='ocrx_word' id='word_1_544' title='bbox 823 4432 1034 4485; x_wconf 86' lang='grc' dir='ltr'>πολλῶν</span> <span class='ocrx_word' id='word_1_545' title='bbox 1059 4430 1325 4501; x_wconf 83' lang='grc' dir='ltr'>βασιλέων</span> <span class='ocrx_word' id='word_1_546' title='bbox 1356 4432 1414 4483; x_wconf 70' lang='grc' dir='ltr'>ἐν</span> <span class='ocrx_word' id='word_1_547' title='bbox 1440 4433 1575 4502; x_wconf 74' lang='grc' dir='ltr'>αὐτῇ</span> <span class='ocrx_word' id='word_1_548' title='bbox 1598 4432 1875 4501; x_wconf 83' lang='grc' dir='ltr'>θεασάμε-</span> 
     </span>
    </p>
   </div>
   <div class='ocr_carea' id='block_1_77' title="bbox 287 4523 1873 4594">
    <p class='ocr_par' dir='ltr' id='par_1_77' title="bbox 287 4523 1873 4594">
     <span class='ocr_line' id='line_1_77' title="bbox 287 4523 1873 4594; baseline -0.001 -15"><span class='ocrx_word' id='word_1_549' title='bbox 287 4542 371 4579; x_wconf 90' lang='grc' dir='ltr'><strong>νοι</strong></span> <span class='ocrx_word' id='word_1_550' title='bbox 405 4530 687 4594; x_wconf 85' lang='grc' dir='ltr'>μνήματα.</span> <span class='ocrx_word' id='word_1_551' title='bbox 733 4524 869 4577; x_wconf 74' lang='grc' dir='ltr'><strong>Ἀπὸ</strong></span> <span class='ocrx_word' id='word_1_552' title='bbox 884 4524 940 4576; x_wconf 77' lang='grc' dir='ltr'>δὲ</span> <span class='ocrx_word' id='word_1_553' title='bbox 970 4524 1067 4593; x_wconf 84' lang='grc' dir='ltr'><strong>τῆς</strong></span> <span class='ocrx_word' id='word_1_554' title='bbox 1091 4523 1452 4576; x_wconf 83' lang='grc' dir='ltr'>θεοπνεύστου</span> <span class='ocrx_word' id='word_1_555' title='bbox 1470 4524 1692 4593; x_wconf 73' lang='grc' dir='ltr'>Γραερῆς</span> <span class='ocrx_word' id='word_1_556' title='bbox 1714 4524 1873 4577; x_wconf 87' lang='grc' dir='ltr'>πάλιν</span> 
     </span>
    </p>
   </div>
   <div class='ocr_carea' id='block_1_78' title="bbox 1985 3339 3558 3409">
    <p class='ocr_par' dir='ltr' id='par_1_78' title="bbox 1985 3339 3558 3409">
     <span class='ocr_line' id='line_1_78' title="bbox 1985 3339 3558 3409; baseline 0.003 -18"><span class='ocrx_word' id='word_1_557' title='bbox 1985 3339 2306 3401; x_wconf 72' lang='lat' dir='ltr'><strong>occultavit,</strong></span> <span class='ocrx_word' id='word_1_558' title='bbox 2363 3349 2416 3393; x_wconf 90' lang='lat' dir='ltr'><strong>et</strong></span> <span class='ocrx_word' id='word_1_559' title='bbox 2474 3349 2640 3393; x_wconf 88' lang='lat' dir='ltr'><strong>noctu</strong></span> <span class='ocrx_word' id='word_1_560' title='bbox 2694 3356 2791 3409; x_wconf 85' lang='lat' dir='ltr'><strong>per</strong></span> <span class='ocrx_word' id='word_1_561' title='bbox 2848 3341 3145 3394; x_wconf 85' lang='lat' dir='ltr'><strong>fenestram</strong></span> <span class='ocrx_word' id='word_1_562' title='bbox 3203 3344 3558 3398; x_wconf 85' lang='lat' dir='ltr'><strong>summissum</strong></span> 
     </span>
    </p>
   </div>
   <div class='ocr_carea' id='block_1_79' title="bbox 1986 3427 3559 3503">
    <p class='ocr_par' dir='ltr' id='par_1_79' title="bbox 1986 3427 3559 3503">
     <span class='ocr_line' id='line_1_79' title="bbox 1986 3427 3559 3503; baseline 0.004 -25"><span class='ocrx_word' id='word_1_563' title='bbox 1986 3427 2039 3480; x_wconf 92' lang='lat' dir='ltr'><strong>in</strong></span> <span class='ocrx_word' id='word_1_564' title='bbox 2074 3438 2255 3495; x_wconf 86' lang='lat' dir='ltr'><strong>sporta</strong></span> <span class='ocrx_word' id='word_1_565' title='bbox 2293 3428 2518 3498; x_wconf 84' lang='lat' dir='ltr'><strong>fugavit,</strong></span> <span class='ocrx_word' id='word_1_566' title='bbox 2552 3439 2608 3482; x_wconf 90' lang='lat' dir='ltr'><strong>ut</strong></span> <span class='ocrx_word' id='word_1_567' title='bbox 2637 3445 2701 3483; x_wconf 77' lang='lat' dir='ltr'><strong>ex</strong></span> <span class='ocrx_word' id='word_1_568' title='bbox 2752 3441 3068 3483; x_wconf 90' lang='lat' dir='ltr'><strong>sanctorum</strong></span> <span class='ocrx_word' id='word_1_569' title='bbox 3106 3434 3294 3500; x_wconf 75' lang='lat' dir='ltr'><strong>gratire</strong></span> <span class='ocrx_word' id='word_1_570' title='bbox 3335 3434 3559 3503; x_wconf 78' lang='lat' dir='ltr'><strong>partici—</strong></span> 
     </span>
    </p>
   </div>
   <div class='ocr_carea' id='block_1_80' title="bbox 1987 3518 3557 3595">
    <p class='ocr_par' dir='ltr' id='par_1_80' title="bbox 1987 3518 3557 3595">
     <span class='ocr_line' id='line_1_80' title="bbox 1987 3518 3557 3595; baseline 0.006 -27"><span class='ocrx_word' id='word_1_571' title='bbox 1987 3518 2205 3585; x_wconf 89' lang='lat' dir='ltr'><strong>patione</strong></span> <span class='ocrx_word' id='word_1_572' title='bbox 2233 3519 2338 3571; x_wconf 76' lang='lat' dir='ltr'><strong>dux</strong></span> <span class='ocrx_word' id='word_1_573' title='bbox 2393 3521 2598 3573; x_wconf 88' lang='lat' dir='ltr'><strong>clarius</strong></span> <span class='ocrx_word' id='word_1_574' title='bbox 2636 3521 2748 3583; x_wconf 89' lang='lat' dir='ltr'><strong>fiat,</strong></span> <span class='ocrx_word' id='word_1_575' title='bbox 2782 3536 2945 3589; x_wconf 88' lang='lat' dir='ltr'><strong>quam</strong></span> <span class='ocrx_word' id='word_1_576' title='bbox 3003 3538 3066 3575; x_wconf 76' lang='lat' dir='ltr'><strong>ex</strong></span> <span class='ocrx_word' id='word_1_577' title='bbox 3122 3521 3379 3578; x_wconf 88' lang='lat' dir='ltr'><strong>felicitate</strong></span> <span class='ocrx_word' id='word_1_578' title='bbox 3435 3541 3557 3595; x_wconf 77' lang='lat' dir='ltr'><strong>qua:</strong></span> 
     </span>
    </p>
   </div>
   <div class='ocr_carea' id='block_1_81' title="bbox 1983 3611 3554 3685">
    <p class='ocr_par' dir='ltr' id='par_1_81' title="bbox 1983 3611 3554 3685">
     <span class='ocr_line' id='line_1_81' title="bbox 1983 3611 3554 3685; baseline 0.005 -24"><span class='ocrx_word' id='word_1_579' title='bbox 1983 3611 2125 3662; x_wconf 91' lang='lat' dir='ltr'><strong>hanc</strong></span> <span class='ocrx_word' id='word_1_580' title='bbox 2174 3612 2472 3679; x_wconf 70' lang='lat' dir='ltr'><strong>praecessit.</strong></span> <span class='ocrx_word' id='word_1_581' title='bbox 2510 3612 2633 3665; x_wconf 72' lang='lat' dir='ltr'><strong>lhcc</strong></span> <span class='ocrx_word' id='word_1_582' title='bbox 2662 3614 2805 3665; x_wconf 91' lang='lat' dir='ltr'><strong>enim</strong></span> <span class='ocrx_word' id='word_1_583' title='bbox 2842 3629 2965 3667; x_wconf 91' lang='lat' dir='ltr'><strong>cum</strong></span> <span class='ocrx_word' id='word_1_584' title='bbox 3006 3613 3318 3685; x_wconf 69' lang='lat' dir='ltr'><strong>Cwlesyriaa</strong></span> <span class='ocrx_word' id='word_1_585' title='bbox 3349 3626 3554 3669; x_wconf 85' lang='lat' dir='ltr'><strong>metro-</strong></span> 
     </span>
    </p>
   </div>
   <div class='ocr_carea' id='block_1_82' title="bbox 1982 3698 3560 3773">
    <p class='ocr_par' dir='ltr' id='par_1_82' title="bbox 1982 3698 3560 3773">
     <span class='ocr_line' id='line_1_82' title="bbox 1982 3698 3560 3773; baseline 0.005 -21"><span class='ocrx_word' id='word_1_586' title='bbox 1982 3698 2121 3767; x_wconf 90' lang='lat' dir='ltr'><strong>polis</strong></span> <span class='ocrx_word' id='word_1_587' title='bbox 2154 3710 2318 3763; x_wconf 90' lang='lat' dir='ltr'><strong>esset,</strong></span> <span class='ocrx_word' id='word_1_588' title='bbox 2355 3699 2405 3752; x_wconf 91' lang='lat' dir='ltr'><strong>iu</strong></span> <span class='ocrx_word' id='word_1_589' title='bbox 2443 3709 2558 3753; x_wconf 86' lang='lat' dir='ltr'><strong>toto</strong></span> <span class='ocrx_word' id='word_1_590' title='bbox 2587 3716 2814 3769; x_wconf 84' lang='lat' dir='ltr'><strong>prorsus</strong></span> <span class='ocrx_word' id='word_1_591' title='bbox 2863 3699 3084 3755; x_wconf 90' lang='lat' dir='ltr'><strong>Oriente</strong></span> <span class='ocrx_word' id='word_1_592' title='bbox 3116 3704 3404 3771; x_wconf 90' lang='lat' dir='ltr'><strong>principali</strong></span> <span class='ocrx_word' id='word_1_593' title='bbox 3435 3705 3560 3773; x_wconf 88' lang='lat' dir='ltr'><strong>jure</strong></span> 
     </span>
    </p>
   </div>
   <div class='ocr_carea' id='block_1_83' title="bbox 1984 3789 3559 3861">
    <p class='ocr_par' dir='ltr' id='par_1_83' title="bbox 1984 3789 3559 3861">
     <span class='ocr_line' id='line_1_83' title="bbox 1984 3789 3559 3861; baseline 0.004 -19"><span class='ocrx_word' id='word_1_594' title='bbox 1984 3790 2265 3859; x_wconf 81' lang='lat' dir='ltr'><strong>regnabat,</strong></span> <span class='ocrx_word' id='word_1_595' title='bbox 2320 3789 2518 3844; x_wconf 84' lang='lat' dir='ltr'><strong>Ninum</strong></span> <span class='ocrx_word' id='word_1_596' title='bbox 2554 3792 2607 3845; x_wconf 90' lang='lat' dir='ltr'><strong>in</strong></span> <span class='ocrx_word' id='word_1_597' title='bbox 2641 3808 2701 3846; x_wconf 88' lang='lat' dir='ltr'><strong>se</strong></span> <span class='ocrx_word' id='word_1_598' title='bbox 2752 3802 3091 3861; x_wconf 85' lang='lat' dir='ltr'><strong>regnantem,</strong></span> <span class='ocrx_word' id='word_1_599' title='bbox 3122 3804 3174 3847; x_wconf 91' lang='lat' dir='ltr'><strong>et</strong></span> <span class='ocrx_word' id='word_1_600' title='bbox 3232 3792 3559 3849; x_wconf 87' lang='lat' dir='ltr'><strong>Semiramin</strong></span> 
     </span>
    </p>
   </div>
   <div class='ocr_carea' id='block_1_84' title="bbox 1986 3878 3552 3955">
    <p class='ocr_par' dir='ltr' id='par_1_84' title="bbox 1986 3878 3552 3955">
     <span class='ocr_line' id='line_1_84' title="bbox 1986 3878 3552 3955; baseline 0.005 -24"><span class='ocrx_word' id='word_1_601' title='bbox 1986 3878 2195 3934; x_wconf 88' lang='lat' dir='ltr'><strong>habens</strong></span> <span class='ocrx_word' id='word_1_602' title='bbox 2228 3880 2374 3933; x_wconf 89' lang='lat' dir='ltr'><strong>illam</strong></span> <span class='ocrx_word' id='word_1_603' title='bbox 2427 3881 2715 3935; x_wconf 86' lang='lat' dir='ltr'><strong>famosam.</strong></span> <span class='ocrx_word' id='word_1_604' title='bbox 2748 3882 2923 3935; x_wconf 86' lang='lat' dir='ltr'><strong>Ambo</strong></span> <span class='ocrx_word' id='word_1_605' title='bbox 2952 3884 3154 3953; x_wconf 89' lang='lat' dir='ltr'><strong>quippe</strong></span> <span class='ocrx_word' id='word_1_606' title='bbox 3176 3886 3289 3939; x_wconf 89' lang='lat' dir='ltr'><strong>illic</strong></span> <span class='ocrx_word' id='word_1_607' title='bbox 3318 3900 3552 3955; x_wconf 77' lang='lat' dir='ltr'><strong>regnan-</strong></span> 
     </span>
    </p>
   </div>
   <div class='ocr_carea' id='block_1_85' title="bbox 1982 3973 3556 4039">
    <p class='ocr_par' dir='ltr' id='par_1_85' title="bbox 1982 3973 3556 4039">
     <span class='ocr_line' id='line_1_85' title="bbox 1982 3973 3556 4039; baseline 0.007 -18"><span class='ocrx_word' id='word_1_608' title='bbox 1982 3978 2085 4034; x_wconf 85' lang='lat' dir='ltr'><strong>tes,</strong></span> <span class='ocrx_word' id='word_1_609' title='bbox 2116 3981 2168 4024; x_wconf 90' lang='lat' dir='ltr'><strong>et</strong></span> <span class='ocrx_word' id='word_1_610' title='bbox 2202 3973 2372 4025; x_wconf 90' lang='lat' dir='ltr'><strong>muris</strong></span> <span class='ocrx_word' id='word_1_611' title='bbox 2398 3973 2676 4026; x_wconf 82' lang='lat' dir='ltr'><strong>civitatein</strong></span> <span class='ocrx_word' id='word_1_612' title='bbox 2707 3975 3133 4039; x_wconf 89' lang='lat' dir='ltr'><strong>circumdautes,</strong></span> <span class='ocrx_word' id='word_1_613' title='bbox 3165 3978 3234 4029; x_wconf 87' lang='lat' dir='ltr'><strong>ab</strong></span> <span class='ocrx_word' id='word_1_614' title='bbox 3284 3993 3348 4030; x_wconf 82' lang='lat' dir='ltr'><strong>ea</strong></span> <span class='ocrx_word' id='word_1_615' title='bbox 3402 3978 3556 4032; x_wconf 86' lang='lat' dir='ltr'><strong>habi-</strong></span> 
     </span>
    </p>
   </div>
   <div class='ocr_carea' id='block_1_86' title="bbox 1982 4062 3554 4135">
    <p class='ocr_par' dir='ltr' id='par_1_86' title="bbox 1982 4062 3554 4135">
     <span class='ocr_line' id='line_1_86' title="bbox 1982 4062 3554 4135; baseline 0.004 -22"><span class='ocrx_word' id='word_1_616' title='bbox 1982 4062 2157 4115; x_wconf 84' lang='lat' dir='ltr'><strong>tacula</strong></span> <span class='ocrx_word' id='word_1_617' title='bbox 2188 4064 2495 4117; x_wconf 80' lang='lat' dir='ltr'><strong>eduxerunt</strong></span> <span class='ocrx_word' id='word_1_618' title='bbox 2527 4073 2635 4117; x_wconf 86' lang='lat' dir='ltr'><strong>tant</strong></span> <span class='ocrx_word' id='word_1_619' title='bbox 2682 4065 2735 4118; x_wconf 93' lang='lat' dir='ltr'><strong>in</strong></span> <span class='ocrx_word' id='word_1_620' title='bbox 2765 4067 2946 4119; x_wconf 84' lang='lat' dir='ltr'><strong>Asiam</strong></span> <span class='ocrx_word' id='word_1_621' title='bbox 3000 4082 3162 4135; x_wconf 85' lang='lat' dir='ltr'><strong>quam</strong></span> <span class='ocrx_word' id='word_1_622' title='bbox 3202 4068 3254 4120; x_wconf 93' lang='lat' dir='ltr'><strong>in</strong></span> <span class='ocrx_word' id='word_1_623' title='bbox 3303 4070 3554 4120; x_wconf 73' lang='lat' dir='ltr'><strong>Arabiam</strong></span> 
     </span>
    </p>
   </div>
   <div class='ocr_carea' id='block_1_87' title="bbox 1981 4151 3556 4212">
    <p class='ocr_par' dir='ltr' id='par_1_87' title="bbox 1981 4151 3556 4212">
     <span class='ocr_line' id='line_1_87' title="bbox 1981 4151 3556 4212; baseline 0.004 -7"><span class='ocrx_word' id='word_1_624' title='bbox 1981 4152 2182 4206; x_wconf 86' lang='lat' dir='ltr'><strong>dictam</strong></span> <span class='ocrx_word' id='word_1_625' title='bbox 2211 4151 2561 4208; x_wconf 67' lang='lat' dir='ltr'><strong>Eudatnona.</strong></span> <span class='ocrx_word' id='word_1_626' title='bbox 2616 4154 2815 4208; x_wconf 86' lang='lat' dir='ltr'><strong>Mansit</strong></span> <span class='ocrx_word' id='word_1_627' title='bbox 2871 4163 3050 4209; x_wconf 86' lang='lat' dir='ltr'><strong>autent</strong></span> <span class='ocrx_word' id='word_1_628' title='bbox 3116 4157 3416 4212; x_wconf 87' lang='lat' dir='ltr'><strong>Damascus</strong></span> <span class='ocrx_word' id='word_1_629' title='bbox 3473 4176 3556 4211; x_wconf 86' lang='lat' dir='ltr'><strong>re-</strong></span> 
     </span>
    </p>
   </div>
   <div class='ocr_carea' id='block_1_88' title="bbox 1980 4243 3549 4319">
    <p class='ocr_par' dir='ltr' id='par_1_88' title="bbox 1980 4243 3549 4319">
     <span class='ocr_line' id='line_1_88' title="bbox 1980 4243 3549 4319; baseline 0.004 -25"><span class='ocrx_word' id='word_1_630' title='bbox 1980 4258 2177 4311; x_wconf 82' lang='lat' dir='ltr'><strong>gnans,</strong></span> <span class='ocrx_word' id='word_1_631' title='bbox 2208 4244 2384 4297; x_wconf 89' lang='lat' dir='ltr'><strong>donec</strong></span> <span class='ocrx_word' id='word_1_632' title='bbox 2412 4243 2721 4298; x_wconf 79' lang='lat' dir='ltr'><strong>Alexander</strong></span> <span class='ocrx_word' id='word_1_633' title='bbox 2746 4244 2969 4299; x_wconf 80' lang='lat' dir='ltr'><strong>Macedo</strong></span> <span class='ocrx_word' id='word_1_634' title='bbox 3012 4244 3175 4299; x_wconf 78' lang='lat' dir='ltr'><strong>Dario</strong></span> <span class='ocrx_word' id='word_1_635' title='bbox 3202 4249 3549 4319; x_wconf 81' lang='lat' dir='ltr'><strong>interempto,</strong></span> 
     </span>
    </p>
   </div>
   <div class='ocr_carea' id='block_1_89' title="bbox 1978 4333 3553 4403">
    <p class='ocr_par' dir='ltr' id='par_1_89' title="bbox 1978 4333 3553 4403">
     <span class='ocr_line' id='line_1_89' title="bbox 1978 4333 3553 4403; baseline 0.004 -18"><span class='ocrx_word' id='word_1_636' title='bbox 1978 4348 2045 4386; x_wconf 77' lang='lat' dir='ltr'><strong>ex</strong></span> <span class='ocrx_word' id='word_1_637' title='bbox 2097 4333 2201 4388; x_wconf 87' lang='lat' dir='ltr'><strong>bac</strong></span> <span class='ocrx_word' id='word_1_638' title='bbox 2232 4334 2517 4387; x_wconf 84' lang='lat' dir='ltr'><strong>thesauros</strong></span> <span class='ocrx_word' id='word_1_639' title='bbox 2548 4334 2666 4402; x_wconf 89' lang='lat' dir='ltr'><strong>ejus</strong></span> <span class='ocrx_word' id='word_1_640' title='bbox 2694 4335 2915 4397; x_wconf 88' lang='lat' dir='ltr'><strong>ademit,</strong></span> <span class='ocrx_word' id='word_1_641' title='bbox 2962 4349 3083 4387; x_wconf 91' lang='lat' dir='ltr'><strong>eum</strong></span> <span class='ocrx_word' id='word_1_642' title='bbox 3119 4335 3235 4403; x_wconf 90' lang='lat' dir='ltr'><strong>ipsa</strong></span> <span class='ocrx_word' id='word_1_643' title='bbox 3262 4340 3426 4389; x_wconf 87' lang='lat' dir='ltr'><strong>etiam</strong></span> <span class='ocrx_word' id='word_1_644' title='bbox 3467 4356 3553 4391; x_wconf 86' lang='lat' dir='ltr'><strong>re-</strong></span> 
     </span>
    </p>
   </div>
   <div class='ocr_carea' id='block_1_90' title="bbox 1979 4422 3555 4493">
    <p class='ocr_par' dir='ltr' id='par_1_90' title="bbox 1979 4422 3555 4493">
     <span class='ocr_line' id='line_1_90' title="bbox 1979 4422 3555 4493; baseline 0.004 -17"><span class='ocrx_word' id='word_1_645' title='bbox 1979 4423 2119 4492; x_wconf 82' lang='lat' dir='ltr'><strong>galia</strong></span> <span class='ocrx_word' id='word_1_646' title='bbox 2155 4422 2463 4479; x_wconf 85' lang='lat' dir='ltr'><strong>destruens.</strong></span> <span class='ocrx_word' id='word_1_647' title='bbox 2518 4423 2584 4476; x_wconf 87' lang='lat' dir='ltr'><strong>Et</strong></span> <span class='ocrx_word' id='word_1_648' title='bbox 2635 4425 2748 4477; x_wconf 65' lang='lat' dir='ltr'><strong>lucc</strong></span> <span class='ocrx_word' id='word_1_649' title='bbox 2802 4425 3020 4493; x_wconf 88' lang='lat' dir='ltr'><strong>quidem</strong></span> <span class='ocrx_word' id='word_1_650' title='bbox 3074 4427 3419 4480; x_wconf 77' lang='lat' dir='ltr'><strong>extrinseCus</strong></span> <span class='ocrx_word' id='word_1_651' title='bbox 3487 4430 3555 4483; x_wconf 85' lang='lat' dir='ltr'><strong>de</strong></span> 
     </span>
    </p>
   </div>
   <div class='ocr_carea' id='block_1_91' title="bbox 1980 4514 3549 4588">
    <p class='ocr_par' dir='ltr' id='par_1_91' title="bbox 1980 4514 3549 4588">
     <span class='ocr_line' id='line_1_91' title="bbox 1980 4514 3549 4588; baseline 0.001 -22"><span class='ocrx_word' id='word_1_652' title='bbox 1980 4515 2246 4570; x_wconf 85' lang='lat' dir='ltr'><strong>Damasco</strong></span> <span class='ocrx_word' id='word_1_653' title='bbox 2282 4515 2612 4580; x_wconf 88' lang='lat' dir='ltr'><strong>didicimus;</strong></span> <span class='ocrx_word' id='word_1_654' title='bbox 2647 4516 2941 4569; x_wconf 91' lang='lat' dir='ltr'><strong>multorum</strong></span> <span class='ocrx_word' id='word_1_655' title='bbox 2982 4514 3334 4570; x_wconf 89' lang='lat' dir='ltr'><strong>nihilominus</strong></span> <span class='ocrx_word' id='word_1_656' title='bbox 3363 4532 3549 4588; x_wconf 83' lang='lat' dir='ltr'><strong>regum</strong></span> 
     </span>
    </p>
   </div>
   <div class='ocr_carea' id='block_1_92' title="bbox 286 4608 1976 4686">
    <p class='ocr_par' dir='ltr' id='par_1_92' title="bbox 286 4615 1952 4686">
     <span class='ocr_line' id='line_1_92' title="bbox 286 4615 1952 4686; baseline 0 -17"><span class='ocrx_word' id='word_1_657' title='bbox 286 4616 461 4686; x_wconf 80' lang='grc' dir='ltr'>αὐτὴν</span> <span class='ocrx_word' id='word_1_658' title='bbox 522 4615 916 4684; x_wconf 85' lang='grc' dir='ltr'>βασιλεύουσαν</span> <span class='ocrx_word' id='word_1_659' title='bbox 967 4616 1233 4684; x_wconf 78' lang='grc' dir='ltr'>ἔγνωμεν,</span> <span class='ocrx_word' id='word_1_660' title='bbox 1262 4615 1354 4668; x_wconf 76' lang='grc' dir='ltr'><strong>τὸν</strong></span> <span class='ocrx_word' id='word_1_661' title='bbox 1401 4615 1517 4667; x_wconf 84' lang='grc' dir='ltr'>υἱὸν</span> <span class='ocrx_word' id='word_1_662' title='bbox 1552 4616 1727 4684; x_wconf 82' lang='grc' dir='ltr'>Ἀδὲρ,</span> <span class='ocrx_word' id='word_1_663' title='bbox 1782 4617 1872 4668; x_wconf 73' lang='grc' dir='ltr'>τὸν</span> <span class='ocrx_word' id='word_1_664' title='bbox 1909 4615 1952 4669; x_wconf 79' lang='grc' dir='ltr'><strong>ι)</strong></span> 
     </span>
    </p>
   </div>
   <div class='ocr_carea' id='block_1_93' title="bbox 1860 4608 3550 4686">
    <p class='ocr_par' dir='ltr' id='par_1_93' title="bbox 1860 4608 3550 4680">
     <span class='ocr_line' id='line_1_93' title="bbox 1860 4608 3550 4680; baseline -0.001 -17"><span class='ocrx_word' id='word_1_665' title='bbox 1860 4632 1872 4667; x_wconf 68' lang='grc' dir='ltr'><strong>ι</strong></span> <span class='ocrx_word' id='word_1_666' title='bbox 1909 4615 1952 4669; x_wconf 79' lang='grc' dir='ltr'><strong>ι)</strong></span> <span class='ocrx_word' id='word_1_667' title='bbox 1982 4611 2036 4663; x_wconf 94' lang='lat' dir='ltr'><strong>iu</strong></span> <span class='ocrx_word' id='word_1_668' title='bbox 2070 4611 2185 4680; x_wconf 90' lang='lat' dir='ltr'><strong>ipsa</strong></span> <span class='ocrx_word' id='word_1_669' title='bbox 2238 4616 2592 4664; x_wconf 83' lang='lat' dir='ltr'><strong>m‘onumenta</strong></span> <span class='ocrx_word' id='word_1_670' title='bbox 2633 4609 2900 4664; x_wconf 87' lang='lat' dir='ltr'><strong>videntes.</strong></span> <span class='ocrx_word' id='word_1_671' title='bbox 2957 4610 3002 4661; x_wconf 81' lang='grc' dir='ltr'><strong>Α</strong></span> <span class='ocrx_word' id='word_1_672' title='bbox 3061 4608 3324 4663; x_wconf 82' lang='lat' dir='ltr'><strong>divinitus</strong></span> <span class='ocrx_word' id='word_1_673' title='bbox 3371 4616 3550 4663; x_wconf 84' lang='lat' dir='ltr'><strong>ante&#39;m</strong></span> 
     </span>
    </p>
   </div>
   <div class='ocr_carea' id='block_1_94' title="bbox 285 4706 1868 4777">
    <p class='ocr_par' dir='ltr' id='par_1_94' title="bbox 285 4706 1868 4777">
     <span class='ocr_line' id='line_1_94' title="bbox 285 4706 1868 4777; baseline -0.001 -16"><span class='ocrx_word' id='word_1_674' title='bbox 285 4709 486 4775; x_wconf 64' lang='grc' dir='ltr'><strong>⁴ιδούλα,</strong></span> <span class='ocrx_word' id='word_1_675' title='bbox 519 4709 611 4761; x_wconf 83' lang='grc' dir='ltr'><strong>τὸν</strong></span> <span class='ocrx_word' id='word_1_676' title='bbox 644 4707 1127 4777; x_wconf 84' lang='grc' dir='ltr'>Θεγλαφελλασὰρ,</span> <span class='ocrx_word' id='word_1_677' title='bbox 1163 4708 1255 4759; x_wconf 85' lang='grc' dir='ltr'><strong>τὸν</strong></span> <span class='ocrx_word' id='word_1_678' title='bbox 1289 4706 1509 4776; x_wconf 79' lang='grc' dir='ltr'>Ἀζαὴλ,</span> <span class='ocrx_word' id='word_1_679' title='bbox 1543 4709 1632 4759; x_wconf 85' lang='grc' dir='ltr'><strong>τὸν</strong></span> <span class='ocrx_word' id='word_1_680' title='bbox 1670 4708 1868 4760; x_wconf 71' lang='grc' dir='ltr'>Ῥαασο</span> 
     </span>
    </p>
   </div>
   <div class='ocr_carea' id='block_1_95' title="bbox 288 4794 1869 4870">
    <p class='ocr_par' dir='ltr' id='par_1_95' title="bbox 288 4794 1869 4870">
     <span class='ocr_line' id='line_1_95' title="bbox 288 4794 1869 4870; baseline -0.001 -17"><span class='ocrx_word' id='word_1_681' title='bbox 288 4802 399 4855; x_wconf 87' lang='grc' dir='ltr'><strong>σὼν</strong></span> <span class='ocrx_word' id='word_1_682' title='bbox 436 4800 821 4870; x_wconf 86' lang='grc' dir='ltr'>βασιλεύοντας</span> <span class='ocrx_word' id='word_1_683' title='bbox 847 4800 1046 4869; x_wconf 77' lang='grc' dir='ltr'>ἔχουσα</span> <span class='ocrx_word' id='word_1_684' title='bbox 1069 4816 1081 4828; x_wconf 89' lang='grc'>·</span> <span class='ocrx_word' id='word_1_685' title='bbox 1108 4794 1184 4851; x_wconf 84' lang='grc' dir='ltr'>ὧν</span> <span class='ocrx_word' id='word_1_686' title='bbox 1213 4799 1379 4851; x_wconf 83' lang='grc' dir='ltr'>πλέον</span> <span class='ocrx_word' id='word_1_687' title='bbox 1406 4800 1663 4853; x_wconf 84' lang='grc' dir='ltr'>ἁπάντων</span> <span class='ocrx_word' id='word_1_688' title='bbox 1687 4799 1869 4868; x_wconf 83' lang='grc' dir='ltr'>Κύρου</span> 
     </span>
    </p>
   </div>
   <div class='ocr_carea' id='block_1_96' title="bbox 286 4889 1872 4961">
    <p class='ocr_par' dir='ltr' id='par_1_96' title="bbox 286 4889 1872 4961">
     <span class='ocr_line' id='line_1_96' title="bbox 286 4889 1872 4961; baseline -0.005 -13"><span class='ocrx_word' id='word_1_689' title='bbox 286 4897 383 4948; x_wconf 73' lang='grc' dir='ltr'><strong>καὶ</strong></span> <span class='ocrx_word' id='word_1_690' title='bbox 401 4896 649 4947; x_wconf 80' lang='grc' dir='ltr'>Ἰωάννου</span> <span class='ocrx_word' id='word_1_691' title='bbox 671 4893 889 4961; x_wconf 84' lang='grc' dir='ltr'>δωρεῶν</span> <span class='ocrx_word' id='word_1_692' title='bbox 912 4890 1293 4953; x_wconf 77' lang='grc' dir='ltr'>ἀπολαύσασα,</span> <span class='ocrx_word' id='word_1_693' title='bbox 1312 4892 1408 4943; x_wconf 76' lang='grc' dir='ltr'>καὶ</span> <span class='ocrx_word' id='word_1_694' title='bbox 1426 4893 1547 4952; x_wconf 80' lang='grc' dir='ltr'>ταῖς</span> <span class='ocrx_word' id='word_1_695' title='bbox 1568 4891 1661 4941; x_wconf 77' lang='grc' dir='ltr'>ἐπὶ</span> <span class='ocrx_word' id='word_1_696' title='bbox 1676 4889 1872 4958; x_wconf 84' lang='grc' dir='ltr'>Παύλῳ</span> 
     </span>
    </p>
   </div>
   <div class='ocr_carea' id='block_1_97' title="bbox 288 4982 1872 5057">
    <p class='ocr_par' dir='ltr' id='par_1_97' title="bbox 288 4982 1872 5057">
     <span class='ocr_line' id='line_1_97' title="bbox 288 4982 1872 5057; baseline -0.004 -17"><span class='ocrx_word' id='word_1_697' title='bbox 288 4986 720 5057; x_wconf 77' lang='grc' dir='ltr'>μεγαλαυχείαις</span> <span class='ocrx_word' id='word_1_698' title='bbox 752 4984 955 5046; x_wconf 87' lang='grc' dir='ltr'>ταύτας</span> <span class='ocrx_word' id='word_1_699' title='bbox 1001 4983 1287 5050; x_wconf 82' lang='grc' dir='ltr'>συνάψασα</span> <span class='ocrx_word' id='word_1_700' title='bbox 1341 4984 1454 5043; x_wconf 81' lang='grc' dir='ltr'>τοῖς</span> <span class='ocrx_word' id='word_1_701' title='bbox 1505 4982 1872 5050; x_wconf 84' lang='grc' dir='ltr'>σκιρτήμασιν</span> 
     </span>
    </p>
   </div>
   <div class='ocr_carea' id='block_1_98' title="bbox 285 5071 1872 5148">
    <p class='ocr_par' dir='ltr' id='par_1_98' title="bbox 285 5071 1872 5148">
     <span class='ocr_line' id='line_1_98' title="bbox 285 5071 1872 5148; baseline -0.006 -17"><span class='ocrx_word' id='word_1_702' title='bbox 285 5079 675 5148; x_wconf 77' lang='grc' dir='ltr'>ἐναϐρύνεται.</span> <span class='ocrx_word' id='word_1_703' title='bbox 711 5076 1072 5145; x_wconf 82' lang='grc' dir='ltr'>Δαμασκηνὸς</span> <span class='ocrx_word' id='word_1_704' title='bbox 1105 5071 1171 5145; x_wconf 79' lang='grc' dir='ltr'>ἦν</span> <span class='ocrx_word' id='word_1_705' title='bbox 1207 5076 1299 5127; x_wconf 72' lang='grc' dir='ltr'><strong>καὶ</strong></span> <span class='ocrx_word' id='word_1_706' title='bbox 1329 5074 1438 5126; x_wconf 83' lang='grc' dir='ltr'><strong>τῶν</strong></span> <span class='ocrx_word' id='word_1_707' title='bbox 1470 5074 1527 5124; x_wconf 85' lang='grc' dir='ltr'>ὲν</span> <span class='ocrx_word' id='word_1_708' title='bbox 1553 5074 1698 5125; x_wconf 84' lang='grc' dir='ltr'>τέλει</span> <span class='ocrx_word' id='word_1_709' title='bbox 1733 5071 1872 5140; x_wconf 88' lang='grc' dir='ltr'>λαμ-</span> 
     </span>
    </p>
   </div>
   <div class='ocr_carea' id='block_1_99' title="bbox 286 5164 1871 5241">
    <p class='ocr_par' dir='ltr' id='par_1_99' title="bbox 286 5164 1871 5241">
     <span class='ocr_line' id='line_1_99' title="bbox 286 5164 1871 5241; baseline -0.005 -19"><span class='ocrx_word' id='word_1_710' title='bbox 286 5173 443 5241; x_wconf 77' lang='grc' dir='ltr'>πρῶν</span> <span class='ocrx_word' id='word_1_711' title='bbox 468 5170 765 5230; x_wconf 78' lang='grc' dir='ltr'>Διονύσιος.</span> <span class='ocrx_word' id='word_1_712' title='bbox 788 5170 851 5219; x_wconf 80' lang='grc' dir='ltr'>ἐκ</span> <span class='ocrx_word' id='word_1_713' title='bbox 879 5169 1068 5233; x_wconf 79' lang='grc' dir='ltr'>γένους</span> <span class='ocrx_word' id='word_1_714' title='bbox 1094 5167 1401 5235; x_wconf 86' lang='grc' dir='ltr'>βλαστήσας</span> <span class='ocrx_word' id='word_1_715' title='bbox 1424 5166 1512 5219; x_wconf 75' lang='grc' dir='ltr'>ἀεὶ</span> <span class='ocrx_word' id='word_1_716' title='bbox 1532 5164 1871 5233; x_wconf 82' lang='grc' dir='ltr'>διαλάμψαν-</span> 
     </span>
    </p>
   </div>
   <div class='ocr_carea' id='block_1_100' title="bbox 282 5253 1868 5328">
    <p class='ocr_par' dir='ltr' id='par_1_100' title="bbox 282 5253 1868 5328">
     <span class='ocr_line' id='line_1_100' title="bbox 282 5253 1868 5328; baseline -0.004 -16"><span class='ocrx_word' id='word_1_717' title='bbox 282 5278 376 5322; x_wconf 80' lang='grc' dir='ltr'><strong>τος</strong></span> <span class='ocrx_word' id='word_1_718' title='bbox 397 5276 409 5287; x_wconf 91' lang='grc'>·</span> <span class='ocrx_word' id='word_1_719' title='bbox 446 5254 622 5328; x_wconf 75' lang='grc' dir='ltr'>οὗπερ</span> <span class='ocrx_word' id='word_1_720' title='bbox 654 5258 796 5327; x_wconf 77' lang='grc' dir='ltr'>ἁρχὴ</span> <span class='ocrx_word' id='word_1_721' title='bbox 827 5260 917 5309; x_wconf 80' lang='grc' dir='ltr'><strong>καὶ</strong></span> <span class='ocrx_word' id='word_1_722' title='bbox 947 5258 1070 5326; x_wconf 72' lang='grc' dir='ltr'>ῥίζα</span> <span class='ocrx_word' id='word_1_723' title='bbox 1103 5257 1367 5318; x_wconf 78' lang='grc' dir='ltr'>Νικόλαος</span> <span class='ocrx_word' id='word_1_724' title='bbox 1401 5253 1469 5325; x_wconf 80' lang='grc' dir='ltr'>ἦν</span> <span class='ocrx_word' id='word_1_725' title='bbox 1502 5259 1529 5308; x_wconf 83' lang='grc' dir='ltr'>ὁ</span> <span class='ocrx_word' id='word_1_726' title='bbox 1560 5256 1868 5323; x_wconf 71' lang='grc' dir='ltr'>φιλόσοφος,</span> 
     </span>
    </p>
   </div>
   <div class='ocr_carea' id='block_1_101' title="bbox 284 5345 1871 5417">
    <p class='ocr_par' dir='ltr' id='par_1_101' title="bbox 284 5345 1871 5417">
     <span class='ocr_line' id='line_1_101' title="bbox 284 5345 1871 5417; baseline -0.005 -15"><span class='ocrx_word' id='word_1_727' title='bbox 284 5355 313 5402; x_wconf 88' lang='grc' dir='ltr'>ὁ</span> <span class='ocrx_word' id='word_1_728' title='bbox 351 5349 595 5417; x_wconf 78' lang='grc' dir='ltr'>Ἡρώδου</span> <span class='ocrx_word' id='word_1_729' title='bbox 629 5348 938 5415; x_wconf 73' lang='grc' dir='ltr'>παιδευτὴς,</span> <span class='ocrx_word' id='word_1_730' title='bbox 973 5347 1066 5399; x_wconf 63' lang='grc' dir='ltr'><strong>καί⁵</strong></span> <span class='ocrx_word' id='word_1_731' title='bbox 1095 5347 1301 5399; x_wconf 66' lang='grc' dir='ltr'>παίδων</span> <span class='ocrx_word' id='word_1_732' title='bbox 1324 5346 1429 5398; x_wconf 82' lang='grc' dir='ltr'>τῶν</span> <span class='ocrx_word' id='word_1_733' title='bbox 1461 5345 1750 5397; x_wconf 76' lang='grc' dir='ltr'>Ἀντωνίου</span> <span class='ocrx_word' id='word_1_734' title='bbox 1779 5346 1871 5395; x_wconf 74' lang='grc' dir='ltr'>καὶ</span> 
     </span>
    </p>
   </div>
   <div class='ocr_carea' id='block_1_102' title="bbox 287 5431 1874 5508">
    <p class='ocr_par' dir='ltr' id='par_1_102' title="bbox 287 5431 1874 5508">
     <span class='ocr_line' id='line_1_102' title="bbox 287 5431 1874 5508; baseline -0.004 -15"><span class='ocrx_word' id='word_1_735' title='bbox 287 5442 651 5508; x_wconf 73' lang='grc' dir='ltr'>Κλεοπάτρας</span> <span class='ocrx_word' id='word_1_736' title='bbox 674 5439 990 5499; x_wconf 67' lang='grc' dir='ltr'>διδάσκαλος</span> <span class='ocrx_word' id='word_1_737' title='bbox 1014 5452 1026 5465; x_wconf 79' lang='grc'><strong><em>⁸</em></strong></span> <span class='ocrx_word' id='word_1_738' title='bbox 1056 5439 1150 5506; x_wconf 76' lang='grc' dir='ltr'><strong>ἀφ’</strong></span> <span class='ocrx_word' id='word_1_739' title='bbox 1169 5431 1230 5489; x_wconf 72' lang='grc' dir='ltr'>οὗ</span> <span class='ocrx_word' id='word_1_740' title='bbox 1260 5440 1354 5489; x_wconf 72' lang='grc' dir='ltr'>καὶ</span> <span class='ocrx_word' id='word_1_741' title='bbox 1382 5438 1643 5489; x_wconf 84' lang='grc' dir='ltr'>Νικόλαοι</span> <span class='ocrx_word' id='word_1_742' title='bbox 1666 5435 1874 5487; x_wconf 81' lang='grc' dir='ltr'>δώδεκα</span> 
     </span>
    </p>
   </div>
   <div class='ocr_carea' id='block_1_103' title="bbox 286 5526 1869 5599">
    <p class='ocr_par' dir='ltr' id='par_1_103' title="bbox 286 5526 1869 5599">
     <span class='ocr_line' id='line_1_103' title="bbox 286 5526 1869 5599; baseline -0.006 -15"><span class='ocrx_word' id='word_1_743' title='bbox 286 5532 433 5584; x_wconf 70' lang='grc' dir='ltr'>κατὰ</span> <span class='ocrx_word' id='word_1_744' title='bbox 455 5530 707 5599; x_wconf 76' lang='grc' dir='ltr'>διαδοχὴν</span> <span class='ocrx_word' id='word_1_745' title='bbox 739 5528 1157 5599; x_wconf 72' lang='grc' dir='ltr'>ἐξανοήσαντες,</span> <span class='ocrx_word' id='word_1_746' title='bbox 1181 5526 1869 5596; x_wconf 51' lang='grc' dir='ltr'>φιλοσοφίμγαυρούμενοι,</span> 
     </span>
    </p>
   </div>
   <div class='ocr_carea' id='block_1_104' title="bbox 286 5619 1871 5691">
    <p class='ocr_par' dir='ltr' id='par_1_104' title="bbox 286 5619 1871 5691">
     <span class='ocr_line' id='line_1_104' title="bbox 286 5619 1871 5691; baseline -0.004 -14"><span class='ocrx_word' id='word_1_747' title='bbox 286 5622 350 5677; x_wconf 61' lang='grc' dir='ltr'>τὴ</span> <span class='ocrx_word' id='word_1_748' title='bbox 383 5624 537 5691; x_wconf 74' lang='grc' dir='ltr'>γένος</span> <span class='ocrx_word' id='word_1_749' title='bbox 566 5622 916 5690; x_wconf 66' lang='grc' dir='ltr'>ἐφαίδρυναν,</span> <span class='ocrx_word' id='word_1_750' title='bbox 950 5625 1042 5675; x_wconf 70' lang='grc' dir='ltr'><strong>καὶ</strong></span> <span class='ocrx_word' id='word_1_751' title='bbox 1091 5623 1169 5683; x_wconf 77' lang='grc' dir='ltr'>εἰς</span> <span class='ocrx_word' id='word_1_752' title='bbox 1222 5623 1362 5687; x_wconf 77' lang='grc' dir='ltr'>μέγα</span> <span class='ocrx_word' id='word_1_753' title='bbox 1413 5621 1571 5689; x_wconf 76' lang='grc' dir='ltr'>δόξης</span> <span class='ocrx_word' id='word_1_754' title='bbox 1616 5622 1707 5671; x_wconf 77' lang='grc' dir='ltr'><strong>καὶ</strong></span> <span class='ocrx_word' id='word_1_755' title='bbox 1736 5619 1871 5686; x_wconf 84' lang='grc' dir='ltr'>λαμ-</span> 
     </span>
    </p>
   </div>
   <div class='ocr_carea' id='block_1_105' title="bbox 293 5712 837 5782">
    <p class='ocr_par' dir='ltr' id='par_1_105' title="bbox 293 5712 837 5782">
     <span class='ocr_line' id='line_1_105' title="bbox 293 5712 837 5782; baseline -0.004 -17"><span class='ocrx_word' id='word_1_756' title='bbox 293 5712 562 5782; x_wconf 48' lang='grc' dir='ltr'>πρότητος</span> <span class='ocrx_word' id='word_1_757' title='bbox 608 5713 837 5780; x_wconf 72' lang='grc' dir='ltr'>ἦγαγον.</span> 
     </span>
    </p>
   </div>
   <div class='ocr_carea' id='block_1_106' title="bbox 1986 4699 3551 4769">
    <p class='ocr_par' dir='ltr' id='par_1_106' title="bbox 1986 4699 3551 4769">
     <span class='ocr_line' id='line_1_106' title="bbox 1986 4699 3551 4769; baseline 0 -16"><span class='ocrx_word' id='word_1_758' title='bbox 1986 4700 2256 4767; x_wconf 88' lang='lat' dir='ltr'><strong>inspirata</strong></span> <span class='ocrx_word' id='word_1_759' title='bbox 2288 4700 2540 4753; x_wconf 89' lang='lat' dir='ltr'><strong>doctrina</strong></span> <span class='ocrx_word' id='word_1_760' title='bbox 2579 4700 2777 4754; x_wconf 88' lang='lat' dir='ltr'><strong>iterum</strong></span> <span class='ocrx_word' id='word_1_761' title='bbox 2819 4706 3137 4767; x_wconf 83' lang='lat' dir='ltr'><strong>regnantem</strong></span> <span class='ocrx_word' id='word_1_762' title='bbox 3170 4699 3223 4751; x_wconf 93' lang='lat' dir='ltr'><strong>in</strong></span> <span class='ocrx_word' id='word_1_763' title='bbox 3254 4714 3316 4753; x_wconf 82' lang='lat' dir='ltr'><strong>ea</strong></span> <span class='ocrx_word' id='word_1_764' title='bbox 3346 4714 3551 4769; x_wconf 81' lang='lat' dir='ltr'><strong>cogno-</strong></span> 
     </span>
    </p>
   </div>
   <div class='ocr_carea' id='block_1_107' title="bbox 1980 4786 3549 4855">
    <p class='ocr_par' dir='ltr' id='par_1_107' title="bbox 1980 4786 3549 4855">
     <span class='ocr_line' id='line_1_107' title="bbox 1980 4786 3549 4855; baseline -0.003 -13"><span class='ocrx_word' id='word_1_765' title='bbox 1980 4790 2156 4842; x_wconf 89' lang='lat' dir='ltr'><strong>vimus</strong></span> <span class='ocrx_word' id='word_1_766' title='bbox 2180 4786 2351 4841; x_wconf 83' lang='lat' dir='ltr'><strong>illium</strong></span> <span class='ocrx_word' id='word_1_767' title='bbox 2384 4788 2547 4851; x_wconf 81' lang='lat' dir='ltr'><strong>Ader,</strong></span> <span class='ocrx_word' id='word_1_768' title='bbox 2586 4786 2779 4850; x_wconf 88' lang='lat' dir='ltr'><strong>Phula,</strong></span> <span class='ocrx_word' id='word_1_769' title='bbox 2830 4786 3300 4855; x_wconf 87' lang='lat' dir='ltr'><strong>Teglaphellasar,</strong></span> <span class='ocrx_word' id='word_1_770' title='bbox 3366 4790 3549 4853; x_wconf 80' lang='lat' dir='ltr'><strong>Azael,</strong></span> 
     </span>
    </p>
   </div>
   <div class='ocr_carea' id='block_1_108' title="bbox 1980 4876 3551 4949">
    <p class='ocr_par' dir='ltr' id='par_1_108' title="bbox 1980 4876 3551 4949">
     <span class='ocr_line' id='line_1_108' title="bbox 1980 4876 3551 4949; baseline 0.001 -16"><span class='ocrx_word' id='word_1_771' title='bbox 1980 4879 2237 4935; x_wconf 82' lang='lat' dir='ltr'><strong>Ritaason</strong></span> <span class='ocrx_word' id='word_1_772' title='bbox 2284 4894 2438 4947; x_wconf 83' lang='lat' dir='ltr'><strong>reges</strong></span> <span class='ocrx_word' id='word_1_773' title='bbox 2472 4878 2784 4932; x_wconf 91' lang='lat' dir='ltr'><strong>habentem.</strong></span> <span class='ocrx_word' id='word_1_774' title='bbox 2853 4878 2985 4943; x_wconf 71' lang='lat' dir='ltr'><strong>Quae</strong></span> <span class='ocrx_word' id='word_1_775' title='bbox 3036 4877 3161 4949; x_wconf 87' lang='lat' dir='ltr'><strong>Cyri</strong></span> <span class='ocrx_word' id='word_1_776' title='bbox 3216 4876 3551 4947; x_wconf 82' lang='lat' dir='ltr'><strong>Joannisque</strong></span> 
     </span>
    </p>
   </div>
   <div class='ocr_carea' id='block_1_109' title="bbox 1980 4971 3551 5043">
    <p class='ocr_par' dir='ltr' id='par_1_109' title="bbox 1980 4971 3551 5043">
     <span class='ocr_line' id='line_1_109' title="bbox 1980 4971 3551 5043; baseline 0.001 -17"><span class='ocrx_word' id='word_1_777' title='bbox 1980 4977 2101 5043; x_wconf 88' lang='lat' dir='ltr'><strong>plus</strong></span> <span class='ocrx_word' id='word_1_778' title='bbox 2127 4988 2290 5043; x_wconf 86' lang='lat' dir='ltr'><strong>quam</strong></span> <span class='ocrx_word' id='word_1_779' title='bbox 2324 4974 2542 5027; x_wconf 84' lang='lat' dir='ltr'><strong>illorum</strong></span> <span class='ocrx_word' id='word_1_780' title='bbox 2579 4972 2900 5026; x_wconf 89' lang='lat' dir='ltr'><strong>muneribus</strong></span> <span class='ocrx_word' id='word_1_781' title='bbox 2932 4972 3091 5037; x_wconf 87' lang='lat' dir='ltr'><strong>freta,</strong></span> <span class='ocrx_word' id='word_1_782' title='bbox 3124 4982 3173 5025; x_wconf 90' lang='lat' dir='ltr'><strong>et</strong></span> <span class='ocrx_word' id='word_1_783' title='bbox 3223 4972 3327 5027; x_wconf 90' lang='lat' dir='ltr'><strong>sub</strong></span> <span class='ocrx_word' id='word_1_784' title='bbox 3380 4971 3551 5028; x_wconf 79' lang='lat' dir='ltr'><strong>Paulo</strong></span> 
     </span>
    </p>
   </div>
   <div class='ocr_carea' id='block_1_110' title="bbox 1983 5064 3551 5135">
    <p class='ocr_par' dir='ltr' id='par_1_110' title="bbox 1983 5064 3551 5135">
     <span class='ocr_line' id='line_1_110' title="bbox 1983 5064 3551 5135; baseline -0.001 -17"><span class='ocrx_word' id='word_1_785' title='bbox 1983 5065 2371 5135; x_wconf 85' lang='lat' dir='ltr'><strong>magniloquiis</strong></span> <span class='ocrx_word' id='word_1_786' title='bbox 2393 5079 2755 5134; x_wconf 76' lang='lat' dir='ltr'><strong>congregans,</strong></span> <span class='ocrx_word' id='word_1_787' title='bbox 2784 5064 3241 5118; x_wconf 75' lang='lat' dir='ltr'><strong>casultationibus</strong></span> <span class='ocrx_word' id='word_1_788' title='bbox 3262 5065 3551 5133; x_wconf 86' lang='lat' dir='ltr'><strong>gloriatur.</strong></span> 
     </span>
    </p>
   </div>
   <div class='ocr_carea' id='block_1_111' title="bbox 1980 5155 3547 5226">
    <p class='ocr_par' dir='ltr' id='par_1_111' title="bbox 1980 5155 3547 5226">
     <span class='ocr_line' id='line_1_111' title="bbox 1980 5155 3547 5226; baseline -0.001 -16"><span class='ocrx_word' id='word_1_789' title='bbox 1980 5157 2351 5210; x_wconf 90' lang='lat' dir='ltr'><strong>Damascenus</strong></span> <span class='ocrx_word' id='word_1_790' title='bbox 2404 5165 2521 5210; x_wconf 90' lang='lat' dir='ltr'><strong>erat</strong></span> <span class='ocrx_word' id='word_1_791' title='bbox 2575 5155 2888 5225; x_wconf 86' lang='lat' dir='ltr'><strong>Dionysius,</strong></span> <span class='ocrx_word' id='word_1_792' title='bbox 2938 5164 2993 5209; x_wconf 91' lang='lat' dir='ltr'><strong>et</strong></span> <span class='ocrx_word' id='word_1_793' title='bbox 3031 5171 3096 5209; x_wconf 79' lang='lat' dir='ltr'><strong>ex</strong></span> <span class='ocrx_word' id='word_1_794' title='bbox 3143 5157 3230 5210; x_wconf 88' lang='lat' dir='ltr'><strong>his</strong></span> <span class='ocrx_word' id='word_1_795' title='bbox 3268 5160 3360 5226; x_wconf 88' lang='lat' dir='ltr'><strong>qui</strong></span> <span class='ocrx_word' id='word_1_796' title='bbox 3404 5158 3547 5209; x_wconf 70' lang='lat' dir='ltr'><strong>inter</strong></span> 
     </span>
    </p>
   </div>
   <div class='ocr_carea' id='block_1_112' title="bbox 1983 5248 3552 5317">
    <p class='ocr_par' dir='ltr' id='par_1_112' title="bbox 1983 5248 3552 5317">
     <span class='ocr_line' id='line_1_112' title="bbox 1983 5248 3552 5317; baseline 0.001 -19"><span class='ocrx_word' id='word_1_797' title='bbox 1983 5262 2236 5317; x_wconf 86' lang='lat' dir='ltr'><strong>proceres</strong></span> <span class='ocrx_word' id='word_1_798' title='bbox 2266 5256 2319 5299; x_wconf 89' lang='lat' dir='ltr'><strong>et</strong></span> <span class='ocrx_word' id='word_1_799' title='bbox 2364 5248 2542 5301; x_wconf 87' lang='lat' dir='ltr'><strong>claros</strong></span> <span class='ocrx_word' id='word_1_800' title='bbox 2582 5248 2904 5300; x_wconf 84' lang='lat' dir='ltr'><strong>videbantur</strong></span> <span class='ocrx_word' id='word_1_801' title='bbox 2938 5248 3150 5310; x_wconf 90' lang='lat' dir='ltr'><strong>haberi,</strong></span> <span class='ocrx_word' id='word_1_802' title='bbox 3184 5249 3273 5316; x_wconf 89' lang='lat' dir='ltr'><strong>qui</strong></span> <span class='ocrx_word' id='word_1_803' title='bbox 3305 5264 3371 5301; x_wconf 81' lang='lat' dir='ltr'><strong>ex</strong></span> <span class='ocrx_word' id='word_1_804' title='bbox 3426 5264 3552 5317; x_wconf 84' lang='lat' dir='ltr'><strong>ger-</strong></span> 
     </span>
    </p>
   </div>
   <div class='ocr_carea' id='block_1_113' title="bbox 1982 5339 3551 5409">
    <p class='ocr_par' dir='ltr' id='par_1_113' title="bbox 1982 5339 3551 5409">
     <span class='ocr_line' id='line_1_113' title="bbox 1982 5339 3551 5409; baseline 0.004 -20"><span class='ocrx_word' id='word_1_805' title='bbox 1982 5341 2125 5393; x_wconf 90' lang='lat' dir='ltr'><strong>mine</strong></span> <span class='ocrx_word' id='word_1_806' title='bbox 2160 5351 2277 5392; x_wconf 88' lang='lat' dir='ltr'><strong>erat</strong></span> <span class='ocrx_word' id='word_1_807' title='bbox 2310 5355 2574 5407; x_wconf 85' lang='lat' dir='ltr'><strong>perpetuo</strong></span> <span class='ocrx_word' id='word_1_808' title='bbox 2626 5339 2871 5408; x_wconf 72' lang='lat' dir='ltr'><strong>fulgidi);</strong></span> <span class='ocrx_word' id='word_1_809' title='bbox 2928 5342 3087 5409; x_wconf 86' lang='lat' dir='ltr'><strong>cujus</strong></span> <span class='ocrx_word' id='word_1_810' title='bbox 3130 5342 3280 5409; x_wconf 81' lang='lat' dir='ltr'><strong>origo</strong></span> <span class='ocrx_word' id='word_1_811' title='bbox 3308 5349 3362 5393; x_wconf 91' lang='lat' dir='ltr'><strong>et</strong></span> <span class='ocrx_word' id='word_1_812' title='bbox 3398 5342 3551 5395; x_wconf 72' lang='lat' dir='ltr'><strong>radix</strong></span> 
     </span>
    </p>
   </div>
   <div class='ocr_carea' id='block_1_114' title="bbox 1979 5424 3551 5496">
    <p class='ocr_par' dir='ltr' id='par_1_114' title="bbox 1979 5424 3551 5496">
     <span class='ocr_line' id='line_1_114' title="bbox 1979 5424 3551 5496; baseline 0.003 -20"><span class='ocrx_word' id='word_1_813' title='bbox 1979 5424 2020 5477; x_wconf 76' lang='grc' dir='ltr'><strong>Ν</strong></span> <span class='ocrx_word' id='word_1_814' title='bbox 2033 5426 2237 5478; x_wconf 84' lang='lat' dir='ltr'><strong>icolaus</strong></span> <span class='ocrx_word' id='word_1_815' title='bbox 2253 5438 2367 5480; x_wconf 87' lang='lat' dir='ltr'><strong>erat</strong></span> <span class='ocrx_word' id='word_1_816' title='bbox 2388 5428 2476 5479; x_wconf 91' lang='lat' dir='ltr'><strong>ille</strong></span> <span class='ocrx_word' id='word_1_817' title='bbox 2500 5428 2878 5496; x_wconf 79' lang='lat' dir='ltr'><strong>phil050phus,</strong></span> <span class='ocrx_word' id='word_1_818' title='bbox 2898 5428 3123 5482; x_wconf 86' lang='lat' dir='ltr'><strong>Herodis</strong></span> <span class='ocrx_word' id='word_1_819' title='bbox 3139 5427 3401 5491; x_wconf 83' lang='lat' dir='ltr'><strong>eruditor,</strong></span> <span class='ocrx_word' id='word_1_820' title='bbox 3421 5430 3551 5481; x_wconf 71' lang='lat' dir='ltr'><strong>filio-</strong></span> 
     </span>
    </p>
   </div>
   <div class='ocr_carea' id='block_1_115' title="bbox 1982 5518 3550 5590">
    <p class='ocr_par' dir='ltr' id='par_1_115' title="bbox 1982 5518 3550 5590">
     <span class='ocr_line' id='line_1_115' title="bbox 1982 5518 3550 5590; baseline 0.005 -21"><span class='ocrx_word' id='word_1_821' title='bbox 1982 5532 2213 5585; x_wconf 89' lang='lat' dir='ltr'><strong>rumque</strong></span> <span class='ocrx_word' id='word_1_822' title='bbox 2242 5518 2464 5570; x_wconf 81' lang='lat' dir='ltr'><strong>Autonii</strong></span> <span class='ocrx_word' id='word_1_823' title='bbox 2488 5528 2542 5571; x_wconf 85' lang='lat' dir='ltr'><strong>et</strong></span> <span class='ocrx_word' id='word_1_824' title='bbox 2566 5519 2871 5587; x_wconf 74' lang='lat' dir='ltr'><strong>(lleOpatra:</strong></span> <span class='ocrx_word' id='word_1_825' title='bbox 2898 5522 3176 5590; x_wconf 82' lang='lat' dir='ltr'><strong>magister,</strong></span> <span class='ocrx_word' id='word_1_826' title='bbox 3212 5536 3238 5572; x_wconf 90' lang='lat' dir='ltr'><strong>a</strong></span> <span class='ocrx_word' id='word_1_827' title='bbox 3261 5537 3371 5590; x_wconf 89' lang='lat' dir='ltr'><strong>quo</strong></span> <span class='ocrx_word' id='word_1_828' title='bbox 3385 5524 3550 5577; x_wconf 89' lang='lat' dir='ltr'><strong>etiam</strong></span> 
     </span>
    </p>
   </div>
   <div class='ocr_carea' id='block_1_116' title="bbox 1986 5606 3550 5680">
    <p class='ocr_par' dir='ltr' id='par_1_116' title="bbox 1986 5606 3550 5680">
     <span class='ocr_line' id='line_1_116' title="bbox 1986 5606 3550 5680; baseline 0.004 -23"><span class='ocrx_word' id='word_1_829' title='bbox 1986 5606 2191 5658; x_wconf 62' lang='grc' dir='ltr'>Μαιιεί</span> <span class='ocrx_word' id='word_1_830' title='bbox 2217 5606 2503 5661; x_wconf 88' lang='lat' dir='ltr'><strong>duodecim</strong></span> <span class='ocrx_word' id='word_1_831' title='bbox 2529 5624 2623 5677; x_wconf 87' lang='lat' dir='ltr'><strong>per</strong></span> <span class='ocrx_word' id='word_1_832' title='bbox 2646 5613 3047 5663; x_wconf 68' lang='lat' dir='ltr'><strong>sueressionmu</strong></span> <span class='ocrx_word' id='word_1_833' title='bbox 3080 5609 3408 5673; x_wconf 79' lang='lat' dir='ltr'><strong>eﬂlorentes,</strong></span> <span class='ocrx_word' id='word_1_834' title='bbox 3434 5611 3550 5680; x_wconf 84' lang='lat' dir='ltr'><strong>phi-</strong></span> 
     </span>
    </p>
   </div>
   <div class='ocr_carea' id='block_1_117' title="bbox 1981 5698 3547 5769">
    <p class='ocr_par' dir='ltr' id='par_1_117' title="bbox 1981 5698 3547 5769">
     <span class='ocr_line' id='line_1_117' title="bbox 1981 5698 3547 5769; baseline 0.003 -19"><span class='ocrx_word' id='word_1_835' title='bbox 1981 5698 2348 5765; x_wconf 67' lang='lat' dir='ltr'><strong>losophiaeque</strong></span> <span class='ocrx_word' id='word_1_836' title='bbox 2386 5700 2582 5753; x_wconf 84' lang='lat' dir='ltr'><strong>decore</strong></span> <span class='ocrx_word' id='word_1_837' title='bbox 2622 5702 2877 5765; x_wconf 86' lang='lat' dir='ltr'><strong>nitentes,</strong></span> <span class='ocrx_word' id='word_1_838' title='bbox 2908 5718 3080 5769; x_wconf 75' lang='lat' dir='ltr'><strong>genus</strong></span> <span class='ocrx_word' id='word_1_839' title='bbox 3115 5704 3547 5769; x_wconf 82' lang='lat' dir='ltr'><strong>illustraverunt,</strong></span> 
     </span>
    </p>
   </div>
   <div class='ocr_carea' id='block_1_118' title="bbox 1980 5790 3469 5867">
    <p class='ocr_par' dir='ltr' id='par_1_118' title="bbox 1980 5790 3469 5867">
     <span class='ocr_line' id='line_1_118' title="bbox 1980 5790 3469 5867; baseline 0.003 -21"><span class='ocrx_word' id='word_1_840' title='bbox 1980 5803 2033 5846; x_wconf 84' lang='lat' dir='ltr'><strong>ct</strong></span> <span class='ocrx_word' id='word_1_841' title='bbox 2061 5790 2127 5846; x_wconf 82' lang='lat' dir='ltr'><strong>ad</strong></span> <span class='ocrx_word' id='word_1_842' title='bbox 2157 5806 2407 5862; x_wconf 86' lang='lat' dir='ltr'><strong>magnam</strong></span> <span class='ocrx_word' id='word_1_843' title='bbox 2438 5794 2739 5848; x_wconf 73' lang='lat' dir='ltr'><strong>elarLtalcm</strong></span> <span class='ocrx_word' id='word_1_844' title='bbox 2769 5808 2818 5849; x_wconf 85' lang='lat' dir='ltr'><strong>et</strong></span> <span class='ocrx_word' id='word_1_845' title='bbox 2849 5797 3075 5867; x_wconf 62' lang='lat' dir='ltr'><strong>gloriam</strong></span> <span class='ocrx_word' id='word_1_846' title='bbox 3108 5797 3469 5853; x_wconf 78' lang='lat' dir='ltr'><strong>deduxerunt.</strong></span> 
     </span>
    </p>
   </div>
  </div>
