4280 6442
317 427 467 488 3623

1332 418 1436 477 SS.
1472 417 1645 477 CYRI
1688 412 1781 475 ET
1818 413 2138 475 JOANNIS
2178 414 2593 474 MIRACULA.

3450 418 3589 482 3626

316 541 385 615 ἦν
410 545 438 595 6
475 539 772 604 Ἰσίδωρος,
809 534 1109 607 ἀπρόσιτος
1134 532 1343 604 ὑπῆρξε
1369 537 1481 596 τοῖς
1509 532 1781 601 δαίμοσιν,
1817 528 1912 581 καὶ
1940 540 1989 598 Α

1891 528 1912 579 ὶ
1940 540 1989 598 Α
2016 545 2169 599 pore,
2198 544 2488 599 quousque
2516 529 2570 583 in
2602 529 2701 582 hac
2752 527 2855 582 fuit
2888 528 2993 583 vita
3034 529 3303 596 Isidorus,
3340 533 3581 586 ὶιιιιιει-υμ.

319 638 520 703 πεῖραν
551 632 732 687 αὐτῶν
773 629 867 682 τοῦ
897 628 1086 680 λοιποῦ
1118 628 1377 696 τοιαύτην
1405 627 1505 678 οὐκ
1543 622 1755 685 ἐλαϐεν,
1790 623 1907 674 οἵαν

318 726 428 795 πρὸ
476 724 576 791 τῆς
627 723 955 789 καταφυγῆς
985 720 1083 789 τῆς
1118 720 1197 781 είς
1232 722 1356 782 τοὺς
1389 718 1676 787 μάρτυρας
1727 714 1908 785 Κῦρον

318 817 414 867 κα)⁵
450 814 704 879 Ἰωάννην
736 811 1066 880 ἐλάμϐανεν·
1093 806 1247 880 οἶμαι
1283 810 1339 863 δὲ
1374 811 1471 862 καὶ
1497 808 1667 875 αὐτὴν
1696 806 1910 877 ὠφελη-

320 906 505 957 θεῖσαν
534 905 610 972 τῷ
644 902 908 971 θαύματι,
939 903 1097 971 εἴπερ
1128 903 1216 953 ἐπ’
1249 900 1513 970 ἀληθείας
1543 897 1822 967 ἐϐέϐλητο,
1863 897 1911 950 εί

322 998 397 1066 μὴ
427 996 634 1065 σφόδρα
664 992 935 1063 δυσσεϐὴς
964 1010 1047 1057 τις
1073 990 1142 1063 ἦν
1171 994 1264 1046 καὶ
1290 992 1537 1060 ἀνόητος
1558 991 1717 1061 ἡμεῖς
1740 990 1795 1043 δὲ
1816 990 1913 1043 καὶ

322 1086 565 1139 ἐνταῦθα
597 1084 731 1137 Θεὸν
761 1084 1197 1153 άνυμνήσαντες,
1231 1082 1326 1134 καὶ
1362 1080 1644 1151 μάρτυρας
1673 1079 1798 1140 τοὺς
1823 1078 1915 1149 Ep-

320 1179 498 1243 γάτας
534 1177 629 1229 τοῦ
664 1175 961 1245 θαύματος,
997 1176 1082 1243 ἐφ’
1113 1175 1300 1244 ἓτερον
1333 1172 1517 1240 θαῦμα
1540 1171 1639 1243 τὴν
1664 1170 1913 1239 γλῶτταν

319 1268 675 1337 ὁπλίσωμεν,
736 1267 941 1335 ταύτης
992 1267 1243 1336 ἀρωγοὺς
1285 1264 1411 1327 τοὺς
1464 1263 1570 1316 τῶν
1621 1262 1913 1327 θαυμάτων

319 1360 563 1427 ἐργάτας
609 1357 945 1425 ποιούμενοι.

319 1467 447 1521 Nlﬁ'.
472 1467 609 1536 Περὶ
630 1467 933 1535 Θεοδώρου
961 1466 1065 1519 τοῦ
1086 1466 1353 1536 Κυπρίου
1379 1465 1483 1519 τοῦ
1514 1467 1631 1519 ἀπο
1662 1465 1914 1534 μαγείας

734 1540 1053 1605 γεγονότος
1090 1536 1488 1601 λορδόποδος.

390 1631 648 1698 Φοινίκης
680 1630 847 1697 ὲγγὺς
881 1631 913 1697 ἡ
955 1628 1179 1697 Κύπρος
1205 1628 1583 1695 καθέστηκεν,
1620 1629 1825 1698 μεταξὺ
1858 1626 1917 1679 τὸ

326 1724 661 1792 παρθενικὴν
693 1723 891 1791 ἔχουσα
920 1722 1177 1789 πέλαγος,
1197 1723 1336 1790 ὅπερ
1358 1720 1435 1791 τῷ
1456 1720 1536 1773 νοῒ
1559 1719 1917 1774 διαπλεύσαν-

317 1831 430 1878 τες,
453 1816 518 1866 ὲκ
544 1813 797 1883 Φοινίκης
826 1816 891 1882 τῇ
921 1814 1071 1883 νήσῳ
1101 1813 1541 1883 προσϐάλλομεν,
1575 1814 1667 1864 καὶ
1692 1813 1782 1865 τὸν
1805 1813 1917 1864 Λα-

2010 620 2187 673 sibilis
2222 630 2340 673 erat
2362 620 2727 682 (immunibus,
2748 629 2801 673 et
2822 621 3255 690 experimentum
3276 637 3462 675 eorum
3484 627 3591 681 tale

2010 713 2078 766 de
2126 719 2323 767 caetero
2378 729 2488 767 non
2544 711 2771 781 aCCepit,
2829 714 2991 781 quale
3040 722 3167 768 ante
3218 713 3487 784 refugium
3524 715 3592 769 ad

2012 806 2212 875 Cyrum
2256 813 2311 858 et
2364 803 2629 858 Joannem
2676 810 2947 874 martyras
2992 804 3298 875 accipiebat
3363 806 3590 861 factum.

2013 895 2224 967 Opinor
2251 905 2433 951 autem
2467 903 2521 949 cl
2556 896 2725 966 ipsam
2762 896 2865 950 hoc
2892 896 3160 950 miraculo
3186 896 3512 966 profecisse,
3544 896 3596 951 si

2014 988 2282 1042 duntaxat
2314 987 2583 1041 veraciter
2612 996 2730 1041 erat
2776 988 2922 1052 laesa,
2970 987 3052 1041 vel
3093 988 3136 1042 si
3188 1004 3296 1043 non
3343 989 3594 1059 quredatn

2016 1082 2170 1136 valde
2202 1083 2483 1135 insensata
2508 1090 2559 1135 et
2586 1082 2751 1151 itnpia
2794 1080 3026 1135 exstitit.
3058 1080 3227 1134 Porro
3271 1096 3369 1136 nos
3416 1091 3468 1135 et
3507 1081 3597 1136 hic

2016 1173 2150 1239 Deo,
2180 1181 2234 1227 et
2258 1174 2508 1227 miraculi
2545 1174 2930 1244 operatoribus
2948 1173 3168 1235 hvmnis
3190 1170 3595 1238 benedicentes,

2019 1266 2087 1319 ad
2117 1266 2266 1319 aliud
2294 1266 2616 1319 miraculum
2662 1267 2904 1336 linguam
2941 1281 3243 1325 armemus,
3280 1264 3445 1333 hujus
3503 1262 3601 1317 atl-

2012 1359 2225 1428 jutores
2251 1359 2644 1411 miraculorum
2682 1359 2968 1427 operarios
3005 1358 3294 1411 facientes.

2089 1469 2199 1524 LV.
2230 1471 2302 1524 De
2331 1470 2602 1525 Theodoro
2634 1470 2829 1541 Cyprio
2863 1471 2952 1539 qui
2986 1488 3019 1523 a
3050 1471 3221 1540 magia
3248 1469 3422 1538 factus
3453 1479 3528 1524 est

2718 1544 2924 1594 (aldus.

2092 1628 2353 1684 Phoenice
2398 1631 2644 1701 proxima
2686 1632 2898 1701 Cyprus
2954 1638 3155 1694 exstat,
3213 1631 3601 1700 interpositum

2022 1720 2231 1776 habens
2255 1723 2636 1791 parthenicum
2658 1722 2905 1791 pelagus,
2934 1720 3079 1791 quod
3123 1722 3310 1777 animo
3339 1724 3604 1792 navigan-

2024 1822 2126 1877 tes,
2164 1828 2193 1865 a
2248 1811 2507 1866 Pharniee
2548 1812 2602 1865 in
2654 1814 2889 1866 insulam
2947 1814 3221 1877 venimus,
3249 1824 3300 1867 et
3344 1812 3603 1883 Lapithio

320 1907 501 1959 πίθων
536 1905 838 1974 εὑρηκότες
869 1906 1167 1976 Θεόδωρον,
1195 1906 1288 1958 καὶ
1318 1906 1384 1957 τά
1421 1904 1540 1958 κατ’
1568 1904 1729 1958 αὑτὸν
1761 1904 1921 1973 ἁκρι-
1952 1909 1992 1962 Β

1913 1933 1921 1943 -
1952 1909 1992 1962 Β
2026 1903 2249 1958 invento
2274 1901 2588 1964 Theodoro,
2613 1910 2667 1957 et
2693 1902 2778 1957 his
2808 1917 2926 1971 quae
2951 1902 3098 1956 illius
3131 1911 3260 1956 sunt
3295 1903 3603 1957 districtius

320 2001 431 2063 εὼς
474 2000 895 2070 ἐρευνήσαντες,
938 1998 1075 2061 πρὸς
1123 1998 1400 2069 εὐφημίαν
1434 1997 1541 2050 τῶν
1581 1995 1917 2065 δεδρακότων

319 2092 759 2165 συγγράῷωμενυ
818 2092 1025 2161 Ἰατρὸς
1064 2091 1280 2161 ὑπῆρχε
1332 2091 1643 2162 Θεόδωρος,
1676 2092 1768 2143 καὶ
1818 2089 1917 2160 τὴν

317 2185 515 2254 τέχνην
556 2184 868 2253 εὐδόκιμος,
903 2184 997 2235 καὶ
1043 2183 1129 2236 διὰ
1176 2184 1333 2236 τοῦτο
1365 2182 1712 2253 περίφημος·
1765 2175 1917 2243 οὗτος

317 2278 428 2329 ἀπὸ
466 2277 703 2345 μαγείας
760 2275 1019 2343 ἀκίνητος
1077 2275 1367 2342 γίγνεται,
1418 2277 1512 2326 καί⁵
1564 2274 1658 2326 τοῦ
1710 2272 1918 2334 πάθους

317 2370 591 2436 ἀγνοήσας
620 2368 683 2419 τὸ
718 2368 917 2428 αἴτιον,
955 2366 1150 2418 ἑαυτὸν
1198 2365 1527 2434 θεραπεύειν
1561 2364 1915 2427 ἐσπούδαζεν,

319 2460 507 2511 ἐκεῖνα
541 2456 734 2520 ποιῶν,
768 2456 918 2526 ἆπερ
949 2456 1115 2509 αὑτὸν
1156 2456 1427 2526 ἰατρεύειν
1455 2456 1730 2526 ἐνόμιζεν,
1762 2455 1856 2508 καὶ
1883 2453 1919 2507 ἃ

323 2548 592 2609 παθόντας
623 2548 865 2616 ἐτέρους,
916 2547 976 2599 οὐ
1029 2547 1287 2615 μαγείαν,
1339 2546 1455 2601 ἀλλ’
1491 2548 1690 2617 ἀργίαν
1719 2544 1917 2614 μελῶν,

320 2639 701 2709 προσενέγκας
756 2637 1081 2708 ὠφέλησεν·
1151 2637 1267 2690 ἀλλ’
1310 2637 1385 2700 ὡς
1453 2637 1631 2689 πάντα
1686 2636 1920 2705 ποιήσας

319 2728 502 2796 ἑαυτῷ
528 2730 630 2797 τῆς
663 2728 823 2781 νόσου
849 2727 952 2797 τὴν
979 2726 1158 2798 φυγὴν
1189 2727 1293 2779 ούκ
1322 2726 1678 2798 ἐϐράὸευσεν,
1708 2728 1808 2795 τῆς
1834 2728 1922 2779 τέ·-

319 2837 457 2890 χνης
500 2818 763 2886 ἐγνωκὼς
815 2821 917 2889 τὴν
965 2818 1275 2883 ἀσθένειαν,
1310 2818 1496 2890 Κύρου
1532 2818 1784 2889 πρόσφυξ
1828 2818 1923 2870 καί

334 2908 583 2961 Ἰωάννου
615 2906 963 2975 καθίσταται,
997 2908 1105 2961 τῶν
1150 2908 1489 2976 φυγαδεῦσαι
1519 2908 1835 2978 δυναμένων
1860 2910 1923 2960 τὸ

321 2999 538 3070 νόσημα
564 3038 579 3063 ,
622 3000 717 3051 καὶ
760 3000 1099 3070 χαρίσασθαι
1140 3000 1219 3072 τῷ
1258 3002 1503 3055 νοσοῦντι
1541 3002 1643 3072 τὴν
1682 3002 1850 3055 ίασιν.

392 3088 645 3141 Ἐλθόντι
674 3088 785 3157 γὰρ
816 3089 963 3159 αὑτῷ
999 3088 1122 3142 καθ’
1159 3088 1327 3141 ὕπνον
1372 3093 1419 3141 οἱ
1467 3090 1743 3160 μάρτυρες
1793 3087 1921 3157 φαί-

320 3197 546 3246 νονται,
582 3183 679 3233 καὶ
726 3182 992 3249 φανέντες
1040 3179 1104 3233 τὸ
1154 3181 1325 3243 πάθος
1372 3182 1533 3245 εὐθὺς
1585 3180 1922 3251 φυγαδεύουο

2023 1994 2415 2064 perscrutatis,
2477 1994 2591 2048 haec
2645 1993 2712 2047 ad
2762 1994 2977 2049 laudem
3027 2008 3223 2048 eorum
3259 1994 3353 2064 qui
3393 1995 3604 2064 operati

2021 2096 2156 2142 sunt
2194 2086 2634 2143 conseribamus.
2674 2084 2918 2141 Medicus
2946 2095 3065 2140 erat
3110 2083 3460 2151 Theodorus,
3517 2100 3607 2141 aro

2022 2188 2185 2250 teque
2217 2182 2353 2236 bene
2382 2179 2671 2250 probatus,
2705 2190 2758 2232 et
2807 2179 3011 2233 idcirco
3057 2178 3261 2249 ubique
3334 2178 3603 2233 famosus.

2022 2271 2122 2327 llic
2164 2288 2193 2325 ο
2222 2272 2401 2343 magia
2469 2270 2767 2326 immobilis
2814 2270 2892 2336 fit,
2956 2285 3291 2341 causamque
3328 2272 3606 2340 passionis

2022 2362 2312 2429 ignorans,
2338 2361 2695 2429 semetipsum
2732 2375 2929 2414 curare
2958 2359 3232 2426 studebat,
3268 2360 3359 2413 illa
3399 2358 3607 2417 faciens

2024 2466 2145 2521 quae
2174 2468 2233 2506 se
2267 2450 2381 2505 fore
2438 2460 2698 2506 sanatum
2725 2452 3005 2521 sperabat,
3058 2459 3114 2503 ct
3166 2466 3285 2522 qua:
3337 2452 3459 2505 aliis
3500 2468 3605 2505 non

2024 2544 2284 2613 magiam,
2333 2546 2427 2597 sed
2479 2543 2813 2597 otiositatetn
2856 2542 3228 2597 membrorum
3274 2542 3608 2611 pallentibus

2025 2650 2168 2704 ξιξερο
2250 2634 2484 2690 all‘erens
2532 2632 2760 2704 profuit.
2810 2632 2917 2689 Sed
2973 2650 3095 2688 cum
3158 2634 3343 2688 omnia
3389 2633 3609 2692 fecisset

2026 2728 2183 2799 [quin
2220 2743 2249 2780 a
2274 2743 2331 2781 se
2372 2728 2622 2781 morbum
2657 2727 2984 2797 depelleret,
3024 2728 3163 2783 artis
3190 2727 3432 2800 cognita]
3460 2728 3612 2783 infir-

2025 2820 2218 2873 mitate
2262 2818 2390 2889 Cyri
2427 2817 2764 2889 Joannisque
2811 2819 3078 2889 profugus
3106 2821 3482 2884 constituitur,
3514 2836 3609 2874 va-

2026 2907 2257 2961 lentium
2297 2916 2351 2962 et
2390 2908 2707 2976 languorem
2749 2906 2959 2978 fugare,
2996 2915 3050 2963 et
3081 2909 3359 2980 languenti
3396 2912 3609 2965 sanita-

2026 3006 2133 3053 tetu
2165 2999 2393 3053 donare.

2098 3089 2287 3160 Itaque
2316 3089 2554 3145 venienti
2594 3089 2643 3145 ei
2678 3100 2948 3162 martyres
2979 3092 3032 3147 in
3081 3094 3202 3147 visu
3248 3093 3524 3155 videntur,
3556 3103 3609 3149 et

2027 3183 2129 3237 visi
2154 3182 2465 3253 passionem
2498 3184 2765 3237 continuo
2817 3182 3010 3252 fugant
3081 3186 3186 3240 hoc
3248 3185 3611 3240 medicamine

324 3291 432 3331 σιν.
487 3273 646 3345 [(52)
708 3272 831 3336 ’Υὸς
880 3273 1161 3343 πνεύμονα
1195 3274 1380 3327 λαϐεῖν
1434 3274 1782 3348 κελεύουσι,]
1821 3275 1916 3329 καὶ⁵
1943 3257 1987 3319 C

1943 3257 1987 3319 C
2023 3274 2129 3329 usi.
2181 3273 2342 3328 Porci
2405 3290 2767 3343 pneumonem
2835 3290 3075 3343 sumere,
3118 3284 3173 3332 et
3208 3285 3417 3334 torrere
3461 3278 3608 3333 hunc

324 3367 529 3436 φρύξαι
578 3365 751 3433 πυρὸς
805 3365 998 3417 τοῦτον
1056 3368 1113 3417 ἐν
1171 3365 1450 3436 ἄνθραξιν,
1490 3369 1584 3419 καὶ
1638 3368 1918 3436 φρυγέντα

326 3460 427 3511 σὺν
456 3460 587 3527 οίνῳ
640 3459 831 3509 λεᾶναι
893 3456 988 3509 καὶ
1044 3455 1253 3525 χρίσαι.
1320 3457 1538 3527 Ἐπειδὴ
1569 3458 1627 3510 δὲ
1682 3458 1781 3527 τὴν
1820 3460 1920 3528 χά-

327 3569 415 3624 ριν
459 3550 567 3604 Εδει
616 3545 691 3621 μῆ
728 3550 895 3619 ἀτελῆ
943 3550 1071 3611 τοὺς
1116 3549 1306 3615 ἁγίους
1348 3548 1737 3620 δωρήσασθαι,
1792 3549 1920 3602 Θεό-

320 3642 499 3713 δωρον
552 3642 654 3712 μὲν
707 3643 824 3705 τοῖς
878 3640 1198 3711 εἰρημένοις
1253 3642 1476 3695 ίάσαντο
1536 3641 1920 3711 βοηθήμασιν

323 3732 697 3801 γνωρίσαντες
719 3729 777 3782 δὲ
808 3729 900 3781 τὸν
937 3728 1316 3799 μαγεύσαντα,
1345 3728 1440 3782 καὶ
1461 3728 1532 3781 τὰ.
1562 3728 1664 3798 τῆς
1691 3728 1925 3798 μαγείας

326 3822 777 3894 θεραπεύσαντες
827 3820 1041 3893 ὄργανα
1072 3860 1087 3885 ,
1131 3821 1223 3873 τὸν
1271 3820 1570 3891 δεδρακότα
1618 3820 1737 3873 κατ’
1765 3820 1923 3883 ἀξίαν

324 3915 690 3985 ἀμείϐονται·
745 3914 835 3965 ὅτε
896 3914 1007 3982 γὰρ
1054 3914 1382 3967 ὲνσκευάσαι
1430 3912 1694 3982 Θεοδώρῳ
1750 3928 1923 3981 προσ-

324 4008 557 4060 έταττον
591 4004 652 4058 τὸ
680 4004 960 4075 βοήθημα,
993 4006 1087 4059 καὶ
1117 4005 1293 4073 τούτῳ
1321 4004 1679 4074 συνεμίγνυον
1714 4004 1792 4073 τῷ
1833 4020 1926 4057 κε-

324 4096 614 4166 λεύσματι,
652 4094 1025 4156 Ἀπόστειλον,
1055 4095 1325 4161 λέγοντες,
1350 4094 1470 4146 τινὰ
1492 4094 1597 4145 τῶν
1628 4110 1709 4146 σοι
1741 4094 1925 4146 διακο-

326 4186 609 4256 νουμένων
639 4186 721 4245 είς
764 4182 1029 4248 Λάπιθον,
1058 4182 1151 4235 καὶ
1179 4183 1285 4251 πρὸ
1310 4181 1405 4234 τοῦ
1436 4182 1691 4244 κοιτῶνος
1710 4180 1803 4233 τοῦ
1830 4180 1924 4233 σοῦ

325 4274 481 4345 παρὰ
506 4274 567 4326 τὸ
599 4272 876 4342 πρόθυρον
907 4273 1117 4342 σκάψαι
1152 4272 1404 4337 διάταξον
1437 4288 1447 4300 ·
1486 4275 1665 4325 ἐκεῖσε
1696 4273 1805 4342 γὰρ
1836 4272 1926 4323 εὑ-

328 4368 491 4438 ρήσει
519 4366 582 4417 τὸ
614 4366 708 4417 τοῦ
741 4364 1067 4433 δεδρακότος
1102 4364 1494 4434 κακούργημα,
1530 4363 1634 4416 ὑπὸ
1678 4363 1739 4415 τὸ
1790 4364 1923 4431 πρό-

324 4456 495 4526 θυρον
539 4454 761 4522 ἀφανῶς
808 4452 1251 4524 καλυπτόμενον·
1301 4454 1330 4506 δ
1374 4454 1469 4507 καὶ
1497 4453 1922 4525 φανερούμενον,

326 4548 491 4610 εὐθὺς
538 4548 755 4617 ἀναιρεῖ
785 4547 876 4600 τὸν
906 4550 1235 4617 ποιήσαντα.
1285 4546 1512 4615 Πέμψας
1553 4546 1612 4599 δὲ
1642 4546 1921 4616 Θεόδωρος

323 4638 402 4702 ὡς
432 4636 759 4691 κεκέλευστο
798 4637 937 4689 κατά
969 4638 1061 4689 τὸν
1098 4637 1360 4705 λεχθέντα
1390 4638 1575 4700 τόπον,
1610 4636 1670 4689 τὸ
1693 4636 1794 4705 τῆς
1825 4638 1923 4706 ἀῤ-

328 4710 572 4799 ρωστίας
620 4728 877 4799 εὕρισκεν
921 4728 1097 4781 αἴτιον
1118 4744 1132 4756 δ
1178 4730 1274 4781 καὶ
1300 4728 1457 4782 τοῦτο
1488 4729 1673 4797 φανὲν,
1708 4730 1921 4799 ἀφανὴς

326 4821 534 4883 εὐθέως
569 4822 597 4873 ό
625 4821 1017 4889 κακουργήσας
1051 4819 1271 4887 ἐγένετο
1290 4858 1306 4884 ,
1340 4820 1573 4872 θανάτου
1602 4818 1790 4872 τοῦτον
1820 4836 1924 4871 πα-

327 4913 597 4983 ραχρῆμα
630 4911 986 4980 συλήσαντος,
1025 4910 1118 4962 καὶ
1157 4909 1453 4980 μαρτύρων
1485 4912 1626 4980 ῥοπῇ
1655 4909 1744 4961 τὸν
1790 4908 1924 4961 Θεό-

324 5004 500 5075 δωρον
550 5002 963 5070 ὲκδικήσαντος.
1014 5001 1265 5071 Ἐϐραῖος
1315 5002 1359 5054 δ’
1395 4998 1485 5072 ἦν,
1521 5003 1616 5055 καὶ
1661 5002 1920 5072 τοιαύτης

327 5092 658 5163 ὑπολήψεως
689 5093 788 5144 οὐκ
825 5091 1109 5162 ἐλεύθερος
1130 5109 1143 5123 ·
1169 5092 1251 5146 διὸ
1292 5094 1386 5146 καὶ
1424 5093 1534 5146 τῶν
1567 5093 1712 5146 ίδίων
1743 5093 1921 5163 ἔργων

323 5186 455 5247 τοὺς
483 5184 680 5245 πόνους
706 5182 992 5251 ὲδρέψατο,
1026 5183 1339 5252 κατάλληλα
1364 5182 1548 5236 λαῦὼν
1577 5186 1642 5253 τῇ
1672 5182 1922 5253 γεωργίᾳ

325 5276 394 5328 τὰ
422 5276 716 5345 δράγματα
737 5290 751 5303 ο
789 5275 949 5344 ἡμεῖς
976 5274 1034 5328 δὲ
1054 5276 1163 5327 τῶν
1195 5276 1363 5342 ἁγίων
1388 5275 1449 5328 τὸ
1490 5274 1675 5337 σθένος
1712 5274 1922 5343 θαυμάο

328 5382 545 5431 σαντες,
583 5366 679 5418 καὶ
707 5364 783 5427 ὡς
809 5361 911 5417 οἷοί
940 5367 1000 5419 τέ
1032 5369 1199 5436 ἐσμεν
1236 5367 1436 5430 αὐτοὺς
1488 5368 1921 5436 ἀνυμνήσαντες,

327 5459 498 5528 ἕτερα
530 5457 713 5510 αὐτῶν
748 5458 848 5510 οὐκ
881 5458 1164 5522 ἐλάττονος
1198 5462 1375 5529 ὁρμῆς
1417 5458 1820 5528 καὶδυνάμεως
1848 5459 1928 5529 τῷ

327 5547 625 5619 γράμματι
665 5548 1085 5617 διαγγείλωμεν.

2022 3366 2164 3435 ignis
2196 3365 2248 3419 in
2284 3367 2479 3436 prunis
2519 3374 2571 3419 et
2614 3367 2822 3421 torrido
2854 3382 2977 3421 cum
3007 3369 3135 3423 vino
3162 3370 3324 3423 linire
3354 3386 3419 3426 ac
3449 3372 3613 3425 inun-

2022 3472 2149 3525 gere
2190 3456 2432 3509 membra
2481 3473 2601 3525 qua:
2658 3459 3025 3526 patiebantur,
3080 3462 3425 3531 pracipiunt.
3469 3464 3605 3528 Quin

2022 3564 2154 3603 vero
2186 3551 2417 3618 gratiam
2453 3550 2742 3618 oportebat
2797 3566 2905 3604 non
2959 3551 3332 3620 imperfectam
3383 3565 3608 3611 sanctos

2022 3642 2251 3705 donare,
2284 3640 2633 3696 Theodorum
2666 3642 2886 3711 quidem
2944 3644 3221 3713 praedictis
3276 3655 3611 3701 sanavernnt

2026 3731 2272 3796 auxiliis,
2298 3747 2363 3787 eo
2393 3746 2521 3785 vero
2546 3734 2637 3801 qui
2672 3733 2880 3802 magias
2910 3735 3161 3787 exercuit
3222 3736 3432 3805 agnito,
3491 3753 3606 3790 ma-

2024 3823 2240 3893 giazque
2275 3825 2501 3893 organis
2534 3824 2849 3878 manifestis
2891 3824 3130 3891 effectis,
3152 3824 3368 3895 dignam
3400 3830 3610 3882 auctori

2028 3914 2473 3969 vicissitudinem
2509 3914 2784 3969 tribuunt.
2836 3914 3068 3981 Quando
3127 3917 3271 3970 enim
3323 3916 3613 3974 Theodoro

2028 3991 2303 4060 coniicere
2361 4006 2761 4059 adminiculum
2825 4021 3226 4077 prazcepcrunt,
3288 4013 3450 4064 etiam
3511 4013 3614 4067 hnc

2022 4096 2259 4165 jussioni
2316 4098 2645 4164 miscebant,
2690 4097 2861 4165 Mitte,
2885 4100 3130 4155 dicentes
3156 4116 3487 4171 quemquam
3513 4104 3617 4157 mi-

2029 4190 2386 4245 nistrantinm
2421 4190 2514 4243 tibi
2546 4190 2612 4243 ad
2648 4189 2941 4259 Lapithon,
2969 4201 3023 4246 et
3079 4202 3206 4247 ante
3238 4196 3418 4248 cubile
3455 4205 3609 4249 tuum

2028 4296 2139 4349 pra:
2167 4278 2377 4334 foribus
2438 4279 2624 4335 fodere
2670 4284 2917 4350 dispone.
2980 4279 3093 4335 lllic
3123 4283 3269 4337 enim
3305 4283 3616 4341 insidiant's

2028 4370 2281 4425 invenies
2372 4370 2700 4423 maleficium
2756 4370 2862 4425 sub
2917 4372 3193 4426 vestibulo
3260 4373 3616 4428 invisibiliter

2028 4468 2383 4527 coopertum;
2414 4458 2562 4529 quod
2588 4459 2999 4514 manifestatum
3040 4477 3187 4528 mox,
3219 4478 3343 4517 eum
3378 4465 3471 4534 qui
3536 4465 3616 4520 fe-

2028 4552 2104 4605 cit
2134 4552 2434 4605 interimet.
2506 4549 2731 4606 Mittens
2759 4562 2941 4606 autem
2971 4552 3292 4608 Theodorus
3323 4556 3465 4609 sicut
3486 4556 3612 4624 jus-

2031 4658 2127 4697 sus
2164 4651 2249 4697 est
2284 4642 2350 4695 ad
2374 4643 2487 4711 jam
2523 4644 2730 4697 dictum
2768 4645 2971 4701 locum.
3028 4645 3363 4701 inﬁrmitatis
3413 4652 3614 4719 reperit

2031 4748 2277 4789 causam.
2329 4732 2393 4786 Et
2427 4732 2877 4804 bacnpparente,
2930 4737 3021 4805 qui
3059 4738 3197 4790 male
3251 4736 3303 4791 id
3352 4750 3613 4809 operatus

2030 4831 2136 4888 est,
2160 4822 2346 4875 statim
2371 4823 2667 4893 disparuit,
2698 4838 2871 4881 morte
2905 4828 3053 4882 hunc
3084 4830 3336 4898 protinus
3366 4831 3613 4900 rapiente

2032 4921 2086 4966 et
2138 4921 2441 4982 martyrum
2498 4924 2633 4968 nutu
2698 4914 3048 4971 Theodorum
3108 4918 3449 4976 defendente.
3505 4922 3612 4979 lle-

2029 5005 2209 5059 brutus
2263 5013 2446 5059 autem
2485 5014 2626 5069 erat,
2674 5018 2727 5061 et
2787 5008 3173 5079 hujuscemodi
3227 5015 3610 5070 mstimationis

2028 5098 2178 5151 nullo
2207 5096 2368 5151 modo
2407 5099 2575 5163 liber;
2615 5110 2835 5170 propter
2867 5103 3013 5171 quod
3043 5113 3097 5157 et
3122 5120 3347 5172 operum
3381 5111 3613 5162 messuit

2032 5190 2378 5257 propriorum
2422 5191 2660 5257 labores,
2704 5208 3078 5264 competentes
3136 5199 3413 5267 accipiens
3469 5204 3613 5269 agri-

2032 5280 2259 5334 culturae
2290 5282 2619 5351 manipulos.
2679 5288 2851 5341 Porro
2902 5305 3003 5343 nos
3050 5300 3367 5346 sanctorum
3416 5294 3613 5348 robure

2031 5370 2367 5435 collaudato,
2414 5382 2467 5427 et
2518 5375 2678 5429 sicuti
2713 5394 3005 5447 possumus
3038 5381 3117 5436 eis
3156 5383 3373 5453 hymnis
3401 5384 3610 5454 glorifi-

2032 5461 2192 5527 catis,
2233 5464 2339 5514 alia
2380 5479 2574 5517 eorum
2610 5483 2718 5520 non
2757 5470 2988 5526 minoris
3021 5484 3204 5529 motus
3243 5484 3406 5545 atque
3435 5473 3609 5528 virtu.

2032 5554 2123 5618 tis,
2152 5552 2255 5608 hoc
2280 5555 2486 5623 scripto
2519 5558 2989 5617 denuntiabimus.

1858 5727 2092 5783 NOTAE.

409 5814 527 5885 (52)
564 5814 785 5869 Inclusa
835 5817 887 5868 in
935 5817 1125 5869 (ira-co
1161 5828 1310 5871 textu
1354 5819 1603 5886 deerant,
1634 5837 1756 5891 quae
1781 5832 1961 5878 tamen
2008 5822 2235 5880 Latinus
2267 5829 2623 5882 conservavit.

582 5906 858 5970 Pnac-L.
911 5909 1028 5969 Gn.
1058 5911 1438 5971 LXXXVII.

3220 5928 3333 5984 itu
