4280 6442
299 411 442 481 3629

1297 423 1399 479 SS.
1434 420 1607 480 (lilii
1644 419 1738 478 ET
1772 416 2094 478 JOANNIS
2138 417 2548 478 MiiiACULA.

3437 417 3580 479 3630

302 529 519 600 είληφα,
554 530 871 601 ἣχαίρουσι
916 533 1028 589 τοῖς
1064 531 1125 581 οὐ
1163 531 1458 598 νησιώταις
1508 532 1894 600 τυγχάνουσιν.
1930 578 1933 587 ,

1930 540 1971 588 Α
2003 531 2456 599 congratulentut-
2483 530 2535 583 hi
2574 531 2667 600 qui
2723 544 2829 583 nou
2858 536 2990 583 sunt
3021 529 3282 584 insulani.
3316 531 3578 600 (iytiacus

301 622 579 688 Κυριακὸς
604 621 785 673 τοίνυν
806 621 836 673 ὀ
864 620 1065 683 Ῥόδιος
1096 620 1376 690 δαιμόνιον
1406 620 1562 690 ἔσχεν
1583 620 1896 691 ἀκάθαρτον

300 712 395 765 καὶ
422 712 532 765 τῶν
577 712 843 765 πλειόνων
878 712 1014 765 πολὺ
1054 711 1462 784 χαλεπώτερον,
1493 712 1688 782 ἄγριόν
1715 730 1775 765 τε
1804 715 1898 765 καὶ

302 802 711 874 μισάνθρωπον,
733 804 829 856 καὶ
851 803 1069 865 πολλοῖς
1092 802 1257 857 αὐτὴν
1279 802 1607 873 περιϐάλλον
1631 819 1695 856 συ
1704 802 1897 872 μπτώ-

303 908 498 963 μασιν·
531 894 630 947 καὶ
664 893 928 956 πολλάκις
957 893 1024 947 ἂν
1056 893 1158 963 τῆς
1186 893 1336 964 ζωῆς
1366 893 1573 966 ταύτης
1600 896 1762 948 αὐτὸν
1793 900 1900 949 ἀπ-

301 985 629 1056 εστέρησεν,
657 985 707 1036 εί
742 984 818 1056 μὴ
847 984 1083 1054 Χριστὸς
1137 986 1167 1038 ὁ
1213 984 1324 1037 τῶν
1351 985 1489 1038 ὅλων
1520 985 1776 1056 κηδεμὼν
1805 985 1898 1039 καὶ

302 1077 399 1147 τῆς
428 1076 779 1147 ἀνθρωπείας
810 1076 1032 1144 φύσεως
1060 1076 1237 1146 φύλαξ
1265 1075 1604 1141 ἀνύστακτος
1627 1077 1898 1148 ἐπιτιμῶν

300 1165 615 1220 διεκώλυεν.
642 1165 780 1219 Οὔτε
825 1167 937 1239 γάρ
977 1167 1274 1239 ἡσυχάζειν
1300 1171 1394 1222 καὶ
1431 1170 1567 1240 πρὸς
1605 1170 1784 1238 ὀλίγον
1811 1171 1898 1225 εἷα

300 1259 391 1310 τὴν
419 1258 731 1330 ἄνθρωπον,
749 1257 873 1313 οὔτε
899 1260 1123 1330 δεσμοῖς
1152 1260 1573 1325 ὑποτάττεσθαι,
1592 1260 1718 1315 οὔτε
1747 1262 1897 1334 σιδη-

305 1350 425 1416 ραῖς
451 1348 792 1403 ύποκύπτειν
822 1350 1103 1413 ἀλύσεσιν,
1139 1348 1266 1403 οὔτε
1290 1354 1405 1413 τοῖς
1438 1352 1621 1414 ἄλλοις
1647 1351 1896 1421 μηχανή-

304 1456 473 1507 μασιν
506 1440 864 1509 φράττεσθαι,
896 1434 980 1504 οἷς
1026 1443 1073 1494 οί
1103 1440 1339 1493 τοιοῦτοι
1371 1440 1651 1509 πεφύκασι
1682 1458 1899 1511 σωφρο-

301 1530 583 1594 νίζεσθαι,
637 1531 758 1585 ἀλλ’
793 1528 861 1602 ἦν
906 1533 1070 1603 ἀδεής
1118 1550 1178 1586 τε
1215 1534 1311 1585 καὶ
1353 1532 1575 1601 ἄφοδος,
1622 1533 1897 1604 λογισμῶν

301 1621 530 1693 ἕρημος,
573 1624 670 1677 κα)⁵
709 1625 893 1694 πάσης
933 1624 1173 1686 διανοίας
1213 1626 1448 1696 ὀρφανὸς
1473 1626 1568 1677 καὶ
1593 1626 1895 1695 ἀλλότριος.

370 1716 571 1779 Βιαίως
615 1716 673 1769 δὲ
708 1716 853 1769 πάνυ
898 1717 1037 1786 πρός
1073 1717 1258 1785 Κῦρον
1298 1719 1486 1785 ἀχθεὶς
1514 1718 1607 1770 καὶ
1639 1718 1896 1787 Ἰωάννην

299 1807 429 1869 τοὺς
486 1807 802 1879 μάρτυρας,
853 1808 950 1861 τοῦ
994 1809 1252 1879 δαίμονος
1301 1809 1702 1879 ἀπηλλάττετο·
1752 1811 1895 1863 κατὰ

300 1874 619 1971 βραχὺήγὲιρ
652 1874 747 1953 τθν
778 1900 1042 1970 λογισμὸν
1069 1874 1540 1972 καταστήσαντες,
1569 1902 1663 1954 καὶ
1702 1902 1769 1955 τὰ
1801 1903 1894 1955 ἀν·
1921 1874 1970 1932 Β

298 1992 533 2063 θρώπων
554 1993 703 2063 αύτῷ
726 1995 950 2064 φρονεῖν
973 1993 1318 2064 ἐχαρίσαντο.
1346 1993 1504 2046 Οὕτω
1536 1994 1594 2047 δὲ
1618 1993 1897 2056 διαθέντες

297 2089 387 2140 τὸν
416 2088 707 2160 ἄνθρωπον
734 2089 1078 2160 οἰκτροτάτῳ
1100 2089 1399 2160 φαρμάκῳ,
1421 2090 1516 2143 καὶ
1538 2089 1895 2159 τδδαιμόνιον

297 2179 675 2244 ἑκδιώκουσιν,
708 2181 881 2245 δεῖξαι
904 2181 1046 2250 τάχα
1075 2180 1390 2251 βουλόμενοι
1415 2181 1508 2235 τοῦ
1532 2180 1777 2250 Πονηροῦ
1797 2180 1896 2249 τὴν

295 2270 611 2325 ἀσθένειαν.
647 2272 800 2343 Κρέα
830 2272 939 2342 γὰρ
973 2273 1200 2342 μόσχεια
1247 2274 1434 2325 λαϐεῖν
1478 2273 1893 2342 ἐπιτρέψαντες,

293 2363 527 2435 ἀνθραξί
584 2381 643 2417 τε
693 2363 867 2418 ταῦτα
918 2365 1261 2435 καταφλέξαι
1308 2365 1737 2437 προστάξαντες,
1797 2366 1895 2418 σὺν

294 2458 425 2527 οἴνῳ
468 2457 658 2511 λεᾶναι
695 2459 790 2511 καὶ
824 2459 1013 2528 χρίσαι
1068 2460 1127 2512 τὸ
1172 2458 1333 2529 σῶμα
1364 2459 1752 2523 θεσπίζουσιν·
1800 2456 1897 2510 καὶ

291 2546 454 2602 τοῦτο
484 2547 764 2617 Κυριακοῦ
813 2548 875 2601 τὸ
904 2552 1069 2619 τάχος
1100 2551 1445 2616 ποιήσαντος,
1476 2547 1706 2619 φροῦδον
1736 2546 1896 2609 εὐθὺς

294 2638 490 2707 γέγονε
539 2640 603 2691 τὸ
651 2641 963 2709 δαιμόνιον,
1000 2641 1061 2693 οὐ
1112 2640 1175 2693 τὸ
1223 2642 1517 2710 φάρμακον
1551 2640 1827 2701 δειλιάσας
1868 2641 1896 2692 ὁ

294 2731 508 2801 δαίμων
537 2733 567 2785 ὁ
598 2732 884 2796 κάκιστος,
912 2732 1052 2785 ἀλλά
1085 2731 1269 2803 Κύρου
1296 2733 1496 2803 φρίξας
1517 2733 1610 2785 καὶ
1647 2731 1894 2784 Ἰωάννου

294 2824 357 2876 τὸ
389 2822 674 2893 θέσπισμα
692 2838 706 2851 ·
730 2825 845 2876 οὐδ’
862 2824 1212 2893 ἀναστρέψας
1239 2824 1321 2876 ἔτι
1351 2824 1490 2891 πρὸς
1515 2824 1751 2893 οἴκησιν,
1774 2821 1897 2875 ἀλλ’

294 2915 449 2971 ἀπίει
480 2913 775 2985 πεφευγὼς
799 2916 880 2978 είς
902 2916 1184 2986 ἀοίκητον,
1220 2917 1316 2969 καὶ
1337 2916 1498 2968 ταυτὶ
1531 2915 1668 2984 βοῶν
1696 2913 1894 2968 ἑαυτοῦ

294 3008 356 3061 τὸ
383 3005 660 3078 ἀδύναμον
688 3008 783 3061 καὶ
821 3006 933 3060 τῶν
961 3007 1271 3073 διωξάντων
1300 3008 1401 3077 τὴν
1426 3006 1678 3076 δύναμιν.
1702 3006 1896 3075 Ἡμεῖς

294 3098 354 3153 δὲ
378 3097 458 3170 τῷ
485 3098 877 3169 καθαρισθέντι
906 3099 1300 3169 συγχαίροντες
1322 3138 1337 3163 ,
1376 3099 1472 3150 καὶ
1505 3098 1633 3160 τοὺς
1661 3097 1893 3169 καθαρί-

298 3205 498 3254 σαντας
549 3190 712 3243 αὐτὸν
762 3188 954 3256 ἁγίους
997 3187 1310 3254 δοξάζοντες
1334 3230 1349 3253 ,
1410 3189 1503 3241 καὶ
1550 3188 1789 3257 Χριστὸν
1833 3190 1893 3242 τὸ

293 3277 511 3334 τοιοῦτο
535 3280 720 3343 αὐτοῖς
750 3280 1021 3334 δεδωκότα
1065 3278 1128 3330 τὸ
1162 3280 1349 3342 σθένος
1375 3279 1751 3350 γεραίροντες,
1788 3281 1888 3348 ἀρα

297 3371 403 3442 χὴν
440 3371 631 3445 ἑτέρου
673 3370 1032 3442 ποιησώμεθα
1071 3369 1372 3439 θαύματος.

366 3574 503 3628 Νιιι.
532 3573 670 3642 Περὶ
703 3572 930 3640 Πέτρου
962 3572 1066 3642 τοῦ
1104 3569 1366 3642 Ἀμμιιδᾶ
1397 3569 1671 3637 χοιράδας
1707 3570 1886 3639 ἐσχηο

683 3646 862 3706 κότος
892 3641 1025 3710 περὶ
1058 3644 1165 3693 τὸν
1198 3640 1522 3709 τράχηλον.

369 3735 576 3805 Πέτρος
599 3734 628 3786 ὁ
647 3732 859 3803 Χάραξ,
897 3730 1035 3803 ἀνὴρ
1066 3731 1257 3798 γέγονε
1289 3731 1489 3799 τίμιος,
1530 3731 1676 3798 γένει
1706 3729 1763 3783 δὲ
1793 3730 1887 3783 καὶ

296 3825 521 3896 πλούτῳ
555 3826 650 3879 καὶ
676 3825 939 3895 φρονήσει
990 3821 1386 3893 γαυρούμενος,
1429 3822 1522 3873 καὶ
1552 3821 1745 3893 τρίτης
1769 3822 1886 3875 Πα-

298 3917 584 3986 λαιστίνης
612 3913 843 3986 (ταύτης
880 3914 993 3984 γὰρ
1020 3913 1173 3974 πόλις
1201 3912 1319 3964 ἐστὶ
1365 3911 1437 3964 τά
1480 3911 1883 3983 Χαράγματα),

297 4008 590 4077 τυγχάνων
616 4004 885 4068 ἐπίδοξος,
917 4003 1017 4072 τῆς
1057 3999 1318 4070 πατρίδος
1358 4000 1426 4053 τὰ
1476 4001 1605 4071 ὅρια
1638 4002 1759 4064 ταῖς
1790 4002 1884 4053 εύ-

298 4096 539 4168 φημίαις
567 4095 827 4163 ἐπέρασε,
865 4093 959 4145 καὶ
988 4094 1101 4152 τοῖς
1135 4089 1448 4162 ὑπερορίοις
1468 4090 1542 4154 ὡς
1575 4093 1686 4153 τοῖς
1711 4092 1884 4160 εγχω-

299 4187 441 4259 ρίοις
472 4186 741 4256 ἐτύγχανε
770 4182 1046 4255 γνώριμος
1076 4198 1090 4213 ο
1138 4182 1201 4234 ού
1233 4179 1486 4234 τοσοῦτον
1516 4183 1580 4234 ὲκ
1618 4180 1747 4245 θέας
1762 4181 1886 4235 ὅσον

296 4282 365 4334 ἐκ
396 4279 587 4349 φήμης
613 4277 800 4339 αὐτοῖς
839 4273 1265 4343 γινωσκόμενος.
1311 4271 1517 4342 Πέτρος
1554 4267 1648 4325 οὖν
1673 4268 1826 4335 οὗτος
1857 4274 1887 4325 ὁ

295 4370 609 4432 κάλλιστος,
636 4367 666 4418 ό
699 4365 917 4435 πλούτῳ
946 4364 1226 4436 ῥεόμενος,
1262 4365 1460 4432 δγένει
1493 4364 1588 4416 καὶ
1626 4366 1886 4433 φρονήσει

294 4458 699 4529 κοσμούμενος,
762 4453 988 4525 χαλεπῷ
1047 4454 1317 4525 νοσήματι
1407 4454 1832 4523 περιπέπτωκεν
1867 4468 1881 4483 ·

1999 622 2162 691 igitur
2190 623 2277 676 hic
2320 622 2568 676 llhodins
2601 622 2929 676 dietnoniutu
2958 622 3190 677 habebat
3217 623 3578 688 immundum,

1998 722 2052 767 ct
2103 714 2286 768 multis
2320 714 2441 769 aliis
2477 713 2699 779 saevius,
2740 714 2885 783 quod
2940 728 3064 767 cum
3127 713 3354 768 cﬂ'erutu
3402 715 3453 767 id
3492 726 3585 770 est

2000 805 2277 861 hominem
2312 807 2439 861 odio
2485 807 2732 868 haberet,
2778 806 2964 860 multis
3006 807 3153 859 hunc
3198 807 3424 862 casibus
3480 807 3582 859 itu-

2001 896 2249 952 tuittebat
2276 916 2291 963 ;
2327 909 2380 953 et
2412 898 2729 967 frequenter
2763 907 2943 951 actum
2979 906 3065 953 est
3095 908 3153 951 ut
3182 913 3307 953 eum
3341 899 3446 953 hac
3468 899 3578 952 vita

1999 989 2287 1058 privasset,
2342 989 2447 1042 nisi
2500 989 2757 1045 Christus
2814 998 3140 1058 procurator
3202 992 3473 1054 omnium,
3524 999 3580 1047 et

2000 1083 2251 1136 humana:
2284 1093 2492 1135 natura:
2523 1092 2711 1137 custos
2746 1094 2855 1137 non
2901 1081 3271 1147 obdormiens,
3302 1082 3583 1151 increpas-

1999 1182 2083 1230 set
2110 1181 2165 1229 et
2185 1175 2541 1230 cohibuisset.
2567 1174 2753 1246 Neque
2776 1175 2922 1231 enim
2954 1177 3245 1246 quiescere
3289 1176 3483 1231 saltem
3510 1175 3579 1229 ad

2000 1266 2276 1320 modicum
2332 1266 2609 1323 hominem
2660 1267 3048 1336 permittebat,
3102 1283 3278 1338 neque
3345 1268 3579 1321 vinculis

2001 1373 2181 1427 neque
2212 1358 2408 1413 ferreis
2431 1359 2707 1412 incurvari
2746 1360 2983 1423 catenis,
3018 1374 3195 1427 neque
3225 1358 3349 1412 aliis
3374 1359 3583 1412 maelii-

1999 1449 2278 1502 uamentis
2330 1448 2567 1512 turbari,
2623 1448 2822 1518 quibus
2881 1448 3028 1503 soliti
3087 1458 3217 1503 sunt
3266 1449 3578 1518 huiusmodi

1999 1539 2224 1605 corrigi.
2256 1537 2361 1592 Sed
2385 1548 2504 1592 erat
2532 1536 2855 1606 intrepidus,
2908 1544 2961 1590 et
2990 1536 3109 1591 sine
3143 1538 3340 1591 timore
3370 1537 3580 1607 cogita-

1999 1630 2241 1684 tionibus
2265 1629 2588 1690 destitutus,
2617 1637 2672 1684 et
2698 1628 2848 1684 omni
2880 1643 3045 1683 sensu
3078 1628 3245 1682 orbus
3270 1638 3324 1682 et
3342 1629 3578 1681 alienus.

2068 1720 2240 1775 Per-ro
2299 1720 2594 1775 admodum
2642 1721 2906 1775 violenter
2956 1720 3023 1774 ad
3055 1720 3258 1790 Cyrum
3304 1729 3359 1773 et
3413 1717 3582 1772 Joan-

2000 1827 2121 1865 nem
2154 1820 2423 1880 martyres
2446 1812 2668 1875 ductus,
2692 1825 2724 1863 a
2742 1811 3014 1865 dmtnouio
3032 1812 3172 1863 liber
3195 1810 3423 1865 cili-ctus
3451 1817 3533 1864 est
3563 1827 3578 1862 :

1999 1903 2261 1973 paulatim
2285 1904 2487 1974 quippe
2514 1919 2738 1958 sensum
2775 1903 3153 1967 restituentes,
3186 1904 3235 1957 ei
3263 1902 3428 1956 etiam
3458 1916 3583 1969 qua:

1980 1982 2281 2051 hominum
2325 2004 2457 2050 sunt
2502 1997 2710 2051 sentire
2758 1996 3055 2050 donarunt.
3107 1993 3201 2048 Sic
3234 2004 3416 2048 autem
3465 2005 3580 2046 tra-

2000 2092 2214 2141 ctantes
2242 2086 2539 2153 hominem,
2574 2096 2628 2142 et
2666 2089 3000 2144 daemonium
3043 2088 3313 2142 vilissimo
3344 2085 3584 2140 medica-

1999 2176 2144 2230 mine
2181 2177 2411 2246 pellunt,
2437 2179 2731 2235 ostendere
2764 2179 2905 2235 forte
2931 2181 3175 2235 volentes
3204 2180 3577 2235 intirmitatem

1999 2267 2243 2336 maligni.
2309 2268 2520 2325 (Iarucs
2573 2269 2779 2340 quippe
2830 2270 3092 2326 vitulinas
3133 2286 3351 2327 sumere
3387 2270 3578 2338 praeci-

1999 2358 2229 2428 pientes,
2258 2362 2554 2429 prunisque
2585 2360 2683 2415 has
2717 2375 2965 2415 cremare
2990 2359 3267 2430 jubeutes,
3291 2374 3417 2414 cum
3448 2360 3578 2415 vino

1999 2448 2218 2516 fricare,
2268 2460 2324 2505 et
2369 2466 2575 2519 ungere
2610 2465 2811 2521 corpus
2855 2451 3183 2505 decernunt.
3219 2449 3377 2515 Quod
3443 2463 3573 2503 cum

1996 2540 2246 2595 celeriter
2273 2541 2539 2611 (Syriacus
2583 2542 2805 2611 egisset,
2849 2542 3007 2596 inane
3031 2541 3217 2595 statim
3243 2540 3574 2594 daemonium

1998 2630 2205 2686 factum
2238 2640 2344 2694 est,
2378 2647 2485 2685 non
2535 2632 2992 2686 medicamentum
3022 2630 3326 2687 formidans
3357 2629 3577 2700 nequis-

1995 2723 2169 2777 simus
2208 2723 2298 2777 ille
2334 2722 2570 2783 diemou.
2614 2722 2710 2777 sed
2770 2723 2898 2792 Cyri
2950 2732 3201 2777 metuens
3245 2731 3301 2775 et.
3343 2722 3577 2775 .ln.:uttis

1994 2822 2344 2882 prmceptum.
2378 2813 2484 2868 Nec
2519 2814 2584 2868 ad
2626 2814 2981 2867 habitandum
3014 2814 3158 2866 ultra
3187 2828 3442 2868 reversus
3469 2822 3576 2873 est.

1995 2905 2091 2960 sed
2145 2919 2362 2975 semper
2421 2904 2636 2974 fugiens
2680 2904 2886 2974 absque
2933 2904 3269 2959 habitatione
3301 2905 3575 2965 manebat.

1995 2996 2100 3051 hoc
2128 2997 2293 3051 modo
2328 2997 2573 3052 elau.ans
2598 3005 2651 3051 et
2673 3011 2829 3049 suam
2858 2995 3032 3065 ipsius
3058 2995 3575 3065 impossibilitatch

1992 3096 2048 3141 et
2085 3088 2399 3156 pelleutiuut
2429 3087 2723 3158 propalans
2751 3088 3027 3142 virtutem.
3066 3085 3241 3143 Porro
3260 3103 3360 3142 nos
3385 3101 3580 3142 cntutu

1919 3215 1961 3272 ο
2000 3177 2129 3233 dato
2184 3179 2648 3246 congratuiantes,
2700 3186 2755 3232 et
2786 3186 3007 3231 sanctos
3046 3178 3138 3247 qui
3173 3176 3321 3230 hune
3348 3177 3579 3231 munda-

1999 3280 2127 3321 vere
2148 3267 2542 3337 glorificantes,
2569 3267 2963 3337 Christumque
2994 3269 3088 3338 qui
3114 3269 3276 3322 talem
3303 3269 3411 3323 illis
3441 3283 3545 3324 con
3563 3298 3578 3308 -

1997 3357 2124 3411 tulit
2198 3357 2573 3413 fortitudinem
2645 3359 3013 3426 honorantes,
3069 3361 3287 3414 initium
3351 3361 3580 3416 alterius

1997 3447 2268 3505 faciamus
2295 3451 2565 3505 miraculi.

2103 3555 2286 3614 LVIII.
2325 3558 2400 3613 De
2431 3558 2587 3613 Petra
2616 3559 2881 3614 Amutada
2912 3560 3002 3629 qui
3028 3560 3235 3629 scrofas
3259 3561 3465 3615 habuit.

2065 3718 2259 3775 Petrus
2296 3720 2387 3775 ille
2436 3720 2674 3788 Charax,
2714 3722 2798 3776 vir
2822 3722 3165 3778 honorabilis
3200 3725 3323 3785 fuit,
3347 3739 3573 3795 genere,

1994 3810 2224 3878 divitiis,
2274 3821 2329 3868 et
2368 3813 2658 3882 prudentia
2712 3813 3031 3876 decoratus,
3081 3825 3136 3868 et
3166 3832 3231 3870 ex
3271 3819 3430 3870 tertia
3479 3816 3575 3873 Pa‘

1998 3902 2210 3957 lwstina
2248 3902 2451 3973 (hujus
2486 3904 2631 3959 enim
2662 3905 2856 3961 civitas
2882 3914 3011 3961 sunt
3042 3907 3132 3961 illa
3165 3908 3530 3979 Charaguiata
3556 3911 3576 3979 )

1994 3993 2271 4062 gloriosus
2318 4002 2566 4049 exortus.
2617 3996 2720 4061 Qui
2764 3996 2954 4066 patria:
3003 3999 3265 4053 terminos
3318 3998 3575 4054 laudibus

1996 4085 2238 4149 transiit,
2261 4093 2315 4140 et
2340 4087 2412 4140 ita
2432 4086 2675 4143 externis
2708 4088 2961 4159 cognitus
2993 4089 3199 4154 aderat,
3230 4104 3337 4143 non
3360 4097 3571 4144 tantum

1993 4195 2058 4233 ex
2115 4180 2349 4244 visione,
2386 4190 2652 4250 quantum
2694 4197 2759 4236 ex
2806 4181 2964 4236 laude
3021 4182 3129 4237 illis
3160 4189 3321 4237 notus
3346 4182 3574 4239 eﬂ‘ectns

1993 4271 2098 4319 est.
2136 4264 2276 4337 Ergo
2305 4264 2498 4323 Petrus
2527 4268 2614 4322 hie
2644 4270 2884 4338 optimus
2914 4269 3120 4323 divitiis
3150 4269 3397 4336 alﬂuetts,
3443 4287 3571 4343 pro-

1994 4356 2146 4426 sapia
2196 4366 2446 4425 ornatus,
2494 4368 2550 4414 et
2589 4360 2877 4430 prudentia
2908 4361 3171 4424 famosus.
3218 4378 3420 4419 stevum
3451 4366 3570 4418 lan-

1998 4464 2227 4519 guorem
2253 4451 2443 4508 incidit
2474 4468 2491 4518 ;
2526 4461 2734 4509 natura:
2753 4454 2954 4525 quippe
2981 4456 3199 4527 propria
3220 4471 3320 4512 nec
3348 4456 3569 4513 sibimet

296 4550 545 4622 φείδεται
576 4550 688 4619 γὰρ
720 4547 831 4602 οὐδ’
862 4546 1047 4609 αὐτῶν
1066 4547 1134 4601 τὰ
1167 4546 1269 4617 τῆς
1290 4544 1509 4615 φύσεως
1546 4545 1675 4609 ῐδια,
1710 4546 1760 4598 εί
1791 4545 1885 4598 καὶ
1919 4563 1933 4618 ι

1919 4563 1961 4618 D
1998 4551 2250 4607 parcunt,
2305 4542 2429 4597 licet
2471 4543 2586 4614 jam
2639 4543 2805 4599 dictis
2841 4545 3134 4601 rittutibus
3159 4546 3364 4601 distare
3387 4561 3569 4602 acon~

295 4646 410 4706 τιῖς
441 4640 713 4711 λεχθεῖσιν
752 4637 1226 4708 πλεονεκτήμασιν
1268 4636 1551 4707 διαφέρειν
1601 4637 1712 4689 τῶν
1754 4639 1885 4707 ὀμο-

296 4736 486 4809 φύλων
544 4733 882 4802 νομίζουσιν.
937 4729 1163 4785 Τοιοῦτο
1213 4729 1271 4783 δι
1308 4724 1378 4800 ἦν
1423 4728 1520 4783 καὶ
1543 4729 1603 4781 τὸ
1625 4729 1838 4796 νόσημα
1868 4744 1883 4759 ο

300 4830 415 4890 Τάς
444 4824 706 4897 χοιράδας
750 4823 971 4885 πάντως
1002 4822 1256 4885 ἀκούετε,
1289 4820 1385 4873 καὶ
1424 4819 1717 4882 ἀκούοντες
1747 4818 1885 4871 πάνυ·

294 4937 405 4981 τως
430 4914 751 4986 γινώσκετε,
778 4914 875 4967 καὶ
900 4912 1083 4965 οἴδατε
1110 4909 1186 4973 ὡς
1209 4908 1382 4973 πάθος
1431 4910 1548 4963 εστὶ
1586 4909 1887 4980 δυσκατέρ-

296 5024 524 5075 γαστον,
554 5005 653 5058 καὶ
690 5005 880 5073 νόμοις
908 5003 1110 5075 ἰατρῶν
1142 5004 1204 5055 ού
1279 5001 1576 5073 πειθήνιον,
1600 5001 1693 5054 καὶ
1716 4994 1887 5069 ἄγχον

296 5097 509 5166 ἀγρίως
542 5096 668 5156 τοὺς
697 5095 1029 5163 πάσχοντας.
1079 5091 1253 5144 Τοῦτο
1278 5091 1371 5145 καὶ
1404 5091 1610 5161 Πέτρος
1638 5090 1769 5159 περὶ
1793 5090 1886 5142 τὸν

294 5184 575 5256 τράχηλον
623 5184 846 5253 ἔσχηκε,
884 5181 982 5235 καὶ
1015 5181 1162 5251 σχὼν
1218 5180 1516 5234 ἀποθανεῖν
1572 5179 1885 5233 ἐκινδύνευε

298 5273 532 5345 (τοιοῦτο
555 5272 663 5343 γὰρ
692 5272 800 5325 τῶν
825 5270 1089 5343 χοιράδων
1124 5270 1189 5323 τὺ
1212 5268 1511 5341 γέννημα),
1556 5272 1652 5323 καὶ
1707 5268 1887 5322 κινδυ-

296 5365 472 5418 νεύων
505 5365 705 5435 ήπόρει
732 5361 828 5415 τοῦ
867 5361 1158 5426 σώζοντος,
1224 5361 1412 5432 ίατροῦ
1465 5361 1541 5432 μὴ
1580 5360 1882 5432 δυναμένου

295 5458 432 5530 πρδς
477 5457 542 5509 τὸ
577 5455 749 5518 πάθος
785 5454 1160 5524 μαχήσασθαι,
1215 5454 1312 5507 καὶ
1335 5453 1728 5524 μαχησαμένου
1784 5454 1884 5524 τὴν

293 5553 456 5621 νίκην
492 5547 828 5621 κομίσασθαι
868 5564 883 5578 ο
939 5548 1076 5601 ἀλλά
1106 5546 1320 5599 πολλῶν
1369 5547 1465 5616 μὲν
1501 5545 1885 5615 είσπηδώντων

293 5647 433 5716 πρὸς
462 5643 526 5697 τὸ
553 5643 794 5706 στάδιον,
824 5640 1042 5705 οὐδενὸς
1069 5640 1128 5695 δὲ
1155 5640 1219 5693 τὸ
1266 5639 1521 5710 βραϐεῖον
1576 5638 1884 5710 λαμϐάνον-

294 5753 405 5801 τος,
465 5735 583 5790 ἀλλ’
627 5734 946 5806 ἡττωμένου
994 5732 1093 5788 καὶ
1132 5730 1452 5802 φεύγοντος,
1483 5730 1580 5786 καὶ
1611 5732 1678 5802 τῇ
1734 5731 1881 5802 φυγῇ

295 5826 691 5896 σιτφανοῦντος
712 5825 774 5880 τὸ
798 5824 1027 5895 νόσημα.

1990 4631 2285 4686 tribulibus
2336 4643 2660 4688 autument.
2710 4631 2863 4687 Talia
2916 4635 3081 4689 etiam
3133 4643 3255 4690 erat.
3313 4637 3565 4704 languor.

1989 4721 2211 4778 Srrofas
2233 4723 2482 4793 profecto
2509 4724 2736 4791 auditis,
2766 4727 3123 4781 etaudieutes
3154 4727 3341 4797 utique
3368 4729 3563 4795 nostis,

1988 4814 2140 4869 scitis
2169 4814 2320 4870 enim
2351 4832 2516 4885 quam
2554 4817 2629 4871 sit
2660 4816 2774 4871 hinc
2800 4818 2985 4886 passio
3016 4818 3083 4872 ad
3118 4821 3424 4873 sanandum
3457 4820 3565 4875 dif-

1991 4904 2151 4960 lieilis
2186 4915 2242 4960 et
2280 4906 2615 4961 medicorum
2670 4908 2877 4979 legibus
2927 4923 3029 4963 non
3072 4911 3477 4972 obsecundaus,
3511 4922 3565 4966 et

1988 5010 2195 5066 angens
2239 4996 2543 5051 bestialiter
2587 5000 2877 5067 patientes.
2932 5000 3048 5054 Hoc
3088 5010 3143 5055 et
3184 4999 3376 5056 l’ett'ns
3418 5003 3565 5057 circa

1987 5086 2187 5140 collum
2220 5085 2475 5152 habebat,
2516 5096 2571 5141 et
2604 5089 2794 5143 habito
2830 5091 3191 5144 moribundus
3222 5091 3566 5160 periclitaba-

1989 5186 2113 5243 tur;
2160 5178 2268 5233 tale
2305 5178 2508 5248 quippe
2552 5181 2860 5234 scrofarum
2894 5190 2979 5236 est
3000 5182 3253 5250 gettitncu
3285 5198 3301 5248 ;
3341 5192 3395 5237 et
3430 5184 3560 5252 peti-

1986 5270 2299 5324 clitaturum
2338 5271 2433 5339 qui
2467 5272 2706 5327 salvaret
2745 5286 2852 5326 non
2899 5271 3111 5337 aderat,
3161 5274 3289 5327 dum
3317 5274 3562 5329 medicus

1985 5360 2247 5416 dimicare
2289 5370 2482 5416 contra
2527 5362 2905 5432 :egritudinem
2940 5378 3047 5418 non
3088 5364 3250 5427 valet,
3284 5362 3367 5417 vel
3398 5363 3562 5417 diuti-

1986 5466 2120 5506 eans
2185 5451 2383 5507 aﬂerre
2448 5453 2764 5508 victoriam.
2841 5452 3040 5510 Verum
3111 5454 3267 5509 multi
3337 5455 3558 5524 quidem

1985 5545 2303 5601 iusiliebant
2364 5545 2422 5601 in
2488 5545 2749 5613 stadium,
2816 5562 2977 5601 nemo
3030 5556 3210 5600 tamen
3259 5546 3562 5615 accipiebat

1985 5638 2263 5704 bravium,
2309 5638 2407 5695 sed
2438 5647 2729 5711 superatus
2767 5638 3053 5709 effugiens,
3102 5638 3399 5695 eoronabat
3432 5638 3558 5708 fuga

1986 5721 2327 5795 languorem.
