4280 6442
319 382 458 442 363V}
1306 383 1407 440 SS.
1441 380 1615 441 CYRI
1654 379 1750 440 ET
1786 376 2107 439 JOANNIS
2142 373 2540 436 MIRACULA
3442 354 3582 422 3631

324 495 379 543 τὸ
406 490 618 545 δάνειον
651 492 724 561 μὴ
759 492 1042 545 ἐκτίσωσιν
1072 508 1084 524 ·
1116 493 1275 546 τοῦτο
1319 494 1428 564 γάρ
1486 490 1555 564 ἦν
1605 494 1789 554 αὐτοῖς
1845 491 1906 544 τὸ
1937 496 1978 552 Α
2010 515 2014 559 ι

1890 495 1906 544 5
1937 496 1978 552 Α
2010 491 2326 561 gestientes,
2365 495 2425 540 ut
2449 498 2545 556 per
2572 478 3010 552 interemptionis
3043 479 3333 540 incertum,
3356 480 3413 528 et
3440 469 3580 541 judi-

2006 586 2151 639 cium
2185 581 2567 635 delitescentes
2601 573 2917 642 effugerent,
2960 579 3015 627 et
3050 577 3298 623 mututtm
3334 580 3440 619 non
3470 580 3584 633 per-

2005 677 2275 731 solverent
2304 691 2318 737 ;
2351 672 2453 724 hoc
2498 668 2643 724 enim
2675 666 3011 723 desiderium
3052 672 3170 718 erat
3203 662 3331 715 illis.
3363 659 3584 730 Cogita-

2004 768 2137 821 bant
2182 775 2361 818 autent
2419 762 2562 832 apud
2615 778 2674 816 se
2718 756 2969 813 fortassis
3017 756 3334 818 miserrimi,
3374 751 3584 823 quodsi

2008 859 2253 913 homines
2295 857 2460 909 latere
2502 854 2830 922 potuissent,
2856 857 2910 904 et
2957 849 3175 902 oculum
3208 847 3321 909 Dei,
3356 846 3447 916 qui
3479 860 3585 900 non

2007 948 2235 1009 dormit,
2271 932 2442 1001 l-atere
2473 945 2832 998 nihilominus
2871 941 3195 997 valuissent.

320 584 678 652 ποθούμενον.
724 584 1057 652 Ἐλογίζοντο
1074 584 1129 638 δὲ
1150 586 1287 654 τάχα
1311 587 1403 639 καὶ
1442 586 1598 639 τοῦτο
1623 587 1741 637 καθ’
1773 585 1898 636 ἑαυ-

321 679 445 739 τοὺς
472 679 524 729 οί
552 679 976 747 τρισάθλιοι,ιὶ›ς
1023 680 1148 742 τοὺς
1195 680 1511 749 ἀνθρώπους
1555 681 1603 733 εί
1662 679 1897 742 λάθοιεν,

321 772 413 821 καὶ
435 770 497 822 τὸ
518 772 672 840 ὄμμα
704 772 912 843 Κυρίου
947 773 1007 825 τὸ
1029 774 1329 843 ἀκοίμητον
1352 775 1628 841 λήσονται.

406 1035 822 1105 Ἐφαρμάττετο
854 1038 953 1105 μὲν
983 1038 1097 1101 οὖν,
1134 1038 1206 1100 ὡς
1234 1038 1391 1109 ἔφην,
1422 1039 1451 1090 ό
1474 1040 1773 1107 Στέφανος,
1804 1038 1902 1091 καὶ

324 1128 560 1187 θάνατος
623 1123 691 1197 ἦν
726 1132 753 1180 ό
784 1130 985 1192 σκοπὸς
1035 1130 1130 1183 τοῦ
1161 1130 1539 1201 φαρμάζοντος
1570 1148 1583 1161 ·
1611 1131 1670 1182 ὃν
1728 1130 1905 1202 σκέπῃ

322 1218 424 1285 μὲν
448 1218 581 1269 Θεοῦ
603 1219 696 1270 καὶ
726 1218 887 1287 βουλῇ
917 1220 1248 1287 διαπέφευγε
1285 1238 1298 1251 ο
1335 1222 1506 1290 πάντη
1538 1222 1593 1274 δὲ
1622 1220 1715 1273 τοῦ
1743 1221 1907 1290 δηλη-

323 1310 519 1377 τηρίου
563 1310 661 1380 τὴν
700 1310 882 1380 λώϐην
937 1313 1037 1363 οὐκ
1090 1313 1313 1380 ἔφυγεν,
1363 1313 1479 1365 ἀλλ’
1540 1311 1907 1382 αἱμορραγίας

322 1400 629 1453 ὑποπίπτει
658 1402 952 1470 νοσήματι,
966 1403 1063 1454 καὶ
1095 1405 1199 1472 ήμέ
1214 1421 1311 1473 ρας
1330 1404 1569 1472 ἑκάστης
1600 1403 1691 1456 τὸν
1710 1403 1910 1455 οἰκεῖον

328 1493 529 1544 ἔϐλεπε
559 1492 816 1559 θάνατον,
850 1494 1046 1563 αἵμασι
1070 1496 1206 1563 ρἐν
1236 1496 1324 1547 διὰ
1374 1494 1613 1563 γαστρὸς
1670 1494 1766 1546 καὶ
1816 1491 1911 1543 τοῦ

329 1582 623 1650 στόματος,
649 1584 743 1635 καὶ
770 1585 976 1646 πάντας
1001 1586 1321 1652 ἐκπλήττων
1338 1584 1415 1652 τῷ
1440 1585 1632 1653 πλήθει
1652 1587 1751 1654 τῆς
1783 1582 1876 1652 ρεύ
1898 1613 1912 1623 ο

328 1687 489 1733 σεως,
517 1672 611 1723 καὶ
631 1672 759 1741 βοᾷν
794 1674 1121 1740 ἀναγκάζων
1150 1675 1275 1736 τοὺς
1317 1673 1639 1741 βλέποντας,
1662 1674 1737 1735 ὡς
1763 1674 1912 1726 θάνοι

329 1766 549 1827 πάντως
623 1764 729 1833 πρὸ
790 1766 891 1834 τῆς
958 1766 1053 1818 τοῦ
1123 1768 1355 1837 αἵματος
1423 1768 1682 1829 στάσεως.
1756 1766 1912 1819 Οὕτω

2081 1037 2327 1105 Denique
2351 1043 2409 1087 ut
2436 1034 2545 1087 dixi
2564 1032 2831 1087 maleficio
2857 1030 3172 1101 Stephanus
3198 1030 3586 1099 impetehatur,

2010 1140 2063 1186 et
2115 1129 2368 1185 maleficii
2404 1144 2551 1182 mers
2587 1137 2705 1181 crat
2747 1127 2975 1181 intentio
3006 1143 3020 1191 ;
3052 1139 3215 1193 quam
3250 1124 3590 1193 protectione

2014 1224 2107 1277 Dei
2162 1232 2215 1277 ct
2274 1221 2551 1275 voluntate
2616 1219 2831 1288 dill‘ugit
2884 1218 3124 1287 quidem,
3181 1217 3275 1271 sed
3338 1216 3587 1269 maleficii

2014 1316 2291 1371 laesionem
2339 1315 2558 1383 penitus
2610 1327 2716 1367 non
2744 1310 2964 1372 evasit;
3000 1324 3187 1363 verum
3244 1309 3424 1363 flttxus
3470 1324 3592 1362 san-

2014 1407 2194 1475 guinis
2248 1407 2566 1473 languorem
2616 1403 2869 1465 incurrit,
2931 1408 2985 1456 et
3038 1417 3133 1469 per
3172 1402 3421 1470 singulos
3474 1399 3593 1453 dies

2015 1507 2243 1552 mortem
2289 1512 2444 1551 suam
2494 1497 2829 1559 intuebatur,
2883 1494 3203 1561 sanguinem
3252 1508 3419 1561 super
3467 1506 3596 1545 san-

2014 1591 2233 1659 guinem
2266 1590 2499 1643 fundens
2528 1605 2621 1657 per
2666 1603 2727 1643 os
2754 1586 2915 1642 simul
2944 1597 2998 1641 et
3025 1598 3295 1648 ventrem,
3326 1593 3378 1639 et
3402 1599 3593 1637 omnes

2016 1682 2071 1734 in
2119 1679 2535 1733 admirationem
2594 1693 2760 1747 agens
2814 1694 2923 1748 pra:
2985 1678 3337 1733 multitudine
3388 1677 3590 1737 flttxus.

2020 1778 2360 1840 cunctosque
2405 1771 2644 1824 clamare
2660 1770 2751 1838 qui
2786 1770 3041 1824 videbant
3071 1769 3591 1838 compellens,quod

329 1856 453 1907 καθ’
480 1855 630 1923 ὥραν
654 1857 979 1909 κινδυνεύων
1018 1859 1046 1909 ό
1076 1859 1367 1926 Στέφανος,
1422 1859 1517 1911 καὶ
1569 1859 1706 1912 κατὰ
1754 1859 1912 1928 ῥύσιν
1942 1840 1987 1899 Β

1906 1840 1987 1903 ’Β
2020 1864 2323 1918 moriturus
2374 1872 2519 1917 esset
2570 1872 2695 1917 ante
2738 1862 3022 1932 sanguinis
3075 1869 3301 1915 statum.
3332 1860 3466 1912 Itum
3516 1859 3596 1914 sic

327 1947 561 2013 εἵματος
586 1946 911 2000 ὑποπτεύων
945 1948 1037 2000 τὸν
1067 1950 1318 2013 θάνατον,
1343 1950 1439 2002 κοιλ⁵
1471 1951 1543 2019 μὴ
1592 1949 1773 2019 τυχὼν
1824 1952 1910 2002 ία-

324 2053 353 2087 τ
364 2036 457 2105 ροῦ
492 2037 583 2088 τοῦ
614 2037 705 2091 τὸν
741 2039 973 2093 θάνατον
999 2039 1376 2106 ἐκδιὼκοντος,
1398 2040 1489 2092 ἐπὶ
1543 2040 1730 2110 Κῦρον
1760 2040 1913 2092 ἔπλει

322 2126 417 2179 τὸν
451 2128 708 2199 μάρτυρα
752 2132 846 2182 καὶ
880 2131 1135 2199 Ἰωάννην
1188 2130 1280 2183 τὸν
1337 2130 1519 2201 Κύρου
1578 2131 1863 2199 συνόμιλον
1897 2147 1910 2161 ·

322 2220 548 2282 τούτους
584 2224 646 2273 ἐκ
680 2223 930 2291 κρυφίων
954 2223 1281 2292 πυθόμενος,
1346 2223 1541 2293 μόνους
1579 2223 1719 2292 μετά
1781 2224 1913 2276 Θεὸν

324 2312 661 2381 θεραπεῦσαι
682 2315 1013 2382 δυναμένους
1041 2316 1102 2367 τὸ
1126 2316 1359 2384 νόσημα,
1385 2316 1480 2366 καὶ
1507 2315 1604 2382 τῆς
1632 2316 1914 2383 παρούσης

324 2404 572 2473 ἀνάγκης
628 2405 1030 2474 λυτρώσασθαι.
1093 2406 1187 2466 Ei;
1260 2404 1351 2466 οὓς
1411 2405 1761 2473 ἀφικόμενος,
1821 2405 1916 2457 καὶ

323 2494 539 2561 δεήσεις
579 2498 763 2557 αὐτοῖς
818 2498 1203 2565 ἐνεγκάμενος,
1259 2495 1498 2565 ἠκούσθη
1555 2514 1616 2548 τε
1662 2497 1756 2547 καὶ
1804 2497 1917 2549 τῶν

327 2585 586 2637 κινδύνων
633 2586 885 2647 ἐσώζετο,
943 2588 1209 2649 Φανέντες
1253 2588 1360 2655 γάρ
1401 2589 1542 2639 κατά
1571 2589 1697 2649 τοὺς
1718 2588 1917 2646 ὔπνους

322 2676 376 2728 οἱ
398 2675 564 2743 ἆγιοι,
593 2678 776 2747 πράσα
807 2681 998 2746 φαγεῖν
1020 2680 1396 2731 ἐπιτάττουσιν
1432 2680 1504 2748 μή
1546 2679 1919 2748 προσαχθέντα

328 2769 462 2838 ςτυρε
488 2786 548 2820 τε
582 2769 678 2821 καὶ
700 2771 937 2838 νάμασιν
960 2787 973 2801 ο
1009 2772 1152 2839 ἆπερ
1205 2769 1397 2838 φαγὼν
1430 2770 1505 2831 ὡς
1536 2770 1914 2836 ἐκεκέλευστο,

328 2861 428 2928 τῆς
462 2860 560 2928 μὲν
583 2861 689 2912 τῶν
711 2863 959 2931 αἱμάτων
982 2862 1355 2929 ἀπηλλάττετο
1391 2860 1651 2931 ρεύσεωςι
1676 2863 1771 2914 καὶ
1819 2862 1919 2931 τῆς

328 2950 542 3011 τελείας
574 2951 748 3014 οὕτως
772 2954 1005 3021 ἐπέτυχε
1048 2952 1297 3022 ῥώσεως.

402 3041 519 3105 Νὺξ
550 3038 619 3113 ἦν
650 3046 744 3096 καὶ
780 3045 886 3114 πρὸ
914 3045 1007 3097 τοῦ
1037 3044 1146 3097 τῶν
1183 3046 1355 3111 ἁγίων
1392 3046 1583 3097 ἵστατο
1607 3046 1912 3115 μνήματος,

331 3130 429 3183 καὶ
451 3130 658 3200 ταύτης
685 3135 870 3201 τυχεῖν
902 3132 1200 3197 ἐλιτάνευε,
1226 3133 1473 3200 γονάτων
1502 3133 1746 3203 κάμψεσι
1770 3133 1915 3201 Χράν

337 3239 517 3292 μενος,
546 3225 641 3275 καὶ
665 3229 787 3287 ταῖς
820 3225 914 3277 τού
948 3226 1201 3293 μετώπου
1231 3226 1368 3296 πρὸς
1420 3230 1519 3293 γῆν
1587 3225 1914 3277 κατανεύσε-
1942 3201 1987 3264 C

336 3331 441 3369 σιν.
479 3316 584 3367 Καὶ
612 3315 770 3368 τοῦτο
800 3317 1083 3378 ποιοῦντος
1108 3317 1297 3381 αὐτοῦ,
1321 3319 1414 3369 καὶ
1430 3318 1560 3369 ποτὲ
1584 3316 1680 3387 μὲν
1699 3318 1921 3370 ἀνιστα-

339 3406 527 3475 μένου,
585 3408 717 3459 ποτὲ
748 3408 806 3460 δὲ
837 3409 974 3476 πρὸς
1016 3410 1121 3479 γῆν
1171 3408 1649 3476 κατανεύοντος,ἡ
1707 3408 1922 3479 κορυφὴ

334 3500 478 3551 κατά
500 3499 671 3567 μέσης
696 3498 996 3565 ἀνοίγεται,
1028 3500 1124 3551 καὶ
1146 3499 1350 3565 ταύτης
1374 3498 1584 3567 ἐκπηδᾷ
1616 3498 1710 3551 καὶ
1732 3497 1923 3548 πίπτει

337 3591 727 3661 σκολόπενδρεν
757 3592 943 3660 θηρίον
974 3592 1161 3644 τοῦτον
1190 3592 1441 3662 ἠρίθμοις
1470 3591 1567 3662 [ita
1596 3589 1743 3661 cod.|
1768 3591 1925 3643 ποσὶν

340 3683 771 3752 είλυσπώμενον,
831 3684 1018 3737 ἀσπίδι
1047 3701 1106 3737 τε
1140 3686 1311 3754 μικρᾷ
1387 3684 1789 3753 παραπλήσιον.
1816 3678 1924 3747 Ἶὶς

338 3772 686 3843 ἐκπεσούσης
743 3774 838 3826 καλ⁵
880 3776 1026 3842 φυγῇ
1046 3775 1399 3843 χρησαμένης
1467 3774 1542 3835 ὼς
1592 3772 1845 3841 τάχιστα,
1897 3775 1926 3826 ό

339 3864 612 3932 Στέφανος
643 3864 921 3932 ἐκθαμὸος
948 3865 1137 3917 ἵστατο
1164 3880 1178 3893 ⁸
1208 3865 1303 3917 καὶ
1353 3864 1685 3933 ψηλαφήσας
1729 3863 1924 3918 ἑαυτοῦ

339 3955 441 4023 τῆς
472 3954 717 4023 κεφαλῆς
748 3956 809 4007 τὸ
836 3956 1186 4024 μεσαίτατον,
1221 3956 1344 4007 ὅθεν
1371 3954 1695 4020 ἐξελθοῦσαν
1730 3956 1927 4026 ᾔσθετο

335 4044 440 4113 τὴν
468 4043 885 4115 πολὸπενίραν,
924 4044 1146 4113 τραῦμα
1180 4045 1278 4114 μὲν
1321 4043 1463 4097 κατὰ
1512 4044 1603 4096 τὸν
1633 4044 1798 4097 τόπον
1829 4047 1927 4115 οὐχ

339 4132 618 4203 εὕρισκεν,
650 4134 683 4203 ἦ
711 4134 868 4204 ῥύσιν
906 4135 1137 4203 αῖματος
1172 4130 1602 4204 κατεμάνθανεν,
1630 4135 1925 4204 ὑγρότητος

334 4227 396 4280 δέ
425 4244 571 4289 τινος
595 4229 689 4279 καὶ
713 4228 1045 4297 χαυνότητος
1076 4229 1186 4281 τῶν
1235 4230 1435 4282 ὀστέων
1471 4228 1759 4300 ὲπῄσθετο.
1812 4231 1925 4283 Καὶ

333 4314 483 4369 οὕτω
510 4316 692 4386 τυχὼν
716 4317 815 4385 τῆς
846 4318 1061 4381 ἰάσεως,
1089 4318 1168 4379 εἰς
1216 4317 1297 4371 ἔτι
1345 4318 1441 4371 κα)⁹
1472 4318 1778 4389 θαυμάζειν
1833 4319 1928 4372 καὶ

334 4405 633 4476 τεθηλέναι
670 4409 814 4460 ποιεί
840 4408 966 4469 τοὺς
985 4408 1304 4473 ἀκούοντας,
1330 4411 1424 4462 καὶ
1456 4412 1747 4481 συνυμνεῖν
1776 4412 1927 4480 αὐτῷ

332 4497 562 4567 τὴντῶν
598 4500 767 4566 ἁγίων
795 4499 1125 4565 ἀξιάγαστον
1152 4501 1402 4569 δύναμιν.
1447 4502 1641 4571 Ἡμεῖς
1676 4502 1734 4555 δὲ
1763 4502 1924 4556 πάλιν

336 4588 432 4639 καὶ
463 4589 701 4643 ἐνταῦθα
722 4591 849 4652 τοὺς
882 4590 1337 4659 θαυματουργοὺς
1382 4593 1725 4663 ὑμνήσαντες
1781 4594 1924 4663 μάρ-

334 4697 531 4752 τυρας,
590 4680 1043 4753 θαυματουργίας
1083 4682 1250 4753 ἄλλης
1289 4683 1470 4737 αὐτῶν
1537 4685 1925 4755 μνημονεύσω-

339 4793 467 4846 μεν.

408 4887 484 4943 Ξ’.
520 4888 661 4957 Περὶ
709 4888 1013 4959 Θεοδώρου
1054 4888 1161 4940 τοῦ
1210 4886 1536 4948 Ruﬁn-dou
1592 4889 1926 4959 ἐσχηκότος

952 4958 1019 5009 τὸ
1046 4960 1313 5026 πύρωμα.

409 5049 516 5101 Τὸν
545 5051 613 5102 ὲκ
646 5049 935 5113 Βυζαντίου
989 5049 1286 5120 Θεόδωρον,
1334 5049 1432 5120 οὐχ
1495 5050 1655 5120 ἡμεῖς
1682 5051 1819 5122 πρὸς
1845 5052 1923 5104 δι-

334 5142 538 5212 ¹ηγσησιν
567 5142 795 5211 ἄγομεν,
828 5141 965 5195 ἀλλά
986 5142 1148 5195 πάλιν
1164 5142 1420 5196 καλοῦσιν
1446 5142 1496 5195 οἱ
1528 5144 1695 5211 ἀγιοι,
1729 5144 1920 5217 ὥσπερ

334 5234 722 5302 καὶπρότερον
755 5234 1055 5302 πάσχοντα,
1107 5233 1244 5303 πρὸς
1289 5233 1584 5304 θεραπείαν
1632 5235 1921 5289 ἐκάλεσαν.

338 5326 567 5377 Πάντων
600 5324 707 5393 γάρ
726 5324 835 5399 τῶν
866 5324 961 5375 ὲπί
985 5324 1087 5392 γῆς
1123 5324 1247 5393 ἴσην
1310 5323 1620 5393 ποιούμενοι
1642 5325 1918 5393 πρόνοιαν,

336 5418 435 5469 καὶ
466 5418 593 5479 τοὺς
624 5416 982 5484 γειτνιῶντας
1008 5417 1193 5478 αὐτοῖς
1242 5416 1432 5468 παθῶν
1464 5417 1920 5483 ἀπαλλάττουσιν,

335 5511 435 5562 καὶ
466 5510 597 5571 τοὺς
632 5508 822 5579 πόρρω
853 5508 1141 5575 διάγοντας
1192 5509 1544 5576 ἀφικνεῖσθαι
1578 5511 1923 5580 προτρέπου-

336 5618 446 5661 σιν,
494 5602 589 5653 καὶ
635 5601 765 5670 παρ’
798 5599 980 5653 αὐτῶν
1006 5600 1105 5670 τῆν
1163 5599 1307 5653 ἴασιν
1336 5601 1634 5670 δρέπεσθαι
1660 5618 1674 5632 ·
1733 5602 1923 5673 ὥσπερ

334 5690 605 5759 λειμῶνος
638 5691 867 5762 φαιδροῦ
896 5694 988 5745 καὶ
1020 5692 1093 5760 μή
1136 5692 1395 5761 λήγοντος
1426 5692 1647 5755 εὐώδεις
1676 5694 1785 5746 τῶν
1824 5696 1922 5747 ἀν-

336 5781 479 5833 θέων
527 5782 653 5844 τοὺς
721 5782 984 5842 κάλυκας.
1033 5780 1338 5851 Ἥρρωστει
1401 5782 1499 5851 μὲν
1552 5782 1646 5835 καὶ
1718 5784 1927 5837 Θεόδω-

2022 1952 2333 2023 Stephanus
2385 1969 2481 2023 per
2522 1954 2768 2023 singulas
2835 1955 2998 2007 horas
3052 1954 3488 2023 periclitabatur,
3542 1960 3599 2007 et

2018 2054 2247 2100 mortem
2295 2061 2392 2114 per
2450 2047 2734 2114 sanguinis
2783 2044 3007 2098 fluorem
3067 2045 3486 2112 suspicabatur,
3544 2054 3599 2097 ct

2019 2135 2232 2191 medico
2284 2152 2393 2189 non
2452 2136 2676 2189 invento
2724 2138 2815 2204 qui
2877 2146 3105 2189 mortem
3174 2136 3481 2203 repelleret.
3530 2135 3597 2187 ad

2017 2227 2221 2296 Cyrum
2266 2226 2556 2294 navigabat
2608 2236 2899 2296 martyrem
2968 2234 3022 2278 ct
3084 2224 3353 2279 Joannem
3431 2224 3597 2289 hujus

2019 2316 2278 2385 martyris
2332 2331 2664 2384 comparem,
2726 2316 2824 2369 hos
2865 2318 3208 2384 comperit-ns
3241 2332 3306 2369 ex
3358 2316 3599 2371 millibus

2020 2407 2168 2462 solos
2195 2416 2318 2475 post
2350 2408 2515 2461 Deum
2550 2422 2747 2462 curare
2793 2423 2952 2474 posse
2986 2409 3317 2473 languorem.
3350 2409 3427 2462 Ad
3459 2423 3599 2470 quos

2019 2512 2145 2553 eum
2186 2496 2444 2559 venisset,
2474 2506 2527 2549 et
2558 2512 2745 2564 preces
2794 2496 2875 2551 eis
2906 2497 3124 2551 enixius
3159 2498 3471 2559 obtulisset,
3511 2514 3599 2551 au-

2019 2591 2169 2643 ditus
2219 2598 2326 2653 est,
2378 2596 2433 2642 ct
2469 2603 2497 2641 a
2538 2590 2799 2655 periculis
2831 2590 3169 2643 salrabatur.
3209 2591 3397 2644 Sancti
3428 2591 3599 2655 enim,

2023 2691 2353 2751 apparentes
2389 2683 2441 2734 in
2477 2683 2709 2740 somnis.
2749 2697 2945 2750 porros
3007 2682 3344 2736 manducare
3402 2683 3599 2751 ιιι·ωεὶ-

2021 2774 2200 2843 piunt,
2244 2773 2548 2843 nequeigui
2606 2789 2780 2841 neque
2814 2774 2970 2842 aquis
2996 2774 3189 2827 allatos
3236 2790 3251 2838 ;
3293 2788 3434 2842 quos
3474 2787 3599 2827 cum

2022 2865 2180 2917 sicuti
2208 2865 2397 2932 jussus
2436 2874 2519 2918 est
2552 2864 2960 2928 manducassct,
2993 2873 3048 2917 et
3090 2879 3120 2916 a
3143 2863 3293 2917 ﬂuxu
3315 2865 3602 2933 sanguinis

2024 2954 2310 3014 liberatus,
2364 2965 2417 3007 et
2448 2954 2746 3023 perfectam
2800 2954 2881 3007 sic
2916 2955 3143 3023 adeptus
3172 2963 3257 3009 est
3284 2956 3597 3010 sanitatem.

2092 3041 2211 3096 Nox
2243 3050 2360 3097 erat
2389 3051 2443 3095 et
2477 3052 2604 3096 ante
2634 3050 2954 3097 sanctorum
3007 3053 3422 3097 monumentum
3457 3054 3603 3099 asta-

2024 3135 2139 3199 bat,
2173 3144 2229 3189 ct
2263 3135 2404 3189 hanc
2450 3136 2717 3205 consequi
2766 3136 3093 3203 precabatur
3131 3136 3365 3206 genibus
3422 3134 3599 3201 flexis,

2023 3232 2076 3277 et
2106 3223 2305 3279 frontis
2353 3226 2582 3279 nutibtts
2616 3226 2669 3279 in
2718 3232 2921 3279 terram
2959 3226 3172 3280 defixis.
3206 3224 3271 3278 Et
3321 3241 3447 3279 cum
3501 3227 3606 3282 hoc

2031 3316 2259 3378 faceret,
2290 3325 2345 3371 et
2371 3318 2669 3387 aliquando
2694 3318 2915 3386 quidem
2949 3333 2977 3371 ε
3006 3325 3201 3371 contra
3232 3326 3425 3382 staret,
3460 3319 3603 3372 aliu-

2025 3407 2157 3475 quin
2185 3422 2314 3461 vero
2348 3408 2401 3461 in
2434 3416 2635 3461 terram
2679 3422 2800 3462 sese
2843 3414 3121 3470 curvaret,
3151 3414 3339 3461 vertex
3363 3421 3460 3475 per
3486 3422 3604 3460 tne-

2024 3498 2177 3551 dium
2213 3502 2473 3567 aperitur,
2499 3510 2550 3554 et
2576 3514 2642 3553 ex
2678 3499 2779 3553 hoc
2806 3499 2933 3552 salit
2962 3505 3014 3551 ct
3046 3498 3601 3566 caditscolopendra,

2024 3604 2145 3658 qua:
2177 3598 2263 3643 est
2292 3590 2464 3643 bestia
2515 3590 2822 3645 numerosis
2870 3588 3100 3658 pedibus
3151 3589 3407 3657 gradiens
3452 3592 3603 3658 aspi-

2024 3683 2191 3751 dique
2214 3683 2426 3751 pusilla:
2456 3682 2759 3736 simillima.
2782 3680 2899 3745 Qua
2930 3687 3122 3733 ruente
3152 3688 3206 3733 et
3230 3679 3410 3750 fugam
3436 3695 3606 3748 quan-

2026 3775 2208 3829 tocius
2237 3773 2482 3835 ineunte.
2536 3772 2879 3843 stupefactus
2914 3771 3226 3840 Stephanus
3273 3774 3452 3825 stabat
3490 3774 3605 3839 pal-

2027 3878 2276 3932 pansque
2320 3864 2516 3934 capitis
2568 3864 2652 3917 sui
2696 3862 2959 3925 medium,
2996 3865 3138 3915 uncle
3180 3863 3600 3931 scolopendram

2029 3955 2180 4009 illam
2238 3964 2487 4010 senserat
2540 3957 2740 4020 exisse,
2787 3971 2887 4009 nec
2931 3956 3134 4010 vulnus
3180 3955 3233 4009 in
3279 3957 3398 4009 loco
3451 3955 3604 4011 inve-

2028 4049 2231 4112 niebat,
2291 4064 2395 4103 nec
2444 4046 2672 4101 fluorem
2726 4047 3011 4117 sanguinis
3071 4048 3439 4115 agnoscebat.
3506 4048 3602 4103 sed

2026 4145 2240 4191 tantum
2271 4138 2554 4190 humorem
2587 4134 2901 4204 quemdam,
2931 4143 2987 4187 et
3027 4133 3355 4187 laxationem
3395 4133 3601 4187 ossium

2022 4227 2363 4283 advertebat.
2404 4226 2508 4290 Qui
2559 4225 2739 4278 taliter
2795 4226 3031 4278 sanitate
3084 4222 3256 4276 fretus
3309 4219 3535 4293 [fruitus
3557 4218 3603 4291 ?]

2028 4329 2259 4375 eatenus
2286 4319 2517 4372 miratur
2544 4324 2599 4371 et
2631 4316 2987 4384 obstupescit,
3019 4326 3073 4369 et
3101 4315 3388 4368 audientes
3413 4314 3603 4367 mirari

2027 4410 2158 4466 facit
2189 4418 2244 4466 et
2271 4409 2677 4479 obstupescere,
2704 4421 3001 4475 secumque
3042 4405 3266 4459 laudare
3291 4412 3605 4459 sanctorum

2029 4502 2247 4571 dignam
2299 4499 2663 4553 admiratione
2714 4498 2995 4551 virtutem.
3040 4496 3211 4550 Porro
3262 4511 3364 4550 nos
3413 4503 3468 4549 et
3522 4494 3607 4549 hic

2029 4591 2229 4645 iterum
2300 4598 2567 4659 martyras
2634 4588 3028 4643 miraculorum
3093 4598 3413 4656 aperatores
3483 4587 3602 4639 lan-

2030 4681 2244 4745 dantcs,
2282 4680 2511 4736 alterius
2544 4694 2734 4733 eorum
2786 4679 2985 4749 patrati
3036 4679 3286 4733 miraculi
3339 4678 3606 4732 faciamus

2030 4785 2370 4824 memoriam.

2062 4884 2174 4939 LX.
2208 4884 2283 4938 De
2323 4885 2587 4938 Theodoro
2621 4882 2881 4953 Byzantio
2914 4886 3002 4953 qui
3035 4883 3335 4936 incendium
3364 4883 3568 4936 habuit.

2095 5044 2213 5098 Non
2241 5059 2339 5099 nos
2369 5059 2396 5096 a
2440 5044 2699 5113 Byzantio
2746 5041 2814 5095 ad
2861 5045 3231 5097 narrationem
3257 5042 3604 5098 Theodorum

2027 5139 2299 5201 ducimus,
2349 5137 2443 5191 sed
2495 5137 2669 5189 sancti
2723 5138 2871 5191 hunc
2920 5138 3117 5191 iterum
3164 5144 3381 5200 vocant,
3412 5152 3602 5205 quem-

2027 5229 2320 5283 admodqu
2371 5228 2500 5281 dum
2558 5237 2856 5296 pateretur,
2893 5226 2959 5279 ad
3000 5226 3341 5281 curationem
3379 5242 3605 5296 prorsus

2027 5330 2378 5376 vocaverant.
2429 5321 2685 5377 Omnium
2741 5324 2963 5391 quippe,
3005 5324 3098 5392 qui
3159 5338 3325 5392 supra
3372 5332 3599 5388 terram,

2025 5431 2236 5485 aequam
2283 5416 2681 5485 providentiam
2730 5415 3017 5483 facientes,
3066 5425 3121 5471 et
3163 5434 3260 5472 eos
3302 5419 3394 5487 qui
3439 5419 3605 5473 vicini

2026 5508 2128 5563 sibi
2156 5517 2283 5563 sunt
2328 5524 2357 5562 a
2402 5508 2751 5578 passionihus
2784 5509 3036 5565 liberant.
3072 5517 3127 5563 et
3164 5510 3254 5578 qui
3288 5511 3477 5577 procul
3506 5511 3603 5566 de—

2026 5608 2181 5666 gunt,
2236 5600 2447 5664 venire,
2503 5609 2560 5654 et
2596 5613 2626 5653 a
2680 5614 2741 5653 se
2794 5602 3103 5663 sanitatem,
3156 5601 3313 5667 quasi
3369 5616 3400 5654 a
3446 5609 3603 5670 prato

2025 5692 2331 5747 delectabili
2374 5701 2427 5745 et
2479 5704 2697 5745 alumno
2745 5690 2869 5743 boui
2918 5690 3105 5745 odoris
3147 5689 3341 5745 flormn
3384 5692 3604 5762 calycas

2031 5794 2235 5840 metere
2262 5784 2645 5839 cohortantur.
2670 5782 3057 5838 lnfirmabatur
3085 5783 3231 5838 enim
3255 5782 3598 5840 Theodorus.
