4280 6442
333 399 473 460 3ῦ37

1365 399 1466 458 SS.
1508 399 1680 459 CYlil
1730 401 1819 458 ET
1861 398 2182 459 JOANNIS
2213 401 2628 462 MIRACULA.

3452 401 3593 467 8638

336 505 562 578 μακα,ἀ
585 505 678 558 καὶ
703 505 797 558 νῦν
831 504 1139 575 γράφεσθαι
1167 505 1435 574 βούλεται,
1473 508 1569 559 κα)⁵
1597 507 1899 575 πανταχόσε
1932 511 1974 565 Α
2007 524 2026 559 r

1932 511 1974 565 Α
2007 515 2189 560 menta
2221 506 2612 564 demonstrans
2640 526 2654 573 ;
2702 524 2932 579 quaeque
2967 511 3133 567 scribi
3167 512 3283 566 vult
3312 523 3366 567 et
3396 515 3593 580 ubique

332 597 696 667 κηρύττεσθαι
733 597 866 667 πρῖις
895 597 1168 667 εὐφημίαν
1200 597 1299 665 τῆς
1322 597 1505 664 Κύρου
1545 596 1900 650 καὶΊωάννου

331 688 634 756 δανάμεως,
675 688 781 740 τῶν
836 688 1144 757 οὐδαμινοῖς
1197 690 1290 741 καὶ
1341 689 1517 758 ψιλοῖς
1572 689 1911 760 βοηθήμασιν

338 778 535 847 ἰσχυρὰ
575 778 667 830 καὶ
698 777 906 847 μεγάλα
936 779 1215 830 παυόντων
1248 781 1550 848 νοσήματα.
1585 780 1796 832 Οὐκοῦν
1820 781 1911 832 καὶ

332 869 508 922 ταῦτα
553 873 664 932 τοῖς
722 870 1053 940 προλαϐοῦσι
1099 871 1472 938 συντάξωμεν,
1540 872 1640 940 τῆς
1677 872 1758 923 ε³“
1786 872 1909 935 τοὺς

337 961 525 1027 ἁγίους
565 961 780 1024 εὐνοίας
809 962 969 1014 αὑτὸν
1001 962 1364 1030 ἁγασάμενοι.
1772 966 1784 1001 θ

412 1052 560 1122 Πάθη
595 1052 687 1105 δύο
720 1052 869 1106 δεινά
899 1054 993 1105 καὶ
1023 1053 1249 1106 δυσίατα
1278 1057 1490 1125 προσῆν
1518 1055 1596 1126 τῷ
1627 1055 1909 1125 Φιλήμονι,

338 1143 395 1194 ἓν
430 1142 601 1212 μέντὸ
627 1143 718 1195 τοῦ
743 1145 954 1212 ἥπατος
975 1145 1060 1196 ἀεὶ
1091 1145 1305 1209 πιάζον,
1340 1145 1432 1199 καὶ
1464 1145 1698 1197 θανάτου
1729 1146 1915 1199 ποιοῦν

339 1235 758 1304 παραπλήσιον·
794 1235 854 1287 τὸ
876 1234 1127 1306 δεύτερον
1174 1236 1230 1288 δὲ
1290 1238 1390 1302 τῆς
1437 1237 1717 1308 σύριγγος,
1771 1239 1916 1292 ὂτὸν

339 1327 614 1396 τράχηλον
670 1327 837 1380 αὐτοῦ
903 1328 1354 1398 κληρωσάμενον,
1375 1329 1604 1397 κρουνὸν
1631 1329 1792 1383 αὑτὸν
1822 1333 1915 1383 ἐκ-

340 1418 530 1470 πτύειν
558 1420 620 1471 ἐκ
645 1419 916 1488 τραχήλου
951 1419 1270 1487 πεποίηκεν.
1327 1420 1433 1471 Καὶ
1457 1422 1577 1482 ταῖς
1619 1421 1718 1489 μὲν
1746 1421 1918 1489 ἀλγη-

339 1511 453 1562 δόσι
511 1509 604 1562 τοῦ
665 1511 874 1580 ἥπατος
925 1511 1118 1580 καιρὸς
1180 1510 1550 1580 προσενέμετο
1589 1512 1682 1564 καὶ
1723 1512 1915 1581 χρόνου

341 1600 607 1670 περίοδος,
655 1601 774 1653 καθ’
813 1602 876 1670 ἧν
902 1602 1178 1670 ἐσφρίγων
1241 1593 1400 1654 αὗται
1431 1604 1525 1653 καὶ
1549 1599 1798 1671 ήκμαζον
1822 1603 1916 1654 καὶ

342 1694 434 1744 τὸν
459 1692 743 1762 ἄνθρωπον
779 1691 1100 1754 ἐϐασάνιζον
1121 1732 1135 1755 ,
1168 1693 1261 1744 καὶ
1298 1692 1419 1744 καθ’
1447 1695 1511 1762 ἥν
1538 1692 1835 1745 ἐνεδίδοσαν
1861 1710 1917 1744 τε

342 1783 434 1834 καὶ
455 1781 742 1850 ἡσύχαζον,
781 1783 874 1834 καὶ
897 1781 988 1833 τὸν
1015 1781 1302 1851 ἄνθρωπον
1319 1783 1445 1834 εἴων
1478 1780 1770 1834 ἀνώδυνον·
1800 1785 1915 1844 ταῖς

2020 598 2304 668 praedicari
2329 599 2394 653 ad
2428 599 2641 653 laudem
2669 598 2795 670 Cyri
2829 599 3166 672 Joannisque
3195 602 3482 668 virtutum,
3502 606 3593 671 qui

2017 690 2253 746 exilibus
2287 691 2610 761 exiguisqne
2643 691 2992 748 adminiculis
3040 693 3209 750 fortes
3257 711 3597 765 magnosque

2022 795 2312 850 languores
2346 791 2726 849 compescunt.
2759 782 2899 852 Ergo
2925 793 2980 837 et
3016 784 3129 838 htec
3161 800 3284 840 cum
3321 787 3597 854 prioribus

2019 872 2361 936 ordinemus,
2410 889 2533 926 eum
2580 875 2972 929 benevolentim
3016 873 3406 949 [hellenismus]
3447 883 3594 932 circa

2022 971 2243 1020 sanctos
2277 964 2473 1017 hibita:
2497 964 2854 1020 admirantes.

2091 1053 2385 1110 Passiones
2427 1055 2548 1110 dna:
2599 1067 2837 1123 atroces,
2887 1067 2941 1113 et
2976 1073 3095 1128 qua:
3151 1058 3369 1114 diﬁ'icile
3414 1063 3594 1115 sanari

2027 1155 2274 1215 possunt,
2309 1146 2610 1202 Philemoni
2644 1151 2872 1204 aderant
2900 1167 2914 1205 :
2951 1151 3143 1206 harum
3183 1151 3402 1216 quidem
3428 1151 3594 1206 aitcra

1986 1238 2258 1326 .hepatis,
2317 1255 2640 1310 semperque
2689 1242 3024 1311 deprimens,
3067 1257 3119 1298 et
3173 1245 3333 1297 morti
3395 1244 3599 1299 faciens

2025 1331 2257 1386 similem
2292 1351 2304 1386 :
2334 1332 2501 1386 altera
2542 1348 2672 1386 vero
2707 1333 2902 1387 ﬁstula:
2931 1348 3054 1402 qua:
3091 1335 3288 1388 collum
3323 1334 3441 1402 ejus
3483 1351 3598 1388 sor-

2027 1421 2143 1485 tita,
2173 1420 2399 1488 fontem,
2429 1422 2479 1476 id
2518 1432 2602 1477 est
2633 1439 2757 1492 pus,
2792 1422 3124 1478 deﬂuentem
3152 1425 3219 1478 de
3251 1426 3414 1490 collo,
3450 1427 3590 1480 fecit.

2027 1511 2091 1566 Et
2125 1512 2410 1567 doloribus
2439 1514 2654 1582 quidem
2705 1515 2919 1582 hepatis
2957 1514 3240 1569 deﬁnitum
3276 1524 3510 1583 tempus.
3547 1530 3597 1567 t‘t

2026 1602 2290 1670 temporis
2329 1602 2596 1658 circuitus
2640 1603 3004 1666 tribuebatur,
3039 1604 3090 1656 in
3125 1620 3234 1672 quo
3277 1605 3596 1657 crescebant

2027 1691 2080 1744 hi
2137 1699 2189 1744 et
2241 1691 2494 1760 vigebant
2551 1703 2606 1744 et
2655 1692 2930 1744 hominem
2964 1692 3598 1746 alternantibusvicibus

2028 1783 2364 1842 cruciahant,
2395 1792 2447 1836 et
2477 1783 2530 1836 in
2561 1797 2671 1852 quo
2709 1782 3037 1836 recedebant
3079 1794 3131 1836 et
3161 1783 3513 1850 quiescebant
3547 1794 3598 1838 et

339 1868 395 1920 δὲ
429 1870 527 1933 τῆς
556 1870 813 1939 σύριγγος
843 1869 1124 1939 εύρέσεσιν
1163 1870 1355 1940 χρόνος
1411 1871 1508 1939 οὐχ
1543 1870 1763 1940 ὥριστο,
1808 1872 1917 1924 οὐδ’
1947 1856 1994 1914 Β
2023 1889 2029 1926 ι

1905 1873 1917 1891 ’
1947 1856 1994 1914 Β
2023 1872 2139 1926 sine
2187 1873 2376 1928 dolore
2447 1889 2837 1942 nonnunquam
2887 1873 3159 1927 hominem
3219 1872 3595 1932 dimittebant;

339 1960 569 2024 ἐναλλάξ
615 1965 908 2028 γιγνομένη
944 1962 1210 2030 περίοδος,
1275 1962 1390 2014 ἀλλ’
1431 1963 1517 2014 ἀεὶ
1547 1965 1672 2024 τοὺς
1712 1963 1918 2033 ἰχῶρας

338 2046 498 2103 αὗται
528 2051 849 2122 κατέφερσν,
882 2053 977 2104 καὶ
1007 2053 1258 2122 ἁλήκτως
1285 2053 1451 2122 ἠνίων
1481 2054 1572 2106 τὸν
1600 2053 1908 2124 ἄνθρωπον,

337 2143 439 2195 Διὰ
469 2142 640 2195 ταῦτα
666 2144 1018 2213 παρενοχλῶν
1049 2145 1256 2213 ἰατροῖς
1295 2146 1395 2197 οὐκ
1423 2144 1686 2198 ἐπαύετο·
1724 2147 1814 2198 καὶ
1844 2148 1919 2208 ὡς

337 2235 544 2286 τούτων
569 2235 811 2304 σφοδρῶς
846 2235 1208 2304 αἰκιζόμενος,
1241 2237 1497 2306 ἐπεζήτει
1523 2238 1648 2299 τοὺς
1673 2238 1919 2308 κρείσσο-

337 2342 456 2386 νας,
493 2327 588 2378 καὶ
623 2325 751 2377 ποτέ
773 2326 870 2394 μὲν
897 2326 1160 2387 ἐκείνους,
1203 2327 1332 2377 ποτὲ
1367 2326 1424 2378 δὲ
1454 2327 1676 2389 τούτους
1703 2327 1916 2392 ἐδίωκε,

341 2417 470 2485 παρ’
494 2416 770 2486 ἑκατέρων
801 2417 857 2469 δὲ
888 2417 1052 2486 μηδὲν
1084 2417 1388 2488 ὠφεληθεὶς
1412 2417 1700 2472 ἀπελύετο.

424 2685 512 2745 Ὠς
549 2684 647 2752 μὲν
674 2683 766 2736 οὖν
817 2686 1034 2752 ἰατροὺς
1084 2683 1334 2747 πλείονας
1391 2684 1642 2756 ἤλλαξεν,
1701 2686 1918 2750 καὶτὰς

340 2777 527 2839 νόσους
551 2777 836 2830 ἀλλάττειν
862 2779 960 2846 οὐχ
991 2776 1265 2845 εὕρισκεν,
1292 2777 1383 2827 ἐπὶ
1406 2774 1591 2846 Κῦρον
1620 2777 1710 2828 καὶ
1739 2777 1918 2831 Ἰωάν-

340 2885 440 2937 νην
466 2864 598 2938 ἦλθε
630 2869 754 2930 τοὺς
782 2869 1088 2939 μάρτυρας,
1109 2870 1238 2937 παρ’
1267 2866 1347 2930 οἷς
1381 2871 1437 2920 ἐν
1467 2870 1650 2922 πίστει
1689 2872 1918 2940 γενόμε-

339 2974 455 3018 νος,
507 2957 694 3024 ὑγείας
751 2959 847 3027 μὲν
887 2959 984 3021 τὰς
1040 2959 1229 3022 νόσους
1269 2959 1560 3026 ἠλλάξατο,
1625 2962 1821 3024 ἄλλους
1863 2963 1921 3017 δὲ

343 3048 508 3100 πάλιν
537 3049 755 3117 ἰατροὺς
770 3049 872 3100 οὐκ
902 3047 1212 3115 ἐνήλλαξεν.
1241 3049 1336 3100 Ὂν
1355 3050 1464 3118 γάρ
1486 3053 1532 3101 οξ
1565 3050 1709 3115 ἅγιοι
1735 3050 1922 3103 θεόθεν

2019 1961 2377 2016 ellusionibus
2411 1971 2592 2016 autem
2631 1971 2848 2031 tempus
2878 1961 3162 2015 deﬁnitum
3207 1963 3412 2015 nullum
3458 1972 3596 2021 erat,

2019 2068 2120 2107 nec
2163 2054 2408 2108 alternus
2456 2054 2634 2108 factus
2672 2069 2862 2108 earuzn
2905 2054 3198 2117 circuitus,
3248 2055 3340 2106 sed
3391 2053 3597 2122 iugiter

2021 2144 2204 2198 sanies
2248 2158 2308 2196 se
2348 2144 2607 2197 deorsum
2659 2143 2967 2207 mittebant,
3021 2155 3074 2195 ct
3115 2144 3234 2196 sine
3277 2143 3463 2210 requie
3505 2145 3597 2194 Im-

2021 2234 2220 2287 minem
2253 2234 2608 2288 Irihulabant.
2629 2232 2922 2304 Propterea
2948 2233 3210 2288 molestus
3229 2248 3350 2287 esse
3371 2233 3597 2290 medicis

2020 2339 2129 2379 non
2165 2327 2436 2390 cessabat,
2484 2333 2538 2379 et
2585 2341 2707 2378 cum
2757 2325 2843 2377 his
2877 2323 3054 2377 valide
3086 2323 3184 2394 [ita
3220 2323 3361 2393 catt]
3407 2326 3598 2377 verbe-

2020 2427 2192 2480 ratus,
2227 2417 2482 2472 meliores
2525 2416 2839 2486 quaerebat;
2886 2426 2931 2466 et
2982 2416 3140 2470 modo
3188 2415 3404 2483 quidem
3441 2417 3583 2474 illus,

2019 2509 2182 2563 modo
2213 2524 2336 2562 vero
2370 2509 2507 2563 istos
2544 2507 2994 2576 prosequebatur,
3026 2507 3106 2576 ab;
3137 2507 3381 2575 utrisque
3407 2517 3584 2560 autem

2020 2598 2098 2652 nil
2131 2597 2350 2665 adjutus
2388 2598 2784 2652 dimittehatnr.

2092 2688 2234 2759 Ergo
2280 2705 2402 2743 cum
2471 2689 2712 2744 medicos
2773 2689 3038 2757 plurimos
3085 2695 3499 2750 commutasset,
3547 2696 3596 2740 ct

2021 2780 2318 2848 languores
2377 2780 2614 2849 qualiter
2665 2787 2954 2844 mutasset,
3002 2781 3228 2834 minime
3278 2780 3596 2834 invenisset.

1984 2925 1990 2931 ,
2023 2870 2090 2924 ad
2130 2870 2331 2940 Cyrum
2379 2877 2435 2924 et
2465 2871 2732 2925 Joannem
2774 2879 3045 2940 martyres
3093 2871 3261 2936 venit,
3291 2871 3430 2940 apud
3461 2885 3599 2939 quos

2024 2961 2078 3015 in
2129 2960 2231 3015 ﬁde
2276 2969 2552 3030 repertus,
2585 2962 2878 3032 langueres
2924 2962 3143 3031 quidem
3191 2962 3426 3016 sanitate
3476 2978 3599 3015 mn.

2023 3052 2176 3114 tavit,
2207 3051 2302 3106 sed
2344 3067 2447 3106 nec
2496 3053 2696 3106 iterum
2729 3053 2971 3108 medicos
3013 3053 3394 3109 commutavit.
3427 3054 3599 3120 Quem

339 3140 624 3205 δεξάμενοι
677 3139 862 3193 παθῶν
891 3141 950 3191 οὗ
984 3139 1288 3210 βουληθῶσι
1348 3142 1751 3210 λυτρώσασθαι,
1799 3144 1919 3195 οὐδὲ
1947 3166 2029 3243 σε

1907 3147 2166 3243 acerrim
2221 3146 2396 3200 sancti
2433 3145 2698 3200 divinitus
2749 3153 2977 3214 accepta
3022 3145 3195 3212 gratia
3240 3145 3534 3199 noluerunt
3570 3160 3597 3197 a

341 3233 455 3294 πᾶς
507 3230 731 3283 αύτῶνό
756 3230 868 3282 τῶν
908 3231 1108 3300 ἰατρῶν
1155 3232 1358 3300 κόσμος
1379 3231 1764 3302 λυτρώσηται·
1806 3235 1918 3286 ἀλλ’

340 3325 437 3374 ἐπὶ
460 3322 521 3373 τὸ
547 3322 867 3390 λειπόμενον
913 3322 1012 3390 τῆς
1051 3322 1360 3390 διηγήσεως
1415 3324 1680 3393 ἔλθωμεν,
1711 3328 1802 3377 καὶ
1825 3327 1922 3392 τὴν

344 3414 646 3480 θεραπείαν
698 3416 940 3482 εἴπωμεν
1003 3413 1098 3465 τοῦ
1158 3415 1480 3483 Φιλήμονος,
1519 3415 1709 3486 ὥσπερ
1757 3419 1922 3470 αὑτοῦ

347 3505 442 3558 καὶ
467 3507 566 3569 τὰς
595 3507 782 3569 νόσους
835 3509 1171 3577 εἰρήκαμεν*
1198 3509 1334 3580 αὕτη
1370 3511 1479 3581 γάρ
1507 3512 1624 3563 ἐστι
1659 3513 1720 3565 τὸ
1750 3513 1924 3580 γλυκὺ

344 3600 454 3651 ’.ὦν
506 3600 816 3670 λεγομένων
864 3602 1160 3668 κεφάλαιον
1189 3617 1204 3631 ·
1251 3603 1543 3656 ἐκάθευδεν
1589 3604 1645 3656 δὲ
1694 3606 1787 3657 ἐπὶ
1828 3606 1929 3674 τῆς

341 3693 638 3762 στρωμνῆς
670 3695 698 3745 6
719 3693 986 3756 διάκονος,
1032 3695 1128 3748 xa‘t
1150 3696 1200 3748 oi
1232 3697 1508 3766 μάρτυρες
1539 3697 1686 3766 αὐτῷ
1717 3715 1925 3766 κοιμωιο

353 3787 499 3854 μένῳ
556 3786 914 3855 παρίσταντο.
967 3786 1124 3838 Καὶό
1147 3787 1246 3854 μὲν
1286 3788 1454 3840 αὐτοῦ
1491 3789 1552 3840 τδ
1591 3779 1745 3858 ἧπαρ
1775 3789 1928 3840 ἐσκό-

347 3895 537 3939 πευεν,
568 3880 594 3930 6
625 3878 682 3930 δὲ
711 3878 956 3930 κατενόει
1014 3878 1108 3930 τοῦ
1161 3879 1438 3948 τραχήλου
1487 3879 1585 3945 τὴν
1641 3881 1882 3949 σύριγγα
1913 3897 1925 3910 ·

348 3971 443 4022 καὶ
470 3973 498 4023 6
519 3970 618 4038 μὲν
648 3970 748 4032 τὰς
793 3971 988 4033 ὀδύνας
1016 3970 1110 4023 τοῦ
1161 3971 1371 4039 ἥπατος
1398 3970 1656 4034 ἔπαυσεν,
1681 3971 1710 4023 6
1741 3972 1798 4023 δὲ
1833 3973 1930 4034 τὰς

345 4065 449 4130 τῆς
491 4062 750 4132 σύριγγος
779 4062 962 4130 πηγὰς
997 4061 1336 4131 ἀνεξήρανεν
1359 4080 1371 4092 ·
1411 4063 1504 4116 καὶ
1533 4062 1720 4132 ἐπειδὴ
1757 4063 1932 4116 ταῦτα

348 4155 631 4217 ποιοῦντες
685 4154 1018 4221 ἐπαύσαντο,
1047 4155 1174 4207 τάδε
1212 4157 1388 4207 ποιεῖν
1427 4155 1681 4217 ἀπιόντες
1710 4156 1930 4208 ἐκέλευ-

345 4263 470 4310 σαν,
507 4249 600 4299 καὶ
635 4246 964 4315 ἀμφοτέρων
991 4245 1202 4298 τελείαν
1227 4245 1324 4316 τὴν
1359 4246 1528 4316 ρῶσιν
1554 4247 1926 4314 κομίσασθαι·

344 4337 491 4406 ὁτῆς
536 4335 798 4405 σύριγγος
847 4337 1053 4406 στήσας
1080 4335 1150 4388 τὰ
1175 4335 1446 4405 ῥεύματα,
1497 4337 1689 4407 τρίψαι
1747 4337 1934 4407 κιτρό-

347 4429 526 4493 φύλλα
568 4429 664 4481 καὶ
704 4427 1068 4497 προσενέγκαι
1108 4427 1186 4496 τῷ
1218 4427 1378 4480 πάθει
1413 4428 1747 4497 προσέταξεν
1778 4443 1792 4457 ο
1819 4430 1848 4479 6
1873 4427 1934 4480 τὸ

2027 3237 2373 3307 passionibus
2417 3237 2670 3300 liberare,
2705 3250 2804 3289 nec
2839 3236 3019 3290 omnis
3065 3234 3400 3289 medicorum
3439 3249 3601 3288 mun-

2026 3329 2151 3393 dus,
2192 3337 2252 3382 ut
2299 3329 2371 3382 ita
2417 3328 2611 3392 fatear,
2654 3328 2928 3380 liberabit.
2977 3325 3081 3379 Sed
3141 3326 3208 3379 ad
3267 3325 3601 3380 narrationis

2026 3418 2305 3473 residuum
2338 3417 2641 3478 veniamus,
2668 3425 2723 3470 et
2757 3415 3092 3468 Philemonis
3130 3416 3468 3469 curationem
3515 3414 3601 3466 di-

2026 3524 2240 3573 camus,
2284 3509 2427 3564 sicut
2469 3510 2589 3576 ejus
2631 3507 2795 3562 etiam
2843 3507 3136 3576 languorcs
3177 3505 3468 3566 ediximus,
3501 3506 3602 3558 hac

2028 3600 2172 3654 enim
2221 3609 2305 3654 est
2349 3600 2511 3652 dulce
2573 3599 2844 3651 dictorum
2900 3595 3233 3665 capitulum.
3293 3594 3603 3649 Dormiebat

2031 3707 2196 3761 supra
2251 3699 2482 3745 stratum
2529 3689 2820 3750 diaconus,
2874 3695 2925 3741 et
2993 3694 3259 3756 martyres
3309 3685 3602 3738 dormienti

2031 3785 2078 3838 ei
2122 3784 2397 3846 astabant,
2452 3791 2507 3836 ct
2563 3783 2702 3833 alter
2762 3780 2982 3846 quidem
3048 3780 3201 3842 jecur
3255 3778 3376 3844 ejus
3433 3786 3606 3831 attra-

2032 3877 2235 3937 ctahat,
2297 3874 2436 3926 alter
2500 3887 2628 3926 vero
2694 3872 2818 3925 colli
2885 3871 3116 3923 ﬁstulam
3185 3869 3602 3924 considerabat:

2033 3975 2088 4019 et
2147 3967 2237 4021 ille
2288 3964 2508 4034 quidem
2548 3963 2771 4017 dolores
2817 3962 3017 4030 jecoris
3059 3960 3458 4028 compescebat,
3507 3959 3606 4014 iste

2035 4070 2272 4126 namque
2332 4054 2508 4108 fontes
2571 4053 2764 4108 ﬁstulae
2827 4050 3153 4104 desiccabat.
3200 4048 3266 4102 Et
3304 4048 3431 4118 quia
3479 4063 3604 4103 eum

2035 4148 2149 4200 haec
2197 4145 2457 4200 fecissent
2493 4150 2871 4204 cessaverunt,
2904 4141 3016 4194 hare
3065 4139 3246 4195 facere
3291 4140 3606 4195 recedentes

2031 4240 2337 4307 jusserunt,
2365 4247 2420 4290 ut
2447 4236 2730 4303 utriusque
2778 4231 3074 4302 perfectam
3108 4231 3374 4301 reciperet
3401 4231 3607 4286 sanita-

2039 4342 2167 4384 tem.
2198 4327 2301 4393 Qui
2332 4341 2463 4397 ergo
2505 4336 2656 4379 stare
2695 4323 2823 4377 fecit
2863 4321 3057 4376 ﬁstul-*3
3077 4321 3282 4385 ﬂuxus,
3322 4322 3445 4376 citri
3480 4321 3606 4376 folia

2038 4428 2213 4474 terere
2254 4429 2307 4472 et
2340 4417 2509 4470 ulceri
2548 4415 2744 4468 aﬁerre
2779 4412 3060 4481 praecepit.
3091 4411 3143 4465 Is
3197 4419 3376 4465 autem
3414 4413 3507 4480 qui
3535 4420 3607 4463 ta-

345 4515 503 4591 ἧπαρ
536 4521 592 4572 δὲ
622 4523 740 4581 ταῖς
764 4520 925 4588 ἁφαῖς
964 4519 1278 4588 ἰασάμενος,
1315 4519 1503 4581 ἐλαίας
1535 4519 1760 4585 ἐνέγκαι
1792 4519 1928 4588 χλω-
1965 4521 2006 4576 D

1918 4550 1928 4560 .
1965 4521 2006 4576 ο
2037 4511 2217 4564 ctihus
2251 4515 2418 4576 hepar
2460 4514 2773 4568 sanaverat,
2834 4504 3010 4558 olivas
3053 4501 3268 4557 deferre
3305 4502 3531 4567 virides,
3555 4513 3608 4555 et

350 4613 473 4680 ράς·
505 4614 599 4666 καὶ
633 4612 731 4674 τὰς
766 4611 866 4681 μὲν
917 4611 1118 4663 ἐσθίειν
1160 4610 1436 4675 ἐθέσπισε,
1467 4612 1570 4673 τὰς
1598 4611 1652 4663 δὲ
1685 4611 1932 4674 λειῶσαι,

346 4703 553 4756 καὶτὸν
590 4706 756 4756 τόπον
788 4701 1134 4756 καταπλάσαι
1177 4702 1270 4755 τοῦ
1305 4703 1535 4773 ἥπατος.
1585 4704 1846 4765 Ἀναστὰς
1877 4703 1935 4755 δὲ

350 4795 490 4864 μετὰ
544 4793 637 4846 τὸν
695 4792 914 4846 ὖπνονό
951 4795 1252 4865 ἄρρωστος,
1304 4795 1403 4857 τὰς
1465 4796 1794 4865 ἀμφοτέρων
1824 4795 1933 4847 τῶν

346 4886 520 4953 ἁγίων
570 4886 897 4954 προστάξεις
933 4887 1270 4953 ἐπλήρωσεν,
1301 4887 1397 4938 καὶ
1451 4886 1551 4949 τὰς
1606 4888 1932 4957 ἀμφοτέρων

342 4975 455 5027 τῶν
479 4973 650 5041 ἁγίων
678 4973 979 5043 θεραπείας
1011 4973 1295 5042 ἐδρέτζιατο.
1321 4975 1581 5044 Φιλήμων
1609 4970 1701 5026 οὖν
1731 4977 1758 5027 6
1792 4974 1925 5027 θαυ-

348 5067 544 5135 μάσιος
577 5064 721 5119 οὕτω
765 5066 953 5133 φυγὼν
982 5064 1051 5117 τὰ
1087 5066 1393 5134 νοσήματα,
1422 5068 1514 5118 καὶ
1543 5066 1725 5119 λαῦὼν
1742 5067 1810 5120 τά
1845 5067 1929 5120 ίά-

349 5181 513 5232 ματα,
543 5163 670 5224 τοὺς
696 5161 998 5224 δεδωκότας
1038 5161 1222 5228 ὑμνῶν
1254 5160 1611 5229 ἀπελήλυθεν.
1659 5162 1849 5231 Ἡμεῖς
1872 5163 1929 5214 δὲ

342 5255 412 5306 δι’
441 5253 763 5323 ἀμφοτέρας
823 5252 920 5315 τὰς
977 5252 1173 5324 ρώσεις
1210 5253 1402 5315 διττῶς
1456 5253 1753 5321 ὑμνοῦντες
1802 5255 1929 5317 τοὺς

347 5345 656 5415 μάρτυρας,
711 5346 848 5413 πρὸς
897 5343 1071 5397 ἄλλων
1124 5343 1309 5412 ὓμνων
1359 5345 1570 5414 μητέρα
1607 5347 1700 5398 καὶ
1729 5345 1928 5416 τροφὸν

343 5435 683 5502 ἐπαγγελίαν
703 5434 1116 5504 προσέλθωμεν.

415 5548 535 5602 EB’.
584 5545 726 5613 Περὶ
763 5545 1057 5611 Ῥοδόπης
1091 5545 1424 5614 ἐσχηκυίας
1454 5544 1852 5613 ἐκϐρὰσματα.

429 5698 740 5764 ἭῬοδοπη
777 5699 876 5766 τὴν
896 5697 1134 5769 γραφίδα
1163 5700 1563 5768 τροχάςουσαν,
1596 5699 1686 5750 καὶ
1717 5697 1925 5768 χαράτ-

342 5806 462 5844 saw
501 5791 662 5859 ἔτερα
685 5789 939 5859 θαύματα
972 5789 1324 5855 σπεύδουσαν,
1346 5790 1444 5858 τῆς
1477 5791 1566 5842 ἐπὶ
1590 5789 1796 5851 τούτοις
1828 5807 1923 5841 τεο⁹

2040 4601 2231 4654 harum
2267 4601 2470 4653 alteras
2501 4597 2854 4661 manducare,
2899 4595 3100 4649 alteras
3119 4603 3303 4648 autem
3338 4595 3605 4656 emollire,

2035 4701 2091 4748 et
2113 4693 2290 4746 locum
2307 4691 2513 4759 jccoris
2531 4688 2927 4756 eataplasmare
2948 4683 3226 4754 prmcepit.
3246 4686 3345 4739 Ast
3360 4685 3608 4739 inﬁrmus

2036 4799 2270 4855 surgens
2306 4790 2429 4852 post
2483 4781 2785 4842 somnium,
2828 4786 3119 4846 utramque
3141 4775 3445 4844 jussionem
3477 4791 3606 4830 san-

2032 4887 2247 4931 ctorum
2280 4873 2542 4943 implevit,
2574 4879 2628 4924 et
2660 4877 3020 4937 utrarumque
3065 4865 3380 4921 curationes
3401 4868 3609 4935 passio-

2035 4983 2162 5022 num
2217 4966 2478 5036 percepit.
2522 4962 2768 5016 Philemo
2813 4974 2943 5029 ergo
2972 4958 3064 5012 ille
3104 4957 3394 5018 mirabilis,
3422 4957 3607 5012 taliter

2033 5061 2326 5130 languores
2393 5054 2672 5123 ell'ugiens.
2723 5050 2976 5107 sanitatis
3029 5051 3175 5104 dono
3223 5057 3461 5117 recepto,
3511 5064 3607 5103 eos

2031 5152 2125 5223 qui
2184 5147 2528 5205 contulerant
2573 5142 2893 5197 collaudans
2939 5139 3228 5194 abscessit.
3284 5137 3456 5192 Porro
3502 5154 3604 5195 nos

2032 5241 2102 5296 ob
2125 5251 2413 5305 utramque
2444 5232 2733 5289 sanitatem
2769 5229 3064 5298 dupliciter
3088 5228 3307 5298 hymnis
3336 5236 3604 5303 martyres

2031 5334 2458 5402 prosequentes,
2501 5324 2568 5377 ad
2625 5323 2857 5376 aliorum
2904 5321 3230 5390 hymnorum
3281 5319 3600 5374 relationem

2032 5429 2260 5478 matrem
2289 5433 2354 5473 ac
2391 5417 2666 5471 nutricem
2689 5412 3036 5469 accedamus.

2137 5532 2292 5587 LXII.
2349 5530 2424 5584 De
2494 5528 2736 5595 Rhodope
2791 5543 2909 5595 qua:
2954 5525 3139 5578 habuit
3191 5525 3495 5579 cbullientes

2627 5597 2995 5653 carbunculus.

2103 5696 2362 5765 Rhodope
2412 5694 2612 5763 stylum
2665 5688 2805 5760 [cod.
2839 5684 3289 5756 descriptionem]
3333 5693 3597 5740 rotantem

2028 5797 2081 5842 et
2112 5802 2341 5841 exarare
2375 5785 2478 5838 alia
2515 5783 2775 5836 miracula
2809 5781 3180 5834 festinantem.
3216 5780 3284 5832 ab
3319 5779 3593 5834 itineread
