  <div class='ocr_page' id='page_1' title='image "/cluster/home/n/w/nwhite01/storage/ocr_20150623/87 tp.3/nnc1.0046980288/437.png"; bbox 0 0 4280 6442; ppageno 0'>
   <div class='ocr_carea' id='block_1_1' title="bbox 668 365 811 432">
    <p class='ocr_par' dir='ltr' id='par_1_1' title="bbox 668 365 811 432">
     <span class='ocr_line' id='line_1_1' title="bbox 668 365 811 432; baseline 0 -5"><span class='ocrx_word' id='word_1_1' title='bbox 668 365 811 432; x_wconf 62' lang='grc' dir='ltr'><strong>τω</strong></span> 
     </span>
    </p>
   </div>
   <div class='ocr_carea' id='block_1_2' title="bbox 1584 368 3100 435">
    <p class='ocr_par' dir='ltr' id='par_1_2' title="bbox 1584 368 3100 435">
     <span class='ocr_line' id='line_1_2' title="bbox 1584 368 3100 435; baseline 0 -4"><span class='ocrx_word' id='word_1_2' title='bbox 1584 372 1646 432; x_wconf 92' lang='lat' dir='ltr'><strong>S.</strong></span> <span class='ocrx_word' id='word_1_3' title='bbox 1686 371 2108 435; x_wconf 78' lang='lat' dir='ltr'><strong>SOPHRONII</strong></span> <span class='ocrx_word' id='word_1_4' title='bbox 2145 368 2655 434; x_wconf 68' lang='lat' dir='ltr'><strong>PA&#39;I&#39;RIARCIMI</strong></span> <span class='ocrx_word' id='word_1_5' title='bbox 2693 371 3100 433; x_wconf 81' lang='lat' dir='ltr'><strong>HIEROSOL.</strong></span> 
     </span>
    </p>
   </div>
   <div class='ocr_carea' id='block_1_3' title="bbox 3807 364 3947 431">
    <p class='ocr_par' dir='ltr' id='par_1_3' title="bbox 3807 364 3947 431">
     <span class='ocr_line' id='line_1_3' title="bbox 3807 364 3947 431; baseline 0 0"><span class='ocrx_word' id='word_1_6' title='bbox 3807 364 3947 431; x_wconf 60' lang='grc' dir='ltr'><strong>πα</strong></span> 
     </span>
    </p>
   </div>
   <div class='ocr_carea' id='block_1_4' title="bbox 667 477 2357 557">
    <p class='ocr_par' dir='ltr' id='par_1_4' title="bbox 667 477 2357 557">
     <span class='ocr_line' id='line_1_4' title="bbox 667 477 2357 557; baseline 0.005 -23"><span class='ocrx_word' id='word_1_7' title='bbox 667 479 892 534; x_wconf 70' lang='lat' dir='ltr'><strong>callum.</strong></span> <span class='ocrx_word' id='word_1_8' title='bbox 919 477 986 534; x_wconf 79' lang='lat' dir='ltr'><strong>Et</strong></span> <span class='ocrx_word' id='word_1_9' title='bbox 1011 494 1135 536; x_wconf 83' lang='lat' dir='ltr'><strong>cum</strong></span> <span class='ocrx_word' id='word_1_10' title='bbox 1170 480 1285 537; x_wconf 63' lang='lat' dir='ltr'><strong>hac</strong></span> <span class='ocrx_word' id='word_1_11' title='bbox 1321 490 1618 552; x_wconf 82' lang='lat' dir='ltr'><strong>pateretur,</strong></span> <span class='ocrx_word' id='word_1_12' title='bbox 1657 486 1872 541; x_wconf 84' lang='lat' dir='ltr'><strong>cunctis</strong></span> <span class='ocrx_word' id='word_1_13' title='bbox 1906 487 2243 557; x_wconf 81' lang='lat' dir='ltr'><strong>eompessio-</strong></span> <span class='ocrx_word' id='word_1_14' title='bbox 2273 498 2315 553; x_wconf 70' lang='grc' dir='ltr'><strong>Α</strong></span> <span class='ocrx_word' id='word_1_15' title='bbox 2349 503 2357 535; x_wconf 74' lang='grc' dir='ltr'><strong>ι</strong></span> 
     </span>
    </p>
   </div>
   <div class='ocr_carea' id='block_1_5' title="bbox 2252 477 3942 557">
    <p class='ocr_par' dir='ltr' id='par_1_5' title="bbox 2273 477 3942 553">
     <span class='ocr_line' id='line_1_5' title="bbox 2273 477 3942 553; baseline -0.004 -15"><span class='ocrx_word' id='word_1_16' title='bbox 2273 498 2315 553; x_wconf 68' lang='grc' dir='ltr'><strong>Α</strong></span> <span class='ocrx_word' id='word_1_17' title='bbox 2349 485 2674 538; x_wconf 78' lang='grc' dir='ltr'>συνεσάλευε</span> <span class='ocrx_word' id='word_1_18' title='bbox 2706 485 2883 536; x_wconf 81' lang='grc' dir='ltr'>πᾶσαν</span> <span class='ocrx_word' id='word_1_19' title='bbox 2917 482 3052 553; x_wconf 76' lang='grc' dir='ltr'>ὁμοῦ</span> <span class='ocrx_word' id='word_1_20' title='bbox 3082 480 3179 551; x_wconf 72' lang='grc' dir='ltr'>τὴν</span> <span class='ocrx_word' id='word_1_21' title='bbox 3210 478 3452 549; x_wconf 71' lang='grc' dir='ltr'>κειραλὴν</span> <span class='ocrx_word' id='word_1_22' title='bbox 3481 477 3576 530; x_wconf 73' lang='grc' dir='ltr'><strong>καὶ</strong></span> <span class='ocrx_word' id='word_1_23' title='bbox 3611 477 3700 530; x_wconf 65' lang='grc' dir='ltr'><strong>τὸν</strong></span> <span class='ocrx_word' id='word_1_24' title='bbox 3731 479 3942 549; x_wconf 83' lang='grc' dir='ltr'>τράχη-</span> 
     </span>
    </p>
   </div>
   <div class='ocr_carea' id='block_1_6' title="bbox 666 572 2254 642">
    <p class='ocr_par' dir='ltr' id='par_1_6' title="bbox 666 572 2254 642">
     <span class='ocr_line' id='line_1_6' title="bbox 666 572 2254 642; baseline 0.004 -17"><span class='ocrx_word' id='word_1_25' title='bbox 666 572 754 626; x_wconf 80' lang='lat' dir='ltr'><strong>uis</strong></span> <span class='ocrx_word' id='word_1_26' title='bbox 784 572 1157 642; x_wconf 76' lang='lat' dir='ltr'><strong>spectaculum</strong></span> <span class='ocrx_word' id='word_1_27' title='bbox 1198 574 1505 642; x_wconf 82' lang='lat' dir='ltr'><strong>adjacebat,</strong></span> <span class='ocrx_word' id='word_1_28' title='bbox 1537 575 1607 631; x_wconf 88' lang='lat' dir='ltr'><strong>ad</strong></span> <span class='ocrx_word' id='word_1_29' title='bbox 1657 577 2071 633; x_wconf 77' lang='lat' dir='ltr'><strong>miserationem</strong></span> <span class='ocrx_word' id='word_1_30' title='bbox 2104 593 2254 632; x_wconf 79' lang='lat' dir='ltr'><strong>com-</strong></span> 
     </span>
    </p>
   </div>
   <div class='ocr_carea' id='block_1_7' title="bbox 671 665 2251 735">
    <p class='ocr_par' dir='ltr' id='par_1_7' title="bbox 671 665 2251 735">
     <span class='ocr_line' id='line_1_7' title="bbox 671 665 2251 735; baseline 0.004 -20"><span class='ocrx_word' id='word_1_31' title='bbox 671 676 896 716; x_wconf 79' lang='lat' dir='ltr'><strong>movens</strong></span> <span class='ocrx_word' id='word_1_32' title='bbox 940 678 1061 727; x_wconf 85' lang='lat' dir='ltr'><strong>eos,</strong></span> <span class='ocrx_word' id='word_1_33' title='bbox 1093 666 1186 734; x_wconf 91' lang='lat' dir='ltr'><strong>qui</strong></span> <span class='ocrx_word' id='word_1_34' title='bbox 1222 665 1368 719; x_wconf 85' lang='lat' dir='ltr'><strong>bunc</strong></span> <span class='ocrx_word' id='word_1_35' title='bbox 1420 665 1492 719; x_wconf 91' lang='lat' dir='ltr'><strong>ita</strong></span> <span class='ocrx_word' id='word_1_36' title='bbox 1541 666 1750 722; x_wconf 80' lang='lat' dir='ltr'><strong>moveri</strong></span> <span class='ocrx_word' id='word_1_37' title='bbox 1794 667 2087 735; x_wconf 78' lang='lat' dir='ltr'><strong>videbant;</strong></span> <span class='ocrx_word' id='word_1_38' title='bbox 2117 669 2251 722; x_wconf 75' lang='lat' dir='ltr'><strong>Cain</strong></span> 
     </span>
    </p>
   </div>
   <div class='ocr_carea' id='block_1_8' title="bbox 665 754 2252 827">
    <p class='ocr_par' dir='ltr' id='par_1_8' title="bbox 665 754 2252 827">
     <span class='ocr_line' id='line_1_8' title="bbox 665 754 2252 827; baseline 0.006 -21"><span class='ocrx_word' id='word_1_39' title='bbox 665 754 813 806; x_wconf 87' lang='lat' dir='ltr'><strong>enim</strong></span> <span class='ocrx_word' id='word_1_40' title='bbox 860 754 1015 808; x_wconf 89' lang='lat' dir='ltr'><strong>illum</strong></span> <span class='ocrx_word' id='word_1_41' title='bbox 1066 771 1162 825; x_wconf 89' lang='lat' dir='ltr'><strong>per</strong></span> <span class='ocrx_word' id='word_1_42' title='bbox 1214 755 1490 827; x_wconf 87' lang='lat' dir='ltr'><strong>inquietas</strong></span> <span class='ocrx_word' id='word_1_43' title='bbox 1541 757 1805 812; x_wconf 87' lang='lat' dir='ltr'><strong>faciernm</strong></span> <span class='ocrx_word' id='word_1_44' title='bbox 1858 761 2252 816; x_wconf 77' lang='lat' dir='ltr'><strong>roncussiencs</strong></span> 
     </span>
    </p>
   </div>
   <div class='ocr_carea' id='block_1_9' title="bbox 664 844 2253 923">
    <p class='ocr_par' dir='ltr' id='par_1_9' title="bbox 664 844 2253 923">
     <span class='ocr_line' id='line_1_9' title="bbox 664 844 2253 923; baseline 0.007 -29"><span class='ocrx_word' id='word_1_45' title='bbox 664 844 865 911; x_wconf 82' lang='lat' dir='ltr'><strong>partim</strong></span> <span class='ocrx_word' id='word_1_46' title='bbox 918 846 1316 916; x_wconf 77' lang='lat' dir='ltr'><strong>imaginabant,</strong></span> <span class='ocrx_word' id='word_1_47' title='bbox 1343 849 1436 917; x_wconf 88' lang='lat' dir='ltr'><strong>qui</strong></span> <span class='ocrx_word' id='word_1_48' title='bbox 1483 847 1840 906; x_wconf 86' lang='lat' dir='ltr'><strong>fratricidalis</strong></span> <span class='ocrx_word' id='word_1_49' title='bbox 1879 866 2096 920; x_wconf 66' lang='lat' dir='ltr'><strong>puellam</strong></span> <span class='ocrx_word' id='word_1_50' title='bbox 2128 869 2253 923; x_wconf 86' lang='lat' dir='ltr'><strong>pro-</strong></span> 
     </span>
    </p>
   </div>
   <div class='ocr_carea' id='block_1_10' title="bbox 668 934 2252 1012">
    <p class='ocr_par' dir='ltr' id='par_1_10' title="bbox 668 934 2252 1012">
     <span class='ocr_line' id='line_1_10' title="bbox 668 934 2252 1012; baseline 0.008 -28"><span class='ocrx_word' id='word_1_51' title='bbox 668 934 857 1001; x_wconf 82' lang='lat' dir='ltr'><strong>positi,</strong></span> <span class='ocrx_word' id='word_1_52' title='bbox 907 943 967 987; x_wconf 89' lang='lat' dir='ltr'><strong>ut</strong></span> <span class='ocrx_word' id='word_1_53' title='bbox 1021 951 1244 1005; x_wconf 79' lang='lat' dir='ltr'><strong>semper</strong></span> <span class='ocrx_word' id='word_1_54' title='bbox 1287 945 1546 992; x_wconf 85' lang='lat' dir='ltr'><strong>tremeret</strong></span> <span class='ocrx_word' id='word_1_55' title='bbox 1595 940 1826 994; x_wconf 87' lang='lat' dir='ltr'><strong>sortitus</strong></span> <span class='ocrx_word' id='word_1_56' title='bbox 1860 949 1977 1006; x_wconf 88' lang='lat' dir='ltr'><strong>est;</strong></span> <span class='ocrx_word' id='word_1_57' title='bbox 2014 952 2068 996; x_wconf 90' lang='lat' dir='ltr'><strong>et</strong></span> <span class='ocrx_word' id='word_1_58' title='bbox 2106 943 2252 1012; x_wconf 86' lang='lat' dir='ltr'><strong>quod</strong></span> 
     </span>
    </p>
   </div>
   <div class='ocr_carea' id='block_1_11' title="bbox 671 1021 2253 1101">
    <p class='ocr_par' dir='ltr' id='par_1_11' title="bbox 671 1021 2253 1101">
     <span class='ocr_line' id='line_1_11' title="bbox 671 1021 2253 1101; baseline 0.009 -27"><span class='ocrx_word' id='word_1_59' title='bbox 671 1021 775 1075; x_wconf 85' lang='lat' dir='ltr'><strong>hoc</strong></span> <span class='ocrx_word' id='word_1_60' title='bbox 827 1024 982 1093; x_wconf 81' lang='lat' dir='ltr'><strong>pejus</strong></span> <span class='ocrx_word' id='word_1_61' title='bbox 1025 1034 1129 1091; x_wconf 83' lang='lat' dir='ltr'><strong>est,</strong></span> <span class='ocrx_word' id='word_1_62' title='bbox 1175 1026 1369 1081; x_wconf 87' lang='lat' dir='ltr'><strong>faciem</strong></span> <span class='ocrx_word' id='word_1_63' title='bbox 1413 1028 1669 1084; x_wconf 79' lang='lat' dir='ltr'><strong>vibrabat</strong></span> <span class='ocrx_word' id='word_1_64' title='bbox 1710 1029 2017 1101; x_wconf 88' lang='lat' dir='ltr'><strong>llelpidius,</strong></span> <span class='ocrx_word' id='word_1_65' title='bbox 2047 1042 2103 1087; x_wconf 91' lang='lat' dir='ltr'><strong>et</strong></span> <span class='ocrx_word' id='word_1_66' title='bbox 2147 1045 2253 1088; x_wconf 85' lang='lat' dir='ltr'><strong>tre-</strong></span> 
     </span>
    </p>
   </div>
   <div class='ocr_carea' id='block_1_12' title="bbox 664 1115 2249 1192">
    <p class='ocr_par' dir='ltr' id='par_1_12' title="bbox 664 1115 2249 1192">
     <span class='ocr_line' id='line_1_12' title="bbox 664 1115 2249 1192; baseline 0.007 -27"><span class='ocrx_word' id='word_1_67' title='bbox 664 1115 914 1170; x_wconf 86' lang='lat' dir='ltr'><strong>moribus</strong></span> <span class='ocrx_word' id='word_1_68' title='bbox 946 1115 1114 1172; x_wconf 88' lang='lat' dir='ltr'><strong>nimis</strong></span> <span class='ocrx_word' id='word_1_69' title='bbox 1140 1117 1500 1187; x_wconf 82' lang='lat' dir='ltr'><strong>aﬂligebatur.</strong></span> <span class='ocrx_word' id='word_1_70' title='bbox 1547 1119 1614 1173; x_wconf 86' lang='lat' dir='ltr'><strong>Et</strong></span> <span class='ocrx_word' id='word_1_71' title='bbox 1654 1119 1799 1177; x_wconf 87' lang='lat' dir='ltr'><strong>Deus</strong></span> <span class='ocrx_word' id='word_1_72' title='bbox 1829 1122 2052 1192; x_wconf 89' lang='lat' dir='ltr'><strong>quidem</strong></span> <span class='ocrx_word' id='word_1_73' title='bbox 2097 1124 2249 1177; x_wconf 88' lang='lat' dir='ltr'><strong>illum</strong></span> 
     </span>
    </p>
   </div>
   <div class='ocr_carea' id='block_1_13' title="bbox 667 1204 2255 1276">
    <p class='ocr_par' dir='ltr' id='par_1_13' title="bbox 667 1204 2255 1276">
     <span class='ocr_line' id='line_1_13' title="bbox 667 1204 2255 1276; baseline 0.008 -19"><span class='ocrx_word' id='word_1_74' title='bbox 667 1204 1104 1260; x_wconf 73' lang='lat' dir='ltr'><strong>misericorditer</strong></span> <span class='ocrx_word' id='word_1_75' title='bbox 1141 1208 1322 1274; x_wconf 57' lang='lat' dir='ltr'><strong>paruis</strong></span> <span class='ocrx_word' id='word_1_76' title='bbox 1360 1209 1653 1276; x_wconf 85' lang='lat' dir='ltr'><strong>aﬂiciebat,</strong></span> <span class='ocrx_word' id='word_1_77' title='bbox 1683 1212 1894 1267; x_wconf 67' lang='lat' dir='ltr'><strong>daemon</strong></span> <span class='ocrx_word' id='word_1_78' title='bbox 1928 1228 2058 1268; x_wconf 81' lang='lat' dir='ltr'><strong>vero</strong></span> <span class='ocrx_word' id='word_1_79' title='bbox 2089 1215 2255 1270; x_wconf 85' lang='lat' dir='ltr'><strong>mise-</strong></span> 
     </span>
    </p>
   </div>
   <div class='ocr_carea' id='block_1_14' title="bbox 664 1296 2248 1375">
    <p class='ocr_par' dir='ltr' id='par_1_14' title="bbox 664 1296 2248 1375">
     <span class='ocr_line' id='line_1_14' title="bbox 664 1296 2248 1375; baseline 0.007 -25"><span class='ocrx_word' id='word_1_80' title='bbox 664 1296 916 1350; x_wconf 87' lang='lat' dir='ltr'><strong>rabiliter</strong></span> <span class='ocrx_word' id='word_1_81' title='bbox 969 1297 1302 1370; x_wconf 73' lang='lat' dir='ltr'><strong>ﬂagellabat.</strong></span> <span class='ocrx_word' id='word_1_82' title='bbox 1358 1301 1450 1356; x_wconf 88' lang='lat' dir='ltr'><strong>Sic</strong></span> <span class='ocrx_word' id='word_1_83' title='bbox 1504 1302 1844 1359; x_wconf 78' lang='lat' dir='ltr'><strong>laborantem</strong></span> <span class='ocrx_word' id='word_1_84' title='bbox 1904 1303 2248 1375; x_wconf 83' lang='lat' dir='ltr'><strong>Helpidium,</strong></span> 
     </span>
    </p>
   </div>
   <div class='ocr_carea' id='block_1_15' title="bbox 662 1390 2251 1467">
    <p class='ocr_par' dir='ltr' id='par_1_15' title="bbox 662 1390 2251 1467">
     <span class='ocr_line' id='line_1_15' title="bbox 662 1390 2251 1467; baseline 0.008 -28"><span class='ocrx_word' id='word_1_85' title='bbox 662 1402 860 1459; x_wconf 74' lang='lat' dir='ltr'><strong>onmes</strong></span> <span class='ocrx_word' id='word_1_86' title='bbox 921 1391 1012 1457; x_wconf 86' lang='lat' dir='ltr'><strong>qui</strong></span> <span class='ocrx_word' id='word_1_87' title='bbox 1072 1390 1220 1446; x_wconf 84' lang='lat' dir='ltr'><strong>hunc</strong></span> <span class='ocrx_word' id='word_1_88' title='bbox 1277 1393 1636 1447; x_wconf 84' lang='lat' dir='ltr'><strong>intuebantur</strong></span> <span class='ocrx_word' id='word_1_89' title='bbox 1692 1396 1965 1451; x_wconf 90' lang='lat' dir='ltr'><strong>veraciter</strong></span> <span class='ocrx_word' id='word_1_90' title='bbox 2022 1398 2251 1467; x_wconf 81' lang='lat' dir='ltr'><strong>dignum</strong></span> 
     </span>
    </p>
   </div>
   <div class='ocr_carea' id='block_1_16' title="bbox 665 1478 2249 1555">
    <p class='ocr_par' dir='ltr' id='par_1_16' title="bbox 665 1478 2249 1555">
     <span class='ocr_line' id='line_1_16' title="bbox 665 1478 2249 1555; baseline 0.009 -26"><span class='ocrx_word' id='word_1_91' title='bbox 665 1478 1050 1533; x_wconf 76' lang='lat' dir='ltr'><strong>misericordia</strong></span> <span class='ocrx_word' id='word_1_92' title='bbox 1098 1480 1497 1550; x_wconf 84' lang='lat' dir='ltr'><strong>decernebant;</strong></span> <span class='ocrx_word' id='word_1_93' title='bbox 1533 1499 1853 1555; x_wconf 81' lang='lat' dir='ltr'><strong>quanquam</strong></span> <span class='ocrx_word' id='word_1_94' title='bbox 1912 1488 2249 1542; x_wconf 83' lang='lat' dir='ltr'><strong>medicorum</strong></span> 
     </span>
    </p>
   </div>
   <div class='ocr_carea' id='block_1_17' title="bbox 664 1568 2252 1649">
    <p class='ocr_par' dir='ltr' id='par_1_17' title="bbox 664 1568 2252 1649">
     <span class='ocr_line' id='line_1_17' title="bbox 664 1568 2252 1649; baseline 0.009 -30"><span class='ocrx_word' id='word_1_95' title='bbox 664 1568 851 1622; x_wconf 76' lang='lat' dir='ltr'><strong>nullus</strong></span> <span class='ocrx_word' id='word_1_96' title='bbox 881 1570 1029 1623; x_wconf 83' lang='lat' dir='ltr'><strong>hunc</strong></span> <span class='ocrx_word' id='word_1_97' title='bbox 1056 1569 1319 1638; x_wconf 79' lang='lat' dir='ltr'><strong>adjuvare</strong></span> <span class='ocrx_word' id='word_1_98' title='bbox 1343 1582 1577 1629; x_wconf 82' lang='lat' dir='ltr'><strong>conatus</strong></span> <span class='ocrx_word' id='word_1_99' title='bbox 1613 1576 1708 1639; x_wconf 87' lang='lat' dir='ltr'><strong>sit,</strong></span> <span class='ocrx_word' id='word_1_100' title='bbox 1742 1578 1835 1631; x_wconf 89' lang='lat' dir='ltr'><strong>sed</strong></span> <span class='ocrx_word' id='word_1_101' title='bbox 1865 1593 1967 1632; x_wconf 89' lang='lat' dir='ltr'><strong>nec</strong></span> <span class='ocrx_word' id='word_1_102' title='bbox 2004 1578 2252 1649; x_wconf 85' lang='lat' dir='ltr'><strong>aspicere</strong></span> 
     </span>
    </p>
   </div>
   <div class='ocr_carea' id='block_1_18' title="bbox 664 1661 2244 1734">
    <p class='ocr_par' dir='ltr' id='par_1_18' title="bbox 664 1661 2244 1734">
     <span class='ocr_line' id='line_1_18' title="bbox 664 1661 2244 1734; baseline 0.008 -25"><span class='ocrx_word' id='word_1_103' title='bbox 664 1661 892 1714; x_wconf 80' lang='lat' dir='ltr'><strong>nnmino</strong></span> <span class='ocrx_word' id='word_1_104' title='bbox 942 1662 1393 1731; x_wconf 68' lang='lat' dir='ltr'><strong>praesumpserit;</strong></span> <span class='ocrx_word' id='word_1_105' title='bbox 1452 1680 1619 1734; x_wconf 81' lang='lat' dir='ltr'><strong>super</strong></span> <span class='ocrx_word' id='word_1_106' title='bbox 1672 1673 1844 1720; x_wconf 84' lang='lat' dir='ltr'><strong>artem</strong></span> <span class='ocrx_word' id='word_1_107' title='bbox 1893 1667 2039 1721; x_wconf 89' lang='lat' dir='ltr'><strong>enim</strong></span> <span class='ocrx_word' id='word_1_108' title='bbox 2089 1683 2244 1723; x_wconf 87' lang='lat' dir='ltr'><strong>suam</strong></span> 
     </span>
    </p>
   </div>
   <div class='ocr_carea' id='block_1_19' title="bbox 664 1750 2246 1824">
    <p class='ocr_par' dir='ltr' id='par_1_19' title="bbox 664 1750 2246 1824">
     <span class='ocr_line' id='line_1_19' title="bbox 664 1750 2246 1824; baseline 0.005 -21"><span class='ocrx_word' id='word_1_109' title='bbox 664 1757 785 1804; x_wconf 88' lang='lat' dir='ltr'><strong>erat</strong></span> <span class='ocrx_word' id='word_1_110' title='bbox 816 1750 1129 1816; x_wconf 81' lang='lat' dir='ltr'><strong>infirmitas,</strong></span> <span class='ocrx_word' id='word_1_111' title='bbox 1163 1761 1217 1807; x_wconf 89' lang='lat' dir='ltr'><strong>et</strong></span> <span class='ocrx_word' id='word_1_112' title='bbox 1249 1753 1352 1808; x_wconf 89' lang='lat' dir='ltr'><strong>soli</strong></span> <span class='ocrx_word' id='word_1_113' title='bbox 1388 1752 1502 1809; x_wconf 82' lang='lat' dir='ltr'><strong>Deo</strong></span> <span class='ocrx_word' id='word_1_114' title='bbox 1540 1769 1570 1807; x_wconf 91' lang='lat' dir='ltr'><strong>a</strong></span> <span class='ocrx_word' id='word_1_115' title='bbox 1609 1754 1815 1811; x_wconf 75' lang='lat' dir='ltr'><strong>divinis</strong></span> <span class='ocrx_word' id='word_1_116' title='bbox 1845 1755 1969 1824; x_wconf 82' lang='lat' dir='ltr'><strong>ejus</strong></span> <span class='ocrx_word' id='word_1_117' title='bbox 2007 1756 2246 1823; x_wconf 78' lang='lat' dir='ltr'><strong>famulis,</strong></span> 
     </span>
    </p>
   </div>
   <div class='ocr_carea' id='block_1_20' title="bbox 2355 569 3943 644">
    <p class='ocr_par' dir='ltr' id='par_1_20' title="bbox 2355 569 3943 644">
     <span class='ocr_line' id='line_1_20' title="bbox 2355 569 3943 644; baseline -0.003 -16"><span class='ocrx_word' id='word_1_118' title='bbox 2355 575 2447 628; x_wconf 84' lang='grc' dir='ltr'><strong>λον</strong></span> <span class='ocrx_word' id='word_1_119' title='bbox 2478 592 2491 606; x_wconf 90' lang='grc'>·</span> <span class='ocrx_word' id='word_1_120' title='bbox 2534 577 2627 628; x_wconf 81' lang='grc' dir='ltr'><strong>καὶ</strong></span> <span class='ocrx_word' id='word_1_121' title='bbox 2679 575 2847 627; x_wconf 75' lang='grc' dir='ltr'>ταῦτα</span> <span class='ocrx_word' id='word_1_122' title='bbox 2888 574 3113 644; x_wconf 79' lang='grc' dir='ltr'>πάσχων</span> <span class='ocrx_word' id='word_1_123' title='bbox 3162 572 3333 624; x_wconf 71' lang='grc' dir='ltr'>πᾶσιν</span> <span class='ocrx_word' id='word_1_124' title='bbox 3379 569 3555 638; x_wconf 75' lang='grc' dir='ltr'>θέαμα</span> <span class='ocrx_word' id='word_1_125' title='bbox 3600 570 3943 638; x_wconf 73' lang='grc' dir='ltr'><strong>συμπαθείας</strong></span> 
     </span>
    </p>
   </div>
   <div class='ocr_carea' id='block_1_21' title="bbox 2355 659 3941 736">
    <p class='ocr_par' dir='ltr' id='par_1_21' title="bbox 2355 659 3941 736">
     <span class='ocr_line' id='line_1_21' title="bbox 2355 659 3941 736; baseline -0.004 -18"><span class='ocrx_word' id='word_1_126' title='bbox 2355 666 2665 736; x_wconf 70' lang='grc' dir='ltr'>προέκειτο,</span> <span class='ocrx_word' id='word_1_127' title='bbox 2709 665 2843 735; x_wconf 70' lang='grc' dir='ltr'>πρὸς</span> <span class='ocrx_word' id='word_1_128' title='bbox 2881 659 3064 716; x_wconf 80' lang='grc' dir='ltr'>οἶκτον</span> <span class='ocrx_word' id='word_1_129' title='bbox 3097 662 3264 715; x_wconf 76' lang='grc' dir='ltr'>κινῶν</span> <span class='ocrx_word' id='word_1_130' title='bbox 3306 661 3434 724; x_wconf 79' lang='grc' dir='ltr'>τοὺς</span> <span class='ocrx_word' id='word_1_131' title='bbox 3466 660 3789 728; x_wconf 81' lang='grc' dir='ltr'>κινούμενον</span> <span class='ocrx_word' id='word_1_132' title='bbox 3821 662 3941 729; x_wconf 77' lang='grc' dir='ltr'><strong>βλέ-</strong></span> 
     </span>
    </p>
   </div>
   <div class='ocr_carea' id='block_1_22' title="bbox 2356 752 3940 824">
    <p class='ocr_par' dir='ltr' id='par_1_22' title="bbox 2356 752 3940 824">
     <span class='ocr_line' id='line_1_22' title="bbox 2356 752 3940 824; baseline -0.004 -15"><span class='ocrx_word' id='word_1_133' title='bbox 2356 773 2561 819; x_wconf 83' lang='grc' dir='ltr'>ποντας</span> <span class='ocrx_word' id='word_1_134' title='bbox 2588 772 2603 788; x_wconf 80' lang='grc'><em>’</em></span> <span class='ocrx_word' id='word_1_135' title='bbox 2641 758 2846 808; x_wconf 72' lang='grc' dir='ltr'>εκεῖνον</span> <span class='ocrx_word' id='word_1_136' title='bbox 2898 754 3008 824; x_wconf 80' lang='grc' dir='ltr'><strong>γάρ</strong></span> <span class='ocrx_word' id='word_1_137' title='bbox 3048 753 3140 806; x_wconf 77' lang='grc' dir='ltr'><strong>τὸν</strong></span> <span class='ocrx_word' id='word_1_138' title='bbox 3174 754 3315 807; x_wconf 80' lang='grc' dir='ltr'>Κάῖν</span> <span class='ocrx_word' id='word_1_139' title='bbox 3346 754 3411 804; x_wconf 76' lang='grc' dir='ltr'><strong>ἐκ</strong></span> <span class='ocrx_word' id='word_1_140' title='bbox 3454 752 3657 823; x_wconf 79' lang='grc' dir='ltr'><strong>μέρους</strong></span> <span class='ocrx_word' id='word_1_141' title='bbox 3686 752 3940 816; x_wconf 70' lang='grc' dir='ltr'>είκόνιζε,</span> 
     </span>
    </p>
   </div>
   <div class='ocr_carea' id='block_1_23' title="bbox 2353 841 3947 918">
    <p class='ocr_par' dir='ltr' id='par_1_23' title="bbox 2353 841 3947 918">
     <span class='ocr_line' id='line_1_23' title="bbox 2353 841 3947 918; baseline -0.004 -18"><span class='ocrx_word' id='word_1_142' title='bbox 2353 851 2476 910; x_wconf 82' lang='grc' dir='ltr'>ταῖς</span> <span class='ocrx_word' id='word_1_143' title='bbox 2498 848 2607 900; x_wconf 83' lang='grc' dir='ltr'>τῶν</span> <span class='ocrx_word' id='word_1_144' title='bbox 2629 846 2940 918; x_wconf 80' lang='grc' dir='ltr'><strong>προσώπων</strong></span> <span class='ocrx_word' id='word_1_145' title='bbox 2963 844 3263 906; x_wconf 75' lang='grc' dir='ltr'><strong>ἀπαύστοις</strong></span> <span class='ocrx_word' id='word_1_146' title='bbox 3288 843 3590 912; x_wconf 75' lang='grc' dir='ltr'><strong>κινήσεσιν,</strong></span> <span class='ocrx_word' id='word_1_147' title='bbox 3615 841 3709 893; x_wconf 60' lang='grc' dir='ltr'>τὴν</span> <span class='ocrx_word' id='word_1_148' title='bbox 3732 841 3947 907; x_wconf 64' lang='grc' dir='ltr'>ἁδελφοο</span> 
     </span>
    </p>
   </div>
   <div class='ocr_carea' id='block_1_24' title="bbox 2354 936 3937 1009">
    <p class='ocr_par' dir='ltr' id='par_1_24' title="bbox 2354 936 3937 1009">
     <span class='ocr_line' id='line_1_24' title="bbox 2354 936 3937 1009; baseline -0.004 -15"><span class='ocrx_word' id='word_1_149' title='bbox 2354 940 2544 994; x_wconf 74' lang='grc' dir='ltr'>κτύνου</span> <span class='ocrx_word' id='word_1_150' title='bbox 2577 940 2743 1009; x_wconf 80' lang='grc' dir='ltr'>τιμὴν</span> <span class='ocrx_word' id='word_1_151' title='bbox 2773 938 3147 1009; x_wconf 75' lang='grc' dir='ltr'>προαιρέσεως</span> <span class='ocrx_word' id='word_1_152' title='bbox 3176 937 3238 988; x_wconf 73' lang='grc' dir='ltr'>τὸ</span> <span class='ocrx_word' id='word_1_153' title='bbox 3265 936 3492 1007; x_wconf 78' lang='grc' dir='ltr'><strong>τρέμειν</strong></span> <span class='ocrx_word' id='word_1_154' title='bbox 3519 936 3605 988; x_wconf 78' lang='grc' dir='ltr'><strong>ἀεὶ</strong></span> <span class='ocrx_word' id='word_1_155' title='bbox 3634 938 3937 1005; x_wconf 79' lang='grc' dir='ltr'>κομισάμε-</span> 
     </span>
    </p>
   </div>
   <div class='ocr_carea' id='block_1_25' title="bbox 2353 1027 3943 1101">
    <p class='ocr_par' dir='ltr' id='par_1_25' title="bbox 2353 1027 3943 1101">
     <span class='ocr_line' id='line_1_25' title="bbox 2353 1027 3943 1101; baseline -0.004 -16"><span class='ocrx_word' id='word_1_156' title='bbox 2353 1050 2442 1086; x_wconf 85' lang='grc' dir='ltr'>νον</span> <span class='ocrx_word' id='word_1_157' title='bbox 2473 1050 2487 1063; x_wconf 88' lang='grc'><strong>·</strong></span> <span class='ocrx_word' id='word_1_158' title='bbox 2528 1034 2620 1086; x_wconf 74' lang='grc' dir='ltr'>καὶ</span> <span class='ocrx_word' id='word_1_159' title='bbox 2650 1032 2840 1086; x_wconf 87' lang='grc' dir='ltr'>τούτου</span> <span class='ocrx_word' id='word_1_160' title='bbox 2879 1032 2936 1084; x_wconf 81' lang='grc' dir='ltr'>δὲ</span> <span class='ocrx_word' id='word_1_161' title='bbox 2960 1030 3162 1101; x_wconf 82' lang='grc' dir='ltr'>χείρων</span> <span class='ocrx_word' id='word_1_162' title='bbox 3205 1029 3478 1082; x_wconf 83' lang='grc' dir='ltr'>ὲκλονεῖτο</span> <span class='ocrx_word' id='word_1_163' title='bbox 3502 1029 3600 1093; x_wconf 66' lang='grc' dir='ltr'><strong>τὰς</strong></span> <span class='ocrx_word' id='word_1_164' title='bbox 3632 1029 3785 1098; x_wconf 71' lang='grc' dir='ltr'>ὄψεις</span> <span class='ocrx_word' id='word_1_165' title='bbox 3822 1027 3943 1080; x_wconf 78' lang='grc' dir='ltr'>Ἑλο</span> 
     </span>
    </p>
   </div>
   <div class='ocr_carea' id='block_1_26' title="bbox 2354 1120 3939 1194">
    <p class='ocr_par' dir='ltr' id='par_1_26' title="bbox 2354 1120 3939 1194">
     <span class='ocr_line' id='line_1_26' title="bbox 2354 1120 3939 1194; baseline -0.003 -18"><span class='ocrx_word' id='word_1_166' title='bbox 2354 1125 2552 1189; x_wconf 76' lang='grc' dir='ltr'>πίδιος,</span> <span class='ocrx_word' id='word_1_167' title='bbox 2597 1124 2835 1184; x_wconf 71' lang='grc' dir='ltr'>καὶτοῖς</span> <span class='ocrx_word' id='word_1_168' title='bbox 2882 1124 3106 1194; x_wconf 78' lang='grc' dir='ltr'>τρόμοις</span> <span class='ocrx_word' id='word_1_169' title='bbox 3141 1122 3589 1190; x_wconf 79' lang='grc' dir='ltr'>ὑπερϐαλλόντως</span> <span class='ocrx_word' id='word_1_170' title='bbox 3634 1120 3895 1190; x_wconf 73' lang='grc' dir='ltr'><strong>ἐτρύχετο</strong></span> <span class='ocrx_word' id='word_1_171' title='bbox 3925 1135 3939 1150; x_wconf 89' lang='grc'>·</span> 
     </span>
    </p>
   </div>
   <div class='ocr_carea' id='block_1_27' title="bbox 2352 1212 3942 1286">
    <p class='ocr_par' dir='ltr' id='par_1_27' title="bbox 2352 1212 3942 1286">
     <span class='ocr_line' id='line_1_27' title="bbox 2352 1212 3942 1286; baseline -0.004 -18"><span class='ocrx_word' id='word_1_172' title='bbox 2352 1216 2478 1269; x_wconf 76' lang='grc' dir='ltr'>ὅσον</span> <span class='ocrx_word' id='word_1_173' title='bbox 2510 1216 2643 1277; x_wconf 79' lang='grc' dir='ltr'>Θεὸς</span> <span class='ocrx_word' id='word_1_174' title='bbox 2674 1215 2772 1286; x_wconf 81' lang='grc' dir='ltr'>μὲν</span> <span class='ocrx_word' id='word_1_175' title='bbox 2794 1218 3003 1268; x_wconf 76' lang='grc' dir='ltr'>ἐκεῖνον</span> <span class='ocrx_word' id='word_1_176' title='bbox 3034 1213 3432 1284; x_wconf 77' lang='grc' dir='ltr'><strong>φιλανθρώπως</strong></span> <span class='ocrx_word' id='word_1_177' title='bbox 3454 1212 3702 1276; x_wconf 77' lang='grc' dir='ltr'>ἐκόλαζε,</span> <span class='ocrx_word' id='word_1_178' title='bbox 3732 1212 3942 1278; x_wconf 78' lang='grc' dir='ltr'>δαίμων</span> 
     </span>
    </p>
   </div>
   <div class='ocr_carea' id='block_1_28' title="bbox 2352 1303 3942 1377">
    <p class='ocr_par' dir='ltr' id='par_1_28' title="bbox 2352 1303 3942 1377">
     <span class='ocr_line' id='line_1_28' title="bbox 2352 1303 3942 1377; baseline -0.004 -17"><span class='ocrx_word' id='word_1_179' title='bbox 2352 1307 2409 1360; x_wconf 79' lang='grc' dir='ltr'>δὲ</span> <span class='ocrx_word' id='word_1_180' title='bbox 2431 1307 2619 1361; x_wconf 76' lang='grc' dir='ltr'>τοῦτον</span> <span class='ocrx_word' id='word_1_181' title='bbox 2666 1306 3066 1377; x_wconf 84' lang='grc' dir='ltr'>μισανθρώπως</span> <span class='ocrx_word' id='word_1_182' title='bbox 3103 1305 3418 1377; x_wconf 79' lang='grc' dir='ltr'>ὲμάστιζεν.</span> <span class='ocrx_word' id='word_1_183' title='bbox 3474 1303 3633 1357; x_wconf 75' lang='grc' dir='ltr'>Οὕτω</span> <span class='ocrx_word' id='word_1_184' title='bbox 3663 1304 3942 1371; x_wconf 80' lang='grc' dir='ltr'>κάμνοντα</span> 
     </span>
    </p>
   </div>
   <div class='ocr_carea' id='block_1_29' title="bbox 2353 1393 3942 1469">
    <p class='ocr_par' dir='ltr' id='par_1_29' title="bbox 2353 1393 3942 1469">
     <span class='ocr_line' id='line_1_29' title="bbox 2353 1393 3942 1469; baseline -0.005 -17"><span class='ocrx_word' id='word_1_185' title='bbox 2353 1400 2444 1453; x_wconf 73' lang='grc' dir='ltr'><strong>τὸν</strong></span> <span class='ocrx_word' id='word_1_186' title='bbox 2490 1400 2761 1454; x_wconf 80' lang='grc' dir='ltr'>Ἑλπίδιον</span> <span class='ocrx_word' id='word_1_187' title='bbox 2781 1442 2794 1464; x_wconf 89' lang='grc'><strong>,</strong></span> <span class='ocrx_word' id='word_1_188' title='bbox 2835 1400 2931 1452; x_wconf 74' lang='grc' dir='ltr'><strong>καὶ</strong></span> <span class='ocrx_word' id='word_1_189' title='bbox 2975 1399 3114 1469; x_wconf 80' lang='grc' dir='ltr'>πρὸς</span> <span class='ocrx_word' id='word_1_190' title='bbox 3151 1399 3370 1452; x_wconf 85' lang='grc' dir='ltr'>πάντων</span> <span class='ocrx_word' id='word_1_191' title='bbox 3420 1394 3675 1464; x_wconf 75' lang='grc' dir='ltr'><strong>ὁρώντων</strong></span> <span class='ocrx_word' id='word_1_192' title='bbox 3724 1393 3942 1463; x_wconf 69' lang='grc' dir='ltr'>ἀληθῶς</span> 
     </span>
    </p>
   </div>
   <div class='ocr_carea' id='block_1_30' title="bbox 2353 1487 3939 1563">
    <p class='ocr_par' dir='ltr' id='par_1_30' title="bbox 2353 1487 3939 1563">
     <span class='ocr_line' id='line_1_30' title="bbox 2353 1487 3939 1563; baseline -0.006 -18"><span class='ocrx_word' id='word_1_193' title='bbox 2353 1492 2695 1562; x_wconf 64' lang='grc' dir='ltr'>ἐλεούμενον,</span> <span class='ocrx_word' id='word_1_194' title='bbox 2744 1492 2945 1563; x_wconf 81' lang='grc' dir='ltr'>ἰατρῶν</span> <span class='ocrx_word' id='word_1_195' title='bbox 2998 1493 3097 1561; x_wconf 88' lang='grc' dir='ltr'>μὲν</span> <span class='ocrx_word' id='word_1_196' title='bbox 3127 1491 3302 1553; x_wconf 80' lang='grc' dir='ltr'>οὐδεὶς</span> <span class='ocrx_word' id='word_1_197' title='bbox 3324 1488 3540 1560; x_wconf 77' lang='grc' dir='ltr'><strong>βοηθεῖν</strong></span> <span class='ocrx_word' id='word_1_198' title='bbox 3571 1487 3939 1556; x_wconf 78' lang='grc' dir='ltr'>ἐνεχείρησεν,</span> 
     </span>
    </p>
   </div>
   <div class='ocr_carea' id='block_1_31' title="bbox 2351 1577 3940 1653">
    <p class='ocr_par' dir='ltr' id='par_1_31' title="bbox 2351 1577 3940 1653">
     <span class='ocr_line' id='line_1_31' title="bbox 2351 1577 3940 1653; baseline -0.006 -17"><span class='ocrx_word' id='word_1_199' title='bbox 2351 1583 2467 1636; x_wconf 77' lang='grc' dir='ltr'>ἀλλ’</span> <span class='ocrx_word' id='word_1_200' title='bbox 2485 1583 2604 1636; x_wconf 72' lang='grc' dir='ltr'>οὐδὲ</span> <span class='ocrx_word' id='word_1_201' title='bbox 2630 1583 2848 1653; x_wconf 77' lang='grc' dir='ltr'><strong>βλέπειν</strong></span> <span class='ocrx_word' id='word_1_202' title='bbox 2872 1582 3036 1636; x_wconf 82' lang='grc' dir='ltr'>αὐτὸν</span> <span class='ocrx_word' id='word_1_203' title='bbox 3057 1581 3196 1643; x_wconf 80' lang='grc' dir='ltr'>ὅλως</span> <span class='ocrx_word' id='word_1_204' title='bbox 3220 1581 3522 1649; x_wconf 79' lang='grc' dir='ltr'>ἐτόλμησεν</span> <span class='ocrx_word' id='word_1_205' title='bbox 3545 1595 3560 1608; x_wconf 91' lang='grc'><strong>·</strong></span> <span class='ocrx_word' id='word_1_206' title='bbox 3582 1578 3726 1647; x_wconf 72' lang='grc' dir='ltr'>ὑπὲρ</span> <span class='ocrx_word' id='word_1_207' title='bbox 3743 1577 3940 1646; x_wconf 75' lang='grc' dir='ltr'>τέχνην</span> 
     </span>
    </p>
   </div>
   <div class='ocr_carea' id='block_1_32' title="bbox 2351 1666 3943 1743">
    <p class='ocr_par' dir='ltr' id='par_1_32' title="bbox 2351 1666 3943 1743">
     <span class='ocr_line' id='line_1_32' title="bbox 2351 1666 3943 1743; baseline -0.004 -18"><span class='ocrx_word' id='word_1_208' title='bbox 2351 1671 2459 1743; x_wconf 85' lang='grc' dir='ltr'><strong>γὰρ</strong></span> <span class='ocrx_word' id='word_1_209' title='bbox 2496 1672 2597 1743; x_wconf 86' lang='grc' dir='ltr'>τὴν</span> <span class='ocrx_word' id='word_1_210' title='bbox 2633 1672 2813 1727; x_wconf 84' lang='grc' dir='ltr'>αὐτῶν</span> <span class='ocrx_word' id='word_1_211' title='bbox 2842 1668 2910 1743; x_wconf 83' lang='grc' dir='ltr'>ἦν</span> <span class='ocrx_word' id='word_1_212' title='bbox 2936 1673 2996 1726; x_wconf 79' lang='grc' dir='ltr'>τὸ</span> <span class='ocrx_word' id='word_1_213' title='bbox 3025 1673 3389 1743; x_wconf 67' lang='grc' dir='ltr'>ἀρρώστημα,</span> <span class='ocrx_word' id='word_1_214' title='bbox 3430 1671 3574 1741; x_wconf 80' lang='grc' dir='ltr'>μόνῳ</span> <span class='ocrx_word' id='word_1_215' title='bbox 3608 1670 3666 1722; x_wconf 79' lang='grc' dir='ltr'>δὲ</span> <span class='ocrx_word' id='word_1_216' title='bbox 3695 1668 3815 1733; x_wconf 75' lang='grc' dir='ltr'><strong>Θεῷ</strong></span> <span class='ocrx_word' id='word_1_217' title='bbox 3844 1666 3943 1719; x_wconf 74' lang='grc' dir='ltr'><strong>καὶ</strong></span> 
     </span>
    </p>
   </div>
   <div class='ocr_carea' id='block_1_33' title="bbox 2350 1758 3939 1835">
    <p class='ocr_par' dir='ltr' id='par_1_33' title="bbox 2350 1758 3939 1835">
     <span class='ocr_line' id='line_1_33' title="bbox 2350 1758 3939 1835; baseline -0.004 -18"><span class='ocrx_word' id='word_1_218' title='bbox 2350 1766 2465 1827; x_wconf 82' lang='grc' dir='ltr'>τοῖς</span> <span class='ocrx_word' id='word_1_219' title='bbox 2489 1764 2653 1817; x_wconf 62' lang='grc' dir='ltr'>αὐτῶ</span> <span class='ocrx_word' id='word_1_220' title='bbox 2696 1764 2859 1828; x_wconf 85' lang='grc' dir='ltr'>θείοις</span> <span class='ocrx_word' id='word_1_221' title='bbox 2893 1764 3244 1835; x_wconf 83' lang='grc' dir='ltr'>θεράπουσιν,</span> <span class='ocrx_word' id='word_1_222' title='bbox 3282 1758 3367 1826; x_wconf 75' lang='grc' dir='ltr'>οἷς</span> <span class='ocrx_word' id='word_1_223' title='bbox 3401 1762 3677 1831; x_wconf 75' lang='grc' dir='ltr'>παρέσχεν</span> <span class='ocrx_word' id='word_1_224' title='bbox 3719 1762 3819 1813; x_wconf 76' lang='grc' dir='ltr'>ὅσα</span> <span class='ocrx_word' id='word_1_225' title='bbox 3851 1760 3939 1811; x_wconf 75' lang='grc' dir='ltr'>θέ-</span> 
     </span>
    </p>
   </div>
   <div class='ocr_carea' id='block_1_34' title="bbox 661 1834 2351 1924">
    <p class='ocr_par' dir='ltr' id='par_1_34' title="bbox 661 1834 2325 1916">
     <span class='ocr_line' id='line_1_34' title="bbox 661 1834 2325 1916; baseline 0.004 -22"><span class='ocrx_word' id='word_1_226' title='bbox 661 1842 869 1910; x_wconf 88' lang='lat' dir='ltr'><strong>quibus</strong></span> <span class='ocrx_word' id='word_1_227' title='bbox 912 1843 1147 1912; x_wconf 65' lang='lat' dir='ltr'><strong>praebuit</strong></span> <span class='ocrx_word' id='word_1_228' title='bbox 1195 1860 1543 1916; x_wconf 68' lang='lat' dir='ltr'><strong>quaecunque</strong></span> <span class='ocrx_word' id='word_1_229' title='bbox 1583 1846 1794 1912; x_wconf 75' lang='lat' dir='ltr'><strong>volunt,</strong></span> <span class='ocrx_word' id='word_1_230' title='bbox 1827 1850 2089 1904; x_wconf 84' lang='lat' dir='ltr'><strong>sanabilis</strong></span> <span class='ocrx_word' id='word_1_231' title='bbox 2128 1857 2248 1903; x_wconf 90' lang='lat' dir='ltr'><strong>erat</strong></span> <span class='ocrx_word' id='word_1_232' title='bbox 2284 1834 2325 1888; x_wconf 81' lang='grc' dir='ltr'><strong><em>Β</em></strong></span> 
     </span>
    </p>
   </div>
   <div class='ocr_carea' id='block_1_35' title="bbox 1963 1834 3653 1924">
    <p class='ocr_par' dir='ltr' id='par_1_35' title="bbox 1964 1834 3653 1924">
     <span class='ocr_line' id='line_1_35' title="bbox 1964 1834 3653 1924; baseline 0.002 -21"><span class='ocrx_word' id='word_1_233' title='bbox 1964 1850 2089 1904; x_wconf 80' lang='lat' dir='ltr'><strong>bilis</strong></span> <span class='ocrx_word' id='word_1_234' title='bbox 2128 1857 2248 1903; x_wconf 84' lang='lat' dir='ltr'><strong>erat</strong></span> <span class='ocrx_word' id='word_1_235' title='bbox 2284 1834 2325 1888; x_wconf 75' lang='grc' dir='ltr'><strong><em>Β</em></strong></span> <span class='ocrx_word' id='word_1_236' title='bbox 2354 1855 2506 1908; x_wconf 84' lang='grc' dir='ltr'>λουσι</span> <span class='ocrx_word' id='word_1_237' title='bbox 2533 1854 2815 1920; x_wconf 85' lang='grc' dir='ltr'>δύνασθαι,</span> <span class='ocrx_word' id='word_1_238' title='bbox 2843 1856 2905 1908; x_wconf 81' lang='grc' dir='ltr'>τὸ</span> <span class='ocrx_word' id='word_1_239' title='bbox 2934 1856 3107 1918; x_wconf 86' lang='grc' dir='ltr'>πάθος</span> <span class='ocrx_word' id='word_1_240' title='bbox 3134 1858 3384 1924; x_wconf 81' lang='grc' dir='ltr'><strong>ὑπῆρχεν</strong></span> <span class='ocrx_word' id='word_1_241' title='bbox 3417 1855 3653 1922; x_wconf 81' lang='grc' dir='ltr'>ἰάσιμον.</span> 
     </span>
    </p>
   </div>
   <div class='ocr_carea' id='block_1_36' title="bbox 662 1945 872 2001">
    <p class='ocr_par' dir='ltr' id='par_1_36' title="bbox 662 1945 872 2001">
     <span class='ocr_line' id='line_1_36' title="bbox 662 1945 872 2001; baseline 0.01 -16"><span class='ocrx_word' id='word_1_242' title='bbox 662 1945 872 2001; x_wconf 81' lang='lat' dir='ltr'><strong>passio.</strong></span> 
     </span>
    </p>
   </div>
   <div class='ocr_carea' id='block_1_37' title="bbox 731 2020 2246 2101">
    <p class='ocr_par' dir='ltr' id='par_1_37' title="bbox 731 2020 2246 2101">
     <span class='ocr_line' id='line_1_37' title="bbox 731 2020 2246 2101; baseline 0.007 -24"><span class='ocrx_word' id='word_1_243' title='bbox 731 2020 869 2077; x_wconf 88' lang='lat' dir='ltr'><strong>Cum</strong></span> <span class='ocrx_word' id='word_1_244' title='bbox 901 2030 1083 2078; x_wconf 87' lang='lat' dir='ltr'><strong>autem</strong></span> <span class='ocrx_word' id='word_1_245' title='bbox 1109 2025 1237 2097; x_wconf 79' lang='lat' dir='ltr'><strong>Cyri</strong></span> <span class='ocrx_word' id='word_1_246' title='bbox 1266 2035 1319 2081; x_wconf 89' lang='lat' dir='ltr'><strong>et</strong></span> <span class='ocrx_word' id='word_1_247' title='bbox 1359 2024 1585 2087; x_wconf 75' lang='lat' dir='ltr'><strong>Joannis</strong></span> <span class='ocrx_word' id='word_1_248' title='bbox 1630 2028 1899 2085; x_wconf 85' lang='lat' dir='ltr'><strong>miracula</strong></span> <span class='ocrx_word' id='word_1_249' title='bbox 1949 2031 2246 2101; x_wconf 85' lang='lat' dir='ltr'><strong>prepinqui</strong></span> 
     </span>
    </p>
   </div>
   <div class='ocr_carea' id='block_1_38' title="bbox 659 2112 2247 2193">
    <p class='ocr_par' dir='ltr' id='par_1_38' title="bbox 659 2112 2247 2193">
     <span class='ocr_line' id='line_1_38' title="bbox 659 2112 2247 2193; baseline 0.008 -25"><span class='ocrx_word' id='word_1_250' title='bbox 659 2112 939 2179; x_wconf 84' lang='lat' dir='ltr'><strong>audirent,</strong></span> <span class='ocrx_word' id='word_1_251' title='bbox 982 2123 1037 2170; x_wconf 89' lang='lat' dir='ltr'><strong>et</strong></span> <span class='ocrx_word' id='word_1_252' title='bbox 1072 2131 1182 2171; x_wconf 89' lang='lat' dir='ltr'><strong>non</strong></span> <span class='ocrx_word' id='word_1_253' title='bbox 1229 2119 1407 2173; x_wconf 87' lang='lat' dir='ltr'><strong>solum</strong></span> <span class='ocrx_word' id='word_1_254' title='bbox 1460 2120 1737 2182; x_wconf 83' lang='lat' dir='ltr'><strong>audirent,</strong></span> <span class='ocrx_word' id='word_1_255' title='bbox 1792 2121 1888 2176; x_wconf 87' lang='lat' dir='ltr'><strong>sed</strong></span> <span class='ocrx_word' id='word_1_256' title='bbox 1927 2132 1984 2178; x_wconf 90' lang='lat' dir='ltr'><strong>et</strong></span> <span class='ocrx_word' id='word_1_257' title='bbox 2037 2123 2247 2193; x_wconf 90' lang='lat' dir='ltr'><strong>liquido</strong></span> 
     </span>
    </p>
   </div>
   <div class='ocr_carea' id='block_1_39' title="bbox 657 2203 2245 2292">
    <p class='ocr_par' dir='ltr' id='par_1_39' title="bbox 657 2203 2245 2292">
     <span class='ocr_line' id='line_1_39' title="bbox 657 2203 2245 2292; baseline 0.008 -33"><span class='ocrx_word' id='word_1_258' title='bbox 657 2203 888 2269; x_wconf 79' lang='lat' dir='ltr'><strong>scirent,</strong></span> <span class='ocrx_word' id='word_1_259' title='bbox 927 2205 1104 2261; x_wconf 83' lang='lat' dir='ltr'><strong>vicina</strong></span> <span class='ocrx_word' id='word_1_260' title='bbox 1134 2208 1279 2263; x_wconf 89' lang='lat' dir='ltr'><strong>enim</strong></span> <span class='ocrx_word' id='word_1_261' title='bbox 1302 2218 1388 2264; x_wconf 78' lang='lat' dir='ltr'><strong>est</strong></span> <span class='ocrx_word' id='word_1_262' title='bbox 1418 2211 1595 2281; x_wconf 81' lang='lat' dir='ltr'><strong>regio,</strong></span> <span class='ocrx_word' id='word_1_263' title='bbox 1626 2220 1679 2266; x_wconf 91' lang='lat' dir='ltr'><strong>et</strong></span> <span class='ocrx_word' id='word_1_264' title='bbox 1709 2212 2102 2292; x_wconf 79' lang='lat' dir='ltr'><strong>Alexandrinis</strong></span> <span class='ocrx_word' id='word_1_265' title='bbox 2135 2232 2245 2272; x_wconf 92' lang='lat' dir='ltr'><strong>non</strong></span> 
     </span>
    </p>
   </div>
   <div class='ocr_carea' id='block_1_40' title="bbox 660 2289 2249 2373">
    <p class='ocr_par' dir='ltr' id='par_1_40' title="bbox 660 2289 2249 2373">
     <span class='ocr_line' id='line_1_40' title="bbox 660 2289 2249 2373; baseline 0.009 -23"><span class='ocrx_word' id='word_1_266' title='bbox 660 2298 847 2354; x_wconf 84' lang='lat' dir='ltr'><strong>minus</strong></span> <span class='ocrx_word' id='word_1_267' title='bbox 890 2314 1012 2369; x_wconf 62' lang='lat' dir='ltr'><strong>quae</strong></span> <span class='ocrx_word' id='word_1_268' title='bbox 1053 2308 1187 2355; x_wconf 89' lang='lat' dir='ltr'><strong>sunt</strong></span> <span class='ocrx_word' id='word_1_269' title='bbox 1215 2301 1720 2360; x_wconf 75' lang='lat' dir='ltr'><strong>Alexandrinorum</strong></span> <span class='ocrx_word' id='word_1_270' title='bbox 1773 2289 2047 2373; x_wconf 83' lang='lat' dir='ltr'><strong>ediscunt,</strong></span> <span class='ocrx_word' id='word_1_271' title='bbox 2101 2309 2249 2365; x_wconf 84' lang='lat' dir='ltr'><strong>hunc</strong></span> 
     </span>
    </p>
   </div>
   <div class='ocr_carea' id='block_1_41' title="bbox 659 2388 2248 2466">
    <p class='ocr_par' dir='ltr' id='par_1_41' title="bbox 659 2388 2248 2466">
     <span class='ocr_line' id='line_1_41' title="bbox 659 2388 2248 2466; baseline 0.009 -28"><span class='ocrx_word' id='word_1_272' title='bbox 659 2394 940 2462; x_wconf 50' lang='lat' dir='ltr'><strong>gqtantes</strong></span> <span class='ocrx_word' id='word_1_273' title='bbox 986 2388 1313 2455; x_wconf 88' lang='lat' dir='ltr'><strong>adveniunt,</strong></span> <span class='ocrx_word' id='word_1_274' title='bbox 1365 2398 1422 2445; x_wconf 90' lang='lat' dir='ltr'><strong>et</strong></span> <span class='ocrx_word' id='word_1_275' title='bbox 1469 2392 1536 2446; x_wconf 87' lang='lat' dir='ltr'><strong>ad</strong></span> <span class='ocrx_word' id='word_1_276' title='bbox 1577 2403 1894 2449; x_wconf 85' lang='lat' dir='ltr'><strong>sanctorum</strong></span> <span class='ocrx_word' id='word_1_277' title='bbox 1948 2397 2248 2466; x_wconf 89' lang='lat' dir='ltr'><strong>projiciunt</strong></span> 
     </span>
    </p>
   </div>
   <div class='ocr_carea' id='block_1_42' title="bbox 661 2481 2242 2558">
    <p class='ocr_par' dir='ltr' id='par_1_42' title="bbox 661 2481 2242 2558">
     <span class='ocr_line' id='line_1_42' title="bbox 661 2481 2242 2558; baseline 0.008 -26"><span class='ocrx_word' id='word_1_278' title='bbox 661 2490 1105 2544; x_wconf 83' lang='lat' dir='ltr'><strong>monumentum,</strong></span> <span class='ocrx_word' id='word_1_279' title='bbox 1136 2481 1390 2537; x_wconf 79' lang='lat' dir='ltr'><strong>auxiliari</strong></span> <span class='ocrx_word' id='word_1_280' title='bbox 1419 2498 1516 2539; x_wconf 88' lang='lat' dir='ltr'><strong>eos</strong></span> <span class='ocrx_word' id='word_1_281' title='bbox 1561 2485 1823 2555; x_wconf 76' lang='lat' dir='ltr'><strong>languido</strong></span> <span class='ocrx_word' id='word_1_282' title='bbox 1854 2487 2242 2558; x_wconf 84' lang='lat' dir='ltr'><strong>deprecantes.</strong></span> 
     </span>
    </p>
   </div>
   <div class='ocr_carea' id='block_1_43' title="bbox 659 2570 2244 2645">
    <p class='ocr_par' dir='ltr' id='par_1_43' title="bbox 659 2570 2244 2645">
     <span class='ocr_line' id='line_1_43' title="bbox 659 2570 2244 2645; baseline 0.006 -22"><span class='ocrx_word' id='word_1_283' title='bbox 659 2571 732 2623; x_wconf 77' lang='lat' dir='ltr'><strong>At</strong></span> <span class='ocrx_word' id='word_1_284' title='bbox 774 2570 850 2625; x_wconf 90' lang='lat' dir='ltr'><strong>illi</strong></span> <span class='ocrx_word' id='word_1_285' title='bbox 899 2570 1132 2642; x_wconf 87' lang='lat' dir='ltr'><strong>llelpidii</strong></span> <span class='ocrx_word' id='word_1_286' title='bbox 1187 2574 1351 2628; x_wconf 89' lang='lat' dir='ltr'><strong>etiam</strong></span> <span class='ocrx_word' id='word_1_287' title='bbox 1390 2584 1520 2630; x_wconf 89' lang='lat' dir='ltr'><strong>ante</strong></span> <span class='ocrx_word' id='word_1_288' title='bbox 1542 2577 1954 2645; x_wconf 82' lang='lat' dir='ltr'><strong>perventioncm</strong></span> <span class='ocrx_word' id='word_1_289' title='bbox 2013 2580 2244 2645; x_wconf 89' lang='lat' dir='ltr'><strong>miserti,</strong></span> 
     </span>
    </p>
   </div>
   <div class='ocr_carea' id='block_1_44' title="bbox 659 2658 2247 2739">
    <p class='ocr_par' dir='ltr' id='par_1_44' title="bbox 659 2658 2247 2739">
     <span class='ocr_line' id='line_1_44' title="bbox 659 2658 2247 2739; baseline 0.009 -26"><span class='ocrx_word' id='word_1_290' title='bbox 659 2658 1085 2734; x_wconf 73' lang='lat' dir='ltr'><strong>dmmonumque</strong></span> <span class='ocrx_word' id='word_1_291' title='bbox 1128 2662 1461 2719; x_wconf 87' lang='lat' dir='ltr'><strong>insidiarum</strong></span> <span class='ocrx_word' id='word_1_292' title='bbox 1514 2681 1623 2721; x_wconf 90' lang='lat' dir='ltr'><strong>non</strong></span> <span class='ocrx_word' id='word_1_293' title='bbox 1671 2668 1870 2733; x_wconf 85' lang='lat' dir='ltr'><strong>nescii,</strong></span> <span class='ocrx_word' id='word_1_294' title='bbox 1918 2681 2247 2739; x_wconf 86' lang='lat' dir='ltr'><strong>apparentes</strong></span> 
     </span>
    </p>
   </div>
   <div class='ocr_carea' id='block_1_45' title="bbox 657 2752 2250 2832">
    <p class='ocr_par' dir='ltr' id='par_1_45' title="bbox 657 2752 2250 2832">
     <span class='ocr_line' id='line_1_45' title="bbox 657 2752 2250 2832; baseline 0.008 -27"><span class='ocrx_word' id='word_1_295' title='bbox 657 2752 719 2805; x_wconf 87' lang='lat' dir='ltr'><strong>in</strong></span> <span class='ocrx_word' id='word_1_296' title='bbox 770 2755 980 2808; x_wconf 85' lang='lat' dir='ltr'><strong>somnis</strong></span> <span class='ocrx_word' id='word_1_297' title='bbox 1029 2762 1367 2810; x_wconf 83' lang='lat' dir='ltr'><strong>sanaverunt</strong></span> <span class='ocrx_word' id='word_1_298' title='bbox 1404 2773 1419 2822; x_wconf 90' lang='lat'><strong>;</strong></span> <span class='ocrx_word' id='word_1_299' title='bbox 1454 2765 1509 2811; x_wconf 90' lang='lat' dir='ltr'><strong>et</strong></span> <span class='ocrx_word' id='word_1_300' title='bbox 1544 2756 1647 2812; x_wconf 90' lang='lat' dir='ltr'><strong>hoc</strong></span> <span class='ocrx_word' id='word_1_301' title='bbox 1704 2758 1884 2815; x_wconf 87' lang='lat' dir='ltr'><strong>facere</strong></span> <span class='ocrx_word' id='word_1_302' title='bbox 1938 2760 2005 2815; x_wconf 86' lang='lat' dir='ltr'><strong>ad</strong></span> <span class='ocrx_word' id='word_1_303' title='bbox 2064 2761 2250 2832; x_wconf 88' lang='lat' dir='ltr'><strong>perfe-</strong></span> 
     </span>
    </p>
   </div>
   <div class='ocr_carea' id='block_1_46' title="bbox 658 2844 2247 2920">
    <p class='ocr_par' dir='ltr' id='par_1_46' title="bbox 658 2844 2247 2920">
     <span class='ocr_line' id='line_1_46' title="bbox 658 2844 2247 2920; baseline 0.008 -23"><span class='ocrx_word' id='word_1_304' title='bbox 658 2850 806 2897; x_wconf 84' lang='lat' dir='ltr'><strong>ctam</strong></span> <span class='ocrx_word' id='word_1_305' title='bbox 839 2844 1116 2913; x_wconf 84' lang='lat' dir='ltr'><strong>passionis</strong></span> <span class='ocrx_word' id='word_1_306' title='bbox 1164 2847 1492 2915; x_wconf 66' lang='lat' dir='ltr'><strong>praecipinnt</strong></span> <span class='ocrx_word' id='word_1_307' title='bbox 1543 2849 1881 2905; x_wconf 88' lang='lat' dir='ltr'><strong>sanitatem:</strong></span> <span class='ocrx_word' id='word_1_308' title='bbox 1914 2865 2109 2920; x_wconf 88' lang='lat' dir='ltr'><strong>aquam</strong></span> <span class='ocrx_word' id='word_1_309' title='bbox 2153 2854 2247 2909; x_wconf 87' lang='lat' dir='ltr'><strong>de-</strong></span> 
     </span>
    </p>
   </div>
   <div class='ocr_carea' id='block_1_47' title="bbox 659 2932 2242 3015">
    <p class='ocr_par' dir='ltr' id='par_1_47' title="bbox 659 2932 2242 3015">
     <span class='ocr_line' id='line_1_47' title="bbox 659 2932 2242 3015; baseline 0.008 -28"><span class='ocrx_word' id='word_1_310' title='bbox 659 2932 793 2990; x_wconf 82' lang='lat' dir='ltr'><strong>ferri</strong></span> <span class='ocrx_word' id='word_1_311' title='bbox 824 2937 893 2990; x_wconf 88' lang='lat' dir='ltr'><strong>ab</strong></span> <span class='ocrx_word' id='word_1_312' title='bbox 914 2934 1109 3007; x_wconf 81' lang='lat' dir='ltr'><strong>Adytis</strong></span> <span class='ocrx_word' id='word_1_313' title='bbox 1137 2937 1427 3006; x_wconf 86' lang='lat' dir='ltr'><strong>jusserunt</strong></span> <span class='ocrx_word' id='word_1_314' title='bbox 1454 2956 1468 3004; x_wconf 91' lang='lat'><strong>;</strong></span> <span class='ocrx_word' id='word_1_315' title='bbox 1491 2949 1575 2994; x_wconf 89' lang='lat' dir='ltr'><strong>est</strong></span> <span class='ocrx_word' id='word_1_316' title='bbox 1599 2941 1745 2995; x_wconf 88' lang='lat' dir='ltr'><strong>enim</strong></span> <span class='ocrx_word' id='word_1_317' title='bbox 1763 2949 2017 3012; x_wconf 77' lang='lat' dir='ltr'><strong>stagnum</strong></span> <span class='ocrx_word' id='word_1_318' title='bbox 2044 2944 2242 3015; x_wconf 79' lang='lat' dir='ltr'><strong>Adyta,</strong></span> 
     </span>
    </p>
   </div>
   <div class='ocr_carea' id='block_1_48' title="bbox 657 3025 2242 3098">
    <p class='ocr_par' dir='ltr' id='par_1_48' title="bbox 657 3025 2242 3098">
     <span class='ocr_line' id='line_1_48' title="bbox 657 3025 2242 3098; baseline 0.006 -19"><span class='ocrx_word' id='word_1_319' title='bbox 657 3025 991 3080; x_wconf 78' lang='lat' dir='ltr'><strong>Alexandria</strong></span> <span class='ocrx_word' id='word_1_320' title='bbox 1033 3029 1350 3098; x_wconf 75' lang='lat' dir='ltr'><strong>quingentis</strong></span> <span class='ocrx_word' id='word_1_321' title='bbox 1378 3030 1573 3085; x_wconf 86' lang='lat' dir='ltr'><strong>stadiis</strong></span> <span class='ocrx_word' id='word_1_322' title='bbox 1606 3029 1819 3085; x_wconf 84' lang='lat' dir='ltr'><strong>distans</strong></span> <span class='ocrx_word' id='word_1_323' title='bbox 1869 3032 1937 3086; x_wconf 88' lang='lat' dir='ltr'><strong>ad</strong></span> <span class='ocrx_word' id='word_1_324' title='bbox 1985 3034 2242 3089; x_wconf 86' lang='lat' dir='ltr'><strong>occiden-</strong></span> 
     </span>
    </p>
   </div>
   <div class='ocr_carea' id='block_1_49' title="bbox 653 3117 2244 3189">
    <p class='ocr_par' dir='ltr' id='par_1_49' title="bbox 653 3117 2244 3189">
     <span class='ocr_line' id='line_1_49' title="bbox 653 3117 2244 3189; baseline 0.005 -17"><span class='ocrx_word' id='word_1_325' title='bbox 653 3122 789 3183; x_wconf 74' lang='lat' dir='ltr'><strong>tem,</strong></span> <span class='ocrx_word' id='word_1_326' title='bbox 816 3117 1108 3189; x_wconf 63' lang='lat' dir='ltr'><strong>Libyaeque</strong></span> <span class='ocrx_word' id='word_1_327' title='bbox 1140 3119 1405 3174; x_wconf 90' lang='lat' dir='ltr'><strong>vicinum.</strong></span> <span class='ocrx_word' id='word_1_328' title='bbox 1438 3120 1514 3175; x_wconf 80' lang='lat' dir='ltr'><strong>Ex</strong></span> <span class='ocrx_word' id='word_1_329' title='bbox 1552 3121 1658 3175; x_wconf 87' lang='lat' dir='ltr'><strong>boc</strong></span> <span class='ocrx_word' id='word_1_330' title='bbox 1709 3120 1916 3177; x_wconf 83' lang='lat' dir='ltr'><strong>ﬂuento</strong></span> <span class='ocrx_word' id='word_1_331' title='bbox 1946 3123 2153 3189; x_wconf 84' lang='lat' dir='ltr'><strong>afferri,</strong></span> <span class='ocrx_word' id='word_1_332' title='bbox 2188 3136 2244 3180; x_wconf 89' lang='lat' dir='ltr'><strong>ct</strong></span> 
     </span>
    </p>
   </div>
   <div class='ocr_carea' id='block_1_50' title="bbox 657 3208 2242 3284">
    <p class='ocr_par' dir='ltr' id='par_1_50' title="bbox 657 3208 2242 3284">
     <span class='ocr_line' id='line_1_50' title="bbox 657 3208 2242 3284; baseline 0.006 -22"><span class='ocrx_word' id='word_1_333' title='bbox 657 3208 727 3263; x_wconf 83' lang='lat' dir='ltr'><strong>ad</strong></span> <span class='ocrx_word' id='word_1_334' title='bbox 769 3215 958 3278; x_wconf 85' lang='lat' dir='ltr'><strong>potum</strong></span> <span class='ocrx_word' id='word_1_335' title='bbox 988 3209 1109 3263; x_wconf 81' lang='lat' dir='ltr'><strong>dari</strong></span> <span class='ocrx_word' id='word_1_336' title='bbox 1160 3210 1387 3279; x_wconf 89' lang='lat' dir='ltr'><strong>patienti</strong></span> <span class='ocrx_word' id='word_1_337' title='bbox 1434 3213 1782 3281; x_wconf 67' lang='lat' dir='ltr'><strong>praecipiunt,</strong></span> <span class='ocrx_word' id='word_1_338' title='bbox 1829 3223 1993 3284; x_wconf 85' lang='lat' dir='ltr'><strong>atque</strong></span> <span class='ocrx_word' id='word_1_339' title='bbox 2033 3216 2100 3271; x_wconf 88' lang='lat' dir='ltr'><strong>ad</strong></span> <span class='ocrx_word' id='word_1_340' title='bbox 2145 3217 2242 3271; x_wconf 91' lang='lat' dir='ltr'><strong>ab-</strong></span> 
     </span>
    </p>
   </div>
   <div class='ocr_carea' id='block_1_51' title="bbox 655 3296 2245 3369">
    <p class='ocr_par' dir='ltr' id='par_1_51' title="bbox 655 3296 2245 3369">
     <span class='ocr_line' id='line_1_51' title="bbox 655 3296 2245 3369; baseline 0.006 -16"><span class='ocrx_word' id='word_1_341' title='bbox 655 3296 919 3353; x_wconf 78' lang='lat' dir='ltr'><strong>luendum</strong></span> <span class='ocrx_word' id='word_1_342' title='bbox 977 3309 1142 3369; x_wconf 88' lang='lat' dir='ltr'><strong>caput</strong></span> <span class='ocrx_word' id='word_1_343' title='bbox 1169 3308 1225 3355; x_wconf 92' lang='lat' dir='ltr'><strong>et</strong></span> <span class='ocrx_word' id='word_1_344' title='bbox 1278 3300 1496 3356; x_wconf 90' lang='lat' dir='ltr'><strong>faciem.</strong></span> <span class='ocrx_word' id='word_1_345' title='bbox 1544 3301 1710 3358; x_wconf 83' lang='lat' dir='ltr'><strong>Facta</strong></span> <span class='ocrx_word' id='word_1_346' title='bbox 1742 3314 1925 3359; x_wconf 85' lang='lat' dir='ltr'><strong>autem</strong></span> <span class='ocrx_word' id='word_1_347' title='bbox 1963 3307 2245 3363; x_wconf 88' lang='lat' dir='ltr'><strong>sanctione</strong></span> 
     </span>
    </p>
   </div>
   <div class='ocr_carea' id='block_1_52' title="bbox 655 3390 2244 3467">
    <p class='ocr_par' dir='ltr' id='par_1_52' title="bbox 655 3390 2244 3467">
     <span class='ocr_line' id='line_1_52' title="bbox 655 3390 2244 3467; baseline 0.009 -25"><span class='ocrx_word' id='word_1_348' title='bbox 655 3397 1002 3456; x_wconf 87' lang='lat' dir='ltr'><strong>sanctorum,</strong></span> <span class='ocrx_word' id='word_1_349' title='bbox 1054 3390 1282 3446; x_wconf 83' lang='lat' dir='ltr'><strong>veniens</strong></span> <span class='ocrx_word' id='word_1_350' title='bbox 1325 3392 1392 3446; x_wconf 88' lang='lat' dir='ltr'><strong>ad</strong></span> <span class='ocrx_word' id='word_1_351' title='bbox 1441 3390 1731 3458; x_wconf 91' lang='lat' dir='ltr'><strong>ﬂuentum,</strong></span> <span class='ocrx_word' id='word_1_352' title='bbox 1785 3396 1923 3450; x_wconf 88' lang='lat' dir='ltr'><strong>bibit</strong></span> <span class='ocrx_word' id='word_1_353' title='bbox 1958 3395 2244 3467; x_wconf 88' lang='lat' dir='ltr'><strong>Ilelpidius</strong></span> 
     </span>
    </p>
   </div>
   <div class='ocr_carea' id='block_1_53' title="bbox 653 3480 2240 3559">
    <p class='ocr_par' dir='ltr' id='par_1_53' title="bbox 653 3480 2240 3559">
     <span class='ocr_line' id='line_1_53' title="bbox 653 3480 2240 3559; baseline 0.008 -26"><span class='ocrx_word' id='word_1_354' title='bbox 653 3486 713 3533; x_wconf 91' lang='lat' dir='ltr'><strong>ct</strong></span> <span class='ocrx_word' id='word_1_355' title='bbox 740 3486 906 3549; x_wconf 89' lang='lat' dir='ltr'><strong>caput</strong></span> <span class='ocrx_word' id='word_1_356' title='bbox 936 3480 1070 3535; x_wconf 82' lang='lat' dir='ltr'><strong>lavit</strong></span> <span class='ocrx_word' id='word_1_357' title='bbox 1096 3489 1151 3536; x_wconf 89' lang='lat' dir='ltr'><strong>et</strong></span> <span class='ocrx_word' id='word_1_358' title='bbox 1181 3480 1400 3548; x_wconf 84' lang='lat' dir='ltr'><strong>faeie&#39;m,</strong></span> <span class='ocrx_word' id='word_1_359' title='bbox 1434 3491 1489 3537; x_wconf 89' lang='lat' dir='ltr'><strong>et</strong></span> <span class='ocrx_word' id='word_1_360' title='bbox 1524 3484 1711 3553; x_wconf 89' lang='lat' dir='ltr'><strong>passio</strong></span> <span class='ocrx_word' id='word_1_361' title='bbox 1738 3486 1924 3541; x_wconf 87' lang='lat' dir='ltr'><strong>statim</strong></span> <span class='ocrx_word' id='word_1_362' title='bbox 1963 3504 2240 3559; x_wconf 83' lang='lat' dir='ltr'><strong>nusquam</strong></span> 
     </span>
    </p>
   </div>
   <div class='ocr_carea' id='block_1_54' title="bbox 657 3570 2243 3650">
    <p class='ocr_par' dir='ltr' id='par_1_54' title="bbox 657 3570 2243 3650">
     <span class='ocr_line' id='line_1_54' title="bbox 657 3570 2243 3650; baseline 0.006 -25"><span class='ocrx_word' id='word_1_363' title='bbox 657 3570 1007 3641; x_wconf 88' lang='lat' dir='ltr'><strong>comparuit;</strong></span> <span class='ocrx_word' id='word_1_364' title='bbox 1040 3580 1160 3626; x_wconf 87' lang='lat' dir='ltr'><strong>erat</strong></span> <span class='ocrx_word' id='word_1_365' title='bbox 1207 3583 1390 3628; x_wconf 91' lang='lat' dir='ltr'><strong>autem</strong></span> <span class='ocrx_word' id='word_1_366' title='bbox 1434 3589 1522 3630; x_wconf 86' lang='lat' dir='ltr'><strong>res</strong></span> <span class='ocrx_word' id='word_1_367' title='bbox 1560 3576 1726 3646; x_wconf 80' lang='lat' dir='ltr'><strong>digna</strong></span> <span class='ocrx_word' id='word_1_368' title='bbox 1772 3580 2059 3644; x_wconf 90' lang='lat' dir='ltr'><strong>miraculo,</strong></span> <span class='ocrx_word' id='word_1_369' title='bbox 2109 3597 2243 3650; x_wconf 86' lang='lat' dir='ltr'><strong>quo-</strong></span> 
     </span>
    </p>
   </div>
   <div class='ocr_carea' id='block_1_55' title="bbox 656 3662 2242 3741">
    <p class='ocr_par' dir='ltr' id='par_1_55' title="bbox 656 3662 2242 3741">
     <span class='ocr_line' id='line_1_55' title="bbox 656 3662 2242 3741; baseline 0.008 -27"><span class='ocrx_word' id='word_1_370' title='bbox 656 3662 809 3717; x_wconf 86' lang='lat' dir='ltr'><strong>niam</strong></span> <span class='ocrx_word' id='word_1_371' title='bbox 867 3662 1133 3719; x_wconf 89' lang='lat' dir='ltr'><strong>ﬂuentum</strong></span> <span class='ocrx_word' id='word_1_372' title='bbox 1176 3665 1458 3731; x_wconf 88' lang='lat' dir='ltr'><strong>instabile,</strong></span> <span class='ocrx_word' id='word_1_373' title='bbox 1517 3675 1664 3722; x_wconf 87' lang='lat' dir='ltr'><strong>stare</strong></span> <span class='ocrx_word' id='word_1_374' title='bbox 1717 3667 1911 3724; x_wconf 77' lang='lat' dir='ltr'><strong>faciem</strong></span> <span class='ocrx_word' id='word_1_375' title='bbox 1967 3681 2022 3724; x_wconf 90' lang='lat' dir='ltr'><strong>et</strong></span> <span class='ocrx_word' id='word_1_376' title='bbox 2077 3681 2242 3741; x_wconf 87' lang='lat' dir='ltr'><strong>caput</strong></span> 
     </span>
    </p>
   </div>
   <div class='ocr_carea' id='block_1_56' title="bbox 657 3753 2242 3830">
    <p class='ocr_par' dir='ltr' id='par_1_56' title="bbox 657 3753 2242 3830">
     <span class='ocr_line' id='line_1_56' title="bbox 657 3753 2242 3830; baseline 0.008 -22"><span class='ocrx_word' id='word_1_377' title='bbox 657 3753 790 3809; x_wconf 84' lang='lat' dir='ltr'><strong>fecit</strong></span> <span class='ocrx_word' id='word_1_378' title='bbox 820 3755 1111 3823; x_wconf 83' lang='lat' dir='ltr'><strong>instabile;</strong></span> <span class='ocrx_word' id='word_1_379' title='bbox 1142 3765 1195 3811; x_wconf 90' lang='lat' dir='ltr'><strong>et</strong></span> <span class='ocrx_word' id='word_1_380' title='bbox 1226 3772 1368 3825; x_wconf 87' lang='lat' dir='ltr'><strong>aqua</strong></span> <span class='ocrx_word' id='word_1_381' title='bbox 1407 3773 1531 3828; x_wconf 75' lang='lat' dir='ltr'><strong>quae</strong></span> <span class='ocrx_word' id='word_1_382' title='bbox 1583 3775 1800 3830; x_wconf 86' lang='lat' dir='ltr'><strong>semper</strong></span> <span class='ocrx_word' id='word_1_383' title='bbox 1853 3761 2001 3816; x_wconf 77' lang='lat' dir='ltr'><strong>ﬂuxu</strong></span> <span class='ocrx_word' id='word_1_384' title='bbox 2060 3780 2242 3820; x_wconf 74' lang='lat' dir='ltr'><strong>lllOVO-</strong></span> 
     </span>
    </p>
   </div>
   <div class='ocr_carea' id='block_1_57' title="bbox 659 3848 2243 3925">
    <p class='ocr_par' dir='ltr' id='par_1_57' title="bbox 659 3848 2243 3925">
     <span class='ocr_line' id='line_1_57' title="bbox 659 3848 2243 3925; baseline 0.008 -25"><span class='ocrx_word' id='word_1_385' title='bbox 659 3856 772 3909; x_wconf 90' lang='lat' dir='ltr'><strong>tur,</strong></span> <span class='ocrx_word' id='word_1_386' title='bbox 806 3848 1072 3904; x_wconf 87' lang='lat' dir='ltr'><strong>reddebat</strong></span> <span class='ocrx_word' id='word_1_387' title='bbox 1100 3849 1437 3905; x_wconf 87' lang='lat' dir='ltr'><strong>inturbabile</strong></span> <span class='ocrx_word' id='word_1_388' title='bbox 1481 3851 1706 3906; x_wconf 90' lang='lat' dir='ltr'><strong>collum.</strong></span> <span class='ocrx_word' id='word_1_389' title='bbox 1755 3853 1926 3923; x_wconf 78' lang='lat' dir='ltr'><strong>Igitur</strong></span> <span class='ocrx_word' id='word_1_390' title='bbox 1958 3852 2243 3925; x_wconf 80' lang='lat' dir='ltr'><strong>Helpidius</strong></span> 
     </span>
    </p>
   </div>
   <div class='ocr_carea' id='block_1_58' title="bbox 656 3939 2240 4016">
    <p class='ocr_par' dir='ltr' id='par_1_58' title="bbox 656 3939 2240 4016">
     <span class='ocr_line' id='line_1_58' title="bbox 656 3939 2240 4016; baseline 0.009 -26"><span class='ocrx_word' id='word_1_391' title='bbox 656 3939 877 4009; x_wconf 87' lang='lat' dir='ltr'><strong>quidem</strong></span> <span class='ocrx_word' id='word_1_392' title='bbox 913 3943 1095 3997; x_wconf 86' lang='lat' dir='ltr'><strong>taliter</strong></span> <span class='ocrx_word' id='word_1_393' title='bbox 1123 3943 1410 3998; x_wconf 81' lang='lat' dir='ltr'><strong>curatione</strong></span> <span class='ocrx_word' id='word_1_394' title='bbox 1457 3954 1696 4013; x_wconf 88' lang='lat' dir='ltr'><strong>reperta,</strong></span> <span class='ocrx_word' id='word_1_395' title='bbox 1750 3955 1804 4001; x_wconf 88' lang='lat' dir='ltr'><strong>et</strong></span> <span class='ocrx_word' id='word_1_396' title='bbox 1850 3945 2113 4016; x_wconf 78' lang='lat' dir='ltr'><strong>languore</strong></span> <span class='ocrx_word' id='word_1_397' title='bbox 2143 3948 2240 4004; x_wconf 88' lang='lat' dir='ltr'><strong>de-</strong></span> 
     </span>
    </p>
   </div>
   <div class='ocr_carea' id='block_1_59' title="bbox 657 4032 2238 4102">
    <p class='ocr_par' dir='ltr' id='par_1_59' title="bbox 657 4032 2238 4102">
     <span class='ocr_line' id='line_1_59' title="bbox 657 4032 2238 4102; baseline 0.009 -21"><span class='ocrx_word' id='word_1_398' title='bbox 657 4032 837 4102; x_wconf 80' lang='lat' dir='ltr'><strong>pulso,</strong></span> <span class='ocrx_word' id='word_1_399' title='bbox 870 4034 1080 4091; x_wconf 87' lang='lat' dir='ltr'><strong>sanctis</strong></span> <span class='ocrx_word' id='word_1_400' title='bbox 1125 4036 1454 4091; x_wconf 88' lang='lat' dir='ltr'><strong>collaudatis</strong></span> <span class='ocrx_word' id='word_1_401' title='bbox 1513 4036 1803 4102; x_wconf 86' lang='lat' dir='ltr'><strong>abscessit,</strong></span> <span class='ocrx_word' id='word_1_402' title='bbox 1850 4050 1906 4094; x_wconf 92' lang='lat' dir='ltr'><strong>et</strong></span> <span class='ocrx_word' id='word_1_403' title='bbox 1939 4039 2009 4094; x_wconf 89' lang='lat' dir='ltr'><strong>ad</strong></span> <span class='ocrx_word' id='word_1_404' title='bbox 2041 4041 2238 4095; x_wconf 83' lang='lat' dir='ltr'><strong>civita-</strong></span> 
     </span>
    </p>
   </div>
   <div class='ocr_carea' id='block_1_60' title="bbox 657 4127 2242 4199">
    <p class='ocr_par' dir='ltr' id='par_1_60' title="bbox 657 4127 2242 4199">
     <span class='ocr_line' id='line_1_60' title="bbox 657 4127 2242 4199; baseline 0.008 -20"><span class='ocrx_word' id='word_1_405' title='bbox 657 4136 769 4181; x_wconf 88' lang='lat' dir='ltr'><strong>tem</strong></span> <span class='ocrx_word' id='word_1_406' title='bbox 811 4143 969 4184; x_wconf 89' lang='lat' dir='ltr'><strong>suam</strong></span> <span class='ocrx_word' id='word_1_407' title='bbox 1002 4127 1254 4199; x_wconf 78' lang='lat' dir='ltr'><strong>pervenit</strong></span> <span class='ocrx_word' id='word_1_408' title='bbox 1300 4131 1617 4187; x_wconf 89' lang='lat' dir='ltr'><strong>incolumis.</strong></span> <span class='ocrx_word' id='word_1_409' title='bbox 1649 4133 1800 4199; x_wconf 86' lang='lat' dir='ltr'><strong>Quos</strong></span> <span class='ocrx_word' id='word_1_410' title='bbox 1820 4142 1876 4190; x_wconf 89' lang='lat' dir='ltr'><strong>et</strong></span> <span class='ocrx_word' id='word_1_411' title='bbox 1910 4150 2012 4191; x_wconf 91' lang='lat' dir='ltr'><strong>nos</strong></span> <span class='ocrx_word' id='word_1_412' title='bbox 2050 4136 2242 4191; x_wconf 87' lang='lat' dir='ltr'><strong>condi-</strong></span> 
     </span>
    </p>
   </div>
   <div class='ocr_carea' id='block_1_61' title="bbox 648 4218 2237 4297">
    <p class='ocr_par' dir='ltr' id='par_1_61' title="bbox 648 4218 2237 4297">
     <span class='ocr_line' id='line_1_61' title="bbox 648 4218 2237 4297; baseline 0.008 -28"><span class='ocrx_word' id='word_1_413' title='bbox 648 4218 782 4284; x_wconf 67' lang='lat' dir='ltr'><strong>gnis</strong></span> <span class='ocrx_word' id='word_1_414' title='bbox 814 4218 1366 4276; x_wconf 84' lang='lat' dir='ltr'><strong>lmnorilicationibus</strong></span> <span class='ocrx_word' id='word_1_415' title='bbox 1414 4222 1782 4289; x_wconf 85' lang='lat' dir='ltr'><strong>celebrantes,</strong></span> <span class='ocrx_word' id='word_1_416' title='bbox 1825 4224 1935 4280; x_wconf 87' lang='lat' dir='ltr'><strong>alia</strong></span> <span class='ocrx_word' id='word_1_417' title='bbox 1989 4225 2237 4297; x_wconf 85' lang='lat' dir='ltr'><strong>ipsorum</strong></span> 
     </span>
    </p>
   </div>
   <div class='ocr_carea' id='block_1_62' title="bbox 652 4308 1498 4365">
    <p class='ocr_par' dir='ltr' id='par_1_62' title="bbox 652 4308 1498 4365">
     <span class='ocr_line' id='line_1_62' title="bbox 652 4308 1498 4365; baseline 0.005 -5"><span class='ocrx_word' id='word_1_418' title='bbox 652 4308 1077 4363; x_wconf 84' lang='lat' dir='ltr'><strong>conscribamus</strong></span> <span class='ocrx_word' id='word_1_419' title='bbox 1113 4309 1277 4364; x_wconf 83' lang='lat' dir='ltr'><strong>fortia</strong></span> <span class='ocrx_word' id='word_1_420' title='bbox 1325 4308 1498 4365; x_wconf 89' lang='lat' dir='ltr'><strong>facta.</strong></span> 
     </span>
    </p>
   </div>
   <div class='ocr_carea' id='block_1_63' title="bbox 1178 4485 1712 4544">
    <p class='ocr_par' dir='ltr' id='par_1_63' title="bbox 1178 4485 1712 4544">
     <span class='ocr_line' id='line_1_63' title="bbox 1178 4485 1712 4544; baseline 0.006 -3"><span class='ocrx_word' id='word_1_421' title='bbox 1178 4485 1367 4543; x_wconf 81' lang='lat' dir='ltr'><strong>LXIV.</strong></span> <span class='ocrx_word' id='word_1_422' title='bbox 1421 4486 1498 4542; x_wconf 80' lang='lat' dir='ltr'><strong>De</strong></span> <span class='ocrx_word' id='word_1_423' title='bbox 1545 4496 1712 4544; x_wconf 77' lang='lat' dir='ltr'><strong>muta.</strong></span> 
     </span>
    </p>
   </div>
   <div class='ocr_carea' id='block_1_64' title="bbox 725 4576 2233 4649">
    <p class='ocr_par' dir='ltr' id='par_1_64' title="bbox 725 4576 2233 4649">
     <span class='ocr_line' id='line_1_64' title="bbox 725 4576 2233 4649; baseline 0.007 -20"><span class='ocrx_word' id='word_1_424' title='bbox 725 4576 846 4631; x_wconf 75' lang='lat' dir='ltr'><strong>Non</strong></span> <span class='ocrx_word' id='word_1_425' title='bbox 886 4585 971 4632; x_wconf 87' lang='lat' dir='ltr'><strong>est</strong></span> <span class='ocrx_word' id='word_1_426' title='bbox 1002 4576 1204 4633; x_wconf 91' lang='lat' dir='ltr'><strong>bonum</strong></span> <span class='ocrx_word' id='word_1_427' title='bbox 1239 4587 1392 4634; x_wconf 86' lang='lat' dir='ltr'><strong>muto</strong></span> <span class='ocrx_word' id='word_1_428' title='bbox 1422 4580 1684 4649; x_wconf 89' lang='lat' dir='ltr'><strong>injuriam</strong></span> <span class='ocrx_word' id='word_1_429' title='bbox 1724 4580 1932 4648; x_wconf 88' lang='lat' dir='ltr'><strong>facere,</strong></span> <span class='ocrx_word' id='word_1_430' title='bbox 1968 4584 2105 4638; x_wconf 87' lang='lat' dir='ltr'><strong>licet</strong></span> <span class='ocrx_word' id='word_1_431' title='bbox 2132 4598 2233 4641; x_wconf 85' lang='lat' dir='ltr'><strong>nos</strong></span> 
     </span>
    </p>
   </div>
   <div class='ocr_carea' id='block_1_65' title="bbox 652 4667 2233 4740">
    <p class='ocr_par' dir='ltr' id='par_1_65' title="bbox 652 4667 2233 4740">
     <span class='ocr_line' id='line_1_65' title="bbox 652 4667 2233 4740; baseline 0.006 -20"><span class='ocrx_word' id='word_1_432' title='bbox 652 4667 990 4722; x_wconf 77' lang='lat' dir='ltr'><strong>calumniari</strong></span> <span class='ocrx_word' id='word_1_433' title='bbox 1060 4675 1322 4737; x_wconf 88' lang='lat' dir='ltr'><strong>tanquam</strong></span> <span class='ocrx_word' id='word_1_434' title='bbox 1415 4670 1671 4740; x_wconf 88' lang='lat' dir='ltr'><strong>injuriam</strong></span> <span class='ocrx_word' id='word_1_435' title='bbox 1758 4671 2059 4729; x_wconf 83' lang='lat' dir='ltr'><strong>inferentes</strong></span> <span class='ocrx_word' id='word_1_436' title='bbox 2123 4690 2233 4729; x_wconf 88' lang='lat' dir='ltr'><strong>non</strong></span> 
     </span>
    </p>
   </div>
   <div class='ocr_carea' id='block_1_66' title="bbox 651 4759 2235 4836">
    <p class='ocr_par' dir='ltr' id='par_1_66' title="bbox 651 4759 2235 4836">
     <span class='ocr_line' id='line_1_66' title="bbox 651 4759 2235 4836; baseline 0.007 -24"><span class='ocrx_word' id='word_1_437' title='bbox 651 4760 851 4828; x_wconf 71' lang='lat' dir='ltr'><strong>possit,</strong></span> <span class='ocrx_word' id='word_1_438' title='bbox 896 4775 1072 4830; x_wconf 81' lang='lat' dir='ltr'><strong>neque</strong></span> <span class='ocrx_word' id='word_1_439' title='bbox 1100 4759 1377 4817; x_wconf 86' lang='lat' dir='ltr'><strong>dimittere</strong></span> <span class='ocrx_word' id='word_1_440' title='bbox 1407 4762 1630 4817; x_wconf 84' lang='lat' dir='ltr'><strong>silentio</strong></span> <span class='ocrx_word' id='word_1_441' title='bbox 1675 4764 1930 4827; x_wconf 85' lang='lat' dir='ltr'><strong>tacitum,</strong></span> <span class='ocrx_word' id='word_1_442' title='bbox 1966 4765 2098 4836; x_wconf 86' lang='lat' dir='ltr'><strong>quia</strong></span> <span class='ocrx_word' id='word_1_443' title='bbox 2130 4782 2235 4823; x_wconf 89' lang='lat' dir='ltr'><strong>nec</strong></span> 
     </span>
    </p>
   </div>
   <div class='ocr_carea' id='block_1_67' title="bbox 656 4851 2238 4923">
    <p class='ocr_par' dir='ltr' id='par_1_67' title="bbox 656 4851 2238 4923">
     <span class='ocr_line' id='line_1_67' title="bbox 656 4851 2238 4923; baseline 0.004 -18"><span class='ocrx_word' id='word_1_444' title='bbox 656 4851 822 4906; x_wconf 88' lang='lat' dir='ltr'><strong>istum</strong></span> <span class='ocrx_word' id='word_1_445' title='bbox 862 4851 1087 4921; x_wconf 79' lang='lat' dir='ltr'><strong>gloriosi</strong></span> <span class='ocrx_word' id='word_1_446' title='bbox 1137 4861 1405 4923; x_wconf 85' lang='lat' dir='ltr'><strong>martyres</strong></span> <span class='ocrx_word' id='word_1_447' title='bbox 1453 4867 1675 4921; x_wconf 86' lang='lat' dir='ltr'><strong>semper</strong></span> <span class='ocrx_word' id='word_1_448' title='bbox 1728 4862 2000 4908; x_wconf 87' lang='lat' dir='ltr'><strong>tacentem</strong></span> <span class='ocrx_word' id='word_1_449' title='bbox 2049 4856 2238 4911; x_wconf 89' lang='lat' dir='ltr'><strong>dimit-</strong></span> 
     </span>
    </p>
   </div>
   <div class='ocr_carea' id='block_1_68' title="bbox 654 4942 2233 5019">
    <p class='ocr_par' dir='ltr' id='par_1_68' title="bbox 654 4942 2233 5019">
     <span class='ocr_line' id='line_1_68' title="bbox 654 4942 2233 5019; baseline 0.005 -22"><span class='ocrx_word' id='word_1_450' title='bbox 654 4952 771 4998; x_wconf 87' lang='lat' dir='ltr'><strong>tere</strong></span> <span class='ocrx_word' id='word_1_451' title='bbox 798 4942 945 5011; x_wconf 86' lang='lat' dir='ltr'><strong>passi</strong></span> <span class='ocrx_word' id='word_1_452' title='bbox 978 4951 1128 5008; x_wconf 88' lang='lat' dir='ltr'><strong>sunt,</strong></span> <span class='ocrx_word' id='word_1_453' title='bbox 1177 4944 1270 4998; x_wconf 90' lang='lat' dir='ltr'><strong>sed</strong></span> <span class='ocrx_word' id='word_1_454' title='bbox 1320 4944 1669 5014; x_wconf 89' lang='lat' dir='ltr'><strong>eloquentem</strong></span> <span class='ocrx_word' id='word_1_455' title='bbox 1710 4960 1779 5000; x_wconf 82' lang='lat' dir='ltr'><strong>ex</strong></span> <span class='ocrx_word' id='word_1_456' title='bbox 1831 4961 1937 5000; x_wconf 89' lang='lat' dir='ltr'><strong>non</strong></span> <span class='ocrx_word' id='word_1_457' title='bbox 1990 4947 2233 5019; x_wconf 80' lang='lat' dir='ltr'><strong>loquenti</strong></span> 
     </span>
    </p>
   </div>
   <div class='ocr_carea' id='block_1_69' title="bbox 652 5035 2238 5110">
    <p class='ocr_par' dir='ltr' id='par_1_69' title="bbox 652 5035 2238 5110">
     <span class='ocr_line' id='line_1_69' title="bbox 652 5035 2238 5110; baseline 0.005 -21"><span class='ocrx_word' id='word_1_458' title='bbox 652 5035 888 5104; x_wconf 82' lang='lat' dir='ltr'><strong>operati,</strong></span> <span class='ocrx_word' id='word_1_459' title='bbox 932 5035 1069 5091; x_wconf 84' lang='lat' dir='ltr'><strong>bene</strong></span> <span class='ocrx_word' id='word_1_460' title='bbox 1119 5036 1267 5105; x_wconf 88' lang='lat' dir='ltr'><strong>loqui</strong></span> <span class='ocrx_word' id='word_1_461' title='bbox 1317 5037 1494 5107; x_wconf 82' lang='lat' dir='ltr'><strong>largiti</strong></span> <span class='ocrx_word' id='word_1_462' title='bbox 1532 5044 1683 5099; x_wconf 89' lang='lat' dir='ltr'><strong>sunt,</strong></span> <span class='ocrx_word' id='word_1_463' title='bbox 1718 5053 1789 5093; x_wconf 88' lang='lat' dir='ltr'><strong>ne</strong></span> <span class='ocrx_word' id='word_1_464' title='bbox 1830 5039 1883 5092; x_wconf 90' lang='lat' dir='ltr'><strong>in</strong></span> <span class='ocrx_word' id='word_1_465' title='bbox 1917 5038 2020 5094; x_wconf 81' lang='lat' dir='ltr'><strong>bo’c</strong></span> <span class='ocrx_word' id='word_1_466' title='bbox 2059 5041 2238 5110; x_wconf 86' lang='lat' dir='ltr'><strong>perfe-</strong></span> 
     </span>
    </p>
   </div>
   <div class='ocr_carea' id='block_1_70' title="bbox 649 5126 2237 5199">
    <p class='ocr_par' dir='ltr' id='par_1_70' title="bbox 649 5126 2237 5199">
     <span class='ocr_line' id='line_1_70' title="bbox 649 5126 2237 5199; baseline 0.005 -18"><span class='ocrx_word' id='word_1_467' title='bbox 649 5126 856 5181; x_wconf 83' lang='lat' dir='ltr'><strong>ctionis</strong></span> <span class='ocrx_word' id='word_1_468' title='bbox 900 5141 1093 5182; x_wconf 89' lang='lat' dir='ltr'><strong>eorum</strong></span> <span class='ocrx_word' id='word_1_469' title='bbox 1153 5128 1296 5184; x_wconf 90' lang='lat' dir='ltr'><strong>desit</strong></span> <span class='ocrx_word' id='word_1_470' title='bbox 1359 5130 1563 5183; x_wconf 87' lang='lat' dir='ltr'><strong>donum</strong></span> <span class='ocrx_word' id='word_1_471' title='bbox 1618 5129 1945 5199; x_wconf 89' lang='lat' dir='ltr'><strong>perfectum.</strong></span> <span class='ocrx_word' id='word_1_472' title='bbox 2003 5132 2237 5190; x_wconf 79' lang='lat' dir='ltr'><strong>Sanetos</strong></span> 
     </span>
    </p>
   </div>
   <div class='ocr_carea' id='block_1_71' title="bbox 646 5218 2234 5292">
    <p class='ocr_par' dir='ltr' id='par_1_71' title="bbox 646 5218 2234 5292">
     <span class='ocr_line' id='line_1_71' title="bbox 646 5218 2234 5292; baseline 0.005 -19"><span class='ocrx_word' id='word_1_473' title='bbox 646 5231 784 5286; x_wconf 77' lang='lat' dir='ltr'><strong>ergo</strong></span> <span class='ocrx_word' id='word_1_474' title='bbox 812 5225 866 5272; x_wconf 90' lang='lat' dir='ltr'><strong>et</strong></span> <span class='ocrx_word' id='word_1_475' title='bbox 903 5231 1007 5273; x_wconf 88' lang='lat' dir='ltr'><strong>nos</strong></span> <span class='ocrx_word' id='word_1_476' title='bbox 1037 5218 1338 5283; x_wconf 88' lang='lat' dir='ltr'><strong>imitemur,</strong></span> <span class='ocrx_word' id='word_1_477' title='bbox 1373 5227 1430 5275; x_wconf 90' lang='lat' dir='ltr'><strong>et</strong></span> <span class='ocrx_word' id='word_1_478' title='bbox 1466 5220 1614 5290; x_wconf 91' lang='lat' dir='ltr'><strong>quod</strong></span> <span class='ocrx_word' id='word_1_479' title='bbox 1662 5221 1766 5290; x_wconf 90' lang='lat' dir='ltr'><strong>ipsi</strong></span> <span class='ocrx_word' id='word_1_480' title='bbox 1811 5232 1940 5277; x_wconf 87' lang='lat' dir='ltr'><strong>tunc</strong></span> <span class='ocrx_word' id='word_1_481' title='bbox 1973 5225 2234 5292; x_wconf 87' lang='lat' dir='ltr'><strong>operibus</strong></span> 
     </span>
    </p>
   </div>
   <div class='ocr_carea' id='block_1_72' title="bbox 652 5311 2237 5383">
    <p class='ocr_par' dir='ltr' id='par_1_72' title="bbox 652 5311 2237 5383">
     <span class='ocr_line' id='line_1_72' title="bbox 652 5311 2237 5383; baseline 0.004 -20"><span class='ocrx_word' id='word_1_482' title='bbox 652 5318 965 5379; x_wconf 77' lang='lat' dir='ltr'><strong>gesserunt,</strong></span> <span class='ocrx_word' id='word_1_483' title='bbox 1024 5311 1129 5366; x_wconf 88' lang='lat' dir='ltr'><strong>hoc</strong></span> <span class='ocrx_word' id='word_1_484' title='bbox 1203 5327 1351 5367; x_wconf 87' lang='lat' dir='ltr'><strong>nunc</strong></span> <span class='ocrx_word' id='word_1_485' title='bbox 1415 5312 1763 5369; x_wconf 84' lang='lat' dir='ltr'><strong>sermonibus</strong></span> <span class='ocrx_word' id='word_1_486' title='bbox 1813 5313 2120 5383; x_wconf 88' lang='lat' dir='ltr'><strong>faciamus;</strong></span> <span class='ocrx_word' id='word_1_487' title='bbox 2181 5325 2237 5372; x_wconf 87' lang='lat' dir='ltr'><strong>et</strong></span> 
     </span>
    </p>
   </div>
   <div class='ocr_carea' id='block_1_73' title="bbox 645 5401 2233 5470">
    <p class='ocr_par' dir='ltr' id='par_1_73' title="bbox 645 5401 2233 5470">
     <span class='ocr_line' id='line_1_73' title="bbox 645 5401 2233 5470; baseline 0.006 -16"><span class='ocrx_word' id='word_1_488' title='bbox 645 5415 799 5462; x_wconf 77' lang='lat' dir='ltr'><strong>eunt,</strong></span> <span class='ocrx_word' id='word_1_489' title='bbox 836 5401 933 5470; x_wconf 89' lang='lat' dir='ltr'><strong>qui</strong></span> <span class='ocrx_word' id='word_1_490' title='bbox 985 5402 1151 5457; x_wconf 90' lang='lat' dir='ltr'><strong>semel</strong></span> <span class='ocrx_word' id='word_1_491' title='bbox 1187 5403 1403 5459; x_wconf 90' lang='lat' dir='ltr'><strong>locutus</strong></span> <span class='ocrx_word' id='word_1_492' title='bbox 1453 5412 1559 5469; x_wconf 88' lang='lat' dir='ltr'><strong>est,</strong></span> <span class='ocrx_word' id='word_1_493' title='bbox 1610 5417 1818 5459; x_wconf 79' lang='lat' dir='ltr'><strong>tantum</strong></span> <span class='ocrx_word' id='word_1_494' title='bbox 1874 5408 2072 5462; x_wconf 89' lang='lat' dir='ltr'><strong>iterum</strong></span> <span class='ocrx_word' id='word_1_495' title='bbox 2126 5425 2233 5464; x_wconf 86' lang='lat' dir='ltr'><strong>non</strong></span> 
     </span>
    </p>
   </div>
   <div class='ocr_carea' id='block_1_74' title="bbox 651 5496 2234 5566">
    <p class='ocr_par' dir='ltr' id='par_1_74' title="bbox 651 5496 2234 5566">
     <span class='ocr_line' id='line_1_74' title="bbox 651 5496 2234 5566; baseline 0.009 -23"><span class='ocrx_word' id='word_1_496' title='bbox 651 5506 943 5560; x_wconf 79' lang='lat' dir='ltr'><strong>ponamus,</strong></span> <span class='ocrx_word' id='word_1_497' title='bbox 974 5496 1342 5549; x_wconf 87' lang='lat' dir='ltr'><strong>narrationem</strong></span> <span class='ocrx_word' id='word_1_498' title='bbox 1377 5498 1443 5551; x_wconf 86' lang='lat' dir='ltr'><strong>de</strong></span> <span class='ocrx_word' id='word_1_499' title='bbox 1474 5496 1596 5566; x_wconf 89' lang='lat' dir='ltr'><strong>ipso</strong></span> <span class='ocrx_word' id='word_1_500' title='bbox 1637 5496 1970 5561; x_wconf 79' lang='lat' dir='ltr'><strong>faciendam,</strong></span> <span class='ocrx_word' id='word_1_501' title='bbox 2010 5500 2234 5557; x_wconf 72' lang='lat' dir='ltr'><strong>silentio</strong></span> 
     </span>
    </p>
   </div>
   <div class='ocr_carea' id='block_1_75' title="bbox 654 5584 2232 5662">
    <p class='ocr_par' dir='ltr' id='par_1_75' title="bbox 654 5584 2232 5662">
     <span class='ocr_line' id='line_1_75' title="bbox 654 5584 2232 5662; baseline 0.008 -27"><span class='ocrx_word' id='word_1_502' title='bbox 654 5590 1027 5651; x_wconf 71' lang='lat' dir='ltr'><strong>contegentes,</strong></span> <span class='ocrx_word' id='word_1_503' title='bbox 1048 5601 1117 5640; x_wconf 89' lang='lat' dir='ltr'><strong>ne</strong></span> <span class='ocrx_word' id='word_1_504' title='bbox 1144 5584 1286 5640; x_wconf 85' lang='lat' dir='ltr'><strong>forte</strong></span> <span class='ocrx_word' id='word_1_505' title='bbox 1311 5587 1469 5643; x_wconf 90' lang='lat' dir='ltr'><strong>nobis</strong></span> <span class='ocrx_word' id='word_1_506' title='bbox 1499 5587 1642 5657; x_wconf 88' lang='lat' dir='ltr'><strong>apud</strong></span> <span class='ocrx_word' id='word_1_507' title='bbox 1678 5597 1953 5660; x_wconf 77' lang='lat' dir='ltr'><strong>martyras</strong></span> <span class='ocrx_word' id='word_1_508' title='bbox 1982 5592 2232 5662; x_wconf 80' lang='lat' dir='ltr'><strong>deroget,</strong></span> 
     </span>
    </p>
   </div>
   <div class='ocr_carea' id='block_1_76' title="bbox 654 5672 2235 5735">
    <p class='ocr_par' dir='ltr' id='par_1_76' title="bbox 654 5672 2235 5735">
     <span class='ocr_line' id='line_1_76' title="bbox 654 5672 2235 5735; baseline 0.004 -10"><span class='ocrx_word' id='word_1_509' title='bbox 654 5681 713 5725; x_wconf 86' lang='lat' dir='ltr'><strong>et</strong></span> <span class='ocrx_word' id='word_1_510' title='bbox 751 5672 958 5728; x_wconf 85' lang='lat' dir='ltr'><strong>silentii</strong></span> <span class='ocrx_word' id='word_1_511' title='bbox 1005 5674 1182 5731; x_wconf 88' lang='lat' dir='ltr'><strong>nostri</strong></span> <span class='ocrx_word' id='word_1_512' title='bbox 1228 5675 1596 5730; x_wconf 80' lang='lat' dir='ltr'><strong>calumniator</strong></span> <span class='ocrx_word' id='word_1_513' title='bbox 1627 5675 1916 5735; x_wconf 82' lang='lat' dir='ltr'><strong>ellieiatnr.</strong></span> <span class='ocrx_word' id='word_1_514' title='bbox 1955 5694 2113 5733; x_wconf 86' lang='lat' dir='ltr'><strong>usum</strong></span> <span class='ocrx_word' id='word_1_515' title='bbox 2155 5680 2235 5732; x_wconf 87' lang='lat' dir='ltr'><strong>lo-</strong></span> 
     </span>
    </p>
   </div>
   <div class='ocr_carea' id='block_1_77' title="bbox 654 5762 2234 5837">
    <p class='ocr_par' dir='ltr' id='par_1_77' title="bbox 654 5762 2234 5837">
     <span class='ocr_line' id='line_1_77' title="bbox 654 5762 2234 5837; baseline 0.008 -19"><span class='ocrx_word' id='word_1_516' title='bbox 654 5762 857 5833; x_wconf 86' lang='lat' dir='ltr'><strong>quendi</strong></span> <span class='ocrx_word' id='word_1_517' title='bbox 887 5764 956 5820; x_wconf 88' lang='lat' dir='ltr'><strong>ab</strong></span> <span class='ocrx_word' id='word_1_518' title='bbox 988 5765 1067 5822; x_wconf 89' lang='lat' dir='ltr'><strong>eis</strong></span> <span class='ocrx_word' id='word_1_519' title='bbox 1097 5766 1326 5837; x_wconf 84' lang='lat' dir='ltr'><strong>adeptus</strong></span> <span class='ocrx_word' id='word_1_520' title='bbox 1373 5776 1426 5823; x_wconf 90' lang='lat' dir='ltr'><strong>ct</strong></span> <span class='ocrx_word' id='word_1_521' title='bbox 1458 5773 1638 5824; x_wconf 82' lang='lat' dir='ltr'><strong>tacere</strong></span> <span class='ocrx_word' id='word_1_522' title='bbox 1678 5767 1758 5823; x_wconf 81' lang='lat' dir='ltr'><strong>vel</strong></span> <span class='ocrx_word' id='word_1_523' title='bbox 1804 5772 1974 5825; x_wconf 78' lang='lat' dir='ltr'><strong>taceri</strong></span> <span class='ocrx_word' id='word_1_524' title='bbox 2017 5771 2084 5825; x_wconf 83' lang='lat' dir='ltr'><strong>de</strong></span> <span class='ocrx_word' id='word_1_525' title='bbox 2131 5788 2234 5829; x_wconf 78' lang='lat' dir='ltr'><strong>ca:-</strong></span> 
     </span>
    </p>
   </div>
   <div class='ocr_carea' id='block_1_78' title="bbox 2260 4512 2314 4572">
    <p class='ocr_par' dir='ltr' id='par_1_78' title="bbox 2260 4512 2314 4572">
     <span class='ocr_line' id='line_1_78' title="bbox 2260 4512 2314 4572; baseline 0 0"><span class='ocrx_word' id='word_1_526' title='bbox 2260 4512 2314 4572; x_wconf 77' lang='grc' dir='ltr'><strong><em>Β</em></strong></span> 
     </span>
    </p>
   </div>
   <div class='ocr_carea' id='block_1_79' title="bbox 2419 1942 3940 2017">
    <p class='ocr_par' dir='ltr' id='par_1_79' title="bbox 2419 1942 3940 2017">
     <span class='ocr_line' id='line_1_79' title="bbox 2419 1942 3940 2017; baseline -0.005 -17"><span class='ocrx_word' id='word_1_527' title='bbox 2419 1946 2532 2010; x_wconf 84' lang='grc' dir='ltr'>Τὰς</span> <span class='ocrx_word' id='word_1_528' title='bbox 2546 1947 2790 2000; x_wconf 78' lang='grc' dir='ltr'><strong>Ἰωάννου</strong></span> <span class='ocrx_word' id='word_1_529' title='bbox 2806 1947 2967 2000; x_wconf 78' lang='grc' dir='ltr'>δὲκαὶ</span> <span class='ocrx_word' id='word_1_530' title='bbox 2984 1948 3166 2017; x_wconf 82' lang='grc' dir='ltr'>Κύρου</span> <span class='ocrx_word' id='word_1_531' title='bbox 3185 1944 3630 2015; x_wconf 78' lang='grc' dir='ltr'>θαυματουργίας</span> <span class='ocrx_word' id='word_1_532' title='bbox 3650 1945 3698 1996; x_wconf 85' lang='grc' dir='ltr'>οἱ</span> <span class='ocrx_word' id='word_1_533' title='bbox 3722 1962 3747 1989; x_wconf 75' lang='grc' dir='ltr'><strong>τ</strong></span> <span class='ocrx_word' id='word_1_534' title='bbox 3764 1942 3940 2008; x_wconf 81' lang='grc' dir='ltr'>ροσόν-</span> 
     </span>
    </p>
   </div>
   <div class='ocr_carea' id='block_1_80' title="bbox 2348 2034 3938 2109">
    <p class='ocr_par' dir='ltr' id='par_1_80' title="bbox 2348 2034 3938 2109">
     <span class='ocr_line' id='line_1_80' title="bbox 2348 2034 3938 2109; baseline -0.004 -17"><span class='ocrx_word' id='word_1_535' title='bbox 2348 2056 2440 2102; x_wconf 86' lang='grc' dir='ltr'><strong>τες</strong></span> <span class='ocrx_word' id='word_1_536' title='bbox 2467 2038 2776 2103; x_wconf 86' lang='grc' dir='ltr'>ἀκούοντες,</span> <span class='ocrx_word' id='word_1_537' title='bbox 2797 2042 2892 2093; x_wconf 74' lang='grc' dir='ltr'><strong>καὶ</strong></span> <span class='ocrx_word' id='word_1_538' title='bbox 2910 2041 2971 2092; x_wconf 82' lang='grc' dir='ltr'><strong>ού</strong></span> <span class='ocrx_word' id='word_1_539' title='bbox 2995 2040 3153 2109; x_wconf 85' lang='grc' dir='ltr'>μόνον</span> <span class='ocrx_word' id='word_1_540' title='bbox 3176 2040 3466 2101; x_wconf 79' lang='grc' dir='ltr'>ἀκούοντες</span> <span class='ocrx_word' id='word_1_541' title='bbox 3485 2037 3619 2090; x_wconf 67' lang='grc' dir='ltr'>ἀλλὰ</span> <span class='ocrx_word' id='word_1_542' title='bbox 3636 2038 3730 2088; x_wconf 68' lang='grc' dir='ltr'>καὶ</span> <span class='ocrx_word' id='word_1_543' title='bbox 3748 2034 3938 2102; x_wconf 61' lang='grc' dir='ltr'>σαφῶς</span> 
     </span>
    </p>
   </div>
   <div class='ocr_carea' id='block_1_81' title="bbox 2349 2126 3937 2201">
    <p class='ocr_par' dir='ltr' id='par_1_81' title="bbox 2349 2126 3937 2201">
     <span class='ocr_line' id='line_1_81' title="bbox 2349 2126 3937 2201; baseline -0.006 -18"><span class='ocrx_word' id='word_1_544' title='bbox 2349 2130 2701 2201; x_wconf 73' lang='grc' dir='ltr'>ἐπιστάμενοι</span> <span class='ocrx_word' id='word_1_545' title='bbox 2726 2145 2742 2161; x_wconf 77' lang='grc'><em>’</em></span> <span class='ocrx_word' id='word_1_546' title='bbox 2794 2131 2991 2198; x_wconf 83' lang='grc' dir='ltr'>γείτων</span> <span class='ocrx_word' id='word_1_547' title='bbox 3029 2129 3202 2201; x_wconf 74' lang='grc' dir='ltr'>γὰρὴ</span> <span class='ocrx_word' id='word_1_548' title='bbox 3246 2127 3397 2198; x_wconf 86' lang='grc' dir='ltr'>χώρα</span> <span class='ocrx_word' id='word_1_549' title='bbox 3439 2126 3793 2193; x_wconf 79' lang='grc' dir='ltr'>καθέστηκεν,</span> <span class='ocrx_word' id='word_1_550' title='bbox 3841 2126 3937 2175; x_wconf 69' lang='grc' dir='ltr'><strong>καὶ</strong></span> 
     </span>
    </p>
   </div>
   <div class='ocr_carea' id='block_1_82' title="bbox 2347 2214 3938 2293">
    <p class='ocr_par' dir='ltr' id='par_1_82' title="bbox 2347 2214 3938 2293">
     <span class='ocr_line' id='line_1_82' title="bbox 2347 2214 3938 2293; baseline -0.006 -18"><span class='ocrx_word' id='word_1_551' title='bbox 2347 2221 2417 2275; x_wconf 79' lang='grc' dir='ltr'>τὰ</span> <span class='ocrx_word' id='word_1_552' title='bbox 2464 2223 2574 2277; x_wconf 85' lang='grc' dir='ltr'>τῶν</span> <span class='ocrx_word' id='word_1_553' title='bbox 2625 2222 3025 2293; x_wconf 73' lang='grc' dir='ltr'>Ἀλεξανδρέων</span> <span class='ocrx_word' id='word_1_554' title='bbox 3064 2221 3161 2290; x_wconf 76' lang='grc' dir='ltr'>οὐχ</span> <span class='ocrx_word' id='word_1_555' title='bbox 3201 2215 3365 2290; x_wconf 86' lang='grc' dir='ltr'>ἦττον</span> <span class='ocrx_word' id='word_1_556' title='bbox 3393 2218 3502 2271; x_wconf 83' lang='grc' dir='ltr'><strong>τῶν</strong></span> <span class='ocrx_word' id='word_1_557' title='bbox 3542 2214 3938 2284; x_wconf 76' lang='grc' dir='ltr'>Ἀλεξανδρέων</span> 
     </span>
    </p>
   </div>
   <div class='ocr_carea' id='block_1_83' title="bbox 2351 2304 3942 2384">
    <p class='ocr_par' dir='ltr' id='par_1_83' title="bbox 2351 2304 3942 2384">
     <span class='ocr_line' id='line_1_83' title="bbox 2351 2304 3942 2384; baseline -0.006 -20"><span class='ocrx_word' id='word_1_558' title='bbox 2351 2311 2735 2379; x_wconf 76' lang='grc' dir='ltr'><strong>μανθάνουσιν·</strong></span> <span class='ocrx_word' id='word_1_559' title='bbox 2780 2310 2971 2364; x_wconf 81' lang='grc' dir='ltr'>τοῦτον</span> <span class='ocrx_word' id='word_1_560' title='bbox 3014 2310 3243 2379; x_wconf 84' lang='grc' dir='ltr'>ἄγοντες</span> <span class='ocrx_word' id='word_1_561' title='bbox 3281 2308 3553 2378; x_wconf 72' lang='grc' dir='ltr'>ἔρχονται,</span> <span class='ocrx_word' id='word_1_562' title='bbox 3597 2309 3691 2359; x_wconf 58' lang='grc' dir='ltr'>καὶ</span> <span class='ocrx_word' id='word_1_563' title='bbox 3724 2304 3942 2384; x_wconf 70' lang='grc' dir='ltr'>τῷτιῖτν</span> 
     </span>
    </p>
   </div>
   <div class='ocr_carea' id='block_1_84' title="bbox 2350 2397 3943 2474">
    <p class='ocr_par' dir='ltr' id='par_1_84' title="bbox 2350 2397 3943 2474">
     <span class='ocr_line' id='line_1_84' title="bbox 2350 2397 3943 2474; baseline -0.008 -17"><span class='ocrx_word' id='word_1_564' title='bbox 2350 2404 2520 2473; x_wconf 82' lang='grc' dir='ltr'>ἁγίων</span> <span class='ocrx_word' id='word_1_565' title='bbox 2573 2404 2979 2474; x_wconf 82' lang='grc' dir='ltr'>προσπίπτουσι</span> <span class='ocrx_word' id='word_1_566' title='bbox 3040 2404 3306 2472; x_wconf 88' lang='grc' dir='ltr'>μνήματι,</span> <span class='ocrx_word' id='word_1_567' title='bbox 3358 2398 3572 2469; x_wconf 79' lang='grc' dir='ltr'>βοηθεῖν</span> <span class='ocrx_word' id='word_1_568' title='bbox 3620 2399 3817 2460; x_wconf 75' lang='grc' dir='ltr'>αὐτοὺς</span> <span class='ocrx_word' id='word_1_569' title='bbox 3860 2397 3943 2462; x_wconf 68' lang='grc' dir='ltr'>τῷ</span> 
     </span>
    </p>
   </div>
   <div class='ocr_carea' id='block_1_85' title="bbox 2348 2486 3942 2563">
    <p class='ocr_par' dir='ltr' id='par_1_85' title="bbox 2348 2486 3942 2563">
     <span class='ocr_line' id='line_1_85' title="bbox 2348 2486 3942 2563; baseline -0.006 -15"><span class='ocrx_word' id='word_1_570' title='bbox 2348 2494 2593 2549; x_wconf 77' lang='grc' dir='ltr'>νοσοῦντι</span> <span class='ocrx_word' id='word_1_571' title='bbox 2622 2494 2866 2563; x_wconf 83' lang='grc' dir='ltr'>δεόμενοι</span> <span class='ocrx_word' id='word_1_572' title='bbox 2892 2510 2908 2525; x_wconf 80' lang='grc' dir='ltr'><strong>ο</strong></span> <span class='ocrx_word' id='word_1_573' title='bbox 2936 2494 2987 2546; x_wconf 82' lang='lat' dir='ltr'><strong>oi</strong></span> <span class='ocrx_word' id='word_1_574' title='bbox 3023 2492 3078 2545; x_wconf 82' lang='grc' dir='ltr'>δὲ</span> <span class='ocrx_word' id='word_1_575' title='bbox 3119 2491 3211 2544; x_wconf 74' lang='grc' dir='ltr'>τὸν</span> <span class='ocrx_word' id='word_1_576' title='bbox 3257 2490 3526 2543; x_wconf 73' lang='grc' dir='ltr'>Ἑλπίδιον</span> <span class='ocrx_word' id='word_1_577' title='bbox 3560 2489 3656 2541; x_wconf 71' lang='grc' dir='ltr'><strong>καὶ</strong></span> <span class='ocrx_word' id='word_1_578' title='bbox 3692 2488 3799 2555; x_wconf 83' lang='grc' dir='ltr'>πρὸ</span> <span class='ocrx_word' id='word_1_579' title='bbox 3841 2486 3942 2554; x_wconf 70' lang='grc' dir='ltr'>τῆς</span> 
     </span>
    </p>
   </div>
   <div class='ocr_carea' id='block_1_86' title="bbox 2346 2579 3933 2655">
    <p class='ocr_par' dir='ltr' id='par_1_86' title="bbox 2346 2579 3933 2655">
     <span class='ocr_line' id='line_1_86' title="bbox 2346 2579 3933 2655; baseline -0.006 -16"><span class='ocrx_word' id='word_1_580' title='bbox 2346 2587 2586 2655; x_wconf 78' lang='grc' dir='ltr'><strong>ἀφίξεως</strong></span> <span class='ocrx_word' id='word_1_581' title='bbox 2630 2587 2972 2655; x_wconf 72' lang='grc' dir='ltr'>ἐλεήσαντες,</span> <span class='ocrx_word' id='word_1_582' title='bbox 3009 2585 3103 2638; x_wconf 68' lang='grc' dir='ltr'><strong>καὶ</strong></span> <span class='ocrx_word' id='word_1_583' title='bbox 3125 2584 3225 2654; x_wconf 76' lang='grc' dir='ltr'>τὴν</span> <span class='ocrx_word' id='word_1_584' title='bbox 3270 2582 3378 2635; x_wconf 84' lang='grc' dir='ltr'><strong>τῶν</strong></span> <span class='ocrx_word' id='word_1_585' title='bbox 3414 2582 3688 2652; x_wconf 80' lang='grc' dir='ltr'>δαιμόνων</span> <span class='ocrx_word' id='word_1_586' title='bbox 3720 2579 3933 2632; x_wconf 79' lang='grc' dir='ltr'>ἐπιϐου-</span> 
     </span>
    </p>
   </div>
   <div class='ocr_carea' id='block_1_87' title="bbox 2346 2672 3942 2747">
    <p class='ocr_par' dir='ltr' id='par_1_87' title="bbox 2346 2672 3942 2747">
     <span class='ocr_line' id='line_1_87' title="bbox 2346 2672 3942 2747; baseline -0.004 -17"><span class='ocrx_word' id='word_1_587' title='bbox 2346 2677 2445 2747; x_wconf 80' lang='grc' dir='ltr'>λὴν</span> <span class='ocrx_word' id='word_1_588' title='bbox 2471 2678 2571 2730; x_wconf 77' lang='grc' dir='ltr'><strong>οὐκ</strong></span> <span class='ocrx_word' id='word_1_589' title='bbox 2613 2678 2981 2747; x_wconf 78' lang='grc' dir='ltr'>ἀγνοήσαντες</span> <span class='ocrx_word' id='word_1_590' title='bbox 3004 2718 3019 2742; x_wconf 91' lang='grc'><strong>,</strong></span> <span class='ocrx_word' id='word_1_591' title='bbox 3051 2678 3185 2745; x_wconf 80' lang='grc' dir='ltr'>ὄναρ</span> <span class='ocrx_word' id='word_1_592' title='bbox 3229 2675 3488 2744; x_wconf 78' lang='grc' dir='ltr'>φανέντες</span> <span class='ocrx_word' id='word_1_593' title='bbox 3531 2675 3752 2727; x_wconf 81' lang='grc' dir='ltr'>ίάσαντο</span> <span class='ocrx_word' id='word_1_594' title='bbox 3788 2688 3800 2700; x_wconf 92' lang='grc'><strong>·</strong></span> <span class='ocrx_word' id='word_1_595' title='bbox 3846 2672 3942 2724; x_wconf 75' lang='grc' dir='ltr'><strong>καὶ</strong></span> 
     </span>
    </p>
   </div>
   <div class='ocr_carea' id='block_1_88' title="bbox 2344 2763 3943 2839">
    <p class='ocr_par' dir='ltr' id='par_1_88' title="bbox 2344 2763 3943 2839">
     <span class='ocr_line' id='line_1_88' title="bbox 2344 2763 3943 2839; baseline -0.006 -17"><span class='ocrx_word' id='word_1_596' title='bbox 2344 2768 2504 2822; x_wconf 77' lang='grc' dir='ltr'>τοῦτο</span> <span class='ocrx_word' id='word_1_597' title='bbox 2556 2770 2731 2822; x_wconf 78' lang='grc' dir='ltr'>ποιεῖν</span> <span class='ocrx_word' id='word_1_598' title='bbox 2766 2769 2905 2839; x_wconf 73' lang='grc' dir='ltr'>πρὸς</span> <span class='ocrx_word' id='word_1_599' title='bbox 2960 2768 3174 2820; x_wconf 86' lang='grc' dir='ltr'>τελείαν</span> <span class='ocrx_word' id='word_1_600' title='bbox 3205 2766 3299 2819; x_wconf 79' lang='grc' dir='ltr'>τοῦ</span> <span class='ocrx_word' id='word_1_601' title='bbox 3332 2765 3539 2828; x_wconf 80' lang='grc' dir='ltr'>πάθους</span> <span class='ocrx_word' id='word_1_602' title='bbox 3591 2763 3943 2826; x_wconf 80' lang='grc' dir='ltr'>θεσπίζουσιν</span> 
     </span>
    </p>
   </div>
   <div class='ocr_carea' id='block_1_89' title="bbox 2349 2855 3943 2930">
    <p class='ocr_par' dir='ltr' id='par_1_89' title="bbox 2349 2855 3943 2930">
     <span class='ocr_line' id='line_1_89' title="bbox 2349 2855 3943 2930; baseline -0.004 -16"><span class='ocrx_word' id='word_1_603' title='bbox 2349 2863 2493 2915; x_wconf 72' lang='grc' dir='ltr'>ἴασιν</span> <span class='ocrx_word' id='word_1_604' title='bbox 2521 2877 2534 2891; x_wconf 87' lang='grc'>·</span> <span class='ocrx_word' id='word_1_605' title='bbox 2564 2860 2709 2930; x_wconf 74' lang='grc' dir='ltr'>ὕδωρ</span> <span class='ocrx_word' id='word_1_606' title='bbox 2739 2861 2962 2928; x_wconf 74' lang='grc' dir='ltr'>ἐνέγκαι</span> <span class='ocrx_word' id='word_1_607' title='bbox 3002 2860 3110 2912; x_wconf 83' lang='grc' dir='ltr'>τῶν</span> <span class='ocrx_word' id='word_1_608' title='bbox 3151 2859 3388 2912; x_wconf 82' lang='grc' dir='ltr'>Ἀδύτων</span> <span class='ocrx_word' id='word_1_609' title='bbox 3424 2858 3720 2911; x_wconf 75' lang='grc' dir='ltr'>ἐκέλευσαν</span> <span class='ocrx_word' id='word_1_610' title='bbox 3744 2873 3757 2886; x_wconf 73' lang='grc' dir='ltr'><strong>ο</strong></span> <span class='ocrx_word' id='word_1_611' title='bbox 3790 2855 3943 2908; x_wconf 77' lang='grc' dir='ltr'>ἔστιν</span> 
     </span>
    </p>
   </div>
   <div class='ocr_carea' id='block_1_90' title="bbox 2346 2947 3943 3020">
    <p class='ocr_par' dir='ltr' id='par_1_90' title="bbox 2346 2947 3943 3020">
     <span class='ocr_line' id='line_1_90' title="bbox 2346 2947 3943 3020; baseline -0.003 -16"><span class='ocrx_word' id='word_1_612' title='bbox 2346 2950 2405 3004; x_wconf 74' lang='grc' dir='ltr'>δὲ</span> <span class='ocrx_word' id='word_1_613' title='bbox 2434 2950 2596 3020; x_wconf 84' lang='grc' dir='ltr'>λίμνη</span> <span class='ocrx_word' id='word_1_614' title='bbox 2648 2949 2720 3003; x_wconf 82' lang='grc' dir='ltr'><strong>τὰ</strong></span> <span class='ocrx_word' id='word_1_615' title='bbox 2750 2950 2978 3014; x_wconf 82' lang='grc' dir='ltr'>Ἀδυτα,</span> <span class='ocrx_word' id='word_1_616' title='bbox 3034 2948 3444 3019; x_wconf 80' lang='grc' dir='ltr'>’Λλεξανδρείας</span> <span class='ocrx_word' id='word_1_617' title='bbox 3480 2947 3723 3009; x_wconf 78' lang='grc' dir='ltr'>σταδίους</span> <span class='ocrx_word' id='word_1_618' title='bbox 3746 2963 3943 2999; x_wconf 82' lang='grc' dir='ltr'>πεντα-</span> 
     </span>
    </p>
   </div>
   <div class='ocr_carea' id='block_1_91' title="bbox 2347 3036 3939 3109">
    <p class='ocr_par' dir='ltr' id='par_1_91' title="bbox 2347 3036 3939 3109">
     <span class='ocr_line' id='line_1_91' title="bbox 2347 3036 3939 3109; baseline -0.006 -15"><span class='ocrx_word' id='word_1_619' title='bbox 2347 3040 2562 3102; x_wconf 79' lang='grc' dir='ltr'>κοσίους</span> <span class='ocrx_word' id='word_1_620' title='bbox 2603 3040 2907 3109; x_wconf 79' lang='grc' dir='ltr'>ἀπέχουσα,</span> <span class='ocrx_word' id='word_1_621' title='bbox 2945 3038 3083 3108; x_wconf 78' lang='grc' dir='ltr'>πρὸς</span> <span class='ocrx_word' id='word_1_622' title='bbox 3124 3037 3278 3090; x_wconf 86' lang='grc' dir='ltr'>δύσιν</span> <span class='ocrx_word' id='word_1_623' title='bbox 3308 3038 3401 3089; x_wconf 80' lang='grc' dir='ltr'><strong>καὶ</strong></span> <span class='ocrx_word' id='word_1_624' title='bbox 3451 3037 3646 3105; x_wconf 81' lang='grc' dir='ltr'>λίμνην</span> <span class='ocrx_word' id='word_1_625' title='bbox 3695 3036 3792 3104; x_wconf 74' lang='grc' dir='ltr'>τὴν</span> <span class='ocrx_word' id='word_1_626' title='bbox 3821 3036 3939 3102; x_wconf 80' lang='grc' dir='ltr'>γεί-</span> 
     </span>
    </p>
   </div>
   <div class='ocr_carea' id='block_1_92' title="bbox 2347 3127 3939 3201">
    <p class='ocr_par' dir='ltr' id='par_1_92' title="bbox 2347 3127 3939 3201">
     <span class='ocr_line' id='line_1_92' title="bbox 2347 3127 3939 3201; baseline -0.003 -18"><span class='ocrx_word' id='word_1_627' title='bbox 2347 3149 2495 3186; x_wconf 84' lang='grc' dir='ltr'>τονα.</span> <span class='ocrx_word' id='word_1_628' title='bbox 2523 3131 2742 3201; x_wconf 84' lang='grc' dir='ltr'>Ταύτης</span> <span class='ocrx_word' id='word_1_629' title='bbox 2782 3130 2878 3190; x_wconf 82' lang='grc' dir='ltr'>τοῦ</span> <span class='ocrx_word' id='word_1_630' title='bbox 2925 3131 3168 3201; x_wconf 80' lang='grc' dir='ltr'>νάματος</span> <span class='ocrx_word' id='word_1_631' title='bbox 3197 3128 3483 3198; x_wconf 77' lang='grc' dir='ltr'>ἐνεχθῆναι</span> <span class='ocrx_word' id='word_1_632' title='bbox 3513 3127 3939 3197; x_wconf 80' lang='grc' dir='ltr'>προστάττουσι.</span> 
     </span>
    </p>
   </div>
   <div class='ocr_carea' id='block_1_93' title="bbox 2349 3216 3944 3294">
    <p class='ocr_par' dir='ltr' id='par_1_93' title="bbox 2349 3216 3944 3294">
     <span class='ocr_line' id='line_1_93' title="bbox 2349 3216 3944 3294; baseline -0.008 -17"><span class='ocrx_word' id='word_1_633' title='bbox 2349 3224 2443 3279; x_wconf 76' lang='grc' dir='ltr'><strong>καὶ</strong></span> <span class='ocrx_word' id='word_1_634' title='bbox 2469 3223 2606 3294; x_wconf 65' lang='grc' dir='ltr'>προς</span> <span class='ocrx_word' id='word_1_635' title='bbox 2655 3222 2814 3276; x_wconf 88' lang='grc' dir='ltr'>πόσιν</span> <span class='ocrx_word' id='word_1_636' title='bbox 2839 3222 3061 3291; x_wconf 77' lang='grc' dir='ltr'>δοθῆναι</span> <span class='ocrx_word' id='word_1_637' title='bbox 3092 3220 3172 3292; x_wconf 79' lang='grc' dir='ltr'><strong>τῷ</strong></span> <span class='ocrx_word' id='word_1_638' title='bbox 3199 3220 3480 3289; x_wconf 83' lang='grc' dir='ltr'>πάσχοντι,</span> <span class='ocrx_word' id='word_1_639' title='bbox 3509 3219 3600 3270; x_wconf 76' lang='grc' dir='ltr'><strong>καὶ</strong></span> <span class='ocrx_word' id='word_1_640' title='bbox 3629 3216 3721 3270; x_wconf 75' lang='grc' dir='ltr'>τοῦ</span> <span class='ocrx_word' id='word_1_641' title='bbox 3770 3233 3944 3284; x_wconf 71' lang='grc' dir='ltr'>προσ-</span> 
     </span>
    </p>
   </div>
   <div class='ocr_carea' id='block_1_94' title="bbox 2350 3307 3974 3384">
    <p class='ocr_par' dir='ltr' id='par_1_94' title="bbox 2350 3307 3974 3384">
     <span class='ocr_line' id='line_1_94' title="bbox 2350 3307 3974 3384; baseline -0.004 -15"><span class='ocrx_word' id='word_1_642' title='bbox 2350 3317 2503 3369; x_wconf 80' lang='grc' dir='ltr'>ώπου</span> <span class='ocrx_word' id='word_1_643' title='bbox 2532 3315 2628 3367; x_wconf 75' lang='grc' dir='ltr'><strong>καὶ</strong></span> <span class='ocrx_word' id='word_1_644' title='bbox 2657 3314 2757 3384; x_wconf 76' lang='grc' dir='ltr'>τῆς</span> <span class='ocrx_word' id='word_1_645' title='bbox 2785 3315 3031 3383; x_wconf 75' lang='grc' dir='ltr'>κεφαλῆς</span> <span class='ocrx_word' id='word_1_646' title='bbox 3060 3314 3159 3382; x_wconf 72' lang='grc' dir='ltr'>τὴν</span> <span class='ocrx_word' id='word_1_647' title='bbox 3200 3312 3529 3365; x_wconf 70' lang='grc' dir='ltr'>ἁπόπλυσιν,</span> <span class='ocrx_word' id='word_1_648' title='bbox 3563 3310 3861 3377; x_wconf 73' lang='grc' dir='ltr'>Γενομένου</span> <span class='ocrx_word' id='word_1_649' title='bbox 3886 3307 3943 3359; x_wconf 63' lang='grc' dir='ltr'>δὲ</span> <span class='ocrx_word' id='word_1_650' title='bbox 3969 3358 3974 3363; x_wconf 87' lang='grc'><strong>.</strong></span> 
     </span>
    </p>
   </div>
   <div class='ocr_carea' id='block_1_95' title="bbox 2344 3398 3945 3475">
    <p class='ocr_par' dir='ltr' id='par_1_95' title="bbox 2344 3398 3945 3475">
     <span class='ocr_line' id='line_1_95' title="bbox 2344 3398 3945 3475; baseline -0.009 -14"><span class='ocrx_word' id='word_1_651' title='bbox 2344 3407 2440 3461; x_wconf 79' lang='grc' dir='ltr'>τοῦ</span> <span class='ocrx_word' id='word_1_652' title='bbox 2467 3407 2577 3461; x_wconf 78' lang='grc' dir='ltr'>τῶν</span> <span class='ocrx_word' id='word_1_653' title='bbox 2606 3407 2777 3475; x_wconf 81' lang='grc' dir='ltr'>ἁγίων</span> <span class='ocrx_word' id='word_1_654' title='bbox 2809 3405 3201 3475; x_wconf 83' lang='grc' dir='ltr'>θεσπίσματος,</span> <span class='ocrx_word' id='word_1_655' title='bbox 3227 3405 3428 3472; x_wconf 73' lang='grc' dir='ltr'>ἤρχετο</span> <span class='ocrx_word' id='word_1_656' title='bbox 3458 3402 3519 3453; x_wconf 67' lang='grc' dir='ltr'>τὸ</span> <span class='ocrx_word' id='word_1_657' title='bbox 3545 3403 3714 3466; x_wconf 58' lang='lat' dir='ltr'><strong>vina,</strong></span> <span class='ocrx_word' id='word_1_658' title='bbox 3742 3398 3895 3449; x_wconf 69' lang='grc' dir='ltr'>ἔπιεν</span> <span class='ocrx_word' id='word_1_659' title='bbox 3917 3402 3945 3448; x_wconf 81' lang='grc' dir='ltr'><strong>ὁ</strong></span> 
     </span>
    </p>
   </div>
   <div class='ocr_carea' id='block_1_96' title="bbox 2358 3494 3939 3566">
    <p class='ocr_par' dir='ltr' id='par_1_96' title="bbox 2358 3494 3939 3566">
     <span class='ocr_line' id='line_1_96' title="bbox 2358 3494 3939 3566; baseline -0.008 -13"><span class='ocrx_word' id='word_1_660' title='bbox 2358 3498 2642 3561; x_wconf 78' lang='grc' dir='ltr'>Ἐλπίδιος.</span> <span class='ocrx_word' id='word_1_661' title='bbox 2679 3498 2772 3552; x_wconf 78' lang='grc' dir='ltr'>καὶ</span> <span class='ocrx_word' id='word_1_662' title='bbox 2793 3497 2892 3566; x_wconf 80' lang='grc' dir='ltr'>τὴν</span> <span class='ocrx_word' id='word_1_663' title='bbox 2914 3496 3159 3566; x_wconf 79' lang='grc' dir='ltr'>κεφαλὴν</span> <span class='ocrx_word' id='word_1_664' title='bbox 3189 3494 3384 3548; x_wconf 75' lang='grc' dir='ltr'>ἕπλυνε</span> <span class='ocrx_word' id='word_1_665' title='bbox 3412 3494 3506 3548; x_wconf 71' lang='grc' dir='ltr'><strong>καὶ</strong></span> <span class='ocrx_word' id='word_1_666' title='bbox 3528 3495 3598 3546; x_wconf 71' lang='grc' dir='ltr'><strong>τα</strong></span> <span class='ocrx_word' id='word_1_667' title='bbox 3627 3497 3894 3560; x_wconf 73' lang='grc' dir='ltr'>πρόσωπα</span> <span class='ocrx_word' id='word_1_668' title='bbox 3927 3510 3939 3521; x_wconf 87' lang='grc'>·</span> 
     </span>
    </p>
   </div>
   <div class='ocr_carea' id='block_1_97' title="bbox 2345 3579 3943 3658">
    <p class='ocr_par' dir='ltr' id='par_1_97' title="bbox 2345 3579 3943 3658">
     <span class='ocr_line' id='line_1_97' title="bbox 2345 3579 3943 3658; baseline -0.008 -12"><span class='ocrx_word' id='word_1_669' title='bbox 2345 3592 2441 3646; x_wconf 61' lang='grc' dir='ltr'><strong>καί⁹</strong></span> <span class='ocrx_word' id='word_1_670' title='bbox 2466 3590 2529 3644; x_wconf 76' lang='grc' dir='ltr'><strong>τὺ</strong></span> <span class='ocrx_word' id='word_1_671' title='bbox 2554 3589 2727 3652; x_wconf 78' lang='grc' dir='ltr'>πάθος</span> <span class='ocrx_word' id='word_1_672' title='bbox 2754 3589 2915 3652; x_wconf 76' lang='grc' dir='ltr'>εὐθὺς</span> <span class='ocrx_word' id='word_1_673' title='bbox 2948 3587 3155 3657; x_wconf 77' lang='grc' dir='ltr'>ἀφανὲς</span> <span class='ocrx_word' id='word_1_674' title='bbox 3196 3586 3293 3639; x_wconf 67' lang='grc' dir='ltr'><strong>καὶ</strong></span> <span class='ocrx_word' id='word_1_675' title='bbox 3323 3584 3554 3658; x_wconf 82' lang='grc' dir='ltr'>φροῦδον</span> <span class='ocrx_word' id='word_1_676' title='bbox 3587 3584 3798 3652; x_wconf 82' lang='grc' dir='ltr'>ἐγίνετο</span> <span class='ocrx_word' id='word_1_677' title='bbox 3828 3600 3840 3610; x_wconf 76' lang='grc'><em>’</em></span> <span class='ocrx_word' id='word_1_678' title='bbox 3874 3579 3943 3649; x_wconf 73' lang='grc' dir='ltr'>ἦν</span> 
     </span>
    </p>
   </div>
   <div class='ocr_carea' id='block_1_98' title="bbox 2342 3672 3938 3752">
    <p class='ocr_par' dir='ltr' id='par_1_98' title="bbox 2342 3672 3938 3752">
     <span class='ocr_line' id='line_1_98' title="bbox 2342 3672 3938 3752; baseline -0.008 -16"><span class='ocrx_word' id='word_1_679' title='bbox 2342 3683 2400 3737; x_wconf 82' lang='grc' dir='ltr'>δὲ</span> <span class='ocrx_word' id='word_1_680' title='bbox 2428 3684 2488 3735; x_wconf 82' lang='grc' dir='ltr'>τὸ</span> <span class='ocrx_word' id='word_1_681' title='bbox 2521 3683 2755 3752; x_wconf 83' lang='grc' dir='ltr'>πρᾶγμα</span> <span class='ocrx_word' id='word_1_682' title='bbox 2776 3680 3054 3749; x_wconf 80' lang='grc' dir='ltr'>θαύματος</span> <span class='ocrx_word' id='word_1_683' title='bbox 3087 3678 3256 3742; x_wconf 81' lang='grc' dir='ltr'>ἄξιον,</span> <span class='ocrx_word' id='word_1_684' title='bbox 3289 3678 3370 3731; x_wconf 82' lang='grc' dir='ltr'>ὅτι</span> <span class='ocrx_word' id='word_1_685' title='bbox 3402 3676 3461 3729; x_wconf 66' lang='grc' dir='ltr'><strong>τ’)</strong></span> <span class='ocrx_word' id='word_1_686' title='bbox 3489 3675 3639 3743; x_wconf 86' lang='grc' dir='ltr'>νάμα</span> <span class='ocrx_word' id='word_1_687' title='bbox 3664 3673 3724 3726; x_wconf 77' lang='grc' dir='ltr'>τὸ</span> <span class='ocrx_word' id='word_1_688' title='bbox 3762 3672 3938 3725; x_wconf 83' lang='grc' dir='ltr'>ἄστα-</span> 
     </span>
    </p>
   </div>
   <div class='ocr_carea' id='block_1_99' title="bbox 2344 3762 3940 3843">
    <p class='ocr_par' dir='ltr' id='par_1_99' title="bbox 2344 3762 3940 3843">
     <span class='ocr_line' id='line_1_99' title="bbox 2344 3762 3940 3843; baseline -0.007 -17"><span class='ocrx_word' id='word_1_689' title='bbox 2344 3791 2436 3829; x_wconf 83' lang='grc' dir='ltr'><strong>τον</strong></span> <span class='ocrx_word' id='word_1_690' title='bbox 2469 3775 2593 3843; x_wconf 78' lang='grc' dir='ltr'>ίστη</span> <span class='ocrx_word' id='word_1_691' title='bbox 2633 3772 2878 3842; x_wconf 79' lang='grc' dir='ltr'>κεφαλὴν</span> <span class='ocrx_word' id='word_1_692' title='bbox 2904 3772 3002 3825; x_wconf 73' lang='grc' dir='ltr'><strong>καὶ</strong></span> <span class='ocrx_word' id='word_1_693' title='bbox 3032 3770 3324 3840; x_wconf 83' lang='grc' dir='ltr'>πρόσωπον</span> <span class='ocrx_word' id='word_1_694' title='bbox 3352 3767 3588 3825; x_wconf 77' lang='grc' dir='ltr'>ἄστατον</span> <span class='ocrx_word' id='word_1_695' title='bbox 3616 3781 3631 3796; x_wconf 76' lang='grc' dir='ltr'><strong>ο</strong></span> <span class='ocrx_word' id='word_1_696' title='bbox 3665 3766 3759 3816; x_wconf 71' lang='grc' dir='ltr'><strong>καὶ</strong></span> <span class='ocrx_word' id='word_1_697' title='bbox 3789 3762 3940 3832; x_wconf 77' lang='grc' dir='ltr'>ὕδωρ</span> 
     </span>
    </p>
   </div>
   <div class='ocr_carea' id='block_1_100' title="bbox 2343 3856 3942 3936">
    <p class='ocr_par' dir='ltr' id='par_1_100' title="bbox 2343 3856 3942 3936">
     <span class='ocr_line' id='line_1_100' title="bbox 2343 3856 3942 3936; baseline -0.009 -16"><span class='ocrx_word' id='word_1_698' title='bbox 2343 3867 2406 3922; x_wconf 83' lang='grc' dir='ltr'>τὸ</span> <span class='ocrx_word' id='word_1_699' title='bbox 2432 3867 2522 3921; x_wconf 80' lang='grc' dir='ltr'><strong>ἀεὶ</strong></span> <span class='ocrx_word' id='word_1_700' title='bbox 2553 3869 2619 3935; x_wconf 86' lang='grc' dir='ltr'><strong>τῇ</strong></span> <span class='ocrx_word' id='word_1_701' title='bbox 2670 3865 2853 3936; x_wconf 78' lang='grc' dir='ltr'>ῥεύσει</span> <span class='ocrx_word' id='word_1_702' title='bbox 2879 3864 3223 3931; x_wconf 72' lang='grc' dir='ltr'>κινούμενον,</span> <span class='ocrx_word' id='word_1_703' title='bbox 3270 3860 3569 3929; x_wconf 79' lang='grc' dir='ltr'>ἁκλόνητον</span> <span class='ocrx_word' id='word_1_704' title='bbox 3624 3859 3795 3910; x_wconf 78' lang='grc' dir='ltr'>ἐποίει</span> <span class='ocrx_word' id='word_1_705' title='bbox 3849 3856 3942 3907; x_wconf 64' lang='grc' dir='ltr'>τὸ.</span> 
     </span>
    </p>
   </div>
   <div class='ocr_carea' id='block_1_101' title="bbox 2345 3943 3942 4028">
    <p class='ocr_par' dir='ltr' id='par_1_101' title="bbox 2345 3943 3942 4028">
     <span class='ocr_line' id='line_1_101' title="bbox 2345 3943 3942 4028; baseline -0.009 -16"><span class='ocrx_word' id='word_1_706' title='bbox 2345 3959 2435 4013; x_wconf 78' lang='grc' dir='ltr'><strong>ἀεὶ</strong></span> <span class='ocrx_word' id='word_1_707' title='bbox 2485 3956 2849 4028; x_wconf 87' lang='grc' dir='ltr'>κλονούμενον</span> <span class='ocrx_word' id='word_1_708' title='bbox 2881 3954 3176 4026; x_wconf 80' lang='grc' dir='ltr'>τράχηλον.</span> <span class='ocrx_word' id='word_1_709' title='bbox 3217 3951 3488 4014; x_wconf 83' lang='grc' dir='ltr'>Ἑλπίδιος</span> <span class='ocrx_word' id='word_1_710' title='bbox 3532 3950 3630 4018; x_wconf 78' lang='grc' dir='ltr'>μὲν</span> <span class='ocrx_word' id='word_1_711' title='bbox 3669 3943 3766 4001; x_wconf 70' lang='grc' dir='ltr'>οὖν</span> <span class='ocrx_word' id='word_1_712' title='bbox 3792 3946 3942 3998; x_wconf 73' lang='grc' dir='ltr'>οὕτω</span> 
     </span>
    </p>
   </div>
   <div class='ocr_carea' id='block_1_102' title="bbox 2341 4040 3937 4123">
    <p class='ocr_par' dir='ltr' id='par_1_102' title="bbox 2341 4040 3937 4123">
     <span class='ocr_line' id='line_1_102' title="bbox 2341 4040 3937 4123; baseline -0.009 -18"><span class='ocrx_word' id='word_1_713' title='bbox 2341 4052 2442 4123; x_wconf 85' lang='grc' dir='ltr'><strong>τὴν</strong></span> <span class='ocrx_word' id='word_1_714' title='bbox 2480 4051 2781 4121; x_wconf 83' lang='grc' dir='ltr'>θεραπείαν</span> <span class='ocrx_word' id='word_1_715' title='bbox 2822 4049 3144 4120; x_wconf 82' lang='grc' dir='ltr'>εὑράμενος,</span> <span class='ocrx_word' id='word_1_716' title='bbox 3181 4046 3278 4099; x_wconf 71' lang='grc' dir='ltr'><strong>καὶ</strong></span> <span class='ocrx_word' id='word_1_717' title='bbox 3302 4044 3401 4114; x_wconf 81' lang='grc' dir='ltr'>τὴν</span> <span class='ocrx_word' id='word_1_718' title='bbox 3434 4043 3590 4097; x_wconf 85' lang='grc' dir='ltr'>νόσον</span> <span class='ocrx_word' id='word_1_719' title='bbox 3618 4040 3937 4110; x_wconf 62' lang='grc' dir='ltr'>ἀποτριψά-</span> 
     </span>
    </p>
   </div>
   <div class='ocr_carea' id='block_1_103' title="bbox 2346 4133 3937 4213">
    <p class='ocr_par' dir='ltr' id='par_1_103' title="bbox 2346 4133 3937 4213">
     <span class='ocr_line' id='line_1_103' title="bbox 2346 4133 3937 4213; baseline -0.006 -20"><span class='ocrx_word' id='word_1_720' title='bbox 2346 4158 2526 4213; x_wconf 88' lang='grc' dir='ltr'>μενος,</span> <span class='ocrx_word' id='word_1_721' title='bbox 2549 4139 2677 4204; x_wconf 83' lang='grc' dir='ltr'>τοὺς</span> <span class='ocrx_word' id='word_1_722' title='bbox 2706 4140 2899 4208; x_wconf 85' lang='grc' dir='ltr'>ἁγίους</span> <span class='ocrx_word' id='word_1_723' title='bbox 2935 4138 3185 4208; x_wconf 81' lang='grc' dir='ltr'>ὑμνήσας</span> <span class='ocrx_word' id='word_1_724' title='bbox 3214 4134 3491 4205; x_wconf 82' lang='grc' dir='ltr'>ἀπῴχετο,</span> <span class='ocrx_word' id='word_1_725' title='bbox 3518 4133 3614 4185; x_wconf 74' lang='grc' dir='ltr'><strong>καὶ</strong></span> <span class='ocrx_word' id='word_1_726' title='bbox 3646 4133 3746 4201; x_wconf 76' lang='grc' dir='ltr'><strong>τὴν</strong></span> <span class='ocrx_word' id='word_1_727' title='bbox 3780 4134 3937 4196; x_wconf 76' lang='grc' dir='ltr'>ἐνεγ-</span> 
     </span>
    </p>
   </div>
   <div class='ocr_carea' id='block_1_104' title="bbox 2344 4224 3945 4303">
    <p class='ocr_par' dir='ltr' id='par_1_104' title="bbox 2344 4224 3945 4303">
     <span class='ocr_line' id='line_1_104' title="bbox 2344 4224 3945 4303; baseline -0.029 2"><span class='ocrx_word' id='word_1_728' title='bbox 2344 4231 2592 4302; x_wconf 70' lang='grc' dir='ltr'>κειμένην</span> <span class='ocrx_word' id='word_1_729' title='bbox 2668 4229 2984 4303; x_wconf 73' lang='grc' dir='ltr'>ἐρρωμένος</span> <span class='ocrx_word' id='word_1_730' title='bbox 3045 4225 3346 4281; x_wconf 81' lang='grc' dir='ltr'>κατέλαϐεν</span> <span class='ocrx_word' id='word_1_731' title='bbox 3389 4241 3404 4257; x_wconf 78' lang='grc' dir='ltr'><strong>ο</strong></span> <span class='ocrx_word' id='word_1_732' title='bbox 3458 4225 3553 4288; x_wconf 80' lang='grc' dir='ltr'>οὓς</span> <span class='ocrx_word' id='word_1_733' title='bbox 3621 4225 3721 4277; x_wconf 64' lang='grc' dir='ltr'><strong>καὶ</strong></span> <span class='ocrx_word' id='word_1_734' title='bbox 3777 4224 3945 4293; x_wconf 63' lang='grc' dir='ltr'>ἡμεῖς</span> 
     </span>
    </p>
   </div>
   <div class='ocr_carea' id='block_1_105' title="bbox 2339 4316 3935 4392">
    <p class='ocr_par' dir='ltr' id='par_1_105' title="bbox 2339 4316 3935 4392">
     <span class='ocr_line' id='line_1_105' title="bbox 2339 4316 3935 4392; baseline -0.006 -15"><span class='ocrx_word' id='word_1_735' title='bbox 2339 4322 2583 4387; x_wconf 75' lang='grc' dir='ltr'>ἐπαξίως</span> <span class='ocrx_word' id='word_1_736' title='bbox 2620 4322 2992 4392; x_wconf 81' lang='grc' dir='ltr'>γεραίροντες,</span> <span class='ocrx_word' id='word_1_737' title='bbox 3024 4318 3219 4389; x_wconf 78' lang='grc' dir='ltr'>ἑτέραν</span> <span class='ocrx_word' id='word_1_738' title='bbox 3254 4316 3436 4370; x_wconf 78' lang='grc' dir='ltr'>αὐτῶν</span> <span class='ocrx_word' id='word_1_739' title='bbox 3476 4316 3765 4386; x_wconf 78' lang='grc' dir='ltr'>ἀριστείαν</span> <span class='ocrx_word' id='word_1_740' title='bbox 3794 4332 3935 4382; x_wconf 60' lang='grc' dir='ltr'>συγ-</span> 
     </span>
    </p>
   </div>
   <div class='ocr_carea' id='block_1_106' title="bbox 2340 4414 2664 4486">
    <p class='ocr_par' dir='ltr' id='par_1_106' title="bbox 2340 4414 2664 4486">
     <span class='ocr_line' id='line_1_106' title="bbox 2340 4414 2664 4486; baseline 0 -17"><span class='ocrx_word' id='word_1_741' title='bbox 2340 4414 2664 4486; x_wconf 78' lang='grc' dir='ltr'>γράψωμεν.</span> 
     </span>
    </p>
   </div>
   <div class='ocr_carea' id='block_1_107' title="bbox 2728 4501 3553 4573">
    <p class='ocr_par' dir='ltr' id='par_1_107' title="bbox 2728 4501 3553 4573">
     <span class='ocr_line' id='line_1_107' title="bbox 2728 4501 3553 4573; baseline -0.002 -16"><span class='ocrx_word' id='word_1_742' title='bbox 2728 4505 2845 4561; x_wconf 61' lang='grc' dir='ltr'>ΞΜ.</span> <span class='ocrx_word' id='word_1_743' title='bbox 2889 4503 3028 4573; x_wconf 80' lang='grc' dir='ltr'>Περὶ</span> <span class='ocrx_word' id='word_1_744' title='bbox 3052 4503 3162 4559; x_wconf 81' lang='grc' dir='ltr'>τοῦ</span> <span class='ocrx_word' id='word_1_745' title='bbox 3187 4501 3553 4572; x_wconf 74' lang='grc' dir='ltr'>μογιλάλον.</span> 
     </span>
    </p>
   </div>
   <div class='ocr_carea' id='block_1_108' title="bbox 2414 4591 3944 4662">
    <p class='ocr_par' dir='ltr' id='par_1_108' title="bbox 2414 4591 3944 4662">
     <span class='ocr_line' id='line_1_108' title="bbox 2414 4591 3944 4662; baseline -0.003 -15"><span class='ocrx_word' id='word_1_746' title='bbox 2414 4593 2490 4647; x_wconf 82' lang='grc' dir='ltr'>Ού</span> <span class='ocrx_word' id='word_1_747' title='bbox 2522 4592 2689 4647; x_wconf 74' lang='grc' dir='ltr'>καλὸν</span> <span class='ocrx_word' id='word_1_748' title='bbox 2720 4592 2978 4662; x_wconf 82' lang='grc' dir='ltr'>ἀδικῆσαι</span> <span class='ocrx_word' id='word_1_749' title='bbox 3000 4591 3091 4645; x_wconf 83' lang='grc' dir='ltr'>τὸν</span> <span class='ocrx_word' id='word_1_750' title='bbox 3115 4591 3335 4657; x_wconf 85' lang='grc' dir='ltr'>ἄλαλον,</span> <span class='ocrx_word' id='word_1_751' title='bbox 3378 4592 3428 4645; x_wconf 84' lang='grc' dir='ltr'><strong>εί</strong></span> <span class='ocrx_word' id='word_1_752' title='bbox 3467 4591 3564 4645; x_wconf 84' lang='grc' dir='ltr'><strong>καί</strong></span> <span class='ocrx_word' id='word_1_753' title='bbox 3606 4592 3944 4660; x_wconf 73' lang='grc' dir='ltr'>κατηγορεῖν</span> 
     </span>
    </p>
   </div>
   <div class='ocr_carea' id='block_1_109' title="bbox 2337 4682 3942 4755">
    <p class='ocr_par' dir='ltr' id='par_1_109' title="bbox 2337 4682 3942 4755">
     <span class='ocr_line' id='line_1_109' title="bbox 2337 4682 3942 4755; baseline -0.002 -18"><span class='ocrx_word' id='word_1_754' title='bbox 2337 4684 2494 4755; x_wconf 81' lang='grc' dir='ltr'>ἡμῶν</span> <span class='ocrx_word' id='word_1_755' title='bbox 2527 4685 2602 4748; x_wconf 87' lang='grc' dir='ltr'>ὡς</span> <span class='ocrx_word' id='word_1_756' title='bbox 2630 4684 2960 4738; x_wconf 80' lang='grc' dir='ltr'>ἀδικούντων</span> <span class='ocrx_word' id='word_1_757' title='bbox 3001 4685 3061 4737; x_wconf 86' lang='grc' dir='ltr'>οὐ</span> <span class='ocrx_word' id='word_1_758' title='bbox 3090 4684 3335 4747; x_wconf 82' lang='grc' dir='ltr'>δύναται,</span> <span class='ocrx_word' id='word_1_759' title='bbox 3371 4683 3483 4736; x_wconf 75' lang='grc' dir='ltr'>οὐδ’</span> <span class='ocrx_word' id='word_1_760' title='bbox 3519 4682 3679 4736; x_wconf 74' lang='grc' dir='ltr'>ἐᾶσαί</span> <span class='ocrx_word' id='word_1_761' title='bbox 3708 4700 3771 4750; x_wconf 83' lang='grc' dir='ltr'><strong>γε</strong></span> <span class='ocrx_word' id='word_1_762' title='bbox 3804 4700 3942 4735; x_wconf 83' lang='grc' dir='ltr'>σιω-</span> 
     </span>
    </p>
   </div>
   <div class='ocr_carea' id='block_1_110' title="bbox 2336 4774 3941 4846">
    <p class='ocr_par' dir='ltr' id='par_1_110' title="bbox 2336 4774 3941 4846">
     <span class='ocr_line' id='line_1_110' title="bbox 2336 4774 3941 4846; baseline -0.003 -17"><span class='ocrx_word' id='word_1_763' title='bbox 2336 4776 2613 4845; x_wconf 84' lang='grc' dir='ltr'>πώμενον,</span> <span class='ocrx_word' id='word_1_764' title='bbox 2658 4776 2779 4830; x_wconf 74' lang='grc' dir='ltr'>ἐπεὶ</span> <span class='ocrx_word' id='word_1_765' title='bbox 2815 4775 2952 4846; x_wconf 79' lang='grc' dir='ltr'>μηδὲ</span> <span class='ocrx_word' id='word_1_766' title='bbox 2988 4774 3179 4828; x_wconf 79' lang='grc' dir='ltr'>τοῦτον</span> <span class='ocrx_word' id='word_1_767' title='bbox 3204 4776 3255 4828; x_wconf 78' lang='lat' dir='ltr'><strong>ei</strong></span> <span class='ocrx_word' id='word_1_768' title='bbox 3296 4775 3500 4839; x_wconf 83' lang='grc' dir='ltr'>ἔνδοξοι</span> <span class='ocrx_word' id='word_1_769' title='bbox 3544 4774 3824 4845; x_wconf 84' lang='grc' dir='ltr'>μάρτυρες</span> <span class='ocrx_word' id='word_1_770' title='bbox 3848 4774 3941 4825; x_wconf 70' lang='grc' dir='ltr'><strong>ἀεὶ</strong></span> 
     </span>
    </p>
   </div>
   <div class='ocr_carea' id='block_1_111' title="bbox 2338 4865 3940 4937">
    <p class='ocr_par' dir='ltr' id='par_1_111' title="bbox 2338 4865 3940 4937">
     <span class='ocr_line' id='line_1_111' title="bbox 2338 4865 3940 4937; baseline -0.003 -16"><span class='ocrx_word' id='word_1_771' title='bbox 2338 4866 2579 4937; x_wconf 80' lang='grc' dir='ltr'>σιγῶντα</span> <span class='ocrx_word' id='word_1_772' title='bbox 2608 4868 2923 4930; x_wconf 79' lang='grc' dir='ltr'>κατέλιπον,</span> <span class='ocrx_word' id='word_1_773' title='bbox 2955 4867 3091 4920; x_wconf 85' lang='grc' dir='ltr'>ἀλλὰ</span> <span class='ocrx_word' id='word_1_774' title='bbox 3117 4866 3279 4921; x_wconf 83' lang='grc' dir='ltr'>λάλον</span> <span class='ocrx_word' id='word_1_775' title='bbox 3307 4867 3365 4933; x_wconf 80' lang='grc' dir='ltr'><strong>ἐξ</strong></span> <span class='ocrx_word' id='word_1_776' title='bbox 3396 4866 3611 4920; x_wconf 79' lang='grc' dir='ltr'>άλάλων</span> <span class='ocrx_word' id='word_1_777' title='bbox 3635 4865 3940 4935; x_wconf 71' lang='grc' dir='ltr'>εἰργάσαν-</span> 
     </span>
    </p>
   </div>
   <div class='ocr_carea' id='block_1_112' title="bbox 2335 4955 3941 5030">
    <p class='ocr_par' dir='ltr' id='par_1_112' title="bbox 2335 4955 3941 5030">
     <span class='ocr_line' id='line_1_112' title="bbox 2335 4955 3941 5030; baseline -0.003 -16"><span class='ocrx_word' id='word_1_778' title='bbox 2335 4976 2415 5025; x_wconf 87' lang='grc' dir='ltr'><strong>το,</strong></span> <span class='ocrx_word' id='word_1_779' title='bbox 2451 4961 2546 5013; x_wconf 75' lang='grc' dir='ltr'><strong>καὶ</strong></span> <span class='ocrx_word' id='word_1_780' title='bbox 2573 4961 2634 5012; x_wconf 75' lang='grc' dir='ltr'>τὸ</span> <span class='ocrx_word' id='word_1_781' title='bbox 2659 4955 2718 5014; x_wconf 79' lang='grc' dir='ltr'>εὖ</span> <span class='ocrx_word' id='word_1_782' title='bbox 2766 4960 2951 5013; x_wconf 69' lang='grc' dir='ltr'>λαλεὲν</span> <span class='ocrx_word' id='word_1_783' title='bbox 2976 4959 3322 5030; x_wconf 69' lang='grc' dir='ltr'>ἐχαρίσαντο,</span> <span class='ocrx_word' id='word_1_784' title='bbox 3356 4959 3447 5011; x_wconf 77' lang='grc' dir='ltr'>ἵνα</span> <span class='ocrx_word' id='word_1_785' title='bbox 3497 4957 3571 5027; x_wconf 82' lang='grc' dir='ltr'>μὴ</span> <span class='ocrx_word' id='word_1_786' title='bbox 3602 4956 3703 5025; x_wconf 82' lang='grc' dir='ltr'>τῆς</span> <span class='ocrx_word' id='word_1_787' title='bbox 3725 4959 3783 5009; x_wconf 70' lang='grc' dir='ltr'>ἐν</span> <span class='ocrx_word' id='word_1_788' title='bbox 3807 4956 3941 5010; x_wconf 62' lang='grc' dir='ltr'>τούς</span> 
     </span>
    </p>
   </div>
   <div class='ocr_carea' id='block_1_113' title="bbox 2336 5047 3934 5120">
    <p class='ocr_par' dir='ltr' id='par_1_113' title="bbox 2336 5047 3934 5120">
     <span class='ocr_line' id='line_1_113' title="bbox 2336 5047 3934 5120; baseline -0.001 -17"><span class='ocrx_word' id='word_1_789' title='bbox 2336 5067 2414 5119; x_wconf 82' lang='grc' dir='ltr'>τῳ</span> <span class='ocrx_word' id='word_1_790' title='bbox 2436 5050 2800 5120; x_wconf 85' lang='grc' dir='ltr'>τελειότητος,</span> <span class='ocrx_word' id='word_1_791' title='bbox 2830 5051 2891 5104; x_wconf 84' lang='grc' dir='ltr'>τὸ</span> <span class='ocrx_word' id='word_1_792' title='bbox 2919 5049 3126 5103; x_wconf 84' lang='grc' dir='ltr'>τέλειον</span> <span class='ocrx_word' id='word_1_793' title='bbox 3164 5050 3346 5103; x_wconf 82' lang='grc' dir='ltr'>αὐτῶν</span> <span class='ocrx_word' id='word_1_794' title='bbox 3390 5048 3602 5101; x_wconf 83' lang='grc' dir='ltr'>λίποιτο</span> <span class='ocrx_word' id='word_1_795' title='bbox 3659 5047 3934 5117; x_wconf 80' lang='grc' dir='ltr'>χάρισμα.</span> 
     </span>
    </p>
   </div>
   <div class='ocr_carea' id='block_1_114' title="bbox 2336 5134 3940 5209">
    <p class='ocr_par' dir='ltr' id='par_1_114' title="bbox 2336 5134 3940 5209">
     <span class='ocr_line' id='line_1_114' title="bbox 2336 5134 3940 5209; baseline -0.002 -17"><span class='ocrx_word' id='word_1_796' title='bbox 2336 5140 2477 5203; x_wconf 79' lang='grc' dir='ltr'>Τοὺς</span> <span class='ocrx_word' id='word_1_797' title='bbox 2524 5140 2713 5208; x_wconf 85' lang='grc' dir='ltr'>ἁγίους</span> <span class='ocrx_word' id='word_1_798' title='bbox 2762 5139 2856 5194; x_wconf 81' lang='grc' dir='ltr'>οὖν</span> <span class='ocrx_word' id='word_1_799' title='bbox 2887 5138 2983 5193; x_wconf 68' lang='grc' dir='ltr'><strong>καὶ</strong></span> <span class='ocrx_word' id='word_1_800' title='bbox 3017 5140 3180 5209; x_wconf 84' lang='grc' dir='ltr'>ἡμεῖς</span> <span class='ocrx_word' id='word_1_801' title='bbox 3223 5136 3615 5208; x_wconf 84' lang='grc' dir='ltr'>μιμησώμεθα,</span> <span class='ocrx_word' id='word_1_802' title='bbox 3669 5136 3767 5189; x_wconf 69' lang='grc' dir='ltr'><strong>καὶ</strong></span> <span class='ocrx_word' id='word_1_803' title='bbox 3796 5134 3940 5205; x_wconf 75' lang='grc' dir='ltr'>ὅπερ</span> 
     </span>
    </p>
   </div>
   <div class='ocr_carea' id='block_1_115' title="bbox 2336 5227 3943 5302">
    <p class='ocr_par' dir='ltr' id='par_1_115' title="bbox 2336 5227 3943 5302">
     <span class='ocr_line' id='line_1_115' title="bbox 2336 5227 3943 5302; baseline -0.002 -16"><span class='ocrx_word' id='word_1_804' title='bbox 2336 5233 2491 5286; x_wconf 73' lang='grc' dir='ltr'>αὐτοὶ</span> <span class='ocrx_word' id='word_1_805' title='bbox 2519 5233 2638 5285; x_wconf 86' lang='grc' dir='ltr'>τότε</span> <span class='ocrx_word' id='word_1_806' title='bbox 2664 5233 2777 5295; x_wconf 85' lang='grc' dir='ltr'>τοῖς</span> <span class='ocrx_word' id='word_1_807' title='bbox 2817 5231 3000 5302; x_wconf 83' lang='grc' dir='ltr'>ἔργοις</span> <span class='ocrx_word' id='word_1_808' title='bbox 3030 5230 3377 5301; x_wconf 81' lang='grc' dir='ltr'>δεδράκασιν,</span> <span class='ocrx_word' id='word_1_809' title='bbox 3427 5229 3588 5282; x_wconf 75' lang='grc' dir='ltr'>τοῦτο</span> <span class='ocrx_word' id='word_1_810' title='bbox 3633 5227 3730 5280; x_wconf 75' lang='grc' dir='ltr'>νῦν</span> <span class='ocrx_word' id='word_1_811' title='bbox 3771 5229 3943 5297; x_wconf 70' lang='grc' dir='ltr'>ἡμεῖς</span> 
     </span>
    </p>
   </div>
   <div class='ocr_carea' id='block_1_116' title="bbox 2336 5317 3938 5389">
    <p class='ocr_par' dir='ltr' id='par_1_116' title="bbox 2336 5317 3938 5389">
     <span class='ocr_line' id='line_1_116' title="bbox 2336 5317 3938 5389; baseline 0.002 -19"><span class='ocrx_word' id='word_1_812' title='bbox 2336 5322 2451 5382; x_wconf 81' lang='grc' dir='ltr'>τοῖς</span> <span class='ocrx_word' id='word_1_813' title='bbox 2503 5319 2687 5387; x_wconf 77' lang='grc' dir='ltr'>λόγοις</span> <span class='ocrx_word' id='word_1_814' title='bbox 2723 5321 3063 5389; x_wconf 80' lang='grc' dir='ltr'>ποιήσωμεν,</span> <span class='ocrx_word' id='word_1_815' title='bbox 3123 5320 3217 5371; x_wconf 74' lang='grc' dir='ltr'>καὶ</span> <span class='ocrx_word' id='word_1_816' title='bbox 3265 5318 3358 5370; x_wconf 76' lang='grc' dir='ltr'>τὸν</span> <span class='ocrx_word' id='word_1_817' title='bbox 3393 5318 3541 5384; x_wconf 71' lang='grc' dir='ltr'>ἅπαξ</span> <span class='ocrx_word' id='word_1_818' title='bbox 3585 5317 3938 5388; x_wconf 77' lang='grc' dir='ltr'>λαλήσαντα.</span> 
     </span>
    </p>
   </div>
   <div class='ocr_carea' id='block_1_117' title="bbox 2341 5405 3942 5481">
    <p class='ocr_par' dir='ltr' id='par_1_117' title="bbox 2341 5405 3942 5481">
     <span class='ocr_line' id='line_1_117' title="bbox 2341 5405 3942 5481; baseline -0.004 -18"><span class='ocrx_word' id='word_1_819' title='bbox 2341 5410 2505 5463; x_wconf 83' lang='grc' dir='ltr'>πάλιν</span> <span class='ocrx_word' id='word_1_820' title='bbox 2532 5410 2725 5464; x_wconf 87' lang='grc' dir='ltr'>ἄλαλον</span> <span class='ocrx_word' id='word_1_821' title='bbox 2760 5410 2833 5480; x_wconf 82' lang='grc' dir='ltr'><strong>μὴ</strong></span> <span class='ocrx_word' id='word_1_822' title='bbox 2860 5410 3162 5481; x_wconf 83' lang='grc' dir='ltr'>τιθώμεθα,</span> <span class='ocrx_word' id='word_1_823' title='bbox 3191 5408 3291 5478; x_wconf 75' lang='grc' dir='ltr'>τὴν</span> <span class='ocrx_word' id='word_1_824' title='bbox 3325 5408 3452 5462; x_wconf 82' lang='grc' dir='ltr'>κατ’</span> <span class='ocrx_word' id='word_1_825' title='bbox 3484 5407 3649 5461; x_wconf 72' lang='grc' dir='ltr'>αὐτὸν</span> <span class='ocrx_word' id='word_1_826' title='bbox 3684 5405 3942 5460; x_wconf 82' lang='grc' dir='ltr'>σιωπῶν-</span> 
     </span>
    </p>
   </div>
   <div class='ocr_carea' id='block_1_118' title="bbox 2336 5495 3968 5571">
    <p class='ocr_par' dir='ltr' id='par_1_118' title="bbox 2336 5495 3968 5571">
     <span class='ocr_line' id='line_1_118' title="bbox 2336 5495 3968 5571; baseline -0.002 -20"><span class='ocrx_word' id='word_1_827' title='bbox 2336 5515 2428 5561; x_wconf 83' lang='grc' dir='ltr'><strong>τες</strong></span> <span class='ocrx_word' id='word_1_828' title='bbox 2461 5499 2734 5570; x_wconf 75' lang='grc' dir='ltr'>διήγησιν,</span> <span class='ocrx_word' id='word_1_829' title='bbox 2783 5501 2979 5570; x_wconf 88' lang='grc' dir='ltr'>μήπως</span> <span class='ocrx_word' id='word_1_830' title='bbox 3025 5502 3175 5571; x_wconf 77' lang='grc' dir='ltr'>ἡμᾶς</span> <span class='ocrx_word' id='word_1_831' title='bbox 3220 5499 3451 5570; x_wconf 75' lang='grc' dir='ltr'>διαϐάλῃ</span> <span class='ocrx_word' id='word_1_832' title='bbox 3493 5500 3607 5560; x_wconf 81' lang='grc' dir='ltr'>τοῖς</span> <span class='ocrx_word' id='word_1_833' title='bbox 3639 5495 3968 5567; x_wconf 69' lang='grc' dir='ltr'><strong>μάρτυσιν,⁴</strong></span> 
     </span>
    </p>
   </div>
   <div class='ocr_carea' id='block_1_119' title="bbox 2339 5589 3942 5661">
    <p class='ocr_par' dir='ltr' id='par_1_119' title="bbox 2339 5589 3942 5661">
     <span class='ocr_line' id='line_1_119' title="bbox 2339 5589 3942 5661; baseline -0.001 -18"><span class='ocrx_word' id='word_1_834' title='bbox 2339 5590 2432 5643; x_wconf 75' lang='grc' dir='ltr'><strong>καὶ</strong></span> <span class='ocrx_word' id='word_1_835' title='bbox 2463 5590 2563 5658; x_wconf 81' lang='grc' dir='ltr'>τῆς</span> <span class='ocrx_word' id='word_1_836' title='bbox 2590 5591 2866 5661; x_wconf 80' lang='grc' dir='ltr'>ἡμετέρας</span> <span class='ocrx_word' id='word_1_837' title='bbox 2912 5591 3069 5660; x_wconf 81' lang='grc' dir='ltr'>σιγῆς</span> <span class='ocrx_word' id='word_1_838' title='bbox 3100 5593 3407 5660; x_wconf 81' lang='grc' dir='ltr'>κατήγορος</span> <span class='ocrx_word' id='word_1_839' title='bbox 3447 5590 3697 5659; x_wconf 77' lang='grc' dir='ltr'>γένηται,</span> <span class='ocrx_word' id='word_1_840' title='bbox 3743 5589 3806 5641; x_wconf 74' lang='grc' dir='ltr'>τὸ</span> <span class='ocrx_word' id='word_1_841' title='bbox 3837 5589 3942 5641; x_wconf 82' lang='grc' dir='ltr'>λα-</span> 
     </span>
    </p>
   </div>
   <div class='ocr_carea' id='block_1_120' title="bbox 2338 5675 3944 5750">
    <p class='ocr_par' dir='ltr' id='par_1_120' title="bbox 2338 5675 3944 5750">
     <span class='ocr_line' id='line_1_120' title="bbox 2338 5675 3944 5750; baseline 0.001 -22"><span class='ocrx_word' id='word_1_842' title='bbox 2338 5678 2449 5731; x_wconf 87' lang='grc' dir='ltr'>λεῖν</span> <span class='ocrx_word' id='word_1_843' title='bbox 2474 5679 2610 5749; x_wconf 69' lang='grc' dir='ltr'>πρὸς</span> <span class='ocrx_word' id='word_1_844' title='bbox 2648 5678 2827 5732; x_wconf 84' lang='grc' dir='ltr'>αὐτῶν</span> <span class='ocrx_word' id='word_1_845' title='bbox 2867 5680 3261 5750; x_wconf 79' lang='grc' dir='ltr'>κομισάμενος.</span> <span class='ocrx_word' id='word_1_846' title='bbox 3292 5677 3390 5732; x_wconf 75' lang='grc' dir='ltr'>καὶ</span> <span class='ocrx_word' id='word_1_847' title='bbox 3415 5679 3579 5749; x_wconf 72' lang='grc' dir='ltr'>σιγᾷν</span> <span class='ocrx_word' id='word_1_848' title='bbox 3608 5677 3643 5747; x_wconf 79' lang='grc' dir='ltr'>ἦ</span> <span class='ocrx_word' id='word_1_849' title='bbox 3674 5675 3944 5745; x_wconf 75' lang='grc' dir='ltr'>σιγᾶσθαι</span> 
     </span>
    </p>
   </div>
   <div class='ocr_carea' id='block_1_121' title="bbox 2337 5765 3945 5841">
    <p class='ocr_par' dir='ltr' id='par_1_121' title="bbox 2337 5765 3945 5841">
     <span class='ocr_line' id='line_1_121' title="bbox 2337 5765 3945 5841; baseline -0.002 -19"><span class='ocrx_word' id='word_1_850' title='bbox 2337 5769 2465 5833; x_wconf 55' lang='lat' dir='ltr'><strong>«ob;</strong></span> <span class='ocrx_word' id='word_1_851' title='bbox 2499 5768 2721 5834; x_wconf 76' lang='grc' dir='ltr'>λοιποὺς</span> <span class='ocrx_word' id='word_1_852' title='bbox 2751 5769 2825 5839; x_wconf 86' lang='grc' dir='ltr'>μὴ</span> <span class='ocrx_word' id='word_1_853' title='bbox 2855 5769 3200 5841; x_wconf 78' lang='grc' dir='ltr'>βουλόμενος,</span> <span class='ocrx_word' id='word_1_854' title='bbox 3229 5769 3319 5823; x_wconf 77' lang='grc' dir='ltr'>ἵνα</span> <span class='ocrx_word' id='word_1_855' title='bbox 3342 5768 3420 5839; x_wconf 77' lang='grc' dir='ltr'>μὴ</span> <span class='ocrx_word' id='word_1_856' title='bbox 3442 5770 3557 5833; x_wconf 82' lang='grc' dir='ltr'>τοῖς</span> <span class='ocrx_word' id='word_1_857' title='bbox 3582 5767 3746 5822; x_wconf 71' lang='grc' dir='ltr'>λάλον</span> <span class='ocrx_word' id='word_1_858' title='bbox 3771 5765 3945 5821; x_wconf 68' lang='grc' dir='ltr'>αὑτὸν</span> 
     </span>
    </p>
   </div>
  </div>
