4280 6442
351 413 490 479 3645

1369 418 1472 479 SS.
1501 418 1674 480 CYRI
1715 419 1810 480 ΕΤ
1848 416 2169 478 JOANNIS
2203 418 2626 481 MIRACULA‘

3477 412 3614 478 3646

351 526 696 590 ἀναδείξασιν
735 524 1006 595 ἀγνώμων
1032 527 1272 597 κρίνοιτο
1308 529 1400 582 καὶ
1425 531 1740 602 ἀχάριστος,
1775 532 1932 601 σιγᾷν
1959 529 2010 587 Α
2037 540 2041 580 I

1926 529 2010 587 Ἀ
2037 539 2152 585 tero
2203 532 2432 596 nolens;
2466 546 2532 584 ne
2576 531 2661 584 lus
2694 531 2784 599 qui
2835 529 3181 598 eloquentem
3239 525 3388 580 hunc
3433 537 3616 580 osten-

352 618 536 671 αὐτῶν
569 618 668 679 τὰς
697 619 906 689 δωρεὰς
943 621 1336 690 ἀνασχόμενος.

423 799 605 864 Φοίνιξ
655 800 900 869 ὑπῆρχεν
927 801 954 852 ὀ
1000 800 1192 862 ἃλαλος
1213 841 1228 863 ,
1262 801 1355 854 καὶ
1384 801 1560 870 Τύρου
1591 802 1689 872 τῆς
1729 802 1939 864 πόλεως

353 893 602 961 ὥρμητο,
640 891 876 959 ἐλέγχων
912 891 1052 961 τάχα
1081 893 1256 964 ταύτῃ
1285 895 1412 955 τοὺς
1440 893 1731 962 Ἕλληνας,
1756 893 1852 946 καὶ
1874 893 1938 946 τὰ

351 982 521 1052 ψευδῆ
543 981 748 1033 τούτων
773 982 862 1032 καὶ
897 982 1116 1051 γραὼδη
1157 982 1626 1050 μυθάρια.’Ένθεν
1653 983 1762 1051 γὰρ
1794 977 1938 1034 οὗτοι

352 1074 444 1126 τὸν
470 1073 688 1139 Κάδμον
714 1072 1034 1140 μυθεύονται
1060 1075 1276 1142 πρῶτον
1320 1077 1662 1144 γραμμάτων
1687 1074 1940 1141 γενέσθαι

355 1166 678 1234 γεννήτορα,
712 1165 804 1216 καὶ
834 1164 1284 1227 τοίτοιςΈλλάδα
1307 1167 1515 1232 ξενίσαι
1548 1168 1646 1238 τὴν
1678 1171 1938 1236 ἄμουσον,

357 1259 449 1324 ἀφ’
503 1251 562 1308 οὗ
612 1257 706 1309 νῦν
771 1257 1079 1327 βλαστήσας
1140 1261 1167 1312 ὁ
1213 1259 1445 1323 ἆλαλθςο
1505 1261 1679 1330 cxiii];
1725 1262 1942 1330 ἐλεγχδς

359 1346 515 1416 belli;
565 1346 658 1399 τού
723 1349 1038 1418 πλάσματος
1085 1367 1097 1379 ·
1143 1350 1202 1402 ὃν
1251 1351 1511 1422 Ἕλληνες
1555 1352 1768 1424 ἀμαθίᾳ
1813 1371 1946 1406 κατ-

361 1439 669 1506 έκρυπτον,
735 1440 1003 1510 πρεσϐεῖα
1066 1441 1308 1505 Μωσέως
1363 1442 1423 1494 ού
1490 1442 1799 1512 βλέποντες,
1851 1445 1946 1497 καὶ

362 1531 588 1599 Κάδμου
616 1533 840 1601 κρόνους
865 1532 1144 1596 παντελῶς
1171 1534 1229 1585 οὐ
1264 1534 1646 1602 γινώσκοντες,
1675 1534 1769 1597 οὓς
1810 1536 1946 1604 πρδλς

363 1622 584 1692 ἔλεγχον
649 1624 1049 1692 παρατίθεσθαι
1123 1626 1379 1694 μείζονα,
1449 1627 1539 1678 καὶ
1605 1626 1947 1694 σαφεστέραν

364 1715 541 1766 ποιεῖν
582 1714 679 1784 τὴν
719 1715 927 1784 πλάνην
960 1718 1070 1778 τοῖς
1094 1715 1360 1779 θέλουσιν,
1403 1717 1430 1766 ὁ
1470 1716 1670 1778 σκοπὸς
1699 1717 1727 1767 ὁ
1758 1714 1946 1784 παρὼν

365 1807 465 1860 οὐκ
495 1806 730 1876 ἀφίησι,
761 1808 896 1876 πρὸς
941 1808 1134 1861 ἑαυτὸν
1165 1808 1550 1876 ἐφελκόμενος.
1586 1811 1677 1860 καὶ
1707 1810 1946 1877 πληροῦν

367 1901 529 1952 αὐτὸν
559 1902 886 1968 ἀναγκάζων
911 1902 1002 1954 τὸν
1033 1903 1298 1971 κάλαμον.
1333 1903 1531 1971 Τύριος
1557 1897 1642 1972 ἦν,
1679 1905 1754 1966 ὡς
1787 1904 1946 1972 ἔφην,

367 1993 395 2044 ὀ
430 1990 646 2055 ἄλαλος,
692 1997 786 2044 καὶ
821 1993 1084 2060 σύγγονον
1131 1995 1254 2064 ἔσχε
1304 1995 1363 2046 τλ)
1394 1995 1626 2064 νόσημα,
1676 1996 1737 2047 οὐ
1773 1997 1950 2064 χρόνῳ

367 2083 471 2135 τινὶ
506 2084 719 2153 συμϐὰν
745 2085 839 2136 ἀπ’
862 2085 1020 2138 ἄλλου
1057 2087 1378 2154 νοσήματος,
1418 2087 1531 2138 ἀλλ’
1563 2087 1620 2150 ἐξ
1652 2089 1819 2154 αὐτῆς
1851 2087 1952 2140 αύ-

367 2175 444 2241 τῷ
473 2175 759 2244 συντεχθὲν
790 2178 888 2246 τῆς
912 2179 1159 2246 κυήσεως
1185 2195 1198 2207 ⁵
1224 2179 1318 2229 καὶ
1342 2178 1498 2230 τοῦτο
1531 2179 1710 2248 λαχὼν
1744 2181 1804 2232 το
1842 2181 1949 2233 πά-

371 2266 460 2325 θος
510 2267 574 2319 ἐκ
619 2268 833 2333 φύσεως
863 2310 875 2330 ,
915 2270 975 2319 ού
1027 2268 1284 2336 γλυκεῖαν
1333 2270 1544 2338 ἀφῆκεν
1589 2271 1773 2335 φωνὴν
1819 2272 1952 2341 πρὶς

371 2360 497 2419 106;
527 2359 824 2426 φύσαντας,
863 2361 922 2411 ού
969 2363 1183 2429 μητέρα
1218 2361 1344 2414 ποτέ
1384 2361 1687 2430 τραυλίζων
1721 2365 1952 2433 ἡγὸρευ-

373 2467 483 2514 σεν,
510 2453 569 2503 ού
599 2452 810 2521 πατέρα
844 2453 1110 2520 ψελλίζων
1141 2455 1400 2506 ἐκάλεσεν
1433 2473 1444 2483 ·
1471 2449 1551 2518 οἷς
1584 2456 1668 2508 ἀεὶ
1694 2458 1802 2508 τῶν
1826 2457 1954 2509 παί-

370 2543 477 2594 δων
526 2545 572 2595 οἱ
613 2550 787 2610 γονεῖς
833 2546 1309 2613 ἐπευρραίνονται,
1361 2546 1464 2598 κᾶν
1529 2543 1836 2619 ἄναρθραῇ
1886 2548 1953 2600 τά

370 2635 747 2703 τραυλίσματα
779 2638 869 2688 καὶ
895 2637 1234 2704 ψελλισματα
1264 2655 1276 2666 ·
1325 2638 1399 2699 ὡς
1437 2637 1707 2706 Ἀθηναῖοι
1739 2639 1799 2690 τὸ
1827 2640 1956 2710 πρὶν

372 2724 460 2776 ἐπ’
512 2727 740 2798 Αἰσχίνῃ
773 2730 867 2780 καὶ
918 2728 1252 2797 Δημοσθένει
1288 2731 1400 2789 τοῖς
1441 2730 1667 2800 ῥήτορσι
1705 2730 1800 2783 καὶ
1843 2733 1956 2793 τοῖς

371 2816 576 2868 τούτων
606 2818 931 2884 εύγλώττοις
965 2818 1362 2890 στομύλμασιν.

459 2994 620 3063 ’Λνὴρ
664 2995 754 3046 οὖν
789 2997 1047 3062 γεγονὼς,
1092 2998 1190 3066 τὴν
1233 2997 1478 3066 γλῶτταν
1521 2995 1665 3068 εἶχεν
1704 3000 1956 3070 ἀκίνητον

374 3087 602 3147 καὶτοῖς
625 3086 831 3148 λοιποῖς
867 3090 926 3140 οὗ
964 3090 1362 3159 συντρέχουσαν
1403 3091 1620 3160 μέλεσιν
1646 3109 1658 3122 ⁸
1689 3094 1782 3145 καὶ
1815 3095 1955 3162 τάχα

2041 623 2258 685 derunt,
2292 623 2472 676 minus
2510 621 2740 675 devotus
2769 635 2891 674 esse
2925 620 3271 688 judicaretur
3315 617 3524 686 pariter
3564 626 3617 670 et

2043 714 2315 781 ingratus,
2352 713 2481 768 dum
2515 713 2658 766 dona
2691 726 2881 766 eorum
2934 721 3116 764 tacere
3157 707 3457 778 pateretur.

2111 803 2340 858 thnix
2381 815 2498 857 erat
2530 813 2733 865 mutus,
2770 809 2825 855 et
2859 799 2986 870 Tyri
3041 801 3280 855 civitatis
3326 798 3616 860 oriundus,

2043 894 2380 964 redarguens
2410 893 2548 948 forte
2584 894 2670 948 hic
2700 893 2944 953 Gnecos,
2990 897 3044 944 et
3104 890 3270 945 falsas
3317 891 3512 944 horum
3565 901 3620 942 et

2043 989 2218 1042 aniles
2245 986 2491 1041 fabellas.
2521 985 2657 1040 lliuc
2703 987 2848 1040 enim
2885 985 2919 1039 ii
2961 982 3204 1038 Cadmon
3234 982 3473 1036 fatentur
3505 982 3618 1052 pri-

2043 1095 2189 1132 mum
2221 1079 2524 1133 litterarum
2563 1077 2732 1133 fuisse
2762 1077 3112 1147 magistrum,
3143 1083 3197 1128 et
3232 1073 3318 1129 his
3353 1073 3618 1127 Grteciam

2045 1182 2387 1225 muneratum
2425 1169 2703 1224 indoctam
2740 1168 2882 1241 [cod.
2928 1165 3229 1238 miratam].
3260 1168 3304 1218 Λ
3334 1181 3443 1236 quo
3477 1181 3621 1218 nunc

2047 1263 2362 1330 germinans
2401 1274 2606 1327 mutus,
2649 1261 2974 1315 manifestus
3032 1259 3270 1313 fietionis
3307 1257 3468 1311 index
3521 1270 3620 1326 ap-

2049 1355 2248 1425 paruit,
2290 1371 2468 1424 ‘quem
2522 1353 2696 1408 Graeci
2760 1351 3272 1422 indisciplinationc
3317 1347 3622 1402 absconde-

2047 1447 2199 1511 bant,
2259 1447 2554 1516 primatum
2613 1443 2785 1515 Moysi
2841 1457 2950 1497 non
3015 1440 3282 1504 videntes,
3339 1449 3393 1491 ct
3435 1437 3622 1490 Cadmi

2049 1547 2292 1606 tempori
2328 1537 2506 1590 modis
2547 1536 2804 1589 omnibus
2846 1533 3198 1596 nescientes;
3247 1545 3386 1600 quos
3428 1529 3495 1581 ad
3539 1542 3624 1579 re-

2047 1630 2428 1698 dargutioncm
2488 1629 2748 1696 majorem
2805 1625 3230 1687 commendare,
3283 1621 3626 1676 manifestio-

2049 1736 2273 1787 rrmque
2320 1720 2405 1774 his
2455 1720 2549 1788 qui
2605 1719 2798 1772 volunt
2849 1731 3092 1771 errorem
3143 1715 3341 1778 facere,
3395 1713 3626 1766 intentio

2053 1825 2292 1878 prazsens
2323 1826 2432 1864 non
2469 1810 2624 1871 sinit,
2653 1808 2718 1862 ad
2746 1824 2804 1863 se
2845 1823 2947 1862 nos
2977 1807 3285 1868 attrahens,
3317 1812 3371 1859 et
3400 1805 3626 1873 implere

2053 1918 2214 1956 suum
2263 1901 2534 1954 calamum
2571 1915 2795 1970 cogens.
2828 1898 3029 1970 Tyrius
3081 1905 3220 1960 erat,
3273 1905 3331 1950 ut
3360 1896 3493 1960 dixi,
3537 1895 3627 1948 ille

2055 2003 2256 2055 mutus,
2306 2004 2357 2045 et
2398 1993 2706 2060 passionem
2746 1992 2978 2045 habebat
3008 1991 3281 2060 cognitam
3333 2003 3439 2042 non
3486 1995 3628 2042 tem-

2055 2101 2186 2156 pore
2225 2088 2409 2155 aliquo
2449 2086 2518 2139 ab
2561 2087 2667 2138 alio
2723 2085 3060 2138 occidentem
3107 2085 3390 2151 languore,
3431 2080 3524 2136 sed
3559 2095 3624 2135 ex

2053 2180 2174 2250 ipso
2205 2194 2390 2235 secum
2425 2187 2582 2247 partu
2645 2185 2986 2230 nascentem.
3031 2174 3095 2227 Et
3130 2176 3272 2228 hanc
3316 2190 3380 2228 ex
3429 2181 3624 2226 natura

2053 2273 2300 2333 sortitus,
2336 2285 2442 2323 non
2480 2269 2696 2324 dulcem
2760 2267 2824 2320 ad
2877 2275 3132 2334 parentes
3181 2265 3362 2319 emisit
3415 2277 3627 2328 vocem,

2057 2379 2164 2417 non
2209 2371 2438 2416 matrem
2491 2358 2787 2431 aliquando
2821 2359 3130 2414 balbutiens
3175 2355 3486 2426 appellavit,
3519 2369 3627 2409 non

2056 2463 2262 2526 patrem
2307 2454 2458 2509 claro
2499 2453 2692 2508 Saltem
2735 2460 2908 2504 multo
2955 2450 3051 2521 [ita
3091 2448 3260 2519 cod.],
3293 2449 3507 2501 vocavit
3538 2463 3631 2502 su-

2057 2561 2151 2616 per
2181 2545 2379 2614 quibus
2404 2557 2619 2611 semper
2647 2557 2942 2612 puerorum
2972 2552 3224 2609 parentes
3259 2538 3626 2603 lmtifxcantur,

2057 2639 2186 2691 licet
2217 2638 2336 2690 sine
2384 2634 2636 2688 articulis
2676 2634 2787 2688 sint
2837 2631 3128 2686 muttiendi
3181 2638 3236 2684 et
3292 2629 3629 2684 balbutiendi

2059 2743 2248 2783 eorum
2315 2726 2576 2791 all‘ectus;
2638 2726 2782 2780 sicut
2830 2723 3191 2778 Atheuienses
3227 2723 3434 2791 pridem
3470 2735 3634 2790 super

2059 2819 2322 2894 Aischiue
2352 2820 2434 2873 vel
2485 2819 2649 2871 etiam
2705 2817 3067 2870 Demosthene
3103 2813 3414 2866 rhetoribus
3444 2820 3499 2867 et
3539 2813 3631 2865 ho-

2059 2928 2177 2967 rum
2204 2911 2469 2966 versutiis
2515 2907 2925 2978 eloquentibus.

2129 3003 2225 3058 Vir
2249 3017 2378 3072 ergo
2411 3000 2586 3054 factus
2613 3000 2855 3067 linguam
2890 2998 3227 3052 immobilem
3268 2996 3477 3059 habuit,
3511 3009 3634 3047 cum

2063 3095 2290 3164 reliquis
2322 3092 2581 3148 membris
2611 3091 2837 3144 minime
2877 3100 3294 3144 concurrentem
3335 3105 3350 3142 :
3403 3097 3457 3140 et
3497 3087 3636 3140 forte

376 3179 444 3232 ἂν
473 3179 569 3248 τῆς
595 3180 878 3250 παρούσης
904 3181 1048 3248 ζωῆς
1072 3181 1212 3233 οὕτω
1234 3182 1588 3252 ἐξεδήμηςεν,
1619 3186 1667 3237 εἰ
1695 3185 1770 3256 μὴ
1805 3185 1957 3253 φιλό-
1983 3196 2028 3257 C
2062 3208 2066 3241 :

1941 3216 1957 3226 -
1983 3196 2028 3257 α
2062 3188 2139 3242 sic
2175 3202 2204 3239 a
2240 3185 2490 3256 praesenti
2528 3185 2634 3239 vita
2681 3184 2992 3253 migrasset,
3051 3182 3154 3236 nisi
3204 3182 3424 3252 quidam
3472 3178 3631 3232 amici

374 3270 586 3337 γοιστοί
619 3286 764 3332 τινες
803 3273 895 3323 καὶ
933 3271 1302 3342 φιλάνθρωποι
1345 3275 1528 3343 Κύρου
1560 3278 1656 3328 καὶ
1714 3276 1957 3330 Ἰωάννου

376 3361 475 3428 τὴν
510 3364 669 3431 χάριν
704 3362 1126 3430 γιγνώσκοντες,
1173 3366 1266 3417 καὶ
1310 3367 1380 3418 τά
1415 3366 1483 3418 δι’
1514 3367 1692 3419 αὐτῶν
1727 3370 1838 3430 τοῖς
1867 3385 1959 3421 πι-

379 3455 524 3514 στοῖς
552 3454 904 3522 παρεχόμενα
947 3455 1200 3523 θαύματα
1237 3456 1311 3518 ὡς
1352 3458 1536 3510 πιστοὶ
1564 3459 1961 3529 συμπαθήσαν-

377 3561 491 3606 τες,
523 3544 712 3597 τοῦτον
745 3546 881 3615 πρὸς
914 3547 1039 3610 τοὺς
1073 3549 1581 3618 μάρτυραςῆγαγον
1612 3565 1625 3578 ’
1653 3550 1781 3602 ἔνθα
1810 3552 1963 3620 γενό-

383 3654 545 3704 μενος
571 3680 587 3707 ,
631 3639 726 3690 καὶ
767 3637 864 3707 τὴν
911 3639 1090 3691 πίστιν
1125 3639 1232 3692 τῶν
1269 3641 1587 3707 ἀγαγόντων
1629 3641 1767 3711 ἔχων
1826 3660 1962 3714 πρε-

381 3727 702 3792 σϐεύουσαν,
739 3731 830 3781 καὶ
871 3723 1052 3781 οἶκτον
1077 3730 1169 3782 τὸν
1219 3730 1408 3782 ἑαυτοῦ
1450 3731 1585 3800 πρὸς
1621 3728 1800 3786 οἶκτον
1837 3735 1962 3799 τοὺς

381 3819 567 3884 ἁγίους
598 3820 908 3889 ἐγείραντα.
943 3820 1098 3883 λάλος
1124 3819 1368 3890 γλώττης
1396 3823 1676 3892 ἐπέτυχεν,
1701 3825 1762 3877 ού
1788 3826 1964 3890 γλῶτο

379 3929 481 3962 ταν
540 3911 706 3982 ἀλλην
763 3913 1126 3982 κτησάμενος,
1181 3913 1295 3965 ἀλλ’
1335 3909 1401 3984 ἧς
1445 3910 1588 3984 εἶχεν
1637 3917 1727 3968 τὸν
1769 3917 1967 3987 δεσμὸν

383 4001 740 4072 ἀποθέμενος.
806 4004 1032 4067 Πάντως
1086 4005 1142 4057 δὲ
1187 4005 1246 4057 τὸ
1281 4007 1571 4078 φάρμακον
1614 4007 1791 4074 λέγειν
1839 4010 1968 4063 ἀκό-

381 4091 594 4158 λουθον,
623 4094 691 4144 δι’
713 4088 773 4147 οὗ
801 4095 861 4147 τὸ
883 4099 980 4163 τῆς
1000 4095 1244 4165 γλώττης
1271 4095 1438 4158 πάθος
1463 4097 1748 4167 ἐξέφυγεν.
1783 4101 1967 4172 ’Ύὸωρ

383 4184 534 4252 ούτῷ
563 4185 738 4238 πίνειν
767 4185 1079 4240 καθεύδοντι
1113 4189 1161 4239 οἱ
1193 4188 1338 4255 ἅγιοι
1366 4191 1622 4256 φανέντες
1649 4192 1962 4246 ἐκέλευσαν⁵

385 4275 447 4326 c6
479 4276 658 4343 λόγοις
699 4277 858 4330 10610
892 4277 1240 4343 θεσπίζοντες
1273 4280 1354 4349 (ού
1400 4281 1507 4352 γάρ
1547 4283 1786 4353 ἤκουεν),
1827 4285 1963 4337 ἀλλὰ

383 4364 642 4432 νεύμασι,
692 4366 911 4418 καὶτοῦ
956 4367 1198 4436 νάματος
1243 4368 1460 4432 δείξεσι.
1511 4371 1568 4424 '0
1594 4371 1650 4426 δέ
1679 4373 1968 4443 γενόμενος

383 4455 635 4520 ἔξυπνος,
673 4457 733 4508 τὸ
754 4458 902 4526 νάμα
937 4458 1122 4527 φέρειν
1161 4457 1405 4512 ἐνένευεν
1441 4478 1454 4492 ο
1484 4463 1826 4534 ἐμεμαθήκει
1861 4465 1966 4537 γὰρ

384 4545 475 4598 διὰ
507 4546 797 4614 νεύματος,
843 4548 871 4600 ὃ
895 4549 939 4601 δ’
970 4549 1036 4602 ἂν
1086 4550 1180 4602 ῑδοι
1218 4552 1578 4621 κοιμώμενος,
1608 4553 1766 4607 10610
1795 4559 1968 4610 ποιεῖν

384 4638 748 4704 ἀνιστάμενος
781 4654 794 4667 °
831 4640 924 4690 καὶ
952 4640 1195 4702 δοθέντος
1226 4641 1374 4712 αὐτῷ
1401 4644 1594 4697 θᾶττον
1627 4644 1721 4697 106
1757 4645 1966 4711 ὓδατος,

384 4733 681 4800 δεξάμενος
723 4734 900 4785 ἔπιεν.
933 4733 1042 4786 Καὶ
1093 4733 1232 4786 πιὼν
1272 4734 1472 4798 εὐθέως
1527 4735 1790 4802 ἐλάλησεν
1829 4757 1842 4768 ·
1878 4739 1972 4791 καὶ

384 4823 690 4876 λαλούντων
744 4821 1050 4891 ἀνθρώπων
1088 4825 1394 4893 ἐπήκουσεν
1433 4841 1446 4854 ·
1512 4826 1606 4878 καὶ
1649 4827 1759 4880 τῶν
1801 4829 1978 4894 ἁγίων

385 4912 703 4982 ἀπήγγελλε
767 4912 1084 4982 θέσπισμα,
1155 4913 1249 4965 τὸν
1315 4914 1526 4982 ὄνειρον
1601 4914 1780 4981 λόγοις
1839 4932 1973 4986 τρασ-

386 5005 505 5056 νὲσι
545 5001 904 5072 διηγούμενος
947 5003 1039 5055 καὶ
1080 5002 1189 5054 τῶν
1227 5003 1501 5072 ὀφθέντων
1555 5004 1830 5076 γεραίρων
1873 5007 1972 5078 τὴν

387 5095 646 5166 δύναμιν.

461 5195 650 5258 Οὕτως
695 5197 723 5248 ὁ
757 5194 941 5262 κωφὸς
988 5192 1321 5262 ἠκροάσατο,
1368 5189 1462 5242 καὶ
1497 5188 1658 5258 λόγον
1703 5189 1732 5241 ὁ
1781 5189 1975 5254 ἄλαλος

387 5287 792 5357 ἀπεφθέγξατο,
811 5288 871 5339 ού
903 5287 1001 5355 τῆς
1019 5283 1330 5344 Κασταλίας
1359 5281 1691 5350 γευσάμενος
1714 5281 1974 5350 νάματος,

388 5381 489 5450 οὐχ
516 5380 660 5449 ὕδωρ
688 5379 826 5431 πιὼν
850 5379 957 5430 ἀπὸ
978 5377 1181 5444 Στυγὸς
1213 5374 1604 5443 κατειϐόμενον
1624 5415 1640 5440 ,
1671 5374 1730 5426 οὐ
1763 5374 1978 5444 ῥεῖθρον

389 5470 744 5523 Καυκάσειον
773 5469 1136 5538 ἀρυσάμενος,
1183 5464 1467 5537 εὐφημοῦν
1494 5464 1698 5535 ἀρετὴν
1731 5465 1978 5533 Πυθαγό-

392 5579 563 5634 ρειον,
586 5564 662 5625 ὡς
699 5562 965 5632 Ἐλλήνων
993 5563 1040 5613 οἱ
1071 5559 1228 5628 μῦθοι
1253 5558 1624 5624 Θεσπίζουσιν,
1645 5560 1738 5612 καὶ
1763 5559 1870 5613 τῶν
1888 5578 1980 5629 γε-

389 5653 681 5721 γραφότων
716 5654 749 5722 ή
777 5651 912 5721 πρὸς
959 5649 1217 5721 ἀλήθειαν
1244 5648 1418 5702 ἔνδεια
1454 5664 1468 5678 ο
1516 5648 1631 5704 ἀλλ’
1669 5649 1980 5719 εὐτυχήσας

406 5744 656 5798 Ἰωάννου
719 5745 811 5797 καὶ
868 5742 1054 5813 Κύρου
1115 5740 1213 5810 τὴν
1263 5740 1512 5793 κέλευσιν
1558 5740 1980 5811 ἀναπληροῦσαν

393 5835 546 5906 αὐτῷ
586 5835 730 5908 ἅπερ
761 5838 795 5908 ἡ
832 5835 995 5905 φύσις
1031 5833 1380 5903 δημιουργεῖν
1411 5833 1594 5897 αὐτοῖς
1648 5831 1975 5904 παρεχώρη-

2063 3275 2264 3329 Christi
2307 3282 2360 3329 ct
2405 3273 2685 3328 hominum
2744 3281 3017 3328 amatores
3045 3313 3058 3336 ,
3103 3273 3228 3342 Cyri
3288 3289 3352 3326 ac
3411 3269 3639 3324 Joannis

2063 3367 2294 3436 gratiam
2329 3375 2380 3419 et
2412 3365 2678 3418 miracula
2712 3380 2832 3434 qum
2868 3379 2964 3433 per
2995 3379 3090 3419 eos
3132 3371 3461 3432 prmstantur
3503 3363 3638 3417 fide-

2063 3455 2208 3509 libus
2261 3466 2692 3525 cognoscentes,
2768 3462 3030 3525 tanquam
3089 3455 3278 3510 fideles
3329 3453 3639 3524 compassi,

2066 3547 2212 3601 hunc
2251 3548 2316 3600 ad
2349 3553 2619 3617 martyras
2676 3545 3068 3612 adduxissent;
3119 3546 3209 3599 ubi
3263 3545 3422 3600 fidem
3471 3543 3641 3598 dedu-

2065 3641 2310 3696 centium
2346 3639 2580 3700 habens,
2609 3653 2733 3692 cum
2766 3639 3025 3706 venisset,
3061 3638 3508 3702 intercedentem,
3541 3653 3641 3692 nec

2067 3748 2175 3786 non
2213 3740 2266 3784 ct
2299 3731 2709 3785 miserationem
2735 3730 2843 3795 sui,
2879 3730 2945 3784 ad
2982 3731 3387 3784 miserationem
3421 3736 3642 3782 sanctos

2067 3824 2419 3888 excitantem,
2453 3822 2758 3892 eloquentis
2795 3823 3036 3892 linguam
3092 3821 3324 3891 adeptus
3372 3828 3476 3886 est,
3530 3835 3638 3874 non

2069 3919 2232 3972 aliam
2269 3918 2513 3989 linguam
2545 3918 2857 3986 acquirens,
2891 3915 2986 3972 sed
3017 3915 3293 3970 vinculmn
3325 3913 3446 3982 ejus
3477 3928 3638 3982 quam

2070 4008 2307 4062 habebat
2362 4007 2664 4076 deponens.
2716 4004 2918 4060 Verum
2975 4015 3028 4060 et
3081 4007 3402 4059 medicinam
3446 4004 3640 4075 dicere

2069 4115 2416 4168 consequens
2447 4107 2552 4160 est,
2603 4114 2698 4168 per
2731 4115 2895 4168 quam
2947 4099 3143 4168 linguae
3193 4096 3506 4163 passionem
3541 4093 3644 4147 dif-

2071 4190 2226 4259 fugit.
2258 4191 2466 4258 Aquam
2508 4190 2573 4243 ei.
2610 4189 2796 4243 bibere
2832 4187 3124 4242 dormienti
3167 4192 3490 4255 apparentes
3519 4197 3645 4237 sano

2071 4283 2143 4337 cti
2191 4282 2502 4351 jusserunt,
2565 4294 2672 4334 non
2729 4279 2912 4333 verbis
2952 4278 3055 4331 hoc
3104 4277 3481 4338 decernentes,
3534 4289 3642 4326 non

2070 4371 2216 4426 enim
2248 4369 2525 4433 audiebat,
2562 4368 2657 4422 sed
2685 4367 2912 4423 nutibus
2952 4373 3005 4422 et
3050 4365 3282 4434 lymphae
3310 4361 3643 4418 ostensioui-

2073 4464 2196 4518 bus.
2261 4462 2364 4528 Qui
2421 4459 2838 4531 expergefactus
2904 4468 2965 4513 ut
3025 4455 3288 4510 fluentum
3357 4453 3648 4507 afferretur

2073 4554 2368 4618 inuuebat;
2405 4552 2672 4605 didicerat
2712 4550 2857 4604 enim
2907 4562 3005 4617 per
3047 4554 3238 4601 nutum
3277 4553 3335 4598 ut
3381 4542 3644 4612 quidquid

2073 4645 2284 4700 videret
2312 4643 2612 4708 dormiens,
2660 4641 2926 4712 evigilans
2957 4639 3158 4692 faceret
3185 4654 3200 4703 ;
3247 4645 3301 4691 et
3330 4635 3508 4688 datam
3543 4635 3646 4689 sibi

2073 4735 2342 4790 maturius
2373 4747 2569 4802 aquam
2619 4730 2862 4799 suscepit
2909 4737 2963 4782 et
3011 4726 3168 4791 bibit,
3223 4732 3276 4780 et
3311 4722 3504 4778 bibens
3532 4729 3648 4775 sta-

2077 4829 2172 4882 tim
2202 4828 2420 4882 locutus
2447 4835 2551 4889 est,
2585 4833 2639 4878 et
2704 4823 2956 4876 homines
2998 4819 3285 4888 loquentes
3324 4814 3556 4876 audivit,
3593 4822 3646 4866 et

2076 4927 2390 4974 sanctorum
2445 4916 2634 4971 retulit
2693 4913 3074 4973 sanctionem,
3137 4908 3410 4964 somnium
3467 4903 3651 4961 verbis

2075 5009 2348 5076 expressis
2372 5021 2662 5068 enarrans,
2701 5013 2755 5058 et
2779 5016 2968 5057 eorum
3016 4999 3110 5069 qui
3142 5003 3508 5068 apparuerant
3543 4995 3650 5046 vir-

2075 5107 2242 5153 tutem
2270 5097 2664 5151 concelebrans

2147 5188 2355 5242 Taliter
2389 5186 2591 5242 surdus
2659 5183 2887 5246 audivit,
2917 5191 2972 5237 et
3020 5179 3243 5235 verbum
3297 5181 3484 5230 mutus
3523 5189 3647 5244 pro-

2077 5281 2372 5344 nuntiavit,
2419 5294 2526 5332 non
2582 5275 2837 5331 Castaliae
2905 5281 3133 5344 gustans
3187 5269 3472 5332 fluentum,
3540 5280 3649 5318 non

2077 5387 2275 5442 aquam
2327 5371 2521 5424 bibens
2555 5384 2584 5421 a
2619 5368 2783 5438 Styge
2812 5365 3258 5426 descendentem,
3294 5375 3398 5413 non
3432 5357 3648 5411 laticem

2079 5464 2407 5518 Caucasium
2463 5459 2759 5521 hauriens,
2788 5455 3096 5510 laudantem
3134 5455 3386 5506 virtutem
3444 5447 3647 5519 Pytha-

2080 5553 2342 5623 goricam,
2380 5561 2436 5604 ut
2473 5550 2752 5620 gentilium
2783 5546 2978 5600 tabula:
3018 5545 3291 5603 sanciunt,
3326 5552 3378 5594 et
3409 5539 3647 5608 scripto-

2081 5661 2201 5699 rum
2261 5653 2527 5713 quautum
2588 5640 2783 5694 attinet
2825 5637 2892 5690 ad
2949 5635 3230 5689 veritatem
3291 5633 3497 5702 inopia,
3553 5631 3648 5684 sed

2079 5737 2312 5792 Joannis
2373 5743 2426 5791 et
2475 5733 2601 5806 Cyri
2658 5732 2911 5802 jussione
2957 5729 3333 5799 potitus,qu:e
3371 5724 3650 5793 suppleret

2087 5829 2164 5885 illi
2199 5826 2343 5898 quod
2379 5838 2573 5882 natura
2630 5825 2810 5882 facere
2848 5822 3217 5880 concessisset
3246 5837 3260 5881 ;
3289 5833 3398 5889 quo
3428 5829 3649 5886 appare-
