4280 6442
659 389 800 454 3647

663 596 731 649 ad
766 594 1154 664 perl'ectionem
1186 598 1501 654 hominibus
1533 601 1763 654 deerant
1802 601 2248 664 accommodare,

662 690 806 743 unde
826 699 877 743 et
903 706 928 741 a
947 692 1217 760 principio
1251 694 1590 747 nativitatem
1627 695 1806 748 sortiti
1843 705 1990 748 sunt.
2018 693 2251 761 Propter

660 778 806 848 quod
843 790 894 834 et
937 797 1035 834 nos
1071 797 1167 835 eos
1195 795 1460 852 quantum
1507 799 1803 853 possumus
1849 786 2248 848 collaudantes,

659 879 714 924 et
739 871 858 924 dati
891 872 1115 926 verbum
1153 874 1205 927 in
1233 877 1517 944 apertione
1575 877 1689 931 oris
1739 878 2135 945 supplicantes,
2174 877 2251 932 si-

658 970 752 1015 cut
782 963 945 1016 etiam
976 979 1123 1017 nunc
1181 967 1432 1033 praesenti
1491 976 1643 1020 muto
1672 968 1962 1028 dederunt,
2017 969 2082 1019 ad
2119 967 2251 1020 reli-

661 1068 900 1121 quorum
964 1056 1355 1110 miraculorum
1395 1058 1772 1112 narrationem
1819 1058 2078 1112 alacriter
2109 1072 2252 1128 pro—

659 1159 939 1214 perennis.

735 1257 896 1314 LXV.
928 1260 1006 1315 De
1036 1261 1306 1317 Theodoro
1343 1280 1479 1320 caeco
1500 1277 1545 1320 et
1583 1265 1804 1319 habente
1839 1265 2187 1321 daemonium.

734 1418 815 1472 Ad
868 1428 1083 1490 tempus
1117 1422 1280 1476 nobis
1303 1422 1443 1476 Cilix
1485 1427 1722 1480 accessit
1771 1425 2114 1493 Theodorus,
2146 1428 2250 1482 du-

664 1505 826 1578 plicis
855 1521 910 1566 et
941 1514 1058 1581 ipse
1108 1514 1448 1569 inﬁrmitatis
1475 1514 1660 1583 fugam
1713 1533 2000 1582 enaruans,
2028 1527 2082 1572 et
2121 1534 2252 1573 con-

663 1603 832 1654 scribi
868 1618 992 1656 eum
1029 1606 1375 1672 pra-cedenti,
1404 1607 1498 1674 qui
1552 1621 1736 1662 mutus
1769 1616 1823 1661 ct
1854 1609 2056 1664 surdus
2081 1612 2251 1664 exsti-

666 1700 830 1755 terat,
894 1695 1141 1761 volens;
1201 1696 1549 1768 duplicisque
1614 1701 1898 1769 languoris
1975 1702 2249 1771 duplicem

667 1786 899 1841 sortitus
951 1796 1038 1841 est
1067 1791 1384 1844 sanitatem.
1425 1793 1546 1857 Quo
1579 1794 1814 1864 benigne
1849 1804 2094 1864 recepto,
2126 1813 2253 1865 pro-

667 1885 788 1944 pter
818 1878 1253 1935 benevolentiam
1293 1900 1452 1951 quam
1486 1883 1634 1938 circa
1665 1894 1934 1955 martyras
1984 1887 2169 1952 habet,
2201 1897 2253 1944 et

666 1969 912 2040 linguam
937 1973 1011 2026 illi
1039 1975 1102 2028 ad
1135 1976 1298 2029 breve
1328 1985 1545 2045 tempus
1575 1978 1924 2044 donabimus,
1952 1986 2005 2033 et
2032 1995 2256 2034 manum

670 2066 1240 2131 accommodahimus,
1272 2077 1326 2122 ct
1363 2080 1614 2123 mutuum
1662 2073 2046 2140 prwstahimus
2107 2074 2251 2126 cala-

669 2171 842 2221 mum,
891 2160 1102 2213 sanctis
1137 2160 1354 2214 laudem
1386 2163 1611 2227 lcxenti,
1640 2172 1693 2217 et
1749 2164 2007 2218 virtutem
2064 2179 2255 2219 eorum

671 2250 846 2304 ardue
901 2252 1205 2320 prardieare
1233 2255 1499 2310 studenti.
1539 2256 1872 2325 incipiamus
1909 2272 2039 2324 ergo
2073 2257 2142 2312 de
2165 2257 2260 2312 illo

668 2339 895 2407 referre,
923 2343 1180 2397 alacriter
1209 2346 1257 2397 ci
1293 2346 1476 2398 omnia
1535 2346 1691 2413 facti,
1756 2364 1952 2402 manus
1982 2349 2255 2416 videlicet,

668 2430 878 2500 lingua,
909 2441 963 2485 et
989 2433 1235 2489 calamus
1261 2435 1508 2490 Scribere
1545 2437 1807 2491 velociter
1834 2447 1888 2491 ct
1919 2439 2260 2508 amplissime

669 2519 1016 2576 adhortatus.

740 2611 881 2668 Cilix
915 2623 1034 2669 erat
1058 2614 1386 2672 Theodorus
1417 2636 1481 2672 ex
1507 2620 1842 2676 Anazarbeis
1871 2630 2119 2688 exortus,
2144 2639 2267 2693 pas-

671 2705 1031 2776 siouibusque
1068 2709 1284 2765 duabus
1302 2711 1614 2768 diﬂicilibus
1645 2722 1986 2779 eoarctatus,
2026 2732 2258 2784 quarmn

669 2803 843 2852 altera
874 2799 1202 2856 dmmouium
1263 2813 1378 2857 erat
1430 2805 1857 2874 nequissimum,
1897 2807 2070 2861 ferina
2103 2807 2262 2862 ειηνὶ-

673 2891 748 2943 tia
777 2893 1198 2961 superveniens,
1226 2905 1282 2948 et
1314 2896 1635 2963 dirmnpeus
1671 2912 1891 2967 semper
1925 2913 2089 2951 omne
2114 2898 2258 2966 quod

674 2982 1016 3050 invenisset;
1077 2987 1356 3042 multoties
1425 2990 1593 3054 enim,
1662 2997 1721 3042 at
1764 2989 2040 3058 quondam
2109 3002 2261 3059 pater

674 3075 1006 3129 daein-ouium
1074 3078 1337 3146 patientis
1401 3080 1456 3134 in
1505 3079 1820 3150 Evangeliis
1869 3084 1934 3137 ad
1970 3084 2258 3138 Dominum

1585 399 1643 458 S.
1690 397 2112 458 SOPl-IRONH
2148 394 2654 457 PATRHRCH/E
2684 396 3086 456 IIIEROSOL.

661 509 785 554 rent
819 508 1087 572 martyres
1132 503 1326 558 abinde
1380 506 1647 562 sanitates
1681 508 1911 571 donare,
1939 516 1992 560 et
2047 522 2108 560 ea
2141 521 2262 574 qua:
2298 512 2334 565 Α
2369 524 2460 558 σεν
2498 524 2512 538 ο

2334 2262 2338 2269 ·
2361 2268 2475 2303 τειν
2505 2251 2856 2315 σπουδάζοντι
2895 2269 2908 2282 ·

3797 395 3940 459 3643

2565 508 2649 558 ἵνα
2690 505 2931 574 φανῶσιν
2967 507 3015 558 οἱ
3058 505 3332 576 μάρτυρες
3371 503 3578 557 ἐκεῖθεν
3623 503 3719 566 τὰς
3772 505 3944 568 ἰάσεις

2353 597 2707 667 δωρούμενοι,
2758 599 2852 650 καὶ
2880 599 2948 652 τὰ
2997 599 3132 668 πρὸς
3161 597 3444 650 τελείωσιν
3479 597 3591 658 τοῖς
3637 594 3946 665 ἀνθρώποις

2355 690 2697 752 ἐλλείποντα,
2725 691 2845 742 ὅθεν
2886 690 2942 756 ἐξ
2977 691 3154 760 ἀρχῆς
3183 691 3278 742 καὶ
3320 690 3419 758 τὴν
3459 688 3675 754 γένεσιν
3699 687 3893 756 ἔλαχον
3920 707 3934 720 ·

2352 782 2432 834 διὸ
2465 782 2558 833 καὶ
2593 784 2757 850 ἡμεῖς
2789 781 2865 842 ὡς
2891 781 3116 833 δυνατὸν
3152 781 3350 841 αὐτοὺς
3382 779 3823 848 εὐφημήσαντες,
3854 778 3945 828 καὶ

2352 873 2535 926 δοῦναι
2565 874 2721 940 λόγον
2753 875 2810 924 ἐν
2843 872 3043 936 ἀνοίξει
3078 871 3170 924 τοῦ
3220 872 3490 940 στόματος
3533 869 3944 929 ἱκετεύσαντες,

2351 965 2423 1027 ώς
2461 966 2554 1017 καὶ
2581 965 2658 1034 τῷ
2685 965 2911 1034 παρόντι
2958 963 3053 1018 νῦν
3085 964 3267 1037 ᾁλάλῳ
3297 962 3618 1028 δεδώκασιν,
3649 960 3946 1033 προθύμως

2354 1059 2489 1130 πρὸς
2521 1058 2618 1130 τὴν
2642 1059 2748 1112 τῶν
2777 1057 3116 1129 λειπομένων
3136 1055 3431 1126 θαυμάτων
3452 1055 3706 1126 διήγησιν
3730 1051 3948 1120 ἐπειγό-

2359 1150 2521 1220 μεθα.

2353 1261 2470 1314 ΞΕ’.
2534 1261 2672 1330 Περὶ
2721 1261 3022 1329 Θεοδώρου
3067 1261 3171 1313 toﬁ
3216 1261 3454 1330 τυφλοῦ
3500 1262 3600 1316 καὶ
3639 1261 3949 1330 δαιμόνιον

3013 1332 3287 1400 ἔχοντες.

2426 1423 2518 1487 Εἰς
2543 1425 2734 1495 καιρδν
2767 1426 2900 1492 ἡμῖν
2928 1425 2956 1476 ό
2985 1425 3141 1490 Κίλιξ
3177 1425 3402 1494 ἀφῖκται
3425 1424 3698 1494 Θεόδωρος
3723 1466 3737 1487 ,
3765 1423 3950 1491 διττῆς

2355 1514 2447 1567 καὶ
2475 1513 2636 1576 αὐτὸς
2664 1515 2946 1576 ἀσθενείας
2979 1517 3172 1581 φυγεῖν
3193 1516 3568 1587 διηγούμενος,
3599 1515 3689 1567 καὶ
3719 1514 3795 1583 τῷ
3820 1531 3952 1584 προ-

2354 1606 2571 1658 λαϐόντι
2601 1606 2770 1657 θέλων
2799 1607 3210 1670 συντάττεσθαι,
3247 1607 3496 1675 γλώττης
3522 1606 3721 1672 δεσμὸν
3749 1621 3951 1670 πεφευ-

2353 1700 2471 1765 γότι
2507 1699 2600 1751 καὶ
2631 1697 2909 1766 κώφωσιν,
2936 1699 3036 1752 καὶ
3084 1698 3262 1752 διττοῦ
3304 1700 3610 1767 νοσήματος
3636 1697 3820 1765 διττὴν
3849 1695 3947 1747 λα-

2355 1790 2500 1860 χόντι
2532 1790 2630 1860 τὴν
2670 1791 2832 1844 ἴασιν.
2894 1792 2989 1842 Ὃν
3035 1792 3371 1860 φιλοφρόνως
3401 1791 3703 1859 δεξάμενοι,
3737 1789 3823 1841 διὰ
3855 1788 3952 1857 τὴν

2360 1881 2495 1951 πρὸς
2519 1882 2646 1944 τοὺς
2681 1881 2966 1952 μάρτυρας
2995 1881 3234 1944 εὔνοιαν,
3269 1883 3363 1935 καὶ
3391 1883 3490 1951 τὴν
3521 1883 3768 1949 γλῶτταν
3799 1879 3951 1950 αύτῷ

2361 1972 2496 2043 πρὸς
2526 1973 2698 2042 βραχὺ
2731 1974 3105 2042 χαρισώμεθα,
3142 1976 3234 2026 καὶ
3269 1974 3368 2044 τὴν
3398 1977 3557 2042 χεῖρα
3587 1973 3945 2042 δανείσωμεν,

2361 2067 2455 2119 καὶ
2482 2065 2573 2118 τὸν
2601 2066 2845 2135 κάλαμον
2873 2068 3190 2138 χρήσωμεν,
3216 2070 3331 2130 τοῖς
3352 2068 3526 2128 ἁγίοις
3551 2066 3649 2134 τὴν
3677 2066 3952 2134 εὐφημῖαν

2362 2157 2663 2225 ὑφαίνοντι,
2695 2158 2789 2210 καὶ
2829 2158 2927 2228 τὴν
2962 2159 3142 2212 αὐτῶν
3178 2159 3351 2230 ἀλκὴν
3379 2159 3717 2229 διαπρυσίως
3747 2158 3953 2227 κηρύτε

2961 2252 3257 2321 ἀρξώμεθα
3290 2253 3422 2321 γοῦν
3473 2253 3573 2320 τῆς
3629 2251 3748 2304 κατ’
3788 2251 3952 2304 αύτὶν

2361 2345 2690 2412 διηγήσεως,
2743 2345 3039 2412 προθύμως
3073 2344 3222 2413 αύτῷ
3257 2345 3435 2399 πάντα
3480 2344 3814 2412 γιγνόμενοι,
3857 2343 3953 2394 καὶ

2363 2437 2482 2504 χεὶρ
2516 2436 2610 2488 καὶ
2638 2435 2852 2502 γλῶττα
2889 2438 2983 2490 καὶ
3016 2438 3279 2506 κάλαμος,
3305 2440 3333 2490 ό
3360 2436 3700 2504 ξυγγράφειν
3735 2436 3952 2505 εὐφυῶς

2362 2526 2736 2594 ἐπειγόμενος.

2434 2619 2593 2683 Κίλιξ
2633 2615 2701 2689 ἦν
2734 2621 2762 2672 ό
2793 2618 3068 2689 Θεόδωρος
3099 2619 3200 2688 τῆς
3258 2619 3640 2689 Ἀναζαρϐέων
3697 2620 3954 2689 cotibus»

2363 2729 2450 2774 vo;
2481 2712 2706 2776 πόλεως,
2744 2712 2836 2764 καὶ
2867 2711 3065 2764 πάθεσι
3093 2711 3185 2764 δύο
3217 2712 3508 2783 δυσχερέσι
3540 2711 3914 2781 κρατούμενος
3940 2727 3950 2738 ’

2362 2797 2437 2857 ὧν
2491 2804 2550 2856 τὸ
2590 2804 2688 2873 μὲν
2728 2804 3002 2874 δαιμόνιον
3053 2798 3122 2873 ἦν
3183 2802 3571 2873 πονηρότερον,
3617 2799 3956 2870 ἁγριώτερόν

2364 2912 2484 2956 πως
2507 2895 2875 2966 ἐπερχόμενον
2907 2897 3000 2949 καὶ
3029 2895 3229 2965 ῥῆσσον
3258 2896 3347 2948 ἀεὶ
3376 2895 3514 2964 πρὸς
3550 2896 3660 2947 πᾶν
3703 2893 3956 2963 εὑρισκό-

2368 3001 2528 3053 μενον
2560 3003 2575 3016 ο
2612 2985 2871 3048 πολλάκις
2905 2987 3010 3057 γὰρ
3042 2988 3117 3049 ώς
3139 2987 3166 3038 ὁ
3213 2986 3307 3039 τοῦ
3352 2986 3738 3056 δαιμονιῶντος
3771 2983 3956 3052 πατὴρ

2365 3076 2423 3127 ὲν
2455 3076 2812 3145 Εὑαγγελῐοις
2838 3078 2975 3147 πρὸς
3005 3077 3095 3131 τὸν
3123 3077 3331 3148 Κύριον
3355 3079 3577 3146 ἔφησεν,
3604 3078 3684 3139 εἰς
3713 3074 3825 3145 περ
3858 3075 3958 3126 αύιν

676 3163 913 3226 dixit,in
970 3164 1151 3236 ignem
1201 3183 1326 3222 eum
1360 3175 1415 3223 et
1445 3185 1645 3238 aquam
1691 3170 1961 3240 iactabat,
2008 3173 2260 3228 occidere
2287 3182 2329 3241 (ζ
2364 3187 2366 3199 '

2287 3182 2329 3241 ε
2364 3167 2454 3220 τὸν
2481 3167 2575 3219 καὶ
2599 3165 2745 3238 ὕδωρ
2766 3167 3008 3240 ἐνέϐαλε,
3031 3168 3263 3223 κτείνειν
3286 3168 3521 3238 ἀφειδῶς
3548 3168 3643 3220 καὶ
3666 3165 3956 3220 ἀπολλύειν

677 3255 825 3308 hunc
868 3270 976 3309 non
1016 3271 1250 3325 parcens
1283 3273 1347 3313 ac
1379 3259 1610 3329 perdere
1659 3261 1852 3316 volens
1887 3279 1901 3328 ;
1935 3262 2105 3317 altera
2132 3279 2263 3318 vero

675 3349 967 3401 oculorum
994 3350 1212 3406 caecitas
1241 3365 1376 3418 erat,
1398 3367 1507 3406 non
1530 3351 1846 3408 inﬁrmitate
1867 3353 2010 3408 facta
2032 3365 2260 3422 natum,

675 3437 774 3493 sed
807 3442 1128 3507 operatione
1143 3442 1412 3498 daemonis
1440 3452 1889 3514 przeparatamec
1918 3463 1981 3502 ex
2005 3449 2266 3518 languore

677 3532 954 3600 corporali
1005 3535 1346 3603 superillata',
1410 3539 1502 3591 sed
1541 3553 1604 3592 ex
1655 3539 1884 3594 feritate
1913 3541 2139 3610 spiritus
2179 3542 2264 3595 in-

677 3622 884 3690 ducta;
918 3627 998 3679 sic
1035 3629 1333 3698 malignum
1383 3635 1502 3684 erat
1533 3630 1890 3695 dmmonium,
1943 3641 1996 3687 et
2046 3645 2268 3702 propter

677 3716 1075 3771 abundantiam
1137 3720 1310 3774 rabiei
1365 3721 1734 3776 malevolum!
1789 3722 1985 3778 Verum
2034 3741 2158 3778 eum
2213 3725 2268 3778 iu

678 3807 767 3862 his
796 3819 944 3863 esset
977 3808 1326 3877 Theodorus,
1355 3824 1410 3868 et
1451 3815 1586 3869 nihil
1618 3817 1859 3872 salutare
1883 3827 2150 3886 speraret,
2177 3828 2272 3873 aut

682 3898 753 3952 ab
791 3900 878 3954 his
913 3910 1039 3956 ante
1072 3902 1476 3972 liberationem,
1505 3923 1628 3977 quae
1672 3908 1729 3962 lit
1766 3924 1862 3978 per
1893 3919 2147 3972 mortem,
2184 3909 2270 3964 lu-

679 4005 813 4060 gere
826 3993 1178 4060 passionibus
1193 4005 1539 4066 exspectaret
1560 4015 1575 4063 ;
1597 4013 1743 4053 mors
1771 4002 1918 4053 enim
1944 4014 2132 4054 revera
2151 3999 2271 4054 viro

681 4080 926 4150 requies,
945 4091 1004 4136 ut
1020 4083 1122 4139 Job
1136 4087 1229 4155 qui
1247 4087 1666 4157 philosophatus
1694 4100 1779 4145 est
1807 4091 1860 4144 in
1890 4091 2267 4159 passiouibus.

675 4181 766 4227 est.
820 4172 1040 4238 atratus,
1099 4189 1316 4232 omnem
1382 4177 1641 4234 auferens
1711 4180 1897 4235 saeculi
1935 4179 2102 4248 hujus
2132 4179 2272 4235 ditii-

678 4261 969 4326 cultatem,
996 4265 1396 4335 przeseutisque
1425 4266 1549 4321 vita:
1582 4268 1812 4321 multam
1846 4269 2184 4337 passionem,
2213 4277 2270 4322 et

681 4355 919 4408 multum
949 4356 1192 4410 laborem
1227 4358 1447 4429 ;Cyrus
1490 4371 1548 4414 et
1596 4358 1837 4416 Joannes
1865 4361 2268 4414 annuntiantur

679 4460 712 4498 a
746 4445 858 4501 Deo
887 4448 1074 4503 donati
1101 4449 1414 4504 daemonum
1469 4453 1820 4520 cxpulsores,
1863 4461 1917 4507 et
1945 4453 2265 4521 passionum

683 4541 1057 4608 corporalium
1095 4542 1209 4596 veri
1261 4543 1715 4613 propulsatores;
1752 4553 1808 4598 et
1859 4544 2094 4599 credens
2154 4544 2266 4599 Deo
2301 4542 2344 4596 D

1307 4543 1715 4613 ropulsatores;
1752 4553 1808 4598 et
1859 4544 2094 4599 credens
2154 4544 2266 4599 Deo
2301 4542 2344 4596 D
2373 4538 2592 4608 ἀληθεῖς
2637 4536 2953 4603 ἀλεξίκακοι
2986 4554 2997 4568 '

683 4637 739 4685 et
765 4631 1102 4702 martyribus
1139 4632 1531 4689 Alexandriam
1563 4637 1736 4702 venit,
1768 4648 1822 4691 et
1853 4636 1920 4691 ad
1948 4646 2266 4690 sanctorum

687 4726 935 4793 pervenit
963 4723 1279 4791 ecclesiam,
1314 4742 1374 4782 re
1418 4727 1751 4784 denuntians
1794 4728 1918 4783 ﬁdei
1958 4743 2085 4797 erga
2117 4727 2268 4781 illum

683 4816 1146 4872 immobilitatem.
1167 4817 1335 4883 Quem
1355 4818 1564 4874 Christi
1590 4820 1957 4890 suscipientes
1971 4819 2184 4884 famuli,
2217 4828 2273 4874 et

687 4922 718 4959 a
743 4907 904 4962 malis
950 4907 1152 4976 quibus
1184 4907 1521 4964 allieiebatur
1552 4910 1881 4978 liberarunt,
1909 4922 1964 4967 et
1996 4914 2122 4967 vitae
2159 4911 2269 4966 Deo

688 4997 940 5053 amabilis
965 4999 1278 5068 operarium
1327 5001 1706 5056 reddiderunt.

760 5090 1097 5158 Apparentes
1116 5090 1262 5145 enim
1292 5092 1342 5145 ei
1375 5108 1484 5147 non
1513 5093 1685 5147 multo
1705 5103 1827 5162 post
1857 5095 1941 5148 sui
1979 5095 2271 5150 adventum

687 5194 800 5233 non
852 5179 1127 5249 vigilanti,
1162 5181 1260 5238 sed
1315 5198 1480 5253 super
1510 5193 1687 5239 strata
1748 5185 2065 5250 dormienti,
2115 5197 2273 5256 pacta

688 5284 815 5323 cum
849 5284 912 5324 eo
943 5279 996 5325 et
1048 5271 1326 5340 jussiones
1361 5274 1625 5339 inierunt,
1663 5283 1718 5330 et
1748 5276 1831 5330 sic
1881 5291 2005 5330 eum
2043 5276 2270 5344 dignum

690 5360 902 5416 faciunt
935 5363 1244 5419 valetudine
1277 5383 1292 5432 ;
1335 5375 1493 5435 pacta
1538 5375 1718 5422 autem
1776 5375 1830 5422 et
1863 5367 2148 5437 jussiones
2183 5384 2278 5438 per

691 5451 818 5506 illos
851 5451 1027 5521 taetre,
1062 5457 1416 5513 tumultuosae
1476 5459 1600 5514 vita:
1659 5460 2019 5530 requirebant
2059 5462 2278 5531 deposi-

695 5547 923 5615 tionem,
957 5560 1010 5605 et
1039 5552 1166 5607 vitze
1199 5555 1520 5610 monasticae
1555 5556 1909 5626 tranquillam
1969 5558 2278 5627 susceptio-

694 5655 845 5695 nem.
874 5641 998 5697 Haec
1019 5645 1166 5699 enim
1218 5646 1330 5701 illis
1361 5663 1390 5700 a
1420 5649 1627 5703 sanatis
1651 5656 1738 5704 est
1765 5663 1980 5704 merces
2014 5657 2096 5702 ter
2128 5664 2278 5702 ama.

695 5731 850 5794 bilis.
881 5733 1007 5787 vitae
1039 5737 1339 5793 correctio.
1393 5736 1546 5794 Unde
1579 5740 1718 5795 tales
1777 5748 1832 5795 et
1881 5739 2183 5810 recipiunt,
2224 5749 2278 5794 et

700 5831 924 5880 sanatos
961 5826 1144 5883 statim
1174 5827 1479 5885 dissolvunt
1517 5847 1531 5897 ;
1563 5836 1613 5886 et
1648 5830 1751 5885 hoc
1819 5827 2171 5886 manifestum
2195 5835 2275 5884 est

2369 3257 2690 3327 βουλόμενον
2723 3272 2738 3286 ⁸
2775 3257 2835 3310 τὸ
2879 3259 2935 3311 δὲ
2966 3257 3072 3313 τῶν
3099 3260 3364 3329 ὀμμάτων
3394 3260 3642 3329 ὑπῆρχεν
3674 3261 3706 3325 ἡ
3739 3257 3959 3326 τύφλω-

2369 3365 2472 3411 σις,
2520 3349 2622 3402 οὐκ
2651 3347 2905 3419 ἀσθενείᾳ
2938 3351 3206 3420 γενομένη
3251 3352 3350 3420 τῆς
3383 3350 3621 3418 φύσεως,
3659 3348 3775 3402 ἀλλ’
3806 3351 3962 3420 ὲνερο

2367 3441 2490 3511 γεῐα
2523 3441 2905 3511 σχεδιασθεῖσα
2927 3441 3022 3495 τοῦ
3048 3443 3325 3511 δαίμονος,
3356 3443 3456 3496 οὐκ
3484 3444 3548 3495 ὲκ
3574 3443 3728 3495 νόσου
3764 3458 3960 3511 σωμα-

2368 3533 2526 3602 τικῆς
2571 3535 3013 3605 ὲπεισφρήσασα,
3047 3535 3162 3588 ἀλλ’
3203 3536 3263 3601 ἐξ
3293 3535 3617 3605 ἀγριότητος
3647 3533 3964 3602 πνεύματος

2370 3625 2728 3695 ὲνδημήσασα
2761 3643 2774 3655 ’
2804 3626 2947 3680 οὕτω
2973 3627 3207 3697 πονηρὸν
3237 3622 3306 3697 ἦν
3337 3626 3396 3680 τὸ
3422 3627 3726 3697 δαιμόνιον,
3769 3627 3864 3678 καὶ
3895 3625 3963 3677 δι’

2369 3718 2677 3788 ὑπερϐολὴν
2701 3718 2899 3788 λύττης
2938 3718 3346 3790 μισάνθρωπον.
3389 3718 3530 3771 Ἀλλ’
3560 3719 3616 3770 ὲν
3649 3717 3859 3779 τούτοις
3885 3717 3964 3786 τῷ

2369 3809 2632 3880 Θεοδώρῳ
2664 3811 3008 3880 τυγχάνοντι,
3045 3813 3136 3864 καὶ
3178 3811 3344 3880 μηδὲν
3374 3810 3716 3880 σωτηριῶδες
3746 3809 3837 3860 εεά
3871 3809 3964 3860 τὸν

2370 3901 2563 3972 χρόνον
2588 3901 2883 3968 ἐλπίζοντι,
2916 3904 2948 3972 ἢ
2979 3903 3207 3955 τουτωνὶ
3235 3901 3345 3954 τῶν
3371 3903 3562 3955 παθῶν
3597 3901 3964 3971 προσδοκῶντι

2371 3995 2564 4059 φυγεῖν
2591 3992 2697 4061 πρὸ
2724 3993 2826 4063 τῆς
2854 3994 2919 4045 ὲκ
2955 3993 3186 4046 Θανάτου
3213 3993 3556 4064 λυτρώσεως·
3590 3993 3819 4053 θάνατος
3852 3994 3965 4062 γὰρ

2370 4079 2542 4144 ὄντως
2587 4083 2745 4152 ἀνδρὶ
2812 4083 3145 4147 ἀνάπαυσις,
3183 4083 3259 4146 ὡς
3291 4086 3319 4136 ό
3356 4083 3728 4153 φιλοσοφήσας
3767 4084 3827 4135 ὲν
3856 4085 3968 4136 πά-

2371 4171 2518 4226 θεσιν
2564 4171 2682 4224 Ἰὼϐ
2713 4173 3114 4241 ἀπεφθέγξατο,
3152 4175 3333 4226 πᾶσαν
3366 4174 3607 4244 ἀναιρῶν
3658 4173 3754 4242 τὴν
3780 4174 3840 4224 ὲν
3863 4171 3967 4241 βίῳ

2368 4263 2710 4332 δυσχέρειαν,
2757 4263 2852 4315 καὶ
2886 4265 2989 4333 τῆς
3029 4263 3314 4333 παρούσης
3360 4262 3509 4334 ζωῆς
3541 4263 3603 4314 τὸ
3649 4261 3967 4324 πολυπαθὲς

2369 4354 2464 4407 καὶ
2515 4352 2856 4423 πολύμοχθον
2885 4367 2900 4382 ⁸
2952 4353 3136 4422 Κῦρος
3187 4354 3284 4406 καὶ
3340 4351 3593 4422 Ἰωάννης
3635 4351 3966 4419 ἠγγέλλοντο

2370 4444 2641 4514 δαιμόνων
2673 4445 2863 4499 ἐλαταὶ
2886 4445 3231 4516 θεοδώρητοι,
3271 4445 3368 4499 καὶ
3414 4444 3602 4498 παθῶν
3632 4445 3965 4514 σωματικῶν

3045 4541 3138 4592 καὶ
3189 4537 3489 4601 πιστεύσας
3542 4537 3661 4608 Θεῷ
3713 4539 3806 4590 καὶ
3853 4542 3966 4601 τοῖς

2378 4633 2670 4701 μάρτυσιν,
2699 4633 2778 4693 εἰς
2822 4631 3229 4702 Ἀλεξάνδρειαν
3259 4631 3500 4701 ἔρχεται,
3534 4630 3628 4683 καὶ
3657 4629 3765 4682 τῶν
3792 4630 3966 4698 ἁγίων

2375 4722 2785 4792 καταλαμϐάνει
2822 4723 2884 4776 τὸ
2924 4724 3153 4792 τέμενος
3177 4764 3192 4790 ,
3241 4724 3388 4795 ἔργῳ
3422 4723 3710 4793 κηρύττων
3739 4723 3839 4791 τῆς
3886 4725 3969 4785 εἰς

2375 4815 2538 4868 αὑτὸν
2566 4814 2804 4877 πίστεως
2826 4814 2889 4866 τὸ
2913 4815 3271 4883 ἀκράδαντονο
3295 4814 3354 4867 ὃν
3381 4816 3432 4867 οἱ
3449 4813 3684 4885 Χριστοῦ
3706 4814 3969 4877 λαϐόντες

2375 4903 2728 4974 θεράποντες,
2753 4904 2849 4956 καὶ
2874 4904 2982 4956 τῶν
3009 4906 3342 4975 συνεχόντων
3365 4905 3554 4957 δεινῶν
3582 4905 3970 4974 ἡλευθέρωσαν

2375 4996 2470 5048 καὶ
2512 4994 2626 5065 βίου
2658 4994 2938 5062 θεοφιλοῦς
2973 4997 3210 5066 ἐργάτην
3237 4995 3536 5060 ἀνέδειξαν.

2445 5087 2710 5149 Φανέντες
2739 5087 2848 5155 γὰρ
2877 5086 3023 5156 αὐτῷ
3073 5088 3192 5156 μετ’
3217 5088 3276 5139 ού
3305 5087 3441 5141 πολὺ
3470 5087 3570 5156 τῆς
3599 5085 3836 5154 ἀφίξεως
3855 5123 3870 5147 ,
3902 5085 3968 5136 ού

2377 5179 2758 5250 γρηγοροῦντι,
2809 5179 2923 5232 ἀλλ’
2951 5181 3044 5232 ἐπὶ
3087 5181 3194 5233 τῶν
3234 5180 3571 5251 στρωμάτων
3625 5179 3966 5242 καθεύδοντι,

2380 5272 2656 5342 συνθήκας
2716 5271 2851 5342 πρὸς
2879 5273 3041 5326 αὐτὸν
3075 5274 3167 5325 καὶ
3224 5277 3626 5343 προστάγματα
3677 5272 3922 5325 τίθενται
3952 5289 3965 5305 ο

2379 5363 2475 5417 καὶ
2501 5358 2602 5416 εἷθ’
2630 5363 2802 5427 οὕτως
2823 5365 2982 5416 αὐτὸν
3013 5363 3222 5428 ἀξιοῦσι
3256 5367 3353 5434 τῆς
3382 5365 3602 5435 ῥώσεως
3624 5382 3636 5393 ·
3663 5366 3720 5417 αἱ
3754 5364 3814 5417 δὲ
3837 5381 3971 5417 συν-

2380 5457 2567 5525 θῆκαι,
2612 5456 2708 5510 καὶ
2736 5457 2804 5510 τὰ
2839 5456 2905 5510 δι’
2947 5457 3126 5511 αὐτῶν
3157 5458 3419 5526 γεγονότα
3451 5457 3832 5526 συντάγματα,
3865 5457 3973 5526 τῆς

2379 5547 2728 5619 ταραχώδους
2769 5547 2916 5618 ζωῆς
2966 5549 3208 5620 ἀπῄτουν
3258 5550 3542 5615 ἀπόθεσιν,
3574 5550 3668 5602 καὶ
3709 5547 3826 5618 βίου
3866 5566 3972 5617 μο-

2379 5641 2444 5709 νή
2456 5656 2579 5708 ρους
2605 5638 2949 5708 γαληνίῶσαν
2981 5641 3245 5712 ἀνάληψιν
3275 5657 3290 5670 ο
3315 5640 3452 5711 αὕτη
3477 5641 3587 5710 γάρ
3613 5641 3795 5702 αὑτοῖς
3831 5640 3974 5710 πρὶς

2380 5732 2489 5785 τῶν
2553 5732 2912 5802 ρωννυμένων
2990 5733 3318 5803 μισθοπορία
3376 5733 3730 5802 τριπόθητος,
3794 5733 3828 5801 ὴ
3871 5733 3973 5786 to?)

2385 5823 2500 5893 βίου
2549 5823 2801 5892 τυγχάνει
2856 5823 3159 5892 διόρθωσις.
3204 5824 3367 5876 Ὅθεν
3399 5825 3524 5886 τοὺς
3563 5823 3836 5886 τοιούτους
3872 5821 3975 5875 καὶ
