4280 6442
332 393 472 454 3633

1319 394 1420 451 SS.
1453 391 1628 452 CYRI
1667 390 1762 451 ET
1798 386 2119 451 JOA‘NNIS
2154 383 2553 446 MIRACULA

3453 363 3595 432 δεδι

338 505 392 554 τὸ
419 501 632 556 δάνειον
663 503 738 572 μὴ
771 503 1056 557 ἐκτίσωστν
1084 519 1097 535 ·
1129 503 1288 557 τοῦτο
1332 505 1441 575 γὰρ
1499 501 1567 575 ἦν
1617 505 1802 565 αὐτοῖς
1857 501 1918 555 τὸ
1949 507 1991 562 Α
2021 524 2028 571 ι

1903 506 1918 555 5
1949 507 1991 562 Α
2021 502 2339 572 gestientes,
2377 505 2438 551 ut
2461 508 2558 566 per
2584 488 3023 562 interemptionis
3055 489 3346 550 incertum,
3369 489 3426 538 et
3453 479 3593 551 jud't.

333 595 692 664 ποθούμενον.
737 595 1070 663 Ἐλογίξοντο
1087 595 1142 649 δὲ
1163 597 1300 666 τάχα
1324 598 1416 650 καὶ
1455 596 1611 650 τοῦτο
1635 598 1754 648 καθ’
1785 595 1910 647 ἑαυ-

334 690 458 750 τοὺς
486 690 538 741 oi
566 689 989 759 τρισάθ>.ιοι,ὡς
1036 690 1161 753 τοὺς
1208 691 1524 760 ἀνθρώπους
1568 693 1616 744 εί
1675 690 1909 752 λάθοιεν,

334 783 427 833 καὶ
449 782 510 834 τὸ
531 783 685 851 ὄμμα
718 783 926 854 Κυρίου
960 784 1020 836 τὸ
1041 785 1342 854 ἀκοίμητον
1365 785 1641 851 λήσονται.

420 1047 836 1116 Ἐφαρμάττετο
867 1049 966 1116 μὲν
996 1049 1110 1112 οὖν,
1147 1049 1220 1111 ὡς
1247 1049 1404 1120 ἔφην,
1435 1049 1463 1101 ὁ
1487 1049 1786 1118 Στέφανος,
1817 1049 1915 1101 καὶ

337 1139 574 1199 θάνατος
636 1135 706 1209 ἦν
739 1143 766 1192 ὁ
797 1140 998 1204 σκοπὸς
1048 1141 1143 1194 τοῦ
1175 1141 1552 1211 φαρμάζοντος
1583 1159 1596 1172 ο
1623 1141 1683 1193 ὃν
1741 1141 1918 1214 σκέπῃ

334 1229 438 1296 -μέν
461 1228 595 1281 Θεοὺ
617 1230 710 1282 καὶ
739 1229 900 1298 βουλῇ
931 1231 1261 1299 διαπέφευγε
1298 1249 1312 1262 ο
1348 1233 1520 1301 πάντη
1551 1232 1606 1285 δὲ
1634 1231 1727 1283 τοὺ
1755 1231 1920 1300 δηλη-

337 1321 533 1388 τηρίου
577 1321 675 1391 τὴν
713 1321 896 1391 λώϐην
949 1323 1050 1374 οὑκ
1103 1323 1326 1391 ἔφυγεν,
1376 1323 1492 1375 ἀλλ’
1553 1322 1920 1393 αἱμορῥαγίας

337 1411 643 1464 ὑποπίπτει
669 1413 965 1481 νοσήματι,
980 1413 1076 1466 καὶ
1109 1415 1212 1482 ἠμέ
1227 1431 1324 1483 ρας
1342 1414 1582 1482 ἑκάστης
1613 1413 1704 1466 τὸν
1723 1414 1923 1465 οἰκεῖον

341 1503 544 1555 ἔϐλεπε
572 1503 830 1570 θάνατον,
863 1504 1059 1574 αἵμασι
1083 1506 1220 1573 ῥέων
1249 1506 1337 1558 διὰ
1387 1504 1626 1574 γαστρὸς
1683 1503 1780 1556 καὶ
1829 1501 1924 1554 τοῦ

341 1593 638 1661 στόματος,
663 1595 757 1646 καὶ
784 1595 990 1656 πάντας
1014 1596 1334 1663 ἐκπλήττων
1351 1595 1428 1662 τῷ
1453 1595 1645 1664 πλήθει
1665 1597 1764 1664 τῆς
1796 1591 1890 1662 ρεύ
1911 1623 1925 1634 ο

342 1697 504 1744 σεως,
531 1683 625 1734 καὶ
644 1682 773 1752 βοᾷν
807 1684 1135 1750 ἀναγκάζων
1163 1685 1289 1746 τοὺς
1330 1683 1652 1752 βλέποντας,
1675 1684 1752 1746 ὡς
1776 1684 1926 1737 θάνοι

343 1777 564 1838 πάντως
637 1775 744 1844 πρὸ
803 1777 905 1844 τῆς
971 1776 1066 1829 τοὺ
1137 1778 1368 1847 αἵματος
1436 1778 1695 1840 στάσεως.
1769 1776 1925 1829 Οὖτω

2019 597 2164 650 cium
2197 591 2580 646 delitescentes
2613 583 2930 653 eﬂ‘ugerent,
2973 589 3028 637 et
3063 586 3310 634 mutuum
3346 590 3453 629 non
3482 589 3598 642 per—

2018 688 2289 742 solvcrent
2317 702 2330 748 ;
2363 683 2466 734 hoc
2511 679 2656 734 enim
2687 676 3024 733 desiderium
3065 682 3183 728 erat
3216 671 3344 726 illis.
3375 669 3597 740 Cogita.

2016 779 2150 832 bant
2195 785 2373 828 autent
2431 772 2575 844 apud
2628 787 2687 826 se
2731 767 2982 823 fertassis
3030 766 3346 828 miserrimi,
3386 760 3596 832 quodsi

2020 870 2265 924 homines
2308 867 2472 920 latere
2515 864 2843 933 potuissent,
2868 867 2923 914 et
2969 859 3188 912 oculum
3220 857 3334 920 Dei,
3368 855 3460 926 qui
3491 869 3598 910 non

2020 960 2248 1020 dormit,
2283 942 2454 1011 latere
2486 955 2845 1009 nihilominus
2884 952 3208 1007 valuissent.

2093 1047 2340 1115 Denique
2364 1053 2421 1098 Ill
2448 1044 2558 1098 dixi
2577 1043 2844 1097 maleficio
2869 1041 3186 1111 Stephanus
3211 1040 3599 1110 impetebatur,

2023 1150 2076 1196 et
2127 1140 2381 1196 maleficii
2417 1154 2564 1192 mers
2600 1147 2718 1192 crat
2760 1137 2989 1191 intentio
3019 1153 3033 1202 ;
3065 1149 3228 1203 quam
3263 1133 3603 1203 protectione

2027 1233 2121 1288 Dei
2175 1241 2228 1288 ct
2286 1231 2564 1286 voluntate
2629 1229 2844 1298 tliﬂttgit
2897 1228 3137 1298 quidem,
3193 1226 3288 1282 scd
3351 1225 3600 1280 malcﬂcii

2027 1326 2304 1381 lcesionem
2352 1325 2571 1394 penitus
2623 1337 2729 1376 non
2757 1321 2977 1382 evasit;
3013 1334 3201 1374 verum
3257 1319 3437 1373 ﬂuxus
3483 1333 3606 1372 san-

2027 1417 2208 1486 guinis
2261 1417 2580 1483 languorem
2629 1413 2882 1475 incurrit,
2944 1417 2999 1466 et
3051 1427 3146 1480 per
3185 1412 3434 1480 singulos
3487 1409 3606 1463 dies

2028 1517 2256 1563 mortem
2302 1522 2457 1562 suam
2507 1507 2842 1570 intuebatur,
2896 1504 3216 1572 sanguinem
3265 1517 3432 1572 super
3480 1515 3609 1555 san-

2027 1601 2247 1670 guinem
2279 1599 2512 1653 fundens
2541 1615 2635 1668 per
2679 1613 2741 1653 os
2767 1596 2928 1652 simul
2957 1607 3012 1652 et
3038 1607 3308 1659 ventrem,
3339 1602 3392 1649 et
3415 1608 3606 1647 omnes

2029 1692 2084 1744 in
2132 1689 2549 1744 admirationem
2607 1703 2774 1757 agens
2828 1703 2937 1758 pra:
2999 1687 3351 1742 multitudine
3401 1687 3603 1747 ﬂuxus.

2033 1789 2374 1850 cunctosque
2419 1781 2657 1834 clamare
2674 1780 2765 1848 qui
2799 1780 3053 1834 videbant
3085 1778 3605 1848 compellens,quod

343 1866 467 1918 καθ’
494 1865 644 1934 ὥραν
668 1867 992 1920 κινδυνεύων
1031 1869 1060 1920 ὁ
1089 1869 1381 1936 Στέφανος,
1435 1869 1530 1922 καὶ
1582 1869 1720 1922 κατὰ
1767 1868 1926 1938 ῥύσιν
1955 1851 2002 1909 Β

1920 1851 2002 1912 ’Β
2034 1874 2337 1928 moriturus
2388 1881 2534 1928 esset
2584 1882 2709 1928 ante
2751 1872 3036 1942 sanguinis
3088 1878 3315 1926 statum.
3345 1869 3480 1922 Dum
3529 1869 3610 1924 sic

341 1957 576 2024 εἵματος
600 1957 924 2011 ὑποπτεύων
958 1958 1050 2011 τὸν
1080 1960 1332 2024 θάνατον,
1357 1960 1452 2013 καὶ
1485 1961 1557 2030 μὴ
1606 1959 1786 2029 τυχὼν
1838 1961 1923 2012 ία-

339 2064 367 2098 τ
378 2047 472 2116 ροῦ
507 2047 598 2099 τοὺ
627 2047 719 2102 τὸν
755 2049 988 2104 θάνατον
1012 2049 1390 2116 ἐκδιὼκοντος,
1411 2050 1504 2103 ἐπὶ
1557 2050 1743 2120 Κῦρον
1774 2050 1926 2103 ἔπλει

337 2136 431 2190 τὸν
465 2139 723 2210 μάρτυρα
766 2141 860 2193 καὶ
893 2141 1148 2210 Ἰωάννην
1201 2141 1294 2194 τὸν
1350 2141 1534 2212 Κύρου
1591 2141 1877 2210 συνόμιλον
1911 2157 1924 2171 ⁸

335 2231 562 2292 τούτους
598 2234 661 2284 ἐκ
695 2234 944 2302 κρυφίων
967 2233 1295 2303 πυθόμενος,
1360 2233 1555 2304 μόνους
1593 2233 1733 2302 μετὰ
1795 2233 1928 2286 Θεὸν

338 2323 676 2392 θεραπεῦσαι
695 2315 1026 2393 δυναμένους
1055 2326 1116 2378 τὸ
1139 2326 1372 2395 νόσημα,
1399 2325 1494 2377 καὶ
1521 2325 1618 2392 τῆς
1645 2326 1928 2394 παρούσης

339 2414 586 2484 ἀνάγκης
643 2415 1044 2485 λυτρώσασθαι.
1107 2417 1200 2476 Et;
1273 2415 1366 2476 οὓς
1425 2415 1775 2483 ἀφικόμενος,
1835 2415 1930 2468 καλ⁸

337 2505 554 2572 δεήσεις
593 2508 778 2568 αὐτοῖς
831 2508 1218 2575 ἐνεγκάμενος,
1273 2505 1512 2576 ἠκούσθη
1569 2524 1630 2560 τε
1675 2507 1770 2558 καὶ
1817 2507 1931 2558 τῶν

341 2596 601 2648 κινδύνων
647 2596 899 2658 ἐσώζετο.
957 2599 1223 2659 Φανέντες
1267 2599 1374 2666 γὰρ
1415 2600 1556 2650 κατὰ
1585 2600 1711 2660 τοὺς
1731 2599 1932 2656 ὑπνους

337 2687 391 2739 οἱ
412 2686 578 2754 ἅγιοι,
607 2688 791 2758 πράσα
821 2691 1014 2756 φαγεῖν
1035 2691 1411 2742 ἐπιτάττουσιν
1445 2690 1519 2759 μὴ
1559 2689 1934 2758 προσαχθέντα

343 2779 476 2849 πυρί
503 2796 562 2831 τε
595 2780 693 2832 καὶ
715 2781 952 2848 νάμασιν
974 2797 987 2811 ο
1023 2782 1167 2850 ἅπερ
1219 2779 1412 2848 φαγὼν
1444 2780 1519 2842 ὡς
1549 2781 1928 2846 ἐκεκέλευστο,

342 2871 443 2939 τῆς
477 2871 575 2939 μὲν
597 2872 703 2923 τῶν
725 2873 973 2942 αἱμάτων
997 2872 1369 2941 ἀπηλλάττετο
1405 2871 1665 2942 ῥεύσίωῖν
1691 2873 1785 2925 καὶ
1833 2871 1933 2942 τῆς

342 2961 556 3022 τελείας
589 2962 763 3025 οὕτως
785 2964 1020 3032 ἐπέτυχε
1063 2962 1311 3034 ῥώσεως.

417 3051 534 3116 Νὺξ
565 3049 633 3123 ἦν
664 3055 758 3107 καὶ
794 3056 900 3124 πρὸ
929 3055 1022 3108 τοὺ
1052 3055 1161 3108 τῶν
1197 3056 1369 3122 ἁγίων
1406 3057 1598 3109 ἵστατο
1621 3056 1927 3125 μνήματος,

346 3141 444 3194 καὶ
465 3141 673 3211 ταύτης
699 3146 885 3212 τυχεῖν
916 3143 1216 3208 ὲλιτάνευε,
1241 3143 1487 3212 γονάτων
1517 3143 1760 3213 κάμψεσι
1784 3143 1930 3212 χρώς

2035 1963 2346 2033 Stephanus
2399 1979 2495 2033 per
2536 1964 2782 2033 singulas
2849 1965 3012 2017 horas
3066 1964 3502 2032 periclitabatur,
3555 1970 3613 2016 et

2031 2064 2260 2110 mortem
2310 2071 2407 2124 per
2463 2056 2748 2125 sanguinis
2797 2054 3020 2108 ﬂoorem
3081 2055 3500 2122 suspicabatur,
3557 2063 3613 2107 et

2032 2146 2246 2201 medico
2298 2161 2407 2199 non
2466 2146 2690 2199 invento
2738 2148 2829 2215 qui
2891 2156 3119 2199 mortem
3187 2145 3495 2213 repelleret,
3543 2144 3611 2196 ad

2030 2237 2235 2306 Cyrum
2280 2236 2570 2305 navigabat
2622 2247 2914 2306 martyrem
2982 2244 3036 2288 et
3099 2234 3366 2289 Joannem
3444 2234 3611 2299 huius

2033 2326 2292 2396 martyris
2345 2341 2678 2394 comparem,
2740 2326 2838 2380 hos
2878 2327 3222 2394 comperiens
3255 2341 3320 2380 cx
3371 2326 3613 2380 millibus

2033 2418 2182 2472 solos
2209 2425 2332 2485 post
2364 2418 2528 2471 Deum
2565 2432 2760 2472 curare
2807 2433 2966 2485 posse
2999 2419 3331 2484 languorem.
3363 2419 3442 2472 Ad
3473 2433 3613 2480 quos

2033 2521 2159 2563 cum
2200 2506 2458 2570 venisset,
2487 2515 2541 2559 et
2571 2522 2759 2574 preces
2808 2507 2890 2562 eis
2921 2507 3138 2561 enixius
3173 2507 3486 2569 obtulisset,
3525 2523 3614 2561 au-

2033 2601 2184 2654 ditus
2233 2607 2340 2664 est,
2392 2606 2447 2652 et
2483 2613 2512 2651 a
2552 2600 2813 2665 periculis
2845 2601 3183 2654 salvabatur.
3223 2601 3411 2654 Sancti
3442 2601 3613 2664 enim,

2037 2701 2367 2762 apparentes
2403 2693 2456 2744 in
2491 2693 2723 2750 somnis.
2763 2707 2960 2760 porros
3021 2692 3358 2746 manducare
3417 2692 3613 2761 preci-

2035 2785 2214 2853 piunt,
2258 2798 2431 2852 neque
2454 2783 2562 2852 igni
2619 2799 2794 2852 neque
2829 2784 2984 2853 aquis
3010 2783 3204 2837 allatos
3250 2800 3266 2848 ;
3307 2798 3448 2852 quos
3488 2797 3614 2837 cum

2036 2875 2194 2928 sicuti
2223 2875 2412 2942 jussus
2449 2883 2534 2928 est
2566 2875 2974 2939 manducasset,
3006 2883 3062 2928 et
3105 2889 3134 2927 a
3157 2873 3307 2926 ﬂuxu
3329 2875 3616 2943 sanguinis

2038 2964 2324 3024 liberatus,
2377 2975 2431 3018 et
2461 2964 2760 3033 perfectam
2815 2965 2896 3018 sic
2930 2964 3157 3034 adeptus
3185 2973 3270 3019 est
3299 2966 3611 3020 sanitatem.

2107 3051 2226 3106 Nox
2257 3061 2375 3107 erat
2403 3061 2458 3106 et
2491 3062 2618 3106 aute
2649 3061 2968 3107 sanctorum
3021 3063 3435 3107 monumentum
3472 3063 3618 3109 asta-

2039 3145 2153 3210 bat,
2187 3154 2244 3200 ct
2277 3145 2418 3199 hanc
2465 3145 2731 3215 consequi
2781 3146 3108 3213 precabatur
3145 3147 3380 3216 genibus
3436 3143 3613 3212 ﬂexis,

352 3250 532 3303 μενος,
561 3235 656 3287 καὶ
679 3239 801 3298 ταῖς
834 3236 929 3288 τοὺ
963 3237 1215 3304 μετώπου
1245 3237 1382 3307 πρὸς
1435 3240 1534 3303 γῆν
1601 3235 1928 3288 κατανεύσε-
1957 3211 2002 3275 C
2037 3254 2042 3284 t

1957 3211 2002 3275 (ἶ
2037 3243 2091 3288 et
2120 3233 2319 3290 frontis
2368 3235 2597 3289 ntttibus
2630 3211 2683 3289 in
2733 3211 2935 3289 terram
2973 3211 3186 3290 deﬁxis.
3221 3234 3285 3288 Et
3335 3251 3462 3290 cum
3515 3236 3619 3291 hoc

351 3341 457 3380 σιν.
494 3327 600 3379 Καὶ
627 3326 785 3380 τοῦτο
815 3327 1098 3389 ποιοῦντος
1122 3328 1312 3391 αὑτοῦ,
1336 3328 1428 3380 καὶ
1444 3328 1575 3380 ποτὲ
1597 3327 1695 3398 μὲν
1713 3329 1935 3380 ἀνισταο

354 3417 542 3487 μένου,
600 3419 732 3471 ποτὲ
763 3419 821 3471 δὲ
851 3420 989 3488 πρὸς
1030 3420 1136 3490 γῆν
1186 3419 1664 3487 κατανεύοντος,ἡ
1721 3417 1936 3490 κορυφὴ

349 3511 493 3562 κατὰ
515 3510 686 3577 μέσης
711 3509 1011 3576 ἀνοίγεται,
1043 3511 1138 3562 καὶ
1161 3509 1365 3576 ταύτης
1387 3508 1599 3578 ἐκπηδᾷ
1630 3508 1724 3562 καὶ
1747 3507 1937 3558 πίπτει

353 3602 742 3672 σκολόπενδρα·
771 3604 958 3671 θηρίον
988 3602 1175 3655 τοῦτον
1204 3601 1456 3673 ὴρίθμοις
1483 3602 1582 3672 [ita
1611 3599 1758 3672 cod.|
1782 3602 1940 3653 ποσὶν

355 3694 786 3763 εἰλυσπώμενον,
845 3695 1032 3748 ἀσπίδι
1061 3711 1121 3747 τε
1154 3696 1326 3764 μικρᾷ
1401 3695 1804 3764 παραπλήσιον.
1831 3688 1938 3757 Ἦς

353 3783 701 3854 ἐκπεσούσης
758 3785 853 3837 καὶ⁸
895 3787 1040 3854 φυγῇ
1061 3785 1414 3854 χρησαμένης
1481 3784 1557 3846 ὡς
1606 3783 1860 3852 τάχιστα,
1911 3785 1941 3837 ό

355 3875 627 3943 Στέφανος
658 3875 936 3942 ἔκθαμὸος
963 3876 1152 3928 ἵστατο
1179 3890 1192 3904 ·
1223 3875 1318 3928 καὶ
1367 3874 1700 3943 ψηλαφήσας
1743 3874 1939 3928 ἑαυτοῦ

355 3965 458 4034 τῆς
487 3965 732 4034 κεφαλῆς
763 3966 824 4018 τὸ
850 3966 1200 4035 μεσαίτατον,
1235 3966 1359 4018 ὅθεν
1385 3964 1710 4031 ἐξελθοῦσαν
1744 3966 1942 4036 ⁴ᾔσθετο

351 4055 456 4125 τὴν
483 4054 900 4126 σκολόπενῖραν,
938 4055 1161 4124 τραῦμα
1194 4055 1292 4125 μὲν
1335 4053 1478 4108 κατὰ
1526 4055 1618 4106 τὸν
1647 4054 1813 4108 τόπον
1843 4057 1942 4126 οὑχ

355 4143 633 4214 εὕρισκεν,
665 4145 698 4214 ἢ
725 4145 883 4215 ῥύσιν
921 4145 1151 4214 αἵματος
1187 4140 1617 4215 κατεμάνθανεν,
1645 4145 1941 4214 ὑγρότητος

351 4237 413 4291 δέ
441 4255 587 4301 τινος
609 4239 704 4291 καὶ
727 4239 1060 4308 χαυνότητος
1091 4239 1201 4292 τῶν
1249 4240 1450 4293 ὀστέων
1485 4239 1774 4310 ἐπῄσθετο.
1827 4241 1940 4294 Καὶ

351 4324 500 4380 οὑτω
525 4328 708 4397 τυχὼν
732 4328 831 4396 τῆς
860 4328 1075 4393 ἰάσεως,
1103 4329 1183 4390 εἰς
1230 4328 1312 4382 ἔτι
1359 4329 1456 4382 καὶ
1487 4329 1792 4399 θαυμάζειν
1847 4330 1943 4383 καὶ

351 4416 648 4487 τεθητ.έναι
684 4420 830 4470 ποιεῖ
855 4419 980 4481 τοὺς
999 4419 1319 4484 ἀκούοντας,
1344 4422 1438 4474 καὶ
1470 4423 1762 4492 συνυμνεῖν
1790 4421 1942 4491 αὑτῷ

349 4507 454 4578 τὴν
468 4510 578 4562 τῶν
613 4510 783 4577 ἁγίων
810 4509 1140 4576 ἀξιάγαστον
1167 4511 1416 4580 δύναμιν.
1462 4512 1655 4582 Ἡμεῖς
1691 4513 1748 4566 δὲ
1777 4512 1939 4567 πάλιν

2045 3326 2274 3389 faceret,
2304 3335 2360 3381 et
2385 3328 2683 3396 aliquando
2709 3327 2930 3396 quidem
2964 3343 2992 3381 e
3020 3335 3215 3381 contra
3247 3335 3439 3392 staret,
3475 3329 3618 3382 alio-

2039 3417 2172 3485 quin
2199 3432 2328 3471 vero
2362 3418 2416 3471 in
2449 3426 2650 3472 terram
2693 3431 2815 3472 sese
2857 3423 3136 3480 curvaret,
3165 3424 3354 3471 vertex
3378 3431 3474 3485 per
3500 3431 3618 3471 mc-

2039 3507 2192 3562 dium
2227 3512 2488 3577 aperitur,
2513 3520 2565 3564 et
2591 3524 2657 3564 ex
2692 3509 2794 3564 hoc
2820 3509 2947 3563 salit
2976 3515 3028 3561 et
3061 3508 3614 3577 caditscolopendra,

2038 3614 2160 3668 qua:
2191 3607 2278 3654 est
2307 3600 2479 3653 bestia
2529 3599 2837 3654 numerosis
2884 3598 3114 3668 pedibus
3165 3599 3422 3667 gradiens
3466 3601 3618 3668 aspi-

2038 3693 2205 3761 dique
2228 3693 2441 3762 pusilla:
2470 3692 2774 3746 simillima.
2796 3690 2914 3754 Qua
2943 3697 3136 3743 ruente
3166 3697 3220 3743 et
3245 3689 3425 3760 fugam
3451 3704 3621 3757 quan-

2039 3784 2223 3840 tocius
2251 3783 2496 3846 ineunte,
2550 3781 2894 3853 stupefactus
2928 3781 3241 3850 Stephanus
3287 3783 3467 3836 stabat
3505 3783 3620 3849 pal-

2042 3888 2291 3943 pansque
2334 3874 2531 3943 capitis
2582 3873 2667 3927 sui
2711 3872 2974 3935 medium,
3010 3875 3153 3924 unde
3195 3873 3615 3942 seolopeudram

2043 3965 2195 4020 illam
2252 3974 2502 4020 senserat
2555 3967 2755 4030 exisse,
2801 3981 2901 4019 nec
2945 3965 3148 4020 vulnus
3194 3965 3248 4018 in
3293 3966 3412 4019 loco
3465 3965 3620 4021 inve-

2042 4059 2246 4122 niebat,
2307 4073 2410 4113 nec
2458 4056 2687 4112 ﬂuorem
2741 4057 3026 4127 sanguinis
3086 4057 3454 4125 agnoscebat,
3521 4058 3617 4113 sed

2041 4155 2255 4202 tantum
2285 4147 2569 4200 humorem
2601 4144 2916 4214 quemdam,
2945 4153 3002 4198 et
3042 4143 3370 4197 laxationem
3409 4143 3616 4198 ossium

2037 4237 2378 4294 advertebat.
2419 4236 2523 4300 Qui
2574 4235 2754 4288 taliter
2810 4236 3046 4289 sanitate
3099 4232 3270 4286 fretus
3324 4229 3550 4303 [fruitus
3572 4227 3617 4302 ‘3]

2043 4338 2274 4386 eatenus
2301 4329 2532 4382 miratur
2559 4334 2614 4381 et
2645 4325 3002 4394 obstupescit,
3034 4336 3088 4379 et
3115 4324 3402 4378 audientes
3428 4325 3617 4377 mirari

2042 4421 2173 4477 facit
2203 4428 2259 4476 et
2285 4419 2693 4489 obstupescere,
2719 4431 3016 4485 secumque
3057 4415 3281 4469 laudare
3305 4422 3620 4469 sanctorum

2043 4512 2262 4582 dignam
2313 4509 2678 4563 admiratione
2728 4509 3010 4561 virtutem.
3054 4506 3226 4560 Porro
3276 4521 3378 4560 nos
3427 4513 3482 4559 et
3537 4505 3622 4559 hic

353 4574 450 4650 καὶ
479 4574 716 4654 ἐνταῦθα
738 4602 864 4663 τοὺς
897 4574 1352 4670 θαυματουργοὺς
1396 4574 1740 4674 ὑμνήσαντες
1796 4604 1939 4674 μάρ-
1970 4574 2016 4632 D

1927 4574 2244 4656 -Diterum
2314 4609 2582 4670 martyras
2649 4597 3043 4653 miraculorum
3107 4607 3428 4666 operatores
3497 4597 3617 4649 lau-

351 4707 548 4763 τυρας,
605 4691 1057 4763 θαυματουργίας
1097 4692 1265 4764 ἄλλης
1304 4694 1485 4748 αὑτῶν
1551 4695 1940 4766 μνημονεύσω-

357 4803 483 4856 μεν.

425 4897 500 4954 Ξ’.
535 4899 677 4968 Περὶ
725 4899 1029 4970 Θεοδώρου
1069 4899 1176 4952 τοῦ
1225 4897 1551 4959 Βυζαντίου
1607 4900 1942 4970 ἐσχηκότος

967 4969 1035 5020 τὸ
1061 4971 1328 5037 πύρωμα.

426 5059 533 5112 Τὸν
561 5061 630 5113 ἐκ
661 5059 952 5124 Βυζαντίου
1005 5059 1302 5131 Θεόδωρον,
1349 5061 1447 5131 οὑχ
1509 5061 1670 5131 ἡμεῖς
1696 5061 1834 5134 πρὸς
1860 5062 1939 5115 δι-

353 5152 555 5223 ήγησιν
584 5153 812 5222 ἄγομεν,
843 5151 980 5206 ἀλλὰ
1002 5152 1164 5206 πάλιν
1180 5152 1435 5207 καλοῦσιν
1461 5153 1512 5206 oi
1543 5155 1711 5222 ἅγιοι,
1744 5154 1936 5228 ὥσπερ

353 5244 738 5314 καὶπρότερον
770 5244 1071 5314 πάσχοντα,
1122 5244 1260 5314 πρὸς
1304 5243 1598 5315 θεραπείαν
1647 5247 1936 5301 ικάλεσαν.

356 5337 584 5389 Πάντων
616 5335 723 5404 γὰρ
742 5335 851 5410 τῶν
882 5334 977 5386 ὲπί
1000 5335 1103 5403 γῆς
1138 5335 1262 5404 ίσην
1325 5334 1636 5404 ποιούμενοι
1657 5336 1934 5404 πρόνοιαν,

355 5429 453 5480 καὶ
483 5428 610 5490 τοὺς
641 5426 998 5495 γειτνιῶντας
1023 5428 1208 5489 αὑτοῖς
1258 5426 1448 5480 παθῶν
1479 5427 1936 5494 ἀπαλλάττουσιν,

355 5521 453 5573 καὶ
483 5521 614 5582 τοὺς
648 5519 839 5590 πόρρω
869 5519 1157 5586 διάγοντας
1207 5519 1559 5587 ἀφικνεῖσθαι
1593 5521 1938 5592 προτρέπου-

355 5628 464 5672 σιν.
511 5613 606 5664 καὶ
651 5611 782 5681 παρ’
815 5610 996 5664 αὑτῶν
1021 5610 1121 5680 τῆν
1178 5610 1324 5664 ἴασιν
1351 5611 1689 5681 δρέπεσθαι·
1749 5612 1939 5684 ὥσπερ

353 5701 623 5770 λειμῶνος
655 5702 883 5773 φαιδροῦ
911 5704 1004 5756 καὶ
1035 5702 1110 5771 μὴ
1152 5703 1411 5772 λήγοντος
1442 5703 1663 5766 εὑὼδεις
1692 5705 1800 5757 τῶν
1839 5707 1937 5758 ἁν-

355 5791 498 5844 θέων
544 5793 670 5855 τοὺς
737 5793 1000 5853 κάλυκας.
1049 5791 1354 5861 Ἥῤῥὼστει
1416 5793 1515 5862 μἐν
1567 5793 1662 5846 καὶ
1733 5794 1942 5848 Θεόδω-

2045 4691 2259 4756 dantes,
2297 4690 2526 4747 alterius
2559 4705 2749 4744 eorum
2801 4689 3000 4760 patrati
3051 4689 3301 4744 miraculi
3353 4687 3620 4742 faciamus

2045 4796 2385 4836 memoriam.

2077 4895 2190 4950 LX.
2223 4894 2298 4949 De
2338 4895 2602 4948 Theodoro
2636 4893 2896 4964 Byzantio
2928 4896 3018 4964 qui
3049 4893 3350 4946 incendium
3379 4893 3582 4946 habuit.

2110 5054 2228 5109 Non
2255 5069 2354 5109 nos
2384 5069 2411 5106 a
2455 5053 2714 5124 Byzantio
2761 5051 2829 5106 ad
2876 5055 3246 5107 narrationem
3271 5052 3619 5108 Theodorum

2041 5149 2314 5212 ducimus,
2364 5147 2459 5202 sed
2510 5147 2685 5200 sancti
2738 5148 2887 5202 hunc
2935 5148 3132 5201 iterum
3179 5153 3396 5210 vocant,
3427 5162 3617 5215 quem-

2042 5239 2336 5293 admodqu
2385 5238 2516 5291 dum
2574 5247 2871 5306 pateretur,
2909 5236 2974 5289 ad
3015 5236 3356 5291 curationem
3393 5252 3620 5306 prorsus

2042 5341 2393 5387 vocaverant.
2444 5331 2700 5388 Omniqu
2756 5333 2978 5402 quippe,
3020 5333 3113 5402 qui
3175 5347 3340 5402 supra
3387 5342 3614 5398 terram,

2040 5442 2252 5496 aequam
2297 5427 2696 5495 providentiam
2745 5425 3032 5493 facientes,
3081 5435 3136 5482 et
3178 5444 3275 5482 eos
3317 5429 3410 5496 qui
3453 5429 3620 5483 vieini

2042 5519 2144 5574 sibi
2171 5528 2299 5574 sunt
2343 5534 2372 5572 a
2418 5519 2766 5588 passionibus
2799 5519 3052 5576 liberant.
3087 5527 3142 5573 et
3179 5520 3270 5588 qui
3303 5520 3492 5586 procul
3521 5521 3618 5576 de-

2041 5619 2197 5678 gunt,
2251 5610 2462 5674 venire,
2519 5619 2576 5665 et
2611 5623 2642 5663 a
2695 5623 2757 5664 se
2809 5612 3118 5674 sanitatem,
3170 5611 3328 5676 quasi
3384 5626 3414 5664 a
3460 5619 3618 5680 prato

2040 5702 2347 5758 delectabili
2390 5711 2443 5756 et
2495 5715 2713 5756 alumno
2761 5701 2885 5754 boni
2933 5700 3120 5754 odoris
3162 5699 3356 5755 ﬂorum
3399 5702 3619 5772 calycas

2046 5804 2251 5851 metere
2277 5794 2660 5850 cohortantur.
2686 5792 3073 5848 lnﬂrmabatur
3100 5793 3246 5848 enim
3270 5791 3613 5850 Theodorus.
