4280 6442
338 401 479 463 3ῢ37

1370 403 1471 462 SS.
1513 401 1687 461 CYlll
1735 403 1824 461 ET
1867 401 2188 462 JOANNIS
2217 403 2632 464 MIRACULA.

3457 405 3598 470 3638

341 507 567 580 μακα,ἃ
590 507 684 561 καὶ
709 508 802 562 νῦν
837 507 1145 578 γράφεσθαι
1173 508 1441 577 βούλεται,
1479 511 1574 562 καὶ
1602 509 1905 578 πανταχόσε
1937 514 1979 567 Α
2012 526 2031 562 r

1937 514 1979 567 A
2012 517 2193 563 menta
2226 508 2616 566 demonstrans
2645 529 2659 576 ;
2707 527 2936 582 quaeque
2972 514 3138 570 scribi
3173 515 3288 569 vult
3317 525 3371 570 et
3401 517 3598 583 ubique

337 599 702 669 κηρύττεσθαι
737 600 872 669 πρὶς
900 599 1174 669 εὐφημίαν
1205 600 1304 668 τῆς
1327 599 1510 666 Κύρου
1550 599 1644 652 καὶ
1661 599 1905 652 Ἰωάννου

337 691 639 759 δ)νάμεως,
679 690 786 742 τῶν
841 691 1149 760 οὐδαμινοῖς
1203 692 1296 743 καὶ
1346 691 1522 761 ψιλοῖς
1577 691 1916 762 βοηθήμασιν

343 781 540 849 ἰσχυρὰ
580 781 672 832 καὶ
703 779 912 850 μεγάλα
941 781 1220 832 παυόντων
1253 783 1556 850 νοσήματα.
1590 783 1801 835 Οὐκοῦν
1825 784 1916 835 καὶ

337 871 513 924 ταῦτα
558 875 670 934 τοῖς
727 872 1059 942 προλαϐοῦσι
1105 873 1477 940 συντάξωμεν,
1546 875 1645 942 τῆς
1682 875 1763 926 ε’·
1791 875 1914 938 τοὺς

341 963 530 1029 ἁγίους
570 964 785 1026 εὐνοίας
815 965 974 1016 αὐτὸν
1007 964 1370 1033 άγασάμενοι.
1777 969 1790 1004 ν

418 1055 566 1124 [Ιάθη
599 1054 692 1108 δύο
725 1054 874 1108 δεινὰ
904 1056 997 1108 καὶ
1029 1055 1255 1109 δυσίατα
1283 1060 1496 1128 προσῆν
1523 1057 1602 1128 τῷ
1633 1057 1914 1128 Φιλήμονι,

343 1145 400 1197 ἒν
435 1146 530 1213 μὲν
547 1144 606 1196 τὸ
632 1144 724 1197 τοῦ
749 1146 959 1215 ἥπατος
980 1147 1066 1198 ἀεὶ
1096 1147 1310 1212 πιάζον,
1345 1148 1438 1201 καὶ
1469 1147 1704 1200 Θανάτου
1734 1148 1920 1201 ποιοῦν

345 1237 764 1307 παραπλήσιον·
799 1237 859 1289 τὸ
881 1236 1132 1308 δεύτερον
1179 1238 1236 1290 δὲ
1295 1240 1396 1305 τῆς
1442 1239 1722 1310 σύριγγος,
1776 1241 1803 1293 ὃ
1831 1242 1920 1294 τὸν

344 1329 620 1398 τράχηλον
675 1329 842 1382 αὐτοῦ
907 1331 1359 1400 κληρωσάμενον,
1381 1332 1609 1400 κρουνὸν
1636 1332 1796 1386 αὑτὸν
1827 1336 1920 1386 ἐκ·

345 1420 535 1472 πτύειν
563 1423 625 1473 ἐκ
650 1421 921 1490 τραχήλου
956 1422 1275 1490 πεποίηκεν.
1332 1422 1438 1473 Καὶ
1463 1425 1582 1484 ταῖς
1624 1423 1722 1492 μὲν
1751 1423 1923 1491 ἀλγη-

343 1513 459 1564 δόσι
515 1512 609 1564 τοῦ
671 1514 879 1582 ἥπατος
930 1513 1123 1583 καιρὸς
1185 1513 1555 1582 προσενέμετο
1595 1514 1687 1566 καὶ
1728 1513 1920 1583 χρόνου

347 1601 612 1671 περίοδος,
660 1603 780 1656 καθ’
817 1604 880 1673 ἣν
907 1604 1183 1673 ἐσφρίγων
1246 1596 1406 1656 αὗται
1436 1606 1530 1655 καὶ
1555 1601 1802 1674 ἤκμαζον
1827 1605 1921 1656 καὶ

347 1696 439 1747 τὸν
464 1694 749 1764 ἄνθρωπον
785 1694 1106 1756 ἐϐασάνιζον
1126 1735 1140 1757 ,
1173 1695 1266 1746 καὶ
1303 1695 1424 1747 καθ’
1451 1697 1516 1765 ἢν
1543 1694 1840 1748 ἐνεδίδοσάν
1865 1713 1922 1747 τε

346 1785 439 1835 καὶ
460 1783 748 1853 ἡσύχαζον,
787 1783 993 1836 καὶτὸν
1020 1784 1307 1853 ἄνθρωπον
1324 1785 1450 1836 εἴων
1483 1782 1775 1837 ἀνώδυνον·
1804 1788 1920 1847 ταῖς

2025 601 2309 671 pra-dicari
2333 601 2399 656 ad
2433 601 2646 656 laudem
2673 601 2800 673 Cyri
2834 602 3171 675 Joannisque
3200 605 3487 671 virtutum,
3507 609 3598 675 qui

2022 693 2258 748 exilibus
2292 694 2614 763 exiguisque
2647 693 2998 751 adminiculis
3045 697 3214 753 fortes
3263 715 3602 768 magnosque

2027 797 2316 853 languores
2351 794 2731 852 compescunt.
2763 785 2904 855 Ergo
2930 795 2984 840 et
3021 787 3134 841 haec
3165 803 3288 843 cum
3325 789 3602 858 prioribus

2025 875 2366 938 ordinemus,
2415 892 2538 930 eum
2585 878 2977 932 benevolentiae
3021 876 3411 953 [hctlenismus]
3452 886 3599 936 circa

2027 973 2248 1022 sanctos
2282 966 2478 1020 habita:
2502 967 2859 1023 admirantes.

2096 1055 2390 1113 Passiones
2431 1058 2552 1112 duae
2604 1069 2842 1128 atroces,
2891 1070 2945 1116 et
2980 1077 3100 1131 qum
3157 1061 3374 1117 dillicilc
3419 1066 3599 1118 sanari

2031 1158 2279 1217 possunt,
2314 1149 2615 1204 Philemoni
2649 1153 2876 1207 aderant
2905 1171 2919 1208 :
2956 1154 3147 1208 harum
3188 1153 3406 1220 quidem
3432 1155 3599 1208 aitera

1991 1241 2263 1328 .hcpatis,
2321 1259 2644 1312 semperque
2694 1245 3029 1313 deprimens,
3072 1259 3124 1301 et
3178 1248 3338 1300 morti
3400 1247 3604 1302 faciens

2030 1333 2261 1389 similem
2297 1354 2309 1389 :
2339 1335 2506 1388 altera
2547 1351 2676 1389 vero
2711 1335 2906 1390 fistula:
2936 1351 3059 1404 qua:
3096 1337 3293 1390 collum
3328 1338 3446 1404 ejus
3488 1354 3602 1391 sor-

2032 1424 2148 1488 tita,
2178 1423 2403 1491 fontem,
2433 1425 2483 1478 id
2522 1435 2606 1479 est
2639 1442 2761 1495 pus,
2797 1425 3128 1482 deﬂuentem
3157 1427 3224 1480 de
3256 1429 3418 1493 collo,
3455 1429 3595 1482 fecit.

2032 1513 2096 1568 Et
2130 1515 2415 1569 doloribus
2443 1517 2658 1585 quidem
2709 1517 2924 1584 hepatis
2961 1517 3245 1572 deﬁnitum
3281 1527 3515 1585 tempus.
3552 1533 3602 1570 t‘t

2031 1605 2295 1673 temporis
2334 1605 2600 1660 circuitus
2645 1606 3008 1669 tribuebatur,
3044 1607 3095 1659 in
3131 1622 3238 1675 quo
3281 1608 3601 1660 chSt't;'b:u'.t

2031 1694 2085 1746 hi
2141 1701 2194 1747 et
2246 1694 2499 1763 vigebant
2555 1706 2611 1747 et
2659 1695 2934 1746 hominem
2969 1695 3367 1748 alternantibus
3395 1695 3604 1746 vicitws

2033 1785 2368 1845 cruciahant,
2399 1794 2452 1838 ct
2482 1786 2534 1838 in
2566 1800 2676 1854 quo
2713 1785 3042 1839 recedebant
3083 1796 3135 1839 et
3165 1786 3518 1854 quiescebant
3552 1797 3603 1841 οι

344 1871 400 1923 δὲ
434 1872 532 1936 τῆς
561 1873 818 1941 σύριγγος
848 1871 1129 1942 εύρέσεσιν
1169 1873 1360 1942 χρόνος
1415 1873 1513 1942 οὐχ
1548 1873 1768 1943 ῶριστο,
1813 1875 1922 1926 οὐδ’
1951 1859 1998 1916 Β
2027 1892 2034 1929 ε

1909 1859 2143 1929 'Bsinc
2193 1875 2380 1930 dolore
2451 1891 2842 1945 nonnunquam
2892 1875 3163 1930 hominem
3224 1875 3599 1937 dittiittel'ant;

345 1963 575 2026 ἐναλλάξ
621 1967 914 2032 γιγνομένη
949 1964 1215 2033 περίοδος,
1281 1964 1396 2016 ἀλλ’
1436 1966 1522 2017 ἀεὶ
1552 1967 1677 2027 τοὺς
1717 1965 1922 2035 ἰχῶρας

344 2048 504 2105 αὗται
533 2054 854 2125 κατέψερον,
887 2056 982 2106 καὶ
1012 2055 1263 2125 ἁλήκτως
1290 2055 1456 2124 ἠνίων
1486 2057 1577 2108 τὸν
1605 2056 1913 2126 ἄνθρωπον.

342 2145 444 2197 Διὰ
474 2144 645 2197 ταῦτα
671 2146 1023 2214 παρενοχλῶν
1054 2148 1260 2215 ἰατροῖς
1300 2148 1400 2199 οὐκ
1428 2147 1691 2200 ἐπαύετο⁶
1730 2150 1819 2201 καὶ
1848 2151 1924 2210 ὡς

342 2237 550 2288 τούτων
574 2237 817 2306 σφοδρῶς
851 2238 1213 2306 αἰκιζόμενος,
1246 2240 1502 2309 ἐπεζήτει
1527 2241 1653 2302 τοὺς
1678 2241 1924 2310 κρείσσο-

343 2344 461 2388 νας,
498 2329 592 2380 καὶ
627 2328 757 2380 ποτὲ
779 2329 876 2396 μὲν
902 2329 1165 2389 ἐκείνους,
1208 2329 1337 2380 ποτὲ
1372 2329 1430 2381 δὲ
1459 2330 1681 2391 τούτους
1708 2329 1920 2395 ἐδίωκε,

347 2419 476 2487 παρ’
500 2418 776 2488 ἑκατέρων
806 2419 862 2471 δέ
893 2419 1057 2489 μηδὲν
1089 2419 1393 2490 ὠφεληθεὶς
1417 2419 1705 2475 ἀπελύετο.

429 2687 517 2748 Ὠς
554 2686 653 2754 μὲν
679 2685 771 2739 οὖν
822 2688 1038 2754 ἰατροὺς
1089 2686 1339 2749 πλείονας
1396 2687 1646 2758 ήλλαξεν,
1705 2689 1923 2752 καὶτὰς

345 2780 532 2841 νόσους
556 2779 841 2831 ἀλλάττειν
867 2781 965 2848 οὐχ
996 2778 1270 2847 εὕρισκεν,
1297 2779 1388 2829 ἐπὶ
1411 2777 1596 2848 Κῦρον
1625 2779 1714 2831 καὶ
1743 2779 1923 2833 Ἰωάν-

345 2888 445 2939 νην
471 2866 602 2939 ἦλθε
635 2872 760 2933 τοὺς
787 2871 1092 2941 μάρτυρας,
1114 2872 1243 2939 παρ’
1272 2868 1352 2933 οἷς
1385 2873 1441 2922 ἐν
1472 2873 1655 2924 πίστει
1693 2874 1924 2943 γενόμε-

344 2975 461 3020 νος,
513 2959 699 3026 ὑγείας
756 2962 852 3029 μὲν
892 2962 988 3022 τὰς
1045 2961 1233 3024 νόσους
1274 2961 1564 3029 ἠλλάξατο,
1629 2964 1826 3026 ἄλλους
1868 2966 1926 3019 δὲ

349 3050 514 3102 πάλιν
542 3051 761 3119 ίατροὺς
775 3051 876 3102 οὐκ
907 3049 1217 3117 ἐνήλλαξεν.
1246 3052 1341 3102 Ὃν
1360 3052 1468 3121 γάρ
1490 3055 1537 3103 oi
1569 3052 1714 3118 ἆγιοι
1740 3052 1926 3106 θεόθεν

344 3141 629 3207 δεξάμενοι
682 3141 868 3195 παθῶν
895 3143 954 3193 οὗ
989 3141 1293 3212 βουληθῶσι
1353 3144 1756 3213 λυτρώσασθαι,
1803 3146 1923 3198 ούδέ

346 3235 460 3296 πᾶς
511 3232 736 3285 αὐτῶνό
761 3232 872 3284 τῶν
913 3233 1112 3303 ἰατρῶν
1160 3234 1362 3302 κόσμος
1384 3234 1768 3305 λυτρώσηται·
1810 3237 1923 3289 ἀλλ’

345 3326 442 3376 ἐπὶ
465 3324 526 3375 τὸ
551 3325 872 3392 λειπόμενον
919 3324 1018 3392 τῆς
1055 3324 1364 3393 διηγήσεως
1419 3327 1684 3396 ἔλθωμεν,
1715 3331 1806 3379 καὶ
1830 3329 1927 3394 τὴν

350 3416 650 3482 θεραπείαν
703 3417 944 3485 εἴπωμεν
1008 3415 1102 3467 τοῦ
1163 3417 1485 3485 Φιλήμονος,
1523 3418 1713 3489 ὥσπερ
1762 3421 1926 3473 αὑτοῦ

353 3507 447 3560 καὶ
472 3509 571 3570 τὰς
601 3509 788 3571 νόσους
841 3511 1176 3580 εἰρήκαμενο
1202 3511 1339 3582 αὕτη
1375 3514 1483 3584 γάρ
1512 3514 1629 3566 ἐστι
1664 3516 1724 3568 τὸ
1755 3516 1928 3582 γλυκῦ

349 3602 460 3654 ’.ῶν
511 3602 822 3671 λεγομένων
869 3604 1164 3671 κεφάλαιον
1193 3619 1208 3633 ⁸
1255 3605 1547 3658 ἐκάθευδεν
1593 3607 1651 3658 δὲ
1698 3608 1791 3659 ἐπὶ.
1832 3608 1932 3676 τῆς

345 3695 643 3764 στρωμνῆς
675 3697 703 3748 ὁ
724 3694 990 3758 διάκονος,
1037 3697 1132 3751 καὶ
1155 3699 1204 3750 οἱ
1237 3699 1512 3768 μάρτυρες
1543 3699 1690 3769 αὐτῷ
1721 3717 1930 3768 κοιμω-

359 3789 504 3856 μένῳ
561 3788 918 3858 παρίσταντο.
971 3788 1128 3841 Kal!)
1153 3789 1250 3857 μὲν
1291 3790 1459 3842 αὐτοῦ
1496 3791 1556 3842 ea
1596 3781 1749 3860 ἧπαρ
1779 3791 1932 3842 ἐσκό-

351 3898 541 3940 πευεν,
573 3882 599 3932 ὁ
629 3881 686 3932 δὲ
716 3879 961 3932 κατενόει
1019 3881 1112 3932 τοῦ
1165 3881 1442 3950 τραχήλου
1492 3882 1590 3947 τὴν
1645 3883 1886 3952 σύριγγα
1916 3899 1929 3912 ·

353 3973 449 4024 καὶ
475 3975 502 4024 ὁ
524 3972 622 4040 μὲν
653 3972 752 4034 τὰς
798 3973 993 4036 ὀδύνας
1020 3972 1115 4026 τοῦ
1165 3973 1376 4042 ἥπατος
1403 3972 1660 4037 ἔπαυσεν,
1685 3975 1714 4026 ό
1746 3974 1802 4026 δὲ
1838 3977 1934 4036 τὰς

350 4066 454 4132 τῆς
496 4064 756 4134 σύριγγος
783 4063 966 4132 πηγὰς
1002 4063 1340 4133 ἀνεξήρανεν
1363 4083 1376 4096 ·
1415 4065 1509 4118 καὶ
1537 4065 1724 4135 ἐπειδὴ
1761 4065 1936 4119 ταῦτα

353 4157 636 4219 ποιοῦντες
689 4156 1022 4223 ἐπαύσαντο,
1051 4157 1179 4210 τάδε
1216 4159 1393 4209 ποιεῖν
1431 4157 1685 4219 ἀπιόντες
1715 4159 1934 4211 ἐκέλευ-

349 4265 474 4312 σαν,
511 4251 605 4301 καὶ
639 4248 968 4316 ἀμφοτέρων
995 4247 1206 4300 τελείαν
1232 4247 1329 4318 τὴν
1365 4249 1532 4318 ρῶσιν
1558 4249 1930 4317 κομίσασθαι·

349 4339 496 4408 ὁτῆς
541 4338 803 4408 σύριγγος
852 4339 1057 4408 στήσας
1085 4338 1154 4390 τὰ
1179 4337 1450 4407 ῥεύματα,
1501 4339 1693 4409 τρίψαι
1751 4339 1938 4409 κιτρό-

353 4431 531 4495 φυλλα
573 4431 669 4483 καὶ
709 4429 1073 4499 προσενέγκαι
1113 4429 1191 4499 τῷ
1223 4429 1383 4482 πάθει
1417 4430 1751 4499 προσέταξεν
1782 4445 1796 4459 ο
1823 4433 1851 4482 ὁ
1877 4430 1938 4483 τὸ

1952 3189 2008 3246 (τ

2023 1963 2382 2018 eﬂusionibus
2416 1974 2596 2019 autem
2636 1973 2852 2034 tempus
2883 1964 3167 2018 delinitum
3213 1966 3416 2018 nullum
3463 1975 3601 2024 erat,

2024 2071 2125 2109 nec
2167 2056 2413 2111 alternus
2460 2057 2640 2111 fartus
2677 2072 2866 2110 carutu
2911 2057 3202 2121 circuitus,
3253 2057 3344 2109 sed
3396 2057 3602 2126 iugiter

2025 2146 2208 2200 sanies
2253 2161 2312 2199 se
2353 2146 2611 2200 deorsum
2663 2146 2971 2210 mittebant,
3025 2158 3078 2198 et
3119 2147 3237 2200 sine
3281 2146 3468 2214 requie
3509 2148 3601 2197 ho-

2025 2237 2225 2290 minem
2257 2237 2613 2290 tribulabant.
2633 2235 2926 2306 Propterea
2953 2236 3214 2291 molestus
3233 2251 3354 2290 csse
3375 2236 3601 2293 medicis

2025 2342 2134 2382 non
2170 2329 2440 2392 cessabat,
2489 2336 2542 2382 et
2589 2343 2712 2381 cum
2762 2328 2848 2381 his
2882 2327 3058 2380 valide
3091 2326 3188 2397 [ita
3224 2326 3365 2396 εστι]
3411 2329 3601 2380 verbe-

2026 2430 2196 2484 ratus,
2232 2420 2487 2474 meliores
2529 2419 2844 2489 quazrebat;
2891 2428 2936 2469 et
2987 2419 3144 2472 modo
3192 2419 3409 2486 quidem
3445 2419 3587 2476 ῑιιυς,

2024 2512 2187 2565 modo
2217 2526 2341 2565 vero
2374 2512 2510 2566 istos
2549 2509 2999 2579 prosequebatur,
3031 2510 3109 2579 ab;
3142 2509 3385 2578 utrisque
3412 2521 3588 2564 autem

2025 2601 2102 2654 nil
2136 2599 2354 2668 adjutus
2392 2601 2788 2654 ditnittehatur.

2096 2691 2238 2761 Ergo
2285 2707 2406 2746 cum
2476 2691 2716 2747 medicos
2777 2692 3043 2760 plurimos
3089 2698 3503 2753 commutasset,
3552 2699 3601 2742 et

2026 2783 2322 2850 languores
2382 2782 2618 2852 qualiter
2669 2790 2958 2846 mutasset,
3006 2784 3244 2837 minime
3283 2783 3600 2836 invenisset.

1989 2926 1995 2933 ,
2028 2873 2095 2927 ad
2135 2872 2335 2942 Cyrum
2384 2880 2439 2927 et
2470 2873 2737 2927 Joannem
2778 2882 3048 2943 martyres
3097 2874 3266 2938 venit,
3295 2873 3434 2942 apud
3465 2889 3603 2942 quos

2029 2963 2083 3017 in
2133 2963 2235 3018 tide
2281 2972 2556 3032 repertus,
2589 2965 2882 3034 languores
2929 2965 3147 3034 quidem
3195 2965 3430 3020 sanitate
3481 2981 3603 3017 mu-

2027 3055 2180 3117 tavit,
2211 3053 2306 3109 sed
2348 3070 2452 3108 nec
2500 3055 2699 3109 iterum
2733 3056 2974 3110 medicos
3017 3057 3397 3112 commutavit.
3432 3057 3603 3123 Quem

2027 3149 2171 3202 enim
2226 3149 2400 3203 sancti
2438 3148 2703 3203 divinitus
2754 3155 2980 3217 accepta
3026 3148 3199 3216 gratia
3244 3147 3538 3202 noluerunt
3574 3163 3602 3200 a

2031 3240 2377 3310 passionibus
2421 3239 2674 3302 liberare,
2709 3253 2808 3292 nec
2843 3239 3023 3292 oumis
3069 3237 3404 3292 medicorum
3443 3252 3605 3291 mun-

2031 3332 2156 3396 dus,
2196 3340 2257 3384 ut
2303 3332 2375 3385 ita
2421 3330 2615 3395 fatear,
2658 3330 2932 3384 liberabit.
2981 3328 3085 3382 Sed
3146 3329 3212 3382 ad
3271 3329 3606 3383 narrationis

2030 3420 2310 3475 residuum
2343 3420 2645 3481 veniamus,
2672 3427 2727 3473 et
2761 3417 3095 3471 Philemonis
3134 3419 3472 3472 curationem
3518 3417 3605 3469 ιΙὶ-

2031 3527 2244 3575 camns,
2289 3511 2431 3566 sicut
2473 3513 2593 3579 ejus
2635 3510 2799 3564 etiam
2847 3510 3140 3578 languores
3181 3509 3473 3570 ediximus,
3505 3509 3605 3561 hac

2032 3603 2176 3657 enim
2225 3611 2310 3656 est
2353 3603 2515 3655 dulce
2577 3601 2848 3653 dictorum
2903 3597 3237 3668 capitulum.
3297 3597 3606 3652 Dormiebat

2036 3709 2201 3763 supra
2255 3701 2486 3748 stratum
2534 3692 2824 3753 diaconus,
2877 3697 2930 3743 et
2997 3697 3263 3758 martyres
3312 3688 3606 3742 dormienti

2035 3788 2082 3841 ei
2126 3787 2401 3847 astabant,
2457 3793 2510 3839 ct
2567 3787 2705 3836 alter
2767 3783 2986 3849 quidem
3052 3783 3205 3845 iecur
3259 3781 3379 3847 ejus
3437 3789 3609 3834 attra-

2036 3880 2239 3941 ctahat,
2301 3877 2440 3929 alter
2504 3891 2633 3928 vero
2698 3874 2821 3927 colli
2889 3873 3120 3925 fistulam
3188 3871 3606 3926 considerabat:

2037 3978 2092 4022 et
2151 3969 2241 4023 ille
2292 3967 2512 4037 quidem
2552 3967 2774 4020 dolores
2820 3964 3021 4033 jecoris
3064 3963 3461 4030 rompeseebat,
3510 3963 3609 4016 iste

2039 4073 2276 4128 namque
2336 4057 2512 4110 fontes
2575 4055 2768 4110 ﬁstulae
2831 4053 3157 4106 tlesiecabat.
3204 4051 3270 4104 Et
3308 4051 3435 4120 quia
3483 4066 3608 4106 cum

2039 4151 2152 4203 haec
2201 4147 2460 4203 fecissent
2497 4152 2874 4206 cessaverunt,
2908 4145 3020 4197 haec
3069 4143 3250 4197 facere
3295 4142 3610 4198 recedentes

2035 4243 2340 4309 jusserunt,
2369 4249 2424 4292 ut
2450 4238 2734 4306 utriusque
2782 4251 2863 4305 per
2883 4233 3077 4288 lectam
3113 4233 3378 4304 reciperet
3404 4234 3611 4288 sanita-

2042 4345 2170 4386 tem.
2202 4330 2305 4396 Qui
2336 4344 2466 4399 ergo
2508 4338 2660 4382 stare
2698 4325 2827 4380 fecit
2867 4325 3061 4379 iisut-ite
3080 4323 3285 4388 ﬂuxus,
3327 4324 3449 4379 citri
3483 4323 3610 4378 folia

2041 4431 2216 4477 terere
2258 4431 2310 4475 et
2344 4419 2513 4472 ulceri
2551 4417 2748 4470 alter-rc
2783 4415 3063 4484 praecepit.
3095 4415 3147 4468 ls
3200 4421 3380 4468 autem
3417 4415 3511 4483 qui
3539 4423 3612 4466 ta-

351 4517 507 4593 ἧπαρ
541 4524 596 4574 δὲ
627 4525 744 4583 ταῖς
769 4523 929 4590 ἁφαῖς
969 4521 1283 4590 ἰασάμενος,
1320 4522 1508 4584 ἐλαίας
1539 4521 1764 4588 ἐνέγκαι
1795 4521 1932 4591 χλω-
1969 4523 2010 4578 D

1922 4552 1932 4562 .
1969 4523 2010 4578 υ
2041 4514 2220 4566 ctihus
2255 4517 2421 4578 hepar
2463 4517 2777 4571 sanarerat,
2838 4506 3014 4560 olivas
3057 4504 3272 4560 deferre
3308 4505 3534 4570 virides,
3559 4516 3612 4557 et

356 4615 478 4682 ράς·
510 4616 603 4668 καὶ
637 4613 736 4676 τὰς
771 4613 870 4684 μὲν
923 4613 1123 4666 ἐσθίειν
1165 4612 1440 4677 ἐθέσπισε,
1471 4614 1573 4675 τὰς
1601 4613 1656 4665 δέ
1689 4613 1936 4676 λειῶσαι,

352 4705 558 4758 καὶτὸν
594 4708 760 4757 τόπον
792 4704 1139 4758 καταπλάσαι
1181 4704 1275 4758 τοῦ
1309 4705 1538 4775 ἥπατος.
1589 4706 1850 4767 Ἀναστὰς
1880 4705 1938 4758 δὲ

355 4797 494 4865 μετὰ
548 4795 641 4849 τὸν
700 4795 918 4848 ὕπνονὸ
956 4797 1256 4866 ἄρρωστος,
1309 4797 1407 4859 τὰς
1469 4798 1798 4866 ἀμφοτέρων
1828 4797 1936 4850 τῶν

353 4889 526 4955 ἁγίων
575 4888 901 4956 προστάξεις
937 4889 1275 4955 ἐπλήρωσεν,
1305 4889 1402 4940 καὶ
1455 4888 1555 4950 τὰς
1610 4890 1936 4959 ἀμφοτέρων

347 4977 460 5029 τῶν
484 4975 654 5043 ἁγίων
682 4975 984 5046 θεραπείας
1015 4976 1300 5044 ἐδρέτέοατο.
1325 4976 1585 5046 Φιλήμων
1613 4971 1704 5028 οὖν
1735 4979 1762 5029 ὁ
1796 4977 1929 5029 θαυ-

353 5069 549 5138 μάσιος
581 5066 725 5121 οὕτω
769 5068 957 5135 φυγὼν
987 5065 1056 5119 τὰ
1092 5068 1396 5136 νοσήματα,
1426 5070 1518 5120 καὶ
1547 5069 1729 5121 λαῦὼν
1747 5069 1814 5122 τά
1849 5069 1933 5122 ξά-

355 5183 518 5234 ματα,
548 5165 674 5225 τοὺς
700 5163 1002 5226 δεδωκότας
1042 5163 1226 5230 ὑμνῶν
1258 5163 1615 5231 ἀπελήλυθεν.
1662 5165 1852 5234 Ἡμεῖς
1876 5165 1933 5216 δὲ

349 5257 416 5309 δι’
446 5255 767 5325 ἀμφοτέρας
827 5254 925 5317 τὰς
981 5255 1177 5326 ρώσεις
1215 5254 1406 5316 διττῶς
1460 5255 1757 5323 ὑμνοῦντες
1805 5257 1933 5319 τοὺς

353 5347 661 5417 μάρτυρας,
715 5349 852 5414 πρὸς
901 5345 1075 5399 ἄλλων
1129 5345 1313 5414 ὓμνων
1363 5347 1575 5416 μητέρα
1611 5349 1705 5400 καὶ
1733 5347 1932 5418 τροφὸν

349 5437 687 5504 ἐπαγγελίαν
707 5436 1120 5506 προσέλθωμεν.

419 5550 540 5603 εον.
588 5547 730 5614 Περὶ
767 5546 1061 5612 Ῥοδόπης
1095 5547 1428 5615 ἐσχηκυίας
1458 5547 1856 5614 ἑκϐριὶσματα.

433 5700 744 5766 ἩῬοδόπη
781 5700 879 5768 τὴν
899 5699 1138 5770 γραφίδα
1167 5702 1436 5770 τροχάςου
1450 5718 1566 5765 σαν,
1600 5701 1690 5752 καὶ
1721 5699 1929 5770 χαράτο

349 5807 467 5845 saw
506 5792 667 5860 ἕτερα
689 5790 943 5859 θαύματα
976 5791 1328 5856 σπεύδουσαν,
1351 5792 1448 5860 τῆς
1481 5792 1570 5843 ἐπὶ
1594 5791 1800 5853 τούτοις
1832 5809 1927 5844 τεο⁹

2043 4603 2235 4657 harum
2271 4603 2473 4655 alteras
2503 4599 2858 4664 manducare,
2903 4597 3104 4652 alteras
3123 4606 3306 4651 autem
3341 4597 3608 4658 emollire,

2039 4703 2095 4750 et
2117 4695 2294 4748 locum
2311 4693 2517 4761 jecoris
2535 4690 2931 4759 cataplasmare
2951 4686 3230 4757 praecepit.
3250 4689 3348 4742 Ast
3363 4687 3612 4742 inﬁrmus

2040 4802 2274 4857 surgens
2311 4792 2433 4855 post
2487 4783 2789 4845 somnium,
2833 4789 3122 4849 utramque
3144 4777 3448 4847 jussionem
3481 4794 3610 4832 san-

2036 4889 2250 4934 ctorum
2283 4875 2546 4946 implevit,
2578 4881 2632 4926 et
2664 4880 3024 4939 utrarumque
3069 4868 3384 4923 curationes
3405 4871 3612 4938 passio-

2039 4985 2166 5024 num
2221 4968 2481 5039 percepit.
2525 4965 2772 5018 Philemo
2817 4976 2947 5031 ergo
2976 4961 3067 5014 ille
3107 4960 3397 5020 mirabilis,
3425 4960 3610 5014 taliter

2037 5064 2330 5132 languores
2395 5057 2676 5126 effugiens.
2727 5052 2980 5110 sanitatis
3033 5053 3178 5106 dono
3225 5060 3464 5120 recepto,
3514 5067 3610 5106 eos

2035 5154 2129 5226 qui
2188 5149 2531 5207 contulerant
2577 5145 2897 5200 collaudatis
2944 5141 3232 5196 abscessit.
3287 5140 3459 5195 Porro
3505 5156 3607 5198 nos

2036 5244 2106 5298 ob
2129 5253 2416 5307 utramque
2448 5235 2736 5292 sanitatem
2773 5232 3068 5301 dupliciter
3092 5231 3311 5300 hymnis
3340 5238 3608 5307 martyres

2035 5336 2463 5404 prosequentes,
2505 5327 2572 5379 ad
2629 5325 2861 5378 aliorum
2908 5324 3232 5392 hymnorum
3285 5322 3603 5377 relationem

2036 5431 2264 5480 matrem
2293 5436 2358 5475 ac
2395 5419 2670 5474 nutricem
2693 5415 3040 5472 accedamus.

2141 5534 2296 5590 LXII.
2352 5532 2428 5586 De
2498 5531 2740 5597 Rhodope
2795 5545 2912 5597 qua:
2958 5528 3143 5581 habuit
3194 5527 3498 5582 cbullientes

2631 5600 2998 5655 carbunculos.

2107 5698 2366 5768 RhetIOpe
2417 5696 2616 5765 stylnm
2669 5691 2810 5763 [βοά.
2843 5687 3293 5758 descriptionem]
3336 5696 3600 5743 rotantem

2031 5799 2085 5844 et
2117 5804 2346 5844 exarare
2379 5788 2482 5840 alia
2519 5785 2778 5838 miracula
2813 5783 3183 5836 festinatuem.
3219 5783 3287 5834 ab
3322 5781 3597 5836 itiner-ead
