4280 6442
676 366 813 431 3639
1580 365 1638 424 S.
1666 358 2085 424 SOPHRONII
2120 357 2629 422 PA'I‘RIARCII.E
2665 356 3069 419 HIEROSOL.
3800 362 3941 427 3040

676 485 789 535 haec
831 476 1091 543 inhibuit,
1121 484 1176 532 et
1213 476 1361 531 hunc
1402 475 1467 530 ad
1510 491 1570 531 se
1609 474 1972 536 transferens,
2011 472 2253 528 scribere
2283 473 2326 531 Α
2361 492 2366 539 ι

2243 487 2253 526 ε
2283 473 2326 531 Α
2361 470 2510 539 ρεῖας
2525 469 2786 523 ἐκώλυσε·
2808 470 2901 523 καὶ
2927 469 3134 541 ταύτην
3156 470 3292 541 πρὸς
3310 472 3512 542 ἑαυτὴν
3538 474 3933 542 μετενέγκαοα.

673 569 846 636 prius,
884 579 1007 636 quae
1053 564 1121 620 de
1169 578 1230 620 so
1279 560 1429 636 gesta
1472 570 1624 628 sunt,
1665 562 1960 631 compulit;
2016 560 2250 630 qualiter

673 658 926 713 (idelicct
958 655 1254 727 aliquando
1289 663 1684 725 praitcreuntes
1713 669 1833 708 eam
1868 660 2164 725 martyres,
2197 660 2252 707 et

673 749 738 800 ad
797 747 1030 801 aliorum
1089 746 1431 801 infirmorum
1496 746 1839 800 visitationes
1889 743 2249 807 divertentcs,

673 837 939 905 impedire
964 839 1397 907 praesumpserit,
1421 846 1475 891 et
1502 837 1586 891 sui
1620 837 1800 890 facere
1828 850 1951 890 cum
1993 834 2251 889 omnibus

673 924 1084 989 visitationem;
1122 926 1248 979 licet
1284 926 1384 979 hoc
1419 925 1563 978 facto
1592 923 1731 979 nihil
1763 921 2076 993 profecerit,
2112 936 2252 975 mor-

675 1026 727 1071 te
774 1018 1065 1072 sanitatem
1147 1019 1543 1087 przereuientc,
1602 1024 2030 1083 sanctorumque
2099 1014 2254 1067 auxi-

671 1108 806 1163 lium
843 1109 1138 1164 reeidcnte.
1177 1108 1319 1177 Ergo
1358 1118 1410 1162 et
1449 1124 1571 1173 nos,
1605 1123 1726 1177 quin
1769 1115 2084 1161 sanctorum
2123 1113 2254 1160 sunt

674 1200 1107 1265 conscribentes,
1144 1209 1197 1254 et
1248 1200 1448 1254 bonam
1506 1215 1697 1255 eorum
1757 1199 1822 1253 ad
1880 1214 2071 1253 omnes
2119 1212 2254 1251 con-

675 1292 1093 1347 tlesccnsionctn
1146 1292 1540 1357 edisserentes,
1595 1292 1874 1345 imitemur
1920 1304 2036 1353 eos,
2087 1295 2144 1342 et
2187 1302 2253 1343 ea

674 1397 797 1449 quae
840 1382 988 1435 circa
1034 1382 1208 1449 ipsam
1247 1389 1400 1451 gesta
1439 1389 1568 1434 sunt
1618 1379 2055 1442 eonscribamus,
2102 1378 2253 1431 illam

677 1474 797 1529 sine
827 1474 1348 1528 commemoratione
1381 1473 1605 1527 minime
1639 1473 1974 1528 deserentes.

754 1566 1019 1637 Rhodope
1050 1567 1304 1635 genimen
1339 1576 1457 1622 erat
1485 1565 1703 1634 quidem
1734 1564 2101 1636 Thcupoleos,
2132 1582 2254 1636 qua:

676 1657 826 1713 omni
874 1657 1128 1728 praesidet
1166 1656 1398 1723 Orienti,
1435 1657 1691 1712 Antiochi
1740 1666 1930 1712 vocata
1976 1660 2119 1730 regis
2156 1674 2255 1715 eo~

678 1749 957 1820 gnomiuc,
989 1757 1043 1803 ct
1075 1748 1507 1817 priueipantium
1554 1751 1609 1802 in
1654 1764 1716 1803 ea
1760 1750 2028 1819 prosapiae
2066 1764 2130 1803 ac
2169 1748 2254 1805 di-

2355 559 2588 629 γράφειν
2643 559 2995 631 πρότεροντά
3028 561 3150 612 κατ’
3203 561 3375 631 αὐτὴν
3430 563 3711 627 ἐϐιάσατο,
3746 566 3938 637 ὥσπερ

2354 653 2483 702 ποτὲ
2514 649 2881 718 παρελθόντας
2911 651 3082 719 αὐτὴν
3104 650 3230 714 τοὺς
3260 652 3545 722 μάρτυρας
3564 655 3657 705 καὶ
3690 655 3823 723 πρὸς
3848 658 3940 709 ἄλ-

2352 742 2459 795 λων
2505 742 2749 796 ἀσθενῶν
2793 743 3113 811 ἐπισκέψεις
3152 744 3543 809 ἑκνεύσαντας,
3591 746 3939 809 ἀναποδίξειν

2350 834 2670 904 ἐτόλμησεν,
2722 836 2816 890 καὶ
2848 835 2945 907 τὴν
2969 835 3142 904 αὐτῆς
3190 838 3463 890 ποιεῖσθαι
3516 838 3659 907 μετά
3715 839 3938 891 πάντων

2351 926 2639 996 ἐπίσκεψιν
2658 944 2671 958 ·
2699 928 2746 979 εί
2772 928 2867 980 καὶ
2902 927 3066 997 μηδὲν
3098 926 3307 998 ὤνησεν
3335 926 3492 980 τοῦτο
3517 928 3816 997 ποιήσασα,
3840 929 3935 980 τοῦ

2352 1019 2584 1072 θανάτου
2604 1019 2702 1087 τὴν
2728 1019 2895 1085 ῥῶσιν
2924 1018 3359 1090 προφθάσαντος,
3381 1018 3476 1071 καὶ
3503 1019 3600 1088 τὴν
3622 1019 3731 1071 τῶν
3764 1019 3937 1086 ἁγίων

2352 1109 2574 1182 ἀρωγὴν
2635 1108 3026 1177 ἀνακύψαντος.
3070 1108 3283 1162 Οὐκοῦν
3338 1108 3434 1162 καὶ
3485 1110 3649 1180 ἡμεῖς
3697 1108 3770 1160 τὰ
3828 1108 3939 1163 τῶν

2351 1200 2524 1270 ἁγίων
2572 1201 3005 1272 συγγράφοντες,
3063 1203 3155 1254 καὶ
3204 1201 3307 1272 τὴν
3338 1201 3473 1270 πρὸς
3514 1201 3723 1265 πάντας
3757 1201 3939 1255 αὐτῶν

2352 1292 2565 1362 ἀγαθὴν
2604 1293 3014 1362 συγκαταϐασιν
3067 1292 3390 1361 φράζοντες,
3454 1290 3655 1353 αὐτοὺς
3686 1291 3939 1362 μιμησὼο

2358 1384 2516 1455 μεθα,
2552 1383 2647 1437 καὶ
2674 1384 2743 1436 τὰ
2770 1385 2892 1437 κατ’
2923 1384 3097 1454 αὐτὴν
3139 1383 3572 1454 ἀναγράφωμεν,
3602 1383 3702 1436 οὑκ
3735 1385 3941 1446 ἐῶντες

2356 1474 2522 1545 αὐτὴν
2551 1475 2981 1544 ἀμνημόνευτον.

2440 1568 2668 1638 Ῥοδόπη
2735 1567 2981 1635 γέννημα
3033 1567 3132 1635 μὲν
3162 1561 3232 1636 ἦν
3261 1567 3649 1633 Θεουπόλεως,
3688 1569 3723 1638 ἢ
3756 1565 3939 1636 πάσης

2369 1659 2539 1730 Ἐᾠας
2566 1660 2931 1731 προκάθηται,
2951 1661 3225 1730 Ἀντιόχου
3257 1660 3521 1731 κληθεῖσα
3538 1660 3633 1714 τοῦ
3670 1660 3940 1731 βασιλέως

2355 1753 2664 1823 ἐπώνυμος,
2700 1753 2795 1805 καὶ
2838 1752 2947 1804 τῶν
2978 1754 3037 1804 ὲν
3076 1753 3215 1824 αὐτῇ
3266 1753 3614 1825 προύχόντων
3667 1752 3813 1820 γένει
3845 1753 3941 1804 καὶ

681 1841 936 1894 ι’ἱιίιιιίιιιι
969 1841 1221 1895 claritate
1256 1840 1596 1909 prtcfulgida.
1629 1842 1898 1911 Tempore
1928 1858 2058 1898 vero
2088 1842 2257 1898 multo
2289 1838 2329 1892 Β
2359 1862 2371 1895 ι

2250 1862 2257 1893 l
2289 1838 2329 1892 Β
2359 1843 2574 1913 πλούτῳ
2605 1843 2948 1913 προέλαμπε.
2975 1844 3182 1914 Χρόνον
3215 1844 3271 1897 δὲ
3308 1844 3502 1914 συχνὸν
3532 1844 3940 1913 Ἀλεξάνδρειαν

683 1932 1030 1985 Alexandria:
1069 1931 1355 1996 habitavit,
1402 1931 1669 1988 Joannem
1721 1935 1978 1988 maritum
2028 1935 2256 2000 habens,

678 2038 805 2076 cum
847 2036 957 2091 quo
1015 2021 1081 2075 ad
1151 2021 1299 2076 illam
1352 2023 1638 2089 ascmtdit,
1698 2026 1792 2092 qui
1858 2025 2258 2082 rhetoricorum

680 2117 944 2185 magister
986 2124 1107 2171 erat
1155 2132 1496 2183 sermonum,
1532 2127 1587 2173 et
1637 2119 1866 2188 Eulogii,
1909 2120 2088 2189 magni
2138 2120 2259 2175 fidei

682 2207 1086 2275 pt-tedicatoris,
1120 2207 1425 2277 discipulus
1464 2209 1715 2274 intimus,
1741 2212 1942 2281 quique
1980 2213 2104 2267 aliis
2134 2227 2260 2281 pro-

681 2299 905 2369 piuahat
946 2299 1261 2363 utilitatem,
1296 2314 1461 2367 quam
1506 2301 1574 2354 ab
1614 2302 1843 2371 Eulogii)
1884 2304 2261 2361 sacratissimo

680 2389 810 2444 dum
843 2396 1130 2459 supererat
1158 2404 1282 2445 cum
1311 2391 1430 2460 ipso
1463 2406 1813 2448 commorans
1845 2393 2047 2448 hausit.
2084 2393 2261 2459 Hujus

680 2498 806 2538 cum
853 2491 1003 2537 esset
1049 2482 1254 2552 conjux
1302 2483 1566 2554 Rhodope
1605 2485 1660 2540 in
1703 2501 1764 2540 ea
1801 2486 2095 2541 Alexandri
2128 2487 2263 2542 civi-

681 2578 847 2629 vitate
892 2576 1118 2647 degens,
1155 2585 1461 2632 extremum
1499 2578 1817 2647 languorem
1868 2595 2123 2649 perpessa
2155 2590 2259 2648 est,

680 2682 781 2735 per
824 2675 996 2721 totum
1045 2682 1248 2736 corpus
1295 2668 1418 2736 ejus
1469 2668 1819 2724 carbunculis
1864 2669 2258 2724 eflloreutibus.

682 2754 930 2821 Utttttquc
980 2754 1284 2823 pauxillum
1348 2755 1579 2824 languor
1634 2757 1811 2811 lenior
1861 2758 2035 2824 fieret,
2069 2768 2125 2814 et
2172 2759 2263 2814 ille

681 2846 892 2902 multus
937 2846 1401 2902 carbunculorum
1450 2847 1605 2903 furor
1649 2850 1703 2904 in
1754 2851 2049 2922 superficie
2092 2867 2261 2921 appa-

682 2937 920 3001 ruisset,
977 2937 1359 3008 retardarique
1412 2940 1516 2995 ista
1569 2940 1623 2994 in
1679 2955 1911 3010 corpore
1952 2956 1984 2996 a
2036 2941 2262 2997 medicis

680 3034 1109 3094 :csrimarentur,
1144 3031 1212 3084 ad
1263 3030 1392 3102 Cyri
1443 3029 1782 3100 Joannisque
1832 3032 2113 3089 basilicam
2164 3047 2260 3088 νος

682 3121 805 3176 nire
858 3121 1178 3177 muliercula
1237 3123 1517 3193 cupiebat,
1558 3134 1619 3178 ut
1663 3129 1854 3178 uorum
1904 3139 2007 3194 ope
2038 3138 2104 3178 ac
2139 3126 2259 3195 jus-

684 3213 861 3276 sione,
902 3213 1295 3269 festinatiorem
1347 3217 1810 3271 carbunculorum
1859 3216 2258 3286 depositionem

685 3305 981 3374 aet-.iperet.
1026 3303 1090 3359 Et
1122 3319 1253 3361 ecce
1284 3307 1553 3376 pervenit.
1591 3305 1721 3372 Qua:
1756 3318 1917 3361 noctu
1957 3307 2260 3375 dormiens,

686 3407 959 3465 martyres
991 3396 1190 3465 aspicit
1222 3396 1526 3467 phalangas
1553 3400 1936 3468 aegrotantimn
1969 3414 2261 3470 peragran-

688 3497 796 3550 tes,
834 3498 888 3544 et
932 3504 1032 3559 per
1077 3489 1327 3559 singulos
1362 3501 1553 3545 contra
1594 3505 1789 3546 oumes
1823 3491 2265 3563 congredientes,

687 3590 742 3635 ct
767 3581 1035 3636 sanitates
1065 3580 1365 3652 unicuique
1394 3581 1775 3647 conferentes;
1806 3590 1861 3637 et
1890 3583 2014 3636 huic
2040 3583 2263 3653 quidem

688 3671 818 3732 hoc,
847 3672 972 3727 aliis
1001 3678 1183 3726 autem
1214 3672 1361 3726 aliud
1393 3672 1574 3728 facere
1606 3671 2006 3742 praecipientes.
2040 3672 2086 3725 A
2116 3673 2266 3742 prin-

689 3762 835 3831 cipio
890 3777 1022 3832 ergo
1075 3762 1421 3828 inchoantes,
1460 3772 1516 3819 et
1564 3779 1739 3833 usque
1791 3764 1856 3818 ad
1912 3778 2056 3825 eam,
2107 3762 2265 3830 quasi

689 3856 1035 3923 subsequens
1073 3863 1245 3920 esset,
1277 3855 1544 3911 medendo
1577 3857 1982 3927 pervenientes,
2013 3865 2066 3911 et
2102 3854 2266 3910 veluti

691 3946 974 4003 absentem
1018 3946 1168 4001 illam
1211 3946 1582 4017 despicientes
1622 3947 1852 4016 sineque
1888 3946 2269 4003 consolatione

690 4037 1161 4108 derelinquentes,
1208 4038 1276 4092 ad
1315 4054 1440 4093 eum
1481 4039 1576 4108 qui
1623 4048 1747 4108 post
1787 4038 1929 4095 banc
1956 4045 2076 4095 erat
2104 4038 2269 4092 adve—

692 4132 875 4192 niunt.
907 4138 964 4186 et
996 4130 1256 4199 deinceps
1304 4130 1371 4185 ad
1423 4139 1656 4186 caeteros
1696 4131 1946 4200 jacentes
1991 4129 2268 4200 progressi

692 4231 845 4278 sunt.

764 4397 897 4462 Qua:
950 4411 1074 4452 cum
1131 4406 1481 4454 transeuntes
1535 4408 1806 4469 martyres
1858 4399 2181 4468 aspexisset,
2214 4409 2271 4456 et

2359 1933 2595 2005 ᾤκησεν,
2647 1934 2896 2005 Ἰωάννην
2944 1934 3142 2006 ἔχουσα
3184 1934 3436 2005 σύμϐιον,
3495 1937 3590 1989 καὶ⁵
3629 1935 3726 1988 σὺν
3782 1934 3937 2003 αὐτῷ

2360 2026 2706 2096 ποιησαμένη
2761 2025 2860 2094 τὴν
2897 2028 2977 2087 εἰς
3027 2026 3197 2095 αὐτὴν
3241 2026 3519 2089 ἐπίϐασιν,
3546 2027 3604 2089 ὃς
3630 2024 3940 2095 ῥητορικῶν

2363 2116 2461 2187 μὲν
2496 2116 2669 2184 λόγων
2698 2118 2913 2187 ὑπῆρχε
2941 2116 3259 2179 διδάσκαλος
3286 2116 3341 2186 (5
3354 2116 3397 2170 ι·
3403 2134 3444 2186 1,
3475 2116 3736 2184 Εὑλογίου
3760 2116 3818 2169 δὲ
3844 2115 3942 2169 τοῦ

2364 2207 2599 2277 μεγάλου
2623 2208 2721 2277 τῆς
2745 2209 2979 2270 πίστεως
3000 2208 3244 2277 κήρυκος
3272 2209 3517 2278 μαθητὴς
3543 2207 3940 2278 γνησιώτατος,

2361 2300 2495 2353 πᾶσι
2532 2298 2590 2353 δὲ
2621 2301 2732 2363 τοῖς
2763 2298 2946 2362 ἄλλοις
2990 2299 3253 2369 πηγάζων
3289 2299 3579 2369 ὠφέλειαν,
3605 2300 3671 2367 ἦν
3699 2298 3945 2367 Εύλογίῳ

2360 2388 2439 2459 τῷ
2467 2388 2596 2458 θείῳ
2631 2388 2875 2458 περιόντι
2907 2386 3080 2441 συνὼν
3105 2387 3452 2458 ἐθησαύρισε.
3480 2387 3686 2441 Τούτου
3711 2387 3944 2454 σύζυγος

2362 2480 2395 2550 ἡ
2435 2480 2663 2549 Ῥοδόπη
2708 2478 3073 2549 τυγχάνουσα,
3116 2482 3212 2533 καὶ
3251 2480 3395 2533 κατὰ
3440 2479 3598 2550 τήνδε
3642 2480 3743 2549 τὴν
3786 2478 3944 2532 πόλιν

2373 2568 2725 2639 Ἀλεξάνδρου
2748 2569 3035 2638 διὰγουσα,
3088 2570 3243 2623 νόσον
3267 2570 3369 2640 τὴν
3400 2571 3721 2624 τελευταίαν
3749 2571 3943 2639 ἐνόση-

2366 2677 2480 2726 σεν,
2510 2660 2631 2715 καθ’
2675 2662 2799 2715 ὅλου
2839 2661 2932 2715 τοῦ
2989 2661 3243 2732 σώματος
3271 2663 3546 2735 ἄνθρακας
3574 2662 3943 2734 ἐξανθήσασα.

2371 2754 2459 2817 Ὠς
2479 2753 2537 2806 δὲ
2563 2754 2757 2823 μικρὸν
2782 2754 2892 2808 τῶν
2926 2755 3096 2808 νόσων
3118 2756 3354 2824 ὲράῖσεν,
3391 2756 3486 2807 καὶ
3509 2755 3619 2808 τῶν
3654 2754 3947 2824 ἀνθράκων

2360 2846 2422 2899 οὐ
2455 2846 2665 2907 πολὺςό
2695 2845 2865 2915 θυμὸς
2906 2845 3248 2915 ἐπεφαίνετο,
3284 2846 3652 2916 ὲμϐραδύνειν
3690 2846 3747 2899 δὲ
3782 2846 3948 2915 μόνον

2360 2930 2506 2991 οὗτοι
2532 2936 2607 3006 τῷ
2641 2936 2854 3005 σώματι
2881 2940 2993 3001 τοῖς
3017 2940 3221 3007 ἰατροῖς
3257 2938 3592 3008 ἐνομίζοντο,
3626 2937 3811 3008 Κύρου
3847 2936 3949 2989 καὶ

2373 3029 2615 3083 Ἰωάννου
2637 3029 2697 3081 τὸ
2722 3030 2950 3100 τέμενος
3006 3030 3193 3083 ἐπόθει
3224 3030 3286 3083 τὸ
3317 3030 3561 3098 γύναιον,
3612 3030 3703 3083 ἵνα
3732 3029 3947 3083 τούτων

2361 3122 2549 3192 ἀρωγῇ
2569 3121 2663 3174 καὶ
2687 3120 3021 3189 κελεύσματι
3044 3121 3353 3191 ταχυτέραν
3380 3121 3680 3191 ποιήσηται
3708 3120 3808 3189 τὴν
3834 3119 3949 3172 τῶν

2360 3211 2648 3283 ἀνθράκων
2678 3192 2958 3264 ἀπόθεσιν.
2980 3211 3091 3265 Καὶ
3119 3211 3183 3281 δὴ
3200 3211 3589 3281 παραγίνεται,
3614 3212 3709 3263 καὶ
3724 3208 3950 3279 νύκτωρ

2363 3302 2697 3357 καθεύδουσα
2727 3302 2918 3372 βλέπει
2968 3304 3097 3366 τοὺς
3157 3303 3465 3373 μάρτυρας,
3497 3303 3595 3365 τὰς
3614 3302 3725 3354 τῶν
3755 3299 3947 3372 appa-

2363 3412 2505 3449 στων
2561 3395 3019 3463 περιπολεὺοντας
3049 3393 3359 3464 φάλαγγας,
3416 3394 3512 3446 καὶ
3541 3392 3677 3458 πᾶσι
3705 3391 3830 3444 καθ’
3849 3390 3950 3446 ἕνα

2362 3485 2824 3558 προσϐάλλοντας,
2853 3487 2950 3539 καὶ
2972 3487 3071 3549 τὰς
3105 3485 3277 3548 ἰάσεις
3332 3483 3551 3553 ἑκάστῳ
3579 3483 3946 3554 παρέχονταςο

2363 3580 2459 3634 καὶ
2483 3579 2658 3649 τούτῳ
2685 3579 2786 3648 μὲν
2808 3577 2989 3644 τοῦτο,
3015 3576 3159 3648 ἄλλῳ
3181 3578 3240 3630 δὲ
3266 3576 3395 3631 ἄλλο
3423 3578 3600 3630 ποιεῖν
3620 3576 3947 3629 ἐπιτάττον-

2363 3689 2483 3734 τας.
2513 3671 2630 3725 Ἀπ’
2648 3671 2819 3741 ἀρχῆς
2843 3671 2940 3741 μὲν
2956 3665 3050 3724 οὖν
3075 3669 3393 3741 ἀρξάμενοι,
3426 3671 3520 3721 καὶ
3541 3668 3733 3738 μέχρις
3748 3667 3945 3736 αὐτῆς,

2367 3747 2519 3834 φησὶ,
2550 3763 2641 3815 τὸν
2662 3761 2897 3833 καθεξῆς
2926 3761 3290 3831 ἰατρεύοντες,
3321 3761 3416 3813 καὶ
3436 3760 3526 3813 ἐπ’
3549 3759 3721 3830 αὐτὴν
3754 3756 3951 3826 ἀφικό-

2370 3873 2540 3925 μενοι,
2595 3854 2692 3909 καὶ
2715 3854 2790 3918 ὡς
2819 3854 3063 3914 ἀποῦσαν
3103 3852 3276 3924 αὐτὴν
3335 3851 3815 3923 παραϐλέψαντες.
3854 3849 3952 3903 καὶ

2368 3945 2796 4019 καταλείψαντες
2837 3945 3271 4009 ἀνεπίσκεπτον,
3328 3943 3422 3996 ἐπὶ
3480 3943 3573 3996 τὸν
3614 3941 3732 4011 μετ’
3778 3940 3955 4011 αὐτὴν

2367 4035 2723 4104 ἀνακείμενον
2780 4033 3059 4106 ἔρχονταιο
3093 4034 3187 4086 καὶ
3232 4032 3424 4086 τοῦτον
3484 4030 3950 4098 ἐπισκεψάμενοι,

2370 4127 2461 4181 καὶ
2485 4127 2658 4180 ποιεῖν
2686 4125 2758 4178 τὰ
2785 4124 2922 4194 πρὸς
2947 4123 3135 4191 ὑγείαν
3162 4121 3551 4186 θεσπίσαντες,
3574 4121 3670 4173 ἐπὶ
3702 4122 3795 4173 τὸν
3829 4119 3953 4189 μετ’

2370 4216 2531 4269 αὑτὸν
2550 4214 2965 4287 παραγίνονται,
2988 4212 3245 4267 κάκεῖθεν
3262 4212 3356 4266 ὲπι
3373 4213 3499 4275 τοὺς
3519 4211 3644 4282 ἑξῆς
3663 4210 3957 4279 κείμενους

2370 4307 2626 4362 ἀπίεσαν.

2455 4398 2517 4451 Ἦ
2543 4397 2599 4451 δὲ
2634 4397 2710 4459 ὡς
2741 4393 3112 4466 παρελθόντας
3180 4392 3290 4447 ῐδεν
3339 4393 3468 4455 τοὺς
3502 4391 3811 4462 μάρτυρας,
3859 4391 3959 4443 καὶ

693 4501 753 4541 εει
782 4499 1126 4555 nequaquam
1152 4484 1406 4551 intuitos,
1431 4499 1533 4541 nec
1561 4485 1743 4541 facere
1765 4486 1833 4540 ad
1858 4488 2090 4541 salutem
2116 4488 2270 4557 quid-
2298 4508 2347 4567 υ
2375 4507 2383 4559 ι

2268 4519 2270 4526 π
2298 4508 2347 4567 υ
2375 4488 2640 4560 μηδαμῶς
2656 4486 2824 4556 αὐτὴν
2856 4487 3261 4555 θεωρήσαντας,
3323 4483 3459 4552 μηδὲ
3522 4484 3697 4535 ποιεῖν
3724 4499 3775 4533 τι
3815 4481 3958 4550 πρὸς

693 4591 856 4645 quam
902 4576 1181 4647 jubentes,
1240 4577 1489 4648 quinimo
1534 4578 2036 4647 appropinquantes
2065 4587 2267 4635 etnon

694 4668 868 4721 nmlto
901 4666 971 4722 ab
999 4680 1063 4721 ea
1112 4666 1401 4720 intervallo
1432 4666 1722 4732 distantes,
1758 4667 1875 4722 hac
1904 4667 1972 4722 ad
2003 4683 2100 4722 eos
2140 4684 2269 4738 pro.

696 4758 808 4813 fata
843 4765 929 4813 est
963 4775 979 4812 :
1017 4776 1035 4809 ι
1073 4755 1117 4811 Ο
1149 4756 1353 4813 Christi
1391 4758 1604 4813 Domini
1636 4758 1826 4813 famuli
1862 4767 1919 4815 et
1965 4760 2267 4816 imitatores

693 4851 871 4920 ipsius
901 4864 1030 4919 erga
1066 4864 1167 4903 nos
1199 4849 1399 4905 habita:
1428 4849 1712 4917 bonitatis,
1747 4865 1781 4905 ο
1812 4865 1909 4906 vos
1938 4851 2034 4921 qui
2072 4852 2120 4906 si
2157 4866 2267 4920 qua

695 4950 826 4997 sunt
883 4943 1045 4996 noxia
1103 4941 1356 4996 humanm
1412 4952 1623 4997 naturae
1668 4942 1960 5008 depellitis,
2004 4943 2269 4999 divinitus

696 5034 1017 5105 passionum
1070 5042 1385 5091 nostrarum
1439 5035 1552 5089 dati
1605 5033 1826 5098 medici,
1873 5048 1903 5088 a
1959 5034 2067 5089 Deo
2115 5034 2272 5090 missi

694 5136 1025 5182 cunctorum
1074 5127 1417 5183 insecutores
1461 5127 1812 5194 languorum,
1856 5136 1912 5181 et
1950 5126 2130 5181 oumis
2173 5142 2274 5181 cu-

698 5220 931 5276 rationis
965 5219 1186 5274 datores
1214 5220 1485 5291 perpetui.
1514 5230 1734 5290 prepter
1768 5220 1911 5274 hanc
1948 5219 2271 5289 opitulatio-

699 5327 822 5367 nem
856 5321 1115 5377 vestram,
1164 5326 1285 5380 qua:
1318 5320 1401 5365 est
1442 5325 1569 5380 erga
1607 5326 1729 5377 nos,
1756 5319 1811 5364 et
1839 5324 1940 5378 ego
1981 5309 2127 5373 veni,
2162 5325 2269 5363 non

699 5406 876 5459 solum
908 5404 1115 5466 videre,
1152 5404 1247 5457 sed
1279 5411 1334 5457 et
1365 5402 1681 5472 participari
1713 5401 2032 5456 desiderans
2058 5402 2268 5471 gratim,

698 5502 755 5548 et
809 5509 935 5549 cum
997 5494 1252 5548 onmibus
1319 5491 1525 5563 perfrui
1590 5493 1859 5557 sanitate,
1931 5507 2095 5563 quam
2174 5506 2269 5548 vos

2376 4579 2650 4650 σωτηρίαν
2695 4575 3080 4640 κελεύσαντας,
3101 4573 3181 4626 ἔτι
3210 4573 3267 4626 δὲ
3299 4572 3726 4643 πλησιάζοντας,
3763 4572 3861 4624 καὶ
3887 4573 3953 4625 οὐ

2373 4672 2510 4725 πολὺ
2539 4669 2710 4738 αὐτῆς
2738 4666 3058 4737 ἀφεστῶτας
3080 4665 3376 4734 διάστημα,
3418 4663 3546 4716 τάδε
3573 4663 3712 4732 πρὸς
3750 4663 3960 4726 αὐτοὺς

2373 4761 2770 4833 ἀπεφθέγξατο·
2805 4755 2874 4811 Ὦ
2905 4754 3142 4827 Χριστοῦ
3172 4753 3264 4807 τοῦ
3291 4752 3564 4806 Δεσπότου
3595 4752 3957 4822 θεράποντες,

2370 4856 2464 4910 καὶ⁵
2504 4852 2742 4924 μιμηταὶ
2771 4851 2869 4920 τῆς
2895 4847 3060 4902 αὑτοῦ
3095 4846 3228 4918 προς
3279 4846 3430 4916 ἡμᾶς
3494 4842 3837 4914 ἀγαθότητος
3863 4859 3877 4872 ·
3909 4835 3960 4897 ὦ

2367 4948 2465 5017 τῆς
2490 4944 2840 5016 ἀνθρωπίνης
2891 4940 3111 5009 φύσεως
3157 4937 3492 5004 ἀλεξίκακοι,
3539 4937 3634 4989 καὶ
3669 4934 3781 4987 τῶν
3814 4935 3961 5005 ἡμε-

2368 5040 2543 5108 τέρων
2584 5035 2772 5089 παθῶν
2831 5033 3007 5106 ἰατροὶ
3056 5030 3404 5101 θεοδώρητοι·
3452 5022 3498 5082 ὦ
3556 5028 3739 5098 πάσης
3797 5026 3964 5080 νόσου

2371 5131 2595 5184 διῶκται
2648 5128 3007 5197 θεόπεμπτοι,
3048 5124 3143 5177 καὶ
3175 5123 3357 5192 πάσης
3388 5120 3689 5191 θεραπείας
3732 5118 3968 5187 δοτῆρες

2378 5221 2616 5284 ἀένναοι,
2650 5217 2855 5287 ταύτης
2889 5216 3053 5268 ἕνεκα
3072 5211 3226 5282 κάγὼ
3258 5211 3360 5281 τῆς
3390 5211 3526 5280 πρὸς
3566 5210 3776 5270 πάντας
3802 5206 3965 5276 ὑμῶν

2378 5310 2601 5381 ἀρωγῆς
2630 5306 3007 5377 παραγέγονα,
3045 5304 3120 5374 μὴ
3144 5302 3306 5373 μόνον
3332 5300 3464 5354 ἰδεῖν
3497 5298 3636 5351 ἀλλά
3669 5297 3765 5349 καὶ
3790 5312 3968 5366 μετα-

2379 5402 2528 5470 σχεῖν
2554 5397 2803 5452 παθοῦσα
2847 5397 2944 5467 τῆς
2981 5395 3226 5466 χάριτος,
3259 5393 3354 5445 καὶ
3384 5391 3481 5444 σὺν
3514 5390 3679 5442 πᾶσιν
3709 5385 3967 5441 άπολαΰα

2381 5508 2471 5544 σαι
2493 5493 2593 5563 τῆς
2626 5488 2867 5561 ῥώσεως,
2892 5487 2960 5558 ἢν
2989 5489 3146 5558 ὑμεῖς
3184 5486 3350 5538 πᾶσιν
3389 5481 3640 5552 ἀφθόνως
3670 5481 3787 5542 τοῖς
3822 5475 3969 5549 πρὸς

2197 5646 2436 5704 ΝΟΤᾸΕ.

774 5768 884 5843 (ἒξ)
968 5768 1048 5823 Ad
1094 5767 1241 5822 hunc
1289 5765 1551 5825 Joannem
1581 5776 1711 5840 puto
1760 5771 1995 5842 scriptas
2046 5766 2294 5837 Procopii
2327 5764 2589 5837 epistolas
2623 5764 2765 5829 illas,
2800 5776 2939 5835 quas
2972 5774 3138 5833 supra
3173 5757 3467 5814 edidimus.
