4280 6442
337 410 475 479 3641

1342 421 1448 483 SS.
1476 422 1653 485 CYRI
1693 422 1790 484 ET
1826 422 2152 486 JOANNIS
2191 424 2610 489 MIRACUIA.

3477 428 3618 493 3642

339 527 486 596 ὑμᾶς
535 525 854 597 ἐρχομένοις
883 526 1199 598 χαρίζεσθε.
1239 528 1304 582 Τί
1327 527 1419 584 οὖν
1458 532 1537 596 είς
1565 532 1711 602 ὑμᾶς
1742 534 1917 604 ἁμαρ.
1951 537 1990 592 Α
2021 552 2029 584 ‹

1951 533 2281 592 Aomnibus
2336 535 2429 604 qui
2490 536 2558 589 ad
2632 546 2729 588 vos
2780 534 3052 590 accedunt
3124 533 3362 589 donatis.
3411 533 3615 604 thuid

336 618 583 688 τήσασάν
608 635 677 685 με
706 618 998 688 παρίδετε;
1028 619 1061 691 ἢ
1091 619 1252 672 ποίαν
1275 619 1383 673 τῶν
1417 621 1702 691 ὑμετέρων
1734 623 1923 676 κελεύ-

342 729 480 765 σεων
530 710 906 782 [παραϐᾶσαν]
947 713 1364 776 ἀνεπισκέπτως
1415 714 1733 784 παρήλθετε
1764 734 1778 779 ;
1814 716 1925 785 ἣτί

340 803 462 855 καθ’
493 796 607 854 οἷον
635 801 699 871 δή
723 819 854 855 ποτε
872 803 1073 872 τρόπον
1096 803 1235 872 λυπή
1248 821 1439 869 σασαν,
1466 805 1577 858 τῶν
1620 805 1926 874 φιλανθρώ-

340 910 459 948 πων
497 895 654 963 ὑμῶν
707 893 928 963 δωρεῶν
986 896 1356 966 ἐστερήσατε;
1422 896 1577 963 κάγὼ
1630 898 1728 966 μὲν
1773 897 1927 950 οὐδὲν

340 986 586 1055 ἐμαυτὴν
611 982 728 1039 οἶδα
754 987 863 1039 τῶν
887 987 1147 1041 τοιούτων
1206 990 1286 1052 εἰς
1326 989 1471 1058 ὑμᾶς
1525 990 1928 1060 πλημμελήσα-

341 1096 460 1131 σαν.
495 1077 558 1131 Ei
590 1078 647 1131 δέ
696 1097 748 1132 τι
801 1078 910 1131 τῶν
940 1081 1248 1149 εἰρημένων
1294 1098 1385 1149 μοι
1436 1081 1775 1150 πέπρακται,
1837 1084 1930 1135 καὶ

340 1168 510 1238 λήθης
547 1170 781 1238 ἱματίων
809 1170 1147 1225 καλύπτεται
1167 1212 1180 1235 ,
1216 1172 1377 1224 τοῦτό
1398 1190 1509 1242 μοι,
1545 1174 1760 1242 δέομαι,
1784 1176 1928 1243 φρά-

343 1278 499 1327 σατε,
527 1264 621 1315 καὶ
668 1261 937 1333 σύντομον
988 1262 1157 1317 αὑτοῦ
1217 1267 1517 1335 ποιήσομαι
1560 1267 1660 1330 τὴν
1701 1267 1929 1338 ἰιόρθω-

345 1372 456 1409 σιν.

414 1445 633 1500 Τούτων
655 1448 702 1498 oi
733 1446 877 1514 ἅγιοι
923 1447 1061 1518 πρὸς
1123 1447 1222 1518 τῆς
1263 1448 1529 1517 Ῥοδόπης
1571 1448 1928 1513 ἀκούσαντες,

341 1540 443 1593 οὐκ
485 1537 850 1608 ἀτιμάζουσιν
893 1539 1066 1608 αὐτῆς
1099 1539 1201 1609 τὴν
1225 1539 1537 1611 ἀμώμητον
1560 1541 1771 1612 δέησιν,
1794 1542 1934 1597 ἀλλὰ

346 1631 485 1700 πρὸς
516 1630 688 1700 αὐτὴν
710 1632 1164 1701 ἐπιστρέψαντες,
1209 1633 1475 1696 τοιούτοις
1500 1635 1671 1704 αὐτὴν
1706 1636 1802 1688 καὶ
1833 1636 1934 1687 αύ-

342 1721 428 1773 τοὶ
462 1722 919 1792 παραμυθοῦνται
944 1725 1057 1786 τοῖς
1092 1726 1337 1794 ῥήμασιν
1360 1741 1372 1753 ·
1401 1725 1515 1795 Οὐχ
1541 1726 1617 1789 ὡς
1647 1729 1728 1790 είς
1762 1728 1933 1795 ἡμᾶς,

342 1807 595 1880 ὧγύναι,
652 1814 1136 1884 πλημμελήσασαν
1186 1815 1563 1886 παρήλθομεν,
1614 1820 1723 1873 οὐδ’
1767 1818 1842 1881 ὣς
1880 1837 1932 1871 τι

343 1907 452 1960 τῖιν
481 1908 787 1977 ἡμετέρων,
819 1909 891 1973 ὡς
923 1908 1082 1980 ἔφης,
1115 1917 1557 1983 προσταγμάτων
1584 1917 1933 1985 πατήσασαν,

344 2001 462 2052 ἀλλ’
514 2001 597 2054 ὅτι
663 2018 757 2054 σου
792 2002 891 2073 τὴν
953 2004 1214 2059 ἀνάλυσιν
1262 2008 1592 2076 ἐγγίζουσαν
1640 2008 1934 2078 βλέπομεν,

344 2093 441 2144 καὶ
470 2093 566 2145 τοῦ
600 2094 943 2164 προσκαίρου
995 2095 1110 2165 βίου
1132 2097 1192 2151 τὺ
1219 2099 1518 2169 πλήρωμα,
1547 2101 1643 2153 καὶ
1669 2101 1770 2169 τῆς
1798 2116 1940 2169 παρ-

345 2185 511 2251 ούσης
545 2185 689 2253 ξωῆς
705 2185 803 2256 τὴν
825 2186 1109 2254 ἀπόθεσιν,
1141 2190 1236 2241 καὶ
1265 2194 1366 2259 τῆς
1398 2192 1455 2243 ὲν
1495 2191 1718 2260 Χριστῷ
1747 2191 1939 2260 κοιμή-

348 2291 484 2336 σεως
517 2274 616 2345 τὴν
639 2276 1016 2345 ἀπαραίτητον
1040 2276 1254 2346 ἄφιξιν·
1280 2274 1355 2331 ὧν
1389 2282 1486 2351 οὐχ
1512 2283 1674 2350 ἡμεῖς
1715 2281 1941 2350 δοτῆρες

345 2366 379 2436 ἦ
420 2366 648 2419 διιῖικται
698 2369 1065 2438 τυγχάνομεν,
1132 2371 1270 2423 ἀλλὰ
1327 2372 1751 2442 Χριστδςότῶν
1802 2373 1942 2426 ὅλων

346 2460 482 2522 Θεὸς
514 2461 610 2513 καὶ¹
634 2459 913 2531 Δεσπότης
946 2463 1040 2514 καὶ
1092 2462 1383 2533 πρύτανις,
1409 2466 1437 2517 ὁ
1466 2462 1612 2532 ζωῆς
1642 2463 1737 2515 καὶ
1768 2462 1936 2516 θανά-

345 2569 442 2605 του
504 2554 753 2622 κατέχων
800 2552 927 2616 τοὺς
960 2553 1177 2616 οἴακας.
1210 2555 1274 2606 Τί
1301 2551 1394 2607 οὖν
1428 2556 1589 2626 ἡμεῖς
1610 2554 1749 2623 πρὸς
1770 2553 1946 2607 ταῦτά

348 2660 435 2696 σοι
463 2644 827 2715 δράσομενςῆ
864 2645 1026 2707 ποίας
1080 2646 1385 2709 ἀθανασίας
1419 2646 1687 2716 ὀρέξομεν
1719 2646 1945 2716 φάρμα-

350 2752 482 2802 κον;
513 2738 596 2799 είς
622 2737 679 2788 τί
705 2736 765 2789 δὲ
792 2737 935 2808 καὶὴ
969 2738 1137 2807 ,όῶσις
1164 2738 1490 2808 adiﬁcatas;
1517 2737 1551 2806 ἦ
1574 2738 1627 2789 τί
1649 2738 1750 2807 τῆς
1778 2737 1945 2806 θερα-

349 2827 508 2889 πείας
552 2828 615 2879 τὸ
664 2830 984 2899 χρήσιμονς
1036 2828 1123 2889 τίς
1175 2827 1220 2880 δ’
1282 2828 1312 2879 ὁ
1370 2827 1542 2881 ταῦτα
1587 2828 1723 2896 πρὸς
1787 2828 1948 2897 ἡμῶν

349 2920 717 2989 κομιούμενος
745 2936 759 2984 ;
794 2920 826 2989 ἢ
858 2922 941 2983 τίς
978 2922 1007 2973 ὀ
1034 2920 1247 2983 τούτοις
1274 2920 1561 2990 ἐντρυφῶν
1582 2919 1946 2989 δωρήμασιν;

351 3012 425 3065 Συ
456 3011 566 3083 γὰρ
617 3013 756 3082 μετά
811 3012 1155 3083 βραχυτάτου
1204 3012 1401 3083 καιροῦ
1456 3012 1528 3064 τά
1583 3011 1692 3065 τῶν
1741 3011 1949 3081 βροτῶν

351 3104 754 3172 καταλείψασα,
788 3104 887 3174 τὴν
917 3106 1141 3158 πάντων
1179 3103 1301 3157 ὁδὸν
1345 3104 1589 3166 ὀδεύσεις
1621 3101 1947 3167 ὑπνώσασα,

2028 642 2162 696 ergo
2201 642 2286 683 me
2333 628 2386 683 in
2419 643 2514 684 vos
2560 636 2879 697 peccantem
2925 628 3295 697 despexistis?
3328 635 3422 680 aut
3452 643 3616 696 quam

2026 717 2343 787 jussionum
2413 727 2721 773 vestrarum
2816 731 2903 770 me
2982 727 3423 785 transgressam,
3495 719 3619 770 sine

2029 809 2404 864 consolatione
2459 809 2778 863 transistis?
2834 814 2928 861 aut
2981 821 3154 877 quare
3201 823 3287 861 me
3339 806 3618 876 quomodo

2028 918 2131 959 vos
2174 904 2594 958 contristantem
2648 900 3104 956 misericordihus
3157 901 3477 955 muneribus
3520 915 3617 955 vc-

2032 998 2165 1054 stris
2203 995 2505 1065 privastis?
2550 993 2615 1050 Et
2646 1009 2747 1065 ego
2779 995 2999 1061 quidem
3042 993 3117 1046 nil
3164 992 3289 1046 novi
3322 1007 3407 1045 me
3436 994 3489 1046 in
3520 1006 3619 1047 vos

2036 1089 2353 1156 huiusmodi
2396 1085 2721 1156 deliquisse.
2760 1083 2815 1137 Si
2853 1099 2981 1138 vero
3012 1098 3041 1136 a
3070 1098 3156 1138 me
3193 1081 3493 1152 quidquam
3521 1098 3617 1137 eo-

2037 1197 2155 1237 rum
2213 1195 2334 1251 qua:
2395 1180 2540 1235 dicta
2597 1185 2728 1233 sunt
2787 1184 3181 1245 perpetratum,
3222 1184 3277 1230 et
3326 1172 3621 1229 oblivionis

2037 1284 2187 1329 veste
2228 1281 2551 1343 coopertum
2582 1278 2688 1330 est.
2719 1270 2823 1322 hoc
2870 1266 3028 1332 mihi,
3054 1267 3307 1331 obsecro,
3344 1265 3532 1330 dicite,
3567 1275 3622 1321 et

2038 1366 2139 1420 hoc
2171 1365 2287 1433 ipsa
2311 1364 2527 1417 concito
2555 1362 2852 1429 corrigam.
2889 1378 2907 1411 ι

2110 1453 2206 1508 llis
2253 1452 2433 1507 sancti
2486 1466 2516 1503 a
2570 1450 2839 1519 lihodupe
2875 1448 3103 1514 auditis,
3136 1463 3244 1501 non
3292 1448 3625 1500 iuhonoraut

2036 1547 2159 1615 ejus
2220 1542 2633 1597 immaculatum
2698 1542 3172 1609 deprecationem,
3217 1538 3312 1594 sed
3372 1539 3624 1592 conversi

2038 1640 2104 1692 ad
2146 1653 2264 1692 eam
2307 1636 2513 1691 talibus
2544 1636 2690 1689 illam
2731 1642 2785 1687 et
2821 1633 2922 1702 ipsi
2956 1632 3307 1685 sermonibus
3336 1630 3627 1685 consolan-

2038 1739 2127 1785 tur
2165 1748 2179 1785 :
2216 1729 2335 1784 Non
2391 1737 2650 1796 tanquam
2694 1743 2816 1797 quae
2878 1728 2931 1780 in
2965 1741 3067 1780 nos
3096 1726 3415 1797 deliqu~ris,
3441 1741 3475 1778 ο
3504 1740 3624 1777 ιιιιι-

2042 1827 2163 1889 lier,
2198 1832 2252 1878 te
2298 1821 2722 1894 prmteriviutus,
2772 1834 2949 1890 neque
2989 1829 3249 1888 tanquam
3302 1834 3423 1887 qua:
3462 1817 3627 1886 quid-

2042 1919 2186 1987 piam
2218 1931 2280 1968 ex
2317 1914 2544 1977 nostris,
2585 1922 2643 1966 ut
2682 1913 2786 1975 ais,
2837 1912 3129 1981 praeceptis
3174 1910 3497 1973 calcaveris,
3531 1908 3626 1962 sed

2041 2013 2168 2075 quia
2231 2008 2625 2063 resolutionem
2682 2013 2832 2058 tuam
2886 2001 3141 2057 violemus
3193 2000 3521 2071 appropiare
3574 2011 3630 2052 et

2042 2099 2361 2171 temporalis
2415 2100 2544 2154 vita:
2591 2096 3173 2156 consummationem,
3228 2102 3283 2147 et
3345 2094 3629 2163 praesentis

2041 2193 2466 2263 depositiouem,
2503 2202 2557 2245 et
2588 2190 2642 2243 in
2670 2189 2896 2244 Christo
2923 2185 3299 2242 inevitabilem
3337 2185 3629 2239 dormitio-

2044 2290 2131 2343 nis
2166 2300 2469 2349 accessum,
2503 2297 2739 2352 quorum
2792 2282 3041 2336 omnium
3093 2294 3201 2333 non
3259 2292 3359 2332 nos
3408 2277 3630 2331 datores

2045 2384 2128 2437 vel
2189 2387 2570 2452 persecutores
2627 2391 2854 2437 sumus,
2909 2372 3003 2427 sed
3072 2370 3330 2426 Christus
3384 2369 3532 2423 onmi
3576 2384 3628 2423 ιιι

2048 2477 2189 2532 licus
2229 2484 2280 2530 et
2329 2473 2644 2528 dominator
2672 2477 2727 2523 et
2761 2466 3038 2537 princeps,
3074 2465 3166 2534 qui
3219 2466 3344 2517 vitae
3382 2476 3445 2515 ac
3483 2476 3631 2516 mor-

2046 2572 2117 2625 tis
2150 2569 2349 2623 retinet
2386 2562 2782 2637 guhernacula.
2818 2559 2960 2624 Quid
2994 2571 3126 2628 ergo
3159 2571 3257 2611 nos
3287 2555 3352 2610 ad
3384 2552 3631 2610 lizec'tibi

2046 2659 2410 2731 patrabimus,
2446 2660 2541 2708 aut
2582 2648 3014 2706 immortalitatis
3064 2645 3408 2714 porrigemus
3456 2659 3633 2698 reme-

2048 2750 2240 2806 dium?
2281 2749 2339 2802 In
2371 2762 2482 2815 quo
2514 2752 2699 2798 autem
2731 2741 2942 2797 sanitas
2973 2738 3231 2793 dabitur?
3269 2748 3363 2790 aut
3392 2752 3513 2807 qua:
3551 2742 3637 2790 est

2050 2841 2353 2899 curationis
2384 2836 2633 2893 utilitas?
2663 2834 2800 2900 Quis
2835 2847 2964 2886 vero
3004 2842 3088 2886 est
3129 2832 3220 2901 qui
3260 2829 3376 2884 lucc
3415 2844 3443 2882 ιι
3475 2828 3636 2882 nobis

2052 2932 2228 2990 ferat?
2256 2932 2345 2987 vel
2375 2930 2500 2999 quis
2533 2925 2628 2997 qui
2661 2925 2854 2979 horum
2889 2923 3130 2993 potiatur
3160 2919 3527 2975 muneribus?
3553 2917 3635 2973 Tu

2050 3030 2195 3084 enim
2226 3032 2349 3096 post
2381 3020 2658 3093 paululum
2687 3032 2810 3087 qua:
2842 3024 2969 3070 sunt
3000 3014 3314 3068 mortalium
3349 3012 3637 3073 deserens,

2052 3122 2196 3175 viam
2251 3123 2577 3171 cunctorum
2634 3109 2766 3172 ibis,
2816 3115 3144 3175 soporatura
3202 3118 3312 3173 qua
3373 3102 3632 3173 apostoli,

351 3197 418 3266 ἣν
450 3195 742 3249 ἀπόστολοι
773 3196 868 3248 καὶ
905 3197 1182 3266 προφῆται
1210 3197 1306 3248 καὶ
1345 3196 1625 3265 μάρτυρες
1671 3194 1939 3258 ὥδευσαν,
1968 3218 2013 3281 C

1968 3218 2013 3281 (Γ,
2048 3210 2325 3284 propheta:
2394 3220 2460 3259 ac
2507 3210 2772 3272 martyres
2803 3199 3080 3261 abierunt,
3124 3204 3178 3250 et
3226 3194 3484 3250 Christus
3522 3193 3638 3264 ipse

353 3291 448 3340 καί
484 3287 721 3357 Χριστὸς
774 3288 938 3350 αὺτδς
962 3290 992 3340 ὁ
1021 3290 1123 3356 τῆς
1174 3286 1321 3356 ζωῆς
1360 3287 1605 3356 ἀρχηγὸς
1648 3290 1944 3357 γενόμενος

352 3381 642 3451 ἅνθρωπος
662 3397 679 3413 ο
713 3383 762 3433 εἰ
790 3383 886 3433 καὶ
943 3382 1186 3449 τριταῖος
1246 3379 1489 3441 ἀναστὰς
1520 3383 1648 3441 τοὺς
1675 3379 1776 3448 τῆς
1816 3379 1946 3431 ἀνα-

356 3474 603 3535 στάσεως
658 3474 791 3543 ὴμῖν
846 3472 1174 3543 ἀρραϐῶνας
1238 3471 1566 3543 παρέσχετο.
1612 3470 1940 3541 Ἑγερθεῖσα

356 3568 490 3634 γοῦν
528 3566 708 3630 ἄπιθι,
772 3567 869 3621 καὶ
922 3566 1025 3635 τὴν
1074 3564 1262 3619 ἑστίαν
1323 3563 1602 3618 κατάλαϐε
1664 3564 1945 3634 πρὶνῆσε

354 3659 537 3729 ψυχῆς
565 3659 632 3712 ὲκ
664 3658 764 3711 τοῦ
822 3656 1077 3729 σώματος
1130 3655 1430 3711 καταλάϐοι
1479 3654 1776 3720 διάζευξις.
1842 3655 1950 3706 Καὶ

355 3752 532 3807 ταῦτα
574 3752 674 3821 μὲν
724 3753 1022 3820 φήσαντες,
1079 3749 1322 3820 ἀπῆλθον
1375 3751 1425 3803 οἱ
1477 3749 1662 3816 ἅγιοιο
1713 3748 1852 3817 αὑτὴ
1892 3746 1950 3799 δὲ

359 3846 576 3917 πρωῖας
605 3846 686 3908 εἰς
714 3843 871 3897 πόλιν
903 3841 1151 3911 ἀφίκετο,
1179 3843 1273 3895 καὶ
1328 3840 1669 3912 θαυμάζοντι
1696 3839 1773 3910 τῷ
1799 3839 1953 3910 ἀνδρὶ

359 3938 463 4006 τῆς
510 3936 772 3991 ἐπανόδου
801 3935 864 3988 τὸ
891 3935 1168 3999 σύντονον,
1197 3932 1296 4005 τὴν
1323 3932 1433 3987 τῶν
1487 3932 1785 4002 μαρτύρων
1814 3946 1952 4001 προ-

361 4029 597 4099 φητείαν
624 4026 990 4096 ἀπήγγελλεν
1016 4025 1111 4079 καὶ
1145 4024 1265 4096 μετ’
1291 4025 1353 4077 ού
1378 4022 1583 4086 πολλὰς
1612 4022 1713 4087 τὰς
1731 4022 1951 4092 ἡμέρας

360 4120 553 4182 δεινῶς
589 4118 986 4191 ἑπιδρύσαντος
1022 4117 1119 4170 τοῦ
1164 4117 1496 4187 νοσήματος,
1552 4113 1691 4184 πρὸς
1748 4114 1956 4181 Κύριον

363 4211 723 4281 ὲξεδήμησεν,
756 4209 833 4272 ὡς
861 4208 1012 4278 παρά
1038 4208 1151 4260 τῶν
1175 4206 1349 4275 ἁγίων
1381 4206 1635 4260 ἐπύθετο.
1680 4205 1871 4274 Ἡμεῖς
1896 4203 1955 4257 δὲ

363 4303 649 4363 κάνταῦθα
671 4304 767 4356 ἐπὶ
801 4306 869 4374 τῇ
900 4303 1206 4374 προρρήσει
1234 4304 1336 4370 τῆς
1373 4300 1643 4371 Ῥοδόπης
1663 4297 1948 4366 τελευτῆς,

364 4398 495 4460 τοὺς
521 4395 887 4466 προειπόντας
915 4393 1318 4463 θαυμάσαντες,
1359 4392 1456 4444 καὶ
1486 4389 1588 4460 τὴν
1622 4389 1757 4457 περὶ
1785 4388 1957 4458 αὐτῆς

364 4488 621 4559 διήγησιν
654 4484 1134 4551 καταπαύσαντες,
1183 4483 1273 4536 ἐπ’
1304 4482 1465 4536 ἄλλου
1497 4481 1777 4552 θαύματος
1807 4482 1957 4549 ἀγω-

367 4580 472 4648 γὴν
494 4578 625 4648 ὲκδη
635 4578 921 4647 μήσωμεν.

366 4668 485 4726 El“.
520 4671 659 4737 Περὶ
705 4667 1007 4721 Ἐλπιδίου
1036 4665 1143 4737 τοῦ
1174 4666 1242 4737 ἐκ
1274 4663 1644 4734 περιεργειας
1671 4663 1962 4734 δοκουμέ-

869 4754 981 4791 νου
1010 4736 1080 4789 τὸ
1113 4735 1461 4803 πρόσωπον.

441 4833 668 4906 Παρίτω
697 4829 836 4901 μετὰ
873 4826 1439 4898 ῬοδόπηςἙλπίδιος,
1469 4824 1567 4879 καὶ
1602 4825 1729 4887 τοὺς
1749 4825 1959 4894 ἀκροα-

369 4925 473 4989 τὰς
500 4921 734 4976 ὲστιάτω
782 4918 864 4988 τῷ
895 4916 1017 4970 κατ’
1047 4914 1212 4969 αὑτὸν
1242 4913 1407 4977 εὐθὺς
1432 4914 1732 4984 διηγήματι
1763 4928 1779 4943 °
1814 4914 1964 4966 ἐστιν

373 5018 488 5086 γάρ
515 5012 678 5067 τοῦτο
703 5010 827 5062 λίαν
876 5008 1060 5062 ἱκανὸν
1112 5006 1251 5077 πρὸς
1299 5004 1563 5071 ἑστίασιν,
1617 5006 1711 5057 καὶ
1742 5005 1965 5075 τρέφειν

374 5109 514 5167 εἰδδς
560 5102 802 5164 εὐσεϐῶς
824 5102 947 5162 τοὺς
982 5099 1307 5160 ἀκούοντας.
1328 5092 1496 5159 Οὗτος
1528 5097 1757 5167 ἐχθροὺς
1791 5095 1954 5165 ἔχων,

373 5201 452 5263 ὡς
481 5197 683 5261 ἔοικεν,
718 5193 808 5246 ἀεὶ
847 5191 1172 5261 μοχθηρίαις
1208 5189 1571 5259 συζήσαντας,
1604 5188 1698 5240 καὶ
1721 5186 1965 5256 παρανό-

377 5308 498 5363 μων
530 5287 710 5359 ἔργων
738 5284 978 5354 ἐργάτας
1024 5282 1396 5351 τυγχάνοντας
1417 5320 1432 5345 ,
1464 5278 1790 5349 περιεργείᾳ
1829 5277 1966 5349 πρὸς

373 5382 560 5439 αὐτῶν
589 5377 974 5435 ὑποϐάλλεται.
992 5374 1054 5429 οὐ
1088 5373 1430 5444 μαγγανείαν
1450 5371 1693 5434 ὑποστάς
1714 5371 1803 5423 διὰ
1831 5368 1969 5441 βρώ-

376 5488 539 5535 σεως,
573 5470 608 5539 ἢ
637 5466 965 5538 δηλητήριον
991 5461 1174 5517 λαϐὼν
1197 5463 1286 5515 δια
1306 5462 1543 5526 πόσεως,
1568 5460 1705 5515 ἀλλὰ
1733 5460 1967 5528 πληγεὶς

375 5564 617 5636 ἀφειδῶς
655 5560 744 5614 διὰ
792 5557 1068 5627 δαίμονος,
1128 5556 1226 5609 καὶ
1279 5552 1527 5623 μυσαροῦ
1594 5553 1692 5605 καὶ
1738 5552 1971 5620 μέγιστα

379 5660 712 5733 βλάπτοντος
742 5654 1054 5722 πνεύματος
1079 5669 1091 5682 ·
1124 5653 1213 5705 ἀεὶ
1250 5650 1363 5720 γὰρ
1393 5647 1558 5702 αὑτοῦ
1592 5649 1704 5701 πᾶν
1736 5648 1970 5701 ἐδονεῖτο

377 5750 441 5803 τὸ
477 5748 770 5818 πρόσωπον
793 5761 808 5775 ·
846 5742 968 5797 καθ’
991 5738 1053 5797 οὗ
1081 5741 1176 5795 καὶ
1197 5741 1298 5811 τὴν
1332 5739 1545 5809 πληγὴν
1573 5738 1784 5808 ὑπῆρξε
1813 5736 1973 5803 δεξά-

385 5855 551 5912 μενος
586 5854 602 5870 ο
635 5837 776 5907 ὅπερ
806 5834 1077 5898 ἀκουσίως
1115 5833 1212 5888 καὶ
1241 5832 1432 5904 βιαίως
1466 5829 1747 5903 σειόμενον
1771 5829 1970 5901 ἐαυτῷ,

1983 4560 2038 4621 Ι)

2047 3314 2240 3359 auctor
2275 3300 2400 3355 vita:
2462 3293 2644 3349 factus
2701 3294 2886 3355 homo,
2936 3287 3191 3359 quamvis
3239 3286 3509 3341 tertianus
3553 3298 3642 3338 re-

2047 3408 2279 3463 surgens
2347 3384 2775 3445 resurrectionis
2845 3381 3006 3435 uobis
3044 3381 3238 3434 arrhas
3302 3375 3639 3448 praestiterit.

2049 3484 2226 3552 Surge
2264 3482 2468 3549 itaque,
2502 3476 2660 3536 vade,
2695 3482 2749 3528 et
2798 3472 2864 3526 ad
2918 3470 3142 3524 domum
3194 3468 3471 3539 propriam
3518 3482 3644 3536 pro-

2049 3577 2321 3639 lit-iseere,
2356 3581 2647 3637 antequam
2681 3573 2733 3619 te
2766 3563 2964 3619 animae
3004 3577 3033 3616 a
3072 3576 3306 3631 corpore
3338 3558 3642 3629 disiunctio

2050 3668 2252 3736 capiat.
2300 3664 2364 3718 Et
2388 3663 2473 3717 his
2524 3659 2747 3732 quidem
2797 3656 2981 3720 dictis,
3011 3654 3189 3710 sancti
3215 3649 3644 3720 abierunt.lpsa

2052 3773 2181 3813 vero
2213 3771 2376 3811 mane
2423 3752 2491 3807 ad
2538 3750 2813 3805 civitatem
2850 3748 3096 3818 profecta
3142 3756 3247 3810 est,
3283 3753 3337 3799 et
3380 3745 3501 3799 viro
3543 3742 3644 3797 mi-

2053 3847 2194 3905 ranti
2231 3844 2570 3902 reversionis
2603 3839 3013 3910 compendium,
3048 3836 3391 3905 prophetiam
3431 3840 3642 3903 marty-

2054 3955 2178 3996 rum
2214 3936 2489 3992 recitavit.
2542 3932 2606 3985 Et
2640 3947 2748 3985 non
2781 3937 2905 3998 post
2947 3928 3152 3982 multos
3199 3926 3318 3981 dies
3359 3925 3479 3980 dire
3521 3939 3647 3994 gra-

2056 4035 2309 4084 vescente
2339 4025 2624 4093 languore,
2659 4020 2727 4076 ad
2758 4018 2927 4071 Deum
2959 4017 3202 4086 profecta
3234 4019 3339 4080 est,
3370 4022 3429 4068 ut
3457 4030 3485 4067 a
3518 4026 3648 4067 sau-

2054 4122 2161 4177 ctis
2186 4118 2475 4175 didicerat.
2508 4112 2617 4168 Nos
2645 4120 2827 4165 autem
2860 4109 3029 4164 etiam
3063 4107 3151 4161 hic
3189 4120 3355 4176 super
3384 4103 3647 4158 vaticinia

2056 4209 2254 4265 mortis
2295 4205 2611 4271 Rhodopes,
2644 4202 2767 4254 illos
2805 4199 2900 4268 qui
2947 4197 3311 4268 praedixerant
3361 4193 3646 4247 admiran-

2055 4311 2162 4366 tes,
2193 4307 2250 4355 et
2280 4296 2653 4352 narrationem
2683 4293 2751 4346 de
2781 4292 2898 4361 ipsa
2931 4290 3275 4353 deserentes,
3306 4287 3375 4341 ad
3419 4284 3650 4339 alterius

2058 4391 2463 4449 institutionem
2493 4385 2746 4442 miraculi
2781 4381 3037 4453 proceda'
3062 4394 3169 4434 ms.

2061 4666 2248 4726 LXIII.
2284 4667 2362 4725 De
2401 4663 2648 4735 Helpidio
2689 4677 2756 4717 ea:
2806 4660 3073 4730 maleﬁcio
3118 4659 3309 4728 [aciem
3355 4660 3647 4729 quatiente.

2133 4836 2342 4891 Praesto
2377 4832 2450 4889 sit
2495 4835 2620 4900 post
2655 4826 2957 4896 Rhodopen
2998 4822 3307 4893 Helpidius,
3340 4828 3396 4876 et
3427 4836 3551 4875 mox
3582 4820 3651 4875 de

2065 4945 2125 4985 se
2157 4930 2301 4982 facta
2341 4925 2612 4980 relatione
2649 4919 2851 4975 reﬁciat
2898 4917 3215 4980 auditores;
3250 4922 3336 4969 est
3364 4915 3509 4968 enim
3547 4913 3651 4966 hoc

2066 5020 2203 5077 satis
2226 5018 2484 5073 idoneum
2513 5013 2581 5067 ad
2607 5009 3005 5082 epulationem,
3031 5022 3095 5061 ac
3118 5007 3203 5074 pie
3228 5005 3439 5059 nutrire
3467 5003 3652 5057 sciens

2068 5110 2373 5167 audientes.
2405 5105 2508 5160 llic
2546 5105 2807 5157 nimirum
2844 5099 3098 5154 inimicos
3137 5096 3366 5158 habens,
3398 5094 3493 5163 qui
3522 5106 3648 5146 cum

2068 5216 2287 5273 semper
2327 5197 2580 5266 nequiter
2629 5197 2899 5256 viverent,
2947 5200 3001 5246 et
3045 5189 3361 5259 iniquorum
3416 5201 3646 5255 operum

2067 5291 2299 5363 operarii
2339 5296 2549 5351 essent,
2584 5284 2854 5341 maleﬁcio
2895 5283 2963 5337 ab
3009 5282 3090 5335 eis
3137 5276 3500 5342 submittitur,
3536 5291 3646 5331 non

2074 5385 2401 5441 maleﬁcium
2438 5397 2534 5452 per
2558 5393 2743 5436 escam
2775 5388 3094 5447 perpessus,
3126 5379 3222 5427 aut
3252 5384 3523 5426 venenum
3558 5383 3654 5425 su-

2072 5490 2228 5530 mens
2257 5474 2311 5527 in
2350 5478 2504 5542 potu,
2543 5468 2639 5523 sed
2679 5464 2853 5536 plagis
2889 5477 3001 5517 non
3045 5460 3403 5531 parcentibus
3432 5456 3654 5512 saucia-

2074 5575 2183 5625 tus,
2224 5578 2321 5631 per
2366 5561 2668 5616 daemonem
2699 5565 2900 5609 tetrum
2935 5568 2999 5606 ac
3038 5552 3319 5606 laedentem
3352 5547 3650 5618 plurimum

2073 5655 2360 5725 spiritum;
2416 5666 2633 5720 semper
2669 5650 2815 5703 ettim
2851 5654 2963 5702 tota
3006 5646 3172 5700 facies
3218 5642 3560 5705 movebatur,
3596 5640 3650 5691 in

2073 5759 2178 5814 qua
2227 5744 2442 5813 plagam
2492 5747 2839 5807 susceperat,
2875 5750 3000 5806 quae
3048 5749 3155 5788 non
3208 5739 3425 5796 sponte,
3457 5732 3550 5787 sed
3602 5729 3649 5781 vi

2075 5833 2301 5904 agitata,
2336 5839 2509 5888 totum
2542 5844 2733 5887 secum
2771 5823 3151 5882 commovebat
3185 5829 3351 5895 caput
3392 5820 3553 5877 simul
3595 5828 3648 5874 et
