4280 6442
342 352 482 418 3645

1362 359 1464 420 SS.
1493 358 1666 420 CYRI
1707 359 1803 421 ET
1841 356 2162 420 JOANNIS
2195 359 2619 422 MIRACULA-

3469 355 3606 420 3646

344 465 688 530 ἀναδείξασιν
727 464 998 535 ἀγνώμων
1025 467 1264 538 κρίνοιτο
1301 469 1392 522 καὶ
1417 472 1732 542 ἀχάριστος,
1767 473 1925 542 σιγᾷν
1952 469 2002 528 Α
2029 481 2034 522 1

1918 469 2002 528 Ἀ
2029 480 2144 526 tero
2195 473 2424 536 nolens;
2458 488 2524 525 ne
2568 471 2653 526 lus
2686 473 2776 541 qui
2827 471 3172 540 eloquentem
3232 468 3379 522 hunc
3424 480 3608 524 osten-

344 557 528 611 αὐτῶν
560 558 660 619 τὰς
690 559 898 628 δωρεὰς
935 561 1328 629 ἀνασχόμενος.

415 739 597 803 Φοίνιξ
647 739 892 808 ὑπῆρχεν
918 741 947 791 ὁ
992 739 1185 802 ἄλαλος
1206 781 1220 804 ,
1254 741 1347 794 καὶ
1376 742 1552 811 Τύρου
1583 743 1682 812 τῆς
1722 743 1931 804 πόλεως

345 832 594 900 ὥρμητο.
631 831 868 899 ἐλέγχων
905 831 1044 901 τάχα
1073 833 1248 904 ταύτῃ
1277 836 1404 896 τοὺς
1432 833 1723 903 Ἕλληνας,
1748 833 1844 886 καὶ
1866 834 1931 886 τά

343 921 513 991 ψευδῆ
535 921 740 972 τούτων
765 921 854 972 καὶ
889 921 1108 990 γραώδη
1149 923 1618 990 μυθάρια.Ἕνθεν
1645 923 1754 992 γάρ
1786 918 1930 975 οὗτοι

344 1013 435 1064 τὸν
462 1012 680 1078 Κάδμον
706 1012 1026 1080 μυθεύονται
1052 1014 1268 1082 πρῶτον
1311 1017 1654 1084 γραμμάτων
1679 1015 1932 1081 γενέσθαι

347 1105 669 1172 γεννήτειρα,
704 1105 796 1156 καὶ
826 1103 1274 1167 τοί-τοιςΈλλάδα
1299 1107 1507 1172 ξενίααι
1539 1108 1638 1178 τὴν
1669 1112 1930 1178 ἄμουσον,

349 1198 440 1264 ἀφ’
493 1190 554 1247 οὗ
603 1197 698 1248 νῦν
763 1197 1070 1266 βλαστήσεις
1132 1201 1158 1252 ὁ
1205 1199 1436 1263 ἆλαλοςο
1497 1201 1670 1270 “im;
1717 1202 1934 1271 ἔλεγχθς

350 1285 506 1354 iii-1:01;
556 1286 649 1338 τοῦ
715 1288 1029 1357 πλάσματος
1077 1306 1088 1318 ·
1135 1290 1194 1342 ὃν
1243 1291 1502 1362 Ἕλληνες
1547 1292 1759 1365 ἀμαθίᾳ
1806 1312 1937 1347 κατ-

353 1378 660 1446 έκρυπτον,
727 1380 994 1449 πρεσϐεῖα
1057 1381 1300 1445 Μωσέως
1353 1382 1414 1434 οὐ
1481 1382 1790 1452 βλέποντες,
1843 1385 1936 1438 καὶ

353 1469 578 1539 Κάδμου
607 1472 832 1540 χρόνους
857 1472 1136 1536 παντελῶς
1163 1474 1220 1525 οὐ
1255 1473 1637 1542 γινώσκοντες,
1666 1475 1760 1538 οὓς
1801 1477 1937 1545 πρῦς

354 1561 576 1630 ἔλεγχον
640 1564 1040 1632 παρατίθεσθαι
1115 1566 1370 1634 μείζονα,
1440 1567 1530 1618 καὶ
1595 1567 1938 1634 σαφεστέραν

355 1654 532 1704 ποιεῖν
573 1653 670 1723 τὴν
710 1654 918 1724 πλάνην
952 1657 1061 1718 τοῖς
1085 1655 1351 1719 θέλουσιν,
1393 1657 1421 1707 ὁ
1460 1657 1660 1718 σκοπὸς
1690 1657 1718 1708 ὁ
1749 1655 1937 1724 παρὼν

355 1745 456 1798 οὐκ
486 1745 678 1816 ἀφίησι
704 1786 720 1811 ,
751 1747 887 1816 πρὸς
933 1748 1124 1800 ἐαυτδν
1157 1748 1541 1816 ἐφελκόμενος,
1577 1751 1668 1801 καὶ
1699 1750 1936 1818 πληροῦν

357 1839 520 1891 αὑτὸν
550 1841 876 1908 ἀναγκάζων
902 1842 993 1894 τὸν
1023 1843 1289 1911 κάλαμον.
1324 1843 1522 1911 Τύριος
1548 1838 1633 1912 ἦν,
1670 1845 1744 1906 ὠς
1778 1845 1937 1913 {€ch,

357 1931 386 1983 ὁ
421 1929 637 1994 ἄλαλος,
682 1937 777 1984 καὶ
813 1933 1074 1999 σύγγονον
1121 1934 1245 2003 ἔσχε
1295 1935 1352 1986 τὶ)
1384 1935 1617 2004 νόσημα,
1667 1936 1727 1987 οὔ
1763 1937 1941 2004 χρόνῳ

357 2021 462 2074 τινὶ
496 2023 710 2092 συμϐάν
735 2025 829 2076 ἀπ’
853 2025 1010 2078 ἄλλου
1047 2027 1368 2094 νοσήματος,
1408 2027 1521 2078 ἀλλ’
1553 2027 1611 2091 ἐξ
1641 2029 1810 2096 αὐτῆς
1841 2028 1942 2081 αὑ-

357 2113 435 2180 τῷ
463 2115 750 2183 συντεχθὲν
781 2117 878 2186 τῆς
902 2119 1149 2184 κυήσεως
1176 2135 1188 2146 ·
1215 2119 1308 2169 καὶ
1332 2118 1488 2171 τοῦτο
1522 2120 1700 2189 λαχὼν
1735 2121 1795 2172 τὸ
1833 2122 1940 2174 πά-

361 2205 450 2265 θος
501 2207 564 2258 ὲκ
609 2207 824 2272 φύσεως
853 2249 866 2270 ,
905 2209 965 2258 οὑ
1017 2207 1274 2276 γλυκεῖαν
1323 2210 1534 2278 ἀφῆκεν
1579 2211 1764 2276 φωνὴν
1809 2213 1942 2282 προς

361 2299 487 2358 τοὺς
517 2297 814 2365 φύσαντας,
853 2301 912 2350 οὐ
959 2302 1172 2370 μητέρα
1209 2302 1335 2353 ποτε
1374 2302 1678 2370 τρανλίζων
1711 2305 1942 2374 ἠγόρευ-

364 2407 474 2452 σεν,
500 2392 560 2442 οὐ
589 2391 800 2461 πατέρα
834 2392 1100 2459 ψελλξζων
1131 2394 1390 2446 ἐκάλεσεν
1423 2413 1434 2424 ο
1461 2389 1542 2458 οἷς
1573 2397 1658 2448 ἀεὶ
1685 2398 1792 2448 τῶν
1816 2398 1944 2450 παί-

360 2481 467 2532 δων
516 2485 562 2534 οἰ
603 2489 776 2549 γονεῖς
823 2485 1299 2553 ἐπευᾩραξνονται,
1351 2487 1453 2539 κᾶν
1519 2483 1826 2560 ἄναρθραῇ
1877 2489 1944 2542 τά

360 2573 737 2642 τραυλίοματα
769 2578 859 2628 καὶ
885 2576 1224 2644 ψελλισματα
1254 2594 1266 2606 ·
1315 2578 1388 2638 ὡς
1426 2577 1697 2647 Ἀθηναῖοι
1729 2580 1790 2632 τὸ
1817 2581 1946 2651 πρὶν

362 2663 450 2715 ἐπ’
502 2665 730 2738 Αἰσχίνῃ
763 2670 856 2719 καὶ
907 2668 1242 2736 Δημοσθένει
1278 2671 1390 2729 τοῖς
1431 2671 1657 2740 ῥήτορσι
1695 2671 1790 2724 καὶ
1833 2673 1946 2734 τοῖς

361 2754 566 2807 τούτων
596 2757 921 2823 εὑγλώττοις
956 2757 1352 2829 στομύλμασιν.

449 2933 609 3002 Ἀνὴρ
653 2934 744 2986 οὖν
778 2936 1037 3002 γεγονὼς,
1082 2938 1179 3006 τὴν
1223 2937 1467 3006 γλῶτταν
1511 2936 1654 3008 εἶχεν
1693 2941 1945 3010 ἀκίνητον

363 3025 458 3076 καὶ
483 3028 592 3086 τοῖς
615 3025 820 3087 λοιποῖς
857 3029 916 3079 οὗ
954 3030 1351 3098 συντρέχουσαν
1393 3032 1609 3100 μέλεσιν
1635 3049 1647 3062 ⁸
1678 3034 1772 3086 καὶ
1804 3036 1944 3103 τάχα

364 3118 434 3170 ἂν
463 3118 559 3187 τῆς
585 3119 866 3189 παρούῇς
893 3120 1038 3188 ζωῆς
1061 3121 1201 3173 οὓτω
1223 3121 1577 3192 ἐξεδήμηςεν,
1608 3126 1656 3177 εἰ
1685 3125 1759 3196 μὴ
1793 3126 1946 3194 φιλό-

363 3209 576 3276 γριπτοί
608 3226 754 3272 τινες
793 3212 885 3262 καὶ
922 3210 1291 3282 φιλάνθρωποι
1335 3214 1518 3283 Κύρου
1549 3219 1644 3268 καὶ
1703 3217 1946 3270 Ἰωάννου

365 3300 464 3367 τὴν
497 3303 658 3370 χάριν
693 3301 1115 3370 γιγνώσκοντες,
1162 3306 1255 3357 καὶ
1299 3306 1369 3358 τά
1405 3306 1472 3358 δι’
1503 3307 1681 3359 αὐτῶν
1716 3311 1826 3371 τοῖς
1857 3326 1948 3362 πι-

368 3394 513 3453 στοῖς
541 3394 893 3462 παρεχόμενα
937 3395 1189 3463 θαύματα
1226 3397 1300 3458 ὼς
1341 3398 1524 3450 πιστοὶ
1553 3399 1950 3470 συμπαθήσαν-

366 3500 479 3545 τες,
511 3484 701 3536 τοῦτον
735 3485 870 3554 πρὸς
903 3486 1027 3550 τοὺς
1062 3488 1570 3558 μάρτυραςῆγαγον
1601 3506 1614 3518 '
1641 3491 1770 3544 ἔνθα
1799 3493 1951 3560 γενόο

371 3593 534 3644 μενος
559 3619 576 3646 ,
620 3578 714 3629 καὶ
756 3577 852 3646 τὴν
900 3579 1079 3630 πίστιν
1115 3579 1220 3631 τῶν
1258 3581 1576 3648 ἀγαγόντων
1617 3581 1756 3652 ἔχων
1815 3601 1950 3655 πρε-

369 3666 691 3732 σϐεύουσαν,
729 3670 820 3720 καὶ
860 3662 1040 3721 οἶκτον
1065 3669 1157 3721 τὸν
1208 3670 1397 3722 ἑαυτοῦ
1439 3672 1574 3741 πρὸς
1610 3668 1788 3727 οἶκτον
1826 3676 1951 3740 τοὺς

370 3757 556 3823 ἁγίους
587 3759 896 3828 ἐγείραντα.
931 3759 1086 3822 λάλος
1113 3759 1356 3830 γλώττης
1385 3763 1665 3832 ἐπέτυχεν,
1689 3766 1750 3817 οὐ
1777 3767 1952 3832 γλῶτο

368 3867 470 3901 ταν
529 3851 695 3921 ἄλλην
752 3852 1114 3921 κτησάμενος,
1169 3853 1283 3904 ἀλλ’
1324 3849 1390 3924 ἧς
1434 3849 1577 3925 εἶχεν
1626 3857 1716 3908 τὸν
1757 3858 1955 3928 δεσμὸν

371 3940 728 4011 ἀποθέμενος.
795 3943 1022 4006 Πάντως
1075 3943 1131 3997 δὲ
1176 3945 1235 3996 τὸ
1270 3946 1560 4017 φάρμακον
1602 3947 1779 4015 λέγειν
1827 3951 1956 4004 ἀκό-

369 4030 582 4096 λουθον,
612 4033 680 4084 δι’
702 4027 761 4086 οὗ
789 4033 850 4086 τὸ
871 4038 968 4102 τῆς
988 4035 1232 4105 γλώττης
1259 4035 1427 4098 πάθος
1452 4037 1736 4107 ἐξέφυγεν.
1770 4041 1955 4112 ’Ὑδωρ

370 4123 522 4190 αὐτῷ
552 4124 726 4176 πίνειν
755 4125 1067 4179 καθεύδοντι
1101 4129 1149 4178 οι
1181 4128 1327 4196 ἅγιοι
1354 4131 1610 4196 φανέντες
1638 4133 1951 4186 ἐκέλευε-αν

372 4214 435 4266 οὑ
467 4215 646 4282 λόγοις
687 4216 845 4268 τοῦτο
880 4217 1228 4282 θεσπίζοντες
1261 4221 1342 4288 (οὐ
1388 4221 1495 4292 γάρ
1535 4224 1774 4294 ἤκουεν),
1815 4225 1951 4278 ἀλλὰ

371 4303 630 4371 νεύμασι,
680 4305 899 4358 καὶτοῦ
944 4306 1186 4376 νάματος
1231 4308 1448 4372 δείξεσι.
1498 4311 1556 4364 '0
1583 4312 1638 4366 δὲ
1667 4314 1956 4384 γενόμενος

371 4393 624 4458 ἔξυπνος,
661 4396 721 4447 τὸ
743 4398 890 4465 νάμα
925 4397 1110 4467 φέρειν
1149 4397 1392 4452 ὲνένευεν
1429 4418 1442 4432 ·
1473 4403 1814 4474 ἐμεμαθήκει
1849 4407 1954 4477 γὰρ

371 4483 462 4537 διὰ
496 4485 785 4553 νεύματος,
831 4488 860 4540 ὂ
883 4489 927 4540 δ’
959 4489 1023 4541 ἂν
1073 4490 1169 4542 ἴδοι
1206 4492 1566 4561 κοιμώμενος,
1596 4493 1753 4548 τοῦτο
1783 4499 1956 4551 ποιεῖν

372 4577 735 4644 ἀνιστάμενος
769 4593 782 4606 ⁶
819 4579 912 4630 καὶ
940 4579 1182 4642 δοθέντος
1214 4581 1361 4652 αὑτῷ
1390 4583 1582 4637 θᾶττον
1615 4585 1709 4638 τοῦ
1744 4585 1954 4652 ὓδατος,

373 4671 668 4740 δεξάμενος
710 4673 887 4725 ἔπιεν.
920 4673 1030 4725 Καὶ
1081 4672 1220 4726 πιὼν
1259 4674 1459 4738 εὐθέως
1515 4675 1778 4743 ἐλάλησεν
1816 4697 1829 4710 ε
1865 4680 1960 4732 καὶ

373 4761 678 4814 λαλούντων
731 4759 1037 4830 ἀνθρώπων
1075 4764 1381 4832 ἐπήκουσεν
1419 4781 1434 4795 ⁸

373 4851 690 4920 ἀπήγγελλε
754 4851 1071 4922 θέσπισμα,
1143 4853 1236 4904 τὸν
1302 4854 1513 4922 ὄνειρον
1589 4855 1768 4922 λόγοις
1825 4873 1960 4927 τρακ

374 4944 493 4995 νέσι
533 4940 891 5012 διηγούμενος
934 4942 1026 4994 καὶ
1067 4941 1176 4994 τῶν
1214 4943 1489 5012 ὀφθέντων
1543 4945 1818 5016 γεραίρων
1861 4948 1960 5019 τὴν

375 5034 634 5104 δάναμιν.

448 5134 638 5197 Οὕτως
683 5136 710 5187 ὁ
745 5135 928 5202 κωφὸς
974 5133 1308 5203 ἠκροάσατο,
1355 5129 1449 5182 καὶ
1484 5128 1644 5198 λόγον
1690 5129 1718 5181 ὁ
1767 5130 1962 5194 ἄλαλος

375 5227 780 5295 ἀπεφθέγξατο,
799 5227 858 5279 οὐ
890 5227 988 5295 τῆς
1006 5223 1317 5284 Κασταλίας
1345 5222 1678 5289 γευσάμενος
1701 5221 1961 5291 νάματος,

377 5320 477 5388 οὐχ
503 5319 646 5388 ὕδωρ
675 5318 813 5370 πιὼν
836 5319 944 5370 ἀπὸ
965 5317 1167 5384 Στυγὸς
1199 5314 1590 5383 κατειϐόμενον
1611 5355 1626 5380 ,
1657 5315 1717 5366 οὐ
1750 5315 1964 5384 ῥεῖθρον

378 5409 732 5462 Καυκάσειον
760 5409 1122 5477 ἀρυσάμενος,
1169 5404 1454 5476 εὐφημοῦν
1481 5405 1684 5476 ἀρετὴν
1718 5405 1965 5474 Πυθαγό-

380 5518 550 5572 ρειον,
574 5503 649 5564 ώς
687 5501 951 5572 Ἑλλήνων
979 5503 1025 5553 οἱ
1057 5499 1214 5568 μῦθοι
1239 5499 1610 5564 θεσπίζουσιν,
1631 5501 1725 5552 καὶ
1749 5500 1857 5555 τῶν
1875 5519 1966 5570 γε·

377 5592 667 5660 γραφὸτων
703 5591 899 5662 ἡπρὺς
945 5589 1203 5662 ἀλήθειαν
1230 5589 1404 5642 ἔνδεια
1440 5605 1454 5618 ο
1503 5588 1617 5644 ἀλλ’
1655 5590 1966 5660 εὐτυχήσας

393 5683 643 5737 Ἰωάννου
705 5684 798 5736 καὶ
854 5682 1039 5752 Κύρου
1101 5679 1199 5750 τὴν
1248 5681 1498 5733 κέλευσιν
1544 5680 1966 5751 ἀναπληροῦσαν

381 5773 534 5844 αὐτῷ
573 5774 716 5847 ἅπερ
748 5778 780 5848 ἡ
817 5774 980 5844 φύσις
1017 5773 1366 5844 δημιουργεῖν
1397 5773 1580 5837 αὐτοῖς
1635 5771 1962 5844 παρεχώρη,

1499 4766 1593 4818 καὶ
1636 4767 1746 4820 τῶν
1789 4769 1965 4835 ἁγίων

2033 565 2251 626 derunt,
2285 564 2464 618 minus
2502 563 2732 616 devotus
2761 576 2884 615 esse
2917 562 3263 630 judicaretur
3308 559 3516 628 pariter
3556 570 3609 614 et

2035 655 2308 723 ingratus,
2344 655 2474 708 dum
2507 654 2650 708 dona
2683 668 2873 708 eorum
2927 663 3108 706 tacere
3149 649 3448 721 pateretur.

2103 744 2331 798 thnix
2373 757 2490 799 erat
2522 755 2725 806 mutus,
2762 751 2818 797 et
2851 741 2978 812 Tyri
3033 743 3272 798 civitatis
3318 741 3608 803 oriundus,

2035 835 2372 905 redarguens
2402 835 2540 889 forte
2576 835 2663 890 hic
2692 835 2936 895 Gnecos,
2983 839 3036 886 et
3096 832 3262 887 falsas
3309 833 3504 887 horum
3557 843 3611 885 ct

2035 930 2210 983 aniles
2237 928 2482 982 fabellas.
2513 926 2648 981 llinc
2695 929 2840 982 enim
2877 927 2911 981 ii
2953 925 3196 979 Cadmon
3226 924 3465 978 fatentur
3496 925 3609 995 pri-

2035 1037 2182 1074 mum
2213 1021 2516 1074 litterarum
2555 1019 2724 1074 fuisse
2753 1019 3104 1089 magistrum,
3135 1026 3189 1071 et
3224 1016 3310 1071 bis
3345 1016 3610 1070 Grteeiam

2037 1123 2378 1166 umneratum
2417 1111 2695 1166 indoctam
2732 1110 2874 1183 [cod.
2920 1107 3220 1181 miratam].
3251 1110 3295 1161 Λ
3326 1123 3435 1178 quo
3469 1123 3612 1162 mmc

2038 1203 2354 1271 germinans
2393 1216 2598 1269 mutus,
2641 1202 2965 1258 manifestus
3024 1202 3262 1255 fictionis
3298 1200 3459 1254 index
3513 1213 3612 1268 ap-

2040 1296 2239 1366 paruit,
2281 1312 2460 1365 ‘quem
2513 1295 2687 1350 Grzcci
2751 1293 3263 1364 indiscipliuatione
3308 1289 3613 1345 absconde-

2038 1388 2190 1452 bant,
2249 1388 2546 1456 primatum
2606 1385 2776 1457 Moysi
2833 1399 2942 1439 non
3007 1382 3273 1446 videntes,
3331 1392 3384 1434 ct
3426 1380 3613 1433 Cadmi

2041 1487 2282 1548 [Cllipﬂr-l
2319 1478 2498 1531 modis
2539 1477 2796 1531 onmibus
2837 1474 3189 1539 nescientes;
3238 1488 3377 1542 quos
3419 1471 3486 1524 ad
3529 1484 3616 1522 re-

2038 1571 2418 1640 dargutionem
2479 1571 2739 1638 majorem
2795 1567 3221 1630 commendare,
3274 1564 3616 1618 manifestio-

2040 1676 2264 1728 remque
2312 1661 2396 1715 his
2446 1662 2540 1730 qui
2597 1661 2789 1714 volunt
2840 1673 3083 1713 errorem
3134 1657 3332 1721 facere,
3387 1656 3616 1709 intentio

2043 1767 2283 1819 praesens
2314 1767 2422 1805 non
2460 1751 2616 1812 sinit,
2644 1749 2708 1804 ad
2737 1766 2795 1805 se
2837 1765 2938 1804 nos
2967 1749 3275 1811 altrahens,
3308 1755 3362 1802 et
3391 1748 3616 1816 implere

2044 1859 2205 1897 suum
2253 1843 2525 1895 calamum
2563 1857 2786 1912 cogens.
2818 1840 3020 1912 Tyrius
3073 1847 3211 1902 erat,
3264 1847 3321 1892 ut
3351 1838 3483 1903 dixi,
3527 1839 3618 1891 ille

2045 1945 2246 1996 nmtus,
2297 1945 2348 1987 et
2389 1935 2697 2002 passionem
2736 1934 2968 1988 habebat
2998 1934 3272 2002 cognitam
3323 1946 3430 1984 non
3476 1938 3618 1984 tem-

2044 2043 2176 2097 pore
2216 2028 2400 2096 aliquo
2441 2028 2509 2080 ab
2551 2028 2658 2080 alio
2713 2027 3050 2081 occidentem
3098 2027 3380 2093 languore,
3422 2023 3514 2079 sed
3549 2038 3614 2078 ex

2043 2121 2164 2191 ipso
2195 2135 2382 2176 secum
2416 2129 2573 2188 partu
2636 2127 2976 2172 nascentem.
3022 2116 3086 2169 Et
3120 2119 3263 2170 hanc
3306 2133 3370 2170 ex
3419 2124 3615 2169 natura

2044 2214 2290 2274 sortitus,
2327 2227 2432 2265 non
2470 2210 2686 2265 dulcem
2750 2209 2814 2262 ad
2868 2218 3122 2276 parentes
3171 2207 3353 2261 emisit
3405 2221 3617 2270 vocem,

2047 2320 2154 2358 non
2199 2312 2428 2357 matrem
2482 2300 2777 2372 aliquando
2810 2301 3120 2355 balbutiens
3165 2298 3476 2367 appellavit,
3509 2312 3616 2352 uoo

2047 2403 2252 2466 patrem
2297 2395 2448 2450 claro
2490 2395 2682 2449 saltem
2725 2401 2898 2445 multo
2945 2392 3040 2462 [ita
3081 2390 3250 2462 cod.],
3284 2391 3496 2444 vocavit
3528 2405 3620 2444 su-

2047 2503 2141 2556 per
2171 2487 2370 2555 quibus
2395 2499 2610 2552 semper
2637 2499 2931 2554 pucrorum
2962 2494 3214 2551 parentes
3249 2481 3616 2546 lmtiﬁcantur,

2047 2579 2176 2632 licet
2207 2578 2326 2631 sine
2374 2575 2626 2630 articulis
2666 2576 2777 2630 sint
2827 2574 3118 2628 muttiendi
3171 2580 3226 2626 et
3282 2571 3619 2626 balbutiendi

2049 2685 2238 2724 eorum
2305 2667 2566 2733 affectus;
2627 2667 2771 2722 sicut
2819 2665 3180 2720 Athenienses
3216 2665 3424 2734 pridem
3460 2678 3624 2733 super

2049 2760 2312 2835 Aischinc
2341 2761 2424 2814 vel
2474 2760 2639 2813 etiam
2695 2759 3057 2812 Demosthene
3093 2755 3404 2809 rhetoribus
3433 2763 3488 2810 et
3528 2757 3622 2808 ho-

2049 2869 2166 2908 rum
2193 2852 2459 2906 versutiis
2505 2849 2914 2919 eloquentibus.

2119 2944 2214 2999 Vir
2238 2959 2368 3013 ergo
2400 2941 2576 2996 factus
2603 2941 2844 3009 linguam
2880 2941 3216 2994 immobilem
3257 2939 3467 3000 habuit,
3501 2951 3623 2990 cum

2052 3035 2279 3105 reliquis
2311 3034 2570 3089 membris
2601 3033 2826 3086 minime
2867 3042 3283 3086 concurrentem
3324 3048 3340 3085 :
3393 3039 3446 3082 et
3487 3028 3626 3082 forte

1972 3137 2017 3198 α
2052 3129 2129 3183 sie
2165 3143 2193 3180 a
2229 3127 2480 3198 praesenti
2518 3126 2623 3180 vita
2670 3126 2981 3195 migrasset,
3040 3124 3142 3178 nisi
3193 3125 3413 3194 quidam
3461 3121 3621 3175 amici

2052 3216 2254 3270 Christi
2297 3223 2350 3270 et
2394 3215 2674 3269 hominum
2733 3223 3006 3270 amatores
3034 3255 3046 3278 ,
3091 3215 3217 3285 Cyri
3277 3231 3340 3268 ac
3401 3212 3628 3267 Joaxmis

2053 3309 2283 3376 gratiam
2318 3317 2369 3360 et
2401 3306 2666 3360 miracula
2700 3322 2820 3376 qua:
2857 3321 2952 3375 per
2983 3322 3078 3361 eos
3121 3314 3450 3375 prmstantur
3491 3307 3627 3359 fide.

2053 3396 2197 3450 libus
2249 3407 2681 3466 cognoscentes,
2757 3403 3020 3466 tanquam
3078 3397 3267 3452 ﬁdeles
3317 3396 3628 3467 compassi,

2055 3488 2201 3542 hunc
2240 3489 2304 3541 ad
2337 3495 2607 3558 martyras
2665 3487 3056 3554 adduxissent;
3108 3488 3198 3542 ubi
3253 3488 3410 3542 fidem
3459 3486 3630 3541 dedu-

2054 3583 2299 3636 centium
2335 3581 2569 3642 habens,
2598 3595 2721 3634 cum
2754 3581 3013 3647 venisset,
3049 3579 3496 3645 intercedentem,
3530 3595 3630 3634 nee

2056 3689 2164 3726 non
2201 3681 2254 3726 et
2288 3672 2698 3726 miserationem
2723 3673 2831 3737 sui,
2867 3672 2932 3726 ad
2971 3673 3375 3726 miserationem
3409 3679 3630 3725 sanctos

2055 3765 2407 3830 oscitantem,
2441 3764 2747 3833 eloquentis
2784 3765 3024 3834 linguam
3080 3763 3312 3833 adeptus
3359 3771 3464 3829 est,
3518 3778 3626 3817 non

2057 3860 2220 3914 aliam
2257 3859 2501 3930 linguam
2533 3860 2845 3928 acquirens,
2879 3857 2974 3914 sed
3005 3857 3281 3912 vinculum
3313 3855 3434 3925 ejus
3465 3871 3626 3925 quam

2058 3949 2295 4003 habebat
2351 3949 2651 4017 deponens.
2705 3947 2906 4002 Verum
2963 3957 3016 4002 et
3068 3949 3390 4002 medicinam
3434 3947 3629 4017 dicere

2057 4057 2403 4109 consequens
2435 4049 2541 4102 est,
2591 4057 2686 4110 per
2719 4057 2883 4110 quam
2935 4041 3131 4110 lingua:
3181 4039 3494 4106 passionem
3529 4036 3632 4090 dif-

2059 4131 2214 4200 fugit.
2245 4132 2454 4200 Aquam
2495 4132 2560 4184 ei.
2597 4131 2783 4185 bibere
2820 4130 3112 4184 dormienti
3155 4135 3477 4197 apparentes
3506 4141 3632 4180 san-

2058 4224 2131 4278 cti
2178 4223 2490 4292 jusserunt,
2552 4235 2659 4275 non
2715 4221 2899 4276 verbis
2939 4221 3042 4274 hoc
3091 4219 3469 4281 decernentes,
3521 4231 3630 4269 non

2058 4313 2203 4366 enim
2236 4311 2513 4374 audiebat,
2550 4310 2645 4364 sed
2673 4310 2900 4365 nutibus
2939 4316 2993 4364 et
3037 4307 3270 4377 lympha:
3298 4304 3630 4360 ostensioni-

2060 4405 2185 4459 bus.
2249 4403 2352 4468 Qui
2408 4401 2825 4473 expergefactus
2891 4410 2952 4455 ut
3011 4398 3275 4452 fluentum
3344 4396 3636 4450 afferretur

2061 4495 2356 4559 iunuehat;
2393 4493 2660 4547 didicerat
2700 4491 2844 4546 enim
2894 4505 2992 4559 per
3034 4497 3225 4543 nutum
3264 4497 3322 4541 ut
3368 4485 3632 4555 quidquid

2061 4587 2271 4642 videret
2299 4585 2600 4648 dormiens,
2647 4583 2912 4653 evigilans
2944 4581 3188 4646 faceret;
3234 4587 3288 4634 et
3317 4579 3495 4632 datam
3529 4577 3632 4632 sibi

2061 4676 2330 4731 maturius
2360 4689 2556 4744 aquam
2607 4672 2850 4741 suscepit
2896 4679 2950 4724 et
2999 4669 3155 4733 bibit,
3210 4675 3263 4722 et
3297 4665 3491 4721 bibens
3519 4673 3635 4718 sta-

2064 4770 2159 4823 tim
2190 4769 2407 4823 locutus
2433 4777 2538 4830 est,
2572 4774 2627 4820 et
2691 4765 2943 4819 homines
2985 4762 3271 4830 loquentes
3311 4757 3543 4819 audivit,
3579 4764 3633 4809 et

2063 4868 2378 4916 sanctorum
2433 4858 2621 4913 retulit
2679 4855 3060 4916 sanctionem,
3124 4850 3397 4906 somnium
3453 4846 3637 4904 verbis

2061 4949 2336 5017 expressis
2359 4963 2648 5010 enarrans,
2689 4955 2742 5001 et
2767 4958 2955 4999 eorum
3003 4941 3097 5011 qui
3129 4946 3496 5010 apparuerant
3529 4937 3637 4988 vir-

2062 5049 2230 5094 tutem
2257 5039 2650 5092 concelebrans

2134 5129 2342 5184 Taliter
2377 5128 2578 5184 surdus
2645 5125 2874 5189 audivit,
2904 5133 2959 5179 et
3007 5122 3229 5177 vet-bum
3284 5123 3470 5173 mutus
3509 5131 3634 5186 pro-

2065 5222 2358 5286 nuntiavit,
2406 5236 2512 5272 non
2568 5218 2824 5272 Castalize
2891 5223 3119 5286 gustaris
3174 5211 3458 5274 fluentum,
3527 5223 3636 5260 non

2064 5329 2261 5383 aquam
2315 5313 2508 5365 bibens
2542 5326 2570 5363 a
2605 5309 2769 5380 Styge
2799 5307 3244 5368 descendentem,
3280 5318 3385 5356 non
3418 5299 3635 5354 laticem

2065 5405 2394 5459 Caucasium
2449 5401 2745 5463 hauriens,
2774 5397 3082 5452 laudantem
3121 5397 3372 5448 virtutem
3429 5391 3633 5462 Pytha-

2066 5494 2328 5564 goricam,
2367 5502 2423 5544 ut
2459 5491 2738 5562 gentilium
2769 5487 2964 5541 fabula:
3004 5487 3277 5545 sanciunt,
3312 5495 3365 5537 et
3396 5483 3633 5551 scripto-

2067 5602 2187 5640 rum
2248 5594 2513 5654 quantum
2575 5581 2769 5634 attinet
2810 5579 2877 5632 ad
2935 5578 3216 5631 veritatem
3277 5576 3483 5645 inopia,
3539 5574 3634 5627 sed

2065 5678 2298 5733 Joannis
2359 5685 2413 5732 et
2462 5675 2587 5746 Cyri
2643 5674 2897 5743 jussioue
2943 5672 3173 5740 potitus,
3199 5685 3319 5736 quae
3357 5667 3636 5736 suppleret

2073 5769 2150 5826 illi
2185 5767 2329 5840 quod
2365 5779 2560 5822 natura
2616 5766 2795 5823 facere
2833 5764 3203 5822 concessisset
3232 5779 3246 5824 ;
3275 5777 3384 5832 quo
3415 5773 3635 5830 appare-
