4280 6442
646 343 788 410 3647

650 549 719 604 ad
753 548 1142 619 perfectionem
1173 552 1490 608 lmininibns
1521 555 1751 609 deerant
1790 554 2236 618 accommodare,

649 643 795 697 unde
814 654 867 698 et
890 660 917 696 a
935 646 1206 715 principio
1238 648 1578 701 nativitatem
1615 649 1794 703 sortiti
1830 657 1978 703 sunt.
2004 646 2239 716 Propter

647 732 795 802 quod
831 744 883 789 et
925 750 1024 789 nos
1059 751 1156 790 eos
1182 748 1449 806 quantum
1494 752 1792 808 possumus
1837 739 2237 802 collaudantes,

647 833 702 879 et
727 826 846 879 dati
879 826 1103 882 verbum
1141 828 1193 882 in
1221 830 1505 898 apertione
1562 831 1676 885 oris
1727 832 2123 899 supplicantes,
2161 830 2239 885 si-

646 924 740 970 cut
770 917 934 971 etiam
964 934 1112 972 nunc
1168 921 1420 988 praesenti
1478 929 1632 975 muto
1659 921 1951 983 dederunt,
2005 922 2070 973 ad
2107 919 2240 974 reli-

650 1022 889 1076 quorum
952 1010 1343 1064 miraculorum
1383 1012 1761 1067 narrationem
1807 1012 2067 1067 alacriter
2097 1025 2241 1081 pro-

647 1114 928 1169 peremus.

724 1211 886 1269 LXV.
916 1214 995 1271 De
1025 1216 1294 1272 Theodoro
1331 1233 1468 1275 caeco
1487 1230 1534 1274 et
1571 1218 1792 1274 habente
1826 1220 2175 1275 dwmonium.

722 1373 804 1427 Ad
856 1383 1072 1446 tempus
1106 1376 1269 1432 nobis
1291 1376 1432 1431 Cilix
1473 1380 1711 1435 accessit
1758 1379 2102 1447 Theodorus,
2134 1380 2239 1435 du-

652 1460 814 1533 plicis
843 1475 898 1520 ct
930 1468 1047 1537 ipse
1096 1468 1436 1523 inﬁrmitatis
1463 1468 1648 1537 fugam
1700 1486 1988 1536 enarratis,
2016 1480 2071 1526 et
2109 1488 2241 1527 con-

652 1557 821 1611 scribi
857 1572 981 1611 cum
1017 1560 1364 1627 praecedenti,
1392 1561 1487 1628 qui
1541 1575 1725 1616 mutus
1757 1570 1812 1615 ct
1841 1563 2044 1618 surdus
2069 1565 2240 1618 exsti-

655 1654 819 1711 terat,
882 1649 1131 1716 volens;
1189 1650 1538 1722 dupliciSque
1602 1654 1886 1724 languoris
1963 1654 2238 1725 duplicem

655 1741 889 1796 sortitus
940 1750 1028 1796 est
1056 1746 1373 1799 sanitatem.
1414 1746 1535 1811 Quo
1567 1747 1802 1818 benigne
1837 1757 2083 1819 recepto,
2114 1765 2243 1819 pro.

655 1840 777 1901 pter
806 1832 1242 1889 benevolentiam
1281 1853 1442 1906 quant
1475 1836 1623 1892 circa
1653 1847 1923 1909 martyras
1972 1840 2158 1906 habet,
2190 1851 2243 1898 et

655 1924 901 1996 linguam
926 1928 1000 1981 illi
1028 1928 1092 1982 ad
1124 1929 1288 1984 breve
1316 1938 1535 1999 tempus
1564 1931 1913 1998 donabimus,
1940 1940 1994 1988 et
2020 1949 2245 1988 manum

659 2020 1230 2087 accommodabimus,
1261 2031 1315 2077 et
1353 2034 1604 2077 mutuum
1651 2027 2035 2093 przestaliimus
2096 2028 2241 2081 cala-

657 2126 833 2176 mum,
879 2114 1092 2169 sanctis
1126 2114 1344 2169 laudem
1374 2116 1601 2181 texenti,
1628 2126 1682 2171 et
1739 2117 1996 2172 virtutem
2052 2132 2245 2173 eorum

661 2204 836 2260 ardue
889 2206 1195 2275 pra-dicare
1221 2209 1488 2264 studenti.
1528 2209 1862 2279 lncipiatnus
1897 2226 2028 2278 ergo
2062 2210 2131 2266 de
2154 2210 2249 2267 illo

658 2293 885 2361 referre,
913 2298 1170 2352 alacriter
1198 2300 1247 2352 ei
1283 2300 1466 2353 omnia
1523 2300 1680 2367 facti,
1745 2317 1942 2356 manus
1970 2302 2245 2370 videlicet,

658 2384 869 2455 lingua,
899 2395 953 2440 et
978 2386 1225 2443 calamus
1250 2389 1498 2445 Scribere
1534 2390 1797 2446 velociter
1823 2400 1879 2446 et
1908 2392 2250 2462 amplissime

659 2473 1007 2531 adhortatus.

730 2566 872 2622 Cilix
904 2577 1024 2624 erat
1048 2567 1377 2627 Theodorus
1407 2589 1472 2627 ex
1496 2574 1832 2631 Anazarbeis
1861 2584 2109 2642 exortus,
2132 2592 2257 2648 pas-

661 2659 1021 2731 sionibnsque
1057 2663 1274 2720 duabus
1292 2665 1604 2723 diliieilibus
1635 2676 1977 2733 coarctatus,
2015 2685 2248 2739 quarum

660 2757 834 2807 altera
864 2754 1193 2810 daemonium
1254 2767 1369 2812 erat
1420 2759 1847 2828 nequissimum,
1886 2760 2061 2815 ferina
2092 2760 2252 2815 ειενί-

664 2845 739 2898 tia
767 2848 1188 2916 superveniens,
1216 2858 1272 2903 et
1304 2850 1626 2917 dirumpens
1661 2865 1882 2921 semper
1914 2866 2079 2905 omne
2104 2851 2248 2921 quod

664 2936 1007 3005 invenisset;
1067 2940 1347 2996 multoties
1414 2943 1584 3008 enim,
1652 2950 1712 2996 at
1754 2943 2030 3012 quondam
2098 2955 2252 3013 pater

665 3029 997 3084 daeinonium
1064 3031 1327 3101 patientis
1392 3033 1447 3088 in
1495 3032 1811 3104 Evangeliis
1859 3038 1924 3091 ad
1959 3038 2249 3092 Dominum

1571 352 1630 412 S.
1677 350 2099 413 SOPHRONII
2135 347 2642 410 ΡΛΤΒΙΛΠΟΠίΕ
2670 348 3073 409 IIlEROSOL.

649 464 773 508 rent
806 461 1076 527 martyres
1120 457 1315 523 abinde
1367 458 1634 516 sanitates
1669 462 1899 525 donare,
1926 469 1981 514 et
2034 474 2096 514 ea
2128 474 2249 528 qua:
2284 465 2323 519 Δ
2356 477 2448 512 σεν
2485 476 2499 492 ·

2322 2216 2329 2224 ”
2350 2221 2464 2257 τειν
2494 2204 2845 2269 σπουδάζοντι
2884 2221 2898 2235 ο

3785 345 3929 411 8648

2551 460 2636 512 ἵνα
2676 458 2920 527 φανῶσιν
2953 460 3002 511 si
3044 458 3320 529 μάρτυρες
3357 455 3566 510 ἐκεῖθεν
3610 454 3707 519 τάς
3759 457 3933 520 ἰάσεις

2340 551 2694 621 δωρούμενοι,
2744 551 2841 603 καὶ
2867 551 2937 605 τὰ
2984 551 3120 621 πρὸς
3148 549 3432 602 τελείωσιν
3466 548 3579 610 τοῖς
3624 546 3934 617 ἀνθρώποις

2341 643 2684 705 ἐλλείποντα,
2712 643 2833 696 ὅθεν
2872 642 2930 708 ἐξ
2964 643 3142 713 ἀρχῆς
3170 642 3266 694 καὶ
3307 641 3407 711 τὴν
3446 640 3664 707 γένεσιν
3687 638 3881 708 ἔλαχον
3907 659 3922 673 ·

2339 735 2420 788 διὸ
2452 735 2545 787 καὶ
2580 736 2745 803 ἡμεῖς
2776 733 2853 796 ὡς
2879 733 3104 786 δυνατὸν
3139 732 3339 793 αὐτοὺς
3369 730 3812 801 εὐφημήσαντες,
3841 729 3934 780 καὶ

2339 825 2523 880 δοῦναι
2551 826 2709 894 λόγον
2739 828 2797 878 ὲν
2829 824 3031 889 ἀνοίξει
3065 823 3158 877 τοῦ
3207 824 3479 892 στόματος
3521 820 3933 883 ἱκετεύσαντες,

2339 918 2411 981 ὼς
2448 920 2541 971 καὶ
2568 917 2645 988 τῷ
2672 918 2899 988 παρόντι
2945 916 3042 971 νῦν
3072 916 3255 991 ᾁλάλῳ
3284 914 3606 980 δεδώκασιν,
3636 912 3935 986 προθύμως

2341 1012 2477 1083 πρὸς
2508 1010 2607 1083 τὴν
2629 1011 2736 1064 τῶν
2764 1010 3104 1082 λειπομένων
3124 1007 3419 1079 θαυμάτων
3440 1007 3695 1078 διήγησιν
3718 1002 3937 1073 ἐπειγό-

2346 1103 2509 1173 μεθα.

2341 1213 2459 1268 ΞΕ’.
2520 1214 2660 1283 Περὶ
2708 1212 3011 1283 Θεοδώρου
3054 1213 3160 1267 τοῦ
3204 1214 3443 1284 τυφλοῦ
3488 1214 3589 1269 καί
3627 1213 3939 1283 δαιμόνιον

3001 1285 3275 1354 ἔχοντες.

2414 1376 2507 1440 Εἰς
2530 1378 2722 1448 καιρὸν
2754 1378 2888 1446 ἡμῖν
2915 1378 2945 1429 6
2972 1377 3130 1443 Κίλιξ
3164 1378 3391 1447 ἀφῖκται
3412 1377 3688 1447 Θεόδωρος
3711 1418 3726 1440 ,
3753 1374 3938 1443 διττῆς

2342 1466 2436 1521 καὶ
2463 1466 2624 1530 αὐτὸς
2651 1467 2935 1530 ἀσθενείας
2966 1469 3161 1535 φυγεῖν
3181 1468 3558 1540 διηγούμενος,
3587 1468 3679 1520 καὶ
3707 1466 3784 1535 τῷ
3807 1483 3940 1536 προ-

2342 1559 2560 1612 λαϐόντι
2588 1559 2760 1611 θέλων
2786 1560 3199 1624 συντάττεσθαι,
3234 1559 3484 1628 γλώττης
3510 1558 3709 1625 δεσμὸν
3737 1572 3939 1623 πεφευ-

2342 1653 2460 1720 γότι
2495 1651 2589 1705 καλ⁸
2618 1650 2898 1720 κώφωσιν,
2924 1652 3024 1705 καὶ
3072 1650 3251 1705 διττοῦ
3292 1652 3599 1721 νοσήματος
3625 1648 3808 1717 διττὴν
3837 1647 3936 1700 λα-

2344 1744 2489 1814 χόντι
2521 1743 2620 1814 τὴν
2658 1743 2822 1797 ἴασιν.
2881 1744 2978 1796 Ὃν
3022 1744 3359 1814 φιλοφρόνως
3388 1744 3693 1812 δεξάμενοι,
3725 1741 3813 1794 διὰ
3843 1740 3940 1810 τὴν

2348 1834 2484 1905 πρὸς
2506 1835 2635 1897 τοὺς
2669 1834 2955 1906 μάρτυρας
2984 1833 3224 1897 εὔνοιαν,
3257 1836 3351 1888 καὶ
3379 1835 3479 1904 τὴν
3508 1835 3757 1902 γλῶτταν
3788 1832 3940 1903 αὐτῷ

2350 1926 2485 1997 πρὸς
2514 1926 2688 1996 βραχὺ
2718 1926 3094 1996 χαρισώμεθα,
3130 1928 3224 1980 καὶ
3257 1927 3357 1997 τὴν
3386 1929 3546 1996 χεῖρα
3575 1925 3934 1994 δανείσωμεν,

2349 2020 2445 2072 καὶ
2470 2018 2562 2071 τὸν
2588 2019 2834 2089 κάλαμον
2861 2021 3179 2090 χρήσωμεν,
3204 2022 3320 2083 τοῖς
3340 2019 3516 2081 ἁγίοις
3539 2018 3638 2087 τὴν
3665 2018 3801 2087 εύφη
3812 2017 3940 2085 μέαν

2351 2111 2652 2180 ὑφαίνοντι,
2682 2111 2778 2164 καὶ
2818 2111 2916 2181 τὴν
2950 2112 3131 2166 αὐτῶν
3167 2112 3341 2183 ἀλκὴν
3367 2110 3706 2181 διαπρυσίως
3735 2109 3942 2179 κηρύτ-

2950 2204 3246 2274 ἁρξώμεθα
3279 2205 3411 2273 γοῦν
3461 2205 3563 2272 τῆς
3618 2202 3739 2256 κατ’
3776 2202 3941 2257 αὐτὸν

2350 2298 2679 2366 διηγήσεως,
2732 2297 3029 2366 προθύμως
3062 2296 3211 2366 αὐτῷ
3244 2297 3425 2351 πάντα
3469 2295 3803 2365 γιγνόμενοι,
3846 2294 3942 2346 καὶ

2352 2390 2472 2459 χεὶρ
2505 2389 2600 2442 καὶ
2627 2389 2842 2456 γλῶττα
2878 2390 2973 2442 καὶ
3005 2390 3268 2459 κάλαμος,
3293 2393 3322 2443 6
3349 2388 3689 2457 ξυγγράφειν
3724 2387 3941 2457 εὐφυῶς

2351 2479 2726 2548 ἐπειγόμενος.

2423 2573 2583 2636 Κίλιξ
2621 2568 2691 2642 ἦν
2723 2574 2753 2626 6
2781 2571 3058 2643 Θεόδωρος
3087 2571 3190 2641 τῆς
3246 2571 3630 2642 ’Λναζαρδέων
3685 2572 3775 2641 (ιρι
3797 2572 3943 2638 ibus-

2352 2682 2440 2728 νος
2469 2666 2695 2731 πόλεως,
2732 2664 2826 2718 καὶ⁵
2857 2664 3055 2718 πάθεσι
3080 2664 3175 2718 δύο
3205 2664 3497 2736 δυσχερέσι
3529 2663 3902 2735 κρατούμενος
3927 2679 3940 2691 ’

2351 2750 2427 2811 ὧν
2480 2757 2539 2810 τὸ
2579 2758 2678 2827 μὲν
2717 2757 2992 2827 δαιμόνιον
3042 2751 3112 2826 ἦν
3172 2754 3560 2826 πονηρότερον,
3605 2751 3945 2823 ἀγριώτερόν

2354 2865 2474 2910 πως
2496 2848 2865 2919 ἐπερχόμενον
2896 2849 2989 2902 καὶ
3018 2848 3219 2919 ῥῆσσον
3248 2848 3337 2902 ἀεὶ⁹
3366 2848 3504 2917 πρὸς
3539 2848 3649 2900 πᾶν
3691 2845 3946 2916 εὑρισκό-

2358 2954 2518 3007 μενον
2550 2955 2565 2969 ·
2601 2938 2861 3002 πολλάκις
2894 2939 3001 3011 γάρ
3031 2940 3107 3003 ὼς
3128 2940 3156 2992 6
3201 2938 3297 2992 τοῦ
3341 2938 3727 3009 δαιμονιῶντος
3762 2935 3945 3005 πατὴρ

2355 3029 2413 3081 ὲν
2444 3029 2803 3099 Εὑαγγελῑοις
2827 3030 2965 3100 πρὸς
2994 3030 3085 3084 τὸν
3113 3030 3321 3102 Κύριον
3344 3031 3567 3100 ἔφησεν,
3594 3030 3674 3092 εἰς
3701 3027 3815 3098 περ
3847 3026 3948 3079 αὖα

666 3116 905 3180 dixit,in
961 3118 1143 3190 ignem
1192 3136 1318 3176 eum
1350 3129 1406 3177 et
1435 3138 1637 3192 aquam
1682 3123 1952 3194 iactabat,
1998 3127 2251 3182 occidere
2277 3135 2320 3195 ο
2353 3141 2356 3153 λ

2277 3135 2320 3195 c
2353 3120 2446 3174 τὸν
2470 3119 2565 3173 καὶ
2589 3119 2735 3192 ὕδωρ
2755 3120 2999 3194 ἐνέϐαλε,
3020 3121 3254 3177 κτείνειν
3275 3120 3511 3190 ἀφειδῶς
3537 3121 3632 3173 καὶ
3656 3117 3946 3174 ἀπολλύειν

669 3208 817 3262 hunc
859 3224 968 3263 non
1006 3225 1241 3279 parcens
1273 3227 1338 3267 ac
1370 3212 1601 3283 perdere
1649 3215 1843 3271 volens
1877 3232 1892 3282 ;
1925 3215 2095 3272 altera
2122 3232 2254 3272 vero

666 3303 959 3355 oculorum
985 3303 1204 3359 caecitas
1232 3317 1368 3372 erat,
1387 3320 1498 3360 non
1520 3304 1837 3362 infirmitate
1858 3306 2000 3362 facta
2021 3318 2251 3375 naturae,

667 3391 765 3447 sed
798 3395 1120 3461 operatione
1134 3395 1404 3452 daemonis
1430 3405 1761 3468 praeparata,
1779 3415 1881 3455 nec
1908 3416 1973 3456 es
1995 3402 2257 3472 languore

667 3486 945 3555 corporali
996 3488 1338 3557 superillata‘,
1400 3491 1494 3545 sed
1531 3506 1595 3546 ex
1646 3492 1875 3548 feritate
1904 3493 2131 3563 spiritus
2169 3494 2255 3549 in-

668 3576 877 3646 ducta;
909 3580 991 3633 sic
1025 3582 1325 3652 malignum
1373 3589 1494 3638 erat
1524 3584 1882 3650 dtemonium,
1933 3593 1987 3641 et
2036 3597 2260 3656 propter

668 3670 1067 3725 abundantiam
1128 3673 1302 3728 rabiei
1357 3675 1726 3731 malevolum!
1779 3676 1977 3732 Verum
2025 3693 2149 3732 cum
2203 3678 2259 3732 in

669 3761 759 3818 bis
787 3773 937 3818 esset
968 3762 1318 3831 Theodorus,
1347 3777 1402 3822 et
1441 3768 1577 3823 nihil
1609 3770 1851 3826 salutare
1874 3780 2141 3840 speraret,
2166 3780 2263 3826 aut

674 3852 745 3907 ab
782 3854 870 3909 his
903 3864 1031 3911 ante
1063 3856 1469 3926 liberationem,
1496 3876 1620 3931 quae
1662 3861 1722 3916 lit
1757 3877 1854 3932 per
1884 3872 2139 3926 mortem,
2174 3861 2261 3917 fu-

671 3958 805 4015 gere
817 3947 1171 4016 passionibus
1184 3959 1531 4020 exspectaret
1552 3968 1567 4017 ;
1588 3966 1735 4006 mors
1762 3955 1909 4006 enim
1935 3966 2123 4007 revera
2142 3952 2262 4008 viro

673 4035 918 4105 tequies,
936 4045 996 4091 ut
1011 4036 1114 4094 Job
1127 4040 1221 4110 qui
1239 4040 1657 4111 philosophatus
1685 4053 1771 4098 est
1798 4043 1852 4097 in
1880 4044 2124 4113 passioni
2138 4045 2259 4106 bus.

666 4134 758 4182 est
811 4126 1031 4193 atratus,
1089 4143 1308 4186 omnem
1373 4131 1633 4187 auferens
1702 4133 1889 4189 saeculi
1926 4132 2093 4202 hujus
2123 4132 2264 4187 ditii-

670 4215 961 4281 cultatem,
987 4219 1387 4289 praesentisque
1416 4220 1542 4276 vitae
1573 4221 1804 4275 multam
1838 4221 2177 4290 passionem,
2204 4229 2261 4275 et

673 4308 912 4363 multum
940 4310 1185 4365 laborem
1219 4311 1439 4384 ;Cyrus
1481 4325 1540 4369 et
1587 4312 1829 4369 Joannes
1857 4313 2261 4368 annuntiantur

671 4415 704 4455 a
736 4399 850 4456 Deo
878 4402 1066 4458 donati
1093 4403 1406 4459 daemonum
1461 4406 1812 4475 expulsores,
1855 4414 1909 4461 et
1936 4406 2257 4475 passionum

2359 3210 2680 3281 βουλόμενον
2713 3224 2728 3240 ⁸
2765 3209 2826 3264 τὺ
2868 3211 2926 3264 δὲ
2956 3210 3062 3266 τῶν
3088 3213 3354 3283 ὀμμάτων
3384 3212 3632 3283 ὑπῆρχεν
3663 3214 3695 3279 ἡ
3728 3209 3948 3279 τύφλω-

2358 3318 2463 3366 σις,
2510 3302 2613 3356 οὐκ
2641 3300 2895 3373 ἀσθενείᾳ
2927 3303 3196 3374 γενομένη
3241 3304 3341 3374 τῆς
3372 3303 3611 3372 φύσεως,
3649 3301 3766 3356 ἀλλ’
3795 3303 3950 3373 ἐνερ-

2357 3394 2481 3464 γείᾳ
2514 3393 2895 3464 σχεδιασθεῖσα
2916 3394 3013 3449 τοῦ
3038 3395 3316 3464 δαίμονος,
3346 3395 3447 3449 οὐκ
3474 3397 3539 3448 ἐκ
3563 3396 3718 3448 νόσου
3754 3411 3949 3465 σωμα-

2358 3486 2517 3555 τικῆς
2561 3487 3004 3559 ὲπεισφρήσασα,
3036 3487 3153 3541 ἀλλ’
3194 3488 3254 3554 ἐξ
3284 3488 3608 3559 ἀγριότητος
3636 3486 3953 3556 πνεύματος

2361 3578 2719 3648 ὲνδημήσασα
2751 3595 2765 3609 ·
2793 3578 2938 3633 οὕτω
2963 3580 3198 3650 πονηρὸν
3227 3575 3297 3650 ἦν
3327 3580 3387 3633 τὸ
3412 3580 3717 3650 δαιμόνιον,
3759 3580 3855 3632 καὶ
3883 3576 3952 3631 δι’

2360 3670 2668 3741 ὑπερϐολὴν
2690 3670 2889 3741 λύττης
2928 3671 3338 3743 μισάνθρωπον.
3380 3670 3521 3725 Ἀλλ’
3550 3672 3607 3724 ἐν
3639 3670 3850 3733 τούτοις
3873 3670 3952 3740 τῷ

2360 3761 2623 3833 θεοδώρῳ
2654 3763 2999 3833 τυγχάνοντι.
3036 3765 3127 3817 καὶ
3169 3763 3336 3832 μηδὲν
3364 3762 3707 3833 σωτηριῶδες
3736 3762 3827 3813 διὰ
3860 3761 3954 3813 τὸν

2361 3854 2554 3925 χρόνον
2579 3853 2873 3919 ἐλπίζοντι,
2907 3855 2940 3925 ἢ
2970 3854 3199 3908 ’τουτωνλ⁷
3225 3853 3337 3907 τῶν
3361 3854 3553 3907 παθῶν
3587 3854 3954 3924 προσδοκῶντι

2361 3947 2556 4013 φυγεῖν
2581 3944 2688 4014 πρὸ
2714 3944 2817 4016 τῆς
2844 3946 2911 3997 ὲκ
2945 3944 3178 3999 θανάτου
3203 3944 3548 4015 λυτρώσεωςο
3581 3944 3811 4006 θάνατος
3842 3946 3955 4015 γὰρ

2361 4032 2533 4097 ὅντως
2577 4034 2736 4105 ἀνδρὶ
2803 4034 3137 4099 ἀνάπαυσις,
3174 4034 3251 4099 ὡς
3282 4037 3312 4088 6
3347 4035 3720 4106 φιλοσοφήσας
3759 4036 3819 4087 ὲν
3847 4036 3958 4088 πάο

2363 4123 2510 4178 θεσιν
2554 4123 2673 4177 Ἰὼϐ
2704 4124 3106 4193 ἀπεφθέγξατο,
3143 4125 3325 4178 πᾶσαν
3357 4125 3599 4195 ἀναιρῶν
3649 4125 3747 4194 τὴν
3771 4125 3832 4176 ἐν
3854 4122 3958 4193 βίῳ

2359 4215 2701 4285 δυσχέρειαν.
2747 4215 2980 4285 καὶτῆς
3020 4214 3306 4285 παρούσης
3351 4213 3501 4286 ζωῆς
3532 4214 3595 4266 τὸ
3641 4213 3959 4276 πολυπαθὲς

2360 4306 2456 4360 καὶ
2507 4304 2848 4376 πολύμοχθον
2876 4319 2892 4335 ·
2942 4305 3128 4375 Κύρος
3178 4305 3276 4358 καὶ
3331 4302 3586 4374 Ἰωάννης
3626 4302 3958 4372 ἠγγέλλοντο

2361 4396 2633 4467 δαιμόνων
2663 4397 2854 4450 ὲλαταὶ
2876 4397 3224 4468 θεοδὼρητοι,
3262 4396 3362 4451 καὶ
3406 4395 3595 4450 παθῶν
3623 4396 3958 4465 σωματικῶν

674 4495 1049 4564 corporalium
1086 4497 1201 4552 veri
1252 4498 1708 4568 propulsatores;
1744 4505 1800 4553 et
1851 4497 2085 4552 credens
2145 4496 2258 4552 Deo
2292 4493 2336 4549 ο

2292 4493 2336 4549 D
2363 4490 2583 4561 ἀληθεῖς
2628 4487 2945 4555 ἀλεξίκακοι
2977 4505 2990 4520 ·
3036 4492 3131 4544 καὶ
3179 4488 3482 4553 πιστεύσας
3533 4488 3654 4559 Θεῷ
3705 4490 3799 4543 καὶ
3844 4492 3960 4553 τοῖς

674 4593 732 4641 et
757 4586 1095 4656 martyribus
1131 4587 1523 4644 Alexandriam
1555 4590 1728 4657 venit,
1760 4601 1815 4645 et
1845 4589 1913 4644 ad
1939 4598 2258 4643 sanctorum

677 4681 931 4748 pervenit
954 4678 1271 4746 ecclesiam,
1305 4696 1367 4737 re
1409 4681 1743 4738 denuntians
1786 4681 1910 4736 fidei
1949 4696 2077 4751 erga
2108 4680 2259 4734 illum

674 4771 1138 4827 immobiiitatem.
1158 4772 1327 4838 Quem
1347 4772 1556 4829 Christi
1582 4773 1950 4844 suscipientes
1963 4771 2175 4838 famuli,
2207 4780 2265 4827 et

679 4876 710 4915 a
736 4861 897 4918 malis
942 4862 1144 4932 quibus
1176 4862 1514 4920 adiciebatur
1544 4864 1873 4932 liberarunt,
1900 4874 1956 4921 et
1988 4867 2114 4921 vitae.
2149 4863 2261 4920 Deo

680 4952 933 5009 amabilis
956 4953 1270 5024 operarium
1319 4955 1698 5010 reddiderunt.

753 5045 1089 5114 Apparentes
1107 5043 1254 5100 enim
1284 5046 1336 5100 ei
1366 5061 1476 5101 non
1505 5046 1678 5100 multo
1696 5056 1819 5116 post
1848 5047 1933 5101 sui
1969 5048 2263 5103 adventum

680 5148 793 5188 non
844 5135 1120 5205 vigilanti,
1153 5134 1253 5193 sed
1306 5151 1473 5207 super
1502 5146 1679 5193 strata
1740 5138 2057 5204 dormienti,
2107 5149 2265 5210 pacta

680 5238 808 5278 cum
840 5239 905 5280 eo
933 5234 988 5280 et.
1039 5226 1319 5295 jussiones
1353 5226 1618 5293 inierunt,
1655 5236 1710 5283 et
1740 5228 1823 5283 sic
1872 5243 1997 5284 eum
2034 5229 2263 5298 dignum

681 5314 894 5371 faciunt
926 5317 1237 5373 valetudine
1269 5336 1286 5386 ;
1327 5327 1486 5389 pacta
1530 5327 1711 5375 autem
1768 5328 1822 5376 et
1855 5320 2140 5390 jussiones
2174 5337 2270 5391 per

685 5405 810 5461 illos
842 5406 1020 5477 factae,
1053 5410 1409 5467 tumultuosae
1468 5411 1593 5467 vitae
1651 5413 2010 5483 requirebant
2050 5414 2271 5485 deposi-

687 5501 915 5570 tionem,
948 5514 1003 5561 et
1031 5506 1159 5560 vitae
1192 5508 1513 5563 monasticae
1547 5509 1901 5579 tranquillam
1959 5510 2271 5580 susceptio-

686 5610 837 5651 nem.
866 5596 991 5651 Hzec
1010 5598 1159 5653 enim
1210 5599 1323 5655 illis
1353 5615 1384 5654 a
1412 5601 1619 5657 sanatis
1643 5609 1730 5657 est
1756 5616 1973 5657 merces
2005 5610 2088 5656 ter
2119 5616 2271 5655 ama-

687 5685 843 5749 bilis.
873 5687 1000 5741 vitze
1032 5690 1333 5746 correctio.
1384 5689 1539 5748 Unde
1570 5693 1710 5749 tales
1768 5701 1824 5749 et
1872 5691 2176 5763 recipiunt,
2215 5702 2270 5748 et

692 5784 918 5833 sanatos
953 5778 1138 5836 statim
1166 5779 1472 5839 dissolvunt
1509 5800 1523 5852 ;
1555 5789 1606 5839 et
1640 5782 1743 5839 hoc
1811 5780 2163 5840 manifestum
2186 5788 2267 5838 est

2369 4584 2662 4654 μάρτυσιν,
2690 4584 2770 4645 είς
2813 4582 3221 4655 Ἀλεξάνδρειαν
3250 4582 3493 4653 ἔρχεται,
3526 4582 3621 4635 καὶ
3649 4580 3758 4633 τῶν
3783 4581 3960 4650 ἁγίων

2366 4674 2776 4746 καταλαμϐάνει
2813 4675 2876 4728 τὸ
2915 4676 3145 4745 τέμενος
3169 4717 3184 4742 ,
3232 4676 3380 4747 ἔργῳ
3414 4674 3703 4746 κηρύττων
3732 4674 3833 4743 τῆς
3876 4675 3963 4737 εἰς

2366 4767 2530 4821 αὐτὸν
2557 4766 2795 4830 πίστεως
2817 4765 2881 4820 τὸ
2904 4767 3263 4836 ὁικριίνδανετεον⁹
3287 4766 3347 4820 ὃν
3373 4767 3425 4820 oi
3441 4764 3678 4837 Χριστοῦ
3699 4764 3964 4829 λαϐόντες

2366 4856 2720 4927 θεράποντες,
2744 4857 2842 4910 καὶ
2865 4857 2975 4910 τῶν
3001 4858 3334 4928 συνεχόντων
3357 4856 3547 4910 δεινῶν
3574 4855 3965 4927 ἠλευθέρωσαν

2366 4948 2462 5002 καὶ
2503 4947 2618 5019 βίου
2649 4946 2931 5016 θεοφιλοῦς
2965 4950 3202 5020 ἐργάτην
3228 4947 3529 5012 ἀνέδειξαν.

2436 5040 2702 5102 Φανέντες
2730 5039 2841 5109 γὰρ
2869 5039 3016 5110 αὐτῷ
3064 5040 3184 5110 μετ’
3208 5040 3268 5092 οὐ
3297 5039 3433 5094 πολὺ
3462 5039 3562 5109 τῆς
3591 5037 3829 5106 ἀφίξεως
3847 5075 3863 5100 ,
3893 5037 3963 5089 ού

2368 5132 2751 5204 γρηγοροῦντι,
2800 5132 2915 5186 ἀλλ’
2943 5134 3037 5185 ἐπὶ
3078 5134 3186 5187 τῶν
3224 5132 3564 5204 στρωμάτων
3617 5131 3961 5193 καθεύδοντι,

2372 5225 2649 5294 συνθήκας
2707 5225 2844 5297 πρὸς
2871 5225 3034 5279 αὐτὸν
3067 5227 3159 5279 καὶ
3216 5230 3619 5297 προστάγματα
3669 5224 3913 5278 τίθενται
3944 5242 3960 5258 ·

2371 5316 2467 5370 καὶ
2494 5310 2595 5369 εἷθ’
2622 5316 2794 5380 οὕτως
2814 5318 2975 5370 αὐτὸν
3006 5317 3214 5381 ἀξιοῦσι
3247 5319 3345 5387 τῆς
3373 5317 3596 5388 ῥώσεως
3616 5333 3629 5346 ⁸
3656 5317 3713 5370 αἱ
3747 5316 3807 5369 δὲ
3828 5332 3965 5370 συν-

2372 5409 2560 5479 θῆκαι,
2604 5409 2700 5463 καὶ
2728 5409 2797 5464 τὰ
2832 5409 2898 5464 δι’
2938 5410 3119 5464 αὐτῶν
3149 5411 3411 5480 γεγονότα
3442 5408 3824 5479 συντάγματα,
3856 5408 3967 5479 τῆς

2370 5499 2722 5572 ταραχώδους
2762 5500 2909 5572 ζωῆς
2958 5502 3201 5575 ἀπῄτουν
3250 5503 3535 5568 ἀπόθεσιν,
3566 5502 3661 5555 καὶ
3701 5498 3819 5570 βίου
3858 5517 3966 5569 μο-

2371 5593 2436 5662 νή
2448 5608 2572 5662 ρους
2597 5591 2943 5662 γαληνὶὦσαν
2974 5594 3237 5665 ἀνάληψιν
3267 5609 3283 5624 θ
3306 5593 3443 5664 αὕτη
3468 5593 3579 5663 γὰρ
3606 5594 3788 5655 αὐτοῖς
3823 5591 3967 5664 πρὸς

2372 5684 2482 5738 τῶν
2545 5684 2906 5756 ρωννυμένων
2982 5685 3311 5757 μισθοπορία
3367 5685 3724 5755 τριπόθητος,
3786 5685 3821 5755 ή
3863 5684 3965 5738 τοῦ

2378 5776 2493 5846 βίον
2542 5775 2795 5846 τυγχάνει
2849 5775 3153 5846 διόρθωσις.
3196 5777 3359 5830 Ὅθεν
3390 5777 3517 5840 τοὺς
3554 5775 3829 5839 τοιούτους
3864 5773 3966 5828 καὶ
