4280 6442
265 460 410 521 3651}

1299 445 1398 502 SS.
1433 439 1608 500 CYRI
1643 437 1740 497 ET
1763 435 2086 497 JOANNIS
2118 432 2533 493 MlliACULA.

3402 432 3541 496 3654.

263 567 675 638 Κεχαρισμέναι
702 565 809 635 γὰρ
842 560 999 618 αὗται
1033 563 1124 616 καὶ
1156 562 1288 630 ἡμῖν
1313 558 1740 626 καθεστήκασιν,
1771 554 1864 605 καὶ
1888 556 1941 615 Α

1849 556 1941 615 ιΛ
1971 552 2084 605 hare
2119 550 2316 619 quippe
2339 549 2499 603 nobis
2526 547 2691 602 etiam
2722 560 2872 616 grata
2911 545 3246 609 consistunt,
3276 554 3332 598 et
3370 547 3539 602 virtu-

262 657 362 724 τὴν
409 658 488 716 είς
538 654 700 707 αὐτὸν
732 657 844 715 τοῖς
873 653 1047 719 ἁγίοις
1083 647 1404 718 πραχθεῖσιν
1437 647 1666 713 δύναμιν
1694 642 1856 707 λέξω-

268 765 390 814 μεν,
423 745 736 815 ὑπερϐολὴν
771 743 1054 812 θαύματος
1103 741 1356 809 ἔχουσαν,
1405 739 1501 790 καὶ
1545 738 1645 804 τὴν
1699 734 1856 804 χάριν

264 839 447 891 αὐτῶν
487 840 555 891 δι’
594 840 796 906 ἑαυτῆς
834 835 1232 896 εἰκονίζουσαν.

334 931 586 1000 Κύπριος
635 925 704 1000 ἦν
748 931 776 982 6
825 927 1119 997 Γεώργιος,
1155 925 1248 976 καὶ
1279 922 1558 988 δαιμόνιον
1591 919 1714 988 ἔσχε
1763 919 1857 970 ἐπὶ

268 1022 436 1090 κακίᾳ
484 1020 652 1089 πολλῇ
703 1017 1145 1089 γνωριζόμενον·
1200 1015 1469 1082 δαιμόνων
1502 1013 1611 1080 γὰρ
1649 1011 1858 1062 πολλῶν

265 1109 483 1179 ὑπῆρχε
531 1109 666 1162 πολὺ
699 1107 1092 1177 πονηρότατον,
1124 1106 1217 1158 καὶ
1247 1105 1313 1157 τὰ
1346 1107 1456 1166 τοῖς
1481 1102 1694 1164 πολλοῖς
1723 1101 1860 1171 δρώ-

267 1218 407 1268 μενα
441 1202 588 1253 κακὰ
624 1201 786 1269 μόνον
816 1199 949 1251 αύτό
983 1202 1158 1250 ποιεῖν
1193 1196 1492 1265 ἠγωνίζετο
1514 1212 1527 1224 ·
1563 1195 1657 1246 καὶ
1694 1193 1862 1261 μεγά-

265 1292 363 1361 λην
411 1285 585 1360 ἧτταν
632 1291 692 1342 τὸ
743 1290 916 1342 δεινὸν
965 1287 1368 1356 ὑπελάμϐανεν,
1401 1286 1448 1337 εί
1479 1288 1622 1355 φανῇ
1666 1285 1861 1354 μικρὸν

262 1383 372 1436 τῶν
391 1382 569 1435 ἄλλων
589 1384 844 1434 ἁπάντων
875 1381 1182 1450 πραότερον
1207 1395 1217 1406 ·
1242 1377 1385 1430 οὕτω
1414 1379 1470 1430 δὲ
1501 1377 1740 1445 χαλεπὸν
1767 1377 1861 1428 καί

267 1473 680 1543 μισάνθρωπον,
746 1471 1136 1541 χαλεπώτερον
1181 1470 1325 1538 ἥπερ
1351 1467 1498 1520 ἄλλοι
1526 1467 1728 1533 διετίθη
1772 1469 1862 1520 τον

262 1563 576 1632 ἄνθρωπον,
626 1565 922 1615 ἐπιπίπτον
956 1563 1044 1614 ἀεὶ
1076 1564 1172 1614 καὶ
1214 1561 1499 1629 συντρίδον
1533 1560 1623 1612 τὸν
1654 1560 1860 1621 ἄθλιον,

266 1657 361 1708 καὶ
391 1656 558 1708 αὐτοῦ
585 1658 651 1708 τὰ
687 1655 860 1706 πολλὰ
890 1654 1259 1723 μανικώτερον
1283 1653 1445 1705 αὑτὸν
1467 1653 1859 1722 ἐργαζόμενον.

267 1745 474 1800 Τούτου
525 1745 705 1797 ποθῶν
753 1745 852 1812 τὴν
905 1744 1084 1812 φυγὴν
1119 1745 1148 1795 ὁ
1176 1743 1470 1812 Γεωργιος,
1503 1746 1582 1804 εἰς
1617 1742 1863 1807 Ἀλεξάν-

263 1839 449 1904 δρειαν
480 1838 723 1906 ἔρχεται,
767 1838 861 1888 καὶ
910 1836 999 1888 τὸν
1046 1836 1181 1888 νεὼν
1224 1836 1334 1888 τῶν
1366 1836 1537 1903 ἁγίων
1572 1835 1859 1900 κατέλαϐε,

1959 653 2064 698 tem
2102 658 2223 711 quze
2265 643 2320 694 in
2345 655 2410 695 eo
2440 656 2470 693 a
2499 639 2708 694 sanctis
2739 648 2888 708 gesta
2916 646 3001 693 est
3029 637 3344 702 edieamus;
3379 637 3541 692 habet

1957 741 2102 796 enim
2130 739 2490 794 eminentiam
2533 738 2811 802 miraculi,
2861 753 2958 807 per
2986 753 3046 792 se
3090 736 3268 806 ipsam
3309 736 3541 806 gratiam

1956 846 2146 885 eorum
2183 831 2507 901 imaginans.

2030 923 2264 992 Cyprius
2307 930 2426 977 erat
2466 921 2733 991 Georgius
2761 929 2816 975 et
2862 920 3162 976 daemonem
3217 920 3448 977 habebat
3486 919 3542 975 in

1960 1016 2130 1070 multa
2156 1017 2358 1070 malitia
2392 1017 2710 1086 cognitum;
2754 1015 2944 1070 multis
2975 1014 3120 1069 enim
3169 1023 3286 1070 erat
3331 1015 3541 1069 dacmu-

1960 1109 2125 1162 nibus
2161 1108 2414 1178 nequior,
2450 1118 2504 1162 ct
2554 1109 2694 1160 mala
2724 1121 2848 1176 qua:
2894 1124 2923 1160 a
2964 1106 3150 1162 multis
3184 1107 3538 1176 gerebantur,

1961 1201 2113 1255 solus
2158 1200 2276 1269 ipse
2305 1198 2484 1254 lacere
2538 1198 2884 1263 deeertabat;
2932 1207 2987 1253 et
3021 1214 3273 1268 magnam
3311 1213 3541 1268 supera-

1962 1295 2166 1346 tioncm
2197 1293 2281 1346 sui
2308 1305 2434 1345 acer
2457 1291 2545 1345 ille
2564 1291 2809 1361 putabat,
2837 1291 2880 1344 si
2904 1293 3247 1360 apparuisset
3271 1291 3460 1344 saltem
3486 1291 3541 1343 in

1964 1383 2183 1437 modico
2215 1383 2489 1438 universis
2539 1383 2662 1436 aliis
2707 1383 2914 1436 mitior.
2957 1383 3092 1436 Cum
3126 1392 3308 1435 autem
3361 1380 3546 1434 taliter

1962 1489 2142 1530 saevus
2169 1483 2337 1539 esset,
2368 1482 2424 1528 et
2469 1473 2710 1528 hominis
2768 1487 2918 1535 osor,
2975 1473 3175 1527 saevius
3225 1487 3387 1542 quam
3449 1471 3545 1525 alii

1963 1568 2233 1623 tractabat
2259 1566 2561 1630 hominem,
2615 1566 2908 1620 immersus
2951 1578 3166 1633 semper
3208 1565 3263 1618 in
3302 1578 3448 1629 eum,
3490 1571 3546 1618 et

1963 1667 2258 1710 conterens
2289 1656 2550 1708 miserum
2597 1663 2650 1707 et
2681 1668 2802 1708 sese
2848 1654 3134 1707 saeviorem
3185 1653 3238 1705 in
3295 1652 3545 1720 plurimis

1961 1760 2220 1814 operans.
2248 1743 2426 1812 Hujus
2456 1743 2782 1798 desiderans
2818 1745 3001 1813 fugam
3021 1742 3288 1812 Georgius
3309 1743 3546 1798 Alexan-

1962 1835 2139 1890 driam
2183 1838 2352 1899 venit,
2386 1847 2440 1890 et
2475 1835 2542 1888 ad
2594 1836 2877 1892 basilicam
2918 1844 3234 1890 sanetormn
3286 1834 3541 1900 accessi',

265 1928 360 1980 καὶ
394 1928 581 1980 τοῦτον
619 1926 910 1995 κατῴκησε
948 1926 1088 1995 μετὰ
1117 1925 1225 1978 τῶν
1252 1926 1424 1979 ἀλλων
1453 1925 1694 1978 ἀσθενῶν
1720 1926 1858 1980 διαι-
1889 1915 1929 1968 Β

1851 1957 1858 1966 -
1889 1915 1929 1968 Β
1958 1933 2012 1979 et
2045 1925 2098 1978 in
2134 1925 2235 1979 hac
2278 1925 2545 1978 habitavit
2575 1939 2698 1979 cum
2741 1926 2862 1979 aliis
2886 1936 3131 1979 moratus
3156 1925 3409 1979 inlirmis.
3437 1923 3541 1979 Sed

263 2021 532 2088 τώμενος.
561 2018 699 2072 Ἀλλ’
720 2021 746 2070 ὁ
763 2020 972 2089 δαίμων
995 2021 1199 2079 ἐκεῖνος
1224 2020 1252 2070 ὁ
1278 2020 1465 2088 ἄγριος
1491 2024 1856 2090 μαρτυρικαῖς

265 2112 422 2181 χερσὶ
455 2112 876 2180 μαστιζόμενος,
910 2113 1003 2163 καὶ
1060 2110 1134 2180 μὴ
1183 2110 1366 2180 φέρων
1408 2110 1488 2162 ἔτι
1537 2111 1635 2177 τὴν
1669 2111 1856 2163 ἐνθάδε

267 2202 541 2272 Γεωργίου
573 2204 914 2270 κατοίκησιν,
946 2202 1082 2269 μήτε
1129 2201 1460 2269 χωρίζεσθαι
1490 2201 1680 2252 τούτου
1724 2201 1860 2270 πρὸς

264 2294 447 2348 αὐτῶν
481 2296 971 2364 προσταττόμενος,
1004 2292 1246 2346 τοιοῦτόν
1291 2310 1343 2344 τι
1379 2296 1692 2362 μηχανᾶται
1720 2311 1861 2360 παγ-

266 2385 552 2448 κάκιστον,
592 2386 683 2436 καὶ
716 2387 814 2453 τῆς
863 2383 1029 2435 αὐτοῦ
1081 2383 1347 2452 πονηρίας
1399 2385 1652 2447 ἐπάξιον,
1686 2384 1860 2452 φυγὴν

266 2475 448 2543 ἑαυτῷ
486 2475 585 2542 τῆς
623 2474 732 2526 τῶν
771 2474 945 2540 ἁγίων
988 2472 1428 2542 μνηστευόμενος
1469 2474 1752 2543 μάστιγος.

341 2564 734 2632 Νυκτικόρακα
787 2562 848 2614 τὸ
897 2560 1236 2630 καλούμενον
1270 2562 1459 2631 ὄρνεον
1507 2560 1862 2630 ὲμφωλεῦσαι

267 2659 335 2725 τῇ
390 2654 557 2724 στέγῃ
606 2652 939 2722 πεποίηκεν,
975 2653 1069 2704 καὶ
1100 2654 1206 2704 τῶν
1235 2652 1416 2704 τόπων
1444 2652 1556 2703 ἅνω
1582 2649 1864 2703 καθεύδειν

265 2762 327 2796 τε
356 2743 451 2795 καὶ
483 2741 833 2804 καθέζεσθαι,
864 2743 920 2792 ἐν
948 2736 1027 2802 οἷς
1050 2737 1118 2808 ἦν
1154 2741 1248 2792 καὶ
1281 2740 1557 2809 Γεωργίου
1593 2741 1660 2792 τα
1692 2740 1865 2810 στρώ-

271 2851 423 2903 ματα
442 2850 456 2864 ⁸
482 2834 605 2886 ὅθεν
631 2834 658 2884 ὁ
681 2830 1016 2900 νυκτικόραξ
1052 2828 1384 2898 καθήμενος,
1413 2830 1500 2879 ἐπ’
1526 2829 1685 2880 αὐτὸν
1708 2829 1867 2897 ἠκόν-

267 2924 421 2987 τιζεν
470 2922 665 2976 ἑαυτοῦ
721 2922 782 2975 τὸ
838 2923 1146 2991 ἀφὸδευμα,
1182 2923 1276 2974 καὶ
1328 2923 1508 2974 πᾶσαν
1557 2921 1722 2973 αὑτοῦ
1771 2922 1868 2991 τὴν

269 3015 507 3086 στρῶσιν
535 3014 820 3084 ἠφάνιζεν.
850 3010 1128 3072 Μαθόντες
1161 3013 1208 3062 οἱ
1259 3009 1335 3079 τῷ
1385 3009 1490 3078 νεῷ
1516 3009 1867 3078 διακονούμε-

258 3103 376 3172 νοι,
411 3109 492 3167 εἰς
541 3105 707 3158 τόπον
757 3105 944 3174 ἕτερον
998 3102 1092 3155 τὸν
1141 3100 1471 3154 ἀσθενοῦντα
1503 3103 1867 3170 μετήνεγκαν,

265 3198 372 3268 τῆς
401 3197 619 3259 ἀδικίας
656 3195 816 3249 αὑτὸν
851 3194 1196 3262 ἐλεήσαντες,
1227 3191 1386 3244 Ἀλλὰ
1409 3191 1570 3245 πάλιν
1601 3191 1662 3243 τὸ
1683 3192 1870 3262 ὄρνεον

267 3290 346 3350 ὡς
403 3289 467 3342 ἔκ
512 3305 659 3350 τινος
709 3287 1011 3355 ἀναγκαίου
1062 3286 1443 3354 συνθήματος,
1489 3289 1609 3349 ταῖς
1659 3287 1869 3339 ἐκείνου

270 3382 586 3450 στρωμναῖς
624 3381 1034 3448 συίιμετήρχετο
1057 3419 1069 3442 ,
1113 3379 1204 3429 καὶ
1235 3377 1311 3439 ὡς
1342 3376 1552 3429 τούτων
1580 3378 1678 3446 τὴν
1707 3377 1876 3446 φυλα-

269 3475 373 3541 κὴν
421 3474 884 3543 προσδεξάμενος,
918 3471 1014 3523 καὶ
1049 3471 1253 3532 ταύτας
1302 3472 1397 3540 ὲᾷν
1445 3473 1506 3523 ού
1555 3471 1871 3540 δυνάμενος,

268 3564 458 3617 ὲπάνω
505 3564 669 3616 πάλιν
717 3562 984 3629 ἀρώδευε,
1016 3563 1110 3614 καὶ
1164 3562 1260 3613 σὺν
1304 3562 1500 3624 αὐταῖς
1543 3565 1757 3630 συχνοῖς
1785 3564 1874 3614 τὸν

271 3654 546 3724 Γεωργιον
578 3654 821 3725 ἐρρύπου
862 3656 974 3715 τοῖς
1022 3653 1418 3722 ἀφοδεύμασιν.
1457 3652 1622 3716 Αὖθις
1657 3654 1713 3706 δὲ
1747 3655 1871 3707 τοῦ-

267 3765 362 3800 τον
393 3750 439 3799 oi
471 3747 708 3815 θυρωροὶ
754 3747 1254 3813 κατοικτείραντες,
1290 3747 1370 3807 εἰς
1399 3746 1568 3798 τόπον
1595 3745 1751 3809 αὖθις
1782 3747 1874 3799 ἄλ-

268 3839 358 3890 λον
398 3838 739 3906 μετέθηκεν·
769 3839 930 3890 τοῦτο
953 3837 1008 3890 δὲ
1035 3835 1303 3904 πεποίηκε
1333 3837 1427 3890 καὶ
1456 3838 1516 3890 τὸ
1548 3838 1756 3908 ὄρνεον,
1781 3839 1872 3891 καὶ

266 3932 370 3998 τῆς
424 3929 743 3999 μεταθέσως
789 3931 890 3982 οὐκ
929 3929 1246 3998 ἠμέλησεν·
1298 3930 1398 3982 οὐκ
1452 3931 1664 3983 οἴκοθεν
1715 3932 1872 3983 τοῦτο

268 4020 600 4090 ποιούμενον
625 4021 762 4090 (ἔστι
794 4020 903 4089 γὰρ
934 4019 1298 4087 ἀδιανόητον),
1331 4019 1466 4072 ἀ).λά
1495 4020 1749 4088 δαίμονος
1777 4021 1872 4073 αύ-

266 4109 350 4178 τῷ
388 4107 829 4169 συνελαύνοντος.
863 4107 948 4168 Ὠς
974 4107 1029 4158 δὲ
1061 4107 1244 4170 πάλιν,
1278 4108 1478 4175 μᾶλλον
1503 4109 1558 4161 δὲ
1589 4109 1867 4175 πολλάκις,

267 4203 319 4252 οἱ
356 4199 455 4268 τὴν
486 4199 790 4268 ὑπηρεσίαν
822 4198 918 4250 τοῦ
948 4197 1212 4266 τεμένους
1248 4199 1591 4266 ποιούμενοι,
1625 4201 1716 4252 τὸν
1767 4201 1871 4270 ἀρ-

270 4287 586 4358 ρωστοῦντα
619 4287 812 4354 gis-.3135:
824 4303 913 4356 ρον
934 4286 1178 4355 (δεκάκις
1197 4287 1304 4356 γὰρ
1329 4286 1485 4339 τοῦτο
1507 4289 1864 4358 πεπράκασι),

269 4379 369 4432 καὶ
397 4380 456 4431 τὸ
481 4378 666 4448 ὄρνεον
697 4377 992 4430 ἀκολοθοίνι
1020 4379 1124 4430 οὐκ
1145 4377 1402 4442 ἐπαύετο,
1422 4379 1572 4442 τέλος
1595 4379 1868 4434 ἐπαύσανο

265 4489 352 4535 το,
388 4472 675 4539 ἐνέργειαν
724 4463 864 4522 εἶναι
910 4465 1165 4536 δαίμονος
1203 4467 1303 4537 τὴν
1332 4470 1523 4520 τούτου
1563 4469 1866 4540 συνδρομὴν

269 4563 646 4630 λογισάμενοι.

345 4648 632 4718 Θυμωθεὶς
663 4646 756 4702 οὖν
803 4651 868 4702 ἐκ
911 4648 1102 4701 τούτου
1135 4645 1431 4718 Γεὼργιος,
1459 4649 1554 4700 καὶ
1589 4649 1864 4719 μάχαιραν

270 4740 455 4811 εὑρὼν
499 4741 562 4791 ὲκ
594 4736 902 4791 διαϐολικοῦ
934 4737 1176 4807 δηλονότι
1211 4738 1628 4807 συντάγματος,
1664 4739 1869 4809 ταύτην

273 4831 534 4904 ἁρπάσας
567 4833 595 4883 ὁ
627 4831 862 4891 δείλαιος
896 4829 1036 4882 κατά
1068 4827 1161 4881 τοῦ
1195 4830 1478 4898 φάρυγγος
1507 4830 1704 4898 ἤνεγκε
1728 4871 1740 4892 ,
1778 4830 1871 4882 καὶ

275 4923 527 4994 μεγάλην
561 4921 713 4992 αὐτῷ
765 4922 862 4990 τὴν
917 4919 1130 4990 σφαγὴν
1165 4920 1548 4989 ἐνειργάσατο⁸
1601 4920 1873 4990 κεντήσας

272 5016 388 5084 γὰρ
423 5013 640 5084 πρῶτον
688 5011 778 5062 τὸν
830 5010 1108 5080 λάρυγγα,
1147 5009 1308 5062 πάλιν
1337 5009 1466 5062 ἔνθα
1516 5009 1608 5061 καὶ
1654 5008 1781 5062 ἔνθα
1812 5013 1872 5063 τὸ

272 5105 431 5172 ξίφος
463 5102 735 5171 ἐκίνησεν,
758 5100 833 5163 ὡς
860 5102 960 5152 ούκ
994 5100 1272 5170 ἀρκούσης
1305 5100 1404 5168 τῆς
1435 5101 1706 5171 προτέρας
1735 5102 1870 5172 πληο

273 5197 380 5264 γῆς
403 5195 485 5256 εἰς
516 5192 817 5262 ἀναίρεσιν,
855 5193 902 5244 εί
937 5192 1012 5262 μὴ
1041 5194 1134 5244 καὶ
1167 5191 1227 5244 τὸ
1255 5192 1405 5256 ξίφος
1437 5193 1578 5262 μετά
1605 5195 1702 5264 τὴν
1726 5196 1870 5266 τρῶ-

275 5303 364 5337 σιν
399 5285 496 5336 καὶ
521 5285 740 5354 κίνησιν
769 5289 864 5337 καὶ
902 5285 1001 5356 τὴν
1053 5284 1269 5354 πληγὴν
1303 5285 1593 5354 ποιήσαιτο
1625 5285 1870 5356 μείζονα.

280 5377 386 5430 ’Ἦν
419 5377 562 5428 πάνυ
598 5375 687 5428 διὰ
723 5375 920 5445 βάθους
941 5375 1122 5428 λαϐὼν
1153 5378 1182 5428 ὁ
1217 5377 1546 5447 τρισάθλιος,
1579 5377 1764 5430 πεσὼν
1793 5381 1872 5442 είς

274 5471 384 5541 γῆν
414 5468 687 5533 ἐκυλίετο,
726 5469 822 5522 καὶ
848 5467 1105 5538 ἔσκαιρεν
1144 5468 1216 5531 ὡς
1249 5470 1297 5521 οἱ
1328 5470 1687 5538 σφαττόμενοι
1722 5472 1875 5524 σκαί-

278 5577 492 5632 ρουσιν,
515 5561 615 5630 τὴν
643 5560 822 5631 ψυχὴν
853 5560 1144 5614 ἀπολλύειν
1175 5562 1443 5630 οἰόμενος,
1475 5561 1700 5624 καὶτοῖς
1727 5579 1872 5633 παρ-

271 5651 432 5704 οῦσιν
462 5651 720 5720 θνήσκειν
754 5651 918 5714 εὐθὺς
947 5650 1515 5722 νομιζόμενος.’⁹οπερ
1543 5652 1593 5704 οἱ
1627 5653 1875 5724 πυλωροὶ

274 5742 632 5811 θεασάμενοι,
661 5742 755 5795 καὶ
778 5743 826 5795 οἱ
859 5741 956 5812 τὴν
987 5741 1333 5812 λειτουργίαν
1356 5741 1463 5795 τῶν
1489 5742 1659 5808 ἁγίων
1687 5745 1874 5798 ποιού-

281 5851 455 5903 μενοι,
483 5837 562 5897 εἰς
591 5834 708 5899 δέος
734 5835 834 5889 οὐκ
862 5834 1043 5902 ὀλίγον
1077 5834 1234 5894 ὲνέπε
1247 5850 1367 5903 σαν,
1399 5836 1597 5889 οἰκεῖον
1619 5837 1873 5907 ἔγκλημα

1895 4583 1942 4640 ὓ

1961 2015 2110 2068 ferus
2166 2015 2258 2069 ille
2293 2015 2530 2078 daemon,
2566 2015 2658 2084 qui
2709 2030 2740 2068 a
2793 2017 3107 2086 martyricis
3156 2016 3410 2071 manibus
3445 2015 3544 2068 lla-

1960 2105 2290 2175 gellabatur,
2338 2119 2449 2158 non
2501 2103 2686 2160 ferens
2735 2105 2876 2159 ultra
2914 2106 3037 2160 istic
3086 2104 3336 2161 habitare
3376 2103 3546 2160 Geor-

1961 2197 2132 2267 gium,
2175 2212 2354 2267 neque
2388 2197 2633 2266 separari
2668 2197 2734 2251 ab
2754 2214 2838 2263 eo,
2871 2207 2929 2250 ut
2961 2197 3029 2252 ab
3056 2198 3162 2251 illis
3195 2197 3554 2267 praeipiebao

1963 2296 2073 2353 tur,
2105 2289 2405 2358 pessimum
2433 2289 2563 2351 quid
2595 2289 2964 2353 machinatur,
2999 2297 3052 2343 et
3081 2303 3181 2343 sua
3220 2289 3396 2358 ipsius
3415 2302 3548 2342 con-

1964 2378 2190 2445 dignum
2227 2377 2494 2447 nequitia,
2528 2377 2716 2448 fugam
2761 2379 2866 2434 sibi
2893 2394 2921 2432 a
2970 2386 3288 2434 sanctorum
3333 2379 3554 2450 ﬂagello

1966 2469 2312 2538 promittens.

2037 2563 2231 2628 Avein,
2261 2578 2385 2631 quae
2420 2570 2651 2618 vocatur
2696 2565 3037 2635 nycticorax,
3073 2563 3277 2619 cubare
3317 2562 3447 2619 fecit
3492 2565 3552 2619 in

1967 2662 2131 2717 tecto,
2162 2664 2218 2708 et
2236 2653 2292 2708 in
2312 2655 2450 2710 locis
2475 2655 2858 2724 superioribus
2891 2655 3132 2711 dormire
3154 2667 3317 2726 atque
3336 2656 3548 2722 sedere,

1969 2745 2021 2798 in
2054 2745 2257 2814 quibus
2290 2755 2449 2800 erant
2488 2753 2791 2801 stramenta
2828 2745 3084 2814 Georgii;
3126 2746 3272 2802 unde
3298 2747 3553 2817 nycdcu-

1969 2850 2069 2889 rax
2123 2836 2321 2891 sedens
2369 2843 2586 2892 stercus
2617 2852 2776 2892 sumn
2804 2836 3154 2906 jaeulabatur
3183 2854 3352 2909 super
3396 2853 3546 2903 eum,

1970 2936 2024 2982 et
2087 2935 2258 2981 totum
2322 2927 2442 2997 ejus
2495 2928 2781 2983 sordidum
2835 2927 3099 2983 reddebat
3164 2939 3550 2990 stramentum,

1971 3019 2090 3084 Quo
2106 3028 2408 3088 comperto,
2426 3020 2610 3088 templi
2635 3019 2870 3074 ministri
2892 3019 2944 3074 in
2965 3020 3133 3073 alium
3157 3021 3336 3074 locum
3367 3031 3552 3075 trans-

1973 3108 2217 3161 tulerunt
2258 3108 2558 3174 inﬁrmum,
2607 3123 2776 3178 super
2815 3108 3074 3177 injuriam
3120 3109 3297 3178 ipsius
3329 3114 3398 3164 ad
3446 3110 3556 3164 mi-

1975 3197 2334 3253 sericordiam
2387 3198 2650 3254 devoluti.
2709 3197 2815 3253 Sed
2857 3199 3057 3254 iterum
3093 3199 3231 3265 avis,
3279 3202 3440 3271 quasi
3487 3217 3552 3257 ex

1979 3289 2218 3358 quodam
2259 3289 2580 3346 necessario
2612 3297 2795 3359 pacto,
2827 3303 2952 3344 cum
2993 3290 3141 3346 illius
3187 3291 3556 3347 comitabatur

1977 3381 2326 3448 stramentis;
2356 3389 2411 3436 et
2449 3382 2607 3449 quasi
2632 3382 2828 3437 horum
2857 3382 3161 3437 custodiam
3194 3384 3554 3452 suscepisset,

1975 3481 2029 3527 et
2060 3473 2174 3528 hanc
2205 3473 2485 3528 dimittere
2515 3473 2744 3529 minime
2761 3475 3048 3541 valuisset,
3084 3474 3320 3545 desuper
3355 3477 3555 3531 iterum

1975 3566 2226 3628 eacabat,
2296 3573 2350 3616 et
2394 3579 2517 3618 cum
2560 3565 2640 3618 eis
2696 3566 2861 3619 etiam
2920 3564 3214 3634 Georgium
3270 3555 3557 3619 sordidum

1975 3656 2316 3710 stercoribus
2363 3655 2648 3710 reddebat.
2685 3655 2904 3711 Rursus
2930 3665 3110 3710 autem
3147 3655 3293 3711 hunc
3336 3658 3557 3712 ostiarii

1976 3746 2187 3802 miserti
2222 3747 2277 3799 in
2311 3747 2420 3799 alio
2448 3746 2570 3800 loco
2615 3757 2955 3815 posuerunt;
2986 3748 3089 3800 hoc
3129 3753 3308 3801 autem
3340 3746 3468 3802 fecit
3498 3756 3553 3801 et

1973 3837 2114 3900 avis,
2139 3843 2194 3892 et
2227 3837 2608 3892 translationis
2633 3852 2820 3891 curam
2850 3851 2955 3890 non
2978 3837 3188 3900 habuit,
3216 3853 3325 3891 non
3359 3848 3555 3907 sponte

1974 3927 2077 3980 hoc
2111 3925 2339 3988 faciens,
2362 3934 2445 3980 est
2482 3926 2626 3980 enim
2661 3925 2939 3980 intellectu
2977 3941 3194 3990 carens,
3235 3926 3330 3981 sed
3358 3942 3418 3982 se
3441 3927 3554 3981 dre-

1973 4032 2135 4071 tnone
2173 4017 2504 4087 impelientc.
2529 4016 2777 4088 Cumque
2800 4017 3020 4074 iterum.
3048 4016 3158 4070 imo
3185 4031 3347 4086 saepe,
3374 4017 3428 4070 hi
3457 4018 3551 4086 qui

1975 4106 2513 4162 administrationem
2566 4107 2753 4176 templi
2797 4107 3098 4173 faciebant,
3136 4108 3554 4162 transtulissent

1974 4198 2250 4252 intirmum
2284 4199 2487 4269 (decies
2523 4200 2668 4252 enim
2700 4198 2804 4252 hoc
2840 4199 3114 4268 egerunt),
3136 4207 3188 4252 et
3218 4199 3334 4254 avis
3360 4199 3553 4255 subse-

1971 4291 2061 4360 qui
2098 4306 2203 4344 non
2232 4298 2525 4354 cessasset,
2568 4300 2844 4359 postremo
2878 4291 3224 4359 quieverunt,
3278 4292 3554 4359 operatio-

1969 4395 2096 4434 nem
2135 4395 2258 4436 esse
2284 4379 2572 4445 daemonis,
2605 4379 2771 4448 hujus
2814 4379 3284 4445 deprehendentes
3313 4393 3552 4434 concur-

1969 4485 2116 4526 Sum.

2045 4644 2100 4700 in
2151 4645 2392 4700 furorem
2447 4661 2579 4715 ergo
2633 4661 2697 4700 ex
2742 4646 2844 4700 hoc
2877 4661 3070 4702 versus
3101 4646 3388 4718 Georgius,
3432 4665 3552 4705 ma-

1975 4738 2154 4791 chaera
2205 4753 2274 4790 ex
2328 4737 2598 4790 diabolica
2646 4735 2893 4805 profectu
2939 4739 3259 4806 operatione
3311 4751 3550 4810 reperta,

1975 4829 2116 4882 hanc
2159 4828 2352 4883 infelix
2378 4829 2657 4898 abreptam
2690 4828 2874 4882 intulit
2908 4837 3097 4883 contra
3130 4840 3336 4901 guttur,
3356 4843 3409 4887 et
3437 4850 3552 4886 ma-

1973 4933 2134 4988 gnam
2170 4917 2274 4973 sibi
2309 4919 2526 4987 plagam
2568 4927 2829 4982 operatus
2861 4926 2975 4983 est;
3013 4929 3214 4988 puncto
3248 4923 3393 4976 enim
3433 4927 3549 4993 pri-

1975 5013 2141 5065 mitus
2173 5019 2414 5079 gutture,
2441 5009 2638 5064 iterum
2672 5011 2798 5064 hinc
2835 5021 2887 5064 et
2923 5010 3048 5064 inde
3081 5013 3321 5076 gladium
3357 5017 3546 5078 movit,

1972 5108 2132 5177 quasi
2174 5106 2239 5160 ad
2281 5106 2758 5175 interemptioncm
2799 5103 2952 5174 prior
2988 5104 3143 5175 plaga
3175 5107 3398 5160 minime
3432 5107 3550 5163 suf-

1973 5200 2220 5265 fecisset,
2255 5199 2362 5253 nisi
2405 5207 2458 5253 et
2489 5197 2731 5268 gladium
2767 5206 2891 5265 post
2942 5197 3110 5250 ictum
3165 5199 3448 5265 movisset,
3495 5209 3550 5255 et

1974 5293 2186 5362 plagam
2219 5290 2481 5359 majorem
2543 5287 2783 5344 fecisset.
2833 5287 3005 5353 Quam
3054 5304 3176 5342 cum
3218 5289 3376 5345 valde
3423 5307 3550 5361 pro-

1974 5384 2197 5438 fundam
2238 5381 2581 5436 miserrimus
2621 5381 2949 5449 accepisset,
3004 5380 3206 5435 cadens
3241 5382 3297 5435 in
3348 5394 3546 5437 terram

1976 5473 2346 5537 volutabatur,
2399 5480 2453 5526 et
2501 5470 2802 5540 palpitabat
2848 5471 2996 5524 sicut
3036 5470 3089 5523 hi
3136 5472 3400 5541 palpitant
3454 5473 3546 5542 qui

1975 5566 2324 5622 occiduntur.
2357 5565 2594 5618 animam
2621 5562 2897 5616 dimittere
2931 5561 3216 5630 opinatus,
3252 5573 3305 5615 et
3336 5580 3361 5614 ει
3413 5579 3550 5632 pra:-

1975 5658 2222 5714 sentibus
2256 5657 2392 5710 mori
2432 5663 2670 5723 putatus.
2697 5652 2851 5715 Quod
2883 5653 3098 5707 ostiarii
3132 5653 3547 5719 \‘idcules,dum

1974 5745 2207 5801 oﬂicium
2252 5746 2595 5800 celebrarent
2638 5751 2978 5806 sanctorum,
3023 5744 3076 5797 in
3133 5759 3386 5811 pavorem
3437 5763 3548 5801 non

1975 5838 2250 5899 modicum
2290 5843 2640 5902 corruerunt,
2681 5834 2960 5904 proprium
2993 5833 3046 5888 id
3086 5834 3292 5889 crimen
3338 5845 3391 5892 et
3431 5839 3549 5893 cui,
