4280 6442
695 383 835 449 3655

1637 372 1696 431 S.
1734 363 2153 432 SOPHRONII
2193 363 2705 427 ΡᾹΤΚῙΛΗΟΗΕ
2744 361 3142 422 HIEROSOL

3836 348 3980 416 3556

699 512 821 568 pain
875 498 1164 564 ponentes,
1213 503 1321 544 non
1362 472 1710 542 observando
1751 501 1875 540 eum
1918 485 1988 538 ab
2033 483 2289 552 hujusce-
2321 487 2366 544 Α

2424 483 2492 536 ιαὶ
2526 481 2732 551 μέμψιν
2763 479 3062 547 τιθέμενοι,
3090 475 3152 528 τδ
3186 474 3262 544 μὴ
3298 471 3535 543 φυλάξαι
3584 469 3844 540 τοιαύτης
3885 474 3985 524 αὑ·-

701 585 846 641 modi
883 581 1308 654 perpetratione,
1339 577 1432 648 qui
1465 590 1494 632 a
1547 577 1784 645 maligno
1814 575 2086 630 dmmonio
2115 587 2282 626 vexa-

702 679 902 741 batur;
945 683 998 730 et
1033 675 1286 728 timentes
1319 687 1386 725 ne
1410 669 1549 724 forte
1581 686 1647 724 ex
1679 669 1781 722 hoc
1820 669 1922 723 sibi
1975 667 2284 738 periculum

702 770 880 831 fieret,
917 783 1012 838 per
1041 769 1247 821 vicinas
1280 767 1437 819 villas
1467 763 1852 819 discurrebant
1908 762 2151 814 medicos
2190 758 2286 811 ad-

704 871 986 925 vocantes,
1017 860 1059 914 si
1111 859 1249 913 forte
1285 868 1504 928 possent
1549 855 1827 910 assuenda
1867 852 2108 922 gutturis
2142 851 2285 905 letali

703 953 929 1006 vulnere
977 952 1236 1021 copulato
1281 953 1490 1005 salvum
1539 947 1720 1002 facere
1785 945 2060 1000 hominem
2117 942 2288 997 mori-

701 1044 972 1106 buudmn,
1001 1051 1056 1096 et
1090 1058 1148 1096 se
1171 1058 1292 1095 cum
1326 1043 1442 1110 ipso
1472 1040 1867 1109 periclitantes.
1897 1034 2077 1089 Unum
2103 1042 2287 1088 autem

705 1146 760 1189 et
790 1138 969 1190 solum
1002 1135 1143 1205 apud
1185 1133 1478 1188 Ileruelion
1508 1133 1812 1191 inventum,
1854 1138 1907 1183 et
1947 1127 2135 1181 multis
2168 1140 2294 1195 pre-

703 1227 866 1280 eibns
899 1241 1221 1295 persuasum
1296 1223 1360 1276 ad
1412 1222 1736 1292 martyrium
1786 1218 2153 1273 deduxerunt.
2187 1214 2291 1280 Qui

703 1330 825 1368 eum
857 1319 1069 1385 plagam
1105 1314 1333 1367 vidisset
1377 1313 1492 1365 fore
1525 1311 1888 1375 mortiferam,
1917 1309 2148 1362 recessit
2178 1321 2290 1360 rem

703 1407 908 1473 nullam
941 1419 1261 1473 aggressus,
1315 1402 1410 1456 sed
1449 1405 1644 1457 timore
1690 1416 1890 1469 magno
1920 1400 2200 1461 detentus,
2242 1405 2298 1451 et

705 1497 943 1551 miratus
967 1496 1250 1566 quomodo
1281 1495 1522 1550 nondum
1553 1504 1803 1546 mortuus
1835 1501 1980 1545 esset
2002 1489 2293 1558 Georgius,

704 1586 798 1656 qui
838 1587 983 1640 hanc
1012 1587 1229 1640 sibimet
1259 1586 1520 1639 intulerat
1546 1586 1798 1654 plagam;
1837 1582 2142 1652 praesertim
2171 1596 2294 1634 eum

705 1679 869 1733 ﬂatus
894 1692 1125 1747 peream
1169 1675 1510 1742 redderetur,
1531 1688 1581 1730 et
1616 1693 1807 1731 rursus
1825 1692 1934 1744 per
1954 1690 2073 1730 eam
2119 1673 2297 1742 inspi-

705 1770 918 1824 ratione
951 1770 1348 1835 ingrederetur,
1396 1767 1649 1822 similiter
1674 1778 1724 1820 et
1751 1767 2011 1820 alimenta
2049 1773 2102 1818 et
2133 1771 2297 1833 potus

707 1860 833 1914 inde
859 1857 1100 1912 facerent
1123 1859 1353 1912 exitum.

777 1949 849 2002 At
894 1965 1025 2002 vero
1061 1959 1350 2020 martyres,
1385 1958 1549 2003 noctu
1597 1949 1899 2012 venientes,
1925 1947 2295 2016 dispensatori

709 2038 1007 2094 dormienti
1069 2039 1398 2093 medicinam
1461 2039 1893 2108 disponebant:
1954 2037 2143 2091 vinum
2179 2043 2298 2092 erat

711 2133 827 2186 haec
856 2142 910 2186 et
937 2131 1143 2194 oleum,
1169 2146 1266 2202 per
1287 2146 1450 2200 quam
1483 2140 1536 2186 et
1568 2131 1836 2186 Dominus
1857 2145 1978 2185 eum
2005 2131 2098 2200 qui
2133 2130 2300 2183 latro-

713 2240 814 2279 nes
843 2223 1118 2278 ineiderat
1169 2225 1386 2279 salvum
1428 2223 1579 2291 feeit,
1622 2225 1809 2278 vinum
1841 2224 1962 2294 ejus
2017 2224 2299 2277 ulceribus

715 2315 1012 2370 infundens
1041 2325 1095 2369 ct
1126 2317 1306 2370 oleum
1335 2332 1350 2382 ;
1392 2331 1488 2386 per
1517 2332 1678 2386 quam
1715 2327 1770 2372 et
1804 2315 2111 2372 Salvatoris
2137 2332 2303 2371 attnu-

714 2407 914 2462 latorcs
959 2406 1254 2477 Georgium
1307 2417 1530 2474 eruunt,
1585 2409 1770 2462 taliter
1818 2407 2000 2462 facere
2047 2407 2302 2462 Christo-

716 2499 858 2555 doro
895 2500 1305 2569 prmeipientes.
1358 2497 1639 2554 Kaloetem
1688 2501 1980 2569 quemdam
2009 2499 2299 2554 ostiarium

719 2590 1253 2661 comprehendenzes
1307 2589 1678 2661 ﬂagellabant,
1740 2593 2014 2660 llagellum
2057 2607 2122 2645 ex
2175 2591 2304 2644 fune

717 2696 977 2751 magnum
1009 2683 1260 2749 operati;
1293 2682 1408 2751 ipse
1434 2683 1580 2736 enim
1619 2692 1737 2737 erat
1762 2686 1854 2753 qui
1891 2685 2222 2739 medieulum
2249 2685 2302 2738 in

720 2773 984 2842 templum
1040 2788 1203 2826 suum
1237 2774 1578 2839 adduxerat;
1612 2783 1667 2829 et
1698 2776 1812 2828 haec
1852 2775 2194 2846 llagellantes
2225 2776 2307 2830 di-

719 2867 962 2920 cebant:
1000 2865 1194 2920 Nescis
1221 2866 1348 2934 quia
1395 2867 1586 2920 mundi
1631 2869 1802 2923 totius
1845 2869 2304 2923 medicamentum

721 2956 926 3010 domus
975 2962 1168 3008 nostra
1202 2955 1494 3010 consistit?
1535 2957 1720 3011 neseis
1755 2959 1880 3027 quia
1908 2957 2166 3013 Christus
2205 2973 2307 3011 nos

724 3047 972 3100 medicos
1014 3045 1242 3100 donavit
1292 3046 1588 3103 lidelihus?
1646 3063 1754 3118 qua
1809 3064 1941 3118 ergo
1988 3063 2089 3118 pro
2138 3063 2306 3102 causa

725 3140 1003 3194 medicum
1062 3139 1258 3205 alium,
1323 3140 1452 3194 dum
1508 3142 1628 3211 ipse
1694 3141 2059 3195 medicamine
2118 3154 2309 3194 nostro

728 3241 909 3301 egeat,
948 3231 1014 3284 ad
1063 3231 1288 3284 domum
1327 3203 1571 3285 nostrain
1607 3231 1848 3287 duxisti?
1884 3232 1948 3286 Et
1983 3234 2129 3286 hunc
2176 3234 2312 3287 bene
2339 3203 2382 3261 Ο

728 3330 937 3375 tortum
997 3321 1355 3386 dimiserunt,
1394 3336 1461 3374 ne
1512 3321 1744 3374 ulterius
1779 3320 1885 3374 hoc
1914 3321 2117 3375 faceret
2150 3320 2313 3373 mini-

732 3423 933 3466 tantes.
971 3412 1245 3467 Dixissent
1287 3422 1468 3467 autem
1517 3414 1619 3468 hoc
1666 3413 1955 3467 audientes
1986 3413 2134 3482 quod
2161 3429 2316 3466 eont-

732 3512 986 3575 petenter
1020 3520 1144 3558 eum
1197 3492 1618 3573 llztgel'laverint,
1672 3505 1717 3558 si
1751 3521 1917 3574 super
1949 3521 2014 3558 eo
2059 3504 2258 3558 laetam
2289 3520 2317 3556 a

735 3597 946 3651 sanctis
1028 3597 1407 3665 operationem
1480 3589 1829 3652 didicissent.
1908 3594 2319 3651 Periclitantem

735 3690 943 3759 quippe
987 3689 1140 3742 illum
1190 3688 1257 3743 de
1305 3705 1639 3758 pneumone,
1687 3697 1740 3743 et
1784 3691 1838 3743 in
1890 3690 2092 3744 inferni
2142 3689 2320 3758 portis

735 3781 944 3850 iugiter
991 3788 1448 3845 eommorantem,
1501 3791 1558 3835 et
1600 3782 1807 3835 nullam
1843 3797 1871 3834 a
1908 3781 2138 3834 medicis
2167 3795 2319 3848 spem

741 3873 942 3928 salutis
975 3873 1367 3938 invenientent,
1414 3875 1572 3928 aloen
1620 3875 1793 3929 solum
1834 3883 2104 3944 martyres
2131 3873 2324 3926 dantes

743 3971 1058 4029 sanarunt;
1093 3973 1148 4018 et
1181 3981 1289 4018 non
1336 3967 1512 4020 solum
1556 3967 1720 4036 hujus
1758 3967 1834 4019 rei
1867 3981 2033 4020 causa
2079 3964 2322 4033 flagella-

738 4064 942 4109 verunt
979 4064 1240 4125 tanquam
1283 4057 1684 4120 immemorem,
1722 4057 1818 4112 sed
1867 4065 1921 4111 et
1953 4057 2081 4126 quia
2116 4064 2196 4109 tot
2239 4058 2327 4108 in.

740 4155 905 4201 tuens
937 4149 1281 4202 curationem
1319 4149 1569 4218 adeptos,
1599 4158 2032 4217 sanctorumque
2069 4148 2326 4202 fortissi—

742 4250 831 4288 ma
867 4251 970 4304 ope
1009 4236 1277 4298 fruentes.
1307 4239 1464 4307 quasi
1517 4237 1722 4292 fuerint
1761 4239 1838 4292 illi
1882 4239 1950 4292 ad
2003 4239 2239 4292 salutem
2275 4247 2330 4291 et

745 4329 1086 4397 ereptioncm
1151 4329 1378 4392 infirmi,
1440 4333 1712 4383 medicum
1773 4330 1976 4384 ducere
2032 4331 2190 4385 nisus
2243 4336 2328 4383 est

743 4417 940 4469 alium.
979 4416 1188 4471 Taliter
1236 4433 1364 4488 ergo
1408 4417 1674 4486 Georgius
1708 4430 1763 4475 et
1804 4421 2078 4474 insaniam
2127 4421 2328 4474 datum.

2390 575 2516 638 τοὺς
2542 571 2916 642 ἐγχειρήσεως
2937 568 3030 620 τὸν
3057 564 3163 618 ὑπὸ
3185 562 3424 633 πονηροῦ
3449 562 3703 632 δαίμονος
3730 559 3988 631 ἐνεργού-

2394 680 2554 735 μενον
2574 679 2588 693 '
2623 663 2718 716 καὶ
2752 660 3080 730 φοϐούμενοι
3109 658 3306 727 μήπως
3338 655 3524 717 αὐτοῖς
3547 654 3775 723 γένηται
3801 653 3986 705 κίνδυ-

2391 775 2500 822 νος,
2535 758 2617 821 εἰς
2641 756 2739 818 τὰς
2765 754 3015 822 γείτονας
3037 747 3230 820 κώμας
3251 748 3550 819 διέτρεχον,
3573 747 3791 816 ἰατροὺς
3813 761 3989 815 προσ.

2391 852 2741 921 καλούμενοι,
2763 847 2814 901 εἴ
2833 863 2950 910 πως
2975 843 3256 915 δυνηθείη,
3285 844 3484 913 ραφαῖς
3513 841 3577 892 τὸ
3604 839 3826 909 τραῦμα
3857 854 3989 890 συν-

2393 947 2654 1014 άψαντες,
2687 942 2883 1005 σῶσαι,
2931 939 3099 1010 μήπω
3147 936 3381 990 θανόντα
3408 934 3501 988 τὸν
3536 931 3859 1004 ἄνθρωπον,
3893 933 3989 984 καὶ

2393 1037 2591 1100 αὐτοὺς
2615 1035 2713 1088 σὺν
2741 1032 2890 1102 αὐτῷ
2920 1029 3356 1092 κινδυνεύοντας.
3383 1026 3536 1090 Ἐνὸς
3565 1025 3623 1079 δὲ
3659 1025 3820 1095 μόνου
3845 1023 3990 1077 κατὰ

2392 1131 2454 1184 τὺ
2485 1127 2805 1198 Ἡράκλειον
2841 1124 3269 1194 εὐπορήσαντος,
3303 1121 3400 1173 καὶ
3433 1119 3657 1181 πολλαῖς
3683 1117 3847 1170 αὑτὸν
3885 1133 3993 1169 πα-

2398 1219 2696 1290 ρακλήσεσι
2748 1213 3056 1276 πείσαντες,
3087 1213 3166 1274 εἰς
3208 1210 3270 1262 τὸ
3317 1208 3621 1280 μαρτύριον
3649 1208 3888 1276 ἤγαγονο
3931 1203 3992 1267 ὃς

2393 1313 2493 1382 τὴν
2541 1307 2758 1381 πληγὴν
2801 1307 3140 1376 θεασάμενος
3189 1303 3564 1372 θανατηφόρον
3593 1301 3991 1368 τυγχάνουσαν,

2395 1403 2744 1474 ἀνεχώρησεν
2777 1400 2877 1453 οὐκ
2905 1399 3236 1468 ἐγχειρήσας
3270 1396 3348 1466 τῷ
3377 1396 3688 1464 πράγματι,
3713 1391 3866 1460 φόϐῳ
3895 1406 3994 1458 με·

2397 1497 2548 1566 γάλῳ
2581 1492 2954 1564 κρατούμενος
2977 1490 3074 1542 καὶ
3099 1487 3372 1558 τεθηπὼς,
3396 1486 3513 1548 πῶς
3543 1485 3699 1538 οὗπω
3727 1481 3997 1550 τέθνηκεν

2397 1589 2427 1640 ὁ
2458 1585 2732 1657 Γεώργιος
2777 1585 2805 1636 ὁ
2854 1583 3058 1651 ταύτην
3103 1580 3190 1632 ἐπ’
3227 1579 3376 1648 αὐτῷ
3409 1574 3672 1648 [πληγὴν]
3711 1573 3994 1643 παρασχό-

2403 1695 2564 1750 μενος
2583 1693 2598 1708 ⁶
2627 1678 2663 1747 ἦ
2694 1693 2752 1728 τε
2784 1674 2890 1745 γὰρ
2925 1673 3062 1743 πνοὴ
3093 1672 3160 1726 δι’
3185 1671 3357 1740 αὐτῆς
3389 1668 3678 1730 ἀνεδίδοτο,
3707 1665 3802 1718 καὶ
3833 1663 3998 1717 πάλιν

2402 1773 2437 1841 ὴ
2469 1768 2694 1840 είσπνοὴ
2721 1767 2787 1821 δι’
2809 1767 2979 1836 αὐτῆς
3011 1765 3380 1832 ὑπεισήρχετο
3399 1778 3412 1791 -
3442 1759 3643 1830 ὁμοίως
3673 1759 3743 1811 τά
3772 1773 3830 1808 τε
3858 1754 4000 1827 βρω-

2331 1847 2374 1902 B
2407 1881 2556 1935 ματα
2580 1861 2792 1916 ἐκεῖθεν
2818 1857 3102 1914 ἐποιοῦντο
3133 1856 3232 1926 τὴν
3261 1854 3463 1919 ἔξοδον.

2475 1957 2538 2010 Ol
2564 1956 2622 2009 δὲ
2650 1955 2926 2025 μάρτυρες
2954 1950 3148 2013 νυκτὸς
3178 1947 3528 2019 ἀφικόμενοι,
3559 1943 3638 2014 τῷ
3671 1943 3770 2014 μὲν
3793 1940 4003 1996 οἰκονό-

2410 2061 2496 2116 μῳ
2543 2042 2860 2096 καθεύδοντι
2907 2041 3007 2111 τὴν
3059 2039 3305 2109 ἰατρείαν
3357 2036 3658 2091 ὲπέταττον
3711 2028 3884 2103 (οἶνος
3934 2026 4005 2100 ἦν

2406 2137 2548 2206 αὕτη
2583 2135 2680 2188 καὶ
2719 2134 2896 2188 ἔλαιον
2924 2131 2992 2185 δι’
3026 2127 3095 2203 ἧς
3120 2133 3149 2184 ὁ
3180 2130 3387 2201 Κύριος
3423 2128 3519 2182 τὸν
3547 2130 3626 2187 είς
3665 2126 3872 2198 λῃστὰς
3901 2125 4006 2193 εμ-

2408 2229 2646 2282 πεσόντα
2681 2225 2940 2278 διέσωσεν
2959 2265 2975 2291 ,
3005 2219 3150 2276 οἶνον
3177 2221 3344 2276 αὐτοῦ
3381 2223 3494 2284 τοῖς
3525 2219 3838 2291 τραύμασιν
3887 2218 4010 2269 ἑπιο

2409 2320 2550 2390 χέων
2576 2319 2669 2372 καὶ
2704 2317 2928 2384 Eleum)“
2963 2315 3028 2368 δι’
3060 2308 3130 2386 ἦς
3151 2313 3248 2367 καὶ
3275 2311 3369 2366 τοῦ
3402 2312 3656 2383 Σωτῆρος
3685 2310 3737 2364 oi
3758 2306 4011 2380 ιμιμηταὶ

2410 2410 2683 2481 Γεώργιον
2733 2409 2973 2480 ῥύονται,
3007 2406 3150 2460 οὕτω
3197 2407 3372 2460 ποιεῖν
3415 2403 3781 2476 Χριστοδώρῳ
3817 2400 4012 2454 θεσπί-

2414 2520 2628 2567 σαντες.
2647 2501 2930 2570 Καλοέτην
2953 2500 3012 2552 δέ
3037 2516 3160 2552 τινα
3180 2497 3428 2568 θυρωρὸν
3449 2513 3582 2550 κατε
3593 2494 3856 2566 σχηκότες
3876 2494 4017 2562 ἐμάρ-

2415 2595 2621 2660 στιζον,
2649 2593 2981 2664 φραγέλλιον
3007 2593 3074 2646 ὲκ
3102 2591 3340 2660 σχοινίου
3368 2589 3583 2662 μακρὸν
3604 2589 3976 2658 ἐργασάμενοι
3995 2601 4013 2616 ·

2413 2688 2576 2750 αὑτὸς
2606 2687 2716 2757 γὰρ
2743 2681 2810 2757 ἦν
2844 2687 2872 2738 ό
2895 2685 2986 2737 τὴν
3019 2685 3299 2754 ίατρίσκον
3331 2683 3540 2735 ἐκεῖνον
3565 2680 3799 2748 ἐνέγκας
3831 2677 4018 2730 αὐτῶν

2414 2781 2494 2840 εἰς
2540 2779 2601 2832 τδ
2649 2779 2904 2848 τέμενος’
2937 2777 3031 2828 καὶ
3057 2773 3231 2828 ταῦτα
3264 2773 3620 2844 μαστίζοντες
3649 2771 3866 2838 ἔλεγον
3899 2769 4019 2822 Οὐκ

2415 2867 2562 2934 οἶδας
2607 2871 2689 2922 ὅτι
2735 2867 2829 2920 τοῦ
2871 2873 3078 2934 κόσμου
3111 2865 3314 2924 παντὸς
3346 2865 3582 2934 ἰατρεῖον
3613 2861 3771 2932 ἡμῶν
3806 2861 3836 2912 ό
3867 2854 4020 2922 οἶκος

2417 2963 2786 3033 καθέστηκενς
2815 2962 2915 3015 οὐκ
2937 2957 3085 3022 οἶδας
3107 2959 3191 3012 ὃτι
3211 2957 3442 3026 Χριστὸς
3474 2958 3621 3026 ἡμᾶς
3653 2953 3874 3024 ίατροὺς
3897 2954 4017 3010 τοῖς

2419 3054 2632 3113 πιστοῖς
2675 3051 3004 3120 ἐχαρίσατο;
3047 3049 3147 3102 οὐκ
3181 3041 3329 3110 οἶδας
3361 3047 3443 3099 ὅτι
3473 3062 3533 3098 σε
3568 3043 3752 3097 πυλῶν
3783 3043 4020 3096 Θανάτου

2419 3145 2581 3214 ἡμεῖς
2609 3143 3054 3212 ἀφηρπάσαμεν;
3099 3139 3254 3201 Τίνος
3297 3138 3390 3192 οὖν
3436 3138 3624 3190 ἕνεκεν
3669 3135 3853 3206 ίατρδν
3887 3136 4022 3205 ἡμῖν

2418 3235 2608 3306 ἓτερον
2643 3233 2885 3304 ἰατρείας
2921 3231 3202 3302 ἡμετέρας
3232 3229 3488 3299 δεόμενον
3527 3228 3607 3290 είς
3642 3225 3911 3296 ἡμέτερον
3941 3219 4025 3277 ol-

2419 3343 2513 3378 κον
2535 3325 2796 3394 ἐκόμισας
2817 3342 2832 3390 ;
2859 3325 2968 3376 Καὶ
2990 3322 3171 3384 καλῶς
3197 3321 3359 3376 αὑτὸν
3382 3319 3777 3390 βασανίσαντες
3801 3317 4023 3382 εἴασαν,

2424 3419 2623 3490 μηκέτι
2649 3436 2701 3471 τι
2728 3417 2939 3470 τοιοῦτο
2977 3418 3152 3468 ποιεῖν
3176 3414 3598 3485 ἀπειλήσαντες.
3630 3412 3850 3464 Εἴποιεν
3879 3410 3924 3462 δ’
3955 3409 4025 3462 ἂν

2420 3515 2470 3566 oi
2499 3511 2812 3574 ἀκούοντες,
2835 3510 2910 3569 ὡς
2945 3508 3171 3570 εἰκότως
3202 3506 3364 3559 αὑτὸν
3402 3505 3816 3576 ἐμαστίγωσαν,
3847 3503 3896 3555 εί
3921 3503 4025 3571 τὴν

2423 3601 2508 3654 ἐπ’
2540 3600 2688 3670 αύτῷ
2717 3599 3010 3668 γινομένην
3061 3601 3172 3660 τοῖς
3226 3596 3402 3665 ἁγίοις
3453 3596 3738 3667 ἐνέργειαν
3777 3595 4002 3663 μάθοιεν

2428 3693 2820 3746 Κινδυνεύοντα
2871 3691 2979 3761 γὰρ
3011 3689 3174 3743 αὑτὸν
3224 3691 3289 3742 ὲκ
3338 3687 3435 3741 τοῦ
3483 3689 3806 3757 πνεύμονος,
3844 3688 3939 3739 καὶ
3969 3688 4030 3738 ἐν

2427 3787 2553 3857 ᾅδου
2592 3785 2789 3847 πύλαις
2822 3782 3065 3852 συνεχῶς
3095 3780 3476 3851 αὐλιζόμενον,
3508 3781 3604 3832 καὶ
3648 3779 3920 3849 μηδεμίαν
3967 3777 4028 3844 ἐξ

2431 3876 2632 3947 ίατρῶν
2665 3876 2858 3928 ἐλπίδα
2894 3873 3168 3942 σωτηρίας
3213 3872 3579 3940 εὑρίσκοντα,
3609 3869 3796 3940 ἀλὼην
3852 3871 4026 3940 μόνην

2427 3970 2476 4022 οἱ
2507 3969 2783 4039 μάρτυρες
2813 3968 2956 4018 πιεῖν
2979 3964 3274 4026 δεδωκότες
3309 3963 3556 4016 ίάσαντο.
3589 3963 3700 4016 Καὶ
3727 3963 3789 4015 ού
3819 3961 4032 4028 ταύτης

2429 4059 2591 4111 ἕνεκα
2639 4057 2798 4127 μόνον
2847 4053 3149 4124 ὲμάστιξαν
3181 4053 3256 4116 ὡς
3287 4054 3606 4122 ἀμνήμονα,
3653 4052 3768 4106 ἀλλ’
3800 4053 3884 4105 ὃτι
3931 4052 4032 4104 καὶ

2428 4148 2722 4210 τοσούτους
2748 4147 2889 4217 όρῶν
2916 4145 3215 4216 θεραπείας
3242 4145 3634 4214 τυγχάνοντας,
3665 4143 3761 4197 καὶ
3783 4143 3884 4212 τῆς
3917 4145 4035 4196 τῶν

2431 4241 2602 4309 ἁγίων
2628 4237 2962 4300 πανσθενοῦς
2984 4236 3208 4306 ἀρωγῆς
3226 4235 3624 4298 ἀπολαύοντας,
3640 4234 3715 4298 ὡς
3739 4235 4037 4288 ἀσθενούνο

2429 4347 2539 4384 των
2570 4329 2751 4383 αὐτῶν
2775 4327 2908 4397 πρὸς
2933 4326 3209 4398 σωτηρίαν
3233 4326 3328 4379 καὶ
3355 4325 3648 4398 λύτρωσιν,
3678 4327 3860 4396 ξατρδν
3886 4329 4034 4394 ἀγα-

2433 4425 2550 4490 γεῖν
2599 4419 2957 4489 ἐπεχείρησεν
3006 4417 3216 4487 ἕτερον.
3260 4414 3418 4470 Οὕτω
3451 4415 3549 4486 μὲν
3577 4413 3670 4469 οὖν
3704 4416 3732 4468 ό
3756 4414 4035 4486 Γεὼργιος

745 4508 856 4570 nis,
902 4517 958 4561 et
999 4524 1160 4562 suum
1229 4511 1403 4578 ipsius
1449 4511 1735 4564 occidendi
1786 4522 2041 4564 conatum
2115 4511 2382 4591 cffugit.l

2435 4514 2532 4566 καὶ
2569 4511 2670 4581 τὴν
2707 4510 2903 4580 μανίαν
2931 4507 3026 4562 τοῦ
3061 4509 3338 4578 δαίμονος,
3369 4507 3466 4560 καὶ
3509 4506 3612 4578 τὴν
3655 4507 3846 4559 ἑαυτοῦ
3882 4525 4036 4577 ptas.

743 4597 919 4651 Porro
957 4615 1057 4653 nos
1105 4606 1159 4653 et
1198 4615 1363 4669 super
1409 4601 1516 4656 hoc
1557 4618 1774 4670 qunque
1824 4609 2047 4656 sanctos
2091 4602 2321 4656 laudan-

746 4696 852 4753 tes,
885 4689 1031 4742 aliud
1061 4689 1456 4760 magnitudinis
1500 4707 1690 4745 eorum
1721 4691 2034 4762 prodigium
2073 4692 2327 4746 conseri-

747 4781 963 4836 bamus.

747 4892 981 4950 LXVIII.
1013 4895 1088 4949 De
1125 4895 1365 4948 Joannia
1409 4910 1526 4962 qua:
1573 4911 1604 4947 a
1651 4895 1914 4964 maleﬁcio
1947 4897 2200 4948 torsioues
2235 4911 2332 4962 pa-

1413 4968 1660 5018 tiehatur.

825 5053 1027 5109 Multos
1072 5055 1427 5124 pulchritudo
1462 5056 1720 5124 perdidit,
1754 5064 1809 5110 et
1840 5059 2054 5126 species
2079 5058 2332 5124 corporis

752 5147 1167 5211 exterminavit,
1211 5161 1410 5200 saevam
1435 5147 1697 5201 invidiam
1731 5149 2061 5210 incidentes,
2094 5157 2148 5203 et
2178 5165 2333 5203 sum-

752 5247 882 5307 ptus
915 5239 1060 5292 acris
1097 5238 1291 5292 livoris
1343 5238 1559 5303 effecti;
1597 5239 1858 5292 invidiam
1905 5241 2110 5310 quippe
2158 5242 2334 5296 susti-

753 5335 886 5381 nent
915 5343 1132 5396 semper
1163 5343 1227 5382 ea
1274 5343 1396 5396 quae
1439 5330 1580 5382 bona
1629 5345 1860 5399 quaeque
1910 5333 2136 5385 meliora
2179 5343 2332 5397 sunt,

751 5427 806 5472 et
857 5419 1064 5474 invidis
1121 5419 1303 5474 oculis
1350 5419 1740 5477 desuuuntur.
1801 5421 1916 5476 lloe
1959 5431 2139 5477 autem
2187 5431 2242 5479 et
2283 5425 2336 5478 hi

756 5509 850 5578 qui
885 5518 997 5563 tam
1050 5510 1345 5566 animabus
1396 5528 1560 5582 quam
1608 5515 1934 5584 corporibus
1982 5522 2113 5569 sunt
2154 5515 2336 5577 bonis,

757 5600 1062 5668 sapissime
1091 5601 1394 5670 patiuntur,
1434 5604 1538 5659 nisi
1591 5603 1760 5659 Deum
1795 5606 2030 5661 habeant
2071 5609 2340 5677 speciosi-

759 5688 888 5742 tatis
954 5703 1069 5744 sua:
1116 5690 1468 5759 salvatorem,
1516 5695 1801 5749 custodem
1848 5703 1901 5749 et
1947 5706 2338 5765 proteetorem.

755 5775 984 5834 Sienim
1011 5780 1362 5840 adamantem
1404 5784 1624 5854 durum,
1671 5788 1766 5858 qui
1810 5787 2087 5858 lapidibus
2134 5789 2340 5845 nobili-

2435 4603 2594 4672 φόνον
2617 4602 2932 4671 ἐγχείρησιν
2955 4599 3173 4668 ἔφυγεν.
3194 4599 3385 4669 Ἡμεῖς
3397 4597 3476 4660 δὲ,
3495 4599 3591 4650 καὶ
3608 4599 3700 4650 ἐπὶ
3721 4597 3882 4651 τοῦτο
3903 4601 4036 4660 τοὺς

2432 4695 2619 4763 ἁγίους
2652 4693 3014 4763 ὑμνήσαντες,
3051 4691 3179 4745 ἄλλο
3207 4690 3494 4759 τεράστιον
3517 4688 3617 4759 τῆς
3647 4689 3827 4743 αὐτῶν
3859 4706 4039 4760 μεγαι-

2431 4785 2689 4855 λουργίας
2732 4783 3160 4854 συγγράψωμεν.

2470 4899 2592 4952 EH'.
2641 4898 2779 4964 Περὶ
2806 4897 3118 4960 Ἰωαννίας
3151 4895 3264 4963 τῆς
3296 4895 3365 4948 ἐκ
3408 4896 3780 4963 περιεργείίις
3815 4911 4002 4962 στίν-

3063 4965 3397 5034 φουμένης.

2509 5059 2746 5120 Πολλοὺς
2789 5058 2850 5110 τὸ
2903 5057 3096 5119 κάλλος
3124 5055 3426 5117 ἀπώλεσεν,
3458 5057 3555 5108 καὶ
3590 5057 3622 5125 ή
3651 5057 3772 5126 ὥρα
3800 5072 3896 5107 του
3931 5056 4041 5108 σώ-

2441 5171 2608 5224 ματος
2640 5153 2966 5222 ἐλυμήνατο,
3007 5150 3186 5221 φθόνῳ
3215 5149 3438 5220 χαλεπῷ
3466 5151 3873 5220 περιπὲσαντας
3897 5190 3912 5213 ,
3943 5152 4042 5202 καὶ

2437 5247 2732 5315 γεγονότας
2761 5243 3058 5315 βασκανίας
3088 5242 3268 5312 δεινῆς
3304 5241 3715 5312 παρανάλωμαο
3758 5242 4042 5310 φθονεῖται

2440 5342 2549 5408 γὰρ
2582 5339 2667 5392 ἀεὶ
2715 5338 2783 5392 τὰ
2829 5336 2970 5390 καλά
3017 5337 3110 5388 καὶ
3158 5333 3229 5386 τά
3273 5332 3579 5404 κρείττονα,
3614 5335 3708 5386 καὶ
3757 5333 4044 5405 φθονερῶν

2440 5431 2652 5499 ὖμμασι
2684 5427 3034 5481 καταλύεται.
3061 5423 3234 5478 Τοῦτο
3261 5424 3316 5477 δὲ
3350 5425 3446 5477 καὶ
3473 5426 3523 5477 οἱ
3551 5424 3710 5478 καλοὶ
3737 5424 3838 5488 τὰς
3860 5425 4043 5495 ψυχᾶς

2443 5522 2536 5574 καὶ
2559 5519 2628 5573 τά
2659 5519 2886 5590 σώματα
2918 5518 3239 5585 πάσχουσιν,
3267 5516 3316 5567 εί
3345 5515 3420 5585 μὴ
3450 5515 3625 5584 ἔχοιεν
3653 5515 3789 5568 Θεὸν
3815 5516 3917 5584 τῆς
3942 5517 4045 5570 αὖ-

2443 5613 2551 5666 τῶν
2583 5612 2918 5684 ὡραιότητος
2943 5609 3167 5679 σωτῆρα
3199 5609 3297 5660 καὶ
3322 5609 3640 5678 προστάτην
3669 5609 3765 5660 καὶ
3796 5607 4043 5676 φύλακα.

2447 5705 2506 5757 Εἰ
2539 5703 2650 5775 γὰρ
2667 5703 2952 5774 ἀδάμαντα
2983 5701 3074 5755 τὸν
3104 5697 3444 5770 στερέμνιον,
3473 5699 3564 5752 τὸν
3592 5697 3759 5751 λίθων
3784 5700 4049 5752 statvo-a-

2450 5792 2628 5861 μένων
2654 5790 3001 5861 τιμιώτερον,
3028 5790 3122 5844 τὸν
3156 5787 3344 5860 χαλκῷ
3377 5789 3474 5841 καὶ
3509 5787 3716 5859 σιδήρῳ
3748 5786 4048 5858 λεγόμενον
