4280 6442
789 383 924 453 3659

1687 390 1746 447 S.
1773 387 1959 447 SOPH
1973 387 2182 446 RONII
2230 383 2736 446 PATRIARCILE
2797 386 3204 450 HIEROSOL.

3909 392 4050 455 3680

787 495 1081 563 ιιειὶριιιαηι
1111 496 1398 552 sanitatem
1447 500 1799 570 percepisset,
1851 504 2220 573 hytmunuquc
2265 515 2353 554 cc-
2385 503 2433 558 Δ
2460 514 2477 548 ε

2385 503 2433 558 Α
2460 496 2596 566 εχῶς
2629 501 3042 570 ἐπιτρέψαντες.
3089 503 3154 556 Ἡ
3196 501 3252 555 δὲ
3302 503 3550 570 φαγοῦσα
3600 505 3688 556 τὶν
3730 505 4049 582 πάστελλον,

787 588 1033 648 ciuisset,
1071 589 1282 642 sanctis
1326 589 1474 645 hunc
1518 606 1579 646 se
1606 606 1825 664 semper
1858 595 2123 649 melodice
2160 608 2360 648 canere

791 680 1202 748 repromittens,
1255 682 1322 736 ad
1364 681 1712 739 Palaestinam
1751 685 1994 754 profecta
2026 697 2110 741 est
2141 697 2196 741 et
2242 685 2360 740 Ca:-

789 784 1024 824 sarcam.
1058 769 1230 826 Porro
1278 789 1380 829 nos
1409 775 1572 830 etiam
1609 791 1756 830 nunc
1791 784 2093 831 certatores
2128 779 2360 848 hymno-

785 877 903 916 rum
957 865 1251 932 przrconiis
1295 865 1726 936 frequentantes,
1791 869 1856 922 ad
1905 869 2068 922 aliam
2113 869 2357 938 ipsorum

781 968 1136 1023 properemus
1172 956 1500 1011 laudabilem
1542 959 1720 1015 modis
1766 960 2025 1014 omnibus
2061 962 2355 1016 actionem.

979 1096 995 1121 ,η
1064 1045 1253 1104 LXIX.
1303 1048 1379 1104 De
1411 1049 1620 1105 Joanne
1649 1068 1786 1107 careo
1818 1051 2074 1108 Romano.

859 1137 1158 1208 Usquequo
1211 1141 1478 1196 calamum
1524 1158 1807 1207 velamus,
1854 1152 1908 1200 et
1959 1143 2241 1199 dexteram
2290 1145 2357 1200 ad

785 1229 1133 1284 scribendum
1186 1232 1480 1299 mittamus,
1534 1243 1590 1289 et
1645 1250 1833 1289 vocem
1889 1235 1956 1289 ad
2011 1234 2357 1290 clamandum

783 1319 1124 1374 excitamus?
1153 1320 1433 1392 Fatigatus
1461 1332 1547 1378 est
1583 1325 1728 1378 enim
1764 1325 2034 1388 calamus,
2077 1335 2131 1378 et
2162 1338 2358 1380 manus

783 1426 1006 1466 currere
1038 1413 1181 1466 ultra
1229 1429 1336 1469 non
1372 1416 1538 1482 valet,
1579 1417 1673 1472 sed
1711 1428 1766 1471 ct
1805 1432 1906 1471 vox
1945 1432 2052 1471 uua
2103 1431 2231 1472 cum
2272 1417 2359 1472 his

786 1501 1056 1556 infirmata
1095 1515 1200 1568 est,
1235 1505 1302 1559 ab
1345 1506 1670 1562 assiduitate
1719 1522 1946 1562 cessans
1985 1515 2040 1563 et
2074 1509 2356 1575 desinens,

782 1607 1094 1663 quanquam
1141 1595 1388 1664 sapiente
1437 1597 1729 1653 Salomone
1772 1599 2050 1653 scribente
2100 1600 2360 1655 didiceri-

781 1697 927 1743 mus,
984 1684 1130 1751 quod
1188 1702 1207 1734 ι
1259 1684 1541 1742 funiculus
1593 1688 1787 1757 triplex
1856 1688 2075 1744 difﬁcile
2135 1706 2359 1760 rumpa-

781 1772 965 1826 tur“.
1005 1791 1023 1823 ο
1080 1773 1206 1829 Ηαιο
1263 1785 1443 1832 autem
1496 1793 1620 1832 cum
1679 1779 1784 1834 tria
1845 1789 2052 1844 essent,
2087 1789 2142 1836 et
2187 1797 2356 1835 unum

781 1864 1046 1920 haberent
1091 1867 1408 1934 consilium,
1457 1879 1513 1925 et
1572 1872 1858 1927 sententia:
1915 1872 2080 1927 ttnius
2120 1873 2355 1928 exsiste-

779 1967 921 2020 rent,
956 1958 1372 2030 intentioneque
1419 1977 1526 2015 una
1562 1971 1866 2021 statuerent
1901 1963 2028 2035 Cyri
2079 1973 2133 2020 et
2188 1963 2359 2019 Joan-

781 2045 868 2097 nis
899 2043 1244 2111 prmrlicanda
1299 2048 1592 2111 miracula,
1639 2056 1693 2103 et
1722 2050 2152 2121 dirumptionem
2185 2052 2358 2107 susti-

781 2143 1019 2190 nuerunt
1050 2145 1104 2191 ct
1148 2137 1321 2192 labori
1353 2139 1599 2196 immissa
1640 2153 1789 2205 sunt,
1833 2151 1888 2198 et
1927 2141 2175 2213 fatigium
2221 2144 2359 2198 inci-

780 2227 980 2281 derunt
1007 2225 1105 2300 [ita
1140 2227 1310 2300 cod.].
1333 2237 1388 2283 ct
1419 2233 2164 2300 superationeminduerunt,
2202 2238 2358 2305 prius

781 2332 946 2388 quam
1004 2319 1368 2389 praedicarent
1423 2321 1556 2391 quid
1605 2324 1816 2378 sanctis
1861 2325 2218 2395 condignum,
2276 2326 2358 2380 vel

781 2411 1150 2465 admiratione
1203 2413 1497 2482 dignorum
1550 2415 1930 2486 prodigiorum
1979 2416 2356 2470 brevissimam

782 2502 1220 2571 portiunculam;
1264 2504 1506 2558 clamare
1551 2513 1734 2560 autent
1781 2506 2130 2561 solummodo
2175 2507 2360 2562 valent

780 2590 1114 2644 infirmitatis
1151 2592 1386 2660 propriae
1438 2593 1908 2662 magnitudinem;
1949 2595 2093 2648 unde
2133 2605 2185 2648 et
2232 2610 2357 2648 cum

780 2699 1020 2752 praesens
1052 2685 1138 2738 vix
1189 2685 1506 2753 praedicent,
1561 2686 1615 2740 in
1652 2687 1910 2758 prodigio
1943 2687 2088 2758 quod
2123 2699 2208 2744 est
2235 2699 2358 2757 post

779 2775 880 2830 hoc
928 2776 1246 2842 ces5abunt,
1296 2779 1527 2832 multum
1581 2789 1806 2835 sanctos
1861 2783 2100 2850 petentia
2147 2782 2355 2837 veniam

778 2868 882 2923 sibi
943 2885 1066 2923 cum
1124 2869 1401 2926 oblivione
1456 2871 1652 2926 donari
1711 2872 2010 2942 petulantis
2074 2888 2242 2930 ausus
2305 2883 2358 2928 et

776 2976 1022 3018 maxum.

846 3052 1001 3108 Nunc
1053 3063 1256 3121 autem,
1314 3057 1400 3112 his
1462 3058 1679 3114 interim
1734 3061 1958 3116 omissis
2037 3077 2159 3128 qua:
2211 3063 2358 3116 circa

2465 592 2558 644 καὶ
2609 591 2822 655 τελείας
2865 589 3104 665 τυχοῦσα
3153 596 3254 666 τῆς
3303 596 3547 668 ῥώσεως,
3600 599 3692 652 καὶ
3736 599 3830 653 τὸν
3879 602 4052 673 ὕμνον

2467 681 2750 754 ὑμνήσασα
2769 725 2784 747 ,
2816 686 2910 738 καὶ
2933 687 3121 741 τοῦτον
3154 690 3242 742 ἀεὶ
3273 690 3528 760 μελῳδεῖν
3559 692 3909 765 ὑποσχομένη
3936 700 4048 761 τοῖς

2465 776 2754 844 μάρτυσιν,
2783 777 2877 829 ἐπὶ
2899 779 3264 851 Παλαιστίνην
3294 782 3389 834 καὶ
3421 783 3760 854 Καισάρειαν
3790 784 4046 841 ὥδευσεν.

2474 865 2661 934 Ἡμεῖς
2691 868 2747 921 δὲ
2775 869 2870 922 καὶ
2900 868 2996 922 νῦν
3023 873 3150 933 τοὺς
3179 872 3510 943 ἀθλοφόρους
3546 875 3887 946 ὑμνήσαντες
3909 920 3924 942 ,
3952 877 4051 946 ἐφ’

2461 957 2656 1026 ἑτέραν
2694 962 2878 1014 αὐτῶν
2915 963 3266 1032 πανύμνητον
3305 967 3506 1036 πρᾶξιν
3547 970 3902 1040 ὁρμήσωμεν.

2718 1052 2837 1108 EB’.
2879 1055 3015 1123 Περί
3056 1055 3343 1112 Ἰωάννου
3381 1059 3488 1112 τοῦ
3524 1063 3780 1130 τυφλοῦ.

2531 1141 2710 1215 Μέχρι
2739 1145 2882 1209 τίνος
2915 1148 3005 1201 τὸν
3035 1149 3280 1220 κάλαμόν
3311 1153 3649 1224 σκύλλωμεν,
3680 1157 3772 1209 καὶ
3817 1157 3915 1226 τὴν
3961 1157 4046 1210 δε-

2462 1234 2583 1300 ξιάν
2637 1236 2772 1307 πρὸς
2822 1239 2884 1292 τὸ
2927 1243 3159 1310 γράφειν
3211 1244 3548 1311 ἐλαύνωμεν,
3591 1250 3684 1301 καὶ
3715 1249 3813 1319 τὴν
3862 1252 4048 1319 φωνὴν

2462 1327 2600 1394 πρὸς
2643 1327 2703 1379 τὸ
2753 1327 2882 1400 βοᾷν
2915 1331 3312 1404 διεγείρωμεν;
3354 1339 3656 1410 Κέκμηκεν
3687 1343 3794 1410 γάρ
3823 1344 3850 1396 ὁ
3878 1345 4047 1397 κάλα·

2464 1432 2586 1484 μος,
2611 1418 2705 1471 καὶ
2733 1421 2766 1489 ἠ
2797 1422 2918 1491 χεὶρ
2953 1423 3034 1478 ἔτι
3077 1427 3297 1496 τρέχειν
3326 1431 3387 1482 ού
3423 1429 3675 1496 δύναται,
3707 1435 3802 1487 καὶ
3830 1437 3860 1504 ὴ
3896 1437 4048 1506 φωνὴ

2463 1508 2562 1561 σὺν
2615 1511 2825 1577 τούτοις
2871 1514 3206 1586 ἠσθένησεν,
3237 1520 3340 1590 τῆς
3387 1525 3668 1588 συντονίας
3718 1531 4046 1598 παυσαμένη

2462 1599 2554 1652 καὶ
2587 1599 2794 1672 λήξασα
2815 1620 2827 1636 ·
2872 1607 3048 1659 καίτοι
3075 1608 3169 1661 τοῦ
3208 1611 3373 1679 σοφοῦ
3401 1614 3744 1685 Σολομῶντος
3775 1621 4049 1687 γεγραφό-

2461 1704 2551 1752 τος
2576 1692 2939 1763 μανθάνομεν,
2966 1695 3040 1759 ὡς
3063 1716 3082 1748 ι
3113 1698 3184 1752 Τὸ
3205 1703 3469 1771 σπαρτίον
3493 1704 3554 1756 τὸ
3575 1704 3837 1774 ἒντριτον,
3866 1708 3927 1759 ού
3951 1725 4047 1760 τα-

2463 1778 2600 1846 χέως
2622 1777 3068 1854 διαρραγήσεται.
3097 1805 3114 1837 ι
3136 1789 3178 1840 Τ
3182 1788 3320 1842 αὕτα
3339 1791 3506 1846 δὲκαὶ
3530 1796 3660 1865 τρία
3685 1797 4044 1867 τυγχάνοντα,

2463 1869 2556 1921 καὶ
2588 1869 2645 1921 ἒν
2675 1871 2867 1942 ἔχοντα
2902 1875 3171 1948 βούλημα,
3217 1883 3312 1935 καὶ
3348 1886 3478 1951 μιᾶς
3509 1885 3737 1957 γνώμης
3767 1889 4047 1958 ὑπαρχον-

2459 1976 2548 2022 τα,
2580 1961 2674 2014 καί
2702 1964 2902 2017 σκοπὸν
2928 1966 3022 2019 ἒνα
3053 1971 3368 2041 στησάμενα
3388 2015 3402 2039 ,
3436 1976 3620 2046 Κύρου
3663 1981 3758 2032 καὶ
3795 1980 4045 2033 Ἰωάννου

2462 2053 2722 2122 κηρύξειν
2744 2056 2810 2109 τά
2835 2057 3110 2128 θαύματα,
3135 2065 3228 2116 καὶ
3252 2067 3408 2135 ῥῆξιν
3433 2068 3751 2138 ὑπέμειναν,
3773 2073 3865 2126 καὶ
3889 2075 4045 2143 κόπῳ

2463 2144 2772 2216 βέϐληνται,
2810 2151 2904 2205 καὶ
2953 2156 3186 2227 καμάτῳ
3215 2159 3594 2228 πεπτώκασιν,
3628 2165 3721 2218 καὶ
3748 2166 3847 2236 τὴν
3871 2164 4045 2240 ἧτταν

2461 2238 2787 2328 ἐνδέδυνται,
2817 2243 2948 2314 πρὶν
2977 2247 3010 2317 ἢ
3042 2250 3277 2318 κηρύξαι
3306 2269 3359 2304 τι
3388 2254 3498 2306 τῶν
3529 2256 3704 2324 ἁγίων
3734 2238 3981 2323 ἐπάξιον,
4010 2260 4042 2328 ἢ

2460 2327 2569 2382 τῶν
2611 2330 2955 2400 ἁξιαγάστων
3001 2337 3179 2392 αὐτῶν
3208 2342 3451 2410 τεράτων
3485 2343 3658 2414 βραχύ
3695 2344 3812 2408 πώς
3861 2365 3914 2399 τι
3958 2327 4048 2416 μόέ

2463 2438 2606 2490 ριον·
2639 2423 2768 2495 βοᾷν
2796 2427 2852 2480 δὲ
2887 2429 2980 2482 καὶ
3025 2431 3187 2500 μόνον
3218 2433 3486 2504 ἰσχύουσι,
3517 2437 3616 2506 τῆς
3650 2439 3858 2502 οἰκείας
3882 2439 4048 2492 ἀσθε-

2462 2511 2610 2574 νείας
2642 2514 2703 2566 τὸ
2734 2517 2967 2586 μέγεθος
2994 2538 3008 2552 ·
3045 2521 3169 2576 ὅθεν
3197 2525 3291 2576 καὶ
3335 2525 3396 2578 τὸ
3437 2527 3610 2597 παρὸν
3640 2528 3826 2597 θαῦμα
3856 2529 4048 2598 βιαίως

2463 2604 2800 2674 κηρύξαντα,
2847 2611 2905 2662 ἐν
2947 2612 3026 2683 τῷ
3079 2614 3219 2684 μετὰ
3264 2615 3425 2669 τοῦτο
3480 2618 3667 2690 τέρατι
3722 2620 4048 2684 παύσονται,

2462 2692 2631 2746 πολλὰ
2661 2697 2785 2760 τοὺς
2809 2699 2994 2767 ἁγίους
3029 2703 3345 2774 αἰτήσαντα,
3379 2709 3710 2779 συγγνώμην
3740 2711 3926 2774 αὐτοῖς
3950 2715 4051 2766 σὺν

2460 2786 2768 2860 άμνηστείᾳ
2797 2790 3148 2864 δωρήσασθαι
3172 2797 3477 2867 προπετοῦς
3501 2801 3598 2854 καὶ
3633 2803 3894 2871 μεγίστου
3922 2804 4052 2857 τολ-

2464 2877 2735 2947 μήμάτος.

2534 3063 2648 3117 Νῦν
2674 3065 2732 3118 δὲ
2763 3065 2898 3130 τέως
2927 3068 3133 3122 τούτων
3167 3069 3430 3142 ἀφέμενοι
3453 3113 3468 3137 ,
3505 3073 3572 3127 τά
3615 3076 3757 3130 κατὰ
3793 3079 4050 3152 Ἰωάννην

776 3143 1041 3201 Joannem
1077 3156 1229 3216 gesta
1289 3157 1439 3213 sunt,
1482 3160 1643 3220 prout
1683 3167 1995 3221 possumus,
2057 3155 2353 3222 edicamus,
2385 3176 2428 3236 ο
2462 3176 2466 3188 ι

2385 3176 2428 3236 c
2462 3156 2599 3227 πρὸς
2643 3156 2876 3228 δύναμιν
2920 3159 3188 3230 λέξωμεν,
3219 3163 3315 3215 καὶ
3353 3166 3464 3227 τοῖς
3514 3167 3772 3222 ἀκούουσι
3807 3181 4050 3242 ποιησώ-

773 3245 826 3289 et
863 3239 1216 3294 audientibus
1263 3243 1480 3311 cognita
1542 3241 1831 3300 faciamus.
1887 3244 2166 3301 Romanus
2207 3248 2354 3300 enim

778 3338 917 3392 erat,
951 3345 1058 3383 non
1115 3331 1356 3386 civitatis
1381 3334 1648 3388 oriundus
1699 3334 1960 3392 Romanis
1991 3338 2093 3391 sub
2150 3339 2358 3392 tributo

780 3421 1032 3485 redartae,
1069 3423 1162 3476 sed
1199 3424 1371 3493 ipsam
1406 3424 1658 3491 Romam,
1695 3443 1816 3495 qua:
1850 3429 2022 3498 prima
2058 3431 2111 3484 in
2143 3431 2224 3484 eis
2252 3433 2352 3485 im-

779 3522 954 3581 perat,
989 3515 1178 3568 urbem
1209 3523 1264 3569 et
1297 3517 1524 3584 patriam
1565 3519 1871 3588 possidens.
1919 3519 2131 3575 Etenim
2162 3534 2215 3578 et
2243 3521 2356 3576 Ro-

777 3621 860 3657 ma
891 3607 1125 3675 propria:
1161 3609 1430 3663 veraciter
1491 3609 1822 3666 desideravit
1876 3613 2039 3667 etiam
2077 3614 2180 3670 hoc
2227 3615 2354 3670 addi

775 3697 1050 3763 claritati;
1123 3700 1394 3765 videlicet,
1453 3700 1577 3772 Cyri
1631 3700 1973 3772 Jaannisque
2031 3706 2352 3770 miraculis,

777 3798 1039 3858 tanquam
1071 3791 1402 3859 quibusdam
1445 3793 1847 3850 sacratioribus
1880 3798 2183 3862 venustari,
2236 3799 2354 3852 cla-

777 3881 922 3933 riora
949 3881 1063 3934 hate
1101 3883 1325 3938 coronis
1378 3892 1435 3938 et
1473 3886 1707 3955 sceptris
1759 3897 1814 3942 et
1858 3904 2093 3958 purpura
2147 3893 2352 3945 sciens.

775 3969 909 4026 Nam
941 3987 1066 4026 cum
1091 3974 1207 4029 haec
1230 3990 1296 4029 ex
1321 3983 1465 4030 terra
1499 3978 1747 4047 genesim;
1772 3979 2028 4047 habeant,
2063 3983 2116 4036 in
2145 3992 2348 4038 terram

776 4066 974 4119 iterum
1014 4065 1430 4134 dissolvuntur;
1489 4070 1826 4126 charismata
1860 4089 1991 4129 vero
2046 4083 2350 4146 martyrum

777 4159 1071 4213 desursum
1129 4169 1184 4214 et
1236 4175 1266 4215 e
1318 4161 1460 4215 coelo
1521 4163 1930 4234 descendentia,
1988 4184 2110 4223 cum
2167 4171 2351 4225 divina

773 4250 976 4304 virtute
1006 4252 1118 4304 sint
1176 4251 1340 4316 edita,
1373 4254 1762 4311 resolutionem
1797 4259 1851 4312 in
1887 4267 2089 4314 terram
2143 4277 2353 4331 nequa-

775 4354 937 4409 quam
1003 4343 1316 4396 atlmi:tunt.
1371 4342 1557 4400 Romae
1605 4347 1789 4417 itaque
1845 4364 1951 4404 non
2013 4351 2353 4408 invideamus

777 4433 1074 4500 desiderio,
1107 4434 1150 4488 si
1198 4444 1543 4491 terrenarum
1585 4439 1890 4496 claritatem
1927 4443 2155 4510 habens,
2189 4447 2352 4501 caele-

2467 3247 2608 3317 μεθα
2654 3246 2928 3318 γνώριμα.
2992 3252 3263 3322 Ῥωμαῖος
3307 3249 3462 3320 οὗτος
3495 3258 3820 3328 ἐτύγχανεν,
3854 3264 3917 3315 ού
3950 3267 4048 3318 πό-

2463 3339 2599 3404 λεως
2624 3340 2900 3412 ὑποφόρου
2938 3342 3231 3413 Ῥωμαίοις
3278 3347 3622 3418 ὁρμώμενος,
3651 3353 3790 3405 ἀλλὰ
3821 3355 4050 3426 Ῥώμην

2461 3429 2633 3498 αὐτὴν
2654 3430 2752 3500 τὴν
2777 3430 2998 3501 πρώτην
3025 3433 3204 3487 αὐτῶν
3235 3434 3658 3504 βασιλεύσασαν,
3677 3442 3924 3512 ηιατρίδα
3951 3445 4049 3499 καὶ

2461 3523 2616 3577 πόλιν
2633 3525 2973 3594 κτησάμενος
2989 3541 3002 3554 ⁸
3033 3526 3125 3578 καὶ
3153 3526 3338 3600 Ῥώμη
3362 3529 3467 3600 γὰρ
3491 3530 3706 3601 άληθῶς
3725 3533 4044 3605 ἐπεθύμησε

2459 3616 2524 3682 τῇ
2556 3612 2735 3682 οἰκείᾳ
2773 3615 2867 3666 καὶ
2906 3613 3064 3667 τοῦτο
3093 3615 3408 3686 προσθεῖναι
3437 3618 3804 3692 λαμπρότητι,
3833 3623 3896 3676 τὸ
3930 3624 4048 3677 Κύ-

2461 3720 2555 3772 ρου
2589 3703 2681 3755 καὶ
2717 3702 2963 3756 Ἰωάννου
3009 3708 3122 3769 τοῖς
3171 3705 3446 3778 θαύμασιν
3490 3711 3566 3774 ώς
3611 3712 3905 3784 θειοτέροις
3934 3718 4051 3768 τισὶ

2458 3793 2992 3861 ἐγκαλλωπίζεσθαι.
3019 3797 3153 3851 πολὺ
3182 3798 3352 3854 ταῦτα
3380 3801 3735 3875 λαμπρότερα
3761 3809 4049 3874 στεφάνων

2457 3887 2552 3938 καὶ
2601 3887 2900 3956 σκήπτρων
2933 3887 3026 3940 καὶ
3056 3890 3386 3960 πορφυρίδος
3413 3894 3816 3961 γιγνώσκουσα.
3858 3896 4052 3951 Ταῦτα

2459 3978 2559 4047 μὲν
2607 3979 2713 4048 γὰρ
2743 3979 2806 4031 ἐκ
2841 3979 2943 4047 γῆς
2991 3979 3089 4049 τὴν
3135 3981 3348 4049 γένεσιν
3389 3984 3602 4054 ἔχοντα,
3638 3987 3800 4041 πάλιν
3828 3989 3911 4051 εἰς
3942 3993 4050 4057 γῆν

2455 4070 2777 4124 ἀναλύεται·
2811 4073 2877 4124 τὰ
2907 4071 2964 4124 δὲ
2994 4071 3101 4124 τῶν
3151 4075 3446 4146 μαρτύρων
3487 4079 3802 4149 χαρίσματα
3835 4081 4051 4135 ἄνωθεν

2455 4161 2514 4227 ἐξ
2542 4161 2771 4232 ούρανοῦ
2803 4166 3174 4236 καταγόμενα,
3198 4167 3292 4219 καὶ
3323 4168 3444 4239 θείᾳ
3467 4171 3694 4238 δυνάμει
3721 4173 4049 4241 τικτόμενα,

2455 4252 2714 4306 ἀνάλυσιν
2736 4255 2837 4324 τὴν
2866 4257 2944 4317 εἰς
2973 4257 3075 4326 γῆν
3106 4257 3206 4310 οὐκ
3231 4257 3533 4327 εἰσδέχεται
3555 4274 3568 4288 °
3598 4263 3666 4331 τῇ
3698 4260 3887 4335 Ῥώμῃ
3915 4265 4054 4329 γοῦν

2459 4344 2534 4414 μὴ
2564 4342 2922 4416 φθονήςωμεν
2950 4347 3050 4416 τῆς
3093 4347 3357 4416 ἐφέσεως,
3387 4349 3422 4420 ἢ
3449 4349 3558 4404 τῶν
3591 4353 3796 4422 γηΐνων
3825 4355 3928 4424 τὴν
3957 4356 4053 4408 εὖ-

2456 4434 2644 4488 κλειαν
2673 4434 2891 4506 ἔχουσα,
2923 4438 3016 4490 καὶ
3044 4439 3149 4492 τῶν
3169 4441 3437 4510 οὐρανίων
3458 4441 3556 4512 τῆς
3576 4442 3736 4512 δόξης
3765 4445 4047 4515 ὀρέγεται·

777 4525 940 4580 Stium
978 4541 1198 4595 quoque
1243 4527 1472 4598 gloriam
1501 4532 1724 4600 appetit.
1763 4531 1866 4587 Sed
1898 4533 2128 4600 Joanne,
2161 4539 2252 4608 qui
2279 4555 2344 4593 ex
2384 4525 2431 4580 Ῑ)
2460 4548 2467 4580 ι

2384 4525 2431 4580 D
2460 4526 2575 4582 ἀλλ’
2611 4528 2866 4599 Ἰωάννην
2908 4529 2999 4583 τὸν
3029 4531 3093 4583 ὲκ
3116 4530 3322 4602 ταύτης
3361 4534 3441 4596 εἰς
3491 4534 3658 4604 μέσον
3689 4535 4050 4605 καλέσαντες,

777 4615 875 4668 hac
913 4613 1110 4680 fuerat,
1146 4616 1197 4668 iu
1235 4616 1474 4671 medium
1515 4618 1800 4686 advocato,
1838 4637 1932 4689 per
1964 4623 2106 4679 hunc
2131 4627 2348 4683 deside-

779 4705 913 4758 rium
948 4707 1068 4772 ejus
1098 4704 1511 4776 adimpleamus.

845 4791 944 4847 llic
1007 4797 1292 4848 oculorum
1353 4797 1609 4864 primitus
1669 4801 1950 4857 detinetur
2009 4805 2344 4873 inﬁrmitate,

775 4891 996 4949 prepter
1035 4897 1198 4950 quam
1249 4883 1475 4940 medicis
1535 4887 1814 4942 tribulatio
1848 4888 1985 4945 facta
2016 4901 2120 4959 est,
2179 4895 2346 4965 depo-

774 4986 903 5025 ntrc
936 4971 1308 5029 inﬁrmitatem
1334 4974 1678 5038 desiderans.
1707 4989 1762 5034 et
1798 4982 2040 5051 recipere
2065 5001 2187 5054 qua:
2220 4999 2347 5042 ante

775 5061 914 5114 hanc
951 5060 1128 5116 fuerat
1160 5066 1472 5131 sanitatem,
1517 5069 1663 5136 quod
1698 5073 1877 5127 omnis
1926 5081 2010 5128 est
2062 5074 2348 5132 infirman-

773 5153 844 5206 tis
869 5153 1154 5210 indicium.
1198 5156 1302 5210 Sed
1335 5157 1439 5212 hoc
1467 5159 1694 5228 adipisci
1726 5177 1833 5216 non
1871 5165 2032 5229 valet,
2065 5167 2188 5222 licet
2218 5170 2349 5224 mul-

772 5254 826 5298 ta
874 5248 1102 5304 medicis
1142 5249 1467 5313 tribuisset;
1528 5268 1747 5324 semper
1802 5257 1946 5311 enim
2012 5275 2348 5332 persequens

773 5339 1076 5402 melici-em,
1137 5341 1376 5411 pejorem
1416 5342 1648 5401 faciebat
1701 5347 2059 5420 languorem;
2107 5361 2161 5408 ct
2215 5355 2344 5408 dum

772 5447 894 5485 eum
949 5433 1042 5501 qui
1095 5433 1149 5487 in
1194 5435 1314 5489 istis
1351 5445 1468 5491 erat
1519 5441 1853 5508 conspicuus
1905 5445 2345 5512 amplecteretur,

773 5524 888 5591 ipse
949 5526 1070 5578 sine
1121 5525 1240 5579 visu
1292 5528 1548 5596 paulatim
1607 5530 1834 5588 effertus
1885 5543 2005 5600 est;
2063 5554 2348 5609 usquequo

772 5615 1104 5684 Spectabiles
1138 5627 1191 5670 et
1224 5618 1466 5675 illustres
1498 5622 1708 5689 adiens,
1741 5625 2011 5682 obscurus
2038 5637 2088 5680 et
2118 5630 2341 5686 οἰιῐθιιε-

865 5783 908 5813 ³⁸
953 5787 1130 5844 Eccle.
1157 5808 1226 5856 tv,
1267 5793 1329 5845 li

2456 4619 2544 4673 διὰ
2579 4620 2768 4697 τούτου
2808 4623 2900 4674 τὸν
2939 4623 3102 4676 πόθον
3139 4625 3312 4695 αὐτῆς
3351 4625 3823 4699 ἐκπληρώσωμεν.

2525 4796 2696 4867 Οὗτος
2745 4804 3040 4877 ὀφθαλμῶν
3085 4807 3341 4879 ἀσθενείᾳ
3369 4810 3432 4863 τὸ
3463 4811 3681 4882 πρῶτον
3725 4816 4052 4886 κατέχεται,

2453 4895 2520 4947 δι’
2541 4897 2606 4965 ἢν
2637 4898 2840 4968 ἰατροῖς
2860 4898 3014 4968 ὄχλος
3033 4898 3262 4966 ἐγίνετο,
3283 4901 3584 4956 ἀποθέσθαι
3621 4906 3720 4974 μὲν
3743 4907 3929 4960 ποθῶν
3947 4911 4054 4980 τὴν

2453 4987 2760 5051 ἀσθένειαν,
2790 4990 3080 5044 ἀναλαϐεῖν
3107 4991 3163 5044 δὲ
3193 4991 3290 5063 τὴν
3320 4993 3427 5064 πρὸ
3449 4995 3654 5067 ταύτης
3686 4998 3987 5064 ἀπάθειαν,
4021 5004 4054 5056 ὃ

2455 5081 2658 5144 παντὸς
2681 5081 3034 5148 ἀσθενοῦντος
3061 5084 3370 5156 καθέστηκε
3399 5088 3707 5159 γνώρισμα.
3741 5091 3903 5144 Ἀλλὰ
3926 5094 4055 5146 τού-

2451 5189 2544 5223 του
2588 5175 2770 5242 τυχεῖν
2819 5175 2879 5227 ού
2929 5175 3245 5246 δεδύνηται,
3296 5179 3499 5249 πολλὴν
3554 5180 3755 5250 ἰατρῶν
3805 5184 4053 5254 ἀμοιϐὴν

2451 5264 2853 5333 ποιησάμενος·
2887 5267 2972 5318 ἀεὶ
3002 5267 3106 5338 γὰρ
3154 5268 3366 5322 διώκων
3393 5270 3483 5322 τὸν
3516 5272 3832 5341 κρείσσονα,
3861 5279 4049 5346 χεῖρον

2453 5355 2626 5406 ἐποίει
2675 5356 2735 5408 τὸ
2783 5357 2994 5427 νόσημα
3018 5376 3032 5390 ·
3084 5359 3179 5412 καὶ
3225 5362 3317 5414 τὸν
3349 5363 3407 5414 ὲν
3437 5362 3648 5426 τούτοις
3677 5364 4048 5434 περίϐλεπτον

2457 5446 2858 5517 ἀσπαζόμενος,
2895 5449 3161 5514 ἄϐλεπτος
3209 5451 3371 5516 αὐτὸς
3418 5453 3541 5507 κατ’
3567 5454 3748 5519 ὀλίγον
3778 5457 4007 5524 ἐγίνετο
4029 5476 4044 5489 ·

2459 5539 2650 5609 μέχρις
2695 5532 2757 5592 οὗ
2808 5543 2922 5605 τοῖς
2967 5545 3236 5611 ἐμφανέσι
3285 5547 3380 5600 καὶ
3432 5547 3709 5618 λαμπροῖς
3759 5550 4035 5619 προσιὼν,

2457 5633 2666 5702 ἀφανὴς
2725 5635 2819 5687 καὶ
2871 5637 3132 5710 άλαμπὴς
3179 5639 3422 5711 διαμπάξ
3471 5642 3890 5700 ἀποδείκνυται*
3951 5645 4048 5699 καὶ
