4280 6442
279 320 411 388 3661

1284 322 1387 385 SS.
1426 324 1603 386 (ΖΠΗ
1638 325 1733 386 ΕΤ
1766 324 2088 387 JOANNIS
2124 326 2541 387 MIHACULA.

3423 318 3564 387 3662

279 435 425 503 τάχα
450 432 549 487 οὐκ
586 434 652 488 ἂν
682 432 803 488 οὐδὲ
833 434 953 487 τότε
977 433 1088 486 τῶν
1122 435 1321 504 ἰατρῶν
1348 435 1447 497 τὰς
1473 437 1661 508 χεῖρας
1690 436 1871 505 διέφυ·

1904 440 1945 495 Λ
1980 437 2174 492 brosus
2233 453 2461 506 prorsus
2499 447 2754 490 ostensus
2815 436 2918 489 est.
2975 432 3041 488 Et
3087 431 3228 487 forte
3282 447 3381 487 nec
3432 442 3560 488 tunc

278 540 398 591 γεν.
429 523 477 575 εἰ
513 524 588 593 μὴ
619 522 856 576 κενωθὲν
885 522 945 576 τὸ
979 523 1282 593 βαλάντιον,
1314 524 1412 595 τὴν
1441 526 1550 579 τῶν
1579 526 1873 596 ὀφθαλμῶν

278 617 598 686 ἑφανέρωσε
633 615 908 685 τύφλωσιν
929 634 943 647 ·
977 618 1071 670 σὺν
1101 616 1180 687 τῷ
1223 619 1332 688 γὰρ
1356 618 1704 690 ὀφθαλμιαίῳ
1733 620 1876 688 φωτὶ

281 709 375 760 καὶ
401 708 462 760 τὺ
493 707 841 777 βαλαντιαῖον
870 708 1075 776 φέγγος
1105 710 1355 773 ἐξέλιπεν
1378 727 1391 740 ·
1434 705 1607 781 οὗπερ
1637 711 1876 764 ἀνιάτως

280 801 631 872 νοσήσαντος,
673 802 767 854 καὶ
815 801 983 872 ρὤιν
1033 800 1218 854 λαϐεῖν
1264 801 1523 872 οὐδεμίαν
1577 801 1874 870 ἰσχύοντος,

280 896 459 947 νοσεῖν
494 894 590 946 καὶ
636 894 801 956 αὐτὸς
829 894 1065 956 ἀνιάτως
1098 893 1420 964 ἐμάνθανεν.
1462 892 1607 955 Ἕως
1634 893 1733 964 μὲν
1770 893 1878 965 γὰρ

278 981 350 1056 ἦν
378 984 541 1049 άδρῖν
572 986 634 1038 τὸ
660 985 967 1056 βαλάντιον,
1000 987 1228 1058 Θάρσει,
1259 989 1396 1059 πρὸς
1417 987 1524 1041 τῶν
1552 987 1751 1058 ἰατρῶν
1783 1005 1878 1041 συ-

277 1079 538 1149 χνὸτερον
564 1078 785 1149 ἤκουεν,
816 1080 910 1133 καὶ
935 1078 1115 1150 λύπην
1147 1079 1413 1150 μηδαμῶς
1441 1080 1578 1151 μηδὲ
1605 1082 1879 1152 μέριμναν

284 1172 524 1241 κέκτησο
551 1189 566 1203 ο
594 1171 792 1225 θᾶττον
822 1172 929 1243 γάρ
978 1189 1039 1225 σε
1085 1173 1265 1236 καλῶς
1299 1170 1540 1243 βλέπειν’
1564 1174 1877 1243 ἐλπίζομεν.

296 1263 518 1334 Ἐπειδὴ
553 1263 609 1317 δὲ
633 1263 695 1317 τὸ
732 1262 1016 1333 βαλάντιον
1048 1264 1147 1335 τὴν
1177 1264 1411 1318 κένωσιν
1437 1265 1704 1319 πέπονθεν
1732 1266 1881 1335 (συν-

283 1354 530 1427 ερρύηκε
553 1357 662 1426 γὰρ
690 1356 959 1410 καὶτοῦτο
988 1359 1098 1420 τοῖς
1129 1355 1419 1426 ὄμμασιν),
1442 1358 1640 1427 πάτχει
1666 1358 1761 1411 καὶ⁹
1786 1358 1882 1411 αὐ-

282 1447 375 1510 τὸς
420 1446 521 1501 σὺν
564 1447 741 1519 τούτῳ
787 1448 885 1520 τὴν
941 1450 1219 1519 στέρησιν,
1252 1451 1317 1520 ἢν
1344 1448 1741 1517 προπεπονθὼς
1772 1451 1880 1504 τῶν

281 1541 551 1611 ὀμμάτων
563 1540 879 1612 ἐτύγχανεν.
899 1542 1155 1607 Ἀπελθε,
1177 1542 1314 1613 πρὸς
1329 1542 1511 1597 αὐτῶν
1528 1542 1878 1606 ἐπυνθάνετο,

292 1632 484 1702 μηδείς
514 1650 574 1686 σε
618 1632 830 1702 θνητῶν
864 1635 1226 1700 ἀπατήσειεν,
1274 1634 1450 1702 λέγων
1501 1633 1578 1695 ὡς
1622 1634 1747 1703 ὕψει
1791 1632 1882 1686 τὸν

283 1724 466 1794 ἣλιονο
514 1725 572 1778 αἰ
619 1725 779 1794 κόραι
822 1724 932 1796 γάρ
977 1742 1073 1778 σου
1114 1725 1468 1796 διέῥρευσαν,
1501 1724 1596 1778 καὶ
1629 1726 1881 1797 ἀλλήλοις

286 1813 575 1882 ἐπάγη“τα
609 1813 878 1884 βλέφαρα.
903 1794 1059 1883 ν”Ορα
1099 1794 1288 1884 μηδείς
1332 1831 1425 1867 σου
1462 1814 1626 1883 φάγοι
1656 1794 1768 1867 τῶν
1797 1818 1878 1869 ἰα-
1912 1794 1951 1847 Β

286 1906 432 1975 τρῶν
461 1907 523 1959 τὸ
551 1909 836 1978 ἀργύριον,
871 1908 1054 1977 μόνοις
1084 1924 1144 1959 σε
1179 1908 1349 1962 ποιῶν
1378 1910 1489 1973 τοῖς
1515 1910 1690 1978 λόγοις
1723 1911 1874 1963 εὐέλ-

290 2000 438 2065 π;δα,
483 2000 796 2072 εὐόμματον
834 2002 890 2056 δὲ
933 2004 1111 2055 ποιεῖν
1149 2003 1209 2055 οὐ
1248 2002 1566 2074 δυνάμενος.

357 2183 580 2247 Ταύτας
632 2186 886 2255 Ἰωάννης
936 2184 1036 2247 τὰς
1084 2184 1392 2254 ἀποφάσεις
1434 2186 1748 2258 δεξάμενος,
1771 2191 1881 2243 ἔτι-

286 2295 394 2348 περ
427 2277 670 2348 ἐνοχλεῖν
701 2281 906 2349 ἰατροῖς
931 2280 1033 2333 οὐκ
1062 2279 1315 2349 ἠδύνατο,
1343 2280 1447 2334 οὐκ
1480 2282 1669 2353 ἐπειδὴ
1715 2284 1879 2353 μόνον

280 2370 360 2434 ὡς
401 2369 587 2423 οὐκέτι
630 2369 818 2440 attito;
852 2370 1198 2441 μεμάθηκεν,
1247 2370 1365 2424 ἀλλ’
1408 2372 1492 2437 ὅτι
1530 2373 1627 2427 καὶ
1660 2374 1879 2444 χρημά-

282 2481 392 2516 των
408 2465 665 2534 ἐχήρευε,
687 2464 755 2517 δι’
776 2458 851 2518 ὧν
884 2466 1110 2535 ἰατροὺς
1138 2464 1551 2536 θεραπεύσειεν.
1588 2467 1677 2519 Ἐν
1701 2467 1878 2537 τούτῳ

282 2552 530 2621 γεγονὼς
552 2555 966 2618 καταστάσεως,
990 2554 1195 2626 ἰατρῶν
1220 2554 1405 2609 πλεῖον
1427 2555 1750 2628 δυνάμενον,
1785 2560 1880 2613 καὶ

282 2645 514 2717 γνώμην
540 2648 741 2718 ἰατρῶν
758 2648 1061 2719 χρημάτων
1088 2647 1150 2700 οὐ
1170 2646 1440 2719 χρῄζοντα
1470 2648 1682 2718 ἔχοντα,
1709 2650 1800 2703 καὶ
1814 2650 1876 2703 οὐ

282 2736 447 2792 τοῦτο
474 2739 659 2809 μόνον,
691 2739 830 2794 ἀλλὰ
858 2741 957 2793 καὶ
980 2740 1071 2795 τὸν
1096 2742 1377 2811 ἄρρωστον
1408 2741 1683 2810 τρέφοντα
1705 2758 1715 2771 ’
1740 2742 1879 2813 ὅπερ

282 2829 566 2902 ἰπιζητῶν
602 2832 1047 2905 σπουδαιότερον,
1075 2834 1218 2887 κατὰ
1236 2832 1334 2904 τὴν
1359 2835 1629 2905 σωτήριον
1654 2834 1877 2906 εὕρισκε

280 2922 615 2995 πρόρρησιν,
642 2925 740 2977 καὶ
764 2925 978 2996 κροτῶν
1007 2924 1427 2997 συντονώτερον,
1462 2924 1633 2997 θύρας
1667 2928 1879 2998 ἠνεῳγ-

284 3015 457 3088 μένης
504 3016 827 3086 ἐτύγχανεν.
878 3016 1061 3088 Κῦρον
1107 3017 1214 3087 γάρ
1256 3018 1358 3070 οὐκ
1392 3018 1473 3080 εἰς
1528 3021 1749 3090 μακρὰν
1783 3020 1878 3072 καὶ

292 3108 557 3177 Ἰωάννην
605 3109 667 3162 ὲν
710 3107 1092 3180 Ἀλεξανδρεία
1137 3109 1471 3163 πυνθάνεται
1515 3111 1663 3174 οἴους
1697 3112 1880 3183 εὑρεῖν

1979 528 2316 583 medicorum
2350 542 2548 581 manus
2574 527 2876 596 effugisset,
2905 525 3009 578 nisi
3034 531 3335 578 evacuatus
3367 539 3563 576 saec-u-

1978 622 2083 680 lns.
2119 620 2400 674 oculorum
2446 623 2746 674 eteeitatem
2779 616 3202 674 manifestasset.
3253 617 3391 671 Cum
3427 631 3563 668 oeti-

1978 718 2154 768 lorum
2187 715 2391 785 quippe
2447 714 2655 767 lumine
2706 713 2968 782 splendor
3000 712 3202 766 defecit
3249 710 3558 779 marsupii;

1976 805 2068 875 qui
2100 821 2222 860 cum
2253 806 2628 862 insanabiliter
2652 804 3008 875 clanguissct,
3031 811 3085 858 et
3116 805 3407 858 sanitatem
3439 801 3563 855 nul-

1977 898 2085 950 lam
2119 897 2365 969 accipere
2392 896 2676 959 valuisset,
2712 895 2972 965 languere
3005 904 3059 949 et
3090 895 3206 966 ipse
3235 893 3565 948 insanabili-

1980 997 2062 1043 tcr
2091 987 2302 1043 didicit.
2359 987 2542 1043 Donec
2573 988 2717 1045 enim
2782 986 3120 1057 marsupinm
3160 986 3373 1057 dapsile
3430 983 3559 1042 fuit.

1972 1077 2209 1143 Confide.
2249 1097 2280 1135 a
2339 1081 2566 1138 medicis
2645 1082 2850 1151 smpius
2912 1079 3215 1144 audiebat,
3282 1079 3562 1133 tristitiam

1982 1188 2325 1243 nequaquam
2362 1190 2540 1245 neque
2563 1172 2994 1230 sollicitudinem
3020 1170 3186 1235 habe,
3222 1171 3390 1225 citius
3417 1171 3562 1224 enim

1982 1278 2033 1322 te
2067 1268 2205 1321 bene
2241 1266 2425 1322 videre
2454 1281 2765 1337 speramus.
2801 1264 2941 1331 Quia
2977 1277 3108 1319 vero
3141 1262 3289 1318 follis
3324 1277 3565 1317 evacua-

1983 1364 2187 1416 tionem
2222 1375 2418 1431 passus
2443 1370 2551 1423 est,
2604 1358 2816 1414 efﬂuxit
2843 1358 2990 1413 enim
3055 1358 3223 1412 etiam
3278 1357 3383 1412 iste
3438 1371 3562 1411 eum

1981 1452 2180 1515 oculis,
2210 1451 2419 1521 patitur
2444 1458 2497 1503 et
2528 1449 2644 1519 ipse
2672 1464 2797 1503 cum
2837 1449 2939 1503 hoc
2966 1447 3360 1517 privationem.
3398 1462 3562 1517 quam

1981 1554 2035 1598 et
2067 1558 2264 1613 passus
2293 1542 2347 1596 in
2375 1542 2551 1595 oculis
2579 1540 2801 1609 fuerat;
2828 1541 2992 1602 \‘ade.
3042 1540 3110 1593 ab
3154 1541 3235 1595 eis
3284 1538 3565 1603 audiebat,

1983 1638 2165 1691 nullus
2190 1647 2242 1691 te
2269 1635 2583 1689 mortalium
2631 1634 2870 1704 decipiat
2920 1634 3112 1688 dicens
3146 1633 3293 1703 quod
3344 1633 3568 1688 visurus

1981 1730 2061 1783 sis
2091 1728 2298 1791 solem;
2331 1725 2552 1795 pupilla:
2575 1726 2778 1794 quippe
2813 1725 2911 1780 tibi
2965 1724 3339 1786 defluxerunt,
3371 1732 3429 1779 et
3453 1724 3567 1794 pal-

1980 1821 2157 1888 pebrm
2182 1818 2689 1889 mutuor-ongclatze
2712 1825 2859 1872 sunt.
2900 1815 3054 1879 Vide,
3088 1816 3274 1869 nullus
3300 1831 3362 1868 cx
3396 1815 3567 1869 medi-

1979 1914 2061 1969 cis
2098 1912 2388 1983 pecuniam
2415 1921 2563 1964 tuam
2600 1911 2914 1970 manducet.
2943 1908 3079 1962 solis
3105 1918 3158 1961 te
3215 1906 3426 1961 faciens
3469 1907 3568 1961 bo—

1980 2022 2063 2062 na:
2092 2007 2208 2075 spei
2268 2002 2642 2065 sermonibus.
2676 2017 2802 2057 cum
2856 2001 3018 2056 bonis
3060 2010 3114 2055 te
3167 2000 3346 2055 oculis
3390 2000 3570 2053 facere

1980 2110 2234 2170 nequeat.

2058 2192 2155 2248 llis
2190 2190 2430 2247 Joannes
2462 2189 2707 2259 acceptis
2772 2186 3089 2250 sententiis,
3140 2184 3284 2239 ultra
3340 2183 3569 2240 medici;

1980 2287 2251 2342 molestus
2281 2299 2407 2340 esse
2429 2297 2539 2337 non
2569 2290 2784 2352 poterat
2810 2295 2825 2343 ;
2861 2293 2967 2333 non
3002 2288 3217 2334 tantum
3242 2277 3392 2349 quia,
3419 2279 3566 2349 quod

1978 2397 2087 2436 non
2183 2388 2335 2435 esset
2389 2376 2534 2429 ultra
2616 2374 2840 2427 visurus
2894 2371 3184 2438 didicerat,
3270 2370 3367 2426 sed
3419 2372 3566 2439 qum!

1978 2475 2144 2530 etiam
2178 2470 2427 2542 pecuniis
2457 2469 2751 2524 destitutus
2786 2473 2951 2529 esset,
2985 2480 3080 2535 per
3112 2481 3253 2536 quas
3278 2463 3423 2518 foret
3451 2479 3565 2517 mc-

1979 2562 2133 2618 dicos
2159 2560 2495 2628 plaeatnrus.
2528 2554 2585 2608 lu
2615 2555 2717 2610 hoc
2769 2554 3095 2613 deveniens,
3152 2551 3425 2607 medicum
3484 2551 3570 2605 in-

1982 2653 2290 2724 vestigabat
2321 2652 2414 2722 qui
2462 2650 2587 2720 plus
2641 2648 2873 2703 medicis
2907 2655 3112 2717 posset,
3144 2645 3351 2715 quique
3390 2645 3569 2699 medi-

1980 2761 2170 2802 corum
2212 2744 2438 2799 haberet
2475 2743 2742 2805 animum,
2772 2741 2864 2810 qui
2902 2739 3151 2809 pecuniis
3191 2754 3299 2791 non
3348 2745 3567 2807 egeret;

1980 2848 2038 2894 et
2064 2853 2173 2892 non
2200 2836 2376 2893 solum
2409 2836 2533 2896 hoc,
2561 2834 2655 2901 sed
2683 2843 2737 2888 et
2760 2832 2854 2902 qui
2886 2831 3164 2884 infirmum
3192 2828 3382 2884 aleret.
3412 2826 3567 2894 Quod

1982 2930 2286 2986 studiosius
2341 2928 2665 2998 requirens,
2735 2924 3040 2981 secundum
3099 2922 3305 2992 reperit
3359 2922 3569 2975 saluta—

1982 3039 2042 3078 re
2077 3024 2192 3095 ('55)
2237 3023 2594 3084 vaticinium;
2625 3028 2671 3072 et
2730 3018 2958 3089 pulsans
2991 3017 3309 3079 instantius,
3364 3017 3567 3068 ostium

1984 3125 2235 3186 apertum
2269 3115 2501 3183 adeptus
2529 3121 2636 3166 est.
2668 3112 2872 3183 (lyrutu
2942 3123 3181 3178 namque
3235 3123 3343 3162 non
3410 3108 3563 3169 Ittttgt"

277 3197 459 3252 ἰθέλοι
488 3199 585 3253 καὶ
615 3199 887 3271 γλίχεται,
919 3200 1130 3256 πιστῶν
1163 3200 1331 3255 αὐτοῦ
1362 3203 1692 3274 νοσημάτων
1719 3203 1880 3259 605d-

1907 3173 1950 3228 C
1985 3218 2149 3279 atque
2179 3207 2470 3263 Joannem.
2500 3205 2551 3257 id
2580 3213 2665 3257 est
2689 3201 3039 3255 Alexandria:
3068 3201 3375 3256 consistere
3394 3199 3569 3257 audit,

280 3308 435 3360 μεως
469 3292 819 3365 κρείσσονας.
854 3292 968 3347 Καὶ
1000 3292 1159 3346 τοῦτο
1191 3293 1403 3364 μαθὼν.
1446 3296 1649 3365 μᾶλλον
1676 3294 1733 3349 δὲ
1762 3315 1880 3350 πει-

278 3376 455 3441 σθεὶς,
487 3379 792 3450 ἐπειδήπερ
818 3382 883 3433 ἐκ
919 3381 1111 3451 φήμης
1148 3383 1279 3436 αὐτὸ
1320 3384 1718 3453 προεγίνωσκε,
1748 3384 1878 3439 θᾶτ-

274 3482 371 3519 τον
402 3468 532 3531 τοὺς
564 3469 753 3537 ἁγίους
782 3470 1108 3537 κατέλαϐεν,
1136 3474 1262 3543 ὅρον
1295 3474 1594 3529 ἀσάλευτον
1625 3476 1877 3549 θέμενος,

276 3557 359 3630 μὴ
394 3559 659 3613 εἰσελθεῖν
689 3561 853 3615 αὑτὸν
872 3563 935 3615 τὸ
965 3563 1264 3635 σεϐάσμιον
1289 3566 1537 3636 τέμενος,
1564 3570 1611 3622 εἰ
1646 3569 1721 3640 μὴ
1763 3571 1879 3640 φῶς

273 3648 534 3702 θεάσοιτο
569 3651 861 3722 πρότερον,
894 3655 990 3708 καὶ
1019 3656 1129 3709 τῶν
1172 3657 1440 3727 ὀμμάτων
1483 3661 1751 3714 ἀποϐάλοι
1781 3662 1879 3735 τὴν

272 3743 536 3812 πήρωσιν
560 3759 575 3774 ⁸
609 3745 706 3797 καὶ
735 3747 826 3799 τὸν
860 3748 1061 3801 οἰκεῖον
1087 3748 1214 3819 ὅρον
1251 3750 1392 3820 μετὰ
1423 3751 1655 3825 δοκιμὴν
1689 3756 1751 3808 οὐ
1778 3773 1877 3824 με·-

272 3834 438 3905 τρίαν
458 3836 805 3908 ἐπλήρωσεν,
830 3838 890 3892 τὸ
908 3840 1126 3909 Ὢμοσα
1146 3842 1240 3896 καὶ
1260 3842 1484 3915 ἔστησε,
1500 3845 1676 3915 λέγων
1696 3849 1879 3918 συχνό-

273 3944 465 3997 τερον,
497 3929 595 3984 καὶ
623 3931 693 3985 τὰ
721 3933 1139 4005 ἐκπορευόμενα
1162 3937 1229 3990 ἐκ
1265 3939 1373 3990 τῶν
1396 3939 1621 4009 χειλέων
1651 3958 1755 4010 μου
1778 3942 1878 3995 οὐκ

274 4021 559 4093 ἀθετήσω,
595 4026 736 4095 μετὰ
766 4026 863 4080 τοῦ
889 4029 1256 4099 Μελογράφου
1288 4030 1584 4102 βοώμενος.
1622 4035 1738 4106 Πρὸ
1769 4036 1876 4108 γὰρ

270 4112 382 4182 τῆς
409 4113 506 4168 τοῦ
532 4115 639 4170 νεὼ
666 4116 841 4190 θύρας
877 4121 1136 4192 ἐκάθητο,
1165 4122 1437 4187 ἀνέκειτο,
1469 4124 1680 4194 ἢσθιεν,
1709 4125 1876 4179 ἐκάθ-

277 4205 474 4259 ευδεν’
508 4209 569 4261 ἐν
600 4208 721 4280 ῶρα
770 4210 871 4280 μὲν
924 4211 1119 4283 θέρους
1162 4214 1560 4283 καυσούμενος,
1594 4218 1651 4268 ἐν
1699 4217 1877 4290 καιρῷ

275 4298 338 4352 δὲ
384 4299 657 4369 χειμῶνος
684 4302 1037 4374 πηγνύμενος
1061 4318 1074 4333 ’
1110 4305 1206 4358 καὶ
1253 4306 1385 4359 ποτὲ
1431 4307 1530 4377 μὲν
1562 4308 1739 4372 ὑετοῖς
1780 4310 1877 4362 λα-

269 4390 565 4464 ϐροτὲροις
599 4393 959 4466 βρεχόμενος,
990 4398 1123 4451 ποτὲ
1169 4399 1227 4451 δὲ
1272 4399 1663 4471 σςοδροτέραις
1692 4403 1875 4457 ἀκτῖσι

269 4483 635 4555 φλεγόμενος,
670 4489 813 4558 ὑπὲρ
858 4490 1107 4560 κεφαλῆς
1152 4489 1293 4560 ἔχων
1327 4492 1422 4545 τὸν
1463 4494 1620 4564 ἥλιον
1657 4496 1874 4568 ἡμέρας

271 4578 635 4643 συγκαίοντα,
660 4582 757 4635 καὶ
786 4581 982 4647 νυκτὸς
1012 4581 1110 4653 τὴν
1144 4583 1375 4655 σελήνην
1400 4585 1723 4640 ἐκλύουσαν.

270 4666 693 4735 inﬂammatus;
762 4687 929 4742 supra

266 4772 404 4819 tem.

343 4853 505 4910 Οὕτω
535 4855 592 4908 δὲ
628 4856 860 4927 χρόνους
899 4856 1047 4909 ὀκτὼ
1086 4858 1403 4924 διατελέσας
1434 4862 1746 4933 ὑπαίθριος,
1775 4867 1871 4918 καὶ

264 4948 370 5020 τὴν
406 4948 618 5003 οἰκείαν
662 4950 763 5003 οὐκ
809 4952 1089 5021 ἀτιμάσας
1126 4952 1425 5021 ἀπόφασιν,
1451 4957 1563 5009 οὐδ’
1599 4959 1868 5028 ἀτιμάσαι

268 5040 655 5111 προσδοκήσας
700 5042 779 5104 εἰς
811 5042 1089 5114 ἐπειτα,ἢ
1133 5046 1472 5115 ποιήσασθαι
1515 5047 1613 5119 τὴν
1655 5049 1868 5103 ἐκεῖθεν

261 5131 565 5197 ἀπόϐασιν,
590 5134 641 5186 εἰ
679 5133 775 5186 καὶ
825 5133 988 5206 μέχρι
1015 5133 1251 5189 θανάτου
1294 5137 1494 5204 τυιρλὸς
1534 5138 1864 5204 ἐξετάζοιτο.

264 5223 436 5275 Ὅθεν
470 5223 713 5278 ἐπαίνων
751 5224 853 5293 μὲν
883 5226 980 5294 τῆς
1010 5225 1154 5279 οὕτω
1180 5230 1448 5300 σταθερᾶς
1478 5230 1570 5283 τοῦ
1602 5231 1865 5303 λογισμοῦ

263 5315 363 5366 καὶ
400 5311 627 5382 βεϐαίας
678 5314 917 5383 κρίσεως
952 5313 1126 5379 ἄξιος,
1160 5317 1312 5385 παρὰ
1344 5318 1481 5369 πᾶσι
1522 5321 1634 5381 τοῖς
1664 5319 1867 5373 εἰδόσιν
1899 5312 1904 5319 ’

260 5405 541 5475 ἐκρίνετο,
592 5404 749 5475 παρὰ
794 5408 909 5467 τοῖς
956 5406 1196 5477 μάρτυσι
1230 5409 1325 5460 καὶ
1377 5407 1591 5472 τελείας
1644 5411 1862 5475 ἰάσεως.

274 5495 637 5560 Ἐπιστάντες
664 5496 798 5565 γοῦν
827 5498 979 5567 αὐτῷ
1028 5489 1221 5563 νύκτὺς
1242 5540 1255 5559 ,
1289 5500 1364 5564 ὡς
1390 5502 1708 5566 ἐκάθευδεν,
1761 5505 1862 5577 τὴν

260 5587 458 5656 ὑγείαν
484 5587 812 5657 παρέχουσι,
848 5590 943 5642 καὶ
969 5588 1030 5642 τὸ
1054 5588 1279 5659 βλέπειν
1305 5591 1649 5662 χαρίζονται,
1683 5594 1863 5664 λόγοις

1039 4680 1206 4742 caput
1282 4673 1492 4731 habens
1566 4677 1740 4733 solem
1812 4676 2048 4733 interdiu
2118 4682 2565 4728 eoneremantem
2604 4711 2619 4733 .

1982 3303 2176 3374 quales
2200 3298 2451 3352 invenire
2483 3296 2643 3351 vellet
2675 3304 2728 3349 et
2769 3299 3018 3363 cuperet,
3051 3293 3257 3363 quique
3310 3291 3429 3346 suis
3490 3288 3571 3343 fo-

1980 3404 2104 3449 rent
2133 3395 2335 3448 virtute
2368 3390 2728 3462 languoribus
2760 3388 3036 3444 fortiores.
3083 3389 3149 3440 Et
3176 3387 3279 3441 hoc
3312 3385 3570 3440 ediscens

1980 3489 2091 3541 imo
2143 3486 2415 3548 credens.
2478 3485 2740 3552 quoniam
2795 3480 2848 3534 id
2883 3480 2998 3550 jam
3030 3496 3093 3532 ex
3134 3479 3276 3532 fama
3320 3492 3568 3534 noverat,

1980 3576 2047 3631 ad
2097 3586 2322 3631 sanetos
2386 3575 2642 3628 celeriter
2701 3568 2872 3636 venit,
2928 3567 3250 3623 deﬁnitione
3301 3567 3568 3621 itnmoliiti

1980 3669 2182 3738 posita,
2213 3683 2322 3722 non
2369 3681 2430 3720 se
2460 3664 2844 3733 ingressurum
2898 3676 3088 3715 eorum
3146 3659 3364 3715 celebre
3431 3667 3555 3712 teni-

1979 3762 2152 3831 plum,
2187 3760 2288 3813 nisi
2323 3759 2473 3822 prius
2514 3757 2692 3810 lucem
2724 3753 2979 3818 vidisset,
3015 3761 3071 3808 et
3100 3753 3403 3807 c:rcitatem
3437 3767 3571 3807 ocu-

1980 3853 2159 3907 lorum
2195 3850 2566 3919 deposuisset.
2609 3848 2678 3902 lat
2707 3845 2988 3917 propriam
3043 3844 3415 3901 definitionem
3452 3855 3571 3914 post

1979 3959 2091 3999 non
2124 3940 2458 3997 mediocrem
2516 3938 2901 4010 probationem
2946 3938 3217 4008 implevit,
3267 3934 3458 3989 Juravi
3518 3946 3571 3988 et

1980 4035 2171 4099 statui,
2205 4034 2408 4103 smpius
2456 4032 2672 4095 dicens,
2707 4039 2762 4085 et
2792 4045 2916 4101 qua:
2976 4029 3287 4099 procedunt
3342 4044 3439 4097 per
3490 4028 3572 4096 la-

1980 4124 2067 4180 bia
2109 4137 2228 4177 mea
2270 4138 2375 4175 non
2413 4120 2612 4173 faciam
2647 4119 2825 4185 irrita,
2866 4134 2993 4172 eum
3053 4116 3415 4185 Melograplto
3456 4115 3571 4170 ela-

1981 4229 2163 4268 mans.
2221 4211 2341 4265 l’rze
2393 4211 2607 4265 foribus
2661 4210 2806 4264 enim
2872 4207 3060 4275 templi
3123 4205 3374 4268 sedebat,
3423 4205 3570 4274 ἱερε-

1982 4306 2094 4369 bat,
2132 4303 2524 4362 manducabat,
2566 4308 2620 4353 et
2649 4300 2981 4361 dormiebat,
3044 4308 3292 4368 tempore
3344 4297 3567 4367 quidem

1978 4397 2189 4452 testatis
2226 4394 2480 4452 adustus,
2541 4400 2792 4459 tempore
2861 4401 3044 4445 autem
3106 4391 3303 4445 hiemis
3361 4404 3564 4459 conge-

1984 4492 2168 4555 latns;
2244 4496 2299 4542 et
2385 4486 2547 4539 modo
2621 4485 2846 4556 quidem
2927 4484 3290 4539 validioribus
3372 4483 3564 4536 imbri-

1902 4579 1945 4633 Ι)
1980 4588 2081 4640 ltus
2112 4583 2448 4651 rornpltlttts,
2492 4580 2655 4634 modo
2692 4587 2875 4634 autem
2935 4579 3352 4633 vehementibus
3396 4576 3573 4631 radiis.
3617 4569 3623 4576 ’

2682 4678 2736 4725 et
2794 4678 2959 4724 noctu
3012 4669 3202 4724 lunam
3271 4670 3564 4726 exsolven-

2049 4859 2255 4913 Taiiter
2288 4864 2470 4909 autem
2507 4869 2682 4909 annos
2712 4862 2837 4908 octo
2880 4855 2984 4909 sub
3039 4854 3169 4910 divo
3226 4856 3557 4926 transigens.

1977 4962 2029 5008 et
2072 4950 2347 5022 propriam
2382 4964 2488 5001 non
2520 4962 2790 5014 spernens
2813 4948 3165 5005 sententiam.
3198 4963 3377 5018 neque
3410 4948 3562 5002 dein-

1976 5059 2107 5115 ceps
2158 5056 2219 5097 se
2279 5040 2491 5094 irritam
2551 5040 2824 5093 facturum
2876 5050 3222 5109 exspectans.
3289 5048 3381 5092 ant
3433 5039 3562 5093 inde

1979 5134 2253 5188 facturum
2282 5132 2515 5189 exitum,
2552 5129 2717 5183 etiam
2762 5129 2807 5182 si
2842 5143 3020 5198 usque
3078 5130 3145 5183 ad
3183 5138 3414 5183 mortem
3448 5146 3557 5183 ca:-

1978 5241 2077 5280 cus
2108 5224 2250 5278 foret
2300 5222 2640 5293 probandus.
2694 5218 2855 5275 Unde
2892 5221 3149 5275 laudibus
3177 5221 3397 5290 quidem
3452 5232 3561 5274 tam

1976 5319 2286 5374 constamis
2313 5316 2478 5369 animi
2514 5324 2569 5366 et
2597 5316 2813 5370 stabilis
2841 5316 3034 5384 judicii
3071 5316 3213 5386 apud
3247 5330 3442 5371 onmes
3468 5315 3560 5385 qui

1977 5418 2242 5465 noverant
2278 5408 2679 5461 decernebatur
2713 5405 2809 5478 [ex
2844 5409 2938 5461 (ἓν.
2965 5407 2996 5477 Ι.
3057 5418 3110 5463 et
3157 5407 3301 5478 apud
3357 5419 3563 5476 marty-

1978 5518 2067 5558 res
2125 5502 2289 5557 eliatn
2347 5498 2589 5570 perfecta
2653 5501 2893 5555 sanitate
2933 5501 3132 5570 dignus
3185 5503 3558 5571 judirabatur.

1976 5595 2317 5650 Assistentcs
2348 5606 2480 5663 ergo
2506 5593 2552 5647 ei
2576 5600 2737 5647 noctu
2766 5593 3085 5659 dormienti,
3114 5596 3402 5649 sanitatem
3428 5610 3563 5665 prm-

1806 5690 2040 5747 ΝΟΤᾹΞ.

373 5772 490 5842 (35)
531 5773 899 5836 llrllrn’smus
934 5796 1034 5851 pro
1066 5781 1387 5838 Salvator-is.
