4280 6442
275 413 415 476 3673

1273 415 1376 477 SS.
1417 416 1590 476 CYlll
1627 415 1722 475 ET
1747 413 2069 475 JOANNIS
2108 415 2528 477 MIRACULA.

3422 411 3561 482 3674

370 524 428 576 ’0
446 524 502 577 δὲ
536 522 801 595 στραφεὶς
860 528 999 595 μετΞι
1050 525 1111 578 τὸ
1151 528 1543 598 γεγραμμένον
1605 526 1849 580 ἐνύπνιον

1946 556 1957 587 ι
2060 530 2128 583 At
2173 529 2264 584 ille
2320 542 2622 583 conversus
2672 524 2973 581 secundum
3009 522 3179 597 [post]
3226 525 3562 595 descriptum

274 618 454 688 χαράν
475 613 623 687 εἶχεν
648 615 786 687 ὁμοῦ
822 619 919 671 καὶ
960 616 1137 689 λύπην
1197 620 1471 691 ἀφόρητον
1496 638 1533 699 '_
1558 622 1731 690 χαράν
1774 621 1871 690 μὲν

272 711 355 765 ὅτι
383 710 482 779 τῆς
512 709 621 761 τῶν
656 709 829 778 ἁγίων
864 711 1210 780 ἐπισκέψεως
1256 712 1414 782 ἔτυχε
1449 731 1463 744 ·
1509 712 1687 783 λύπην
1708 713 1764 765 δὲ
1786 715 1870 766 ὅτι

271 801 364 854 τὸν
396 802 554 870 ἅγιον
584 801 851 854 ἀπελθεῖν
900 803 1307 872 συνεχώρησεν,
1345 804 1437 855 τὸν
1484 804 1643 857 ἄλλον
1671 800 1870 870 ὀφθαλ-

275 894 380 963 μὸν
408 894 483 963 μὴ
516 895 897 964 σφραγίσαντα
927 912 937 923 ·
968 895 1061 947 καὶ
1088 894 1231 948 οὕτω
1274 895 1632 965 λυπούμενος,
1668 895 1871 959 εὐθέως

272 984 439 1036 πάλιν
460 985 793 1053 ἀφύπνωσεν
813 1002 826 1015 ·
858 984 955 1038 καὶ
997 985 1253 1057 Ἰωάννην
1280 987 1487 1049 εὐθέως
1539 987 1632 1040 τὸν
1680 986 1865 1056 Κύρου

268 1074 461 1144 βλέπει
513 1076 836 1145 συνόμιλον,
901 1077 981 1139 είς
1062 1078 1318 1148 Ἰωάννην
1346 1080 1438 1131 τὸν
1500 1080 1706 1150 ῥήτορα
1774 1079 1867 1130 τὸν

268 1169 439 1232 ἀξίως
471 1172 537 1238 τῇ
598 1168 708 1220 τῶν
761 1169 1022 1239 ἐπάρχων
1052 1169 1180 1238 ἀξίᾳ
1227 1168 1558 1239 τιμώμενον,
1598 1171 1726 1237 περὶ
1760 1168 1864 1237 τῆς

267 1261 377 1312 τῶν
406 1259 580 1327 ἀγίων
607 1260 833 1329 ἀρωγῆς
857 1260 1268 1331 πυνθανόμενον
1292 1278 1306 1291 δ
1345 1263 1509 1323 αὐτὸς
1536 1263 1592 1315 δὲ
1622 1262 1720 1328 τὴν
1742 1263 1863 1314 ἐπί-

270 1351 465 1420 σκεψιν
494 1352 739 1422 εἴρηκεν,
774 1354 868 1405 καὶ
895 1353 969 1415 ὡς
996 1353 1219 1420 ἄχθεται
1239 1352 1325 1405 διὰ
1348 1356 1438 1407 τὶν
1465 1354 1638 1420 δεξιὸν
1662 1353 1865 1423 ὀφθαλ-

270 1444 394 1512 μὶν,
433 1444 531 1496 ἆτε
561 1443 637 1512 μὴ
670 1444 950 1514 σφραγῖδα
979 1443 1074 1495 τοῦ
1137 1444 1406 1513 σωτηρίου
1454 1444 1684 1513 σημείου
1710 1444 1864 1507 δεξά-

270 1551 451 1604 μενον,
482 1537 623 1607 μήτε
643 1535 859 1589 τελείαν
884 1536 1146 1605 εἰληφότα
1166 1537 1266 1605 τὴν
1290 1537 1434 1590 ἴασιν
1459 1552 1473 1565 °
1507 1538 1535 1588 6
1565 1536 1620 1589 δὲ
1649 1538 1863 1607 μάρτυς

264 1626 428 1679 αὑτὸν
463 1627 663 1689 ἱκανῶς
695 1626 1068 1698 ἐθεράπευσεν
1100 1626 1292 1691 εἰπὼν,
1334 1627 1411 1688 ὡς
1451 1627 1527 1679 Οὐ
1560 1628 1723 1681 πάθοι
1767 1628 1862 1680 σού

263 1735 316 1770 τι
347 1720 518 1770 κακον
538 1719 618 1771 ἔτι
654 1719 723 1771 τά
750 1719 996 1789 ὗμματα,
1034 1718 1159 1771 οὕτε
1206 1722 1233 1772 ὁ
1256 1717 1614 1788 σφραγισθεις
1663 1719 1863 1786 ὀφθαλ-

271 1810 393 1878 μὸς,
451 1809 574 1863 οὔτε
644 1813 671 1864 ὁ
720 1812 911 1879 μείνας
952 1812 1345 1880 ἁσςρράγιστος,
1402 1810 1495 1863 τοῦ
1559 1812 1717 1879 ἀγίου
1768 1812 1861 1864 τὸν

1981 622 2277 683 somnium,
2340 618 2600 689 gaudium
2669 616 2879 685 pariter
2907 625 2958 670 et
2989 617 3269 671 tristitiam
3330 616 3567 670 habebat

1982 710 2407 771 intolerabilem;
2452 708 2714 780 gaudium
2760 708 2979 776 quidem
3029 707 3290 776 quoniam
3342 715 3560 763 sancto-

1978 817 2099 854 rum
2124 802 2494 855 visitationem
2527 799 2758 869 adeptus
2791 805 2897 861 est;
2931 797 3213 851 tristitiam
3243 812 3394 861 vero,
3430 810 3565 866 quo.

1977 895 2124 948 niam
2158 904 2408 947 sanctum
2456 892 2609 947 abire
2657 889 2931 962 permisit,
2981 904 3103 942 cum
3147 889 3377 943 alterum
3428 903 3564 944 ocu-

1977 988 2086 1040 lum
2137 1002 2245 1038 nou
2294 986 2588 1055 signasset.
2648 983 2712 1036 Et
2745 984 2817 1036 ita
2869 982 3140 1045 tristatus,
3191 996 3315 1034 mox
3361 982 3562 1036 iterum

1974 1077 2220 1148 vigilavit
2253 1074 2655 1148 [obdormivit].
2696 1083 2751 1129 et
2783 1073 3052 1130 Joannem
3088 1088 3211 1127 mox
3239 1073 3366 1144 Cyri
3407 1089 3558 1129 eoru-

1975 1183 2160 1237 parem
2215 1168 2381 1226 videt,
2414 1167 2467 1219 in
2516 1164 2727 1220 Joanne
2780 1166 3001 1219 rhetore
3054 1164 3219 1234 digne
3275 1162 3562 1234 praefecto-

1975 1275 2095 1312 rum
2170 1260 2437 1328 dignitate
2502 1259 2793 1323 honorato,
2851 1259 2920 1312 de
2985 1269 3304 1312 sanctorum
3354 1258 3563 1313 auxilio

1973 1350 2373 1404 consulentem.
2427 1349 2549 1418 Ipse
2589 1358 2770 1402 autem
2814 1350 3251 1403 consolationem
3293 1349 3455 1416 dixit,
3507 1358 3562 1406 et

1972 1441 2117 1508 quod
2178 1443 2440 1495 molestus
2498 1439 2778 1511 [mmstusj
2812 1449 2981 1494 esset
3032 1450 3255 1509 propter
3303 1442 3557 1496 dextrum

1972 1533 2213 1597 oculum,
2248 1542 2437 1602 utpote
2467 1534 2559 1602 qni
2590 1534 2936 1601 signaculum
2973 1534 3239 1587 salutaris
3275 1535 3414 1602 signi
3448 1550 3556 1589 non

1973 1624 2331 1691 ειιεσνρὶεεει,
2369 1637 2547 1690 neque
2598 1620 2896 1689 perfectam
2949 1622 3239 1675 sanitatem
3276 1623 3559 1690 percepis-

1971 1726 2072 1769 set.
2115 1714 2319 1785 Martyr
2357 1730 2485 1768 vero
2518 1713 2855 1769 sufﬁcienter
2898 1714 3137 1783 placavit
3175 1730 3299 1767 eum
3342 1714 3555 1781 dicens,

1970 1808 2098 1875 quia
2134 1822 2241 1859 non
2276 1807 2351 1860 tui
2385 1806 2607 1877 aliquod
2642 1806 2768 1858 mali
2802 1807 3076 1874 patientur
3115 1807 3349 1862 ulterius
3384 1809 3551 1868 oculi.

263 1901 548 1971 ὀφθαλμὸν
569 1902 628 1955 ὃν
650 1902 898 1965 δέδοικας
929 1903 1003 1972 μὴ
1035 1905 1210 1956 νοσεῖν
1228 1905 1525 1970 φήσαντος·
1568 1906 1660 1955 καὶ
1686 1902 1849 1957 ταῦτα

1969 1916 2145 1968 neque
2186 1900 2275 1952 ille
2305 1900 2396 1969 qui
2434 1899 2687 1968 signatus
2725 1906 2810 1951 est
2845 1898 3059 1961 oculus,
3109 1915 3285 1967 neque
3322 1899 3414 1954 ille
3461 1900 3554 1969 qui

271 1992 394 2061 μεθ’
445 1992 626 2062 ὅρκων
683 1993 712 2043 ὁ
756 1993 968 2064 μάρτυς
1004 1992 1401 2062 φθεγξάμενος,
1454 1994 1591 2063 πρὶς
1642 1995 1864 2063 μείζονα

264 2084 643 2153 πληροφορίαν
670 2084 762 2137 τοῦ
782 2085 1104 2154 πάσχοντος,
1140 2086 1323 2156 τρίτον
1340 2085 1417 2155 τῷ
1444 2087 1772 2155 στόματιτὸν
1789 2088 1863 2157 μὴ

264 2173 673 2240 σφραγισθέντα
688 2173 863 2242 ὀρθαλ
871 2174 990 2243 μὸν,
1008 2176 1194 2244 φησὶν,
1209 2174 1692 2245 κατεφίλησενοκαὶ
1705 2177 1863 2229 τοῦτο

259 2266 493 2337 δράσας,
526 2267 620 2317 καὶ
643 2265 853 2316 τελείαν
886 2264 983 2335 τὴν
1006 2264 1172 2334 ῥῶσιν
1205 2264 1301 2317 καὶ
1329 2264 1427 2334 τὴν
1443 2266 1601 2335 χάριν
1631 2266 1861 2334 χαρισά-

265 2375 433 2426 μενος
474 2357 689 2422 αίσίως,
720 2356 880 2409 ἔλυσε
899 2359 959 2409 τὸ
982 2356 1234 2410 ἐνύπνιον
1259 2374 1273 2388 ⁸
1311 2358 1545 2427 ἐπείπερ
1571 2359 1619 2410 οἱ
1647 2359 1737 2410 τὸν
1753 2357 1861 2410 τῶν

257 2448 400 2500 ὅλων
429 2446 565 2501 Θεὸν
602 2447 711 2499 τῶν
735 2448 937 2500 δόσεων
988 2448 1209 2515 ἀγαθῶν
1246 2450 1344 2500 καὶ
1396 2448 1740 2519 δωρημάτων
1773 2464 1860 2499 τε·

259 2539 426 2592 λείων
457 2540 660 2609 δοτῆρα
703 2539 1058 2608 μιμούμενοι,
1087 2537 1312 2601 ἀτελοῦς
1344 2540 1516 2608 χαρᾶς
1549 2540 1642 2590 γαὶ
1680 2539 1852 2610 δωρή-

259 2631 435 2701 ματος
473 2633 628 2684 αὐτοὶ
654 2632 929 2701 διανομεῖς
950 2632 1050 2684 οὐκ
1089 2630 1352 2699 ἐγίνοντο.

331 2911 520 2974 Οὕτως
552 2910 685 2979 γοῦν
749 2914 777 2964 ὁ
827 2912 1139 2982 Σωφρόνιος
1162 2912 1261 2981 τὴν
1296 2911 1406 2963 τῶν
1440 2913 1612 2979 ἁγίων
1642 2910 1850 2981 δωρεάν

253 3003 653 3073 κομισάμενος,
708 3004 802 3055 καὶ
829 3001 940 3053 τῶν
975 3002 1271 3071 ὀφθαλμῶν
1300 3003 1399 3073 τὴν
1453 3002 1622 3072 ἀχλὺν
1652 3002 1849 3054 ἀποθέ-

259 3111 452 3166 μενος,
518 3094 657 3164 πρὸς
707 3094 805 3162 τὴν
856 3094 1075 3146 πάντων
1108 3094 1330 3163 γραφὴν
1381 3094 1492 3145 τῶν
1547 3092 1850 3163 λεχθέντων

250 3188 583 3258 ἐξώρμησεν
636 3187 771 3257 (44),
837 3181 1195 3257 μνημονεύων
1250 3187 1339 3239 ἀεὶ
1371 3188 1469 3256 τῆς
1515 3186 1709 3248 ἰάσεως
1755 3186 1849 3238 καὶ

248 3281 354 3334 τοῦ
390 3281 571 3347 λόγου,
603 3272 663 3331 οὗ
725 3280 832 3348 πρὸ
879 3281 976 3350 τῆς
1010 3277 1231 3349 ῥώσεως
1289 3279 1657 3350 ἐπηγγείλατο
1683 3295 1695 3307 ·
1730 3278 1851 3331 ὅθεν

252 3371 423 3433 εὒθὺς
452 3370 595 3440 μετά
616 3371 717 3441 τὴν
746 3371 889 3423 ἴασιν
940 3372 1101 3423 τοῦτο
1159 3374 1401 3425 ποιεῖται
1443 3372 1503 3425 τὸ
1540 3373 1848 3441 σύνταγμα,

247 3467 351 3517 καὶ
380 3466 479 3527 τὰς
508 3464 673 3533 εὐχάς
704 3463 1055 3527 ἀποδίδωσιν,
1088 3464 1269 3534 πάσης
1288 3464 1445 3527 ἐκτὸς
1479 3465 1847 3533 ὑπερθέσεως,

246 3561 355 3626 τὴν
391 3559 470 3619 είς
502 3558 664 3609 αὐτὸν
713 3558 952 3627 σπουδὴν
982 3559 1089 3610 τῶν
1141 3559 1311 3626 ἁγίων
1350 3559 1719 3628 μιμούμενος·
1757 3558 1852 3609 καὶ

244 3649 364 3700 τῶν
386 3646 518 3718 παρ’
553 3647 703 3716 αὐτῷ
756 3649 1081 3717 γραφέντων
1138 3650 1328 3702 ἑαυτὸν
1372 3648 1557 3714 ἔταξεν
1599 3650 1848 3719 ἔσχατον,

246 3741 331 3799 ὡς
388 3738 607 3791 πάντων
643 3740 927 3803 ἐλάττονα,
992 3743 1084 3792 καὶ
1150 3743 1497 3810 pag-tepuit;
1554 3742 1850 3811 θεραπείας

244 3828 495 3893 ἀνάξιον,
520 3826 589 3900 ἦς
620 3833 853 3882 αίτεῖται
879 3831 964 3883 διὰ
994 3832 1109 3901 βίου
1136 3834 1235 3900 τὴν
1267 3833 1503 3902 μέθεξιν,
1529 3833 1617 3885 ἐπ’
1648 3834 1850 3902 ἀμςροῖν

247 3925 467 3996 βαίνειν
501 3925 684 3995 ψυχῆς
713 3943 770 3977 τε
807 3928 902 3979 καὶ
930 3928 1204 3997 σώματος,
1246 3931 1338 3980 καὶ
1394 3928 1575 3997 πάσης
1624 3928 1850 3997 λυτροῦ-

250 4018 385 4070 σθαι
410 4016 642 4088 δυσχερε
654 4018 853 4088 στέρας
886 4020 1230 4089 συμϐάσεως.

323 4106 513 4159 Ταῦτα
543 4109 696 4177 ὑμῖν,
754 4102 799 4160 ὦ
822 4109 972 4180 Κῦρε
996 4110 1090 4162 καὶ
1138 4112 1358 4180 Ἰωάννη
1420 4096 1703 4193 μακάριοι,
1732 4117 1847 4168 Σω-

244 4200 472 4270 φρόνιος
494 4198 716 4271 γράψας
749 4201 1021 4268 ἀνέθηκεν
1042 4219 1055 4233 ·
1092 4204 1266 4256 ταῦτα
1314 4207 1462 4273 ὑμῖν,
1531 4202 1575 4258 ὦ
1608 4206 1848 4277 Χριστοῦ

240 4291 346 4345 τοῦ
382 4292 635 4362 Σωτῆρος
669 4291 1026 4363 θεράποντες,
1064 4296 1248 4366 καύτῴ
1267 4298 1510 4367 σωτῆρες
1546 4300 1845 4369 γενόμενοι,

240 4382 584 4453 προσφέρειν
616 4384 941 4455 ἐτόλμησεν,
983 4387 1043 4437 τὸ
1075 4387 1299 4458 θαρρεῖν
1347 4390 1477 4460 παρ’
1524 4392 1652 4461 ὑμῖν
1705 4391 1852 4461 εἰλη-

242 4477 387 4546 φὼς,
430 4477 524 4529 καὶ
554 4477 651 4546 τῆς
683 4479 1006 4549 προσφορᾶς
1029 4480 1281 4549 ἀρωγοὺς
1337 4481 1482 4551 ὑμᾶς
1532 4483 1847 4553 ποιησάμε-

240 4583 381 4630 νος*

245 4661 490 4730 φορῆσαι
514 4661 878 4733 τεθάρρηκεν,
911 4663 971 4715 οὐ
1005 4664 1115 4715 τῶν
1147 4666 1227 4727 εἰς
1257 4666 1421 4717 αὑτὸν
1441 4666 1661 4734 δωρεῶν
1698 4668 1844 4737 ὑμᾶς

238 4741 638 4821 ἀμειϐόμενος,
678 4751 795 4804 ἀλλ’
850 4752 1130 4822 εὐφημίας
1157 4754 1335 4808 ταῦτα
1389 4757 1609 4827 γραφὴν
1657 4759 1840 4827 ὁριζό-

244 4861 434 4916 μενος,
495 4843 595 4912 τῆς
663 4843 762 4913 μὲν
817 4844 1013 4897 ἑαυτοῦ
1065 4847 1492 4917 εὐγνωμοσύνης
1536 4848 1596 4901 τὸ
1639 4847 1841 4918 θερμὸν

238 4931 673 5001 ἀναγγέλλοντα,
713 4934 889 5003 πάντη
937 4932 993 4985 δὲ
1040 4934 1139 5003 τῆς
1205 4934 1359 5003 ὑμῶν
1418 4935 1841 5006 μεγαλειότητος

238 5023 651 5093 ὲλαττούμενσ.’
684 5023 799 5079 ἀλλ’
824 5025 981 5095 ὑμεῖς
1042 5026 1184 5079 αύτά
1246 5026 1336 5077 καὶ
1378 5025 1624 5095 δέχοισθε
1670 5042 1841 5095 προσ-

237 5118 412 5189 ηνῶς,
476 5118 572 5171 καὶ
628 5117 995 5187 φιλανθρώπῳ
1071 5117 1320 5187 βλέποιτε
1378 5118 1670 5189 βλέμματι,
1747 5121 1839 5172 καὶ

234 5207 445 5279 δαψιλῆ
488 5208 651 5279 χάριν
700 5209 885 5270 αὐτοῖς
923 5209 1217 5278 ἐπιχέοιτε,
1278 5209 1365 5263 ἴνα
1425 5211 1498 5282 μὴ
1540 5211 1607 5263 δι’
1656 5211 1838 5264 αὐτῶν

237 5301 405 5368 ὑμεῖς
436 5296 867 5369 καθυῦρίζησθε,
905 5302 952 5352 εί
985 5300 1083 5368 τῆς
1114 5299 1265 5363 θείας
1317 5302 1839 5372 ἐπιχρωματώσεως

238 5388 662 5460 ὁρφανίζοιντο·
722 5391 886 5443 αὑτὸν
924 5392 982 5444 δὲ
1036 5393 1111 5455 ὡς
1142 5393 1328 5445 δοῦλον
1387 5397 1623 5464 ἀχρεῖον,
1678 5394 1774 5446 καὶ
1813 5394 1841 5445 ὃ

1876 3237 1921 3298 C

238 5486 424 5538 ποιεῖν
480 5480 680 5551 ὤφειλε
737 5486 1084 5553 πεποιηκότα
1155 5485 1565 5556 προσδέχοισθε,
1622 5487 1712 5538 καὶ
1764 5486 1838 5548 ὡς

234 5576 535 5649 χρεώστην
570 5575 893 5646 εὐγνώμονα
924 5577 1161 5642 δέξοισθε
1190 5596 1201 5607 ·
1234 5581 1327 5632 καὶ
1380 5580 1713 5651 συγγνώμης
1743 5582 1837 5634 αύ-

1970 1992 2232 2045 remansit
2261 1990 2441 2043 minus
2470 1989 2743 2058 signatus,
2789 1998 2983 2045 sancto
3018 2006 3126 2045 non
3161 1991 3552 2047 inlirmandum

1966 2084 2185 2137 oculum
2218 2096 2378 2151 quem
2417 2082 2615 2136 metuis
2639 2092 2946 2138 astruente.
2992 2084 3058 2138 Et
3090 2085 3204 2140 haec
3240 2100 3365 2140 cum
3395 2086 3552 2156 jura-

1967 2174 2166 2227 mcntis
2214 2181 2424 2244 martyr
2462 2174 2682 2241 allatus,
2721 2176 2788 2229 ad
2826 2177 3091 2245 majorem
3118 2178 3553 2237 satisfactionem

1968 2268 2243 2336 patientis,
2297 2278 2377 2323 ter
2411 2284 2508 2324 ore
2541 2271 2698 2340 quasi
2746 2272 2966 2325 oculum
3016 2274 3108 2340 qui
3149 2273 3400 2343 signatus
3443 2290 3554 2330 non

1967 2358 2141 2413 fuerat
2196 2363 2481 2415 osculatus
2540 2370 2647 2428 est,
2703 2370 2758 2417 et
2815 2363 2919 2419 ltoe
2978 2374 3134 2434 gesto
3197 2368 3553 2437 perfectaque

1963 2452 2219 2515 sanitate,
2254 2466 2318 2506 ac
2357 2453 2560 2517 gaudio
2584 2452 2823 2509 secunde
2854 2456 3076 2519 collato,
3113 2459 3389 2513 somnium
3435 2461 3551 2515 sol—

1963 2544 2074 2607 vit;
2136 2544 2393 2613 quoniam
2451 2546 2543 2614 qui
2604 2547 2985 2602 universorum
3051 2547 3243 2613 Deum,
3296 2551 3549 2606 datorum

1961 2637 2289 2705 optimorum
2328 2647 2382 2693 ct
2419 2620 2693 2693 donorum
2727 2640 3095 2709 perfectorum
3136 2636 3384 2698 datorem
3422 2647 3549 2700 imi-

1961 2738 2171 2793 tantur,
2217 2731 2319 2801 ipsi
2381 2731 2690 2799 imperfecti
2738 2734 2924 2803 gaudii
2976 2749 3040 2788 ac
3079 2736 3209 2790 doni
3257 2737 3549 2808 largitores

1960 2835 2067 2873 non
2104 2821 2346 2876 fuerunt.

2035 2912 2111 2964 Ita
2155 2927 2288 2978 ergo
2326 2912 2676 2982 Sophronius
2726 2923 3049 2970 sanctorum
3083 2917 3381 2974 donatione
3424 2936 3546 2991 per-

1956 3014 2135 3074 cepta,
2196 3007 2485 3061 oculorum
2546 3008 2769 3077 abjecta
2823 3011 3078 3081 caligine,
3135 3015 3382 3067 omnium
3421 3030 3543 3084 quae

1955 3094 2100 3148 dicta
2131 3104 2259 3148 sunt
2285 3097 2613 3165 scripturam
2640 3114 2870 3155 exorsus
2901 3110 3026 3165 est,
3060 3118 3373 3159 memorans
3397 3106 3547 3177 jugi-

1956 3196 2038 3241 ter
2082 3188 2354 3253 sanitatis,
2396 3196 2450 3243 et
2491 3190 2635 3259 quod
2679 3202 2805 3246 ante
2850 3194 3142 3247 sanitatem
3192 3198 3544 3264 promiserat.

1960 3275 2113 3333 Unde
2156 3294 2277 3332 mox
2322 3288 2446 3349 post
2477 3281 2770 3336 sanitatem
2815 3283 2918 3337 boe
2971 3285 3098 3338 facit
3145 3297 3542 3353 commentum,

1954 3378 2007 3425 ct
2043 3378 2163 3425 vota
2198 3373 2375 3427 reddit
2410 3375 2799 3442 absque.omni
2827 3375 3115 3438 dilatione,
3151 3380 3203 3432 in
3237 3395 3295 3435 se
3341 3380 3545 3453 factum

1956 3473 2272 3517 sanctorum
2316 3464 2559 3535 studium
2586 3465 2873 3534 imitatus;
2925 3480 2979 3522 et
3023 3473 3270 3526 omnium
3320 3488 3399 3539 se,
3448 3476 3543 3545 qui

1955 3558 2146 3625 scripti
2219 3557 2470 3622 fuerant,
2555 3559 2916 3613 novissimum
2988 3562 3289 3627 ordinans,
3356 3572 3544 3634 utpote

1953 3648 2196 3700 omnium
2258 3650 2567 3711 minimum,
2596 3662 2644 3704 et
2689 3652 2984 3722 martyrica
3048 3657 3337 3712 curatione
3402 3659 3545 3712 indi-

1955 3756 2144 3810 gnum.
2184 3739 2361 3809 Cujus
2412 3744 2654 3812 postulat
2707 3760 2803 3815 per
2851 3747 3018 3799 vitam
3068 3748 3541 3819 participationem

1956 3834 2007 3885 in
2065 3842 2297 3901 utroque
2353 3836 2691 3899 habendam,
2730 3838 3152 3899 anima_scilicet
3197 3851 3249 3894 et
3288 3856 3539 3911 corpore,

1954 3936 2005 3982 et
2037 3930 2104 3981 ab
2132 3930 2277 3981 omni
2302 3928 2594 3983 dilliciliori
2635 3930 2857 3983 liberari
2887 3940 3108 3985 eventu.

2028 4110 2153 4165 llzcc
2181 4110 2355 4175 vobis,
2400 4125 2432 4164 ο
2458 4109 2598 4181 Cyre
2626 4125 2691 4163 ac
2721 4108 2961 4166 Joannes
2990 4112 3153 4173 beati,
3192 4111 3538 4182 Sophronius

1954 4216 2078 4255 cum
2109 4202 2333 4271 scripsit
2360 4201 2594 4255 exsolvit
2627 4219 2640 4265 ;
2679 4202 2793 4255 haec
2836 4202 3014 4263 vobis,
3044 4217 3077 4257 ο
3102 4203 3310 4257 Christi
3345 4203 3535 4259 famuli

1956 4293 2283 4357 Salvatoris,
2316 4292 2408 4361 qui
2456 4299 2509 4345 et
2540 4292 2586 4345 ei
2611 4293 2744 4346 estis
2771 4292 3073 4348 salvatorcs
3113 4292 3312 4357 ell'ecti,
3339 4296 3537 4351 offerre

1954 4386 2323 4456 praesumpsit,
2359 4384 2636 4439 confidere
2677 4400 2706 4438 a
2741 4384 2897 4437 vobis
2939 4385 3242 4454 accipiens,
3284 4396 3338 4441 et
3384 4389 3540 4443 obla-

1952 4466 2124 4533 tionis
2167 4492 2264 4531 vos
2290 4476 2650 4545 opitulatores
2680 4475 2937 4532 efﬁciens.
2972 4475 3099 4531 llzre
3121 4478 3276 4533 vobis
3313 4478 3534 4545 offerre,

432 4566 607 4619 ταῦτα
657 4568 801 4638 ὑμῖν,
843 4563 889 4621 ὦ
929 4571 1209 4623 θεσπέσιοι
1268 4573 1564 4643 μάρτυρες,
1630 4591 1843 4645 καρπο-

1951 4584 1983 4622 ο
2012 4568 2214 4639 egregii
2243 4575 2533 4637 martyres,
2568 4581 2735 4621 ausus
2768 4577 2852 4621 est
2882 4584 2897 4634 ;
2924 4583 3031 4621 non
3061 4570 3381 4624 muneribus
3409 4585 3531 4638 vos,

1948 4677 2069 4732 qua:
2107 4662 2159 4715 in
2202 4675 2262 4715 se
2311 4661 2593 4729 patrastis,
2652 4676 3101 4728 recompensans,
3134 4661 3230 4718 sed
3259 4662 3435 4720 laudis
3469 4681 3533 4720 ea

1946 4753 2125 4807 facere
2168 4751 2435 4820 scriptum
2477 4750 2765 4816 deﬁniens,
2807 4767 2927 4821 qua:
2958 4754 3155 4822 partim
3192 4755 3411 4824 quidem
3435 4756 3531 4812 de-
3572 4770 3573 4773 ‘

1945 4845 2181 4900 votiouis
2229 4859 2343 4899 sua:
2389 4842 2732 4913 flagrantiam
2774 4845 3050 4911 nuntiant,
3098 4848 3325 4901 omnino
3350 4857 3531 4903 autem

1945 4934 2376 5005 magnitudinem
2448 4942 2685 4989 vestram
2746 4944 3066 4991 extenuant.
3116 4937 3222 4993 Sed
3257 4955 3354 4996 vos
3383 4956 3445 4995 ea
3479 4950 3526 4997 et

1943 5028 2178 5097 benigne
2201 5028 2445 5096 recipite,
2480 5034 2534 5081 et
2563 5027 2909 5082 misericordi
2934 5031 3097 5084 oculo
3114 5032 3528 5101 contemplami-

1943 5121 2022 5183 ni,
2050 5130 2104 5174 et
2129 5120 2332 5189 largam
2365 5119 2446 5172 eis
2478 5117 2739 5174 effundite
2763 5122 3015 5190 gratiam,
3045 5138 3111 5176 ne
3132 5138 3227 5177 vos
3249 5138 3346 5193 per
3366 5139 3430 5179 ea
3448 5124 3526 5179 in-

1937 5213 2141 5281 juriam
2162 5211 2465 5281 patiamini,
2486 5211 2531 5268 si
2554 5212 2732 5266 divina
2760 5221 2936 5267 vestra
2960 5214 3297 5270 coloratione
3326 5214 3531 5270 fuerint

1950 5304 2232 5359 destituta.
2262 5301 2445 5372 Ipsum
2480 5310 2661 5358 autem
2721 5311 2976 5373 tanquam
3007 5318 3225 5359 servum
3259 5307 3525 5373 inutilem,

1949 5405 2000 5447 et
2034 5394 2180 5464 quod
2218 5393 2397 5449 lacere
2430 5394 2622 5449 debuit
2654 5394 2946 5451 iacientem
2971 5398 3254 5467 suscipite,
3286 5408 3341 5454 et
3360 5401 3525 5456 veluti

1948 5481 2244 5540 debitorem
2276 5488 2530 5542 devotum
2582 5489 2871 5553 admittite,
2913 5500 2965 5544 et
3008 5492 3164 5546 venia
3191 5492 3244 5546 in
3282 5494 3366 5549 liis
3398 5509 3525 5547 eum

1949 5578 2109 5633 facile
2160 5578 2408 5648 dignum,
2464 5595 2660 5636 sensus
2692 5581 2812 5651 ejus
2862 5582 3217 5652 exiguitatem
3265 5585 3523 5641 scientes-

1821 5761 2052 5818 ΝΟἸἌΕ.

309 5846 428 5917 (Ut)
468 5844 669 5903 Confer
716 5848 1010 5919 Sopli't‘onii
1058 5853 1451 5920 pricl'ationcui.
