4280 6442
326 418 396 478 36
406 417 472 477 33

1538 426 1634 486 DE
1668 427 1772 486 SS.
1814 427 2007 488 CYRO
2050 428 2145 489 ET
2175 427 2491 490 JOANNE.

3464 439 3605 501 εδει

422 534 641 605 Ἐπειδὴ
667 536 728 588 δὲ
753 536 957 605 Κῦρος,
986 539 1081 589 καὶ
1136 538 1388 608 Ἰωάννης
1426 542 1473 592 οἱ
1521 540 1795 611 μάρτυρες
1821 544 1916 596 σὺν
1948 550 1991 604 Α
2092 542 2112 597 1

1910 550 1991 604 Ἀ
2092 542 2385 613 Postquam
2464 549 2645 602 sancti
2716 558 2987 620 martyres
3035 548 3210 620 Cyrus
3254 559 3308 603 ct
3363 553 3600 606 Joannes

320 630 445 691 _-.:zi;
480 627 751 697 ἁοιδίμοις
787 629 1079 695 παρθένοις
1100 631 1177 697 τῷ
1205 630 1348 698 ξίφει
1376 632 1790 701 ἐτελειώθησαν,
1822 638 1915 687 καὶ

322 715 391 789 ἦν
427 720 610 773 αὐτῶν
643 720 711 773 τὰ
740 721 986 787 πανάγια
1037 719 1269 790 σώματα
1325 724 1531 793 ἄταφα,
1580 725 1789 795 Θηρίοις
1818 728 1913 778 καὶ

321 813 529 883 ὀρνέοις
562 813 641 875 είς
667 812 834 882 βοράν
866 812 1120 882 κείμενα,
1165 815 1450 886 οἰκονομίᾳ
1502 816 1637 868 Θεοῦ
1672 817 1731 869 τὸ
1762 820 1911 870 εὐσε-

317 903 408 965 6;ς
459 905 624 973 μέρος
676 902 772 956 τοῦ
813 905 922 957 τῶν
995 907 1389 977 Ἀλεξανδρέων
1422 908 1554 961 λαοῦ
1608 910 1757 981 ζήλῳ
1816 912 1910 965 καὶ

315 992 465 1062 πόθῳ
489 993 619 1063 θείῳ
644 994 1031 1061 καθοπλισθέν,
1076 999 1312 1068 ἁρπάζει
1359 1000 1426 1052 τα
1460 1001 1570 1052 τῶν
1606 1002 1776 1069 ἁγίων
1806 1002 1908 1053 λεί-

312 1086 459 1154 ψανα
488 1089 603 1138 σῶα
640 1089 733 1139 καὶ
761 1088 996 1159 ἀϐλαῦῆ,
1022 1092 1113 1143 καὶ
1139 1091 1311 1143 ταῦτα
1340 1094 1420 1156 είς
1450 1094 1540 1146 τὸν
1562 1095 1742 1163 τίμιον
1778 1096 1907 1149 ναὸν

309 1178 403 1227 τοῦ
422 1176 603 1242 Ἀγίου
620 1178 947 1231 Ἀποστέλου
972 1182 1066 1233 καὶ
1085 1182 1296 1251 Εὐαγγε
1306 1184 1489 1238 λιστοῦ
1507 1187 1735 1258 Μάρκου
1770 1189 1906 1257 μετὰ

311 1268 513 1338 πολλῆς
534 1270 865 1340 δορυφορίας
890 1274 984 1325 καὶ
1007 1276 1170 1343 τιμῆς
1192 1276 1540 1347 άποτίοησιν,
1570 1281 1697 1343 τοὺς
1716 1280 1903 1349 ἁγίους

312 1361 494 1428 Κῦρον
554 1363 648 1414 καὶ⁵
718 1365 976 1433 Ἰωάννην
1028 1368 1087 1417 ἐν
1151 1370 1248 1437 μιᾷ
1285 1370 1465 1440 σορῷο
1498 1370 1598 1434 τὰς
1642 1372 1698 1424 δὲ
1740 1374 1903 1441 ἁγίας

309 1449 617 1517 παρθένους
646 1450 929 1521 Θεοδότην,
963 1453 1317 1526 Θεοκτίστην,
1350 1460 1445 1511 καὶ
1473 1458 1747 1527 Εὑδοξίαν,
1785 1461 1901 1525 ἅμα

305 1546 372 1613 τῇ
432 1544 640 1597 τούτων
706 1548 877 1617 μητρὶ
942 1549 1258 1621 ’Λθανασίςμ
1310 1554 1367 1603 ἐν
1411 1554 1508 1623 μιᾷ
1537 1555 1736 1622 ὁμοίως
1766 1555 1900 1607 ἰδια-

306 1628 475 1701 ζούσῃ
519 1633 696 1702 σορῷ·
732 1634 848 1702 ᾔδει
879 1637 989 1705 γάρ
1061 1639 1278 1708 άληθῶς
1310 1641 1437 1704 τοὺς
1476 1643 1584 1695 τῶν
1614 1644 1899 1711 εὐαγγελι-

305 1720 418 1772 κῶν
494 1724 979 1794 παραγγελμάτων
1045 1728 1316 1796 φύλακας,
1377 1733 1472 1785 καὶ
1522 1735 1619 1804 τῆς
1664 1736 1893 1807 Μάρκου

303 1812 590 1883 ἀθλήσεως
647 1820 916 1888 μιμητάς,
972 1824 1279 1893 συσκήνους
1336 1827 1527 1879 τούτου
1600 1829 1889 1897 γενέσθαι,

2020 636 2181 689 simul
2233 651 2354 689 cum
2391 638 2696 707 virginibus
2727 641 2893 694 vitam
2932 655 3082 694 suam
3116 640 3294 709 gladio
3337 640 3600 704 finierint.

2021 728 2288 797 insepulta
2321 742 2511 783 eorum
2539 745 2919 786 remanserunt
2950 748 3200 801 corpora,
3224 734 3275 786 in
3298 748 3449 788 esum
3478 750 3601 802 pro-

2016 821 2161 889 jecta
2219 821 2350 876 feris
2399 833 2455 876 et
2504 825 2732 891 avibus;
2780 822 2871 878 Dei
2905 837 3085 879 autem
3136 827 3475 895 providentia
3512 828 3597 896 pia

2014 920 2069 964 et
2121 911 2310 965 devota
2380 927 2507 980 pars
2558 912 3054 968 Alexandrinorum
3111 912 3226 967 zelo
3282 925 3336 967 et
3383 916 3596 968 ardenti

2014 1015 2218 1057 armata
2259 1004 2358 1058 fuit
2388 1005 2755 1069 desiderio,ut
2783 1016 3099 1062 sanctorum
3125 1005 3385 1076 reliquias
3417 1022 3595 1060 asser-

2010 1106 2191 1159 varet;
2225 1096 2406 1150 salvos
2434 1099 2740 1152 etintactos
2773 1114 2971 1167 magno
3003 1101 3212 1153 honore
3245 1107 3299 1152 et
3337 1096 3484 1152 cultu
3506 1099 3601 1151 de-

2011 1185 2131 1239 tulit
2190 1186 2243 1238 in
2300 1188 2553 1255 templum
2609 1190 2786 1242 sancti
2844 1188 3072 1258 apostoli
3136 1197 3190 1241 et
3252 1188 3598 1257 evangelista:

2005 1274 2209 1343 Marci;
2248 1278 2447 1351 Cyrum
2483 1291 2734 1334 sanetum
2769 1290 2823 1334 et
2858 1280 3120 1334 Joannem
3163 1281 3215 1334 in
3244 1296 3409 1333 unum
3437 1280 3604 1349 depo-

2006 1380 2234 1422 suerunt
2317 1371 2592 1435 loculum,
2673 1373 2907 1440 virgines
2989 1382 3169 1427 autem
3232 1372 3599 1430 castissimas,

2004 1459 2419 1528 Theoctistam,
2508 1461 2801 1517 Deodatam
2892 1474 2947 1518 et
3042 1466 3374 1529 Eudosiam,
3492 1480 3595 1516 una

2003 1569 2124 1607 cum
2183 1564 2357 1608 matre
2388 1555 2685 1609 Athanasia
2738 1555 3071 1625 conjunCIim
3118 1557 3170 1609 in
3215 1558 3378 1609 alium
3452 1555 3594 1609 fere-

2003 1657 2166 1699 trum.
2224 1646 2364 1701 Vere
2398 1647 2653 1701 decorum
2678 1648 2779 1703 fuit
2806 1660 3125 1704 sanctorum
3169 1647 3589 1716 Erangeliorum

1999 1749 2311 1793 servatores
2350 1746 2405 1794 et
2435 1738 2603 1795 Marci
2650 1757 2841 1811 pugna:
2889 1742 3198 1796 imitatores
3256 1742 3357 1796 sub
3392 1741 3586 1795 eodem

1999 1845 2122 1883 cum
2148 1834 2396 1897 apostolo
2428 1832 2667 1901 tegmine
2700 1833 2961 1897 habitari,
3030 1836 3211 1903 itaque
3249 1834 3302 1888 in
3342 1835 3503 1887 terris
3533 1844 3589 1886 et

304 1907 559 1978 καθάπερ
612 1911 702 1962 ἐπὶ
756 1913 855 1981 τῆς
895 1913 999 1981 γῆς
1030 1916 1223 1982 ἀμέλει
1276 1918 1371 1971 καὶ
1414 1921 1473 1972 ὲν
1505 1923 1752 1990 οὐρανοῖς
1790 1925 1889 1992 τῆς
1922 1918 1963 1972 Β

1922 1918 1963 1972 Β
2008 1921 2061 1974 in
2117 1923 2274 1976 caelis
2327 1924 2393 1975 ad
2427 1924 2674 1977 dextram
2718 1925 2836 1991 ejus
2867 1933 3015 1979 stare
3066 1925 3458 1995 dignabuntur.
3530 1923 3595 1978 Et

302 2005 369 2056 ὲκ
424 2004 618 2070 δεξιῶν
679 2008 779 2060 σὺν
835 2010 986 2079 αὑτῷ
1027 2012 1426 2083 ἁξιωθήσονται
1476 2017 1719 2081 στάσεως
1749 2035 1762 2048 ·
1808 2021 1903 2073 καὶ

298 2094 477 2149 ταῦτα
513 2098 613 2165 μὲν
655 2101 781 2169 περὶ
812 2100 911 2170 τῆς
938 2103 1047 2156 τῶν
1076 2105 1246 2171 ἁγίων
1272 2107 1576 2176 ἀθλήσεως.

381 2187 708 2257 ’Δναγκαῖον
728 2192 783 2245 δὲ
803 2193 1043 2263 ἡγοῦμαι
1064 2198 1131 2250 δι’
1166 2197 1348 2266 ὀλίγου
1376 2202 1557 2255 εἰπεῖν
1576 2203 1669 2256 καὶ
1698 2203 1795 2276 τὴν
1819 2206 1903 2258 αἰ-

296 2279 421 2332 τίαν
449 2281 549 2350 τῆς
579 2284 928 2352 μεταθέσεως
951 2288 1059 2340 τῶν
1086 2290 1259 2356 ἁγίων
1295 2292 1566 2362 λειψάνων
1594 2295 1776 2366 Κύρου
1808 2298 1902 2350 καὶ

308 2371 559 2426 Ἰωάννου
580 2375 687 2433 ἀπὸ
706 2379 801 2429 τοῦ
827 2380 1120 2452 εὐκτηρίου
1136 2383 1288 2436 οἴκου
1317 2385 1410 2438 τοῦ
1436 2386 1614 2455 ’Δγίου
1646 2389 1903 2443 Ἀποστό-

296 2459 389 2513 λου
444 2467 538 2517 καὶ
592 2466 993 2535 Εὑαγγελιστοῢ
1044 2473 1272 2543 Μάρκου
1330 2475 1435 2548 [είς
1480 2477 1595 2551 τον]
1643 2479 1900 2533 ἐπέκεινα

297 2553 561 2607 Κανώϐου
594 2558 848 2622 ναὸν,τον
888 2562 1081 2633 πρώην
1112 2566 1200 2618 ἐπ’
1225 2567 1452 2637 ὀνόματι
1473 2570 1580 2623 τῶν
1613 2573 1901 2639 εὐαγγελι-

296 2644 439 2696 στῶν
466 2648 771 2712 κτισθέντα,
794 2650 887 2703 νῦν
916 2652 972 2705 δῖε
1002 2654 1108 2709 τῶν
1139 2655 1334 2723 Ἀγῖων
1366 2660 1675 2731 Μαρτύρων
1701 2663 1897 2731 ονομα·

296 2735 557 2804 ζόμενον.
620 2742 805 2806 καθὼς
865 2746 973 2799 ἀπὸ
1007 2752 1464 2821 συγγραμμάτων
1491 2755 1753 2824 Πατέρων
1788 2772 1897 2826 μα-

295 2826 415 2881 θεῖν
448 2830 832 2902 ἠδυνήθημενθ
888 2838 945 2889 ἐν
1001 2833 1044 2905 ᾧ
1080 2841 1188 2911 γάρ
1227 2844 1377 2913 τόπῳ
1423 2846 1667 2917 ὑπῆρχεν
1688 2847 1749 2899 τὸ
1787 2849 1895 2902 τῶν

295 2921 469 2988 ἁγίων
501 2924 686 2995 Κύρου
714 2930 808 2980 καὶ
826 2930 1077 2985 Ἰωάννου
1112 2934 1424 3005 εὐκτήριον,
1451 2939 1587 3005 πρὸς
1607 2941 1727 3001 ταῖς
1747 2939 1895 3008 ψάμ-

296 3030 422 3081 μοις
463 3013 677 3084 δαίμων
717 3020 1030 3090 ἀκάθαρτος
1070 3024 1393 3093 ἐπεφαίνετο
1420 3029 1477 3078 ἐν
1506 3029 1636 3080 εἴδει
1670 3029 1894 3098 θηλείας

295 3105 471 3157 ποιῶν
499 3109 801 3175 φαντασίας
830 3113 1055 3179 πολλάς,
1077 3116 1169 3167 καὶ
1195 3119 1458 3185 μαντείας
1500 3119 1672 3173 δοκῶν
1713 3121 1891 3190 λέγειν

295 3199 465 3268 μηδὲν
490 3200 710 3271 ἔχοντας
738 3205 961 3274 ἀληθὲς,
984 3209 1075 3260 καὶ⁸
1098 3209 1371 3276 ἐπιταγάς
1395 3230 1558 3265 τινων
1580 3216 1889 3285 φαρμάκων

2014 2013 2129 2068 hate
2157 2014 2374 2084 quidem
2401 2016 2470 2068 de
2499 2025 2811 2071 sanctorum
2842 2017 3165 2071 certamine.

2074 2194 2308 2251 Necesse
2337 2207 2465 2267 puto
2487 2201 2734 2269 quagdam
2770 2199 2836 2253 de
2870 2200 3230 2256 translatiOne
3272 2211 3593 2256 sanctarum

2008 2288 2363 2357 reliquiarum
2396 2290 2518 2361 Cyri
2542 2304 2596 2345 et
2622 2290 2851 2345 Joannis
2874 2294 3077 2359 dicere,
3104 2308 3223 2362 qua:
3253 2293 3321 2346 ab
3354 2294 3598 2348 oratorio

2008 2381 2181 2435 sancti
2215 2384 2441 2451 apostoli
2472 2393 2526 2437 et
2554 2385 2901 2451 evangelista:
2924 2384 3113 2447 Marci,
3147 2387 3198 2438 in
3220 2386 3428 2441 Canobi
3456 2397 3595 2440 tem-

2009 2474 2155 2543 plum
2201 2485 2493 2546 asportata:
2522 2476 2764 2531 fuerunt.
2847 2476 3128 2547 Templum
3165 2481 3266 2533 hoc
3305 2481 3457 2548 prius
3493 2481 3594 2534 sub

2007 2567 2351 2623 invocatione
2403 2579 2717 2623 sanctorum
2771 2571 3229 2639 evangelistarum
3265 2572 3590 2626 aedilieatum

2005 2658 2204 2725 fuerat,
2260 2676 2406 2716 nunc
2469 2671 2650 2716 autem
2686 2673 2999 2717 sanctorum
3036 2674 3337 2735 martyrum
3395 2680 3593 2721 nomen

2008 2754 2196 2819 refert,
2227 2755 2302 2807 uti
2348 2768 2379 2809 e
2404 2756 2623 2824 scriptis
2652 2767 2966 2810 sanctorum
2985 2758 3209 2811 Patrum
3241 2758 3590 2813 ediscendum

2003 2853 2107 2900 est.
2141 2843 2198 2899 In
2226 2861 2289 2899 eo
2315 2845 2457 2913 loco,
2509 2863 2617 2916 quo
2652 2848 2812 2904 hodie
2843 2860 2969 2903 sunt
3002 2849 3247 2918 reliquiae
3273 2850 3592 2921 sanctiCyri

2002 2944 2055 2987 et
2095 2935 2268 2987 sancti
2297 2934 2547 3002 Joannis,
2604 2938 2671 2991 ad
2722 2952 2919 2991 arenas
2964 2940 3215 3008 apparuit
3244 2941 3454 2994 daemon
3490 2942 3592 2994 itu-

2002 3041 2171 3093 purus
2211 3026 2311 3081 sub
2334 3027 2519 3097 specie
2547 3028 2824 3092 mulieris;
2875 3030 3041 3083 multa
3076 3030 3305 3099 perfecit
3359 3033 3590 3100 phanta-

2000 3128 2194 3184 smata,
2231 3121 2451 3173 oracula
2512 3122 2682 3175 edidit
2727 3136 2848 3190 qua:
2888 3123 3022 3176 nihil
3052 3124 3163 3177 vcri
3202 3140 3312 3194 prae
3359 3140 3417 3179 se
3445 3127 3587 3180 lere-

2009 3211 2157 3277 bant,
2184 3216 2446 3282 quasdam
2478 3214 2810 3270 medelarum
2837 3218 3283 3286 praescriptiones
3308 3219 3585 3273 iudicabat

289 3296 744 3363 τερατευόμενος,
767 3300 933 3367 μηδὲν
971 3302 1316 3370 παντάπασιν
1340 3303 1585 3371 ὠφελῶν,
1603 3307 1736 3360 άλλὰ
1768 3308 1893 3361 τού-
1919 3296 1960 3352 C

1919 3296 1960 3352 C
1997 3320 2115 3373 qua:
2142 3306 2346 3359 nullam
2379 3308 2429 3359 iu
2463 3321 2523 3361 se
2562 3309 2836 3363 habebant
2864 3309 3283 3377 utilitatem;ad
3319 3313 3584 3380 perditio-

289 3403 415 3449 τους
439 3390 519 3451 είς
538 3390 816 3442 ἀπώλειαν
834 3391 1219 3463 ἐφελκόμενος
1241 3396 1424 3447 πολλοὶ
1444 3392 1536 3450 οὖν
1557 3400 1802 3454 ἑάλωσαν
1824 3405 1889 3473 τῇ

289 3477 389 3531 τοῦ
412 3483 652 3553 πονηροῦ
697 3486 1009 3555 πνεύματος
1040 3491 1405 3561 κεκρυμμένη
1442 3492 1650 3558 παγίδι,
1694 3494 1892 3554 οἵτινες

292 3568 512 3631 θυσίαις
549 3574 643 3626 καὶ
678 3576 929 3639 κνίσσαις
952 3573 1038 3640 αἷς
1062 3580 1281 3632 ἐδόκουν
1312 3584 1479 3652 τιμᾷν
1505 3584 1565 3635 τὸ
1588 3584 1887 3655 δαιμόνιον,

290 3664 351 3715 ἐν
377 3664 456 3734 τῷ
481 3665 652 3737 βωμῷ
679 3668 737 3719 ἐν
756 3662 801 3735 ᾧ
829 3665 970 3739 ἦσαν
1009 3670 1103 3725 νῦν
1139 3674 1231 3725 ἐπὶ
1263 3673 1341 3743 τῷ
1363 3675 1589 3744 ὀνόματι
1620 3678 1784 3730 αύτοῦ
1798 3681 1891 3732 ἀν·-

288 3756 628 3826 εγείραντες·
650 3761 1006 3831 ἐττωνόμαζον
1020 3762 1077 3816 δέ
1094 3765 1226 3817 αὐτὸ
1248 3767 1294 3818 oi
1309 3766 1596 3835 Αἰγύπτιοι
1613 3771 1884 3842 Μενουοῆ.

373 3849 498 3901 Ἐπὶ
536 3851 644 3903 τῶν
674 3854 883 3921 χρόνων
912 3855 1094 3907 τοίνυν
1115 3856 1209 3909 τοῦ
1239 3858 1585 3927 φιλοχρίστου
1618 3860 1887 3929 βασιλέως

289 3938 384 3992 τοῦ
415 3942 630 4012 Μικροῦ
664 3944 972 4005 Θεοδοσίου.
1004 3940 1272 4017 Κύριλλος
1296 3951 1395 4001 ὀὲν
1412 3950 1587 4019 ἁγίοις
1614 3952 1713 4022 τὴν
1730 3954 1887 4022 Μάρ-

293 4050 394 4084 κου
430 4032 703 4106 καθέδραν
726 4036 945 4107 άληθῶς
969 4038 1298 4105 διέπων,καί
1323 4042 1413 4095 τὸν
1446 4043 1547 4113 τῆς
1580 4045 1886 4114 όρθοδοξίας

288 4122 631 4193 θερμότατον
660 4126 824 4195 ζῆλον
848 4130 1253 4201 διαδεξάμενος,
1279 4135 1495 4188 ἁκούων
1526 4137 1595 4190 τὰ
1622 4138 1883 4207 γινόμενα

285 4213 384 4266 τοῦ
414 4217 657 4289 πονηροῦ
685 4220 939 4289 δαίμονος
965 4226 1332 4294 φαντάσματα
1364 4230 1421 4279 ἐν
1445 4229 1694 4300 Μενουθῇ
1722 4230 1884 4299 (οὕτω

284 4308 399 4375 γάρ
434 4306 525 4358 τὸν
555 4309 721 4360 τόπον
744 4309 931 4363 λοιπὸν
959 4314 1022 4364 ἐκ
1045 4314 1140 4365 τοῦ
1176 4316 1599 4384 ἐπιφαινομένου
1631 4320 1882 4389 δαίμονος

282 4397 689 4469 ἐπωνόμαζον),
720 4400 1060 4473 λυπούμενος
1087 4406 1146 4460 δὲ
1181 4409 1274 4461 καὶ
1300 4408 1585 4480 ἀδημονῶν
1627 4414 1753 4484 περὶ
1772 4415 1882 4466 τῶν

280 4489 683 4560 ἀπολλυμένων
738 4494 766 4546 ὁ
814 4494 961 4559 ὅσιος
1016 4498 1105 4551 διὰ
1156 4500 1255 4563 τῆς
1306 4503 1521 4572 ἀπάτης
1555 4504 1764 4575 ψυχῶν,
1802 4509 1881 4571 εἰς

1997 3411 2119 3450 nem
2154 3399 2338 3451 omnia
2370 3401 2680 3468 excogitata
2730 3402 2945 3456 fuerant
2972 3414 3025 3458 et
3061 3405 3213 3458 multi
3252 3407 3585 3462 absconditis

1996 3489 2214 3556 maligni
2251 3491 2477 3559 spiritus
2512 3492 2721 3562 laqueis
2746 3495 2889 3563 capti
2922 3502 3070 3559 sunt,
3102 3498 3191 3566 qui
3213 3499 3497 3553 sacriﬁciis
3527 3510 3583 3553 et

1994 3582 2323 3651 pinguedine
2351 3586 2649 3641 dannonem
2686 3588 2868 3643 colere
2900 3589 3242 3655 videbantur,
3307 3592 3359 3645 in
3405 3605 3578 3657 aram,

1993 3681 2211 3735 nomine
2245 3682 2361 3749 ejus
2402 3693 2737 3737 exstructam
2773 3684 3142 3752 deposuerunt
3181 3687 3361 3752 dona;
3415 3702 3577 3757 quam

1990 3770 2237 3843 [Egyptii
2267 3772 2617 3829 Menoutham
2651 3777 3015 3846 appellabant.

2057 3864 2324 3934 Tempore
2343 3866 2641 3923 Christiani
2669 3871 3311 3940 imperatorisTheodosii
3333 3876 3577 3948 Minoris,

1988 3970 2109 4010 cum
2143 3958 2389 4013 veritatis
2416 3962 2733 4017 cathedram
2786 3967 2962 4021 sancti
2996 3966 3165 4023 Marci
3223 3970 3447 4026 haberet
3473 3972 3580 4044 Cy-

1990 4046 2163 4111 rillus,
2200 4048 2502 4105 indefessus
2527 4055 2845 4109 orthodoxa:
2874 4058 2993 4111 lidei
3026 4069 3081 4113 et
3112 4068 3365 4116 strenuus
3395 4063 3581 4118 delen-

1985 4152 2100 4200 sor.
2157 4149 2210 4194 et
2262 4143 2476 4197 audiret
2525 4160 2647 4214 qua:
2705 4148 2773 4201 ab
2825 4150 3090 4205 humandi
3138 4153 3362 4223 spiritus
3411 4157 3580 4225 phan-

1989 4228 2311 4285 tasmatibus
2342 4232 2536 4288 tierent
2566 4236 2617 4289 in
2651 4236 2965 4304 Menoutha,
3018 4257 3127 4310 quo
3168 4246 3390 4301 nomine
3416 4263 3577 4302 Voca-

1988 4318 2121 4375 bant
2145 4322 2322 4377 locum
2355 4328 2596 4384 dar-mone
2628 4332 2969 4401 intestatum,
3013 4336 3187 4391 doluit
3226 4341 3579 4397 vehementer

1984 4427 2039 4467 et
2068 4414 2329 4485 ingemuit
2370 4430 2594 4477 sanctus
2633 4426 2864 4482 antistes
2911 4427 2978 4482 de
3026 4434 3106 4481 tot
3139 4431 3412 4499 tantisque
3460 4435 3578 4486 aui-

1990 4508 2184 4563 mabus
2211 4526 2399 4567 errore
2420 4515 2720 4583 deperditis
2744 4535 2760 4585 ;
2789 4532 3088 4575 conversus
3114 4533 3199 4575 est
3217 4523 3331 4590 ipse
3353 4525 3417 4576 ad
3453 4540 3577 4579 ora-

283 4578 442 4642 Ἇιτὰς
473 4584 568 4635 καὶ
598 4584 810 4649 ἱκεσίας
852 4589 1088 4659 ἐτράπη.
1126 4596 1463 4663 παρακαλῶν
1497 4598 1587 4649 τὸν
1619 4599 1751 4651 Θεὸν
1774 4618 1873 4668 φα-
1911 4624 1954 4678 ι)

1911 4624 1954 4678 D
1988 4600 2163 4655 tiones
2196 4613 2250 4656 et
2278 4607 2710 4674 deprecationes,
2763 4611 3043 4681 Deumque
3073 4614 3348 4667 invocavit
3384 4626 3442 4669 ut
3470 4618 3572 4673 sibi

289 4673 523 4742 ιερῶσαι
549 4678 774 4745 τρόπον,
822 4680 889 4733 δι’
925 4678 983 4736 οὗ
1030 4685 1089 4735 τὸ
1123 4685 1250 4737 ἴδιον
1293 4687 1518 4758 πλάσμα
1540 4692 1603 4744 ὲκ
1625 4691 1718 4744 τοῦ
1757 4694 1875 4746 ὀλε-

277 4765 437 4835 θρίου
498 4767 754 4839 δαίμονος
823 4774 1324 4847 ἐλευθερωθήσεται
1390 4784 1483 4836 καὶ
1544 4784 1653 4836 τῶν
1710 4786 1876 4840 αὐτοῦ

277 4859 603 4924 φαντασιῶν
634 4879 648 4893 ο
694 4863 787 4915 ἐπὶ
816 4864 951 4918 πολὺ
1007 4868 1063 4920 δὲ
1085 4869 1255 4922 αὑτοῦ
1323 4873 1576 4943 δεομένου
1620 4878 1715 4929 καὶ
1740 4878 1879 4947 μετὰ

274 4949 535 5019 δακρύων
567 4954 1029 5025 προσπίπτοντος,
1085 4963 1429 5027 ἐπιφαίνεται
1466 4967 1616 5033 αὐτῷ
1660 4969 1878 5040 νύκτωρ

272 5039 508 5109 ἄγγελος
534 5044 740 5099 Κυρίου
804 5047 980 5115 λέγων
1002 5068 1013 5079 ·
1062 5052 1299 5125 Ἐπειδὴ,
1336 5062 1521 5125 ςησὶν,
1571 5059 1645 5123 ὡς
1674 5062 1876 5131 ποιμὴν

271 5135 387 5187 τῶν
435 5135 672 5205 λογικῶν
728 5142 1019 5211 προϐάτων
1071 5147 1283 5201 ἱκεσίαν
1348 5152 1691 5220 προσάγεις,
1751 5155 1875 5208 τάδε

270 5241 359 5278 σοι
423 5227 633 5281 κελεύει
710 5230 777 5283 δι’
835 5233 971 5300 ἐμοῦ
1035 5237 1063 5287 ό
1122 5237 1275 5307 ὑμῶν
1318 5257 1377 5292 τε
1417 5244 1511 5295 καὶ
1560 5243 1718 5312 ἡμῶν
1772 5249 1877 5313 Δη-

277 5321 542 5387 μιουργὸς
588 5324 684 5374 καὶ
740 5322 873 5388 Θεός
897 5342 912 5358 ο
963 5329 1253 5400 πορευθεὶς
1310 5334 1389 5398 εἰς
1422 5335 1482 5387 τὸ
1514 5336 1745 5405 Μάρκου
1778 5337 1874 5391 τοῦ

267 5412 681 5479 Εὑαγγελιστοῦ
717 5422 1098 5491 κοιμητήριον,
1156 5426 1413 5495 εὑρήσεις
1443 5429 1599 5501 σορὸν
1631 5431 1687 5483 ὲν
1807 5432 1874 5484 τὰ

268 5503 507 5573 λείψανα
528 5507 639 5559 τῶν
663 5510 814 5578 ἐμῶν
847 5514 1140 5583 μαρτύρων
1169 5517 1352 5589 Κύρου
1383 5521 1477 5574 καὶ
1516 5523 1764 5579 Ἰωάννου
1781 5542 1873 5579 τε·

266 5595 652 5667 θησαύρισται·
674 5601 847 5655 ταῦτα
867 5605 1046 5657 τοίνυν
1068 5609 1413 5678 ἀνελόμενος,
1432 5615 1511 5677 είς
1527 5616 1619 5670 τὸν
1653 5617 1740 5670 ἐπ’
1765 5618 1877 5670 όνὸ.

269 5703 404 5756 ματι
441 5688 550 5741 τῶν
601 5690 1011 5759 εὐαγγελιστῶν
1072 5700 1362 5755 κτισθέντα
1405 5699 1582 5767 οἷκον,
1618 5708 1873 5763 ἐπέκεινα

264 5777 362 5830 τοῦ
406 5779 672 5835 Κανώὸου
719 5788 1093 5857 μετακόμισον
1122 5807 1136 5821 ο
1186 5794 1378 5846 τούτου
1405 5796 1512 5867 γάρ
1553 5802 1869 5869 γενομένου,

273 5876 305 5941 ἡ
336 5874 394 5926 ἐν
426 5873 505 5945 τῷ
534 5876 685 5949 τόπῳ
712 5884 974 5953 γινομένη
1043 5888 1315 5953 φαντασία
1363 5894 1866 5965 καταργηθήσεται.

1984 4692 2427 4750 manil‘estaretur
2487 4701 2678 4754 modus
2738 4716 2848 4772 quo
2901 4709 3224 4761 commissas
3294 4718 3574 4764 creaturas

1982 4797 2009 4836 a
2091 4787 2394 4853 pernicioso
2491 4790 2749 4848 liberaret
2844 4796 3001 4852 hoste
3087 4800 3315 4871 ejusque
3397 4802 3570 4871 phan—

1984 4876 2155 4929 tasiis.
2220 4876 2511 4947 Postquam
2546 4884 2637 4938 diu
2698 4894 2754 4940 et
2807 4903 2929 4940 eum
2966 4890 3226 4962 lacrymis
3261 4903 3568 4961 prostratus

1980 4979 2193 5022 orasset
2231 4973 2541 5041 episcopus,
2579 4988 2737 5031 noctu
2790 4980 2863 5033 illi
2911 4985 3161 5051 apparuit
3208 4986 3434 5055 angelus
3468 4988 3572 5041 Do-

1981 5058 2112 5112 mini
2143 5060 2329 5114 dicens
2362 5081 2375 5116 :
2402 5064 2537 5119 Cum
2593 5078 2650 5122 ut
2692 5070 2864 5126 bonus
2909 5083 3098 5143 pastor
3128 5091 3227 5144 pro
3258 5079 3567 5133 rationabili

1979 5166 2142 5221 grege
2192 5153 2373 5210 defers
2427 5160 2898 5229 supplicationem,
2967 5171 3108 5222 harc‘
3136 5170 3258 5223 tibiv
3286 5182 3469 5225 vester
3511 5183 3567 5226 et

1980 5256 2167 5298 noster
2195 5248 2451 5305 conditor
2474 5250 2614 5306 Deus
2640 5256 2855 5308 nuntiat
2879 5273 2894 5309 :
2929 5255 3076 5313 Vade
3104 5260 3154 5312 in
3186 5264 3561 5317 ecemeterium

1987 5331 2173 5398 Marci,
2235 5336 2433 5392 ibidem
2470 5344 2711 5412 reperies
2766 5343 3003 5401 loculum
3027 5347 3115 5403 ubi
3148 5360 3444 5405 servantur
3473 5366 3561 5408 re-

1986 5425 2165 5495 liquiae
2194 5443 2507 5487 sanctorum
2560 5448 2859 5508 martyrum
2897 5420 3141 5496 meorum
3169 5444 3291 5514 Cyri
3316 5453 3370 5497 et
3396 5442 3560 5499 Joan-

1980 5518 2101 5585 nis;
2154 5523 2251 5577 has
2306 5526 2431 5581 tolle
2460 5530 2596 5582 etin
2629 5533 2800 5585 aedem
2834 5532 2933 5586 sub
2986 5534 3204 5587 nomine
3245 5544 3556 5590 sam-torum

1981 5613 2451 5684 livangelistmum
2482 5634 2741 5684 erectam,
2769 5623 3130 5679 adCanobum
3160 5625 3409 5693 deferas;
3450 5644 3556 5697 quo

1982 5708 2125 5763 laeto
2167 5724 2455 5769 evancseet
2500 5732 2617 5784 qua:
2665 5718 2715 5770 in
2755 5716 2871 5773 loco
2911 5718 3014 5775 isto
3060 5731 3136 5775 est
3170 5721 3477 5789 phantasia.
