4280 6442
800 418 936 483 3727
1703 419 1757 473 Η.
1800 416 1910 474 Siti
1939 415 2210 474 Ἐῖῐῖιῖῗζῐι
2261 415 2477 474 l’A'i'iil

2393 417 2761 476 'iil.\ittill.E
2803 419 3208 480 ΙΙῘΕΠΗἉΗΙ..
3947 430 4083 491 3723

791 539 852 586 et
880 525 1204 586 benetneriti
1246 525 1662 595 dcperdltorum
1697 535 1982 577 :tttt'lm'tlttt
2021 541 2187 593 opera
2215 524 2420 594 ingenti
2455 527 2712 593 patientia
2761 539 2814 582 et
2858 529 3044 582 ΙειΙιοΙὋ
3075 546 3105 584 e
3169 529 3508 601 principibus
3540 532 3708 588 Italizc
3739 534 4084 598 hihlinbt-t-is

789 628 969 682 eruta,
1005 626 1258 685 t3'porum
1284 613 1551 668 bettcticio
1574 621 1776 666 :cterna
1815 612 1923 663 vita
1973 611 2339 676 donaverunt,
2372 615 2514 667 sacri
2553 617 2749 669 melodi
2785 617 3053 670 citharam
3082 619 3334 688 squalido
3364 621 3416 673 in
3455 622 3678 690 pulvere
3703 626 3974 694 sepultam
4031 640 4086 683 ct

792 714 998 760 mutant
1029 703 1212 758 adhuc
1247 703 1438 767 latere,
1478 717 1585 755 non
1613 701 1866 769 equidem
1903 709 2020 754 erat
2052 700 2360 756 ferendum.
2391 700 2454 754 Et
2491 718 2675 758 revera
2712 705 2756 758 si
2787 706 2880 774 qtti
2910 707 2960 759 in
2989 707 3218 762 edendis
3253 710 3614 779 profanorntn
3673 725 3963 768 aui-torum
3996 733 4082 771 re-

791 794 998 863 liquiis,
1032 792 1098 847 ad
1138 791 1406 846 bonarum
1441 791 1644 843 artium
1677 797 1731 842 et
1763 790 2069 842 litterarum
2131 789 2553 852 incretucnttnn,
2606 807 2830 862 operam
2896 794 3245 864 impendunt,
3302 801 3587 868 perpetuis
3629 800 3886 855 laudibus
3953 813 4081 857 sunt

789 881 1236 943 commendandi,
1263 869 1489 949 gloriam
1531 877 1786 948 equidem
1821 894 1928 930 non
1963 893 2182 947 parvam
2217 879 2323 932 sibi
2373 892 2726 948 comparant,
2764 882 2856 951 qui
2908 895 3226 939 sanctorum
3268 885 3492 940 Patrum
3544 888 3824 960 incognita
3862 902 3956 944 aut
3987 895 4079 946 de-

790 968 999 1038 perdita
1027 983 1195 1038 opera
1239 982 1384 1021 nttnc
1413 967 1671 1036 evulgare
1707 965 1950 1029 student,
2000 976 2057 1018 ut
2094 965 2218 1019 inde
2269 968 2623 1022 sanctissima
2687 980 2874 1024 nostra
2934 973 3127 1041 religio
3162 974 3505 1044 splendidius
3543 980 3760 1037 emicet,
3798 989 3848 1031 et
3886 981 4075 1032 immn-

787 1059 975 1113 tabilis
1007 1058 1266 1112 Ecclesiae
1316 1057 1603 1111 catholicre
1655 1055 1908 1110 doctrina
1937 1065 2128 1108 contra
2185 1055 2410 1110 fallaces
2440 1059 2864 1114 reformator-um
2898 1077 3072 1132 nugas
3105 1079 3526 1135 quaquaversus
3579 1077 3782 1134 pati-at.
3815 1068 3896 1121 Me
3947 1087 4078 1123 vero

788 1148 965 1202 athuc
1013 1147 1065 1200 itt
1097 1147 1304 1206 limine,
1343 1156 1398 1197 ιιι
1430 1146 1500 1198 ita
1533 1145 1737 1204 dicant,
1773 1143 2152 1210 hujuscemodi
2191 1144 2530 1205 studiorum,
2569 1148 2839 1216 pretiosas
2871 1153 3046 1203 sancti
3079 1153 3376 1223 Sophronii
3418 1156 3557 1209 odas
3589 1166 3667 1210 tot
3697 1158 3918 1210 sa‘rulis
3952 1167 4080 1212 ante

789 1236 1063 1294 conditas,
1090 1235 1322 1302 primum
1365 1233 1625 1298 edidisse,
1668 1232 1884 1300 gaudiis
1907 1233 2188 1286 exsultare
2216 1247 2378 1286 nemo
2405 1237 2735 1300 prohibt-bit.

861 1321 1152 1375 Ilemorias
1181 1324 1326 1374 enim
1357 1323 1422 1374 de
1447 1322 1612 1374 variis
1640 1319 1953 1374 Grtet-orum
1985 1323 2384 1376 controversiis
2416 1323 2556 1375 inter
2585 1325 2887 1380 Allatianas
2913 1329 3136 1382 chartas
3192 1333 3544 1399 conquirenti
3583 1347 3786 1402 parvus
3833 1333 4004 1387 codex
4049 1351 4078 1388 a

790 1425 875 1463 me
907 1409 1002 1462 diu
1034 1409 1404 1468 tlesideratns,
1445 1410 1516 1460 ita
1545 1412 1792 1478 signatus
1827 1405 1889 1460 (Σ.
1927 1410 1992 1460 ει.
2027 1407 2152 1472 371),
2195 1424 2384 1462 sacros
2411 1419 2464 1463 et
2491 1413 2752 1479 profanos
2797 1419 3218 1470 anaereonticos
3259 1433 3452 1472 novent
3485 1422 4079 1488 complectensoccur-

787 1498 878 1551 rit.
911 1495 1103 1551 Statim
1146 1497 1518 1564 apograpltum
1555 1511 1714 1548 ntaun
1755 1495 1928 1564 ipsius
1961 1496 2138 1548 Allatii
2166 1498 2482 1550 ennl'ectutn
2515 1503 2766 1565 cognovi,
2799 1511 2853 1555 et
2904 1503 3051 1556 aliud
3085 1502 3362 1558 Vernatia:
3394 1509 3676 1576 exemplar
3709 1509 3851 1562 haud
3887 1511 4079 1578 procul

783 1586 966 1654 jacere
996 1584 1134 1649 vidi;
1173 1592 1310 1645 tum,
1347 1599 1413 1636 ne
1449 1585 1500 1635 in
1535 1585 1758 1650 pulvere
1789 1584 1902 1637 haec
1927 1585 2164 1651 pretiosa
2207 1585 2462 1639 coliectio
2496 1587 2732 1653 amplius
2764 1587 3134 1651 delitesceret,
3181 1593 3232 1644 in
3268 1608 3418 1647 meas
3451 1594 3955 1665 schedasredigere
3981 1598 4079 1650 «ιο-υ

787 1671 968 1737 crevi;
1011 1671 1157 1740 quod
1185 1682 1238 1725 et
1267 1672 1412 1725 brevi
1444 1671 1678 1732 alistilvi,
1713 1685 2028 1738 quanquam
2071 1685 2238 1726 aestus
2269 1671 2708 1728 ferventissimus
2742 1692 2848 1730 non
2893 1679 3174 1731 minimam
3238 1681 3369 1733 tnihi
3413 1681 3699 1736 exhiberet
3735 1685 4073 1744 molestiam,

786 1759 985 1829 quippe
1014 1759 1194 1813 sextili
1221 1774 1406 1813 mense
1455 1760 1582 1811 anni
1611 1759 1748 1812 1858
1806 1759 1918 1812 [nec
1942 1761 2127 1814 omnia
2161 1761 2500 1814 acciderunt.
2532 1761 2756 1816 Interim
2789 1773 2845 1817 ut
2875 1764 3092 1819 dulcem
3131 1767 3426 1821 inviserem
3467 1771 3722 1838 patriam,
3754 1773 3863 1824 iter
3896 1773 3950 1824 in
3986 1773 4075 1826 Si-

786 1847 966 1900 ciliam
993 1859 1312 1915 aggressus,
1344 1849 1398 1900 in
1424 1847 1630 1902 scrinio
1663 1862 1842 1900 meum
1887 1848 2130 1902 laborem
2157 1849 2400 1919 reposui,
2442 1863 2506 1902 ca
2540 1859 2722 1904 mente
2755 1860 2812 1904 ut
2855 1867 3017 1922 quam
3052 1854 3290 1924 primum
3336 1872 3590 1911 reversus
3645 1859 3894 1913 melodos
3923 1876 4078 1914 meos

785 1933 1130 1997 emendatos,
1153 1935 1296 2006 typis
1320 1934 1617 1989 tradendos
1642 1949 1918 1990 curarem.
1949 1936 2017 1989 At
2041 1951 2163 1989 cum
2195 1936 2528 1991 Allatianum
2559 1938 2806 1993 codicem
2834 1942 2972 1996 satis
3004 1941 3328 1997 mendosum
3355 1959 3477 1998 esse
3505 1947 3976 2009 considerassetn,
3997 1965 4077 1999 ar-

788 2021 1084 2092 chetypum
1110 2025 1270 2077 anxie
1304 2039 1398 2093 per
1432 2024 1711 2077 ltomanas
1746 2024 2109 2080 bibliothecas
2141 2035 2466 2094 prmteutare
2499 2027 2699 2096 iIICt’pi.
2743 2026 3060 2082 Vaticanam
3104 2031 3382 2100 extemplo
3437 2032 3568 2098 adii,
3609 2032 3700 2086 tibi
3730 2035 3784 2087 in
3837 2035 4078 2104 quibus-

787 2108 912 2162 dam
945 2109 1130 2163 Allalii
1163 2109 1498 2165 adversariis
1527 2109 1830 2164 indiculum
1865 2111 2110 2180 ejusdem
2144 2127 2303 2165 manu
2338 2116 2712 2183 conscriptum
2773 2115 3056 2185 conspexi,
3109 2118 3201 2187 qtti
3252 2118 3551 2188 Sopltronii
3604 2120 3848 2175 Odarttnt
3884 2124 4081 2176 titulos

787 2205 998 2250 tantum
1033 2198 1375 2260 recensebat,
1401 2215 1430 2251 c
1459 2198 1696 2268 quodam
1733 2199 1922 2253 codice
1955 2200 2274 2269 desntnptos
2305 2217 2476 2270 quem
2503 2205 2670 2258 emin.
2706 2203 2990 2267 Sit-letum.
3018 2204 3145 2261 inde
3181 2208 3351 2262 emin.
3384 2207 3712 2263 Columnam
3757 2212 4081 2280 possedisse

789 2289 906 2358 ipse
939 2289 1178 2344 Allatius
1209 2289 1514 2344 adnotavit.
1555 2291 1806 2344 Attamen
1842 2294 1984 2345 inter
2009 2291 2228 2344 codices
2251 2291 2648 2346 Colunntenses
2704 2293 3048 2348 venundatus
3086 2308 3185 2348 nec
3235 2310 3416 2350 meum
3475 2295 3869 2366 Sophronium,
3898 2315 4081 2368 ne.th

785 2377 1035 2449 ejusdem
1061 2379 1407 2434 bibliotheca:
1439 2381 1646 2434 indices
1678 2383 1913 2450 reperire
1955 2383 2126 2451 potui.
2179 2380 2316 2435 Tntn
2343 2382 2524 2436 dettuo
2555 2383 2605 2432 in
2646 2379 2908 2434 Vaticana
2942 2382 3252 2437 Sirletianis
3292 2383 3579 2438 codicibus
3646 2388 3653 2436 i
3705 2402 3922 2440 ~.tSStIltt
3963 2404 4081 2453 per.

789 2467 1057 2533 lustratis,
1084 2467 1403 2523 eorumdcnt
1433 2467 1669 2522 indicem
1714 2470 1926 2538 inspexi
1955 2488 1968 2530 ;
1997 2481 2050 2522 et
2089 2471 2347 2524 ntAllatii
2389 2471 2624 2523 assertio
2649 2468 2888 2536 titulique
2916 2478 3216 2532 constaret,
3257 2468 3310 2522 in
3337 2469 3399 2524 ς.
3435 2469 3496 2524 ν.
3533 2474 3674 2526 5970
3699 2516 3711 2532 ,
3748 2474 3783 2528 f.
3821 2474 3918 2529 Its
3966 2479 4080 2527 ha-e

787 2557 1031 2628 gaudens
1067 2557 1268 2626 perlegi
1305 2574 1317 2608 :
1371 2554 1482 2626 σξβ¹
1531 2556 1734 2626 βιϐλίον
1764 2557 2104 2628 μεμϐράῖνον
2166 2558 2394 2612 παλαιὸν
2423 2599 2437 2620 ,
2471 2578 2477 2601 ι

2392 2579 2437 2620 ν,
2471 2552 2680 2617 οὗτινος
2722 2555 3118 2622 aestimetis:
3162 2559 3516 2628 χαρακτῆρες
3566 2563 3775 2628 χρυςςιῖ.
3821 2563 3879 2612 ἐν
3915 2557 3960 2628 ᾧ
3989 2581 4082 2613 TT:-

789 2644 958 2714 ριὲχει
989 2643 1147 2698 τάδε·
1181 2642 1288 2696 Τοῦ
1313 2644 1470 2709 ἁγίου
1501 2645 1810 2715 Σωφρθνξου
1838 2646 2137 2698 ἐπισκόπου
2175 2645 2479 2716 depasci-3;;

2391 2645 2564 2714 tepor:
2613 2644 3048 2711 Ἀ-ηικρεόντεεα.
3083 2643 3400 2713 Sequuntur
3424 2644 3662 2700 Odarutn
3717 2648 3881 2709 tituli,
3937 2667 4081 2718 qun-

789 2747 911 2786 runt
938 2733 1146 2802 aliquot
1179 2732 1506 2795 reticentur,
1545 2741 1640 2785 ant
1669 2732 1777 2786 alio
1810 2734 2025 2787 auctori
2071 2735 2466 2803 appittgttlttur.

859 2817 1160 2889 llucusque
1186 2821 1260 2873 ita
1287 2834 1374 2874 res
1403 2835 1462 2874 se
1491 2819 1799 2885 habebant;
1855 2820 1951 2874 sed
1986 2820 2339 2876 Sirletianuin
2382 2820 2628 2874 codicem
2667 2817 2980 2871 inveniendi
3018 2834 3169 2886 spent
3217 2837 3435 2873 omnem
3497 2838 3603 2875 non
3671 2823 4038 2887 tlcpnstlt‘t'ttt:

790 2903 1367 2962 Subsenseramcnint
1399 2906 1850 2962 Barberinianatn
1883 2909 2273 2964 bibliothecam
2342 2906 2651 2974 hujusmodi
2696 2907 2940 2959 codicem
2995 2908 3124 2958 olim
3185 2907 3483 2964 habuisse:
3535 2912 3644 2961 duo
3697 2921 3878 2963 tamen
3945 2931 4085 2965 mem

789 2995 1197 3066 investigationi
1243 2995 1537 3050 obstabant
1569 3014 1581 3050 :
1621 2996 2008 3052 illustrissimze
2033 2998 2374 3050 bruti-athene
2415 2996 2651 3053 fortuna,
2683 2995 2940 3048 timebam
2969 2995 3112 3047 enim
3144 3011 3210 3048 ne
3245 3013 3397 3050 mens
3431 2997 3775 3067 Sophronius
3809 3000 3936 3054 inde
3973 3005 4045 3052 mi

789 3092 1044 3151 grasset;
1083 3093 1138 3138 et
1165 3084 1314 3138 nulla
1345 3099 1468 3138 cum
1512 3085 1758 3154 ejusdem
1793 3085 2139 3140 bibliotheca!
2165 3085 2418 3154 praelecto
2447 3082 2708 3136 amicitia.
2765 3081 3084 3134 Studiorum
3116 3098 3272 3136 amor
3317 3083 3570 3137 tidneiatn
3602 3084 3823 3154 adjecit,
3858 3103 3959 3139 nec
3996 3104 4087 3140 me

793 3185 908 3224 mea
943 3171 1132 3242 opinio
1163 3171 1395 3241 fefellit;
1429 3181 1635 3228 tantam
1656 3173 1804 3227 enim
1831 3173 2039 3228 domini
2078 3172 2332 3228 Pierilisii
2371 3169 2710 3230 comitatem,
2752 3166 3004 3234 quamvis
3043 3167 3285 3235 ignotus,
3343 3177 3605 3235 expurtus
3643 3185 3786 3229 smn,
3820 3179 3874 3221 ttt
3914 3171 4086 3222 bene-

791 3257 901 3313 t‘tcii
932 3264 1255 3316 memoriam
1285 3265 1591 3332 lnunquatn
1625 3261 1877 3315 amittere
1905 3261 2132 3330 possim.
2171 3259 2418 3328 Namque.
2447 3254 2548 3307 ctsi
2581 3267 2717 3305 nova
2763 3253 3106 3306 bibliothecae
3160 3253 3435 3307 ordinatio
3481 3255 3664 3308 omnia
3713 3263 3917 3309 teneret
3956 3273 4086 3324 per-

791 3343 1034 3409 turbata,
1056 3345 1199 3401 facta
1240 3347 1310 3400 ab
1336 3345 1718 3401 illustrissimo
1746 3347 1993 3416 principe
2023 3355 2310 3417 potestate,
2343 3357 2555 3400 inccusu
2589 3355 2768 3393 tnemn
2799 3339 3169 3410 Snplnoninm
3209 3342 3487 3411 inquirere
3515 3358 3625 3398 non
3664 3345 3834 3398 semel
3886 3346 4081 3399 eIaL-o-

793 3432 968 3499 ravit;
995 3432 1166 3488 codex
1202 3433 1421 3488 tandem
1456 3435 1712 3489 inventus
1749 3442 1855 3498 est,

864 3537 1052 3592 Sancti
1085 3537 1526 3607 Sopltronii-odtc
1557 3553 1587 3592 e
1628 3554 1692 3592 ve
1719 3539 1968 3592 nttstiore
1997 3551 2253 3591 versuum
2277 3537 2799 3591 .-\nacreontit-oruin
2833 3554 3031 3608 genere
3068 3539 3414 3603 conﬂantur;
3447 3541 3649 3609 quippe
3679 3558 3875 3598 omnes
3905 3545 4082 3598 dime-

795 3625 884 3690 trt',
913 3626 1178 3693 impares,
1237 3625 1485 3679 cata/ccli
1533 3635 1682 3687 sunt,
1731 3633 1784 3679 et
1848 3625 1952 3678 hoc
1992 3623 2154 3678 modo
2190 3623 2552 3678 scanduntur.
2599 3625 2682 3678 Sit
2725 3627 2922 3695 prioris
2969 3626 3088 3680 eda:
3138 3629 3347 3696 primus
3381 3643 3571 3684 versus
3615 3631 3932 3700 exemplum
3969 3635 4084 3685 ἀπὸ

794 3712 1110 3782 Πνεύματος
1141 3711 1315 3777 Θεοίο,
1336 3713 1427 3766 ubi
1461 3723 1793 3780 anapaestum
1831 3713 2003 3766 habes
2037 3720 2090 3765 et
2122 3710 2358 3764 iambum
2383 3711 2438 3764 in
2463 3715 2638 3781 prima
2666 3711 2884 3780 dipodia
2911 3729 2925 3776 ;
2961 3715 3210 3782 sequitur
3247 3715 3490 3769 secunda
3515 3716 3760 3785 dipodia,
3786 3734 3910 3786 quae
3940 3719 4083 3773 iant-

795 3805 864 3857 bo
893 3809 949 3856 et
976 3801 1183 3872 syllaba
1219 3809 1459 3855 constat.
1493 3799 1817 3868 llujusmodi
1861 3800 2106 3852 carmina
2136 3799 2189 3852 itt
2223 3799 2619 3852 Anacreonteis
2650 3799 2858 3853 odariis
2889 3803 3038 3851 Varia
3070 3803 3344 3869 leguntur,
3385 3802 3529 3858 unde
3559 3816 3612 3858 et
3646 3807 3873 3860 nomine
3903 3822 4083 3875 gene—

796 3891 912 3944 rico
941 3888 1328 3942 Anacreontica
1363 3887 1632 3956 appellata
1672 3896 1820 3942 sunt.
1877 3885 2204 3939 Divitluntur
2238 3886 2290 3938 in
2324 3884 2682 3944 Tetrasticha,
2711 3883 2915 3952 quihtts
2965 3882 3242 3954 Melurgus
3270 3895 3479 3948 noster,
3517 3902 3582 3940 ex
3618 3903 3720 3941 usu
3751 3886 3866 3956 jam
3913 3901 4081 3944 antea

797 3984 1040 4046 recepto,
1078 3991 1272 4028 versus
1305 3976 1541 4043 impares
1581 3973 1879 4028 immiscuit
1919 3973 2208 4026 duodecim
2259 3973 2498 4041 syllabas
2529 3971 2870 4024 eontinentcs
2899 3988 2914 4034 ;
2960 3971 3053 4039 qtti
3083 3971 3150 4024 ad
3182 3987 3357 4040 genus
3383 4011 3397 4033 ,
3426 3973 3573 4040 quod
3602 3973 4080 4046 Prosodiographi

797 4065 1225 4133 Anapa'sticum,
1263 4061 1770 4133 Ilypercatalectum
1801 4072 2226 4132 nuncuparent,
2262 4061 2533 4128 pertinere
2573 4057 2871 4121 videntur;
2907 4072 2937 4111 e
2967 4057 3186 4111 duobus
3220 4059 3446 4128 dactyli;
3481 4062 3763 4121 nimirum,
3795 4069 4076 4128 ερυιιάαιυ,

795 4163 1092 4222 anapwsto.
1122 4161 1176 4207 et
1205 4152 1413 4222 syllaba
1442 4149 1780 4205 redundante
1811 4149 2132 4218 plerumque
2161 4149 2512 4208 coalescunt;
2545 4162 2685 4214 sepe
2721 4146 2788 4199 ab
2819 4157 3096 4212 anaptcsto
3130 4156 3183 4200 et
3209 4148 3446 4217 dactylo,
3481 4149 3649 4203 semel
3677 4164 3706 4203 a
3735 4153 3993 4216 spondrco
4023 4167 4080 4206 et

797 4250 1070 4308 tmapa'sto
1100 4239 1393 4308 incipiunt,
1430 4246 1486 4290 ut
1527 4237 1727 4306 cuique
1758 4237 2054 4291 observare
2081 4236 2265 4289 licebit
2289 4236 2341 4287 in
2380 4234 2633 4288 versibus
2665 4233 2735 4286 55
2770 4242 2825 4286 et
2861 4249 2978 4303 seq.
3016 4234 3136 4287 otiae
3172 4235 3260 4298 i7,
3298 4236 3392 4304 qtti
3430 4238 3657 4306 insuper
3686 4238 3754 4291 ab
3783 4239 4079 4295 ordinaria

795 4328 1088 4384 scansione
1124 4326 1408 4380 recedunt.
1445 4323 1508 4378 Ili
1545 4339 1739 4378 versus
1772 4324 2106 4390 anapwstici,
2162 4322 2418 4391 quamvis
2454 4323 2522 4376 ab
2557 4323 2978 4376 Anacreonticis
3017 4325 3245 4378 omnino
3287 4327 3478 4392 alieni,
3515 4328 3792 4396 prolixum
3828 4345 4078 4386 concen-

797 4428 911 4470 tum
963 4423 1193 4468 vennstc
1241 4414 1682 4480 interrumpunt;
1731 4419 1784 4463 et
1830 4424 1974 4463 nunc
1998 4408 2325 4462 sententiam
2353 4409 2590 4478 aliquam
2622 4419 2948 4479 argumento
2977 4425 3304 4477 consonam,
3358 4430 3506 4468 nunc
3536 4431 3666 4470 vero
3698 4418 4077 4487 epiphonema

796 4499 1294 4572 comprehendunt.
1335 4497 1470 4550 Dum
1497 4514 1624 4551 vero
1665 4512 1858 4550 omnes
1881 4497 1998 4549 odtc
2023 4495 2175 4548 hisce
2203 4495 2456 4549 versibus
2491 4496 2894 4558 admiscentur,
2936 4498 3148 4551 decima
3179 4507 3373 4552 octava
3410 4501 3550 4556 duos
3585 4504 3638 4556 itt
3668 4506 3820 4560 calce
3859 4507 4078 4560 solutn-

797 4591 982 4655 tnodo,
1007 4591 1172 4644 veluti
1203 4587 1641 4646 conclusionem,
1669 4586 1854 4640 habet.
1885 4585 2114 4654 Insuper
2140 4583 2300 4637 iidem
2324 4597 2515 4636 versus
2539 4598 2778 4651 impares
2802 4584 2914 4636 fere
2943 4599 3038 4653 per
3063 4594 3174 4640 tres
3199 4589 3630 4645 Anacreonticos
3662 4593 4077 4664 subsequentcs

795 4681 1138 4749 explicantur
1175 4695 1189 4741 ;
1227 4677 1337 4729 dixi
1369 4677 1498 4744 fere,
1534 4690 1770 4742 namque
1803 4691 1910 4726 llttil
1945 4673 2113 4726 semel
2147 4669 2346 4724 accidit
2379 4678 2436 4723 ut
2466 4671 2784 4740 aliquandiu
2826 4683 2938 4726 tres
2975 4674 3226 4726 versiculi
3271 4690 3326 4727 tn
3370 4675 3490 4730 odae
3521 4679 3817 4748 principio,
3845 4682 4078 4737 minime

799 4783 925 4824 veto
958 4766 1010 4819 in
1044 4765 1290 4834 ejusdem
1318 4778 1615 4832 progressu
1653 4765 2022 4823 inveniantur,
2046 4767 2101 4813 et
2127 4774 2272 4826 szepe
2295 4758 2396 4812 soli
2432 4759 2746 4824 anapwstict’
2775 4759 3071 4812 maximam
3101 4759 3333 4814 odarum
3369 4772 3580 4831 partem
3611 4767 3952 4822 comitentur
3976 4775 4073 4833 (ci.

799 4857 1002 4908 Versus
1031 4853 1236 4922 quibus
1264 4853 1382 4904 eda:
1409 4858 1686 4912 constant,
1727 4863 2014 4903 numerum
2049 4846 2148 4900 120'
2181 4860 2290 4898 non
2333 4845 2626 4909 excedunt,
2651 4849 2723 4898 ita
2769 4856 2824 4898 nt
2857 4845 3082 4898 minima
3113 4845 3254 4900 inter
3285 4848 3418 4901 odas
3451 4865 3558 4903 non
3590 4852 3772 4904 minus
3803 4870 3974 4920 quam
4008 4862 4078 4907 stu

795 4943 1108 5006 contineat;
1131 4941 1378 4994 omnium
1409 4954 1540 4993 vero
1571 4937 1800 4991 odarum
1831 4952 2021 4990 versus
2057 4933 2220 4988 simul
2251 4933 2490 4999 collecti,
2518 4935 2730 5002 absque
2753 4935 2859 4986 ulla
2889 4936 3266 4988 tntttilatorntn
3299 4940 3639 5001 exclusione,
3673 4956 3950 4995 summam
3993 4945 4075 4998 bis

795 5029 1027 5083 millium
1061 5041 1228 5097 supra
1251 5035 1474 5082 centum
1507 5025 1767 5081 tredecim
1795 5025 2114 5078 coniiciunt.

870 5115 974 5171 Sed
1000 5115 1168 5170 missa
1199 5113 1503 5168 carminum
1535 5121 1836 5172 structura,
1861 5125 2037 5164 meam
2069 5112 2136 5166 de
2172 5112 2365 5166 iisdem
2398 5113 2750 5172 sententiam,
2779 5127 3121 5180 quaecunque
3173 5111 3268 5175 sit,
3292 5113 3483 5178 paucis
3509 5127 3787 5182 exponere
3816 5130 3926 5169 non
3959 5133 4076 5170 am-

795 5205 941 5274 bigo.
973 5200 1205 5272 Jamque
1241 5209 1445 5255 norunt
1478 5213 1673 5254 omnes
1733 5201 1847 5253 haec
1880 5199 2127 5253 carmina
2183 5200 2581 5268 elegantissima
2603 5240 2616 5263 ,
2646 5199 2890 5267 piissimo
2915 5209 2964 5251 et
2995 5198 3354 5251 mellitissima
3389 5213 3416 5250 a
3453 5197 3632 5253 Leone
3669 5204 3874 5256 Allatio
3902 5203 4074 5259 tuis-te

796 5291 999 5362 jamdiu
1049 5289 1388 5345 existimata.
1429 5285 1638 5341 Revera
1673 5303 1700 5340 a
1745 5287 1882 5340 tanti
1932 5287 2162 5340 litterati
2202 5286 2414 5356 judicio
2443 5287 2685 5355 prudens
2727 5289 2898 5340 lector
2936 5303 3039 5340 non
3077 5286 3237 5340 facile
3269 5286 3526 5348 recedet;
3563 5289 3814 5354 quinimo
3848 5291 3892 5344 si
3960 5308 4074 5346 rem

795 5389 934 5435 bene
965 5378 1302 5448 perpendere
1332 5375 1587 5437 voluerit,
1629 5374 1924 5444 Sophronii
1957 5375 2202 5429 carmina
2233 5375 2603 5444 amplissimas
2638 5374 2802 5427 etiam
2839 5375 3036 5427 mereri
3070 5373 3259 5428 laudes
3298 5373 3581 5429 fatebitur.
3617 5373 3908 5446 Siquidem
3947 5397 4072 5433 enni

796 5477 1102 5537 temporum
1127 5466 1179 5516 vi
1214 5479 1302 5518 res
1330 5462 1608 5516 Iitteraria:
1638 5478 1668 5516 e
1699 5462 1932 5517 classica
1964 5461 2231 5532 dignitate
2269 5464 2475 5517 sensim
2499 5463 2850 5524 cxcidehant,
2883 5479 3006 5516 cum
3041 5463 3441 5517 sententiarum
3475 5463 3733 5533 gravitati
3766 5478 4074 5519 sermonis-

794 5570 902 5624 que
946 5554 1168 5623 puritati
1221 5565 1390 5606 vacua
1431 5549 1740 5604 verbositas
1783 5549 2138 5612 succedebat,
2184 5550 2457 5604 melodum
2501 5562 2748 5606 nostrum
2797 5561 2873 5604 tot
2919 5554 3194 5619 tantisque
3239 5551 3398 5606 malis
3436 5551 3730 5620 jactatutn,
3764 5557 4072 5607 cm'ttzimms

796 5658 990 5698 versus
1041 5639 1409 5711 compegisse.
1441 5645 1493 5692 et
1525 5638 1737 5708 poetica
1770 5644 2057 5692 venustate
2088 5651 2412 5699 exornasse,
2449 5637 2550 5690 hoc
2577 5636 2804 5691 onmino
2855 5650 2938 5690 ist
2968 5637 3331 5691 admiratione
3378 5636 3630 5707 dignum.
3663 5635 3942 5694 Praeterea
3985 5640 4078 5688 $.-

801 5731 1065 5801 pbronius
1091 5743 1155 5783 ea
1181 5727 1342 5783 utitut
1380 5725 1644 5782 facilitate
1691 5726 1746 5780 in
1784 5726 1950 5782 rebus
2000 5726 2166 5782 etiam
2212 5724 2530 5781 dilticilibtts
2562 5724 2956 5794 exprimendis,
2984 5727 3111 5780 dntn
3149 5724 3270 5780 fidei
3304 5725 3568 5794 mysteria
3597 5733 3766 5794 atque
3789 5725 4072 5781 catholicu-

870 5911 940 5980 fc)
966 5910 1052 5965 Cf.
1091 5910 1278 5965 abode
1309 5912 1340 5964 8
1373 5910 1438 5963 ad
1465 5909 1558 5975 2i,
1583 5924 1691 5965 una
1717 5918 1927 5966 tantum
1962 5908 2028 5963 16
2063 5916 2303 5977 excepta
