4280 6442
230 466 372 531 373')
1305 462 1399 520 ΑΝ
1413 461 1908 522 ΑΕΙὶΕΟΝΤῙΕΛ.

1842 463 1908 520 Λ.
1943 487 2007 496 --
2049 461 2473 521 ιιιιιειτειτιι).
3391 465 3530 529 3ῖ3σ

233 586 518 655 ie.igionis
542 582 803 652 dogmata
837 575 1085 646 exponit,
1126 589 1362 646 quorum
1392 592 1497 630 non
1531 573 1742 644 vulgari
1775 581 1859 628 cst
1881 573 2124 627 imbutus
2154 572 2473 641 cognitione
2500 575 2599 643 (ιι),
2628 584 2683 629 ιιι
2722 577 2949 646 insuper
2978 587 3245 643 exoptare
3270 584 3525 643 nescias;

232 685 286 728 rt
346 675 557 740 aliquot
626 670 855 723 (uiarum
916 665 1073 719 initia
1134 671 1344 718 tantam
1401 661 1701 731 imaginum
1752 670 2096 715 venustatem
2150 658 2517 729 prmsefcrnnt
2578 673 2636 716 ut
2700 666 2963 718 eximium
3032 666 3271 735 aliquem
3344 683 3526 722 aurea:

237 761 548 816 tit-recitatis
583 767 865 813 auctorem
896 753 1161 808 habuisse
1193 752 1515 815 videantur;
1558 750 1809 818 quamvis
1841 766 1927 819 sae}

1841 766 2003 819 θωνα,
2042 757 2098 802 ιιι
2132 749 2167 803 ι.
2197 766 2246 801 ιτ.
2280 747 2511 803 Phntins
2548 750 2976 815 obScrvavcrat,
3017 753 3392 824 ὲννεωτερέζει
3414 758 3525 819 τοῖς

237 854 467 922 ῥήμασι,
495 864 617 917 qua:
650 862 789 901 nova
818 843 1084 899 vocabula
1120 857 1221 896 nos
1252 841 1306 896 in
1335 840 1784 896 adnotationibus
1817 838 2224 893 reccnsnimus.
2265 836 2396 903 Qua‘
2421 839 2580 893 dotes
2610 840 2896 910 splendide
2927 842 3240 897 enitescant
3265 855 3339 906 et,
3378 856 3435 898 ιιι
3460 846 3530 897 ita

233 941 438 999 dit-am,
462 937 803 998 sentiuntur;
832 941 884 985 at
904 930 949 986 si
980 931 1105 1000 quis
1138 929 1205 984 de
1229 928 1396 984 verbo
1427 929 1493 983 ad
1521 928 1746 981 verbum
1775 926 1891 982 lucc
1914 925 2314 980 Anacreontica
2351 936 2409 981 ut
2434 928 2665 983 rudibus
2706 928 2907 1000 lingua:
2951 928 3153 984 Graece
3209 930 3368 986 obvia
3400 933 3529 992 sint.

238 1027 434 1079 Latina
468 1025 648 1078 facere
681 1028 877 1083 tentat,
936 1019 1143 1073 frustra
1176 1018 1241 1070 ad
1282 1016 1726 1087 Sophronianam
1788 1013 2117 1085 elegantiam
2167 1013 2498 1069 reddendam
2560 1018 2800 1085 aspirat,
2851 1016 2962 1069 imo
3014 1027 3226 1072 certum
3273 1019 3406 1073 mihi
3444 1030 3533 1077 est

240 1114 535 1167 maximam
567 1108 874 1165 venustatis
914 1115 1125 1178 partem
1159 1107 1485 1175 perituram.
1525 1104 1871 1173 Sophronias
1914 1103 2031 1173 ipse
2066 1114 2241 1155 meam
2274 1103 2607 1158 sententiam
2647 1104 2966 1168 confirmat,
3000 1105 3096 1175 qui
3128 1106 3183 1160 in
3212 1115 3341 1160 octo
3377 1108 3530 1176 prio-

236 1204 392 1254 ribus
447 1201 570 1254 odis
618 1199 795 1253 nudas
830 1196 1099 1265 quasdam
1148 1193 1573 1264 Evangeliorum
1624 1194 1888 1248 historias
1929 1206 2042 1246 suzr
2074 1191 2289 1245 barbita
2326 1193 2763 1248 accommodavit
2808 1212 2821 1248 ε
2866 1202 3251 1250 verumtamen
3305 1203 3415 1249 tam
3449 1205 3533 1250 est

238 1287 587 1341 admirabilis
621 1286 940 1340 Cra-corum
984 1282 1278 1337 verborum
1311 1281 1629 1350 dispositio,
1679 1281 2019 1334 locutionum
2066 1281 2334 1343 suavitas,
2372 1288 2426 1335 et
2459 1282 2704 1350 quanlam
2740 1284 3042 1353 imaginum
3083 1284 3433 1354 ingenuitas,
3470 1292 3532 1337 ιιι

237 1378 431 1431 ιῖτωρε
465 1377 620 1430 lectae
649 1372 975 1428 satisfacere
998 1386 1105 1425 non
1143 1369 1422 1432 desinant,
1446 1383 1475 1423 c
1499 1378 1692 1423 contra
1729 1367 1922 1422 Latine
1955 1368 2023 1422 ad
2051 1371 2276 1423 vcrbmn
2314 1368 2541 1423 redditzc
2565 1369 2884 1439 frigescant,
2917 1382 2971 1426 ct
3003 1372 3278 1442 ingenitas
3304 1387 3532 1427 veneres

237 1468 517 1519 amittant.
545 1462 701 1528 Quod
746 1475 880 1514 sane
940 1459 1023 1512 vir
1072 1457 1432 1512 doctissimus
1469 1457 1768 1511 cardinalis
1803 1456 2039 1511 Sirletns
2079 1455 2395 1528 ἀρχετύπου
2441 1457 2572 1510 olim
2601 1473 2890 1527 possessor
2930 1461 3307 1526 experimento
3332 1462 3533 1529 proba-

150 1586 151 1591 η
237 1561 335 1612 vit.
376 1556 608 1612 Notitias
639 1554 781 1608 enim
831 1553 898 1605 de
944 1549 1254 1621 Sophronio
1304 1550 1356 1602 in
1384 1549 1645 1603 Vaticana
1690 1549 2022 1603 bibliotheca
2058 1564 2091 1604 e
2144 1547 2427 1604 codicibus
2484 1548 2791 1605 Sirletianis
2859 1555 3205 1621 perquirens,
3240 1551 3533 1620 quemdam

235 1648 403 1699 etiam
454 1642 680 1697 misrelli
732 1640 948 1709 generis
990 1638 1235 1693 codicem
1296 1639 1396 1690 hac
1444 1647 1570 1691 nota
1618 1636 1759 1691 628Ξί
1814 1637 2090 1708 signatum
2132 1635 2368 1706 inspexi,
2403 1637 2456 1692 in
2502 1653 2613 1706 quo
2652 1638 2884 1706 primam
2920 1637 3213 1706 Sophronii
3245 1638 3383 1693 oden
3417 1637 3526 1691 La-

240 1735 412 1786 tinam
441 1730 663 1791 factam,
698 1729 974 1781 variantes
1020 1727 1074 1780 in
1107 1726 1412 1781 inter-lineis
1445 1737 1497 1780 ct
1524 1727 1575 1779 in
1612 1725 1951 1794 marginibus
1980 1722 2418 1792 pra'scfcrentem
2454 1724 2678 1796 perlegi.
2709 1722 2907 1779 Statim
2938 1740 3158 1779 manum
3200 1727 3374 1794 ipsius
3411 1725 3531 1779 Sir-

240 1826 332 1878 leti
360 1823 615 1888 cognovi,
645 1830 697 1874 et
738 1830 860 1890 past
902 1820 1071 1873 ferme
1103 1820 1214 1871 duo
1258 1820 1458 1872 δίιςςιιὶιι
1499 1818 1632 1871 adeo
1671 1818 1836 1871 il|.csa
1881 1816 2175 1883 inspicitur
2197 1817 2444 1885 scriptio,
2481 1825 2539 1868 ut
2574 1831 2741 1871 aurea
2775 1816 2955 1885 pulvis
3003 1824 3313 1872 atramento
3350 1819 3529 1874 adhuc

239 1911 587 1964 inhairescat.
621 1907 749 1961 Mihi
787 1907 1005 1959 interim
1047 1906 1557 1974 interpretationem
1599 1903 1827 1958 odarum
1861 1919 1995 1960 meae
2025 1903 2252 1958 editioni
2304 1903 2543 1972 adjicere
2569 1903 2854 1974 cegitanti,
2892 1901 3187 1957 Sirletiana
3241 1907 3532 1961 translatio

238 2000 379 2053 adeo
431 1998 647 2050 animos
689 1994 931 2065 infregit,
967 2004 1022 2046 nt
1058 1992 1239 2061 potius
1290 1992 1335 2045 si
1372 1993 1592 2061 quando
1621 2001 1836 2061 tempus
1868 2007 1896 2045 a
1928 1992 2066 2046 meis
2090 1991 2284 2046 ofliciis
2330 2006 2567 2045 vacuum
2621 1991 2849 2058 siverit,
2892 1992 3150 2047 versibus
3185 2009 3280 2049 eas
3332 1996 3527 2049 adum-

239 2090 405 2140 brare
454 2084 814 2148 decreverim,
853 2096 1016 2149 quam
1056 2079 1471 2149 Sepbronianos
1504 2081 1722 2148 lepores
1770 2094 1930 2149 prosa
1957 2080 2207 2135 oratione
2236 2079 2478 2134 insulsos
2507 2078 2743 2135 efficere.

313 2173 519 2226 Prtetcr
542 2173 796 2240 pietatem
827 2186 935 2240 qua
960 2168 1143 2223 omnia
1167 2167 1466 2236 Sophron-ii
1496 2168 1702 2236 scripta
1739 2168 2043 2233 nitescunt,
2078 2176 2136 2221 ut
2171 2166 2402 2222 Pbotius
2433 2166 2749 2222 observavit
2778 2167 2847 2224 de
2881 2168 3114 2239 epistola
3140 2169 3405 2241 synodica
3434 2170 3529 2241 (ε),

240 2262 414 2315 multa
446 2262 587 2315 scitu
643 2260 804 2329 digna
856 2258 941 2313 vel
979 2258 1045 2313 ad
1081 2272 1253 2312 sacra:
1290 2256 1589 2326 Scripturze
1630 2255 2163 2325 interpretationem,
2190 2256 2269 2309 vel
2305 2255 2370 2308 ad
2408 2269 2622 2310 sacram
2647 2264 2742 2309 ant
2782 2256 3069 2326 profanam
3103 2272 3299 2311 noram
3344 2259 3531 2312 erudi—

240 2352 449 2404 tionem
476 2347 800 2418 spectantia,
841 2346 955 2401 lnec
989 2345 1386 2400 Anacreontica
1428 2345 1661 2399 eruditis
1691 2344 1972 2400 exhibent.
2005 2342 2117 2397 Nos
2155 2357 2284 2398 vero
2328 2356 2498 2412 pauca
2537 2343 2835 2413 scligemns
2858 2346 3130 2414 exempla,
3163 2354 3216 2399 et
3247 2345 3378 2398 illud
3419 2347 3533 2415 pri-

240 2452 394 2491 mum
429 2437 655 2503 dignum
680 2434 1067 2488 observatione
1092 2448 1294 2489 censeo
1327 2433 1471 2501 quod
1503 2434 1556 2486 in
1586 2435 1689 2487 ode
1725 2432 1759 2486 4
1785 2473 1799 2497 ,
1831 2448 1883 2485 v.
1908 2431 1979 2484 24
2012 2441 2064 2486 et
2099 2445 2219 2500 seq.
2245 2430 2313 2485 de
2348 2429 2717 2486 Praecursoris
2758 2431 3035 2487 alimentis
3069 2442 3313 2487 enarrat.
3360 2433 3529 2488 Plane

239 2530 390 2577 enim
428 2523 627 2578 asserit
667 2522 811 2592 quod
867 2520 1148 2575 radicibus
1172 2521 1457 2587 cujusdam
1482 2519 1717 2583 fruticis,
1750 2519 1840 2574 cui
1876 2534 2076 2574 nomen
2102 2519 2447 2589 meleagrum,
2483 2518 2849 2585 vescebatur;
2891 2529 3155 2590 praeterea
3204 2538 3333 2575 cum
3367 2522 3529 2591 paulo

238 2623 403 2666 antea
440 2611 673 2665 dixisset
705 2617 1017 2680 promptum
1049 2608 1267 2671 ἀπόνως
1303 2623 1520 2677 semper
1558 2607 1755 2661 Joanni
1824 2607 1924 2663 ade

1838 2607 2018 2663 idesse
2042 2608 2252 2671 cibum,
2279 2606 2428 2677 quod
2460 2622 2586 2661 mox
2619 2609 2860 2677 explicat
2881 2624 3008 2664 esse
3041 2609 3308 2680 μελεαγρι
3350 2628 3410 2661 τε
3444 2609 3528 2680 ρι-

240 2702 357 2763 Qu,
387 2700 511 2753 inde
542 2699 597 2751 fit
625 2699 770 2766 quod
794 2708 849 2752 et
882 2696 964 2761 τδ,
992 2695 1234 2765 ἀκρίδες,
1269 2695 1336 2749 ad
1372 2695 1695 2765 vegetalium
1720 2697 1955 2765 speciem
1987 2696 2216 2761 referre,
2246 2697 2400 2765 juxta
2432 2708 2582 2752 certe
2615 2695 2914 2767 Sephronii
2947 2707 3213 2761 mentem,
3252 2715 3390 2769 opus
3432 2701 3527 2755 sit.

238 2789 320 2843 Ne
360 2796 542 2841 tamen
606 2786 784 2840 sancti
844 2784 1140 2852 Soplironii
1190 2783 1379 2852 opinio
1416 2792 1525 2837 tam
1579 2792 1763 2852 aperta
1794 2783 2063 2854 ingenuos
2093 2785 2325 2840 lectores
2354 2784 2619 2851 offendat,
2685 2800 2892 2856 paucos
2933 2786 3077 2841 inter
3112 2795 3214 2841 'tot
3246 2801 3528 2847 auctores.

237 2876 338 2945 qui
375 2876 516 2929 idem
549 2881 908 2933 censuerunt,
949 2873 1035 2925 hic
1062 2871 1322 2926 recitabo.
1358 2870 1692 2925 Prtemittam
1722 2879 1849 2925 ante
1895 2872 2083 2925 omnia
2114 2873 2420 2928 doctissimi
2451 2872 2681 2928 Calmeti
2716 2873 2904 2938 verba,
2941 2889 3063 2943 qua:
3101 2875 3154 2928 in
3189 2884 3532 2930 commenta-

238 2966 344 3019 riis
376 2966 440 3017 ad
472 2965 618 3016 hunc
639 2961 915 3032 Evangelii
943 2962 1121 3014 locum
1148 2961 1400 3031 leguntur
1427 2960 1491 3027 (Γ)
1534 2978 1547 3014 :
1575 2960 1775 3013 Eorum
1804 2960 2061 3015 sententia
2088 2963 2178 3030 qui
2216 2971 2530 3017 cemnerunt
2565 2961 2961 3017 Prtccursorem
2991 2962 3243 3018 arborum
3270 2966 3526 3034 germini-

238 3060 337 3105 lrus
389 3051 525 3104 vesci
552 3050 789 3110 solitum,
821 3064 978 3116 quam
1009 3047 1271 3115 plurimos
1308 3058 1467 3101 nacta
1495 3056 1572 3101 est
1602 3059 1912 3103 sectatores.
1951 3050 2132 3121 Neque
2161 3052 2258 3107 hoc
2289 3069 2319 3106 (ι
2350 3052 2455 3121 ﬁde
2494 3052 2764 3107 abhorret.
2795 3051 2860 3105 Et
2894 3068 2953 3106 re
2974 3052 3093 3123 ipsa
3121 3055 3329 3123 primos
3358 3054 3532 3108 homi-

238 3155 344 3192 nes
377 3153 484 3191 non
541 3137 741 3197 solum,
800 3136 893 3189 sed
928 3134 1058 3187 olim
1090 3136 1389 3204 prophetas
1416 3143 1470 3187 ct
1500 3136 1679 3189 denuo
1711 3146 1935 3193 sanctos
1986 3140 2353 3195 anachoretas
2395 3140 2826 3196 summitatibus
2854 3140 3150 3196 virentium
3200 3149 3254 3197 et
3287 3142 3532 3197 oleribus

236 3227 555 3291 victitasse,
595 3240 758 3281 nemo
789 3238 925 3279 sane
955 3222 1170 3276 inficias
1208 3223 1327 3275 ibit.
1371 3222 1446 3276 En
1484 3222 1661 3278 Ovidii
1689 3226 1753 3278 de
1780 3226 2083 3293 primorum
2123 3227 2405 3282 hominum
2438 3244 2563 3285 esca
2604 3227 3165 3299 descriptioncm(g):

1200 3330 1365 3387 Panis
1403 3343 1551 3387 erant
1597 3334 1783 3398 primis
1811 3333 2002 3388 virides
2052 3334 2367 3388 mortalibus
2405 3335 2609 3396 herbtc,

1282 3405 1428 3470 Quas
1462 3404 1618 3458 tellus
1646 3405 1792 3457 nullo
1824 3405 2145 3460 sollicitante
2175 3406 2248 3473 (Ιι)
2271 3406 2457 3459 dabat.

1223 3473 1290 3527 fit
1326 3478 1478 3527 modo
1515 3475 1798 3542 mrpchant
1842 3476 1997 3545 eiram
2029 3493 2053 3529 ε
2078 3478 2270 3542 cespite
2291 3492 2530 3545 gramen.

1290 3546 1445 3599 .Vunc
1472 3547 1641 3609 cpulw
1661 3560 1687 3597 e
1710 3555 1888 3599 tenera
1919 3544 2107 3612 fronde
2133 3544 2383 3600 cacumen
2411 3556 2586 3600 erant.

243 3660 322 3712 De
391 3659 554 3713 sitnili
638 3675 766 3711 vero
854 3660 1242 3728 prtqibctarum
1323 3654 1801 3721 asct-tirm-umque
1884 3661 2052 3708 esca,
2120 3654 2176 3701 ct
2247 3645 2392 3701 sacri
2465 3646 2727 3710 codices.
2791 3657 2846 3703 et
2920 3646 3148 3701 Pratum
3200 3648 3532 3716 spirituale,

235 3757 298 3799 et
372 3747 769 3799 monachorum
849 3746 974 3799 vitae
1050 3744 1462 3811 cvcmplaribns
1538 3739 1839 3794 abundant.
1919 3734 1983 3787 Et
2047 3735 2278 3805 prinnnn
2336 3735 2405 3790 de
2478 3734 2719 3806 ἀκρίδων
2778 3736 3233 3806 interpretatione
3311 3748 3534 3792 sanctus

239 3834 491 3889 Isidorus
550 3833 821 3887 l'clusiota
870 3832 923 3886 iii
982 3836 1144 3901 epist.
1202 3833 1234 3885 ὅ
1264 3832 1330 3884 ad
1391 3828 1613 3893 Nilum,
1667 3828 1967 3897 perfectum
2023 3824 2145 3877 vitae
2206 3823 2527 3879 monasticae
2572 3826 2884 3896 exemplum
2936 3841 2963 3878 a
3014 3824 3226 3879 Joanne
3283 3826 3530 3894 Baptista

234 3926 596 3992 desumptum
657 3937 1005 3991 proponens,
1046 3923 1299 3975 hortatur
1350 3936 1379 3973 e
1439 3919 1561 3988 pilis
1630 3916 1995 3969 asceticorum
2068 3911 2389 3967 indumenta
2463 3913 2803 3969 conficienda
2857 3929 3025 3976 esse,
3087 3923 3144 3967 et
3206 3914 3274 3967 ab
3334 3916 3532 3968 herba-

235 4027 366 4066 rum
421 4011 566 4065 foliis
618 4020 672 4064 ct
720 4009 1133 4065 summitatibus
1179 4022 1399 4077 parcam
1459 4004 1776 4058 alimoniam
1833 4018 1919 4055 ιιιο

1842 4000 2116 4056 monachis
2161 3998 2555 4054 desumendam
2589 4019 2601 4055 :
2647 4000 2713 4054 Et
2737 3999 2919 4053 τοίνυν
2960 4000 3226 4071 βρώματα
3250 4001 3343 4054 καὶ
3370 4001 3532 4069 ἐσϐή-

237 4116 396 4167 ματα
424 4099 523 4168 τῆς
543 4096 831 4151 κατὰθεὸν
860 4095 1073 4158 τελείας
1128 4095 1416 4164 ἀσκήσεως
1444 4094 1502 4145 ἐν
1542 4093 1762 4163 Ἰωάννῃ
1785 4088 1859 4160 τῷ
1885 4089 2165 4157 Βαπτιστῇ
2190 4085 2611 4156 ἐπαιδεύθημεν,
2637 4087 2781 4158 θριξὶ
2807 4089 2905 4158 μὲν
2938 4090 2986 4141 εἰ
3008 4083 3117 4141 οἷόν
3145 4106 3204 4141 τε
3236 4089 3372 4159 πρὸς
3406 4089 3534 4142 σκέ-

233 4205 352 4256 πην
379 4184 861 4256 ἀρκεσθησόμεθα,
895 4184 1172 4253 ἀκρέμοσι
1218 4183 1273 4235 δὲ
1311 4181 1550 4252 βοτανῶν
1582 4183 1675 4251 καὶ
1706 4177 1920 4247 φύλλων
1956 4174 2095 4245 πρὸς
2120 4173 2311 4243 ὀλίγην
2342 4173 2550 4246 τροφὴν
2578 4177 2678 4228 καὶ
2707 4175 2942 4246 δύναμιν
2972 4177 3065 4228 καὶ
3096 4175 3391 4248 ἀπέριττον
3439 4177 3526 4243 (i).

234 4277 389 4330 Idem
420 4282 583 4344 urget
613 4272 844 4327 inferius
872 4273 1031 4341 epist.
1072 4270 1192 4325 152.
1235 4270 1556 4339 Anonymus
1592 4266 1889 4319 Vaticanus
1932 4263 1984 4316 in
2024 4262 2227 4317 Catena
2258 4259 2573 4316 Graecorum
2607 4260 2852 4325 Patrum,
2895 4265 2987 4333 qni
3028 4260 3321 4334 Evangelia
3357 4263 3530 4318 inter-

239 4370 555 4428 pretantur,
582 4375 609 4413 a
640 4357 804 4413 Petro
835 4359 1076 4414 Possino
1103 4358 1247 4412 edita
1270 4356 1356 4428 (j),
1383 4355 1582 4412 similia
1620 4354 1784 4407 refert
1812 4370 1824 4405 :
1857 4352 1919 4403 υἱ

1857 4352 1919 4403 0i
1963 4350 2061 4419 μέν
2093 4364 2225 4417 φασι
2253 4348 2450 4401 τὰτῶν
2480 4349 2800 4422 ἀκροδρύων
2823 4350 3143 4421 ἄκρεα-ματα
3220 4392 3235 4406 .
3316 4390 3331 4406 .
3414 4390 3428 4407 .
3511 4392 3524 4404 .

235 4448 387 4504 κατὰ
420 4448 499 4513 τὸ,
530 4446 772 4518 ἤνθησαν
807 4448 840 4516 ἡ
869 4446 1155 4516 κάππαρις
1194 4446 1288 4500 καὶ
1316 4447 1348 4516 ἡ
1380 4445 1562 4515 ἁκρὶς,
1589 4442 1615 4495 ὃ
1646 4442 1702 4494 ἐν
1737 4439 1812 4509 τῷ
1850 4438 1912 4508 ιβ’
1932 4436 2423 4507 Ἐκκλησιαστικοῦ
2456 4436 2706 4509 εὕρηται,
2731 4437 3180 4511 'l'heopltylactus
3207 4439 3263 4495 in
3298 4438 3524 4502 Matth..

233 4536 398 4600 Τινὲς
468 4535 688 4603 λέγουσι
752 4535 984 4606 βοτάνας
1047 4530 1186 4588 εἶναι
1251 4533 1349 4597 τὰς
1408 4532 1637 4604 ἀκρίδας
1698 4530 1762 4592 ἃς
1816 4529 1910 4581 καὶ
1989 4527 2281 4597 μελιαγρια
2328 4526 2401 4597 (Ii)
2469 4525 2699 4581 καλοῦσι
2731 4545 2746 4558 ·
2809 4530 2953 4591 τινὲς
3016 4528 3076 4582 δὲ
3115 4528 3185 4584 τὰ
3243 4529 3529 4600 ἀκρόδρυα

234 4627 360 4694 ἦτοι
420 4623 646 4696 ὀπώρας
684 4622 886 4693 ἀγρίας
933 4622 1018 4692 (ι).
1057 4620 1182 4675 llzec
1212 4622 1348 4676 satis
1380 4619 1508 4690 περὶ
1556 4618 1817 4686 ἀκρίδων.
1848 4614 1924 4671 λε.

1859 4614 2025 4685 Eque
2092 4624 2238 4685 patet
2289 4613 2660 4684 Sophronium
2701 4631 2801 4686 pro
2841 4617 3001 4672 melle
3043 4618 3307 4683 silvestri,
3348 4617 3549 4687 μέλιτι·

233 4710 443 4782 ἀγρίῳ,
471 4710 812 4766 intellexisse
835 4710 1090 4764 arborem
1121 4710 1462 4779 meleagrum.
1498 4707 1697 4777 lieipsa
1720 4706 1936 4760 radices
1968 4704 2132 4772 hujus
2164 4703 2373 4757 arbusti
2410 4703 2603 4760 edules
2632 4719 2779 4769 esse,
2815 4706 2984 4761 variis
3016 4707 3357 4762 testimoniis
3392 4724 3531 4765 con-

236 4800 515 4852 tirmatnr.
563 4797 722 4866 Apud
782 4795 1008 4851 Suidam
1064 4796 1117 4850 in
1174 4796 1442 4851 vocabulo
1490 4794 1753 4865 μελεὰγρι
1798 4799 1900 4850 hoc

1838 4811 1900 4850 oc
1935 4794 2162 4850 affertur
2198 4795 2498 4848 ἀδέσποτον
2521 4795 2834 4866 exemplum
2855 4835 2870 4860 ,
2907 4796 3055 4866 quod
3086 4813 3117 4853 e
3146 4797 3258 4852 vita
3291 4799 3528 4868 alicujus

234 4892 596 4941 anachoreta:
617 4894 927 4940 extractum
958 4900 1182 4951 censeo,
1218 4885 1313 4938 καὶ
1343 4885 1520 4956 ρίζάις
1561 4885 1759 4947 αὐτοὺς
1788 4883 1924 4954 μελιτ

1832 4883 2123 4952 ελιαγρίων
2147 4885 2241 4937 καὶ
2269 4881 2524 4953 καρδίαις
2556 4882 2824 4954 καλάμων
2850 4883 3142 4950 ἐδεξιοῦτο.
3174 4885 3333 4952 Apud
3374 4887 3522 4941 fian—

233 4977 389 5043 gium
413 4972 735 5044 μελεαγριον
761 4973 865 5028 hoc
897 4974 1182 5028 arbustum
1214 4972 1544 5041 appellatur.
1593 4971 1631 5023 Ε
1681 4973 1787 5023 vita
1820 4972 1984 5040 igitur
2021 4970 2392 5037 manuscripta
2443 4971 2619 5024 sancti
2655 4970 2871 5042 Cyriaci
2901 4974 3252 5027 anacliorette
3280 4975 3395 5029 haec
3418 4975 3532 5029 duo

232 5062 493 5130 exempla
549 5061 783 5130 protulit
818 5060 1073 5115 laudatus
1117 5060 1360 5130 (Zangins
1396 5078 1408 5113 :
1459 5059 1854 5130 ’Λπορούμενοι
1890 5077 1918 5111 τ

1838 5077 1854 5111 ι
1890 5060 2072 5112 τοίνυν
2105 5059 2332 5127 τροφῆς,
2380 5059 2474 5112 καὶ
2505 5061 2605 5113 οὐκ
2634 5059 2853 5131 ἔχοντες
2877 5060 3003 5114 ὅθεν
3035 5061 3140 5120 τὴν
3179 5062 3279 5132 τῆς
3308 5064 3524 5132 φύσεως

233 5150 492 5218 ἀνάγκην
521 5147 1016 5220 παραμυθήσωνται
1049 5167 1061 5179 ·
1092 5148 1214 5201 οὐδὲ
1249 5149 1377 5219 γὰρ,
1406 5147 1526 5201 οὐδὲ
1582 5147 1872 5218 μελεαγρια
1911 5146 2053 5199 κατὰ
2089 5145 2185 5215 τὴν
2218 5146 2427 5217 ἔρημον
2467 5147 2720 5217 περύκει,
2771 5156 2826 5201 et
2856 5147 3015 5219 ῥίζας
3065 5148 3408 5220 μελιαγρὶων
3429 5151 3545 5203 καὶ·

234 5239 558 5309 ἁκρέμονας
599 5236 867 5307 καλάμων
903 5237 1184 5307 προσίετο.
1216 5235 1295 5290 Ex
1331 5236 1484 5293 hisce
1520 5234 1851 5292 testimoniis
1873 5234 1924 5289 dt

1848 5234 1983 5289 .dno
2020 5242 2344 5307 arguuntur,
2374 5236 2588 5291 scilicet
2619 5236 2834 5292 radices
2868 5236 3190 5308 μελιαγρὶου
3228 5237 3443 5303 edttles,
3476 5247 3538 5293 et

311 5368 414 5437 (ιιι
451 5366 594 5419 Sunt
627 5365 806 5437 Photii
836 5366 1015 5437 verba
1047 5368 1116 5419 de
1147 5364 1464 5437 Sepbronio
1510 5366 1583 5437 in
1604 5365 1834 5437 Myriob.
2018 5368 2080 5435 (ἱ)
2112 5367 2252 5421 Edit.
2287 5364 2464 5421 Paris.
2497 5367 2658 5431 1585,
2685 5383 2809 5437 pag.
2831 5369 2886 5422 2.

233 5439 365 5491 cod.
391 5435 492 5490 251
528 5436 692 5508 :7T7th
724 5435 887 5508 ιερῶν
918 5437 1204 5506 δογμάτων
1229 5437 1291 5488 οὐ
1315 5436 1416 5507 τὴν
1436 5435 1706 5508 τυχοῦσαν
1730 5438 1834 5508 μά-

1339 5436 1416 5507 τὴν
1436 5435 1706 5508 τυχοῦσαν
1730 5438 1834 5508 μά·
1946 5476 1949 5477 ν
2020 5440 2087 5506 (j)
2113 5439 2325 5500 Batnae,-
2356 5438 2498 5508 typis
2539 5435 2826 5493 Barberin.
2869 5436 3029 5492 1657.

235 5512 400 5579 υησιν
429 5507 833 5580 ᾁποδε-ξᾷκνυτ-αι.
974 5576 984 5580 _
1057 5578 1065 5580 7
1256 5579 1264 5580 7
1506 5507 1510 5508 ν
1528 5507 1533 5508 ⁷
1736 5507 1739 5508 ⁷

2022 5510 2095 5578 (Ιι)
2118 5508 2336 5579 Optima
2375 5507 2537 5563 lectio
2574 5518 2660 5580 est
2702 5510 3019 5580 patavpae,
3046 5509 3295 5580 itaenim
3342 5516 3532 5580 aperte

314 5580 389 5647 (ε)
433 5578 471 5630 l.
504 5577 887 5642 c.'l'lftas6sfa;
964 5576 1020 5628 ἐν
1050 5578 1165 5630 ἐστι
1213 5579 1444 5647 πλήρης.
1948 5596 2004 5647 ομ

314 5649 383 5701 ffl
414 5646 480 5701 C.
506 5663 563 5701 ιιι
592 5647 781 5701 Matth.
810 5654 900 5701 ed.
921 5596 1054 5701 ξυιι.
1090 5648 1228 5701 ιῖῖδξι
1247 5690 1260 5701 .
1287 5668 1338 5701 ιι.
1372 5650 1457 5701 8!).
1949 5656 2004 5701 eti

1948 5576 2050 5647 ego
2087 5576 2188 5649 legi
2218 5580 2272 5633 in
2296 5588 2513 5633 vetusto
2538 5579 2662 5639 cod,
2700 5576 2931 5633 membr.
2960 5578 3080 5632 Vat.
3114 5578 3277 5643 i221,
3313 5576 3452 5650 p.v9;
3475 5587 3531 5635 at

1949 5651 2223 5701 editiones
2253 5650 2520 5701 mendose
2554 5651 2759 5701 habent
2802 5649 3069 5701 μέλγοαε.

308 5649 383 5732 (7ft
506 5663 569 5732 ιιι
592 5647 781 5732 aiattli.
810 5654 900 5703 ed.
925 5647 1054 5704 Ven.
1090 5648 1228 5703 175:2
1247 5690 1260 5712 ,
1287 5668 1338 5718 ιι.
1372 5650 1457 5702 8!).
1949 5669 1998 5706 Ct

1378 5650 1457 5702 8!).
1949 5647 2223 5732 editiones
2253 5650 2520 5732 mendose
2554 5651 2759 5732 habent
2801 5649 3068 5732 μέλχραςτ

311 5715 391 5789 (gi
433 5715 593 5791 Ιίάκεῖ
625 5720 777 5791 I.7iv.7
916 5790 923 5791 7
1212 5788 1220 5791 7
1278 5715 1299 5791 ί
1362 5790 1367 5791 7
1544 5790 1551 5791 7
1631 5790 1637 5791 7
2023 5720 2085 5787 (I)
2137 5719 2220 5791 (‘.f_.
2268 5720 2442 5789 Cajct.
2494 5730 2548 5775 et
2598 5715 2814 5775 Baronf
2853 5715 3171 5791 qui'eadem
3218 5728 3532 5777 senserunt.

311 5788 391 5860 (9)
436 5788 595 5856 Quod
649 5788 1000 5861 Sophronias
1034 5806 1128 5860 per
1176 5788 1236 5843 τὸ
1264 5790 1480 5853 ἀπόνως
1524 5790 1838 5846 declarave-

245 5885 355 5928 rat.

1836 5820 1838 5830 ι
2141 5788 2357 5862 Σύνοψέ
2397 5791 2533 5847 Crit.
2596 5791 2723 5845 hist.
2778 5788 2921 5848 adcr.
2977 5791 3031 5847 in
3082 5806 3204 5863 cap.
3235 5806 3317 5854 ιιι⁹
3369 5807 3426 5846 v.
3470 5804 3526 5856 4..

1957 5905 1970 5916 .
2010 5880 2038 5915 a
2109 5879 2145 5917 ι.

279 5885 355 5927 δι,
1957 5885 2145 5917 .uattn.
