  <div class='ocr_page' id='page_1' title='image "/cluster/home/n/w/nwhite01/storage/ocr_20150623/87 tp.3/nnc1.0046980288/553.png"; bbox 0 0 4250 6442; ppageno 0'>
   <div class='ocr_carea' id='block_1_1' title="bbox 739 391 870 457">
    <p class='ocr_par' dir='ltr' id='par_1_1' title="bbox 739 391 870 457">
     <span class='ocr_line' id='line_1_1' title="bbox 739 391 870 457; baseline -0.038 1"><span class='ocrx_word' id='word_1_1' title='bbox 739 391 870 457; x_wconf 72' lang='lat'><strong>3851</strong></span> 
     </span>
    </p>
   </div>
   <div class='ocr_carea' id='block_1_2' title="bbox 1637 387 3139 451">
    <p class='ocr_par' dir='ltr' id='par_1_2' title="bbox 1637 387 3139 451">
     <span class='ocr_line' id='line_1_2' title="bbox 1637 387 3139 451; baseline -0.003 -1"><span class='ocrx_word' id='word_1_2' title='bbox 1637 391 1697 450; x_wconf 85' lang='lat' dir='ltr'><strong>S-</strong></span> <span class='ocrx_word' id='word_1_3' title='bbox 1738 391 2150 451; x_wconf 74' lang='lat' dir='ltr'><strong>SOPHRONII</strong></span> <span class='ocrx_word' id='word_1_4' title='bbox 2193 387 2694 450; x_wconf 61' lang='lat' dir='ltr'><strong>PATRIARCHJ&#39;I</strong></span> <span class='ocrx_word' id='word_1_5' title='bbox 2736 387 3139 447; x_wconf 77' lang='lat' dir='ltr'><strong>IIIEROSOL.</strong></span> 
     </span>
    </p>
   </div>
   <div class='ocr_carea' id='block_1_3' title="bbox 3851 383 3994 452">
    <p class='ocr_par' dir='ltr' id='par_1_3' title="bbox 3851 383 3994 452">
     <span class='ocr_line' id='line_1_3' title="bbox 3851 383 3994 452; baseline -0.042 -1"><span class='ocrx_word' id='word_1_6' title='bbox 3851 383 3994 452; x_wconf 75' lang='grc'><strong>3852</strong></span> 
     </span>
    </p>
   </div>
   <div class='ocr_carea' id='block_1_4' title="bbox 732 500 2410 576">
    <p class='ocr_par' dir='ltr' id='par_1_4' title="bbox 732 505 2410 576">
     <span class='ocr_line' id='line_1_4' title="bbox 732 505 2410 576; baseline -0.002 -16"><span class='ocrx_word' id='word_1_7' title='bbox 732 523 829 576; x_wconf 90' lang='lat' dir='ltr'><strong>pro</strong></span> <span class='ocrx_word' id='word_1_8' title='bbox 863 505 1088 559; x_wconf 82' lang='lat' dir='ltr'><strong>Domino</strong></span> <span class='ocrx_word' id='word_1_9' title='bbox 1116 521 1129 558; x_wconf 87' lang='lat'><strong>:</strong></span> <span class='ocrx_word' id='word_1_10' title='bbox 1167 514 1220 558; x_wconf 85' lang='lat' dir='ltr'><strong>ct</strong></span> <span class='ocrx_word' id='word_1_11' title='bbox 1243 505 1618 560; x_wconf 75' lang='lat' dir='ltr'><strong>abstineamus</strong></span> <span class='ocrx_word' id='word_1_12' title='bbox 1643 520 1671 559; x_wconf 88' lang='lat' dir='ltr'><strong>a</strong></span> <span class='ocrx_word' id='word_1_13' title='bbox 1714 507 1924 560; x_wconf 86' lang='lat' dir='ltr'><strong>nocivis</strong></span> <span class='ocrx_word' id='word_1_14' title='bbox 1953 506 2296 572; x_wconf 77' lang='lat' dir='ltr'><strong>cogitatioui-</strong></span> <span class='ocrx_word' id='word_1_15' title='bbox 2331 512 2371 567; x_wconf 78' lang='grc' dir='ltr'><strong>Α</strong></span> <span class='ocrx_word' id='word_1_16' title='bbox 2404 505 2410 556; x_wconf 83' lang='lat' dir='ltr'><strong>l</strong></span> 
     </span>
    </p>
   </div>
   <div class='ocr_carea' id='block_1_5' title="bbox 2315 500 3993 576">
    <p class='ocr_par' dir='ltr' id='par_1_5' title="bbox 2331 500 3993 573">
     <span class='ocr_line' id='line_1_5' title="bbox 2331 500 3993 573; baseline -0.002 -18"><span class='ocrx_word' id='word_1_17' title='bbox 2331 512 2371 567; x_wconf 78' lang='grc' dir='ltr'>Α</span> <span class='ocrx_word' id='word_1_18' title='bbox 2404 503 2620 573; x_wconf 64' lang='grc' dir='ltr'>Κυρίιεγ</span> <span class='ocrx_word' id='word_1_19' title='bbox 2673 505 2766 555; x_wconf 66' lang='grc' dir='ltr'>καὶ</span> <span class='ocrx_word' id='word_1_20' title='bbox 2815 501 3096 570; x_wconf 77' lang='grc' dir='ltr'>βλαϐερῶν</span> <span class='ocrx_word' id='word_1_21' title='bbox 3149 500 3518 571; x_wconf 64' lang='grc' dir='ltr'>ἀποδεχώμεθα</span> <span class='ocrx_word' id='word_1_22' title='bbox 3569 500 3866 568; x_wconf 80' lang='grc' dir='ltr'>λογισμῶν,</span> <span class='ocrx_word' id='word_1_23' title='bbox 3905 503 3993 552; x_wconf 77' lang='grc' dir='ltr'>ενα</span> 
     </span>
    </p>
   </div>
   <div class='ocr_carea' id='block_1_6' title="bbox 733 596 1793 667">
    <p class='ocr_par' dir='ltr' id='par_1_6' title="bbox 733 596 1793 667">
     <span class='ocr_line' id='line_1_6' title="bbox 733 596 1793 667; baseline -0.003 -14"><span class='ocrx_word' id='word_1_24' title='bbox 733 600 856 661; x_wconf 87' lang='lat' dir='ltr'><strong>bus,</strong></span> <span class='ocrx_word' id='word_1_25' title='bbox 893 609 950 652; x_wconf 91' lang='lat' dir='ltr'><strong>ut</strong></span> <span class='ocrx_word' id='word_1_26' title='bbox 977 598 1176 651; x_wconf 80' lang='lat' dir='ltr'><strong>divinis</strong></span> <span class='ocrx_word' id='word_1_27' title='bbox 1209 597 1419 650; x_wconf 81' lang='lat' dir='ltr'><strong>deliciis</strong></span> <span class='ocrx_word' id='word_1_28' title='bbox 1441 596 1793 667; x_wconf 72' lang='lat' dir='ltr'><strong>gaudeamus.</strong></span> 
     </span>
    </p>
   </div>
   <div class='ocr_carea' id='block_1_7' title="bbox 799 688 2310 758">
    <p class='ocr_par' dir='ltr' id='par_1_7' title="bbox 799 688 2310 758">
     <span class='ocr_line' id='line_1_7' title="bbox 799 688 2310 758; baseline -0.001 -16"><span class='ocrx_word' id='word_1_29' title='bbox 799 690 1130 758; x_wconf 49' lang='lat' dir='ltr'><strong>Angl-lornm</strong></span> <span class='ocrx_word' id='word_1_30' title='bbox 1159 688 1311 741; x_wconf 89' lang='lat' dir='ltr'><strong>chori</strong></span> <span class='ocrx_word' id='word_1_31' title='bbox 1373 697 1424 743; x_wconf 91' lang='lat' dir='ltr'><strong>te</strong></span> <span class='ocrx_word' id='word_1_32' title='bbox 1457 688 1779 758; x_wconf 90' lang='lat' dir='ltr'><strong>suppliciter</strong></span> <span class='ocrx_word' id='word_1_33' title='bbox 1800 696 2047 752; x_wconf 75' lang='lat' dir='ltr'><strong>exorant,</strong></span> <span class='ocrx_word' id='word_1_34' title='bbox 2094 698 2310 756; x_wconf 62' lang='lat' dir='ltr'><strong>apostoo</strong></span> 
     </span>
    </p>
   </div>
   <div class='ocr_carea' id='block_1_8' title="bbox 733 778 2310 850">
    <p class='ocr_par' dir='ltr' id='par_1_8' title="bbox 733 778 2310 850">
     <span class='ocr_line' id='line_1_8' title="bbox 733 778 2310 850; baseline 0 -18"><span class='ocrx_word' id='word_1_35' title='bbox 733 781 910 834; x_wconf 83' lang='lat' dir='ltr'><strong>lorum</strong></span> <span class='ocrx_word' id='word_1_36' title='bbox 946 781 1115 842; x_wconf 87' lang='lat' dir='ltr'><strong>acies,</strong></span> <span class='ocrx_word' id='word_1_37' title='bbox 1143 787 1191 832; x_wconf 91' lang='lat' dir='ltr'><strong>et</strong></span> <span class='ocrx_word' id='word_1_38' title='bbox 1225 787 1525 850; x_wconf 72' lang='lat' dir='ltr'><strong>martyrum</strong></span> <span class='ocrx_word' id='word_1_39' title='bbox 1561 780 1860 844; x_wconf 84' lang='lat' dir='ltr'><strong>exercitus,</strong></span> <span class='ocrx_word' id='word_1_40' title='bbox 1910 778 2064 843; x_wconf 83' lang='lat' dir='ltr'><strong>Jesu,</strong></span> <span class='ocrx_word' id='word_1_41' title='bbox 2111 780 2310 850; x_wconf 85' lang='lat' dir='ltr'><strong>populo</strong></span> 
     </span>
    </p>
   </div>
   <div class='ocr_carea' id='block_1_9' title="bbox 733 868 1544 937">
    <p class='ocr_par' dir='ltr' id='par_1_9' title="bbox 733 868 1544 937">
     <span class='ocr_line' id='line_1_9' title="bbox 733 868 1544 937; baseline 0.001 -15"><span class='ocrx_word' id='word_1_42' title='bbox 733 880 828 922; x_wconf 87' lang='lat' dir='ltr'><strong>tuo</strong></span> <span class='ocrx_word' id='word_1_43' title='bbox 856 869 1246 937; x_wconf 83' lang='lat' dir='ltr'><strong>indulgentiam</strong></span> <span class='ocrx_word' id='word_1_44' title='bbox 1282 868 1544 923; x_wconf 85' lang='lat' dir='ltr'><strong>tribuere.</strong></span> 
     </span>
    </p>
   </div>
   <div class='ocr_carea' id='block_1_10' title="bbox 804 958 2308 1030">
    <p class='ocr_par' dir='ltr' id='par_1_10' title="bbox 804 958 2308 1030">
     <span class='ocr_line' id='line_1_10' title="bbox 804 958 2308 1030; baseline -0.001 -19"><span class='ocrx_word' id='word_1_45' title='bbox 804 959 1034 1011; x_wconf 82' lang='lat' dir='ltr'><strong>Montem</strong></span> <span class='ocrx_word' id='word_1_46' title='bbox 1059 959 1267 1027; x_wconf 79' lang='lat' dir='ltr'><strong>alisque</strong></span> <span class='ocrx_word' id='word_1_47' title='bbox 1295 959 1494 1028; x_wconf 89' lang='lat' dir='ltr'><strong>lapide,</strong></span> <span class='ocrx_word' id='word_1_48' title='bbox 1533 958 1834 1030; x_wconf 76' lang='lat' dir='ltr'><strong>Virginem,</strong></span> <span class='ocrx_word' id='word_1_49' title='bbox 1856 958 2142 1013; x_wconf 77' lang='lat' dir='ltr'><strong>luciferam</strong></span> <span class='ocrx_word' id='word_1_50' title='bbox 2170 959 2308 1012; x_wconf 84' lang='lat' dir='ltr'><strong>lam-</strong></span> 
     </span>
    </p>
   </div>
   <div class='ocr_carea' id='block_1_11' title="bbox 733 1050 2307 1121">
    <p class='ocr_par' dir='ltr' id='par_1_11' title="bbox 733 1050 2307 1121">
     <span class='ocr_line' id='line_1_11' title="bbox 733 1050 2307 1121; baseline 0.001 -20"><span class='ocrx_word' id='word_1_51' title='bbox 733 1051 948 1119; x_wconf 86' lang='lat' dir='ltr'><strong>padem,</strong></span> <span class='ocrx_word' id='word_1_52' title='bbox 992 1050 1196 1104; x_wconf 86' lang='lat' dir='ltr'><strong>scalam</strong></span> <span class='ocrx_word' id='word_1_53' title='bbox 1224 1065 1530 1104; x_wconf 86' lang='lat' dir='ltr'><strong>conscensu</strong></span> <span class='ocrx_word' id='word_1_54' title='bbox 1594 1050 1806 1105; x_wconf 77' lang='lat' dir='ltr'><strong>facilem</strong></span> <span class='ocrx_word' id='word_1_55' title='bbox 1873 1050 1969 1105; x_wconf 88' lang='lat' dir='ltr'><strong>Dei</strong></span> <span class='ocrx_word' id='word_1_56' title='bbox 2029 1065 2307 1121; x_wconf 84' lang='lat' dir='ltr'><strong>campum,</strong></span> 
     </span>
    </p>
   </div>
   <div class='ocr_carea' id='block_1_12' title="bbox 737 1138 1464 1194">
    <p class='ocr_par' dir='ltr' id='par_1_12' title="bbox 737 1138 1464 1194">
     <span class='ocr_line' id='line_1_12' title="bbox 737 1138 1464 1194; baseline 0 -2"><span class='ocrx_word' id='word_1_57' title='bbox 737 1141 921 1194; x_wconf 75' lang='lat' dir='ltr'><strong>ﬁdeles</strong></span> <span class='ocrx_word' id='word_1_58' title='bbox 953 1139 1165 1194; x_wconf 82' lang='lat' dir='ltr'><strong>beatam</strong></span> <span class='ocrx_word' id='word_1_59' title='bbox 1193 1138 1464 1194; x_wconf 85' lang='lat' dir='ltr'><strong>dicamus.</strong></span> 
     </span>
    </p>
   </div>
   <div class='ocr_carea' id='block_1_13' title="bbox 903 1271 2135 1342">
    <p class='ocr_par' dir='ltr' id='par_1_13' title="bbox 903 1271 2135 1342">
     <span class='ocr_line' id='line_1_13' title="bbox 903 1271 2135 1342; baseline -0.002 -16"><span class='ocrx_word' id='word_1_60' title='bbox 903 1272 1304 1342; x_wconf 79' lang='lat' dir='ltr'><strong>Manifeslatum</strong></span> <span class='ocrx_word' id='word_1_61' title='bbox 1341 1274 1468 1327; x_wconf 80' lang='lat' dir='ltr'><strong>olim</strong></span> <span class='ocrx_word' id='word_1_62' title='bbox 1507 1273 1561 1325; x_wconf 79' lang='lat' dir='ltr'><strong>in</strong></span> <span class='ocrx_word' id='word_1_63' title='bbox 1597 1283 1770 1326; x_wconf 87' lang='lat' dir='ltr'><strong>monte</strong></span> <span class='ocrx_word' id='word_1_64' title='bbox 1798 1271 2135 1342; x_wconf 76' lang='lat' dir='ltr'><strong>Legislutori.</strong></span> 
     </span>
    </p>
   </div>
   <div class='ocr_carea' id='block_1_14' title="bbox 803 1402 2310 1475">
    <p class='ocr_par' dir='ltr' id='par_1_14' title="bbox 803 1402 2310 1475">
     <span class='ocr_line' id='line_1_14' title="bbox 803 1402 2310 1475; baseline -0.003 -14"><span class='ocrx_word' id='word_1_65' title='bbox 803 1407 1094 1461; x_wconf 85' lang='lat' dir='ltr'><strong>Pulchrum</strong></span> <span class='ocrx_word' id='word_1_66' title='bbox 1137 1405 1405 1474; x_wconf 89' lang='lat' dir='ltr'><strong>jejunium</strong></span> <span class='ocrx_word' id='word_1_67' title='bbox 1456 1405 1601 1475; x_wconf 84' lang='lat' dir='ltr'><strong>quod</strong></span> <span class='ocrx_word' id='word_1_68' title='bbox 1648 1419 1743 1457; x_wconf 87' lang='lat' dir='ltr'><strong>cor</strong></span> <span class='ocrx_word' id='word_1_69' title='bbox 1793 1403 2025 1472; x_wconf 73' lang='lat' dir='ltr'><strong>saginat,</strong></span> <span class='ocrx_word' id='word_1_70' title='bbox 2046 1402 2310 1456; x_wconf 82' lang='lat' dir='ltr'><strong>divinitus</strong></span> 
     </span>
    </p>
   </div>
   <div class='ocr_carea' id='block_1_15' title="bbox 737 1491 2312 1568">
    <p class='ocr_par' dir='ltr' id='par_1_15' title="bbox 737 1491 2312 1568">
     <span class='ocr_line' id='line_1_15' title="bbox 737 1491 2312 1568; baseline -0.007 -15"><span class='ocrx_word' id='word_1_71' title='bbox 737 1499 1010 1568; x_wconf 80' lang='lat' dir='ltr'><strong>germinat</strong></span> <span class='ocrx_word' id='word_1_72' title='bbox 1041 1498 1247 1566; x_wconf 82' lang='lat' dir='ltr'><strong>spicam</strong></span> <span class='ocrx_word' id='word_1_73' title='bbox 1283 1498 1544 1550; x_wconf 84' lang='lat' dir='ltr'><strong>virtutum</strong></span> <span class='ocrx_word' id='word_1_74' title='bbox 1581 1503 1872 1557; x_wconf 89' lang='lat' dir='ltr'><strong>maturam,</strong></span> <span class='ocrx_word' id='word_1_75' title='bbox 1897 1508 2061 1561; x_wconf 84' lang='lat' dir='ltr'><strong>quam</strong></span> <span class='ocrx_word' id='word_1_76' title='bbox 2099 1491 2312 1560; x_wconf 80' lang='lat' dir='ltr'><strong>optabi-</strong></span> 
     </span>
    </p>
   </div>
   <div class='ocr_carea' id='block_1_16' title="bbox 739 1585 2311 1653">
    <p class='ocr_par' dir='ltr' id='par_1_16' title="bbox 739 1585 2311 1653">
     <span class='ocr_line' id='line_1_16' title="bbox 739 1585 2311 1653; baseline -0.005 -9"><span class='ocrx_word' id='word_1_77' title='bbox 739 1607 861 1646; x_wconf 86' lang='lat' dir='ltr'><strong>mus</strong></span> <span class='ocrx_word' id='word_1_78' title='bbox 884 1593 936 1644; x_wconf 90' lang='lat' dir='ltr'><strong>iu</strong></span> <span class='ocrx_word' id='word_1_79' title='bbox 961 1592 1168 1645; x_wconf 80' lang='lat' dir='ltr'><strong>sanctis</strong></span> <span class='ocrx_word' id='word_1_80' title='bbox 1191 1591 1405 1653; x_wconf 88' lang='lat' dir='ltr'><strong>diebus,</strong></span> <span class='ocrx_word' id='word_1_81' title='bbox 1435 1587 1930 1644; x_wconf 84' lang='lat' dir='ltr'><strong>sanctiticationem</strong></span> <span class='ocrx_word' id='word_1_82' title='bbox 1969 1600 2038 1640; x_wconf 79' lang='lat' dir='ltr'><strong>ex</strong></span> <span class='ocrx_word' id='word_1_83' title='bbox 2071 1600 2135 1639; x_wconf 92' lang='lat' dir='ltr'><strong>eo</strong></span> <span class='ocrx_word' id='word_1_84' title='bbox 2166 1585 2311 1638; x_wconf 77' lang='lat' dir='ltr'><strong>acci-</strong></span> 
     </span>
    </p>
   </div>
   <div class='ocr_carea' id='block_1_17' title="bbox 739 1685 972 1753">
    <p class='ocr_par' dir='ltr' id='par_1_17' title="bbox 739 1685 972 1753">
     <span class='ocr_line' id='line_1_17' title="bbox 739 1685 972 1753; baseline 0.009 -20"><span class='ocrx_word' id='word_1_85' title='bbox 739 1685 972 1753; x_wconf 76' lang='lat' dir='ltr'><strong>pientes.</strong></span> 
     </span>
    </p>
   </div>
   <div class='ocr_carea' id='block_1_18' title="bbox 807 1767 2306 1841">
    <p class='ocr_par' dir='ltr' id='par_1_18' title="bbox 807 1767 2306 1841">
     <span class='ocr_line' id='line_1_18' title="bbox 807 1767 2306 1841; baseline -0.007 -13"><span class='ocrx_word' id='word_1_86' title='bbox 807 1775 890 1829; x_wconf 84' lang='lat' dir='ltr'><strong>Me</strong></span> <span class='ocrx_word' id='word_1_87' title='bbox 916 1773 1293 1841; x_wconf 70' lang='lat' dir='ltr'><strong>contemplans</strong></span> <span class='ocrx_word' id='word_1_88' title='bbox 1321 1773 1373 1825; x_wconf 92' lang='lat' dir='ltr'><strong>in</strong></span> <span class='ocrx_word' id='word_1_89' title='bbox 1401 1773 1638 1841; x_wconf 83' lang='lat' dir='ltr'><strong>peccatis</strong></span> <span class='ocrx_word' id='word_1_90' title='bbox 1666 1769 1851 1824; x_wconf 91' lang='lat' dir='ltr'><strong>multis</strong></span> <span class='ocrx_word' id='word_1_91' title='bbox 1870 1767 2306 1838; x_wconf 81' lang='lat' dir='ltr'><strong>coinquinatum,</strong></span> 
     </span>
    </p>
   </div>
   <div class='ocr_carea' id='block_1_19' title="bbox 2412 591 3205 661">
    <p class='ocr_par' dir='ltr' id='par_1_19' title="bbox 2412 591 3205 661">
     <span class='ocr_line' id='line_1_19' title="bbox 2412 591 3205 661; baseline -0.001 -17"><span class='ocrx_word' id='word_1_92' title='bbox 2412 593 2562 654; x_wconf 88' lang='grc' dir='ltr'>θείας</span> <span class='ocrx_word' id='word_1_93' title='bbox 2596 595 2809 661; x_wconf 71' lang='grc' dir='ltr'>τρυφῆς</span> <span class='ocrx_word' id='word_1_94' title='bbox 2837 591 3205 661; x_wconf 74' lang='grc' dir='ltr'>ἑπιτύχωμεν.</span> 
     </span>
    </p>
   </div>
   <div class='ocr_carea' id='block_1_20' title="bbox 2482 679 3997 748">
    <p class='ocr_par' dir='ltr' id='par_1_20' title="bbox 2482 679 3997 748">
     <span class='ocr_line' id='line_1_20' title="bbox 2482 679 3997 748; baseline -0.001 -15"><span class='ocrx_word' id='word_1_95' title='bbox 2482 683 2546 733; x_wconf 82' lang='lat' dir='ltr'><strong>Ol</strong></span> <span class='ocrx_word' id='word_1_96' title='bbox 2579 680 2688 733; x_wconf 87' lang='grc' dir='ltr'><strong>τῶν</strong></span> <span class='ocrx_word' id='word_1_97' title='bbox 2717 681 2966 748; x_wconf 76' lang='grc' dir='ltr'>ἀγγέλων</span> <span class='ocrx_word' id='word_1_98' title='bbox 2993 681 3144 748; x_wconf 76' lang='grc' dir='ltr'>χοροί</span> <span class='ocrx_word' id='word_1_99' title='bbox 3174 697 3231 732; x_wconf 85' lang='grc' dir='ltr'><strong>σε</strong></span> <span class='ocrx_word' id='word_1_100' title='bbox 3262 679 3597 744; x_wconf 70' lang='grc' dir='ltr'>δυσωποῦαι,</span> <span class='ocrx_word' id='word_1_101' title='bbox 3621 680 3730 731; x_wconf 88' lang='grc' dir='ltr'><strong>τῶν</strong></span> <span class='ocrx_word' id='word_1_102' title='bbox 3757 681 3997 732; x_wconf 84' lang='grc' dir='ltr'>ἀποστό-</span> 
     </span>
    </p>
   </div>
   <div class='ocr_carea' id='block_1_21' title="bbox 2410 769 3996 841">
    <p class='ocr_par' dir='ltr' id='par_1_21' title="bbox 2410 769 3996 841">
     <span class='ocr_line' id='line_1_21' title="bbox 2410 769 3996 841; baseline -0.001 -18"><span class='ocrx_word' id='word_1_103' title='bbox 2410 772 2516 824; x_wconf 85' lang='grc' dir='ltr'><strong>λων</strong></span> <span class='ocrx_word' id='word_1_104' title='bbox 2545 772 2573 824; x_wconf 85' lang='grc' dir='ltr'><strong>ό</strong></span> <span class='ocrx_word' id='word_1_105' title='bbox 2592 771 2784 841; x_wconf 80' lang='grc' dir='ltr'>δῆμος,</span> <span class='ocrx_word' id='word_1_106' title='bbox 2818 773 2910 823; x_wconf 78' lang='grc' dir='ltr'><strong>καὶ</strong></span> <span class='ocrx_word' id='word_1_107' title='bbox 2941 771 3050 822; x_wconf 87' lang='grc' dir='ltr'><strong>τῶν</strong></span> <span class='ocrx_word' id='word_1_108' title='bbox 3078 771 3368 841; x_wconf 80' lang='grc' dir='ltr'>μαρτύρων</span> <span class='ocrx_word' id='word_1_109' title='bbox 3395 770 3464 822; x_wconf 72' lang='grc' dir='ltr'>τὰ</span> <span class='ocrx_word' id='word_1_110' title='bbox 3491 770 3777 840; x_wconf 79' lang='grc' dir='ltr'><strong>τάγματα·</strong></span> <span class='ocrx_word' id='word_1_111' title='bbox 3797 769 3996 840; x_wconf 62' lang='grc' dir='ltr'>Ἰηρυῦ,</span> 
     </span>
    </p>
   </div>
   <div class='ocr_carea' id='block_1_22' title="bbox 2409 863 3436 934">
    <p class='ocr_par' dir='ltr' id='par_1_22' title="bbox 2409 863 3436 934">
     <span class='ocr_line' id='line_1_22' title="bbox 2409 863 3436 934; baseline -0.001 -18"><span class='ocrx_word' id='word_1_112' title='bbox 2409 864 2488 934; x_wconf 83' lang='grc' dir='ltr'>τῷ</span> <span class='ocrx_word' id='word_1_113' title='bbox 2517 864 2630 932; x_wconf 86' lang='grc' dir='ltr'>λαῷ</span> <span class='ocrx_word' id='word_1_114' title='bbox 2660 881 2753 917; x_wconf 84' lang='grc' dir='ltr'><strong>σου</strong></span> <span class='ocrx_word' id='word_1_115' title='bbox 2796 864 3142 934; x_wconf 77' lang='grc' dir='ltr'>συγχώρησιν</span> <span class='ocrx_word' id='word_1_116' title='bbox 3172 863 3436 932; x_wconf 68' lang='grc' dir='ltr'>διῦρησαι.</span> 
     </span>
    </p>
   </div>
   <div class='ocr_carea' id='block_1_23' title="bbox 2481 953 3996 1024">
    <p class='ocr_par' dir='ltr' id='par_1_23' title="bbox 2481 953 3996 1024">
     <span class='ocr_line' id='line_1_23' title="bbox 2481 953 3996 1024; baseline -0.003 -16"><span class='ocrx_word' id='word_1_117' title='bbox 2481 955 2555 1008; x_wconf 78' lang='grc' dir='ltr'>Τὸ</span> <span class='ocrx_word' id='word_1_118' title='bbox 2579 955 2920 1023; x_wconf 82' lang='grc' dir='ltr'>ἀλατόμητον</span> <span class='ocrx_word' id='word_1_119' title='bbox 2935 955 3080 1023; x_wconf 76' lang='grc' dir='ltr'>ὅρος,</span> <span class='ocrx_word' id='word_1_120' title='bbox 3114 955 3213 1024; x_wconf 77' lang='grc' dir='ltr'><strong>τὴν</strong></span> <span class='ocrx_word' id='word_1_121' title='bbox 3241 953 3539 1022; x_wconf 73' lang='grc' dir='ltr'>Παρθένον,</span> <span class='ocrx_word' id='word_1_122' title='bbox 3557 953 3655 1024; x_wconf 75' lang='grc' dir='ltr'>τὴν</span> <span class='ocrx_word' id='word_1_123' title='bbox 3678 953 3996 1022; x_wconf 65' lang='grc' dir='ltr'>φωτοφόριρν</span> 
     </span>
    </p>
   </div>
   <div class='ocr_carea' id='block_1_24' title="bbox 2409 1047 4000 1118">
    <p class='ocr_par' dir='ltr' id='par_1_24' title="bbox 2409 1047 4000 1118">
     <span class='ocr_line' id='line_1_24' title="bbox 2409 1047 4000 1118; baseline -0.001 -18"><span class='ocrx_word' id='word_1_124' title='bbox 2409 1047 2655 1118; x_wconf 82' lang='grc' dir='ltr'>λυχνίαν,</span> <span class='ocrx_word' id='word_1_125' title='bbox 2692 1049 2788 1117; x_wconf 84' lang='grc' dir='ltr'><strong>τὴν</strong></span> <span class='ocrx_word' id='word_1_126' title='bbox 2819 1047 3409 1115; x_wconf 69' lang='grc' dir='ltr'>εὐδιάϐατον.κλίματα</span> <span class='ocrx_word' id='word_1_127' title='bbox 3431 1088 3445 1110; x_wconf 97' lang='grc'><strong>,</strong></span> <span class='ocrx_word' id='word_1_128' title='bbox 3473 1047 3568 1098; x_wconf 88' lang='grc' dir='ltr'><strong>τοῦ</strong></span> <span class='ocrx_word' id='word_1_129' title='bbox 3602 1047 3737 1100; x_wconf 77' lang='grc' dir='ltr'>Θεοῦ</span> <span class='ocrx_word' id='word_1_130' title='bbox 3784 1048 3844 1100; x_wconf 79' lang='grc' dir='ltr'><strong>τὸ</strong></span> <span class='ocrx_word' id='word_1_131' title='bbox 3888 1065 4000 1116; x_wconf 86' lang='grc' dir='ltr'><strong>χω-</strong></span> 
     </span>
    </p>
   </div>
   <div class='ocr_carea' id='block_1_25' title="bbox 2415 1139 3250 1210">
    <p class='ocr_par' dir='ltr' id='par_1_25' title="bbox 2415 1139 3250 1210">
     <span class='ocr_line' id='line_1_25' title="bbox 2415 1139 3250 1210; baseline 0.001 -18"><span class='ocrx_word' id='word_1_132' title='bbox 2415 1141 2550 1210; x_wconf 91' lang='grc' dir='ltr'>ρίον,</span> <span class='ocrx_word' id='word_1_133' title='bbox 2581 1139 2791 1204; x_wconf 74' lang='grc' dir='ltr'>πιστοὶ,</span> <span class='ocrx_word' id='word_1_134' title='bbox 2829 1139 3250 1207; x_wconf 84' lang='grc' dir='ltr'>μακαρίσωμεν.</span> 
     </span>
    </p>
   </div>
   <div class='ocr_carea' id='block_1_26' title="bbox 2531 1271 3876 1342">
    <p class='ocr_par' dir='ltr' id='par_1_26' title="bbox 2531 1271 3876 1342">
     <span class='ocr_line' id='line_1_26' title="bbox 2531 1271 3876 1342; baseline -0.001 -12"><span class='ocrx_word' id='word_1_135' title='bbox 2531 1275 2644 1330; x_wconf 82' lang='grc' dir='ltr'><strong>Τὸν</strong></span> <span class='ocrx_word' id='word_1_136' title='bbox 2681 1275 3147 1342; x_wconf 72' lang='grc' dir='ltr'>προὸηλωθέντα</span> <span class='ocrx_word' id='word_1_137' title='bbox 3183 1275 3253 1326; x_wconf 80' lang='grc' dir='ltr'>ἐν</span> <span class='ocrx_word' id='word_1_138' title='bbox 3292 1274 3411 1342; x_wconf 55' lang='grc' dir='ltr'>ὄίιει</span> <span class='ocrx_word' id='word_1_139' title='bbox 3450 1273 3530 1339; x_wconf 83' lang='grc' dir='ltr'>τῷ</span> <span class='ocrx_word' id='word_1_140' title='bbox 3567 1271 3876 1341; x_wconf 78' lang='grc' dir='ltr'>νομοθέτῃ.</span> 
     </span>
    </p>
   </div>
   <div class='ocr_carea' id='block_1_27' title="bbox 2497 1407 4002 1479">
    <p class='ocr_par' dir='ltr' id='par_1_27' title="bbox 2497 1407 4002 1479">
     <span class='ocr_line' id='line_1_27' title="bbox 2497 1407 4002 1479; baseline -0.001 -17"><span class='ocrx_word' id='word_1_141' title='bbox 2497 1409 2559 1462; x_wconf 87' lang='grc' dir='ltr'>Ἡ</span> <span class='ocrx_word' id='word_1_142' title='bbox 2594 1409 2734 1479; x_wconf 81' lang='grc' dir='ltr'>καλὴ</span> <span class='ocrx_word' id='word_1_143' title='bbox 2783 1407 3006 1479; x_wconf 75' lang='grc' dir='ltr'><strong>νηστεία</strong></span> <span class='ocrx_word' id='word_1_144' title='bbox 3058 1407 3347 1460; x_wconf 72' lang='grc' dir='ltr'><strong>πιαίνουσα</strong></span> <span class='ocrx_word' id='word_1_145' title='bbox 3381 1407 3478 1477; x_wconf 80' lang='grc' dir='ltr'>τὴν</span> <span class='ocrx_word' id='word_1_146' title='bbox 3510 1409 3762 1478; x_wconf 84' lang='grc' dir='ltr'>καρδίαν,</span> <span class='ocrx_word' id='word_1_147' title='bbox 3797 1408 4002 1479; x_wconf 81' lang='grc' dir='ltr'><strong>στάχυν</strong></span> 
     </span>
    </p>
   </div>
   <div class='ocr_carea' id='block_1_28' title="bbox 2413 1500 4003 1573">
    <p class='ocr_par' dir='ltr' id='par_1_28' title="bbox 2413 1500 4003 1573">
     <span class='ocr_line' id='line_1_28' title="bbox 2413 1500 4003 1573; baseline -0.001 -17"><span class='ocrx_word' id='word_1_148' title='bbox 2413 1502 2622 1573; x_wconf 83' lang='grc' dir='ltr'>ἀρετῶν</span> <span class='ocrx_word' id='word_1_149' title='bbox 2666 1501 2873 1570; x_wconf 78' lang='grc' dir='ltr'>ὦριμον</span> <span class='ocrx_word' id='word_1_150' title='bbox 2925 1501 3124 1562; x_wconf 79' lang='grc' dir='ltr'>ἐνθέως</span> <span class='ocrx_word' id='word_1_151' title='bbox 3157 1500 3536 1564; x_wconf 76' lang='grc' dir='ltr'>ἐκϐλαστάνει,</span> <span class='ocrx_word' id='word_1_152' title='bbox 3573 1503 3639 1569; x_wconf 75' lang='grc' dir='ltr'>ἢν</span> <span class='ocrx_word' id='word_1_153' title='bbox 3671 1502 4003 1571; x_wconf 77' lang='grc' dir='ltr'>ποθήσωμεν</span> 
     </span>
    </p>
   </div>
   <div class='ocr_carea' id='block_1_29' title="bbox 2413 1591 3822 1666">
    <p class='ocr_par' dir='ltr' id='par_1_29' title="bbox 2413 1591 3822 1666">
     <span class='ocr_line' id='line_1_29' title="bbox 2413 1591 3822 1666; baseline -0.001 -20"><span class='ocrx_word' id='word_1_154' title='bbox 2413 1596 2470 1646; x_wconf 88' lang='grc' dir='ltr'><strong>ἐν</strong></span> <span class='ocrx_word' id='word_1_155' title='bbox 2499 1593 2680 1661; x_wconf 78' lang='grc' dir='ltr'><strong>ἁγίαις</strong></span> <span class='ocrx_word' id='word_1_156' title='bbox 2703 1591 2958 1666; x_wconf 75' lang='grc' dir='ltr'><strong>ἡμέραις,</strong></span> <span class='ocrx_word' id='word_1_157' title='bbox 2986 1591 3078 1644; x_wconf 83' lang='grc' dir='ltr'><strong>τὸν</strong></span> <span class='ocrx_word' id='word_1_158' title='bbox 3110 1592 3382 1659; x_wconf 73' lang='grc' dir='ltr'>ἁγιασμδν</span> <span class='ocrx_word' id='word_1_159' title='bbox 3413 1591 3822 1660; x_wconf 70' lang='grc' dir='ltr'>ὑποδεχόμενοι.</span> 
     </span>
    </p>
   </div>
   <div class='ocr_carea' id='block_1_30' title="bbox 2482 1764 4002 1835">
    <p class='ocr_par' dir='ltr' id='par_1_30' title="bbox 2482 1764 4002 1835">
     <span class='ocr_line' id='line_1_30' title="bbox 2482 1764 4002 1835; baseline 0.001 -17"><span class='ocrx_word' id='word_1_160' title='bbox 2482 1767 2586 1818; x_wconf 82' lang='grc' dir='ltr'>Τὸν</span> <span class='ocrx_word' id='word_1_161' title='bbox 2611 1768 2668 1818; x_wconf 84' lang='grc' dir='ltr'><strong>ἐν</strong></span> <span class='ocrx_word' id='word_1_162' title='bbox 2692 1765 2987 1835; x_wconf 77' lang='grc' dir='ltr'>ἁμαρτίαις</span> <span class='ocrx_word' id='word_1_163' title='bbox 3013 1764 3233 1826; x_wconf 84' lang='grc' dir='ltr'>πολλαῖς</span> <span class='ocrx_word' id='word_1_164' title='bbox 3265 1765 3743 1834; x_wconf 79' lang='grc' dir='ltr'>κατεσπιλωμένον</span> <span class='ocrx_word' id='word_1_165' title='bbox 3766 1783 4002 1835; x_wconf 78' lang='grc' dir='ltr'>τετραυο</span> 
     </span>
    </p>
   </div>
   <div class='ocr_carea' id='block_1_31' title="bbox 738 1856 2416 1930">
    <p class='ocr_par' dir='ltr' id='par_1_31' title="bbox 738 1863 2416 1930">
     <span class='ocr_line' id='line_1_31' title="bbox 738 1863 2416 1930; baseline -0.006 -10"><span class='ocrx_word' id='word_1_166' title='bbox 738 1867 1086 1921; x_wconf 88' lang='lat' dir='ltr'><strong>vulneratum</strong></span> <span class='ocrx_word' id='word_1_167' title='bbox 1136 1875 1190 1918; x_wconf 83' lang='lat' dir='ltr'><strong>et</strong></span> <span class='ocrx_word' id='word_1_168' title='bbox 1242 1864 1685 1926; x_wconf 90' lang='lat' dir='ltr'><strong>condemnatum,</strong></span> <span class='ocrx_word' id='word_1_169' title='bbox 1729 1863 1971 1916; x_wconf 85' lang='lat' dir='ltr'><strong>clemens</strong></span> <span class='ocrx_word' id='word_1_170' title='bbox 2021 1876 2118 1930; x_wconf 89' lang='lat' dir='ltr'><strong>per</strong></span> <span class='ocrx_word' id='word_1_171' title='bbox 2159 1869 2306 1912; x_wconf 80' lang='lat' dir='ltr'><strong>luam</strong></span> <span class='ocrx_word' id='word_1_172' title='bbox 2340 1864 2416 1925; x_wconf 63' lang='lat' dir='ltr'><strong>B}</strong></span> 
     </span>
    </p>
   </div>
   <div class='ocr_carea' id='block_1_32' title="bbox 2321 1856 3999 1930">
    <p class='ocr_par' dir='ltr' id='par_1_32' title="bbox 2340 1856 3999 1927">
     <span class='ocr_line' id='line_1_32' title="bbox 2340 1856 3999 1927; baseline 0 -18"><span class='ocrx_word' id='word_1_173' title='bbox 2340 1864 2381 1919; x_wconf 84' lang='grc' dir='ltr'><strong>Β</strong></span> <span class='ocrx_word' id='word_1_174' title='bbox 2412 1857 2744 1926; x_wconf 84' lang='grc' dir='ltr'>ματισμένον</span> <span class='ocrx_word' id='word_1_175' title='bbox 2772 1856 2931 1926; x_wconf 89' lang='grc' dir='ltr'>όρῶν,</span> <span class='ocrx_word' id='word_1_176' title='bbox 2967 1857 3059 1908; x_wconf 75' lang='grc' dir='ltr'>καὶ</span> <span class='ocrx_word' id='word_1_177' title='bbox 3095 1856 3588 1925; x_wconf 76' lang='grc' dir='ltr'>κατακεκριμένον,</span> <span class='ocrx_word' id='word_1_178' title='bbox 3641 1859 3889 1927; x_wconf 78' lang='grc' dir='ltr'><strong>ἐλεήμων</strong></span> <span class='ocrx_word' id='word_1_179' title='bbox 3924 1859 3999 1927; x_wconf 79' lang='grc' dir='ltr'><strong>τῷ</strong></span> 
     </span>
    </p>
   </div>
   <div class='ocr_carea' id='block_1_33' title="bbox 740 1954 2310 2030">
    <p class='ocr_par' dir='ltr' id='par_1_33' title="bbox 740 1954 2310 2030">
     <span class='ocr_line' id='line_1_33' title="bbox 740 1954 2310 2030; baseline -0.005 -16"><span class='ocrx_word' id='word_1_180' title='bbox 740 1960 1176 2030; x_wconf 86' lang='lat' dir='ltr'><strong>compassiouem</strong></span> <span class='ocrx_word' id='word_1_181' title='bbox 1234 1958 1514 2022; x_wconf 85' lang='lat' dir='ltr'><strong>miserere,</strong></span> <span class='ocrx_word' id='word_1_182' title='bbox 1544 1957 1694 2009; x_wconf 83' lang='lat' dir='ltr'><strong>salva</strong></span> <span class='ocrx_word' id='word_1_183' title='bbox 1725 1971 1810 2010; x_wconf 92' lang='lat' dir='ltr'><strong>me</strong></span> <span class='ocrx_word' id='word_1_184' title='bbox 1839 1963 2059 2026; x_wconf 88' lang='lat' dir='ltr'><strong>propter</strong></span> <span class='ocrx_word' id='word_1_185' title='bbox 2094 1954 2310 2024; x_wconf 86' lang='lat' dir='ltr'><strong>suppli-</strong></span> 
     </span>
    </p>
   </div>
   <div class='ocr_carea' id='block_1_34' title="bbox 740 2053 1603 2105">
    <p class='ocr_par' dir='ltr' id='par_1_34' title="bbox 740 2053 1603 2105">
     <span class='ocr_line' id='line_1_34' title="bbox 740 2053 1603 2105; baseline -0.008 0"><span class='ocrx_word' id='word_1_186' title='bbox 740 2053 987 2105; x_wconf 90' lang='lat' dir='ltr'><strong>cationes</strong></span> <span class='ocrx_word' id='word_1_187' title='bbox 1010 2057 1322 2104; x_wconf 75' lang='lat' dir='ltr'><strong>Sanctorum</strong></span> <span class='ocrx_word' id='word_1_188' title='bbox 1357 2056 1603 2100; x_wconf 90' lang='lat' dir='ltr'><strong>tuorum.</strong></span> 
     </span>
    </p>
   </div>
   <div class='ocr_carea' id='block_1_35' title="bbox 810 2134 2310 2204">
    <p class='ocr_par' dir='ltr' id='par_1_35' title="bbox 810 2134 2310 2204">
     <span class='ocr_line' id='line_1_35' title="bbox 810 2134 2310 2204; baseline -0.008 -7"><span class='ocrx_word' id='word_1_189' title='bbox 810 2142 925 2196; x_wconf 85' lang='lat' dir='ltr'><strong>Heu</strong></span> <span class='ocrx_word' id='word_1_190' title='bbox 967 2140 1124 2193; x_wconf 84' lang='lat' dir='ltr'><strong>mihi!</strong></span> <span class='ocrx_word' id='word_1_191' title='bbox 1158 2137 1464 2192; x_wconf 83' lang='lat' dir='ltr'><strong>miserrima</strong></span> <span class='ocrx_word' id='word_1_192' title='bbox 1500 2138 1700 2200; x_wconf 82' lang='lat' dir='ltr'><strong>anima,</strong></span> <span class='ocrx_word' id='word_1_193' title='bbox 1741 2134 2310 2204; x_wconf 80' lang='lat' dir='ltr'><strong>quomodojustiliea-</strong></span> 
     </span>
    </p>
   </div>
   <div class='ocr_carea' id='block_1_36' title="bbox 741 2227 2311 2300">
    <p class='ocr_par' dir='ltr' id='par_1_36' title="bbox 741 2227 2311 2300">
     <span class='ocr_line' id='line_1_36' title="bbox 741 2227 2311 2300; baseline -0.006 -11"><span class='ocrx_word' id='word_1_194' title='bbox 741 2233 929 2289; x_wconf 82' lang='lat' dir='ltr'><strong>bitur?</strong></span> <span class='ocrx_word' id='word_1_195' title='bbox 958 2233 1082 2300; x_wconf 88' lang='lat' dir='ltr'><strong>quis</strong></span> <span class='ocrx_word' id='word_1_196' title='bbox 1119 2231 1312 2282; x_wconf 86' lang='lat' dir='ltr'><strong>horror</strong></span> <span class='ocrx_word' id='word_1_197' title='bbox 1335 2239 1385 2282; x_wconf 91' lang='lat' dir='ltr'><strong>te</strong></span> <span class='ocrx_word' id='word_1_198' title='bbox 1415 2228 1657 2291; x_wconf 83' lang='lat' dir='ltr'><strong>invadet,</strong></span> <span class='ocrx_word' id='word_1_199' title='bbox 1687 2228 1916 2283; x_wconf 86' lang='lat' dir='ltr'><strong>sedente</strong></span> <span class='ocrx_word' id='word_1_200' title='bbox 1959 2227 2166 2296; x_wconf 86' lang='lat' dir='ltr'><strong>judice,</strong></span> <span class='ocrx_word' id='word_1_201' title='bbox 2198 2227 2311 2280; x_wconf 87' lang='lat' dir='ltr'><strong>cir-</strong></span> 
     </span>
    </p>
   </div>
   <div class='ocr_carea' id='block_1_37' title="bbox 742 2316 2314 2390">
    <p class='ocr_par' dir='ltr' id='par_1_37' title="bbox 742 2316 2314 2390">
     <span class='ocr_line' id='line_1_37' title="bbox 742 2316 2314 2390; baseline -0.004 -14"><span class='ocrx_word' id='word_1_202' title='bbox 742 2322 1128 2377; x_wconf 87' lang='lat' dir='ltr'><strong>cumdantihus</strong></span> <span class='ocrx_word' id='word_1_203' title='bbox 1159 2320 1474 2388; x_wconf 78' lang='lat' dir='ltr'><strong>angelorum</strong></span> <span class='ocrx_word' id='word_1_204' title='bbox 1503 2318 1883 2390; x_wconf 85' lang='lat' dir='ltr'><strong>myriadibus?</strong></span> <span class='ocrx_word' id='word_1_205' title='bbox 1915 2316 2111 2373; x_wconf 78' lang='lat' dir='ltr'><strong>festina</strong></span> <span class='ocrx_word' id='word_1_206' title='bbox 2146 2317 2314 2388; x_wconf 75' lang='lat' dir='ltr'><strong>igitur</strong></span> 
     </span>
    </p>
   </div>
   <div class='ocr_carea' id='block_1_38' title="bbox 746 2411 1408 2486">
    <p class='ocr_par' dir='ltr' id='par_1_38' title="bbox 746 2411 1408 2486">
     <span class='ocr_line' id='line_1_38' title="bbox 746 2411 1408 2486; baseline -0.011 -17"><span class='ocrx_word' id='word_1_207' title='bbox 746 2415 1008 2486; x_wconf 69' lang='lat' dir='ltr'><strong>pmuitere</strong></span> <span class='ocrx_word' id='word_1_208' title='bbox 1044 2421 1169 2466; x_wconf 87' lang='lat' dir='ltr'><strong>ante</strong></span> <span class='ocrx_word' id='word_1_209' title='bbox 1225 2411 1408 2465; x_wconf 86' lang='lat' dir='ltr'><strong>linem.</strong></span> 
     </span>
    </p>
   </div>
   <div class='ocr_carea' id='block_1_39' title="bbox 814 2494 2312 2570">
    <p class='ocr_par' dir='ltr' id='par_1_39' title="bbox 814 2494 2312 2570">
     <span class='ocr_line' id='line_1_39' title="bbox 814 2494 2312 2570; baseline -0.007 -14"><span class='ocrx_word' id='word_1_210' title='bbox 814 2501 1014 2570; x_wconf 75' lang='lat' dir='ltr'><strong>licgale</strong></span> <span class='ocrx_word' id='word_1_211' title='bbox 1059 2498 1391 2560; x_wconf 71' lang='lat' dir='ltr'><strong>vehiculum,</strong></span> <span class='ocrx_word' id='word_1_212' title='bbox 1434 2494 1775 2565; x_wconf 88' lang='lat' dir='ltr'><strong>splendidam</strong></span> <span class='ocrx_word' id='word_1_213' title='bbox 1817 2495 2039 2557; x_wconf 88' lang='lat' dir='ltr'><strong>nubem,</strong></span> <span class='ocrx_word' id='word_1_214' title='bbox 2072 2503 2312 2549; x_wconf 90' lang='lat' dir='ltr'><strong>montem</strong></span> 
     </span>
    </p>
   </div>
   <div class='ocr_carea' id='block_1_40' title="bbox 743 2586 2313 2655">
    <p class='ocr_par' dir='ltr' id='par_1_40' title="bbox 743 2586 2313 2655">
     <span class='ocr_line' id='line_1_40' title="bbox 743 2586 2313 2655; baseline -0.006 -10"><span class='ocrx_word' id='word_1_215' title='bbox 743 2591 1102 2650; x_wconf 85' lang='lat' dir='ltr'><strong>uberrimum,</strong></span> <span class='ocrx_word' id='word_1_216' title='bbox 1169 2589 1251 2640; x_wconf 87' lang='lat' dir='ltr'><strong>lac</strong></span> <span class='ocrx_word' id='word_1_217' title='bbox 1295 2597 1637 2648; x_wconf 83' lang='lat' dir='ltr'><strong>concretum,</strong></span> <span class='ocrx_word' id='word_1_218' title='bbox 1683 2593 1737 2640; x_wconf 88' lang='lat' dir='ltr'><strong>te</strong></span> <span class='ocrx_word' id='word_1_219' title='bbox 1782 2586 2101 2655; x_wconf 86' lang='lat' dir='ltr'><strong>suppliciter</strong></span> <span class='ocrx_word' id='word_1_220' title='bbox 2126 2600 2313 2650; x_wconf 74' lang='lat' dir='ltr'><strong>exoro,</strong></span> 
     </span>
    </p>
   </div>
   <div class='ocr_carea' id='block_1_41' title="bbox 744 2673 2155 2744">
    <p class='ocr_par' dir='ltr' id='par_1_41' title="bbox 744 2673 2155 2744">
     <span class='ocr_line' id='line_1_41' title="bbox 744 2673 2155 2744; baseline -0.004 -13"><span class='ocrx_word' id='word_1_221' title='bbox 744 2677 1002 2731; x_wconf 86' lang='lat' dir='ltr'><strong>inviolata</strong></span> <span class='ocrx_word' id='word_1_222' title='bbox 1034 2673 1219 2744; x_wconf 78' lang='lat' dir='ltr'><strong>Virgo,</strong></span> <span class='ocrx_word' id='word_1_223' title='bbox 1249 2683 1308 2726; x_wconf 92' lang='lat' dir='ltr'><strong>ut</strong></span> <span class='ocrx_word' id='word_1_224' title='bbox 1351 2688 1509 2727; x_wconf 88' lang='lat' dir='ltr'><strong>cures</strong></span> <span class='ocrx_word' id='word_1_225' title='bbox 1549 2674 1776 2727; x_wconf 84' lang='lat' dir='ltr'><strong>vulnera</strong></span> <span class='ocrx_word' id='word_1_226' title='bbox 1807 2674 1992 2729; x_wconf 83' lang='lat' dir='ltr'><strong>cordis</strong></span> <span class='ocrx_word' id='word_1_227' title='bbox 2029 2674 2155 2727; x_wconf 88' lang='lat' dir='ltr'><strong>mei.</strong></span> 
     </span>
    </p>
   </div>
   <div class='ocr_carea' id='block_1_42' title="bbox 1189 2764 1884 2831">
    <p class='ocr_par' dir='ltr' id='par_1_42' title="bbox 1189 2764 1884 2831">
     <span class='ocr_line' id='line_1_42' title="bbox 1189 2764 1884 2831; baseline -0.001 -11"><span class='ocrx_word' id='word_1_228' title='bbox 1189 2764 1536 2831; x_wconf 78' lang='lat' dir='ltr'><strong>Couformur</strong></span> <span class='ocrx_word' id='word_1_229' title='bbox 1567 2781 1658 2817; x_wconf 89' lang='lat' dir='ltr'><strong>cor</strong></span> <span class='ocrx_word' id='word_1_230' title='bbox 1687 2781 1884 2820; x_wconf 79' lang='lat' dir='ltr'><strong>meum.</strong></span> 
     </span>
    </p>
   </div>
   <div class='ocr_carea' id='block_1_43' title="bbox 815 2854 2317 2924">
    <p class='ocr_par' dir='ltr' id='par_1_43' title="bbox 815 2854 2317 2924">
     <span class='ocr_line' id='line_1_43' title="bbox 815 2854 2317 2924; baseline -0.003 -12"><span class='ocrx_word' id='word_1_231' title='bbox 815 2856 981 2912; x_wconf 91' lang='lat' dir='ltr'><strong>Cruci</strong></span> <span class='ocrx_word' id='word_1_232' title='bbox 1012 2871 1207 2910; x_wconf 88' lang='lat' dir='ltr'><strong>manus</strong></span> <span class='ocrx_word' id='word_1_233' title='bbox 1236 2854 1554 2918; x_wconf 77' lang='lat' dir='ltr'><strong>extendisti,</strong></span> <span class='ocrx_word' id='word_1_234' title='bbox 1583 2855 1782 2908; x_wconf 86' lang='lat' dir='ltr'><strong>tollens</strong></span> <span class='ocrx_word' id='word_1_235' title='bbox 1811 2863 2098 2924; x_wconf 86' lang='lat' dir='ltr'><strong>peccatum</strong></span> <span class='ocrx_word' id='word_1_236' title='bbox 2129 2865 2317 2910; x_wconf 77' lang='lat' dir='ltr'><strong>exten-</strong></span> 
     </span>
    </p>
   </div>
   <div class='ocr_carea' id='block_1_44' title="bbox 747 2949 2318 3019">
    <p class='ocr_par' dir='ltr' id='par_1_44' title="bbox 747 2949 2318 3019">
     <span class='ocr_line' id='line_1_44' title="bbox 747 2949 2318 3019; baseline -0.002 -11"><span class='ocrx_word' id='word_1_237' title='bbox 747 2969 822 3008; x_wconf 73' lang='lat' dir='ltr'><strong>sae</strong></span> <span class='ocrx_word' id='word_1_238' title='bbox 856 2955 987 3006; x_wconf 87' lang='lat' dir='ltr'><strong>olim</strong></span> <span class='ocrx_word' id='word_1_239' title='bbox 1040 2950 1230 3005; x_wconf 81' lang='lat' dir='ltr'><strong>Atiami</strong></span> <span class='ocrx_word' id='word_1_240' title='bbox 1267 2965 1460 3002; x_wconf 86' lang='lat' dir='ltr'><strong>manus</strong></span> <span class='ocrx_word' id='word_1_241' title='bbox 1494 2949 1560 3002; x_wconf 88' lang='lat' dir='ltr'><strong>ad</strong></span> <span class='ocrx_word' id='word_1_242' title='bbox 1607 2949 1849 3002; x_wconf 64' lang='lat' dir='ltr'><strong>scientiae</strong></span> <span class='ocrx_word' id='word_1_243' title='bbox 1901 2950 2171 3015; x_wconf 86' lang='lat' dir='ltr'><strong>arborem,</strong></span> <span class='ocrx_word' id='word_1_244' title='bbox 2223 2966 2318 3019; x_wconf 85' lang='lat' dir='ltr'><strong>per</strong></span> 
     </span>
    </p>
   </div>
   <div class='ocr_carea' id='block_1_45' title="bbox 748 3037 2052 3108">
    <p class='ocr_par' dir='ltr' id='par_1_45' title="bbox 748 3037 2052 3108">
     <span class='ocr_line' id='line_1_45' title="bbox 748 3037 2052 3108; baseline -0.002 -12"><span class='ocrx_word' id='word_1_245' title='bbox 748 3043 956 3098; x_wconf 89' lang='lat' dir='ltr'><strong>viscera</strong></span> <span class='ocrx_word' id='word_1_246' title='bbox 996 3042 1330 3102; x_wconf 83' lang='lat' dir='ltr'><strong>misericors,</strong></span> <span class='ocrx_word' id='word_1_247' title='bbox 1364 3037 1597 3092; x_wconf 88' lang='lat' dir='ltr'><strong>Verhum</strong></span> <span class='ocrx_word' id='word_1_248' title='bbox 1633 3039 1724 3092; x_wconf 69' lang='lat' dir='ltr'><strong>Dei</strong></span> <span class='ocrx_word' id='word_1_249' title='bbox 1761 3041 2052 3108; x_wconf 77' lang='lat' dir='ltr'><strong>optimum.</strong></span> 
     </span>
    </p>
   </div>
   <div class='ocr_carea' id='block_1_46' title="bbox 2418 1947 4000 2019">
    <p class='ocr_par' dir='ltr' id='par_1_46' title="bbox 2418 1947 4000 2019">
     <span class='ocr_line' id='line_1_46' title="bbox 2418 1947 4000 2019; baseline 0.001 -17"><span class='ocrx_word' id='word_1_250' title='bbox 2418 1949 2495 2019; x_wconf 82' lang='grc' dir='ltr'><strong>σῷ</strong></span> <span class='ocrx_word' id='word_1_251' title='bbox 2526 1949 2665 2004; x_wconf 87' lang='grc' dir='ltr'>ἐλέει</span> <span class='ocrx_word' id='word_1_252' title='bbox 2694 1949 2985 2016; x_wconf 72' lang='grc' dir='ltr'>οἰκτείρας,</span> <span class='ocrx_word' id='word_1_253' title='bbox 3003 1947 3176 2000; x_wconf 91' lang='grc' dir='ltr'>σῶσόν</span> <span class='ocrx_word' id='word_1_254' title='bbox 3196 1965 3262 2016; x_wconf 89' lang='grc' dir='ltr'><strong>με</strong></span> <span class='ocrx_word' id='word_1_255' title='bbox 3283 1948 3516 2010; x_wconf 74' lang='grc' dir='ltr'><strong>ἱκεσίαις</strong></span> <span class='ocrx_word' id='word_1_256' title='bbox 3546 1948 3654 2001; x_wconf 83' lang='grc' dir='ltr'><strong>τῶν</strong></span> <span class='ocrx_word' id='word_1_257' title='bbox 3683 1951 3853 2016; x_wconf 80' lang='grc' dir='ltr'>ἁγίων</span> <span class='ocrx_word' id='word_1_258' title='bbox 3883 1969 4000 2008; x_wconf 61' lang='grc' dir='ltr'>σου.</span> 
     </span>
    </p>
   </div>
   <div class='ocr_carea' id='block_1_47' title="bbox 2487 2039 4002 2112">
    <p class='ocr_par' dir='ltr' id='par_1_47' title="bbox 2487 2039 4002 2112">
     <span class='ocr_line' id='line_1_47' title="bbox 2487 2039 4002 2112; baseline 0.001 -19"><span class='ocrx_word' id='word_1_259' title='bbox 2487 2040 2649 2109; x_wconf 81' lang='grc' dir='ltr'>Οἶμοι</span> <span class='ocrx_word' id='word_1_260' title='bbox 2671 2041 2684 2092; x_wconf 90' lang='lat'>!</span> <span class='ocrx_word' id='word_1_261' title='bbox 2727 2039 2998 2092; x_wconf 81' lang='grc' dir='ltr'>παναθλία</span> <span class='ocrx_word' id='word_1_262' title='bbox 3022 2039 3188 2107; x_wconf 74' lang='grc' dir='ltr'><strong>ψυχὴ.</strong></span> <span class='ocrx_word' id='word_1_263' title='bbox 3216 2039 3331 2100; x_wconf 74' lang='grc' dir='ltr'><strong>πῶς</strong></span> <span class='ocrx_word' id='word_1_264' title='bbox 3354 2039 3697 2112; x_wconf 48' lang='grc' dir='ltr'>ἀπολογήσῃ</span> <span class='ocrx_word' id='word_1_265' title='bbox 3725 2041 3851 2094; x_wconf 87' lang='grc' dir='ltr'>ποία</span> <span class='ocrx_word' id='word_1_266' title='bbox 3875 2042 4002 2110; x_wconf 81' lang='grc' dir='ltr'>φρί-</span> 
     </span>
    </p>
   </div>
   <div class='ocr_carea' id='block_1_48' title="bbox 2418 2129 4004 2202">
    <p class='ocr_par' dir='ltr' id='par_1_48' title="bbox 2418 2129 4004 2202">
     <span class='ocr_line' id='line_1_48' title="bbox 2418 2129 4004 2202; baseline 0.001 -20"><span class='ocrx_word' id='word_1_267' title='bbox 2418 2147 2489 2200; x_wconf 97' lang='grc' dir='ltr'><strong>κη</strong></span> <span class='ocrx_word' id='word_1_268' title='bbox 2521 2148 2580 2182; x_wconf 89' lang='grc' dir='ltr'><strong>σε</strong></span> <span class='ocrx_word' id='word_1_269' title='bbox 2604 2130 2858 2200; x_wconf 77' lang='grc' dir='ltr'>λήψεται,</span> <span class='ocrx_word' id='word_1_270' title='bbox 2889 2129 3080 2196; x_wconf 80' lang='grc' dir='ltr'>κριτοῦ</span> <span class='ocrx_word' id='word_1_271' title='bbox 3113 2129 3504 2197; x_wconf 74' lang='grc' dir='ltr'>καθεζομένου,</span> <span class='ocrx_word' id='word_1_272' title='bbox 3547 2132 3823 2200; x_wconf 72' lang='grc' dir='ltr'>μυριάδων</span> <span class='ocrx_word' id='word_1_273' title='bbox 3854 2150 4004 2202; x_wconf 81' lang='grc' dir='ltr'>παρ-</span> 
     </span>
    </p>
   </div>
   <div class='ocr_carea' id='block_1_49' title="bbox 2421 2217 4006 2293">
    <p class='ocr_par' dir='ltr' id='par_1_49' title="bbox 2421 2217 4006 2293">
     <span class='ocr_line' id='line_1_49' title="bbox 2421 2217 4006 2293; baseline -0.001 -18"><span class='ocrx_word' id='word_1_274' title='bbox 2421 2223 2727 2293; x_wconf 78' lang='grc' dir='ltr'>ισταμένων</span> <span class='ocrx_word' id='word_1_275' title='bbox 2756 2221 3035 2290; x_wconf 74' lang='grc' dir='ltr'>ἀγγέλωνς</span> <span class='ocrx_word' id='word_1_276' title='bbox 3079 2219 3313 2273; x_wconf 80' lang='grc' dir='ltr'>σπεῦσον</span> <span class='ocrx_word' id='word_1_277' title='bbox 3341 2217 3456 2286; x_wconf 84' lang='grc' dir='ltr'>οῦν,</span> <span class='ocrx_word' id='word_1_278' title='bbox 3490 2221 3597 2292; x_wconf 75' lang='grc' dir='ltr'>πρὸ</span> <span class='ocrx_word' id='word_1_279' title='bbox 3618 2222 3805 2287; x_wconf 81' lang='grc' dir='ltr'>τέλους</span> <span class='ocrx_word' id='word_1_280' title='bbox 3835 2239 4006 2292; x_wconf 82' lang='grc' dir='ltr'>μετα-</span> 
     </span>
    </p>
   </div>
   <div class='ocr_carea' id='block_1_50' title="bbox 2419 2315 2632 2384">
    <p class='ocr_par' dir='ltr' id='par_1_50' title="bbox 2419 2315 2632 2384">
     <span class='ocr_line' id='line_1_50' title="bbox 2419 2315 2632 2384; baseline 0.005 -17"><span class='ocrx_word' id='word_1_281' title='bbox 2419 2315 2632 2384; x_wconf 79' lang='grc' dir='ltr'>νόησον.</span> 
     </span>
    </p>
   </div>
   <div class='ocr_carea' id='block_1_51' title="bbox 2491 2493 4009 2564">
    <p class='ocr_par' dir='ltr' id='par_1_51' title="bbox 2491 2493 4009 2564">
     <span class='ocr_line' id='line_1_51' title="bbox 2491 2493 4009 2564; baseline -0.003 -16"><span class='ocrx_word' id='word_1_282' title='bbox 2491 2496 2565 2548; x_wconf 83' lang='grc' dir='ltr'><strong>Τὸ</strong></span> <span class='ocrx_word' id='word_1_283' title='bbox 2592 2495 2869 2564; x_wconf 83' lang='grc' dir='ltr'>βασιλικὸν</span> <span class='ocrx_word' id='word_1_284' title='bbox 2892 2495 2990 2563; x_wconf 79' lang='grc' dir='ltr'><strong>όχη</strong></span> <span class='ocrx_word' id='word_1_285' title='bbox 3001 2511 3098 2562; x_wconf 87' lang='grc' dir='ltr'><strong>μα,</strong></span> <span class='ocrx_word' id='word_1_286' title='bbox 3127 2493 3226 2562; x_wconf 84' lang='grc' dir='ltr'>τὴν</span> <span class='ocrx_word' id='word_1_287' title='bbox 3255 2494 3487 2563; x_wconf 65' lang='grc' dir='ltr'>φαιδρὰν</span> <span class='ocrx_word' id='word_1_288' title='bbox 3513 2494 3765 2561; x_wconf 72' lang='grc' dir='ltr'>νεφέλην,</span> <span class='ocrx_word' id='word_1_289' title='bbox 3795 2493 3920 2562; x_wconf 76' lang='grc' dir='ltr'>όρδν</span> <span class='ocrx_word' id='word_1_290' title='bbox 3945 2493 4009 2544; x_wconf 72' lang='grc' dir='ltr'>τὺ</span> 
     </span>
    </p>
   </div>
   <div class='ocr_carea' id='block_1_52' title="bbox 2425 2582 4009 2654">
    <p class='ocr_par' dir='ltr' id='par_1_52' title="bbox 2425 2582 4009 2654">
     <span class='ocr_line' id='line_1_52' title="bbox 2425 2582 4009 2654; baseline -0.001 -18"><span class='ocrx_word' id='word_1_291' title='bbox 2425 2585 2698 2646; x_wconf 84' lang='grc' dir='ltr'>πιότατον,</span> <span class='ocrx_word' id='word_1_292' title='bbox 2729 2584 2852 2654; x_wconf 76' lang='grc' dir='ltr'>ὀρὸν</span> <span class='ocrx_word' id='word_1_293' title='bbox 2869 2601 2992 2636; x_wconf 85' lang='grc' dir='ltr'>τετυ</span> <span class='ocrx_word' id='word_1_294' title='bbox 3000 2584 3264 2653; x_wconf 84' lang='grc' dir='ltr'>ρωμένον,</span> <span class='ocrx_word' id='word_1_295' title='bbox 3292 2584 3558 2652; x_wconf 85' lang='grc' dir='ltr'>ἀπειρόγα</span> <span class='ocrx_word' id='word_1_296' title='bbox 3568 2599 3656 2651; x_wconf 89' lang='grc' dir='ltr'><strong>με,</strong></span> <span class='ocrx_word' id='word_1_297' title='bbox 3673 2582 3908 2636; x_wconf 81' lang='grc' dir='ltr'>δυσωπῶ</span> <span class='ocrx_word' id='word_1_298' title='bbox 3923 2601 4009 2649; x_wconf 87' lang='grc' dir='ltr'><strong>σε,</strong></span> 
     </span>
    </p>
   </div>
   <div class='ocr_carea' id='block_1_53' title="bbox 2423 2674 3694 2746">
    <p class='ocr_par' dir='ltr' id='par_1_53' title="bbox 2423 2674 3694 2746">
     <span class='ocr_line' id='line_1_53' title="bbox 2423 2674 3694 2746; baseline 0.002 -19"><span class='ocrx_word' id='word_1_299' title='bbox 2423 2675 2689 2746; x_wconf 82' lang='grc' dir='ltr'>Παρθένε,</span> <span class='ocrx_word' id='word_1_300' title='bbox 2717 2677 2866 2728; x_wconf 77' lang='grc' dir='ltr'>ἴασαι</span> <span class='ocrx_word' id='word_1_301' title='bbox 2896 2676 2965 2726; x_wconf 79' lang='grc' dir='ltr'>τὰ</span> <span class='ocrx_word' id='word_1_302' title='bbox 2998 2675 3144 2742; x_wconf 81' lang='grc' dir='ltr'>πάθη</span> <span class='ocrx_word' id='word_1_303' title='bbox 3180 2674 3276 2742; x_wconf 81' lang='grc' dir='ltr'>τῆς</span> <span class='ocrx_word' id='word_1_304' title='bbox 3309 2675 3539 2743; x_wconf 80' lang='grc' dir='ltr'>καρδίας</span> <span class='ocrx_word' id='word_1_305' title='bbox 3570 2693 3694 2744; x_wconf 87' lang='grc' dir='ltr'>μου.</span> 
     </span>
    </p>
   </div>
   <div class='ocr_carea' id='block_1_54' title="bbox 2775 2767 3649 2835">
    <p class='ocr_par' dir='ltr' id='par_1_54' title="bbox 2775 2767 3649 2835">
     <span class='ocr_line' id='line_1_54' title="bbox 2775 2767 3649 2835; baseline 0 -15"><span class='ocrx_word' id='word_1_306' title='bbox 2775 2767 3157 2834; x_wconf 74' lang='grc' dir='ltr'>Στερεωθήτω</span> <span class='ocrx_word' id='word_1_307' title='bbox 3193 2767 3231 2832; x_wconf 78' lang='grc' dir='ltr'><strong><em>ἠ</em></strong></span> <span class='ocrx_word' id='word_1_308' title='bbox 3271 2767 3485 2834; x_wconf 73' lang='grc' dir='ltr'>καρδία</span> <span class='ocrx_word' id='word_1_309' title='bbox 3507 2785 3649 2835; x_wconf 77' lang='grc' dir='ltr'>μου.</span> 
     </span>
    </p>
   </div>
   <div class='ocr_carea' id='block_1_55' title="bbox 2497 2857 4014 2929">
    <p class='ocr_par' dir='ltr' id='par_1_55' title="bbox 2497 2857 4014 2929">
     <span class='ocr_line' id='line_1_55' title="bbox 2497 2857 4014 2929; baseline 0.002 -18"><span class='ocrx_word' id='word_1_310' title='bbox 2497 2857 2722 2928; x_wconf 83' lang='grc' dir='ltr'>Σταυρῷ</span> <span class='ocrx_word' id='word_1_311' title='bbox 2755 2858 3012 2928; x_wconf 77' lang='grc' dir='ltr'>παλάμας</span> <span class='ocrx_word' id='word_1_312' title='bbox 3046 2859 3398 2922; x_wconf 81' lang='grc' dir='ltr'>ἐξεπέτασας,</span> <span class='ocrx_word' id='word_1_313' title='bbox 3429 2857 3528 2926; x_wconf 84' lang='grc' dir='ltr'>τῆς</span> <span class='ocrx_word' id='word_1_314' title='bbox 3556 2857 3814 2929; x_wconf 80' lang='grc' dir='ltr'>ταθείσης</span> <span class='ocrx_word' id='word_1_315' title='bbox 3839 2859 4014 2914; x_wconf 75' lang='grc' dir='ltr'>πάλαι</span> 
     </span>
    </p>
   </div>
   <div class='ocr_carea' id='block_1_56' title="bbox 2427 2948 4014 3023">
    <p class='ocr_par' dir='ltr' id='par_1_56' title="bbox 2427 2948 4014 3023">
     <span class='ocr_line' id='line_1_56' title="bbox 2427 2948 4014 3023; baseline 0.003 -22"><span class='ocrx_word' id='word_1_316' title='bbox 2427 2950 2608 3019; x_wconf 68' lang='grc' dir='ltr'>χειρὸς</span> <span class='ocrx_word' id='word_1_317' title='bbox 2627 2949 2722 3002; x_wconf 82' lang='grc' dir='ltr'><strong>τοῦ</strong></span> <span class='ocrx_word' id='word_1_318' title='bbox 2740 2949 2911 3018; x_wconf 71' lang='grc' dir='ltr'>Ἀδὰμ</span> <span class='ocrx_word' id='word_1_319' title='bbox 2931 2949 3066 3018; x_wconf 75' lang='grc' dir='ltr'>πρὸς</span> <span class='ocrx_word' id='word_1_320' title='bbox 3092 2951 3152 3001; x_wconf 78' lang='grc' dir='ltr'><strong>τὸ</strong></span> <span class='ocrx_word' id='word_1_321' title='bbox 3179 2953 3275 3017; x_wconf 83' lang='grc' dir='ltr'><strong>τῆς</strong></span> <span class='ocrx_word' id='word_1_322' title='bbox 3298 2948 3551 3017; x_wconf 84' lang='grc' dir='ltr'>γνώσεως</span> <span class='ocrx_word' id='word_1_323' title='bbox 3576 2949 3743 3017; x_wconf 80' lang='grc' dir='ltr'>φυτὸν</span> <span class='ocrx_word' id='word_1_324' title='bbox 3770 2952 4014 3023; x_wconf 82' lang='grc' dir='ltr'>ἀναιρῶν</span> 
     </span>
    </p>
   </div>
   <div class='ocr_carea' id='block_1_57' title="bbox 2427 3041 4014 3111">
    <p class='ocr_par' dir='ltr' id='par_1_57' title="bbox 2427 3041 4014 3111">
     <span class='ocr_line' id='line_1_57' title="bbox 2427 3041 4014 3111; baseline 0.001 -17"><span class='ocrx_word' id='word_1_325' title='bbox 2427 3043 2486 3094; x_wconf 73' lang='grc' dir='ltr'>τὸ</span> <span class='ocrx_word' id='word_1_326' title='bbox 2531 3041 2858 3110; x_wconf 84' lang='grc' dir='ltr'>ἁμάρτημα,</span> <span class='ocrx_word' id='word_1_327' title='bbox 2893 3042 2982 3094; x_wconf 79' lang='grc' dir='ltr'><strong>διὰ</strong></span> <span class='ocrx_word' id='word_1_328' title='bbox 3029 3041 3313 3111; x_wconf 79' lang='grc' dir='ltr'>σπλάγχνα</span> <span class='ocrx_word' id='word_1_329' title='bbox 3345 3041 3670 3111; x_wconf 76' lang='grc' dir='ltr'>οἰκτιρμῶν,</span> <span class='ocrx_word' id='word_1_330' title='bbox 3707 3043 3847 3111; x_wconf 87' lang='grc' dir='ltr'>Λόγε</span> <span class='ocrx_word' id='word_1_331' title='bbox 3873 3043 4014 3099; x_wconf 88' lang='grc' dir='ltr'>Θεοῦ</span> 
     </span>
    </p>
   </div>
   <div class='ocr_carea' id='block_1_58' title="bbox 2431 3131 2769 3201">
    <p class='ocr_par' dir='ltr' id='par_1_58' title="bbox 2431 3131 2769 3201">
     <span class='ocr_line' id='line_1_58' title="bbox 2431 3131 2769 3201; baseline 0.003 -17"><span class='ocrx_word' id='word_1_332' title='bbox 2431 3131 2769 3201; x_wconf 79' lang='grc' dir='ltr'>ὑπεράγαοε.</span> 
     </span>
    </p>
   </div>
   <div class='ocr_carea' id='block_1_59' title="bbox 821 3214 2499 3299">
    <p class='ocr_par' dir='ltr' id='par_1_59' title="bbox 821 3214 2499 3294">
     <span class='ocr_line' id='line_1_59' title="bbox 821 3214 2499 3294; baseline -0.002 -13"><span class='ocrx_word' id='word_1_333' title='bbox 821 3229 1083 3282; x_wconf 80' lang='lat' dir='ltr'><strong>Conforta</strong></span> <span class='ocrx_word' id='word_1_334' title='bbox 1117 3235 1350 3278; x_wconf 79' lang='lat' dir='ltr'><strong>mentem</strong></span> <span class='ocrx_word' id='word_1_335' title='bbox 1386 3239 1559 3277; x_wconf 83' lang='lat' dir='ltr'><strong>meam</strong></span> <span class='ocrx_word' id='word_1_336' title='bbox 1593 3223 1800 3277; x_wconf 81' lang='lat' dir='ltr'><strong>invidia</strong></span> <span class='ocrx_word' id='word_1_337' title='bbox 1850 3227 2121 3294; x_wconf 85' lang='lat' dir='ltr'><strong>serpentis</strong></span> <span class='ocrx_word' id='word_1_338' title='bbox 2167 3237 2219 3281; x_wconf 86' lang='lat' dir='ltr'><strong>et</strong></span> <span class='ocrx_word' id='word_1_339' title='bbox 2249 3227 2320 3280; x_wconf 84' lang='lat' dir='ltr'><strong>li-</strong></span> <span class='ocrx_word' id='word_1_340' title='bbox 2351 3214 2394 3272; x_wconf 73' lang='grc' dir='ltr'>Ο</span> <span class='ocrx_word' id='word_1_341' title='bbox 2496 3225 2499 3273; x_wconf 76' lang='grc' dir='ltr'>ἶ</span> 
     </span>
    </p>
   </div>
   <div class='ocr_carea' id='block_1_60' title="bbox 2338 3214 4016 3299">
    <p class='ocr_par' dir='ltr' id='par_1_60' title="bbox 2351 3214 4016 3299">
     <span class='ocr_line' id='line_1_60' title="bbox 2351 3214 4016 3299; baseline 0.005 -27"><span class='ocrx_word' id='word_1_342' title='bbox 2351 3214 2394 3272; x_wconf 85' lang='lat' dir='ltr'><strong><em>C</em></strong></span> <span class='ocrx_word' id='word_1_343' title='bbox 2496 3223 2807 3293; x_wconf 80' lang='grc' dir='ltr'>Στερέωσόν</span> <span class='ocrx_word' id='word_1_344' title='bbox 2862 3240 2962 3292; x_wconf 87' lang='grc' dir='ltr'><strong>μου</strong></span> <span class='ocrx_word' id='word_1_345' title='bbox 3015 3224 3112 3292; x_wconf 73' lang='grc' dir='ltr'><strong>τὴν</strong></span> <span class='ocrx_word' id='word_1_346' title='bbox 3159 3224 3396 3278; x_wconf 85' lang='grc' dir='ltr'>διάνοιαν</span> <span class='ocrx_word' id='word_1_347' title='bbox 3429 3228 3800 3299; x_wconf 84' lang='grc' dir='ltr'>κλονουμένην</span> <span class='ocrx_word' id='word_1_348' title='bbox 3831 3229 4016 3298; x_wconf 80' lang='grc' dir='ltr'>φθόνῳ</span> 
     </span>
    </p>
   </div>
   <div class='ocr_carea' id='block_1_61' title="bbox 751 3313 2323 3382">
    <p class='ocr_par' dir='ltr' id='par_1_61' title="bbox 751 3313 2323 3382">
     <span class='ocr_line' id='line_1_61' title="bbox 751 3313 2323 3382; baseline -0.001 -13"><span class='ocrx_word' id='word_1_349' title='bbox 751 3318 997 3370; x_wconf 85' lang='lat' dir='ltr'><strong>bidinum</strong></span> <span class='ocrx_word' id='word_1_350' title='bbox 1079 3315 1316 3369; x_wconf 73' lang='lat' dir='ltr'><strong>metilius</strong></span> <span class='ocrx_word' id='word_1_351' title='bbox 1377 3313 1637 3380; x_wconf 86' lang='lat' dir='ltr'><strong>jactatam</strong></span> <span class='ocrx_word' id='word_1_352' title='bbox 1675 3351 1690 3373; x_wconf 91' lang='lat'><strong>,</strong></span> <span class='ocrx_word' id='word_1_353' title='bbox 1760 3328 1855 3380; x_wconf 89' lang='lat' dir='ltr'><strong>per</strong></span> <span class='ocrx_word' id='word_1_354' title='bbox 1917 3323 2063 3367; x_wconf 88' lang='lat' dir='ltr'><strong>tuam</strong></span> <span class='ocrx_word' id='word_1_355' title='bbox 2112 3315 2323 3382; x_wconf 88' lang='lat' dir='ltr'><strong>passio-</strong></span> 
     </span>
    </p>
   </div>
   <div class='ocr_carea' id='block_1_62' title="bbox 753 3405 2320 3475">
    <p class='ocr_par' dir='ltr' id='par_1_62' title="bbox 753 3405 2320 3475">
     <span class='ocr_line' id='line_1_62' title="bbox 753 3405 2320 3475; baseline -0.001 -16"><span class='ocrx_word' id='word_1_356' title='bbox 753 3423 899 3466; x_wconf 88' lang='lat' dir='ltr'><strong>nem.</strong></span> <span class='ocrx_word' id='word_1_357' title='bbox 923 3414 1134 3459; x_wconf 86' lang='lat' dir='ltr'><strong>amator</strong></span> <span class='ocrx_word' id='word_1_358' title='bbox 1157 3407 1468 3469; x_wconf 84' lang='lat' dir='ltr'><strong>hominum,</strong></span> <span class='ocrx_word' id='word_1_359' title='bbox 1513 3405 1604 3472; x_wconf 85' lang='lat' dir='ltr'><strong>qui</strong></span> <span class='ocrx_word' id='word_1_360' title='bbox 1645 3419 1841 3474; x_wconf 88' lang='lat' dir='ltr'><strong>passus</strong></span> <span class='ocrx_word' id='word_1_361' title='bbox 1868 3420 1949 3471; x_wconf 88' lang='lat' dir='ltr'><strong>es,</strong></span> <span class='ocrx_word' id='word_1_362' title='bbox 2001 3413 2054 3458; x_wconf 88' lang='lat' dir='ltr'><strong>ct</strong></span> <span class='ocrx_word' id='word_1_363' title='bbox 2083 3406 2320 3475; x_wconf 86' lang='lat' dir='ltr'><strong>quietem</strong></span> 
     </span>
    </p>
   </div>
   <div class='ocr_carea' id='block_1_63' title="bbox 755 3496 1352 3552">
    <p class='ocr_par' dir='ltr' id='par_1_63' title="bbox 755 3496 1352 3552">
     <span class='ocr_line' id='line_1_63' title="bbox 755 3496 1352 3552; baseline 0 -2"><span class='ocrx_word' id='word_1_364' title='bbox 755 3496 1003 3552; x_wconf 79' lang='lat' dir='ltr'><strong>ﬁdellhus</strong></span> <span class='ocrx_word' id='word_1_365' title='bbox 1026 3499 1352 3550; x_wconf 81' lang='lat' dir='ltr'><strong>concedens:</strong></span> 
     </span>
    </p>
   </div>
   <div class='ocr_carea' id='block_1_64' title="bbox 820 3587 2327 3660">
    <p class='ocr_par' dir='ltr' id='par_1_64' title="bbox 820 3587 2327 3660">
     <span class='ocr_line' id='line_1_64' title="bbox 820 3587 2327 3660; baseline 0.003 -21"><span class='ocrx_word' id='word_1_366' title='bbox 820 3587 1020 3656; x_wconf 79' lang='lat' dir='ltr'><strong>Jejunii</strong></span> <span class='ocrx_word' id='word_1_367' title='bbox 1059 3589 1232 3657; x_wconf 75' lang='lat' dir='ltr'><strong>gratia</strong></span> <span class='ocrx_word' id='word_1_368' title='bbox 1276 3591 1642 3660; x_wconf 82' lang='lat' dir='ltr'><strong>t&#39;csplenduit,</strong></span> <span class='ocrx_word' id='word_1_369' title='bbox 1696 3588 2132 3658; x_wconf 60' lang='lat' dir='ltr'><strong>intemperantia</strong></span> <span class='ocrx_word' id='word_1_370' title='bbox 2171 3597 2327 3643; x_wconf 84' lang='lat' dir='ltr'><strong>tene-</strong></span> 
     </span>
    </p>
   </div>
   <div class='ocr_carea' id='block_1_65' title="bbox 754 3682 2324 3751">
    <p class='ocr_par' dir='ltr' id='par_1_65' title="bbox 754 3682 2324 3751">
     <span class='ocr_line' id='line_1_65' title="bbox 754 3682 2324 3751; baseline 0.001 -17"><span class='ocrx_word' id='word_1_371' title='bbox 754 3683 885 3734; x_wconf 86' lang='lat' dir='ltr'><strong>hras</strong></span> <span class='ocrx_word' id='word_1_372' title='bbox 916 3682 1194 3750; x_wconf 78' lang='lat' dir='ltr'><strong>expellens</strong></span> <span class='ocrx_word' id='word_1_373' title='bbox 1229 3699 1241 3735; x_wconf 95' lang='lat'><strong>:</strong></span> <span class='ocrx_word' id='word_1_374' title='bbox 1277 3699 1406 3736; x_wconf 81' lang='lat' dir='ltr'><strong>ecce</strong></span> <span class='ocrx_word' id='word_1_375' title='bbox 1443 3683 1724 3751; x_wconf 82' lang='lat' dir='ltr'><strong>jucundus</strong></span> <span class='ocrx_word' id='word_1_376' title='bbox 1783 3691 1836 3736; x_wconf 87' lang='lat' dir='ltr'><strong>et</strong></span> <span class='ocrx_word' id='word_1_377' title='bbox 1867 3683 2125 3736; x_wconf 87' lang='lat' dir='ltr'><strong>salutaris</strong></span> <span class='ocrx_word' id='word_1_378' title='bbox 2159 3682 2278 3737; x_wconf 85' lang='lat' dir='ltr'><strong>dies</strong></span> <span class='ocrx_word' id='word_1_379' title='bbox 2308 3699 2324 3747; x_wconf 90' lang='lat'><strong>;</strong></span> 
     </span>
    </p>
   </div>
   <div class='ocr_carea' id='block_1_66' title="bbox 757 3773 2110 3843">
    <p class='ocr_par' dir='ltr' id='par_1_66' title="bbox 757 3773 2110 3843">
     <span class='ocr_line' id='line_1_66' title="bbox 757 3773 2110 3843; baseline 0 -17"><span class='ocrx_word' id='word_1_380' title='bbox 757 3773 1091 3843; x_wconf 72' lang='lat' dir='ltr'><strong>pmnitentite</strong></span> <span class='ocrx_word' id='word_1_381' title='bbox 1130 3773 1482 3828; x_wconf 88' lang='lat' dir='ltr'><strong>ostendamus</strong></span> <span class='ocrx_word' id='word_1_382' title='bbox 1513 3776 1746 3838; x_wconf 78' lang='lat' dir='ltr'><strong>fructus,</strong></span> <span class='ocrx_word' id='word_1_383' title='bbox 1773 3783 1827 3828; x_wconf 88' lang='lat' dir='ltr'><strong>et</strong></span> <span class='ocrx_word' id='word_1_384' title='bbox 1847 3776 2110 3828; x_wconf 75' lang='lat' dir='ltr'><strong>vivemus.</strong></span> 
     </span>
    </p>
   </div>
   <div class='ocr_carea' id='block_1_67' title="bbox 825 3863 2328 3933">
    <p class='ocr_par' dir='ltr' id='par_1_67' title="bbox 825 3863 2328 3933">
     <span class='ocr_line' id='line_1_67' title="bbox 825 3863 2328 3933; baseline 0.002 -18"><span class='ocrx_word' id='word_1_385' title='bbox 825 3864 958 3929; x_wconf 64' lang='lat' dir='ltr'><strong>Quae</strong></span> <span class='ocrx_word' id='word_1_386' title='bbox 979 3863 1240 3919; x_wconf 86' lang='lat' dir='ltr'><strong>cadentes</strong></span> <span class='ocrx_word' id='word_1_387' title='bbox 1297 3865 1486 3932; x_wconf 77' lang='lat' dir='ltr'><strong>erigis,</strong></span> <span class='ocrx_word' id='word_1_388' title='bbox 1538 3880 1624 3919; x_wconf 90' lang='lat' dir='ltr'><strong>me</strong></span> <span class='ocrx_word' id='word_1_389' title='bbox 1668 3866 2006 3932; x_wconf 89' lang='lat' dir='ltr'><strong>voluptatum</strong></span> <span class='ocrx_word' id='word_1_390' title='bbox 2045 3865 2098 3917; x_wconf 92' lang='lat' dir='ltr'><strong>in</strong></span> <span class='ocrx_word' id='word_1_391' title='bbox 2132 3865 2328 3933; x_wconf 60' lang='lat' dir='ltr'><strong>praeci-</strong></span> 
     </span>
    </p>
   </div>
   <div class='ocr_carea' id='block_1_68' title="bbox 755 3954 2328 4026">
    <p class='ocr_par' dir='ltr' id='par_1_68' title="bbox 755 3954 2328 4026">
     <span class='ocr_line' id='line_1_68' title="bbox 755 3954 2328 4026; baseline 0.003 -22"><span class='ocrx_word' id='word_1_392' title='bbox 755 3955 888 4022; x_wconf 74' lang='lat' dir='ltr'><strong>pitia</strong></span> <span class='ocrx_word' id='word_1_393' title='bbox 945 3954 1251 4017; x_wconf 87' lang='lat' dir='ltr'><strong>labentem,</strong></span> <span class='ocrx_word' id='word_1_394' title='bbox 1311 3961 1365 4008; x_wconf 82' lang='lat' dir='ltr'><strong>et</strong></span> <span class='ocrx_word' id='word_1_395' title='bbox 1425 3955 1478 4007; x_wconf 91' lang='lat' dir='ltr'><strong>in</strong></span> <span class='ocrx_word' id='word_1_396' title='bbox 1543 3954 1844 4024; x_wconf 81' lang='lat' dir='ltr'><strong>profundos</strong></span> <span class='ocrx_word' id='word_1_397' title='bbox 1897 3954 2100 4024; x_wconf 83' lang='lat' dir='ltr'><strong>peccati</strong></span> <span class='ocrx_word' id='word_1_398' title='bbox 2167 3957 2328 4026; x_wconf 83' lang='lat' dir='ltr'><strong>ahys-</strong></span> 
     </span>
    </p>
   </div>
   <div class='ocr_carea' id='block_1_69' title="bbox 758 4044 2327 4113">
    <p class='ocr_par' dir='ltr' id='par_1_69' title="bbox 758 4044 2327 4113">
     <span class='ocr_line' id='line_1_69' title="bbox 758 4044 2327 4113; baseline -0.001 -13"><span class='ocrx_word' id='word_1_399' title='bbox 758 4061 850 4100; x_wconf 88' lang='lat' dir='ltr'><strong>sos</strong></span> <span class='ocrx_word' id='word_1_400' title='bbox 909 4045 1224 4100; x_wconf 79' lang='lat' dir='ltr'><strong>immersum</strong></span> <span class='ocrx_word' id='word_1_401' title='bbox 1293 4046 1605 4113; x_wconf 89' lang='lat' dir='ltr'><strong>resuscita,</strong></span> <span class='ocrx_word' id='word_1_402' title='bbox 1665 4060 1852 4112; x_wconf 85' lang='lat' dir='ltr'><strong>casta,</strong></span> <span class='ocrx_word' id='word_1_403' title='bbox 1898 4052 1954 4100; x_wconf 88' lang='lat' dir='ltr'><strong>et</strong></span> <span class='ocrx_word' id='word_1_404' title='bbox 2026 4044 2091 4098; x_wconf 91' lang='lat' dir='ltr'><strong>ad</strong></span> <span class='ocrx_word' id='word_1_405' title='bbox 2159 4046 2327 4100; x_wconf 83' lang='lat' dir='ltr'><strong>vitam</strong></span> 
     </span>
    </p>
   </div>
   <div class='ocr_carea' id='block_1_70' title="bbox 760 4139 1365 4192">
    <p class='ocr_par' dir='ltr' id='par_1_70' title="bbox 760 4139 1365 4192">
     <span class='ocr_line' id='line_1_70' title="bbox 760 4139 1365 4192; baseline 0.002 -1"><span class='ocrx_word' id='word_1_406' title='bbox 760 4139 948 4192; x_wconf 88' lang='lat' dir='ltr'><strong>induc.</strong></span> <span class='ocrx_word' id='word_1_407' title='bbox 1361 4144 1365 4148; x_wconf 79' lang='grc'><strong>’</strong></span> 
     </span>
    </p>
   </div>
   <div class='ocr_carea' id='block_1_71' title="bbox 1043 4247 2044 4318">
    <p class='ocr_par' dir='ltr' id='par_1_71' title="bbox 1043 4247 2044 4318">
     <span class='ocr_line' id='line_1_71' title="bbox 1043 4247 2044 4318; baseline 0 -16"><span class='ocrx_word' id='word_1_408' title='bbox 1043 4247 1177 4302; x_wconf 79' lang='lat' dir='ltr'><strong>Eum</strong></span> <span class='ocrx_word' id='word_1_409' title='bbox 1205 4257 1448 4302; x_wconf 78' lang='lat' dir='ltr'><strong>cauenles</strong></span> <span class='ocrx_word' id='word_1_410' title='bbox 1479 4249 1698 4318; x_wconf 78' lang='lat' dir='ltr'><strong>hymnos</strong></span> <span class='ocrx_word' id='word_1_411' title='bbox 1731 4251 1785 4302; x_wconf 78' lang='lat' dir='ltr'><strong>in</strong></span> <span class='ocrx_word' id='word_1_412' title='bbox 1815 4249 2044 4302; x_wconf 82' lang='lat' dir='ltr'><strong>camino.</strong></span> 
     </span>
    </p>
   </div>
   <div class='ocr_carea' id='block_1_72' title="bbox 825 4359 2328 4430">
    <p class='ocr_par' dir='ltr' id='par_1_72' title="bbox 825 4359 2328 4430">
     <span class='ocr_line' id='line_1_72' title="bbox 825 4359 2328 4430; baseline -0.001 -18"><span class='ocrx_word' id='word_1_413' title='bbox 825 4360 1086 4428; x_wconf 85' lang='lat' dir='ltr'><strong>Quicum</strong></span> <span class='ocrx_word' id='word_1_414' title='bbox 1131 4361 1310 4428; x_wconf 83' lang='lat' dir='ltr'><strong>impiis</strong></span> <span class='ocrx_word' id='word_1_415' title='bbox 1369 4361 1610 4430; x_wconf 84' lang='lat' dir='ltr'><strong>reputari</strong></span> <span class='ocrx_word' id='word_1_416' title='bbox 1655 4368 1874 4429; x_wconf 87' lang='lat' dir='ltr'><strong>propter</strong></span> <span class='ocrx_word' id='word_1_417' title='bbox 1921 4359 2328 4413; x_wconf 89' lang='lat' dir='ltr'><strong>multitudinem</strong></span> 
     </span>
    </p>
   </div>
   <div class='ocr_carea' id='block_1_73' title="bbox 759 4449 2331 4522">
    <p class='ocr_par' dir='ltr' id='par_1_73' title="bbox 759 4449 2331 4522">
     <span class='ocr_line' id='line_1_73' title="bbox 759 4449 2331 4522; baseline -0.004 -14"><span class='ocrx_word' id='word_1_418' title='bbox 759 4451 1421 4522; x_wconf 72' lang='lat' dir='ltr'><strong>misericordiredignatus</strong></span> <span class='ocrx_word' id='word_1_419' title='bbox 1451 4468 1532 4514; x_wconf 90' lang='lat' dir='ltr'><strong>cs,</strong></span> <span class='ocrx_word' id='word_1_420' title='bbox 1578 4467 1693 4504; x_wconf 90' lang='lat' dir='ltr'><strong>mea</strong></span> <span class='ocrx_word' id='word_1_421' title='bbox 1729 4461 1946 4520; x_wconf 88' lang='lat' dir='ltr'><strong>peccata</strong></span> <span class='ocrx_word' id='word_1_422' title='bbox 1985 4450 2105 4504; x_wconf 85' lang='lat' dir='ltr'><strong>dele</strong></span> <span class='ocrx_word' id='word_1_423' title='bbox 2130 4451 2184 4504; x_wconf 92' lang='lat' dir='ltr'><strong>in</strong></span> <span class='ocrx_word' id='word_1_424' title='bbox 2226 4449 2331 4503; x_wconf 92' lang='lat' dir='ltr'><strong>lide</strong></span> 
     </span>
    </p>
   </div>
   <div class='ocr_carea' id='block_1_74' title="bbox 761 4543 1954 4614">
    <p class='ocr_par' dir='ltr' id='par_1_74' title="bbox 761 4543 1954 4614">
     <span class='ocr_line' id='line_1_74' title="bbox 761 4543 1954 4614; baseline -0.001 -13"><span class='ocrx_word' id='word_1_425' title='bbox 761 4554 819 4601; x_wconf 91' lang='lat' dir='ltr'><strong>ut</strong></span> <span class='ocrx_word' id='word_1_426' title='bbox 873 4553 926 4600; x_wconf 88' lang='lat' dir='ltr'><strong>te</strong></span> <span class='ocrx_word' id='word_1_427' title='bbox 974 4544 1293 4614; x_wconf 79' lang='lat' dir='ltr'><strong>gloriﬁcent,</strong></span> <span class='ocrx_word' id='word_1_428' title='bbox 1329 4544 1562 4606; x_wconf 81' lang='lat' dir='ltr'><strong>Christe,</strong></span> <span class='ocrx_word' id='word_1_429' title='bbox 1602 4558 1694 4610; x_wconf 80' lang='lat' dir='ltr'><strong>per</strong></span> <span class='ocrx_word' id='word_1_430' title='bbox 1730 4543 1954 4600; x_wconf 75' lang='lat' dir='ltr'><strong>szecula.</strong></span> 
     </span>
    </p>
   </div>
   <div class='ocr_carea' id='block_1_75' title="bbox 827 4657 2321 4724">
    <p class='ocr_par' dir='ltr' id='par_1_75' title="bbox 827 4657 2321 4724">
     <span class='ocr_line' id='line_1_75' title="bbox 827 4657 2321 4724; baseline -0.001 -13"><span class='ocrx_word' id='word_1_431' title='bbox 827 4657 1183 4712; x_wconf 86' lang='lat' dir='ltr'><strong>Peccatorum</strong></span> <span class='ocrx_word' id='word_1_432' title='bbox 1224 4672 1466 4709; x_wconf 79' lang='lat' dir='ltr'><strong>mem-um</strong></span> <span class='ocrx_word' id='word_1_433' title='bbox 1528 4657 1949 4724; x_wconf 71' lang='lat' dir='ltr'><strong>chirographum</strong></span> <span class='ocrx_word' id='word_1_434' title='bbox 2006 4657 2193 4713; x_wconf 85' lang='lat' dir='ltr'><strong>lancea</strong></span> <span class='ocrx_word' id='word_1_435' title='bbox 2230 4666 2321 4712; x_wconf 89' lang='lat' dir='ltr'><strong>tua</strong></span> 
     </span>
    </p>
   </div>
   <div class='ocr_carea' id='block_1_76' title="bbox 761 4743 2324 4815">
    <p class='ocr_par' dir='ltr' id='par_1_76' title="bbox 761 4743 2324 4815">
     <span class='ocr_line' id='line_1_76' title="bbox 761 4743 2324 4815; baseline -0.003 -13"><span class='ocrx_word' id='word_1_436' title='bbox 761 4750 962 4810; x_wconf 80' lang='lat' dir='ltr'><strong>lacera,</strong></span> <span class='ocrx_word' id='word_1_437' title='bbox 999 4755 1054 4798; x_wconf 93' lang='lat' dir='ltr'><strong>et</strong></span> <span class='ocrx_word' id='word_1_438' title='bbox 1080 4746 1262 4798; x_wconf 84' lang='lat' dir='ltr'><strong>cordis</strong></span> <span class='ocrx_word' id='word_1_439' title='bbox 1297 4745 1401 4797; x_wconf 84' lang='lat' dir='ltr'><strong>mei</strong></span> <span class='ocrx_word' id='word_1_440' title='bbox 1439 4743 1658 4799; x_wconf 82' lang='lat' dir='ltr'><strong>dolores</strong></span> <span class='ocrx_word' id='word_1_441' title='bbox 1703 4759 1857 4808; x_wconf 89' lang='lat' dir='ltr'><strong>sana,</strong></span> <span class='ocrx_word' id='word_1_442' title='bbox 1907 4744 2152 4809; x_wconf 87' lang='lat' dir='ltr'><strong>Domine,</strong></span> <span class='ocrx_word' id='word_1_443' title='bbox 2205 4761 2324 4815; x_wconf 86' lang='lat' dir='ltr'><strong>per-</strong></span> 
     </span>
    </p>
   </div>
   <div class='ocr_carea' id='block_1_77' title="bbox 762 4831 1993 4898">
    <p class='ocr_par' dir='ltr' id='par_1_77' title="bbox 762 4831 1993 4898">
     <span class='ocr_line' id='line_1_77' title="bbox 762 4831 1993 4898; baseline -0.006 -9"><span class='ocrx_word' id='word_1_444' title='bbox 762 4849 924 4889; x_wconf 82' lang='lat' dir='ltr'><strong>cussa</strong></span> <span class='ocrx_word' id='word_1_445' title='bbox 956 4833 1063 4887; x_wconf 86' lang='lat' dir='ltr'><strong>telo</strong></span> <span class='ocrx_word' id='word_1_446' title='bbox 1095 4831 1296 4885; x_wconf 87' lang='lat' dir='ltr'><strong>malitia</strong></span> <span class='ocrx_word' id='word_1_447' title='bbox 1334 4846 1623 4898; x_wconf 85' lang='lat' dir='ltr'><strong>pravorum</strong></span> <span class='ocrx_word' id='word_1_448' title='bbox 1665 4831 1993 4884; x_wconf 68' lang='lat' dir='ltr'><strong>daamomtm.</strong></span> 
     </span>
    </p>
   </div>
   <div class='ocr_carea' id='block_1_78' title="bbox 835 5030 2333 5102">
    <p class='ocr_par' dir='ltr' id='par_1_78' title="bbox 835 5030 2333 5102">
     <span class='ocr_line' id='line_1_78' title="bbox 835 5030 2333 5102; baseline -0.002 -17"><span class='ocrx_word' id='word_1_449' title='bbox 835 5030 1185 5098; x_wconf 76' lang='lat' dir='ltr'><strong>Denigratum</strong></span> <span class='ocrx_word' id='word_1_450' title='bbox 1243 5042 1340 5083; x_wconf 93' lang='lat' dir='ltr'><strong>cor</strong></span> <span class='ocrx_word' id='word_1_451' title='bbox 1402 5037 1607 5096; x_wconf 70' lang='lat' dir='ltr'><strong>peccati</strong></span> <span class='ocrx_word' id='word_1_452' title='bbox 1661 5043 1881 5102; x_wconf 81' lang='lat' dir='ltr'><strong>cruore,</strong></span> <span class='ocrx_word' id='word_1_453' title='bbox 1944 5030 2060 5081; x_wconf 89' lang='lat' dir='ltr'><strong>lava</strong></span> <span class='ocrx_word' id='word_1_454' title='bbox 2105 5031 2159 5082; x_wconf 89' lang='lat' dir='ltr'><strong>in</strong></span> <span class='ocrx_word' id='word_1_455' title='bbox 2206 5045 2333 5083; x_wconf 79' lang='lat' dir='ltr'><strong>san-</strong></span> 
     </span>
    </p>
   </div>
   <div class='ocr_carea' id='block_1_79' title="bbox 764 5121 2333 5192">
    <p class='ocr_par' dir='ltr' id='par_1_79' title="bbox 764 5121 2333 5192">
     <span class='ocr_line' id='line_1_79' title="bbox 764 5121 2333 5192; baseline -0.001 -15"><span class='ocrx_word' id='word_1_456' title='bbox 764 5124 926 5192; x_wconf 78' lang='lat' dir='ltr'><strong>guine</strong></span> <span class='ocrx_word' id='word_1_457' title='bbox 957 5122 1048 5192; x_wconf 91' lang='lat' dir='ltr'><strong>qui</strong></span> <span class='ocrx_word' id='word_1_458' title='bbox 1083 5121 1200 5174; x_wconf 84' lang='lat' dir='ltr'><strong>ﬂuit</strong></span> <span class='ocrx_word' id='word_1_459' title='bbox 1231 5136 1293 5174; x_wconf 78' lang='lat' dir='ltr'><strong>ex</strong></span> <span class='ocrx_word' id='word_1_460' title='bbox 1330 5121 1519 5186; x_wconf 87' lang='lat' dir='ltr'><strong>latere,</strong></span> <span class='ocrx_word' id='word_1_461' title='bbox 1559 5122 1776 5175; x_wconf 80' lang='lat' dir='ltr'><strong>Christe</strong></span> <span class='ocrx_word' id='word_1_462' title='bbox 1809 5121 1902 5186; x_wconf 85' lang='lat' dir='ltr'><strong>tui,</strong></span> <span class='ocrx_word' id='word_1_463' title='bbox 1935 5131 1990 5174; x_wconf 90' lang='lat' dir='ltr'><strong>ut</strong></span> <span class='ocrx_word' id='word_1_464' title='bbox 2019 5130 2070 5175; x_wconf 90' lang='lat' dir='ltr'><strong>te</strong></span> <span class='ocrx_word' id='word_1_465' title='bbox 2122 5122 2333 5192; x_wconf 70' lang='lat' dir='ltr'><strong>glorifi-</strong></span> 
     </span>
    </p>
   </div>
   <div class='ocr_carea' id='block_1_80' title="bbox 764 5213 1472 5283">
    <p class='ocr_par' dir='ltr' id='par_1_80' title="bbox 764 5213 1472 5283">
     <span class='ocr_line' id='line_1_80' title="bbox 764 5213 1472 5283; baseline -0.001 -15"><span class='ocrx_word' id='word_1_466' title='bbox 764 5230 880 5269; x_wconf 82' lang='lat' dir='ltr'><strong>cent</strong></span> <span class='ocrx_word' id='word_1_467' title='bbox 921 5230 1014 5283; x_wconf 89' lang='lat' dir='ltr'><strong>per</strong></span> <span class='ocrx_word' id='word_1_468' title='bbox 1041 5213 1221 5268; x_wconf 90' lang='lat' dir='ltr'><strong>omnia</strong></span> <span class='ocrx_word' id='word_1_469' title='bbox 1255 5214 1472 5267; x_wconf 70' lang='lat' dir='ltr'><strong>smcula.</strong></span> 
     </span>
    </p>
   </div>
   <div class='ocr_carea' id='block_1_81' title="bbox 836 5383 2333 5457">
    <p class='ocr_par' dir='ltr' id='par_1_81' title="bbox 836 5383 2333 5457">
     <span class='ocr_line' id='line_1_81' title="bbox 836 5383 2333 5457; baseline 0.002 -21"><span class='ocrx_word' id='word_1_470' title='bbox 836 5383 968 5448; x_wconf 63' lang='lat' dir='ltr'><strong>Qua:</strong></span> <span class='ocrx_word' id='word_1_471' title='bbox 999 5386 1117 5438; x_wconf 90' lang='lat' dir='ltr'><strong>sine</strong></span> <span class='ocrx_word' id='word_1_472' title='bbox 1163 5385 1378 5437; x_wconf 82' lang='lat' dir='ltr'><strong>cultura</strong></span> <span class='ocrx_word' id='word_1_473' title='bbox 1430 5386 1742 5454; x_wconf 80' lang='lat' dir='ltr'><strong>germiuasti</strong></span> <span class='ocrx_word' id='word_1_474' title='bbox 1792 5387 2068 5442; x_wconf 73' lang='lat' dir='ltr'><strong>ctelestem</strong></span> <span class='ocrx_word' id='word_1_475' title='bbox 2104 5389 2333 5457; x_wconf 88' lang='lat' dir='ltr'><strong>spicam,</strong></span> 
     </span>
    </p>
   </div>
   <div class='ocr_carea' id='block_1_82' title="bbox 774 5472 2330 5544">
    <p class='ocr_par' dir='ltr' id='par_1_82' title="bbox 774 5472 2330 5544">
     <span class='ocr_line' id='line_1_82' title="bbox 774 5472 2330 5544; baseline 0.003 -18"><span class='ocrx_word' id='word_1_476' title='bbox 774 5472 961 5544; x_wconf 66' lang='lat' dir='ltr'><strong>Virgo,</strong></span> <span class='ocrx_word' id='word_1_477' title='bbox 991 5474 1151 5543; x_wconf 89' lang='lat' dir='ltr'><strong>imple</strong></span> <span class='ocrx_word' id='word_1_478' title='bbox 1180 5476 1514 5530; x_wconf 86' lang='lat' dir='ltr'><strong>esurientem</strong></span> <span class='ocrx_word' id='word_1_479' title='bbox 1563 5478 1820 5532; x_wconf 89' lang='lat' dir='ltr'><strong>humilem</strong></span> <span class='ocrx_word' id='word_1_480' title='bbox 1861 5479 2098 5531; x_wconf 89' lang='lat' dir='ltr'><strong>animam</strong></span> <span class='ocrx_word' id='word_1_481' title='bbox 2135 5493 2330 5533; x_wconf 89' lang='lat' dir='ltr'><strong>meatu.</strong></span> 
     </span>
    </p>
   </div>
   <div class='ocr_carea' id='block_1_83' title="bbox 1109 5665 2021 5738">
    <p class='ocr_par' dir='ltr' id='par_1_83' title="bbox 1109 5665 2021 5738">
     <span class='ocr_line' id='line_1_83' title="bbox 1109 5665 2021 5738; baseline 0.005 -20"><span class='ocrx_word' id='word_1_482' title='bbox 1109 5665 1467 5736; x_wconf 77' lang='lat' dir='ltr'><strong>Viviﬁcanlem</strong></span> <span class='ocrx_word' id='word_1_483' title='bbox 1494 5669 1691 5738; x_wconf 78' lang='lat' dir='ltr'><strong>fontem</strong></span> <span class='ocrx_word' id='word_1_484' title='bbox 1724 5685 2021 5737; x_wconf 80' lang='lat' dir='ltr'><strong>perennem.</strong></span> 
     </span>
    </p>
   </div>
   <div class='ocr_carea' id='block_1_84' title="bbox 839 5755 2325 5828">
    <p class='ocr_par' dir='ltr' id='par_1_84' title="bbox 839 5755 2325 5828">
     <span class='ocr_line' id='line_1_84' title="bbox 839 5755 2325 5828; baseline 0.003 -17"><span class='ocrx_word' id='word_1_485' title='bbox 839 5755 1134 5828; x_wconf 79' lang='lat' dir='ltr'><strong>Postquam</strong></span> <span class='ocrx_word' id='word_1_486' title='bbox 1171 5757 1495 5826; x_wconf 79' lang='lat' dir='ltr'><strong>jejunasset,</strong></span> <span class='ocrx_word' id='word_1_487' title='bbox 1551 5760 1776 5816; x_wconf 67' lang='lat' dir='ltr'><strong>Eliseeus</strong></span> <span class='ocrx_word' id='word_1_488' title='bbox 1830 5761 2120 5818; x_wconf 80' lang='lat' dir='ltr'><strong>suscitavit</strong></span> <span class='ocrx_word' id='word_1_489' title='bbox 2176 5777 2325 5816; x_wconf 79' lang='lat' dir='ltr'><strong>mor-</strong></span> 
     </span>
    </p>
   </div>
   <div class='ocr_carea' id='block_1_85' title="bbox 2425 3315 4020 3388">
    <p class='ocr_par' dir='ltr' id='par_1_85' title="bbox 2425 3315 4020 3388">
     <span class='ocr_line' id='line_1_85' title="bbox 2425 3315 4020 3388; baseline 0.001 -20"><span class='ocrx_word' id='word_1_490' title='bbox 2425 3315 2519 3368; x_wconf 86' lang='grc' dir='ltr'><strong>τοῦ</strong></span> <span class='ocrx_word' id='word_1_491' title='bbox 2539 3316 2713 3383; x_wconf 70' lang='grc' dir='ltr'>ὄφεως</span> <span class='ocrx_word' id='word_1_492' title='bbox 2733 3331 2747 3344; x_wconf 74' lang='grc' dir='ltr'><strong>ο</strong></span> <span class='ocrx_word' id='word_1_493' title='bbox 2773 3317 2891 3377; x_wconf 84' lang='grc' dir='ltr'>ταῖς</span> <span class='ocrx_word' id='word_1_494' title='bbox 2918 3315 3025 3366; x_wconf 86' lang='grc' dir='ltr'><strong>τῶν</strong></span> <span class='ocrx_word' id='word_1_495' title='bbox 3055 3315 3242 3368; x_wconf 70' lang='grc' dir='ltr'>παθῶν</span> <span class='ocrx_word' id='word_1_496' title='bbox 3274 3319 3612 3384; x_wconf 80' lang='grc' dir='ltr'>ἐπαγωγαῖς,</span> <span class='ocrx_word' id='word_1_497' title='bbox 3629 3317 3706 3388; x_wconf 82' lang='grc' dir='ltr'>τῷ</span> <span class='ocrx_word' id='word_1_498' title='bbox 3726 3318 3804 3388; x_wconf 87' lang='grc' dir='ltr'>σῷ</span> <span class='ocrx_word' id='word_1_499' title='bbox 3827 3319 4020 3385; x_wconf 80' lang='grc' dir='ltr'>πάθει,</span> 
     </span>
    </p>
   </div>
   <div class='ocr_carea' id='block_1_86' title="bbox 2427 3405 4019 3482">
    <p class='ocr_par' dir='ltr' id='par_1_86' title="bbox 2427 3405 4019 3482">
     <span class='ocr_line' id='line_1_86' title="bbox 2427 3405 4019 3482; baseline 0.003 -23"><span class='ocrx_word' id='word_1_500' title='bbox 2427 3407 2798 3477; x_wconf 78' lang='grc' dir='ltr'>φιλάνθρωπε.</span> <span class='ocrx_word' id='word_1_501' title='bbox 2835 3409 2862 3459; x_wconf 92' lang='grc' dir='ltr'>ὁ</span> <span class='ocrx_word' id='word_1_502' title='bbox 2895 3405 3082 3459; x_wconf 79' lang='grc' dir='ltr'>παθὼν</span> <span class='ocrx_word' id='word_1_503' title='bbox 3106 3409 3200 3460; x_wconf 75' lang='grc' dir='ltr'>καὶ</span> <span class='ocrx_word' id='word_1_504' title='bbox 3231 3409 3330 3478; x_wconf 78' lang='grc' dir='ltr'>τὴν</span> <span class='ocrx_word' id='word_1_505' title='bbox 3366 3409 3636 3462; x_wconf 87' lang='grc' dir='ltr'>ἀπάθειαν</span> <span class='ocrx_word' id='word_1_506' title='bbox 3661 3412 3886 3474; x_wconf 80' lang='grc' dir='ltr'>,πιστοῖς</span> <span class='ocrx_word' id='word_1_507' title='bbox 3912 3427 4019 3482; x_wconf 81' lang='grc' dir='ltr'><strong>χα-</strong></span> 
     </span>
    </p>
   </div>
   <div class='ocr_carea' id='block_1_87' title="bbox 2431 3499 2739 3568">
    <p class='ocr_par' dir='ltr' id='par_1_87' title="bbox 2431 3499 2739 3568">
     <span class='ocr_line' id='line_1_87' title="bbox 2431 3499 2739 3568; baseline 0.003 -18"><span class='ocrx_word' id='word_1_508' title='bbox 2431 3499 2739 3568; x_wconf 84' lang='grc' dir='ltr'>ρισάμενος.</span> 
     </span>
    </p>
   </div>
   <div class='ocr_carea' id='block_1_88' title="bbox 2509 3589 4021 3663">
    <p class='ocr_par' dir='ltr' id='par_1_88' title="bbox 2509 3589 4021 3663">
     <span class='ocr_line' id='line_1_88' title="bbox 2509 3589 4021 3663; baseline 0.005 -21"><span class='ocrx_word' id='word_1_509' title='bbox 2509 3590 2572 3642; x_wconf 86' lang='grc' dir='ltr'><strong>Ἦ</strong></span> <span class='ocrx_word' id='word_1_510' title='bbox 2600 3591 2698 3658; x_wconf 82' lang='grc' dir='ltr'>τῆς</span> <span class='ocrx_word' id='word_1_511' title='bbox 2733 3589 2984 3661; x_wconf 85' lang='grc' dir='ltr'>νηστείας</span> <span class='ocrx_word' id='word_1_512' title='bbox 3010 3590 3168 3659; x_wconf 81' lang='grc' dir='ltr'>χάρις</span> <span class='ocrx_word' id='word_1_513' title='bbox 3196 3589 3437 3660; x_wconf 76' lang='grc' dir='ltr'>ἔλαμψεν</span> <span class='ocrx_word' id='word_1_514' title='bbox 3460 3633 3475 3654; x_wconf 85' lang='grc'><strong>,</strong></span> <span class='ocrx_word' id='word_1_515' title='bbox 3505 3593 3782 3663; x_wconf 81' lang='grc' dir='ltr'>ἀκρασίας</span> <span class='ocrx_word' id='word_1_516' title='bbox 3822 3596 4021 3660; x_wconf 58' lang='grc' dir='ltr'>σκότκ</span> 
     </span>
    </p>
   </div>
   <div class='ocr_carea' id='block_1_89' title="bbox 2425 3679 4018 3757">
    <p class='ocr_par' dir='ltr' id='par_1_89' title="bbox 2425 3679 4018 3757">
     <span class='ocr_line' id='line_1_89' title="bbox 2425 3679 4018 3757; baseline 0.004 -23"><span class='ocrx_word' id='word_1_517' title='bbox 2425 3679 2726 3734; x_wconf 83' lang='grc' dir='ltr'>διώκουσα·</span> <span class='ocrx_word' id='word_1_518' title='bbox 2768 3681 2877 3734; x_wconf 80' lang='grc' dir='ltr'>ίδοὺ</span> <span class='ocrx_word' id='word_1_519' title='bbox 2909 3681 3304 3750; x_wconf 74' lang='grc' dir='ltr'>εὐπρόσδεκτος</span> <span class='ocrx_word' id='word_1_520' title='bbox 3347 3683 3441 3735; x_wconf 75' lang='grc' dir='ltr'>καὶ</span> <span class='ocrx_word' id='word_1_521' title='bbox 3487 3683 3669 3753; x_wconf 77' lang='grc' dir='ltr'>ἡμέρα</span> <span class='ocrx_word' id='word_1_522' title='bbox 3699 3687 3979 3757; x_wconf 82' lang='grc' dir='ltr'>σωτήριος</span> <span class='ocrx_word' id='word_1_523' title='bbox 4003 3705 4018 3718; x_wconf 86' lang='grc'><strong>·</strong></span> 
     </span>
    </p>
   </div>
   <div class='ocr_carea' id='block_1_90' title="bbox 2431 3771 3846 3846">
    <p class='ocr_par' dir='ltr' id='par_1_90' title="bbox 2431 3771 3846 3846">
     <span class='ocr_line' id='line_1_90' title="bbox 2431 3771 3846 3846; baseline 0.004 -21"><span class='ocrx_word' id='word_1_524' title='bbox 2431 3774 2718 3844; x_wconf 80' lang='grc' dir='ltr'>μετανοίας</span> <span class='ocrx_word' id='word_1_525' title='bbox 2752 3771 3113 3840; x_wconf 80' lang='grc' dir='ltr'>ἐνδειξώμεθα</span> <span class='ocrx_word' id='word_1_526' title='bbox 3139 3775 3388 3843; x_wconf 78' lang='grc' dir='ltr'>καρποὺς</span> <span class='ocrx_word' id='word_1_527' title='bbox 3415 3776 3510 3827; x_wconf 75' lang='grc' dir='ltr'>καὶ</span> <span class='ocrx_word' id='word_1_528' title='bbox 3539 3775 3846 3846; x_wconf 79' lang='grc' dir='ltr'>ζησόμεθα.</span> 
     </span>
    </p>
   </div>
   <div class='ocr_carea' id='block_1_91' title="bbox 2501 3862 4024 3938">
    <p class='ocr_par' dir='ltr' id='par_1_91' title="bbox 2501 3862 4024 3938">
     <span class='ocr_line' id='line_1_91' title="bbox 2501 3862 4024 3938; baseline 0.005 -23"><span class='ocrx_word' id='word_1_529' title='bbox 2501 3862 2967 3916; x_wconf 81' lang='grc' dir='ltr'>Καταπιπτόντων</span> <span class='ocrx_word' id='word_1_530' title='bbox 2981 3863 3370 3932; x_wconf 79' lang='grc' dir='ltr'>ἐπανόρθωσις,</span> <span class='ocrx_word' id='word_1_531' title='bbox 3385 3865 3588 3934; x_wconf 83' lang='grc' dir='ltr'>ἡδονῶν</span> <span class='ocrx_word' id='word_1_532' title='bbox 3599 3871 3870 3936; x_wconf 82' lang='grc' dir='ltr'>κρημνοῖς</span> <span class='ocrx_word' id='word_1_533' title='bbox 3882 3887 3948 3922; x_wconf 88' lang='grc' dir='ltr'><strong>συ</strong></span> <span class='ocrx_word' id='word_1_534' title='bbox 3956 3889 4024 3938; x_wconf 78' lang='grc' dir='ltr'>μο</span> 
     </span>
    </p>
   </div>
   <div class='ocr_carea' id='block_1_92' title="bbox 2431 3950 4020 4024">
    <p class='ocr_par' dir='ltr' id='par_1_92' title="bbox 2431 3950 4020 4024">
     <span class='ocr_line' id='line_1_92' title="bbox 2431 3950 4020 4024; baseline 0.005 -21"><span class='ocrx_word' id='word_1_535' title='bbox 2431 3950 2717 4004; x_wconf 81' lang='grc' dir='ltr'>πτωθέντα</span> <span class='ocrx_word' id='word_1_536' title='bbox 2758 3968 2845 4020; x_wconf 86' lang='grc' dir='ltr'><strong>με,</strong></span> <span class='ocrx_word' id='word_1_537' title='bbox 2879 3952 2975 4006; x_wconf 78' lang='grc' dir='ltr'>καὶ</span> <span class='ocrx_word' id='word_1_538' title='bbox 3009 3951 3286 4022; x_wconf 85' lang='grc' dir='ltr'>ἁμαρτίας</span> <span class='ocrx_word' id='word_1_539' title='bbox 3330 3954 3543 4021; x_wconf 72' lang='grc' dir='ltr'>χαλεπὰ</span> <span class='ocrx_word' id='word_1_540' title='bbox 3586 3957 3904 4024; x_wconf 82' lang='grc' dir='ltr'>ἐμπεσόντα</span> <span class='ocrx_word' id='word_1_541' title='bbox 3940 3961 4020 4020; x_wconf 83' lang='grc' dir='ltr'><strong>είς</strong></span> 
     </span>
    </p>
   </div>
   <div class='ocr_carea' id='block_1_93' title="bbox 2433 4040 4026 4120">
    <p class='ocr_par' dir='ltr' id='par_1_93' title="bbox 2433 4040 4026 4120">
     <span class='ocr_line' id='line_1_93' title="bbox 2433 4040 4026 4120; baseline -0.004 -24"><span class='ocrx_word' id='word_1_542' title='bbox 2433 4041 2707 4112; x_wconf 86' lang='grc' dir='ltr'>βάραθρα,</span> <span class='ocrx_word' id='word_1_543' title='bbox 2733 4040 3118 4112; x_wconf 80' lang='grc' dir='ltr'>ἐξανάστησον,</span> <span class='ocrx_word' id='word_1_544' title='bbox 3143 4042 3302 4112; x_wconf 74' lang='grc' dir='ltr'>ἁγνὴ,</span> <span class='ocrx_word' id='word_1_545' title='bbox 3328 4044 3423 4096; x_wconf 74' lang='grc' dir='ltr'>καὶ</span> <span class='ocrx_word' id='word_1_546' title='bbox 3453 4045 3589 4114; x_wconf 77' lang='grc' dir='ltr'>πρὸς</span> <span class='ocrx_word' id='word_1_547' title='bbox 3613 4045 3762 4116; x_wconf 80' lang='grc' dir='ltr'>ζωὴν</span> <span class='ocrx_word' id='word_1_548' title='bbox 3785 4050 4026 4120; x_wconf 73' lang='grc' dir='ltr'>ποδήγη.</span> 
     </span>
    </p>
   </div>
   <div class='ocr_carea' id='block_1_94' title="bbox 2435 4150 2548 4188">
    <p class='ocr_par' dir='ltr' id='par_1_94' title="bbox 2435 4150 2548 4188">
     <span class='ocr_line' id='line_1_94' title="bbox 2435 4150 2548 4188; baseline 0.018 -2"><span class='ocrx_word' id='word_1_549' title='bbox 2435 4150 2548 4188; x_wconf 86' lang='grc' dir='ltr'>σον.</span> 
     </span>
    </p>
   </div>
   <div class='ocr_carea' id='block_1_95' title="bbox 2675 4244 3778 4319">
    <p class='ocr_par' dir='ltr' id='par_1_95' title="bbox 2675 4244 3778 4319">
     <span class='ocr_line' id='line_1_95' title="bbox 2675 4244 3778 4319; baseline 0.005 -22"><span class='ocrx_word' id='word_1_550' title='bbox 2675 4245 2785 4297; x_wconf 74' lang='grc' dir='ltr'><strong>Τὸν</strong></span> <span class='ocrx_word' id='word_1_551' title='bbox 2825 4244 2966 4307; x_wconf 74' lang='grc' dir='ltr'>τοὺς</span> <span class='ocrx_word' id='word_1_552' title='bbox 3004 4247 3380 4314; x_wconf 67' lang='grc' dir='ltr'>ι”μνολότους</span> <span class='ocrx_word' id='word_1_553' title='bbox 3419 4249 3490 4302; x_wconf 79' lang='grc' dir='ltr'>ἐν</span> <span class='ocrx_word' id='word_1_554' title='bbox 3525 4250 3778 4319; x_wconf 74' lang='grc' dir='ltr'>καμίνῳ.</span> 
     </span>
    </p>
   </div>
   <div class='ocr_carea' id='block_1_96' title="bbox 2515 4355 4028 4430">
    <p class='ocr_par' dir='ltr' id='par_1_96' title="bbox 2515 4355 4028 4430">
     <span class='ocr_line' id='line_1_96' title="bbox 2515 4355 4028 4430; baseline 0.007 -21"><span class='ocrx_word' id='word_1_555' title='bbox 2515 4355 2572 4409; x_wconf 88' lang='grc' dir='ltr'>Ὀ</span> <span class='ocrx_word' id='word_1_556' title='bbox 2605 4356 2741 4426; x_wconf 72' lang='grc' dir='ltr'>μετὰ</span> <span class='ocrx_word' id='word_1_557' title='bbox 2773 4357 2989 4427; x_wconf 77' lang='grc' dir='ltr'>ἀνόμων</span> <span class='ocrx_word' id='word_1_558' title='bbox 3017 4358 3336 4427; x_wconf 72' lang='grc' dir='ltr'>λογισθῆναι</span> <span class='ocrx_word' id='word_1_559' title='bbox 3366 4361 3454 4414; x_wconf 74' lang='grc' dir='ltr'>διὰ</span> <span class='ocrx_word' id='word_1_560' title='bbox 3484 4363 3685 4430; x_wconf 81' lang='grc' dir='ltr'>πλῆθος</span> <span class='ocrx_word' id='word_1_561' title='bbox 3709 4363 3901 4429; x_wconf 80' lang='grc' dir='ltr'>ἐλέους</span> <span class='ocrx_word' id='word_1_562' title='bbox 3927 4384 4028 4419; x_wconf 78' lang='grc' dir='ltr'><strong>κα-</strong></span> 
     </span>
    </p>
   </div>
   <div class='ocr_carea' id='block_1_97' title="bbox 2433 4448 4025 4523">
    <p class='ocr_par' dir='ltr' id='par_1_97' title="bbox 2433 4448 4025 4523">
     <span class='ocr_line' id='line_1_97' title="bbox 2433 4448 4025 4523; baseline 0.004 -21"><span class='ocrx_word' id='word_1_563' title='bbox 2433 4448 2812 4518; x_wconf 79' lang='grc' dir='ltr'>ταδεξάμενος.</span> <span class='ocrx_word' id='word_1_564' title='bbox 2831 4450 2927 4510; x_wconf 78' lang='grc' dir='ltr'><strong>τὰς</strong></span> <span class='ocrx_word' id='word_1_565' title='bbox 2955 4450 3093 4519; x_wconf 65' lang='grc' dir='ltr'>ἐμὰς</span> <span class='ocrx_word' id='word_1_566' title='bbox 3118 4453 3394 4520; x_wconf 78' lang='grc' dir='ltr'>ἁμαρτίας</span> <span class='ocrx_word' id='word_1_567' title='bbox 3417 4451 3700 4523; x_wconf 78' lang='grc' dir='ltr'>ἐξάλειψον</span> <span class='ocrx_word' id='word_1_568' title='bbox 3728 4455 3789 4507; x_wconf 83' lang='grc' dir='ltr'><strong>ἐν</strong></span> <span class='ocrx_word' id='word_1_569' title='bbox 3814 4458 4025 4521; x_wconf 86' lang='grc' dir='ltr'>πίστει,</span> 
     </span>
    </p>
   </div>
   <div class='ocr_carea' id='block_1_98' title="bbox 2365 4539 3733 4613">
    <p class='ocr_par' dir='ltr' id='par_1_98' title="bbox 2365 4539 3733 4613">
     <span class='ocr_line' id='line_1_98' title="bbox 2365 4539 3733 4613; baseline 0.005 -21"><span class='ocrx_word' id='word_1_570' title='bbox 2365 4551 2407 4606; x_wconf 78' lang='grc' dir='ltr'><strong>ι)</strong></span> <span class='ocrx_word' id='word_1_571' title='bbox 2436 4541 2583 4603; x_wconf 83' lang='grc' dir='ltr'>ὅπως</span> <span class='ocrx_word' id='word_1_572' title='bbox 2616 4559 2674 4593; x_wconf 86' lang='grc' dir='ltr'><strong>σε</strong></span> <span class='ocrx_word' id='word_1_573' title='bbox 2711 4539 2938 4605; x_wconf 76' lang='grc' dir='ltr'>δοξάζω,</span> <span class='ocrx_word' id='word_1_574' title='bbox 2971 4541 3198 4613; x_wconf 82' lang='grc' dir='ltr'>Χριστὲ,</span> <span class='ocrx_word' id='word_1_575' title='bbox 3239 4544 3316 4603; x_wconf 83' lang='grc' dir='ltr'><strong>είς</strong></span> <span class='ocrx_word' id='word_1_576' title='bbox 3345 4543 3470 4606; x_wconf 88' lang='grc' dir='ltr'>τοὺς</span> <span class='ocrx_word' id='word_1_577' title='bbox 3506 4544 3733 4608; x_wconf 73' lang='grc' dir='ltr'>αἰῶνας.</span> 
     </span>
    </p>
   </div>
   <div class='ocr_carea' id='block_1_99' title="bbox 2500 4651 4003 4732">
    <p class='ocr_par' dir='ltr' id='par_1_99' title="bbox 2500 4651 4003 4732">
     <span class='ocr_line' id='line_1_99' title="bbox 2500 4651 4003 4732; baseline 0.007 -29"><span class='ocrx_word' id='word_1_578' title='bbox 2500 4651 2621 4704; x_wconf 82' lang='grc' dir='ltr'><strong>Τῶν</strong></span> <span class='ocrx_word' id='word_1_579' title='bbox 2655 4652 2941 4723; x_wconf 84' lang='grc' dir='ltr'>ἁμαρτιῶν</span> <span class='ocrx_word' id='word_1_580' title='bbox 2970 4670 3072 4721; x_wconf 87' lang='grc' dir='ltr'><strong>μου</strong></span> <span class='ocrx_word' id='word_1_581' title='bbox 3102 4653 3162 4705; x_wconf 83' lang='grc' dir='ltr'><strong>τὸ</strong></span> <span class='ocrx_word' id='word_1_582' title='bbox 3194 4653 3580 4726; x_wconf 79' lang='grc' dir='ltr'>χειρόγραφον,</span> <span class='ocrx_word' id='word_1_583' title='bbox 3605 4658 3672 4726; x_wconf 80' lang='grc' dir='ltr'>τῇ</span> <span class='ocrx_word' id='word_1_584' title='bbox 3705 4659 3774 4727; x_wconf 79' lang='grc' dir='ltr'>σῇ</span> <span class='ocrx_word' id='word_1_585' title='bbox 3797 4660 4003 4732; x_wconf 77' lang='grc' dir='ltr'>διάρῤη</span> 
     </span>
    </p>
   </div>
   <div class='ocr_carea' id='block_1_100' title="bbox 2432 4742 4026 4823">
    <p class='ocr_par' dir='ltr' id='par_1_100' title="bbox 2432 4742 4026 4823">
     <span class='ocr_line' id='line_1_100' title="bbox 2432 4742 4026 4823; baseline 0.008 -28"><span class='ocrx_word' id='word_1_586' title='bbox 2432 4742 2519 4807; x_wconf 82' lang='grc' dir='ltr'><strong>ξον</strong></span> <span class='ocrx_word' id='word_1_587' title='bbox 2548 4743 2714 4814; x_wconf 80' lang='grc' dir='ltr'>λόγχῃ</span> <span class='ocrx_word' id='word_1_588' title='bbox 2735 4761 2747 4773; x_wconf 80' lang='grc'><strong>”</strong></span> <span class='ocrx_word' id='word_1_589' title='bbox 2782 4745 2875 4796; x_wconf 74' lang='grc' dir='ltr'><strong>καὶ</strong></span> <span class='ocrx_word' id='word_1_590' title='bbox 2895 4745 2993 4812; x_wconf 75' lang='grc' dir='ltr'>τῆς</span> <span class='ocrx_word' id='word_1_591' title='bbox 3021 4745 3249 4814; x_wconf 80' lang='grc' dir='ltr'>καρδίας</span> <span class='ocrx_word' id='word_1_592' title='bbox 3275 4764 3375 4815; x_wconf 86' lang='grc' dir='ltr'><strong>μου</strong></span> <span class='ocrx_word' id='word_1_593' title='bbox 3400 4749 3496 4810; x_wconf 73' lang='grc' dir='ltr'>τὰς</span> <span class='ocrx_word' id='word_1_594' title='bbox 3527 4749 3722 4814; x_wconf 72' lang='grc' dir='ltr'>ὀδύνας</span> <span class='ocrx_word' id='word_1_595' title='bbox 3749 4753 4026 4823; x_wconf 76' lang='grc' dir='ltr'>θεράπευ-</span> 
     </span>
    </p>
   </div>
   <div class='ocr_carea' id='block_1_101' title="bbox 2433 4835 4024 4915">
    <p class='ocr_par' dir='ltr' id='par_1_101' title="bbox 2433 4835 4024 4915">
     <span class='ocr_line' id='line_1_101' title="bbox 2433 4835 4024 4915; baseline 0.006 -28"><span class='ocrx_word' id='word_1_596' title='bbox 2433 4852 2545 4892; x_wconf 82' lang='grc' dir='ltr'>σον,</span> <span class='ocrx_word' id='word_1_597' title='bbox 2565 4837 2756 4904; x_wconf 75' lang='grc' dir='ltr'>Κύριε,</span> <span class='ocrx_word' id='word_1_598' title='bbox 2779 4835 3082 4906; x_wconf 75' lang='grc' dir='ltr'>πληγείσης</span> <span class='ocrx_word' id='word_1_599' title='bbox 3106 4835 3250 4904; x_wconf 80' lang='grc' dir='ltr'>βέλει</span> <span class='ocrx_word' id='word_1_600' title='bbox 3274 4838 3372 4907; x_wconf 83' lang='grc' dir='ltr'>τῆς</span> <span class='ocrx_word' id='word_1_601' title='bbox 3400 4839 3599 4903; x_wconf 85' lang='grc' dir='ltr'>κακίας</span> <span class='ocrx_word' id='word_1_602' title='bbox 3629 4841 3739 4894; x_wconf 86' lang='grc' dir='ltr'><strong>τῶν</strong></span> <span class='ocrx_word' id='word_1_603' title='bbox 3767 4849 4024 4915; x_wconf 82' lang='grc' dir='ltr'>πονηρῶν</span> 
     </span>
    </p>
   </div>
   <div class='ocr_carea' id='block_1_102' title="bbox 2432 4927 2724 4995">
    <p class='ocr_par' dir='ltr' id='par_1_102' title="bbox 2432 4927 2724 4995">
     <span class='ocr_line' id='line_1_102' title="bbox 2432 4927 2724 4995; baseline 0.007 -17"><span class='ocrx_word' id='word_1_604' title='bbox 2432 4927 2724 4995; x_wconf 81' lang='grc' dir='ltr'>δαιμόνων.</span> 
     </span>
    </p>
   </div>
   <div class='ocr_carea' id='block_1_103' title="bbox 2512 5039 4026 5117">
    <p class='ocr_par' dir='ltr' id='par_1_103' title="bbox 2512 5039 4026 5117">
     <span class='ocr_line' id='line_1_103' title="bbox 2512 5039 4026 5117; baseline -0.001 -25"><span class='ocrx_word' id='word_1_605' title='bbox 2512 5039 2991 5108; x_wconf 84' lang='grc' dir='ltr'>Μεμελανωμένην</span> <span class='ocrx_word' id='word_1_606' title='bbox 3020 5041 3119 5110; x_wconf 80' lang='grc' dir='ltr'><strong>τὴν</strong></span> <span class='ocrx_word' id='word_1_607' title='bbox 3152 5041 3380 5110; x_wconf 80' lang='grc' dir='ltr'>καρδίαν</span> <span class='ocrx_word' id='word_1_608' title='bbox 3410 5044 3510 5112; x_wconf 85' lang='grc' dir='ltr'>τῆς</span> <span class='ocrx_word' id='word_1_609' title='bbox 3539 5046 3814 5117; x_wconf 78' lang='grc' dir='ltr'>ἁμαρτίας</span> <span class='ocrx_word' id='word_1_610' title='bbox 3835 5049 3917 5117; x_wconf 77' lang='grc' dir='ltr'><strong>τῷ</strong></span> <span class='ocrx_word' id='word_1_611' title='bbox 3936 5051 4026 5102; x_wconf 67' lang='grc' dir='ltr'><strong>λδ.</strong></span> 
     </span>
    </p>
   </div>
   <div class='ocr_carea' id='block_1_104' title="bbox 2440 5126 4024 5203">
    <p class='ocr_par' dir='ltr' id='par_1_104' title="bbox 2440 5126 4024 5203">
     <span class='ocr_line' id='line_1_104' title="bbox 2440 5126 4024 5203; baseline 0.014 -32"><span class='ocrx_word' id='word_1_612' title='bbox 2440 5127 2574 5197; x_wconf 83' lang='grc' dir='ltr'>θρῳ,</span> <span class='ocrx_word' id='word_1_613' title='bbox 2609 5126 2686 5196; x_wconf 80' lang='grc' dir='ltr'><strong>τῷ</strong></span> <span class='ocrx_word' id='word_1_614' title='bbox 2718 5128 2794 5194; x_wconf 61' lang='grc' dir='ltr'>σῷ</span> <span class='ocrx_word' id='word_1_615' title='bbox 2823 5128 3137 5183; x_wconf 85' lang='grc' dir='ltr'>ἀπόπλυνον</span> <span class='ocrx_word' id='word_1_616' title='bbox 3165 5131 3230 5184; x_wconf 83' lang='grc' dir='ltr'><strong>ἐκ</strong></span> <span class='ocrx_word' id='word_1_617' title='bbox 3260 5131 3500 5202; x_wconf 72' lang='grc' dir='ltr'>πλευρᾶς</span> <span class='ocrx_word' id='word_1_618' title='bbox 3533 5135 3908 5203; x_wconf 75' lang='grc' dir='ltr'>άποστάξαντι</span> <span class='ocrx_word' id='word_1_619' title='bbox 3934 5141 4024 5193; x_wconf 65' lang='lat' dir='ltr'><strong>al-</strong></span> 
     </span>
    </p>
   </div>
   <div class='ocr_carea' id='block_1_105' title="bbox 2440 5219 4022 5294">
    <p class='ocr_par' dir='ltr' id='par_1_105' title="bbox 2440 5219 4022 5294">
     <span class='ocr_line' id='line_1_105' title="bbox 2440 5219 4022 5294; baseline 0.011 -25"><span class='ocrx_word' id='word_1_620' title='bbox 2440 5235 2592 5285; x_wconf 83' lang='grc' dir='ltr'>ματι,</span> <span class='ocrx_word' id='word_1_621' title='bbox 2644 5219 2846 5289; x_wconf 88' lang='grc' dir='ltr'>Χριστέ</span> <span class='ocrx_word' id='word_1_622' title='bbox 2880 5236 3003 5287; x_wconf 89' lang='grc' dir='ltr'>μου,</span> <span class='ocrx_word' id='word_1_623' title='bbox 3037 5220 3124 5274; x_wconf 76' lang='grc' dir='ltr'>ἵνα</span> <span class='ocrx_word' id='word_1_624' title='bbox 3160 5238 3219 5273; x_wconf 89' lang='grc' dir='ltr'><strong>σε</strong></span> <span class='ocrx_word' id='word_1_625' title='bbox 3248 5221 3458 5288; x_wconf 75' lang='grc' dir='ltr'>δοξάζω</span> <span class='ocrx_word' id='word_1_626' title='bbox 3509 5226 3590 5288; x_wconf 81' lang='grc' dir='ltr'><strong>είς</strong></span> <span class='ocrx_word' id='word_1_627' title='bbox 3638 5229 3851 5292; x_wconf 86' lang='grc' dir='ltr'>πάντας</span> <span class='ocrx_word' id='word_1_628' title='bbox 3895 5246 4022 5294; x_wconf 83' lang='grc' dir='ltr'>τονς</span> 
     </span>
    </p>
   </div>
   <div class='ocr_carea' id='block_1_106' title="bbox 2438 5309 2660 5372">
    <p class='ocr_par' dir='ltr' id='par_1_106' title="bbox 2438 5309 2660 5372">
     <span class='ocr_line' id='line_1_106' title="bbox 2438 5309 2660 5372; baseline 0.009 -12"><span class='ocrx_word' id='word_1_629' title='bbox 2438 5309 2660 5372; x_wconf 83' lang='grc' dir='ltr'>αἰῶνας.</span> 
     </span>
    </p>
   </div>
   <div class='ocr_carea' id='block_1_107' title="bbox 2525 5399 4024 5480">
    <p class='ocr_par' dir='ltr' id='par_1_107' title="bbox 2525 5399 4024 5480">
     <span class='ocr_line' id='line_1_107' title="bbox 2525 5399 4024 5480; baseline 0.007 -28"><span class='ocrx_word' id='word_1_630' title='bbox 2525 5399 2588 5453; x_wconf 84' lang='grc' dir='ltr'><strong><em>Ἦ</em></strong></span> <span class='ocrx_word' id='word_1_631' title='bbox 2613 5401 2981 5470; x_wconf 83' lang='grc' dir='ltr'>ἀγεωργήτως</span> <span class='ocrx_word' id='word_1_632' title='bbox 3051 5403 3473 5474; x_wconf 77' lang='grc' dir='ltr'>ὲκδλαστήσασα</span> <span class='ocrx_word' id='word_1_633' title='bbox 3542 5407 3636 5460; x_wconf 74' lang='grc' dir='ltr'>τὸν</span> <span class='ocrx_word' id='word_1_634' title='bbox 3695 5409 4024 5480; x_wconf 69' lang='grc' dir='ltr'>ἐπουράνιον</span> 
     </span>
    </p>
   </div>
   <div class='ocr_carea' id='block_1_108' title="bbox 2441 5491 4023 5572">
    <p class='ocr_par' dir='ltr' id='par_1_108' title="bbox 2441 5491 4023 5572">
     <span class='ocr_line' id='line_1_108' title="bbox 2441 5491 4023 5572; baseline 0.009 -29"><span class='ocrx_word' id='word_1_635' title='bbox 2441 5493 2662 5560; x_wconf 84' lang='grc' dir='ltr'>στάχυν,</span> <span class='ocrx_word' id='word_1_636' title='bbox 2698 5491 2965 5561; x_wconf 74' lang='grc' dir='ltr'>Παρθίνε,</span> <span class='ocrx_word' id='word_1_637' title='bbox 3003 5493 3284 5564; x_wconf 77' lang='grc' dir='ltr'>ἔμπλησον</span> <span class='ocrx_word' id='word_1_638' title='bbox 3322 5497 3594 5553; x_wconf 82' lang='grc' dir='ltr'>πεινῶσαν</span> <span class='ocrx_word' id='word_1_639' title='bbox 3625 5500 3726 5572; x_wconf 77' lang='grc' dir='ltr'><strong>τὴν</strong></span> <span class='ocrx_word' id='word_1_640' title='bbox 3761 5503 4023 5572; x_wconf 71' lang='grc' dir='ltr'>ταπεινὴν</span> 
     </span>
    </p>
   </div>
   <div class='ocr_carea' id='block_1_109' title="bbox 2433 5581 2769 5653">
    <p class='ocr_par' dir='ltr' id='par_1_109' title="bbox 2433 5581 2769 5653">
     <span class='ocr_line' id='line_1_109' title="bbox 2433 5581 2769 5653; baseline 0.009 -20"><span class='ocrx_word' id='word_1_641' title='bbox 2433 5581 2610 5653; x_wconf 80' lang='grc' dir='ltr'>ψυχήν</span> <span class='ocrx_word' id='word_1_642' title='bbox 2645 5600 2769 5652; x_wconf 79' lang='grc' dir='ltr'>μου.</span> 
     </span>
    </p>
   </div>
   <div class='ocr_carea' id='block_1_110' title="bbox 2667 5673 3798 5747">
    <p class='ocr_par' dir='ltr' id='par_1_110' title="bbox 2667 5673 3798 5747">
     <span class='ocr_line' id='line_1_110' title="bbox 2667 5673 3798 5747; baseline 0.012 -21"><span class='ocrx_word' id='word_1_643' title='bbox 2667 5674 2786 5739; x_wconf 80' lang='grc' dir='ltr'><strong>Τὴν</strong></span> <span class='ocrx_word' id='word_1_644' title='bbox 2823 5673 3120 5745; x_wconf 73' lang='grc' dir='ltr'>ᾇοοδὸχον</span> <span class='ocrx_word' id='word_1_645' title='bbox 3157 5679 3365 5746; x_wconf 75' lang='grc' dir='ltr'>πηγήν</span> <span class='ocrx_word' id='word_1_646' title='bbox 3403 5679 3516 5747; x_wconf 79' lang='grc' dir='ltr'><strong>τὴν</strong></span> <span class='ocrx_word' id='word_1_647' title='bbox 3550 5683 3798 5740; x_wconf 72' lang='grc' dir='ltr'><strong>ἀέναον.</strong></span> 
     </span>
    </p>
   </div>
   <div class='ocr_carea' id='block_1_111' title="bbox 2502 5763 4020 5849">
    <p class='ocr_par' dir='ltr' id='par_1_111' title="bbox 2502 5763 4020 5849">
     <span class='ocr_line' id='line_1_111' title="bbox 2502 5763 4020 5849; baseline 0.012 -34"><span class='ocrx_word' id='word_1_648' title='bbox 2502 5763 2890 5835; x_wconf 83' lang='grc' dir='ltr'>Νενηστευκὼς</span> <span class='ocrx_word' id='word_1_649' title='bbox 2928 5767 3229 5830; x_wconf 81' lang='grc' dir='ltr'>Ἐλισσαῖος</span> <span class='ocrx_word' id='word_1_650' title='bbox 3273 5770 3572 5843; x_wconf 70' lang='grc' dir='ltr'>ἀνέστησεο</span> <span class='ocrx_word' id='word_1_651' title='bbox 3608 5782 4020 5849; x_wconf 54' lang='grc' dir='ltr'>νενεκςιωρένκν</span> 
     </span>
    </p>
   </div>
  </div>
