4250 6442
256 448 398 510 3853

1694 442 2081 505 TRIODIUM
2096 489 2109 502 .

3399 432 3540 501 385i

259 555 347 609 τὸν
390 556 578 622 παῖδα,
621 557 695 619 ὡς
746 558 1092 627 γέγραπται·
1148 558 1243 610 καὶ
1267 559 1428 628 ἡμεῖς
1478 559 1852 626 νηστεύοντες,
1888 567 1929 619 Α

1888 567 1929 619 Α
1963 567 2116 610 tutun
2148 570 2402 625 puerum,
2442 565 2497 608 ut
2528 556 2796 622 scriptum
2826 559 2910 606 est
2948 570 2959 604 :
2995 565 3099 605 nos
3150 565 3368 619 quoque
3401 552 3548 619 jeju~

258 650 499 718 σαρκικά
521 650 846 719 φρονήματα
863 650 1269 721 ἁπονεκμῦσαι,
1300 652 1505 715 πιστοὶ,
1549 667 1849 721 κατεπειχ-

264 740 470 811 Θῶμεν,
500 742 586 794 ἵνα
612 742 758 810 ζωῆς
787 743 886 809 τῆς
921 744 1039 795 ἐκεῖ
1062 744 1434 813 ὲπιτύχωμεν.

328 837 521 904 Οίμοιί
555 835 724 903 ψυχὴ,
750 834 984 904 φοδερὸν
1009 835 1070 886 τὸ
1099 837 1404 906 κριτήριον,
1434 836 1526 889 καὶ
1548 843 1643 887 τοι*
1663 837 1849 907 κριτοῦ

256 929 289 997 ἠ
322 927 600 996 φρικώδης
621 927 902 993 ἀπόφασις
922 944 935 957 ·
962 926 1222 991 σπεῦσον,
1246 926 1600 996 μετανόησον,
1625 928 1845 998 Χριστῷ

254 1018 576 1088 διαλλάγηθι
620 1018 697 1087 τῷ
731 1018 822 1071 διὰ
862 1019 922 1070 σὲ
964 1021 1021 1071 ἐν
1055 1018 1275 1088 σταυρῷ
1322 1017 1722 1089 ἀναρτηθέντι,
1760 1019 1855 1070 καὶ

260 1110 553 1179 ῥυσαμένῳ
580 1110 808 1171 πιστοὺς
836 1110 1240 1178 κατακρίσεως.

326 1202 439 1271 Τῆς
472 1203 765 1271 μετανοίας
795 1221 886 1272 μοι
915 1202 1093 1265 πύλας
1112 1204 1395 1270 διὰνοιξον,
1410 1204 1511 1267 τὰς
1537 1204 1648 1257 τῶν
1671 1204 1857 1257 παθῶν

260 1311 363 1361 μου
395 1294 635 1354 εἰσόδους
667 1294 1015 1359 ἀπόκλεισον,
1048 1297 1075 1346 ὀ
1109 1296 1277 1366 λῃστῇ
1305 1296 1406 1366 τὴν
1434 1296 1640 1351 εῐσοδον
1672 1297 1856 1360 δείξας

256 1383 585 1437 εὐεπίϐατον
611 1384 704 1437 τοῦ
730 1386 1087 1454 παραδείσου,
1107 1388 1335 1457 Χριστὲ,
1356 1390 1421 1459 τῇ
1439 1392 1505 1460 σῇ
1527 1390 1824 1459 σταυρώσε’

257 1477 345 1530 ἵνα
377 1476 587 1539 δοξάζω
610 1478 709 1544 τὴν
749 1477 849 1549 σὴν
872 1478 1210 1547 ἀγαθότητα.

328 1569 455 1621 Ὀτι
507 1572 584 1631 είς
639 1569 780 1639 βάθη
815 1571 1013 1633 κακίας
1041 1572 1416 1642 ἁπὲρριμμαι.
1447 1573 1543 1625 καὶ
1578 1571 1857 1642 λογισμοῖς

257 1661 521 1722 ἐναντίοις
558 1662 912 1729 χειμάξομαι,
962 1662 1181 1731 δαίμοσι
1226 1664 1548 1733 πειθόμενος
1578 1706 1592 1727 ,
1643 1664 1857 1733 ἡδοναῖς

254 1750 637 1820 δουλούμενος·
658 1752 926 1822 βοήθησόν
945 1772 1055 1823 μοι,
1082 1756 1221 1827 ἁγνὴ
1247 1756 1699 1827 ῐΙαρθενομῆτορ,
1722 1756 1857 1827 πρὸς

258 1846 536 1913 σωτηρίας
566 1845 684 1897 ὁδον
712 1845 988 1914 ὁδηγοῦσά
1018 1865 1107 1914 με.

255 1957 354 2024 Μὴ
385 1959 455 2033 ἐν
481 1959 770 2033 ποταμοῖς
814 1961 1102 2033 ὀργισθῇς
1122 2002 1136 2023 ,
1170 1962 1365 2033 Κύριε,
1392 1965 1431 2030 ἣ
1465 1964 1535 2017 ἐν
1565 1963 1852 2033 ποταμοῖς

401 2030 434 2081 ό
466 2030 654 2095 θυμός
683 2046 830 2090 σου,
866 2032 903 2098 ἢ
938 2032 1007 2083 ἐν
1037 2031 1321 2101 θαλάσσῃ
1358 2037 1419 2087 τὸ
1453 2035 1706 2103 ὅρμημα.

328 2119 517 2188 Μέθην
550 2121 752 2189 ἡδονῶν
779 2121 1143 2192 ψυχοιρθόρων
1171 2123 1467 2189 σϐέσαντες
1487 2169 1501 2192 ,
1534 2127 1595 2180 τὸ
1623 2131 1721 2199 τῆς
1754 2146 1851 2181 κα-

254 2210 534 2274 τανύξεως
562 2211 712 2279 πόμα
744 2211 833 2264 διὰ
863 2213 1118 2282 νηστείας
1148 2215 1577 2287 ὲμφορηθῶμεν.

328 2390 665 2459 Νήστευσον,
717 2390 886 2460 ψυχὴ,
925 2393 1194 2463 ἀκρασίας
1249 2393 1527 2462 βρώσεως,
1571 2393 1850 2465 τρύφησον

258 2479 443 2533 καλῶν
478 2481 757 2552 θεωρίαις,
786 2482 874 2536 ἵνα
897 2483 996 2552 τῆς
1031 2483 1143 2537 ἄνω
1173 2484 1452 2555 τραπέζης
1480 2486 1669 2559 τύχῃς.

333 2659 641 2729 ’Ᾱνθρακες
690 2660 860 2730 πυρὸς
907 2660 999 2714 τοῦ
1052 2662 1220 2714 ἀΰλου
1274 2663 1564 2725 πέλοντες,
1623 2663 1853 2731 φλέξατε

258 2752 452 2803 παθῶν
487 2770 587 2821 μου
618 2751 716 2821 τὴν
749 2752 904 2824 ὓλην,
936 2753 1070 2806 θεῖοι
1105 2753 1394 2807 ἀπόστολοι
1426 2754 1520 2808 τοῦ
1571 2757 1850 2827 Σωτῆρος.

332 2925 518 2994 Σάρκα
550 2926 627 2993 τῷ
659 2925 883 2995 Χριστῷ
932 2929 995 2981 ἐκ
1040 2931 1140 2999 τῆς
1173 2930 1271 2997 σῆς
1298 2929 1619 2993 δανείσασα,
1646 2930 1853 3000 νέκρω-

262 3032 356 3069 σον
384 3020 587 3088 σαρκός
617 3035 718 3088 μου
749 3019 819 3071 τα
847 3020 992 3089 πάθη
1018 3059 1033 3083 ,
1065 3022 1389 3091 ζωοκυῆτορ
1423 3021 1562 3092 ἁγνὴ
1589 3023 1853 3093 Παρθένε.

409 3198 526 3251 Τὸν
562 3199 631 3251 ἐν
666 3198 844 3267 φλογί
884 3199 1009 3264 τοῖς
1038 3200 1212 3253 παισὶ
1252 3199 1371 3253 τῶν
1404 3200 1712 3268 Ἐβραίων.

332 3288 676 3352 Θανατωθεὶς
702 3293 820 3352 ταῖς
855 3291 1080 3353 πολλαῖς
1111 3291 1431 3361 ἁμαρτίαις,
1455 3291 1657 3360 νεκρὰν
1689 3307 1858 3361 προσ-
1888 3265 1933 3325 C

259 3384 414 3453 φέρω
441 3383 539 3452 τὴν
566 3382 747 3452 ψυχὴν
774 3383 832 3433 ἐν
863 3381 941 3451 τῷ
974 3381 1074 3451 βίῳ
1099 3400 1111 3412 ·
1144 3382 1225 3434 διό
1258 3400 1323 3450 με
1354 3383 1662 3451 οἰκτείρατε
1716 3381 1861 3449 {mq-

260 3478 451 3544 φόροις
486 3477 813 3546 πρεσϐείαις
853 3476 973 3538 ταῖς
1002 3474 1179 3543 ὑμῶν,
1226 3474 1453 3527 θεόπται
1489 3474 1731 3545 μαθηταὶ
1769 3473 1860 3525 τοῦ

262 3568 503 3637 Κυρίου.

339 3661 692 3731 Περισχεθεὶς
745 3661 1019 3731 ἁμαρτίας
1072 3660 1314 3732 ὁμίχλῃ,
1354 3659 1455 3731 ᾇδῃ
1508 3662 1862 3731 προσήγγισα

260 3750 633 3819 ἀπογνώσεως
658 3753 854 3813 δντως’
890 3752 972 3804 διό
1000 3769 1067 3821 με
1093 3754 1391 3818 φωτίσατε,
1422 3752 1516 3805 τοῦ
1555 3753 1736 3805 Ἡλίου
1758 3751 1857 3820 τῆς

259 3844 423 3913 δόξης
466 3843 690 3911 μύσται,
727 3842 821 3895 καὶ
850 3842 1070 3904 ἀκτῖνες
1096 3844 1433 3912 ὑπάρχοντες
1464 3843 1712 3897 θεόπται.

349 4024 483 4075 Ἀπὸ
510 4021 697 4077 παθῶν
719 4023 1077 4093 ὲγκρατεύου,
1101 4024 1192 4076 καὶ
1218 4024 1391 4097 σώζῃ,
1415 4024 1560 4094 ψυχὴ
1583 4026 1859 4081 ταλαίπω-

263 4133 326 4185 ρε
348 4132 362 4146 ο
396 4115 574 4185 ἀποχὴ
606 4117 715 4186 γὰρ
746 4116 1052 4185 βρωμάτων
1078 4115 1322 4185 νηστεία,
1350 4119 1719 4186 ἁπρόσδεκτος
1750 4124 1862 4184 τοῖς

258 4207 447 4277 ὀρθῶς
491 4208 804 4277 ἐκζητοῦσι,
848 4210 895 4260 εί
930 4207 1005 4278 μὴ
1039 4211 1133 4261 καὶ
1184 4208 1526 4278 σφαλμάτων
1572 4210 1861 4281 διόρθωσις

258 4300 511 4369 ὑπάρχῃ.

337 4390 508 4443 Βὰτον
558 4390 691 4460 πυρὶ
739 4389 1035 4461 καιομένην
1078 4390 1285 4459 Μωσῆς
1331 4406 1390 4443 σε
1427 4390 1559 4461 πρὶν
1607 4390 1856 4463 ἐθεώρει,

257 4484 537 4553 θεομῆτορ
562 4482 807 4554 Παρθένε
828 4500 840 4512 ·
892 4482 974 4535 διό
1025 4499 1127 4551 μου
1166 4483 1507 4537 κατάσϐεσόν
1533 4485 1641 4538 τῶν
1669 4485 1859 4537 παθῶν

1953 923 2159 992 judicis
2223 922 2462 975 terrilica
2532 918 2863 974 sententia:

1959 655 2179 709 nautes,
2222 647 2475 701 carnales
2522 645 2901 714 cogitationes
2971 642 3304 696 mortilicarc
3357 643 3546 695 lidelvs

1958 739 2306 801 festinemus,
2330 748 2387 790 ut
2421 738 2587 790 vitam
2618 752 2737 804 qua:
2768 735 2837 787 ibi
2865 742 2948 788 est
2993 732 3369 786 obtineamus.

2032 830 2145 883 lli-u
2197 831 2360 883 mihi!
2398 828 2604 889 anima,
2678 825 3086 877 formidandum
3134 823 3434 892 judicium,
3496 833 3549 872 et

2914 916 3136 978 festina,
3200 925 3546 975 convertere,

1957 1016 2179 1071 Christo
2216 1015 2690 1081 recoueiliarequi
2717 1019 2942 1080 propter
2985 1016 3038 1062 te
3071 1009 3125 1060 in
3160 1022 3382 1060 crucem
3419 1021 3545 1060 sus-

1961 1126 2163 1180 pensus
2191 1108 2310 1166 fuit.
2345 1116 2399 1160 et
2441 1107 2695 1160 liberavit
2728 1104 2913 1157 lidelcs
2953 1118 2982 1154 a
3017 1099 3400 1154 damnatione.

2029 1198 2377 1256 Pcnuitcntiae
2412 1199 2545 1251 milii
2584 1198 2785 1265 jauuas
2832 1194 3007 1263 aperi,
3060 1190 3351 1245 libidinum
3390 1206 3541 1242 inca-

1959 1308 2080 1346 rum
2118 1287 2405 1344 introitum
2427 1290 2643 1349 claude,
2681 1288 2773 1356 qui
2809 1285 3007 1338 latroni
3034 1283 3320 1336 introitum
3354 1292 3544 1335 osten-

1959 1384 2087 1437 disti
2134 1382 2350 1438 facilem
2416 1380 2684 1450 paradisi,
2722 1378 2964 1437 Clu-iste,
3015 1390 3113 1445 per
3164 1382 3316 1426 tuam
3363 1373 3547 1426 cruci-

1960 1476 2242 1541 ﬁxionem,
2275 1483 2335 1528 ut
2364 1472 2666 1542 gloriﬁcent
2712 1480 2860 1523 tuam
2897 1470 3221 1523 bonitatem.

2030 1566 2167 1618 Cum
2203 1566 2257 1618 iu
2295 1565 2529 1632 aliyssos
2562 1560 2782 1613 malitiae
2811 1560 3150 1628 prwcipitor,
3181 1568 3234 1613 et
3276 1560 3549 1628 oppositis

1960 1655 2392 1725 cogitationibus
2419 1654 2605 1722 jaetor
2638 1651 2984 1705 daemonibus
3029 1650 3315 1714 obediens,
3386 1652 3547 1705 volu-

1960 1748 2204 1817 ptatibus
2235 1748 2481 1800 serviens
2516 1762 2529 1796 :
2571 1745 2835 1797 auxiliare
2867 1744 3025 1805 milii,
3049 1752 3199 1797 casta
3234 1740 3400 1813 Virgo
3435 1758 3549 1794 uta—

1961 1815 2209 1902 teriduc
2238 1854 2321 1892 me
2353 1837 2417 1891 ad
2456 1838 2653 1892 salutis
2716 1837 2878 1889 viam.

1963 1952 2087 2007 Non
2112 1955 2163 2006 iu
2192 1953 2503 2022 ﬂuminibus
2536 1953 2794 2005 irascaris
2820 1992 2834 2011 ,
2867 1952 3108 2011 Dom'ne,
3144 1953 3251 2005 sive
3284 1954 3335 2004 iu
3361 1952 3547 2020 ﬂumi-

2138 2028 2293 2077 nibus
2326 2040 2418 2076 cor
2446 2035 2616 2085 tuum,
2645 2024 2754 2074 sive
2795 2023 2847 2073 in
2880 2023 3017 2073 mari
3055 2023 3369 2092 indignatio.

2032 2116 2364 2169 Ebrietatem
2408 2113 2695 2167 libidinum
2730 2129 2855 2182 qua:
2885 2114 3042 2165 ruina
3074 2121 3204 2167 sunt
3236 2115 3545 2166 animarum

1960 2207 2873 2277 exstinguentes,compunctionis
2932 2214 3062 2275 pottt
3127 2222 3222 2274 per
3276 2206 3546 2275 jejunium

1964 2302 2307 2368 implcautttr.

2031 2390 2284 2452 Abstine,
2350 2391 2557 2455 anima,
2625 2390 3059 2459 intemperantia:
3112 2391 3259 2455 cibo,
3316 2392 3462 2446 nutri
3496 2404 3549 2446 te

1964 2485 2234 2538 bonorum
2268 2482 2824 2553 contetnplationibus
2847 2524 2860 2546 ,
2904 2492 2963 2537 ut
3000 2498 3248 2538 nteusam
3285 2499 3544 2554 superam

1962 2579 2239 2633 oblineas.

2031 2669 2310 2724 Carboues
2338 2667 2405 2720 ab
2437 2665 2561 2738 igne
2592 2667 3002 2734 supernaturali
3037 2667 3368 2732 candentes,
3395 2683 3547 2722 com-

1966 2762 2144 2815 bnt’ite
2164 2759 2452 2813 libidinum
2514 2774 2760 2811 mearum
2806 2759 3022 2825 silvam,
3064 2759 3232 2813 divini
3290 2760 3543 2828 apostoli

1966 2850 2285 2905 deatoris.

2036 2942 2168 3007 Quae
2197 2955 2417 2995 carnem
2446 2939 2669 2998 Christo
2701 2954 2765 2993 ex
2803 2948 2894 2993 tua
2929 2940 3317 3005 commodasti,
3350 2942 3550 2995 morti-

1968 3034 2067 3088 lica
2111 3035 2294 3088 carnis
2348 3048 2479 3088 mea:
2534 3033 2790 3087 libidines
2822 3074 2835 3097 ,
2900 3048 3024 3102 quae
3062 3033 3327 3103 genuisti,
3383 3043 3540 3089 casta

1972 3124 2150 3195 Virgo.

2213 3212 2351 3266 Eum
2383 3214 2434 3266 in
2475 3213 2694 3281 ﬂamma
2721 3214 2899 3282 pueris
2932 3212 3298 3268 Hebraeorum.

2034 3307 2262 3362 Occisus
2290 3307 2474 3359 multis
2498 3307 2757 3375 peccatis.
2795 3314 3067 3358 mortuam
3096 3306 3265 3362 all‘ero
3295 3308 3537 3362 animam

1966 3400 2019 3452 in
2054 3400 2161 3450 vita
2200 3414 2213 3449 :
2252 3398 2373 3449 ίιίιιο
2398 3398 2735 3450 miseremini
2775 3398 2904 3459 mei,
2936 3398 3007 3450 ob
3034 3398 3307 3453 salutares
3356 3414 3546 3466 preces

1966 3496 2218 3551 nostras,
2276 3486 2366 3541 Dei
2433 3486 2649 3540 visione
2725 3486 3032 3555 gaudentes
3103 3485 3363 3557 discipuli
3435 3485 3546 3540 Do-

1966 3582 2124 3635 tuini.

2034 3672 2417 3728 Circumdatus
2466 3672 2673 3742 peccati
2732 3671 2952 3734 nebula,
3011 3671 3414 3741 desperationis
3456 3672 3541 3725 in-

1965 3766 2123 3821 ferno
2168 3780 2297 3819 vere
2336 3764 2772 3834 appropinquavi
2835 3782 2848 3818 :
2908 3764 3032 3818 ideo
3080 3781 3166 3820 me
3218 3766 3544 3825 illttntinale,

1964 3858 2160 3910 initiati
2194 3856 2336 3909 Solis
2371 3857 2579 3926 gloriae,
2608 3865 2662 3911 et
2691 3856 2784 3926 qui
2813 3857 3169 3926 reperiuntur
3204 3858 3341 3910 radii
3374 3856 3542 3911 Deum

1963 3948 2317 4017 aspicientes.

2034 4038 2077 4091 Α
2108 4037 2424 4094 libidinibus
2456 4038 2691 4101 abstine,
2720 4045 2772 4091 et
2804 4038 2951 4092 salva
2977 4046 3048 4099 te,
3079 4038 3279 4093 misera
3307 4040 3486 4093 anima
3528 4060 3541 4093 :

1963 4132 2195 4201 privatio
2234 4130 2381 4185 enim
2415 4131 2804 4185 alimentorum
2832 4132 3108 4199 jejunium
3145 4146 3253 4183 non
3286 4132 3545 4184 convenit

1961 4230 2109 4275 recte
2165 4222 2538 4287 qumrentibus
2570 4263 2585 4288 ,
2659 4222 2768 4276 nisi
2823 4224 3078 4291 lapsuum
3130 4222 3403 4276 correctio
3447 4237 3546 4276 su-

1962 4321 2138 4381 peret.

2032 4400 2251 4456 Bubum
2319 4402 2444 4471 igne
2475 4403 2821 4457 combustam
2877 4402 3095 4475 Moyses
3134 4414 3183 4458 te
3217 4404 3347 4457 olim
3391 4405 3542 4459 vide-

1959 4493 2073 4558 bat,
2128 4493 2221 4549 Dei
2258 4491 2508 4547 Genitrix
2542 4492 2747 4565 Virgo:
2801 4494 2925 4549 ideo
2964 4494 3257 4551 libidinum
3293 4512 3541 4551 mearum

252 4575 361 4634 τὰς
389 4574 677 4645 καμίνους,
706 4574 800 4627 καὶ
818 4574 987 4645 πυρὸς
1014 4574 1239 4644 γεέννης
1264 4574 1598 4646 ἐξάρπασον,
1628 4579 1723 4630 καὶ
1746 4577 1851 4631 σῶ-
1892 4609 1930 4662 D

1892 4609 1932 4662 ι)
1964 4586 2213 4643 for-uaces
2250 4589 2560 4658 cxstingue,
2592 4598 2647 4644 et
2676 4590 2745 4643 ali
2784 4589 2910 4659 igne
2953 4590 3219 4660 gehennae
3259 4592 3431 4645 evetle
3461 4601 3547 4643 at-

257 4682 375 4718 σον.

541 4759 646 4810 Ἔν
684 4759 901 4822 Σιναίῳ
938 4755 1019 4822 τῷ
1056 4759 1177 4827 ὄρει
1218 4759 1450 4814 κατεῑδέ
1488 4776 1583 4814 σε.

334 4847 581 4915 Ποταμοῖ
612 4850 920 4916 γεγονότες,
950 4850 1260 4913 ἀπόστολοι,
1282 4852 1381 4920 τῆς
1416 4853 1598 4921 πηγῆς
1617 4851 1717 4921 τῆς
1746 4869 1861 4935 νοη-

253 4941 384 5009 τῆς,
423 4940 518 4992 καὶ
564 4940 626 4992 τὸ
670 4938 816 5011 ὕδωρ
846 4941 905 4993 τὸ
940 4941 1046 5005 ζῶν
1093 4943 1507 5012 εὐπορήσαντες
1559 4948 1616 4997 ὲν
1663 4945 1862 5015 καρδίᾳ

253 5032 508 5103 καθαρᾷ,
561 5033 661 5101 τῆς
715 5035 857 5103 ἐμῆς
912 5035 1188 5105 ἁμαρτίας
1240 5035 1307 5087 τά
1357 5036 1549 5106 ῥεῖθρα
1588 5036 1859 5106 ξηράνατε

250 5130 382 5187 ταῖς
413 5128 747 5195 προσευχαῖς
774 5127 953 5196 ὑμῶν,
986 5127 1078 5180 καὶ
1110 5128 1248 5198 πρὸς
1281 5131 1559 5201 σωτηρίας
1632 5130 1749 5182 ὁδὸν
1781 5129 1861 5181 ὁδ-

254 5220 533 5290 ηγήσατε.

342 5314 399 5364 Ἀ
412 5314 649 5383 μαρτίας
676 5315 928 5383 χειμάζει
962 5313 1256 5367 κλυδώνιον
1281 5314 1379 5383 τὴν
1408 5313 1597 5366 ἀθλίαν
1629 5332 1727 5384 μου
1758 5314 1860 5383 ψυ-

254 5406 363 5477 χήν
387 5423 401 5435 ·
431 5407 615 5471 δεξιὰν
668 5408 745 5468 ώς
793 5407 869 5477 τῷ
896 5407 1087 5478 Πέτρῳ
1124 5426 1211 5476 μοι
1247 5409 1510 5471 ἔκτεινον,
1550 5409 1860 5478 κυϐερνῆτα

257 5498 471 5567 ἁγαθὲο
514 5498 589 5569 μὴ
630 5498 789 5568 βυθός
839 5517 907 5567 με
957 5500 1176 5572 καλύψῃ
1227 5502 1255 5552 ὁ
1300 5502 1403 5569 τῆς
1457 5501 1856 5567 ἀπογνώσεωςο

259 5590 463 5658 βρῶμα
499 5590 575 5660 μὴ
604 5590 853 5660 γένωμαι
888 5592 1087 5660 κήτους
1115 5591 1490 5661 ψυχοφθόρου,
1520 5590 1723 5662 Χριστὲ
1764 5607 1858 5643 πο-

256 5681 467 5735 λυέλεε.

346 5773 695 5827 ’Λποστόλων
722 5773 882 5843 χορὸς
911 5773 1147 5826 ἱκετεύει
1178 5790 1258 5837 σε,
1278 5773 1454 5843 Ἰησοῦ
1482 5771 1857 5843 παμϐασιλεῦ·

255 5868 506 5922 δυσωπεί
545 5884 603 5918 σε
634 5867 888 5932 ἀγγέλων
909 5868 974 5920 τὰ
996 5866 1251 5930 τάγματα
1276 5883 1288 5896 ο
1311 5866 1397 5920 διὰ
1431 5866 1632 5935 πλῆθος
1660 5869 1864 5933 οἰκτιρ-

1962 4694 2070 4749 que
2097 4679 2268 4733 salva.

2386 4771 2453 4825 In
2484 4769 2615 4826 Sina
2657 4783 2831 4825 monte
2872 4772 3000 4826 vidit
3041 4784 3110 4826 te.

2034 4862 2283 4916 Flumina
2315 4862 2465 4929 facti,
2519 4866 2778 4933 apostoli,
2819 4864 2989 4918 fontis
3027 4864 3452 4928 intellectualis,
3487 4876 3540 4917 et

1962 4970 2160 5023 aquam
2194 4954 2465 5009 viventem
2517 4954 2730 5009 fttudite
2766 4956 2820 5008 in
2860 4958 3027 5009 corde
3058 4970 3215 5024 puro,
3264 4956 3370 5010 tnei
3418 4971 3542 5026 pec-

1963 5046 2067 5097 cati
2105 5044 2305 5101 llurtus
2345 5046 2550 5101 siccate
2583 5061 2677 5115 per
2713 5062 2902 5116 preces
2932 5056 3169 5111 vestras,
3196 5058 3251 5101 et
3277 5048 3344 5100 ad
3393 5050 3542 5103 salu-

1963 5136 2033 5189 tis
2079 5136 2217 5189 \‘iaut
2254 5138 2462 5193 ducite.

2030 5319 2244 5374 Ροεηιὶ
2353 5320 2490 5374 inulte
2564 5321 2842 5391 exagitant
2947 5318 3203 5377 miseram
3301 5332 3538 5378 mentem

1965 5427 2136 5464 meam
2171 5429 2183 5464 :
2219 5414 2522 5476 dexteram,
2574 5416 2714 5467 sicut
2748 5412 2928 5474 Petro,
2979 5414 3197 5483 porrige
3240 5415 3398 5482 mihi,
3446 5432 3540 5484 gu-

1964 5503 2221 5557 bernator
2244 5508 2381 5558 boue
2413 5522 2424 5557 :
2465 5520 2571 5557 non
2594 5506 2829 5575 abyssus
2855 5505 3265 5573 desperationis
3296 5523 3378 5559 me
3411 5522 3541 5573 epe-

1965 5592 2113 5643 riat:
2163 5594 2320 5645 cibus
2372 5607 2478 5645 non
2516 5593 2637 5665 [iam
2684 5601 2789 5645 cett
2832 5593 2925 5661 qui
2985 5592 3201 5647 anituas
3246 5593 3538 5662 dispertiit,

1964 5683 2182 5736 Christe
2208 5683 2751 5737 tttiscricordissiute.

2037 5773 2426 5841 Apostolorum
2480 5774 2684 5827 chorus
2725 5774 2957 5845 supplex
3013 5775 3231 5828 invocat
3287 5784 3357 5839 te,
3412 5772 3541 5827 Jesu

1965 5867 2209 5919 omnium
2260 5880 2405 5919 rex:
2461 5866 2782 5935 suppliciter
2845 5875 3077 5921 exorant
3125 5874 3178 5921 te
3221 5866 3543 5938 angelorum
