4250 6442
221 335 365 398 3865

480 452 633 506 Θεὸν
668 451 1003 518 ἀνθρώποις
1043 450 1193 505 ιόεῒν
1231 449 1558 505 ἀδύνατον.

281 542 351 599 Ὠ
383 545 481 599 est
509 547 603 598 καὶ
632 545 802 615 Κύριε
834 544 1091 597 πολυέλεε
1114 585 1128 608 ,
1159 545 1227 597 τὰ
1256 544 1352 614 τῆς
1404 545 1544 613 ὲμῆς
1574 542 1801 612 καρδίας

290 638 566 707 οτάθαρον
594 637 903 706 τραύματα,
937 636 1225 707 μετανοίας
1264 634 1662 707 προσπλάττων
1712 650 1803 704 μοι

212 743 249 791 φ
270 741 480 794 totum
506 740 522 757 ο
571 725 817 795 ἥμαρτον
871 741 974 782 σοι.
1006 726 1309 794 οῐκτειρον,
1340 725 1512 777 σῶσόν
1560 740 1652 793 με,
1684 724 1804 786 ταῖς

216 818 321 871 τῶν
352 817 668 870 ἀποστόλων
703 834 797 870 σου
826 818 1038 887 εὐχαῖς,
1070 816 1143 881 ώς
1175 817 1485 880 πολυὲλεος.

293 997 523 1067 Ὅρμαῖς
555 996 777 1058 ἀτόποις
806 993 1213 1065 ἐξηκολούθησα
1255 993 1643 1064 φρενοϐλαῦὦς
1663 1034 1677 1058 ,
1709 995 1805 1046 καὶ

205 1088 330 1148 ἴλος
359 1086 598 1156 ἐμαυτοῦ
628 1085 732 1150 ἔξω
754 1086 976 1152 γέγονα,
1001 1084 1201 1155 ἡδονῶν
1231 1084 1290 1137 τὸ
1320 1084 1492 1155 τραχὺ
1525 1083 1805 1151 σιτιζόμε-

210 1198 302 1243 νος
320 1197 335 1213 ’
362 1183 454 1233 καὶ
484 1182 582 1250 τῆς
608 1178 981 1249 σωτηριώδους
1010 1178 1521 1247 καθυστερουμὲνας
1548 1175 1804 1246 βρώσεως

211 1280 239 1329 ό
272 1278 519 1338 ἄσωτος’
556 1274 761 1344 Χριστὲ
787 1274 1078 1343 οἰκτειρον,
1114 1271 1287 1323 σῶσόν
1323 1287 1411 1340 με.

283 1370 444 1439 Ψυχὴ
476 1370 673 1430 κακίας
708 1367 781 1438 μὴ
811 1366 1211 1436 καθαρεύουσα,
1246 1367 1339 1417 καὶ
1373 1363 1576 1433 ἡδονῶν
1600 1361 1801 1431 σαυτὴν

212 1461 561 1531 φθοροποιών
599 1460 675 1531 μὴ
724 1460 1068 1530 μακρύνασα.
1102 1458 1154 1510 τί
1184 1458 1429 1526 ἀκαίρως
1462 1456 1670 1525 ἀγάλλῃ
1706 1473 1797 1523 νη-

211 1553 511 1616 amco-.52;
552 1549 769 1621 Ταυτὴν
802 1551 911 1619 γὰρ
952 1549 1048 1619 τὴν
1095 1549 1351 1619 νηστείαν
1384 1548 1485 1599 οὐκ
1526 1544 1805 1613 ἐξελέξατο

210 1648 435 1716 Κύριος,
462 1647 489 1697 ὁ
518 1645 677 1714 μόνος
711 1643 809 1714 τὴν
840 1642 997 1712 ἡμῶν
1023 1643 1193 1696 θέλων
1226 1639 1536 1710 διόρθωσιν.

1662 332 2080 393 TRIODIUM.

2149 444 2313 499 Deum
2343 444 2648 499 hominibus
2689 446 2865 498 videre
2900 445 3249 515 impossibile.

1985 536 2030 590 Ο
2056 535 2221 602 Deus,
2259 544 2314 591 et
2350 535 2579 590 Domine
2613 537 2842 589 mullum
2870 537 3210 599 misericors,
3244 538 3348 590 mei
3380 552 3505 590 cor-

1912 629 2000 682 dis
2028 628 2191 683 ablue
2228 629 2476 689 vulnera,
2519 629 2861 698 poenitentia:
2892 628 3355 684 medicamentum
3407 644 3504 700 ap-

1914 720 2163 789 plicans:
2193 721 2413 789 peccavi
2439 721 2562 783 tibi,
2596 722 2880 783 miserere,
2927 720 3075 772 salva
3112 737 3217 782 ille,
3259 737 3353 790 per
3386 731 3508 775 tuo-

1913 826 2033 864 rum
2078 812 2452 879 apostolorum
2496 827 2705 881 preces,
2741 821 3003 881 tauquam
3055 814 3285 866 multum
3332 814 3504 868 mise-

1916 903 2119 957 ricors.

1984 995 2212 1050 Insanos
2242 1007 2468 1051 secutus
2505 1013 2626 1051 sum
2663 997 2923 1066 impetus,
2960 995 3239 1063 desipiens
3267 999 3280 1047 ί
3308 1005 3361 1047 et
3381 1009 3501 1049 om-

1913 1087 2043 1141 nino
2068 1087 2245 1156 impos
2279 1090 2381 1142 nilei
2411 1088 2588 1142 factus
2613 1105 2755 1153 sum,
2797 1104 2995 1158 aspero
3030 1092 3372 1156 voluplatuut
3419 1105 3503 1143 me

1913 1180 2161 1233 nutriens
2213 1191 2267 1235 et
2328 1182 2561 1236 salutari
2617 1181 2850 1235 inferior
2900 1183 3062 1247 cibo,
3122 1182 3441 1237 luxuriosus
3485 1201 3499 1236 :

1910 1270 2132 1325 Christe
2164 1273 2476 1338 miserator,
2506 1275 2658 1326 salva
2697 1288 2802 1328 me.

1980 1366 2175 1417 Anima
2228 1383 2351 1434 qua:
2385 1378 2532 1419 lttattl
2562 1382 2671 1419 non
2707 1381 2910 1434 purgas
2936 1364 3203 1418 malitiam
3234 1374 3287 1418 et
3329 1382 3358 1418 a
3403 1380 3501 1417 vo-

1917 1459 2219 1526 luptatibus
2251 1476 2356 1511 nou
2404 1459 2563 1524 longe
2602 1467 2656 1511 te
2710 1458 3005 1511 snbmoves
3039 1456 3332 1518 letliil'eris,
3375 1472 3501 1509 cum

1918 1550 2303 1619 intempestive
2330 1550 2569 1604 exsultat
2590 1549 2919 1617 jejunando?
2941 1550 3052 1602 lloe
3077 1550 3221 1603 enim
3252 1564 3359 1603 non
3387 1549 3502 1602 ele-

1912 1643 1993 1695 xit
2054 1642 2319 1695 Dominus
2381 1643 2683 1711 jejunium,
2728 1643 2823 1711 qui
2883 1644 3035 1697 solus
3092 1651 3340 1696 nostram
3386 1642 3501 1697 vult

1911 1732 2382 1786 clnendationem.

274 1824 419 1877 Φωτὶ
449 1822 527 1892 τῷ
558 1823 687 1892 θείῳ
715 1837 782 1891 με
808 1818 1238 1888 φωταγώγησον,
1258 1820 1288 1887 ἡ
1308 1815 1401 1869 τοῦ
1429 1816 1631 1885 φωτὸς,
1658 1815 1803 1882 Παρ-

1980 1823 2182 1876 Dirino
2210 1825 2417 1879 lumine
2450 1825 2665 1880 illustra
2695 1842 2802 1891 me,
2839 1826 3007 1897 Virgo
3048 1828 3140 1883 Dei
3181 1830 3384 1890 Mater,
3415 1830 3501 1883 lu-

204 1916 325 1969 θένε
356 1915 612 1979 Θεοτόκῖ,
646 1913 937 1983 λοχεύτρια
965 1929 979 1943 ο
1008 1912 1099 1963 καὶ
1134 1910 1313 1979 ψυχῆς
1349 1926 1450 1978 μου
1498 1907 1589 1959 τὸν
1635 1906 1796 1973 ζόφον

202 2009 499 2067 ἀπέλασον,
536 2008 686 2069 ὅπως
716 2023 774 2059 σε
804 2003 1116 2073 μακαρίζω,
1139 2004 1204 2071 ἣν
1232 1998 1598 2070 μακαρίζουσι
1626 1998 1797 2050 πᾶσαι

199 2101 310 2151 τῶν
339 2097 647 2167 ἀνθρώπων
672 2096 879 2163 γενεαὶ,
913 2094 988 2156 ώς
1023 2093 1461 2161 προεφήτευσας.

421 2190 485 2242 Ὀ
523 2189 1018 2255 ἀναϐαλλόμενος
1057 2182 1183 2252 φῶς
1220 2183 1301 2247 ὡς
1339 2179 1592 2250 ἱμάτιον.

277 2284 457 2336 Ἱασαί
493 2299 581 2348 με,
612 2281 809 2351 Κύριε,
848 2278 940 2331 καὶ
973 2277 1291 2345 ἰαθήσομαι,
1329 2272 1405 2343 τῷ
1447 2269 1676 2342 μώλωπί
1704 2286 1798 2322 σου

199 2376 325 2431 τοϋ;
359 2373 456 2438 τῆς
488 2371 665 2440 ῲυχῆς
698 2387 799 2439 μου
831 2367 1145 2435 ἐκκαθάρας
1180 2364 1491 2435 μώλωπας,
1531 2362 1740 2432 ωτερ,
1772 2361 1801 2413 ὁ

201 2470 268 2517 τχ
299 2464 446 2533 πάθη
484 2465 649 2532 σαρκὶ
681 2461 1139 2528 καταδεξάμενος.

272 2556 828 2625 ’Λκίνθοφορὴσασαν
884 2556 979 2606 καὶ
1032 2550 1405 2622 χερσωθεῖσάν
1474 2566 1574 2617 μου
1624 2546 1802 2615 ψυχὴν

200 2648 489 2710 παντοίαις
523 2647 715 2700 παθῶν
764 2646 985 2708 είδέαις,
1025 2644 1229 2715 Χριστὲ
1259 2660 1382 2711 μοι),
1419 2642 1741 2711 καθάρισον,
1776 2640 1803 2692 ό

201 2741 455 2808 στεφθεὶς
492 2740 758 2801 ἀκάνθαις
797 2738 863 2791 δι’
896 2740 1073 2807 ἄκραν
1104 2735 1439 2804 ἀγαθότητα.

288 2832 480 2886 Ῥὖσαι
513 2837 611 2902 τῆς
650 2832 851 2894 κακίας
886 2849 952 2901 με
983 2830 1077 2883 τοῦ
1110 2829 1503 2899 πολεμήτορος,
1539 2829 1800 2897 ἐπίστρε-

197 2926 301 2995 ψόν
350 2942 416 2995 με
466 2924 556 2977 τὸν
606 2924 971 2993 πλανηθέντα,
1003 2922 1098 2975 καὶ
1136 2922 1593 2989 ὲκδαπανήσαντα
1629 2919 1806 2973 πάντα

204 3035 312 3089 μου
338 3017 430 3070 τὸν
461 3016 575 3085 βίον
604 3014 850 3079 ἀσώτως,
887 3014 1168 3067 πολυέλεε.

279 3208 420 3261 Νέον
468 3210 794 3277 ἀπεκύησας
848 3209 923 3269 ὡς
957 3210 1175 3279 βρέφος,
1228 3208 1486 3278 ἄχραντε,
1540 3208 1631 3260 τὸν
1661 3206 1805 3259 Πλα-

201 3301 471 3370 στουρείόν
506 3318 639 3369 μου,
677 3302 735 3353 ὃν
768 3301 1108 3353 ὲκδυσώπειο
1164 3299 1617 3369 πεπαλαιωμὲνον
1654 3316 1718 3367 με
1751 3300 1809 3350 ὲν

200 3391 375 3464 πολλῇ
404 3392 575 3464 κακίᾳ
608 3394 977 3457 ἀνακαινίσαι,
1010 3394 1299 3445 Δέσποινα.

690 3486 791 3538 Σοὶ
834 3483 913 3549 τῷ
953 3483 1336 3553 Παντουργῷ.

277 3575 581 3640 Ἤπλωσας
596 3577 813 3646 σταυρῷ
832 3577 946 3639 τὰς,
966 3575 1191 3645 Χριστὲ,
1216 3574 1495 3643 παλάμας.
1513 3574 1693 3642 χειρὸς
1711 3572 1804 3625 τοῦ

198 3668 554 3741 προπάτορος
582 3670 642 3721 τὸ
676 3669 915 3737 ἀκρατὲς
950 3666 1215 3738 ἀναιρῶν,
1248 3668 1390 3738 ξύλῳ
1412 3668 1467 3721 δὲ
1490 3666 1647 3732 ξύλου
1671 3667 1807 3719 ίάσω

195 3763 301 3831 τὴν
334 3760 585 3829 κατάραν
606 3774 620 3788 ’
650 3759 773 3812 ὅθεν
808 3776 868 3812 σε
899 3757 1178 3829 ὑμνοῦμεν
1212 3761 1291 3820 είς
1323 3758 1521 3813 πάντα.

272 3939 365 3992 Σοὶ
398 3936 476 4008 τῷ
531 3937 731 4007 θελητῇ
785 3936 886 4006 τῆς
920 3937 1213 4004 σωτηρίας,
1242 3934 1759 4004 Λόγε,προσπίπτω
1787 3955 1800 3969 ⁸

189 4031 333 4101 Ρνελή
343 4047 490 4097 ματα
510 4029 577 4083 τὰ
602 4030 951 4097 πονηρότατα
970 4027 1179 4081 παῦσον
1204 4028 1262 4079 ὲν
1283 4027 1438 4097 τάχει
1457 4028 1521 4079 ὲκ
1544 4029 1642 4097 τῆς
1665 4028 1687 4079 ὲ
1697 4029 1804 4099 μῆς

186 4122 430 4195 λαρῗίας
450 4165 463 4185 ,
495 4124 525 4175 ὁ
558 4121 793 4190 σταυρὸν
820 4121 913 4173 καὶ
946 4118 1092 4188 πάθη
1125 4120 1342 4188 θελήσει
1370 4120 1691 4189 ὑπομείνας.

274 4216 526 4267 Ἀσωτον
556 4212 701 4283 ζωὴν
727 4209 1165 4282 διεστραμμένον
1193 4210 1308 4277 βίον
1340 4210 1585 4276 ποθήσας
1624 4211 1803 4281 ἠμαύ-

190 4323 389 4381 ρνομαι
417 4304 529 4372 ἐγὼ
557 4306 584 4357 ὁ
605 4303 812 4365 ἄσωτος
830 4318 844 4334 ο
865 4300 1078 4370 λάμψον
1100 4302 1297 4354 ἀκτῖνα
1320 4302 1663 4372 ἐπιστροφῆς
1684 4319 1799 4373 μοι,

183 4399 364 4468 Λόγε,
396 4400 425 4451 ὁ
452 4396 603 4468 ἡλίου
634 4397 839 4466 φέγγος
861 4395 939 4467 τῷ
976 4395 1207 4464 πάσχειν
1228 4394 1589 4465 ἀμαυρώσεις.

271 4581 492 4636 Παῦσον
520 4581 620 4651 τῆς
650 4581 790 4650 ἐμῆς
817 4577 1165 4632 πο).υωίύνου
1214 4578 1396 4631 πᾶσαν
1439 4565 1802 4647 καρδίας’τὴν

182 4675 473 4737 κάκωσιν,
506 4673 718 4742 Μαρία,
752 4672 946 4740 Μῆτερ
971 4669 1129 4733 Θεοῦ,
1167 4670 1402 4739 θραῦσον
1429 4669 1698 4737 δαιμόνων
1727 4671 1800 4722 τὰ

185 4767 333 4840 βέλη
370 4766 464 4818 καὶ
506 4764 576 4816 τὰ.
607 4763 759 4830 τόξα,
790 4764 900 4817 τῶν
928 4762 1379 4834 ὲκπολεμούντων
1417 4762 1515 4837 τὴν
1544 4762 1806 4832 ταπεινὴν

177 4862 385 4930 ψυχήν
418 4876 542 4926 μον.

241 4949 481 5007 Ἠσαΐα.
520 4949 766 5016 χόρευε·
793 4949 829 5014 ἠ
869 4945 1173 5015 Παρθένος
1194 4947 1383 5015 ἔσχεν
1418 4946 1490 5001 ἐν
1526 4948 1762 5018 γαστρί.

270 5042 389 5112 Τὴν
414 5041 614 5111 λιθώδη
647 5039 908 5111 πώρωσιν
945 5042 1044 5110 τῆς
1087 5039 1266 5109 ψυχῆς
1302 5058 1427 5110 μου,
1460 5039 1802 5111 εὔσπλαγχνε

181 5132 431 5202 Χριστὲ,
466 5131 766 5193 ἀπάλυνον,
797 5131 892 5183 καὶ
938 5131 1123 5200 πηγὴν
1147 5130 1234 5191 δός
1269 5147 1380 5199 μοι,
1412 5130 1607 5198 ἀγαθὲ,
1643 5131 1796 5195 Θείας

180 5223 589 5289 κατανύξεως’
638 5224 667 5274 ὁ
718 5225 783 5275 ὲκ
827 5221 1070 5292 πλευρᾶς
1121 5219 1325 5289 βλύσας
1374 5238 1462 5289 μοι
1502 5221 1669 5291 ζωὴν,
1703 5223 1802 5291 τῆς

177 5315 482 5389 ἁμαρτίας
511 5327 614 5385 μου
636 5316 763 5378 τοὺς
794 5315 1130 5386 χειμάρρους
1159 5315 1617 5367 ἀναστέλλουσαν.

267 5408 543 5479 Ἐμαυτὸν
565 5408 849 5480 ἀπέῤῥιψα
880 5408 959 5470 είς
989 5407 1057 5459 τὰ
1085 5405 1222 5476 βάθη
1253 5406 1362 5459 τῶν
1387 5406 1671 5476 ἁμαρτιῶν
1692 5448 1706 5471 ,
1736 5408 1804 5461 τὰ

177 5505 311 5572 ὕψη
348 5498 675 5554 καταλιπὼν
702 5499 768 5551 τὰ
799 5497 908 5550 τῶν
938 5497 1149 5567 ἀρετῶν
1168 5514 1182 5528 ο
1211 5495 1327 5549 ἀλλ’
1356 5496 1583 5550 ἕλκυσον
1630 5499 1805 5554 σῶσόν

176 5612 293 5667 με,
322 5593 351 5645 ὁ
383 5590 624 5645 ἀνελθὼν
659 5590 752 5642 ἐπὶ
783 5587 878 5641 τοῦ
913 5587 1177 5658 σταυροῦ,
1230 5590 1323 5641 καὶ
1376 5589 1437 5641 τὸ
1466 5589 1803 5659 ἀνθρώπινον

169 5683 508 5746 ἀνελκύσας
542 5682 680 5752 πρὸς
712 5682 797 5747 σὲ,
830 5680 1024 5750 Κύριε.

262 5772 590 5844 Ιλυκασμδς
617 5771 713 5835 ὢν,
742 5771 935 5836 Κύριε,
959 5770 1052 5823 καὶ
1081 5769 1300 5840 ήδύτης,
1330 5768 1406 5833 ώς
1436 5772 1799 5844 Δημιουργὸς,

1902 1917 2067 1969 minis
2092 1913 2362 1978 Genitrix,
2395 1926 2448 1970 et
2475 1918 2543 1970 ab
2575 1919 2761 1971 anima
2795 1933 2911 1972 mea
2938 1921 3150 1988 expelle
3184 1922 3497 1988 caliginem,

1903 2016 1962 2063 ut
2020 2017 2072 2063 te
2134 2009 2349 2062 beatam
2395 2011 2704 2079 praedicem,
2748 2027 2912 2080 quam
2969 2009 3182 2067 beatam
3203 2014 3501 2083 praulieaut

1901 2116 2090 2155 omnes
2124 2102 2403 2153 lmminum
2436 2103 2845 2172 generationes,
2882 2105 3025 2157 sicut
3060 2106 3389 2173 praedixistl.

2202 2191 2429 2245 Lumine
2457 2194 2684 2247 amictus
2706 2195 2842 2246 sicut
2868 2196 3197 2250 vestimento.

1980 2284 2127 2339 Sana
2161 2300 2271 2348 me,
2310 2283 2558 2348 Domine,
2598 2296 2653 2338 et
2696 2287 2958 2349 sanalmr,
3006 2288 3100 2355 qui
3134 2288 3362 2341 vulnere
3402 2294 3497 2342 tuo

1903 2376 2129 2429 vulnera
2164 2374 2361 2428 animm
2389 2390 2520 2428 mea:
2550 2374 2886 2437 emundasti,
2922 2373 3201 2441 Salvator,
3237 2376 3291 2428 in
3329 2390 3499 2430 carne

1904 2469 2127 2522 dolores
2168 2475 2393 2520 nostros
2425 2482 2488 2520 ex
2500 2476 2708 2534 pertus.

1977 2561 2177 2628 Spinas
2215 2559 2580 2627 prolereutem
2601 2568 2656 2611 et
2688 2558 2994 2612 desolatam
3036 2560 3276 2612 animam
3317 2560 3498 2613 omni--

1906 2652 2085 2705 modis
2099 2650 2458 2718 cupiditatum
2483 2649 2775 2718 speciebus
2789 2649 3049 2710 emunda,
3073 2648 3293 2703 Christe
3316 2664 3496 2716 meus,

1908 2744 2002 2813 qui
2032 2744 2211 2811 spinis
2242 2750 2542 2796 coronatus
2569 2757 2630 2794 es
2664 2741 2735 2795 ob
2762 2750 3065 2794 extremam
3091 2742 3417 2806 boslitatem,

1978 2834 2174 2889 Libera
2214 2849 2299 2889 mc
2333 2834 2399 2888 de
2425 2834 2638 2886 malitia
2668 2833 2880 2887 inimici
2921 2834 3062 2887 bella
3096 2838 3341 2904 agentis;
3373 2850 3501 2890 con-

1907 2937 2057 2981 verte
2085 2942 2192 2987 me,
2226 2929 2315 2993 qui
2347 2927 2400 2979 in
2433 2941 2679 2979 errorem
2720 2925 2997 2981 abductus
3031 2943 3152 2981 sum
3191 2936 3241 2979 et
3278 2942 3496 2980 omnem

1909 3020 2276 3075 substantiam
2324 3034 2499 3072 meam
2551 3018 2840 3087 dissipavi,
2888 3020 3121 3074 vivendo
3177 3020 3500 3084 luxuriose,

1912 3109 2145 3162 multum
2182 3109 2525 3165 misericors.

1985 3200 2277 3255 Parvulum
2310 3211 2366 3253 ut
2402 3201 2690 3268 infantem,
2727 3203 3099 3266 immaculata,
3142 3202 3495 3257 Conditorem

1912 3311 2088 3347 meum
2114 3294 2375 3363 genuisti,
2403 3310 2567 3363 quem
2598 3296 2829 3350 obsecra
2872 3305 2928 3349 ut
2964 3312 3049 3349 me
3076 3298 3129 3349 in
3176 3297 3347 3349 multa
3389 3296 3499 3350 dis-

1909 3388 2185 3438 turbatum
2220 3385 2509 3454 iniquitate
2537 3387 2896 3456 redintegret,
2940 3386 3197 3440 Domina.

2349 3476 2468 3530 Tibi
2501 3479 2735 3532 omnium
2766 3478 3036 3534 Creatori.

1978 3566 2196 3623 Palmas
2224 3569 2276 3621 in
2308 3586 2476 3624 cruce
2497 3572 2816 3634 extendisti,
2842 3571 3080 3635 Christe,
3115 3586 3310 3626 manus
3332 3568 3494 3641 priml

1906 3664 2150 3727 parentis
2196 3661 2388 3714 dolens
2443 3661 2949 3727 intemperantiam,
2989 3670 3043 3715 et
3076 3662 3128 3714 in
3165 3662 3314 3729 ligno
3364 3658 3494 3727 ligni

1906 3752 2114 3807 snnasti
2141 3752 2584 3808 maledictionem
2615 3767 2629 3816 ;
2669 3752 2811 3808 unde
2842 3762 2897 3809 te
2939 3754 2994 3809 in
3025 3754 3214 3810 omnia
3249 3752 3493 3807 celebra-

1905 3858 2029 3897 mus
2058 3842 2299 3914 hymnis.

1976 3932 2096 3987 Tibi
2123 3936 2656 3993 libentisalvationis
2682 3939 2917 4000 auctori,
2946 3936 3208 4002 Verbum,
3231 3953 3494 4006 procum-

1904 4024 1976 4080 bo
2009 4043 2022 4079 :
2065 4028 2346 4097 improbas
2368 4030 2478 4083 cito
2503 4030 2555 4083 in
2590 4033 2756 4085 corde
2792 4046 2912 4086 meo
2938 4046 3135 4084 coerce
3176 4030 3490 4089 volitiones.

1903 4120 1995 4190 qui
2029 4135 2250 4175 crucem
2283 4132 2337 4176 et
2375 4125 2662 4191 passiones
2699 4125 3010 4179 voluntarie
3048 4125 3384 4179 sustinuisti.

1986 4207 2358 4265 Luxuriosum
2389 4214 2617 4276 victum,
2646 4228 2960 4283 perversam
2990 4214 3153 4265 vitam
3180 4211 3491 4276 ambiendo,

1912 4302 2215 4356 ol'lusratus
2261 4318 2381 4356 sum
2446 4318 2547 4373 ego
2590 4305 2907 4359 luxuriosus
2963 4322 2976 4357 :
3027 4303 3313 4357 illucescat
3359 4302 3491 4357 mihi

1910 4391 2291 4447 conversionis
2322 4395 2536 4457 radius,
2569 4392 2828 4458 Verbum,
2855 4393 2947 4463 qui
2982 4393 3117 4448 solis
3142 4392 3491 4464 splendorem

1830 4502 1884 4562 Β
1912 4483 2167 4552 patiendo
2195 4484 2497 4539 olfuscnsti.

1978 4573 2184 4630 Coerce
2228 4576 2469 4631 dolorosi
2527 4578 2712 4634 cordis
2767 4582 2870 4635 mei
2917 4594 3136 4635 omnem
3198 4577 3490 4639 malitiam,

1908 4666 2099 4727 Maria,
2131 4666 2300 4723 Mater
2352 4669 2468 4732 Dei,
2523 4670 2715 4742 frange
2762 4672 3073 4727 daemonum
3106 4672 3211 4727 tela
3242 4679 3296 4727 et
3328 4684 3492 4726 arcus

1907 4760 2294 4816 debellantium
2322 4777 2617 4833 pauperem
2650 4766 2889 4820 animam
2924 4780 3122 4822 meam.

2180 4939 2354 5008 Isaia,
2388 4942 2667 5012 tripudia;
2712 4946 2871 5017 Virgo
2894 4948 3116 5014 gravida
3142 4957 3240 5003 est.

1979 5028 2268 5101 Lapideam
2323 5035 2521 5089 anima-
2562 5053 2696 5093 meaa
2725 5040 3026 5093 caecitatem
3078 5041 3284 5103 emolli,
3326 5039 3491 5095 Chri-

1906 5131 1991 5178 ste
2035 5124 2375 5191 misericors,
2426 5137 2479 5181 et
2501 5129 2566 5182 da
2614 5130 2768 5195 mihi,
2831 5131 2993 5195 bone,
3052 5130 3257 5185 fontem
3290 5127 3490 5187 divina:

1906 5217 2372 5286 compunctiouis,
2424 5220 2520 5289 qui
2551 5235 2615 5272 ex
2673 5222 2843 5277 latere
2874 5224 3040 5277 vitam
3076 5224 3204 5278 ιιιιΙιί
3239 5224 3486 5281 inl'udisti

1913 5319 2260 5380 peccatorum
2291 5326 2539 5366 meorum
2573 5323 2845 5370 torrentes
2884 5315 3244 5371 auferentem.

1976 5402 2172 5458 hiemet
2200 5403 2322 5458 dedi
2360 5406 2693 5477 praecipitem
2724 5408 2777 5461 in
2816 5417 3167 5478 peccatorum
3203 5413 3485 5482 abyssum.

1906 5494 2123 5548 excelsa
2151 5494 2416 5548 virtutum
2443 5496 2852 5565 derelinquens;
2884 5499 2979 5553 sed
3016 5500 3170 5554 trahe
3198 5516 3303 5561 me,
3336 5500 3487 5555 salva

1910 5600 2022 5649 me,
2050 5586 2143 5652 qui
2179 5602 2401 5641 rruccm
2447 5589 2744 5644 ascctzdisti
2791 5600 2844 5646 et
2876 5608 3050 5662 genus
3082 5593 3374 5647 lmmanum
3417 5596 3485 5647 ad

1907 5684 1961 5730 te
1992 5676 2291 5743 attraxisti,
2330 5675 2581 5733 Domine.

1980 5767 2230 5833 Domine,
2276 5769 2368 5841 qui
2411 5770 2643 5827 dulcedo
2688 5787 2746 5827 es
2778 5780 2832 5828 et
2871 5773 3235 5842 jucunditatis
3271 5786 3485 5846 auctor,
