4250 6442
283 422 423 488 3877

1736 434 2150 497 TRIODIUM.

3431 445 3573 510 3878

288 533 625 605 στηλιτεύων
660 536 758 605 τὴν
805 535 1166 606 ἀναισθησίαν
1221 543 1356 609 pou!
1394 541 1529 595 ἀλλὰ
1577 545 1759 611 φεῖσαι
1809 545 1862 595 Er

1989 546 2558 615 uifeslabis.Christc,
2584 548 2811 603 infamia
2847 564 3022 605 meam
3058 552 3313 609 duritiem
3340 569 3559 622 notans,

283 627 597 696 συμπαθὴς,
634 628 816 695 φεῖσαί
851 646 954 697 μου
987 631 1132 683 τότε.

354 811 585 864 Κόλπων
615 812 715 863 οῦκ
748 814 949 875 ἐκστὰς
976 814 1084 866 τῶν
1115 816 1403 888 πατρῴων,
1438 821 1495 872 ὲν
1530 820 1753 885 κόλποις
1783 823 1875 876 ἀν-

278 903 500 973 εκλίθης
538 906 839 975 Παρθένου,
876 906 963 958 ἐπ’
989 907 1286 979 ἀνακλήσει
1313 911 1408 964 τοῦ
1436 913 1625 981 γένους
1655 909 1715 967 οὗ
1745 916 1871 983 ἐφό-

279 1015 445 1067 ρεσας
491 998 581 1051 διὰ
631 999 950 1070 σπλάγχνα,
985 1000 1211 1071 Χριστὲ,
1244 1003 1306 1056 τὸ
1334 1005 1588 1075 ὁμοίωμα
1614 1022 1625 1035 ·
1655 1006 1777 1060 ὅθεν
1812 1026 1872 1062 σε

278 1090 449 1161 ύμνοῦ
459 1109 581 1160 μεν.

780 1187 1058 1250 Φωτίζου,
1095 1189 1370 1256 φωτίζον.

346 1275 670 1345 Φαιδρύνου,
691 1279 955 1347 φωτίζου,
980 1281 1011 1349 ἡ
1043 1280 1343 1351 Ἐκκλησία
1368 1281 1462 1334 τοῦ
1487 1283 1746 1354 Χριστοῦ,
1774 1287 1869 1340 τοῦ

276 1368 512 1439 σταυροῦ
549 1372 670 1432 ταῖς
717 1371 954 1436 ἀκτῖσιν,
991 1372 1051 1424 ὃν
1096 1373 1290 1443 φέρεις
1340 1376 1704 1445 προκείμενον
1731 1380 1835 1431 πάι.
1868 1412 1871 1417 ~

275 1477 385 1513 των
426 1463 507 1523 είς
544 1462 922 1532 προσκύνησιν
945 1480 958 1494 ⁸
1008 1465 1071 1517 σὺ
1105 1465 1159 1517 δὲ
1197 1465 1407 1535 πληθὺς
1440 1469 1589 1520 πᾶσα
1617 1468 1729 1521 τῶν
1755 1471 1867 1523 δατ.

278 1552 479 1621 μόνων,
513 1553 738 1615 σκότους
767 1554 1069 1624 πλησθεῖσα
1098 1556 1391 1627 ἀπόδραοι.

344 1644 564 1712 Κράτος
594 1647 923 1717 ἐγκρατείας
967 1649 995 1700 ὁ
1033 1648 1175 1712 θεῖος
1212 1651 1425 1719 πέφυκε
1458 1656 1714 1725 σταυρὸς,
1745 1671 1867 1707 συν-

272 1737 435 1804 εργὸς
470 1738 1244 1808 άγρυπνούντων,νηστευτῶν
1267 1744 1561 1813 ἐνίσχυσις,
1595 1747 1868 1816 πολεμου-

274 1828 453 1897 μένων
489 1830 1064 1900 ύπέρμαχοςοτοῦτον,
1095 1836 1300 1900 πιστοὶ,
1319 1836 1469 1907 πόθῳ
1500 1838 1865 1903 συνελθόντες,

271 1921 593 1991 περιχαρῶς
626 1926 991 1995 προσκυνήσω
998 1944 1119 1997 μεν.

342 2011 599 2081 Θεμέλιοι
626 2014 760 2068 θεῖοι
783 2017 883 2085 τῆς
918 2016 1249 2088 Ἑκκλησίας
1277 2020 1370 2073 τοῦ
1402 2021 1640 2093 Χριστοῦ
1663 2064 1676 2086 ,
1708 2024 1867 2093 ἑδρα-

271 2108 397 2178 σμῷ
424 2110 728 2174 εὐσεϐείας,
757 2114 964 2176 πάντας
987 2115 1384 2183 συντηρὴσατε,
1408 2117 1501 2167 καὶ
1528 2116 1621 2168 ἐπὶ
1659 2116 1867 2187 πέτραν

271 2200 563 2269 στηρίξατε
603 2200 704 2269 τὴν
739 2202 955 2273 ἀρῤαγῆ
989 2203 1083 2255 τοῦ
1116 2203 1481 2274 ἐκλεξαμένου
1513 2204 1657 2273 ὑμᾶς
1679 2245 1693 2270 ,
1728 2207 1864 2259 ἀπό-

270 2296 449 2347 στολοι
476 2296 701 2361 ἔνδοξοι.

343 2390 536 2459 Χαραν
573 2390 916 2443 συλλαϐοῦσα
944 2391 1036 2444 τοῦ
1079 2392 1426 2462 ἀρχαγγέλου
1457 2395 1524 2463 τῇ
1561 2396 1737 2464 φωνῇ,
1768 2394 1867 2464 τῆς

270 2483 413 2551 ἐμῆς
444 2482 540 2535 νῦν
573 2483 803 2553 καρδίας
830 2483 928 2554 τὴν
959 2483 1139 2552 λύπην
1174 2485 1438 2551 ἀφάνισον
1469 2484 1567 2555 τὴν
1596 2485 1869 2555 ψυχοφοό-

271 2587 387 2641 ρον,
404 2572 499 2622 καὶ
512 2571 677 2637 δίδου,
696 2573 858 2641 ἁγνὴ,
872 2573 1165 2641 χαροποιὸν
1186 2573 1399 2639 πένοος,
1416 2573 1566 2638 ὅπως
1582 2574 1729 2647 εῦρω
1752 2577 1869 2627 ἐκεῖ

268 2663 367 2734 τὴν
398 2663 550 2717 Θείαν
577 2664 952 2735 παράκλησιν.

571 2756 787 2823 Παῖδες
822 2757 1060 2827 εὐαγεῖς
1098 2759 1168 2812 ἐν
1205 2758 1280 2827 τῇ
1317 2762 1566 2829 καμίνῳ.

344 2843 527 2908 Πάϐος
549 2863 645 2898 σου
672 2844 770 2897 τοῦ
797 2844 1045 2909 ἀπαθοῦς
1067 2847 1252 2917 ὁρῶσα
1278 2850 1310 2917 ἡ
1337 2850 1515 2912 κτίσις
1538 2850 1865 2920 συνέπασχε,

272 2935 598 3006 μακρόθυμε
618 2952 632 2966 ·
669 2936 824 3006 ἥλιος
865 2937 1156 2992 ἐσϐέννυτο
1178 2978 1192 3001 ,
1228 2940 1425 3009 πέτραι
1455 2942 1863 3013 διερρήγνυντο,

269 3028 425 3078 nisa
477 3028 550 3096 γῆ
603 3028 813 3080 ἐσείετο
863 3028 1013 3099 φόϐῳ
1053 3032 1468 3101 κραυγάζουσα*
1511 3033 1613 3084 Τὸν
1662 3034 1866 3103 Κύριον

270 3118 517 3187 ὑμνεῖτε,
551 3119 619 3171 τά
655 3118 813 3189 ἔργα.

342 3299 566 3369 Θηρίοις
597 3298 790 3362 δεινοῖς
822 3301 936 3362 τοῖς
965 3299 1061 3352 τοῦ
1092 3299 1365 3370 καλάμου,
1395 3300 1626 3354 Θεοτόκε
1657 3320 1759 3370 μου
1787 3306 1865 3354 οἰ-

268 3392 545 3460 κτίρμων,
578 3390 930 3459 ἐπιτίμησον,
953 3388 1102 3443 ἔνδον
1132 3408 1199 3458 με
1224 3390 1589 3454 συνθλίϐουσι,
1615 3392 1818 3462 Σῶτερ,
1838 3395 1866 3443 ό

265 3482 370 3551 τὴν
425 3482 622 3551 ἄτιμον
667 3480 987 3548 ὑπενεγκὼν
1030 3481 1366 3551 τυπτόμενος
1406 3481 1563 3553 ῦϐριν
1608 3483 1862 3553 καλάμῳ,

268 3575 497 3645 Χριστὲ,
530 3575 762 3646 τιμῆσαι
816 3575 1182 3645 προελόμενος
1228 3576 1437 3638 πάντας
1492 3577 1616 3639 τοὺς
1661 3579 1863 3646 ἀτιμα-

268 3669 505 3732 σθέντας
535 3671 599 3739 τῇ
642 3668 811 3722 πάλαι
846 3668 1181 3739 παραϐάσει.

342 3763 435 3825 Εἰς
465 3762 593 3814 νοῦν
610 3761 670 3814 τὸ
702 3762 932 3832 φρικτόν
957 3778 1051 3814 σου
1084 3762 1161 3814 ὅτ’
1184 3761 1251 3813 ἂν
1275 3761 1447 3827 λάϐω,
1472 3763 1639 3834 κριτά
1661 3764 1864 3815 δικαιό-

265 3871 421 3916 τατε,
459 3855 763 3923 κριτήρον,
794 3855 983 3922 τρέμω
1026 3854 1123 3905 καὶ
1159 3853 1471 3922 ἐξίσταμαι,
1524 3856 1732 3926 φρίττω
1767 3855 1861 3907 καὶ

263 3944 534 4015 ὀδύρομαι
558 3986 572 4010 ,
605 3944 889 3998 κατανοῶν
922 3946 988 3999 τα
1018 3944 1158 4016 ἔργα
1194 3963 1293 4016 μου
1324 3946 1480 4016 δίκης
1510 3947 1707 4013 ἐπάξια
1733 3965 1744 3976 ·
1782 3948 1862 4000 6:6

264 4058 367 4094 σου
392 4043 493 4111 τὴν
521 4040 724 4112 πολλὴν
752 4042 1180 4113 εύσπλαγχνίαν,
1216 4041 1422 4114 Σῶτερ,
1462 4042 1538 4113 μὴ
1568 4044 1769 4115 νικήσῃ
1801 4044 1860 4096 τὸ

265 4130 476 4201 πλῆθος
505 4132 617 4184 τῶν
644 4131 832 4185 κακῶν
871 4149 993 4203 μου.

340 4221 591 4277 Τεκοῦσά
620 4239 681 4275 σι
706 4222 935 4277 ἄνευθεν
957 4221 1185 4287 ὠδίνων,
1204 4221 1398 4287 ὀδύνας
1425 4227 1492 4295 τῇ
1524 4227 1589 4296 σῇ
1614 4227 1860 4295 σταυρώ-

263 4332 353 4369 σει
370 4313 808 4383 καθυφίσταμαι,
828 4314 1127 4387 φλέγοντας
1143 4315 1212 4368 τὰ
1230 4316 1515 4386 σπλάγχνα
1552 4334 1653 4385 μου
1669 4334 1683 4348 ο
1706 4317 1859 4387 ἥλοις

261 4405 379 4475 γάρ
407 4380 758 4475 προσήλωσαι
802 4380 901 4476 τὴν
942 4380 1049 4476 σὴν
1094 4406 1355 4477 πλευρὰν,
1388 4380 1740 4478 μακρόθυμε,
1771 4408 1858 4475 ἐξ·

257 4498 651 4569 ορυττόμενος,
702 4498 736 4565 ἡ
789 4498 1066 4563 πάναγνος
1109 4498 1240 4549 ἐϐόα
1296 4499 1605 4569 Παρθένος·
1656 4501 1724 4572 ἢν
1780 4501 1855 4566 ὡς

256 4588 550 4651 Θεοτόκον,
583 4586 891 4657 συμᾳὼνως
920 4586 1287 4658 ἀνυμνοῦμεν.

412 4760 599 4829 Ἄπαξ
634 4765 895 4835 γηγενὴς
939 4765 1235 4832 σκιρτάτω
1272 4766 1354 4830 τῷ
1391 4766 1713 4835 Πνεύματι.

330 4859 491 4930 Ξύλῳ
514 4859 610 4912 τοῦ
639 4859 874 4928 σταυροῦ
903 4860 1003 4929 τὴν
1036 4859 1213 4929 φλόγα
1241 4860 1522 4931 ἐμάρανας
1549 4861 1646 4931 τῆς
1675 4861 1855 4930 ἀμαρ-

255 4954 406 5017 τίας,
441 4953 680 5023 Χριστέ·
715 4954 905 5023 χεῖρας
948 4953 1300 5023 πεπαρμένος
1333 4952 1391 5005 δὲ
1425 4953 1605 5023 χειρὸς
1638 4953 1855 5025 ὲρρύσω

255 5043 357 5097 τοῦ
386 5044 515 5095 πολε
524 5043 761 5112 μήτορος
781 5043 871 5095 τὸν
886 5044 1143 5113 ἀκρατῶς
1167 5042 1487 5096 ἐκτείναντα
1505 5045 1695 5113 χεῖρας
1716 5045 1853 5114 πρὸς

256 5135 472 5205 βρῶσιν
500 5133 741 5205 καρποῦ·
780 5126 952 5205 οὗπερ
985 5134 1148 5204 μόνου
1177 5133 1401 5202 φεύγειν
1428 5134 1525 5204 τὴν
1552 5135 1854 5207 μετάληψιν

250 5229 550 5301 ἀπεφήνω,
578 5226 783 5297 Χριστὲ
809 5227 1084 5281 πολυὲλεε.

330 5408 514 5472 Πάθος
541 5425 660 5471 σου,
686 5408 913 5479 Χριστὲ,
942 5407 1004 5460 τὸ
1028 5409 1195 5461 πᾶσιν
1216 5407 1487 5462 ἀπάθειαν
1512 5408 1722 5479 βροτοῖς
1745 5427 1849 5479 πη-

252 5503 437 5572 γάσαν
467 5501 711 5573 φαιδρῶς
742 5501 935 5573 βλέψαι
966 5502 1305 5567 καταξίωσον
1342 5505 1402 5556 ὲν
1440 5502 1676 5573 ἀπαθείᾳ
1720 5506 1848 5567 τοὺς

252 5594 709 5669 προσκυνοῦντας
758 5594 965 5658 πιστῶς
1004 5596 1097 5648 τὸν
1140 5596 1232 5650 σὺν
1265 5598 1497 5667 σταυρὸν
1528 5600 1617 5652 τὸν
1643 5600 1843 5668 τίμιον,

251 5692 358 5753 τὰς
400 5688 675 5760 ἁμαρτίας
704 5687 860 5757 ἡμῶν
895 5688 1286 5758 παραϐλέπων,
1320 5690 1416 5743 καὶ
1462 5692 1560 5761 τῆς
1608 5691 1843 5745 ἀναστά-

253 5798 398 5845 σεως
424 5782 646 5852 ἀληθεῖς
676 5798 767 5835 σου
796 5782 944 5845 υἱοὺς
972 5782 1360 5852 ἐργαζόμενος.

1977 640 2070 691 sed
2121 641 2342 710 ignosce
2410 652 2671 712 tauquam
2725 645 3091 712 compatiens,
3148 648 3369 715 ignosce
3434 653 3566 702 mihi

1980 740 2129 782 11100.

2048 818 2284 875 Paterno
2323 838 2430 877 non
2462 824 2653 879 exiens
2698 824 2847 885 sinu,
2887 824 3130 896 Virginis
3163 829 3213 881 in
3246 830 3369 883 sinu
3404 845 3567 885 recu-

1975 908 2165 971 buisti,
2199 918 2255 963 ιιι
2294 928 2581 967 revocares
2615 928 2787 983 genus
2820 915 2982 982 cujus
3020 915 3440 973 similitudinem
3498 921 3570 973 oh

1976 1001 2436 1069 misericordiam,
2469 1003 2710 1068 Christe,
2749 1009 3060 1075 sumpsisti,
3101 1009 3247 1065 unde
3280 1020 3331 1065 te
3400 1013 3561 1082 hym-

1974 1093 2062 1148 nis
2096 1096 2459 1151 celebramus.

2428 1188 2766 1255 Illuminnre,
2810 1191 3139 1246 illuminare.

2045 1271 2372 1343 Respleude,
2418 1278 2754 1341 iilumiuare,
2815 1279 3060 1334 Ecclesia
3110 1278 3339 1344 Christi,
3380 1284 3568 1337 crucis

1975 1366 2146 1418 radiis
2177 1383 2338 1434 quam
2369 1370 2677 1437 expositam
2734 1371 2842 1426 fers
2905 1372 3149 1425 omnium
3204 1373 3560 1443 adorationi;

1974 1467 2028 1509 tu
2062 1474 2215 1520 vero,
2252 1460 2435 1513 mimis
2485 1461 2779 1516 multitudo
2834 1463 3145 1518 dmmonum
3206 1467 3448 1522 tenebris
3480 1483 3564 1523 re-

1972 1549 2137 1617 pleta,
2174 1551 2427 1621 confuge.

2043 1641 2412 1698 COIIliIICIlliEB
2449 1645 2636 1706 robur,
2694 1647 3038 1714 vigilanlium
3094 1647 3356 1717 adjulrix,
3420 1651 3565 1718 jeju-

1970 1730 2219 1783 nantium
2249 1730 2603 1792 confortatio.
2636 1732 3027 1786 debellantium
3059 1738 3453 1805 propugnatrix
3480 1748 3564 1791 est

1968 1820 2153 1875 divina
2189 1838 2322 1876 crux
2365 1843 2376 1875 :
2419 1839 2561 1889 cam,
2592 1825 2800 1888 ίὶιΙιιιος,
2833 1826 3122 1880 desideriis
3172 1830 3563 1887 convenientt-s

1898 1908 1938 1961 Β
1968 1931 2090 1971 cum
2116 1918 2479 1973 exsultatione
2508 1920 2816 1973 adoremus.

2048 2006 2241 2059 Divina
2309 2007 2567 2062 Ecclesiae
2628 2010 2830 2064 Clu-iSti
2896 2010 3277 2076 fundamenta,
3340 2017 3561 2085 pietatis

1968 2097 2343 2149 stabilimeuto
2375 2113 2476 2152 nos
2503 2114 2694 2153 omnes
2727 2112 3072 2166 ronservate,
3101 2112 3156 2157 et
3199 2121 3366 2173 super
3396 2108 3562 2161 intra-

1967 2196 2109 2241 ctam
2142 2190 2484 2243 c0nsolidate
2526 2200 2734 2261 petram
2770 2193 2918 2247 illius
2954 2194 3044 2262 qui
3098 2211 3194 2250 vos
3233 2198 3413 2268 elegit,
3448 2201 3562 2270 glo-

1965 2280 2101 2333 riosi
2132 2281 2387 2348 apostoli.

2038 2364 2120 2420 Tu
2161 2382 2285 2437 qua:
2318 2368 2599 2437 gaudium.
2643 2369 2956 2440 archangeli
3020 2388 3173 2438 voce,
3226 2378 3560 2447 concepisti,

1967 2459 2125 2514 aufer
2155 2475 2304 2513 nunc
2334 2476 2624 2516 mcerorem
2650 2463 2833 2516 cnrdis
2865 2464 2968 2517 mei
3012 2465 3205 2519 anima:
3231 2482 3365 2522 mea:
3401 2470 3543 2523 letha

1973 2549 2103 2615 lem,
2139 2559 2195 2604 et
2228 2549 2319 2612 da,
2355 2550 2673 2618 purissima,
2711 2550 2915 2604 luctqu
2951 2553 3340 2621 lattilicantem,
3372 2567 3433 2611 ut
3490 2557 3561 2612 ibi

1969 2641 2241 2696 inveniam
2277 2642 2515 2693 divinam
2553 2644 3014 2697 consolationem.

2394 2731 2579 2786 Sancti
2638 2736 2787 2801 pueri
2826 2736 2877 2788 in
2905 2736 3140 2804 fornace.

2040 2823 2235 2890 Tuam,
2289 2827 2379 2894 qui
2439 2826 2798 2894 iutpassihilis
2859 2845 2941 2895 es,
2995 2833 3306 2898 passionem
3369 2833 3560 2889 videns

1967 2919 2147 2972 omnis
2173 2926 2426 2971 creatura
2458 2934 2750 2986 compassa
2783 2931 2888 2986 est,
2943 2921 3275 2992 longanimis
3304 2940 3321 2991 ;
3353 2926 3561 2978 exstin—

1969 3022 2092 3063 ctus
2121 3016 2204 3062 est
2233 3009 2335 3069 sol,
2368 3017 2533 3076 petrze
2563 3010 2753 3063 scissae
2786 3020 2933 3073 sunt,
2986 3014 3165 3067 omnis
3229 3024 3374 3067 terra
3436 3025 3553 3069 tre-

1971 3115 2121 3153 more
2152 3101 2484 3153 conturbata
2519 3111 2603 3154 est
2645 3102 2890 3155 clamans
2927 3119 2941 3156 :
2980 3103 3266 3156 hominum
3324 3104 3551 3161 benedi-

1970 3192 2099 3255 citc,
2133 3207 2318 3260 cpt-ra.

2042 3285 2198 3337 Diras
2240 3286 2457 3353 increpa
2512 3283 2658 3339 feras
2704 3288 3012 3351 arundinis,
3048 3287 3141 3343 Dei
3182 3290 3285 3344 mei
3337 3291 3558 3346 miseri-

1968 3392 2094 3431 cors
2123 3377 2327 3441 Mater;
2372 3380 2520 3432 intus
2554 3392 2638 3430 me
2681 3388 2987 3441 t-oarctaut,
3032 3380 3283 3435 Salvator
3312 3383 3555 3452 Christe,

1967 3470 2058 3538 qui
2128 3470 2549 3539 ignominiosam
2620 3470 2761 3525 ietus
2812 3473 3100 3526 arundinei
3168 3476 3555 3529 contumeliam

1968 3563 2265 3623 sustulisti,
2298 3563 2424 3630 quia
2470 3562 2835 3617 constitueras
2879 3578 3070 3618 omnes
3118 3566 3410 3621 honestare
3459 3568 3557 3621 dc-

1970 3657 2288 3709 ltouestatos
2323 3654 2547 3722 antiqua
2591 3655 3053 3723 transgressione.

2036 3746 2269 3812 Quando
2317 3745 2369 3797 iu
2424 3752 2603 3800 tuente
2654 3745 2988 3798 horrendum
3044 3755 3222 3809 tuum,
3249 3746 3557 3815 iustissime

1962 3839 2152 3909 judex.
2188 3838 2434 3907 concipis
2465 3837 2759 3906 judicium,
2790 3845 2968 3892 tremo
3006 3846 3060 3893 et
3094 3838 3387 3907 obstupeo,
3424 3841 3550 3894 hor-

1967 3946 2123 3985 resro
2181 3938 2235 3983 et
2292 3931 2583 3993 lamentor,
2633 3944 2797 3999 opera
2857 3946 2974 3983 mea
3030 3932 3336 4000 recogitans
3388 3934 3551 4001 digna

1965 4024 2201 4074 vindicta
2221 4039 2235 4084 ;
2254 4037 2426 4091 quare
2454 4021 2676 4073 multam
2705 4029 2852 4075 tuam
2880 4022 3343 4086 mist-ricordiam,
3362 4022 3553 4079 Salva-

1965 4124 2071 4176 tor,
2115 4131 2181 4167 ue
2221 4114 2401 4167 vincat
2442 4114 2734 4166 multitudo
2769 4112 3099 4168 delictorum
3136 4130 3406 4169 meorum.

2035 4209 2146 4279 Ego
2173 4223 2295 4277 qua:
2336 4215 2388 4262 te
2423 4208 2633 4276 absque
2668 4208 2955 4263 doloribus
2991 4212 3177 4277 genui,
3211 4208 3428 4264 dolores
3461 4222 3551 4265 tua

1962 4300 2323 4355 crucilixione
2366 4300 2617 4355 sustineo
2664 4300 2876 4353 viscera
2924 4315 3041 4352 mea
3085 4308 3338 4366 urentes;
3380 4300 3552 4356 clavis

1960 4393 2105 4447 enim
2154 4392 2324 4446 latere
2376 4399 2471 4444 tuo
2516 4393 2817 4445 transﬁxus
2869 4398 2924 4444 et
2982 4389 3298 4458 perfossus,
3358 4393 3549 4462 leuga-

1963 4487 2149 4551 minis,
2184 4486 2526 4541 exclamabat
2581 4486 2893 4540 castissima
2946 4481 3135 4554 Virgo,
3178 4499 3341 4554 quam
3396 4486 3550 4540 voci-

1884 4579 2068 4639 Dbus
2122 4579 2380 4633 ccusonis
2445 4586 2707 4648 tanquam
2767 4574 2860 4631 Dei
2919 4575 3146 4631 Matrem
3205 4576 3549 4649 celebramus

1960 4669 2201 4728 hvmuis.

2246 4760 2431 4816 Omnis
2469 4761 2733 4831 terrigena
2774 4762 3006 4816 exsultet
3037 4763 3252 4832 spiritu.

2033 4849 2207 4922 Ligno
2240 4852 2424 4906 crucis
2470 4854 2680 4922 peccati
2727 4853 3001 4907 ﬂammam
3051 4854 3311 4924 languere
3342 4857 3542 4922 fecisti,

1956 4944 2211 5009 Christe;
2265 4945 2522 4999 manibus
2562 4961 2693 5000 vero
2725 4947 3089 5011 transfossus,
3126 4948 3193 5002 de
3235 4964 3398 5003 manu
3437 4953 3543 5006 iui-

1957 5038 2081 5093 mici
2128 5052 2254 5092 eum
2308 5036 2554 5092 liberasti
2586 5037 2692 5106 qui'
2718 5038 3124 5093 incontinenter
3161 5056 3381 5095 manum
3443 5059 3540 5098 ex-

1957 5132 2210 5184 tenderat
2245 5129 2308 5183 ad
2352 5128 2593 5185 fructum
2633 5131 3111 5199 manducandum;
3164 5134 3325 5204 cujus
3369 5136 3541 5191 solius

1955 5222 2433 5292 participationem
2485 5222 2662 5278 vitare
2709 5224 2862 5280 visus
2910 5240 2993 5288 es,
3031 5223 3254 5279 Christe
3310 5226 3537 5279 multum

1953 5316 2289 5370 misericors.

2023 5409 2345 5466 Passionem
2386 5418 2560 5476 tuam,
2593 5409 2831 5474 Christe,
2867 5427 2929 5464 ex
2980 5426 3084 5479 qua
3117 5410 3375 5464 omnibus
3415 5425 3535 5464 sca-

1950 5502 2084 5557 turit
2129 5501 2544 5569 impassibilitas
2593 5502 2937 5563 oortalihus,
2990 5502 3217 5571 dignare
3267 5517 3365 5556 nos
3418 5503 3533 5555 ala-

1949 5598 2118 5649 criter
2173 5605 2225 5649 et
2287 5597 2564 5664 passionis
2615 5607 2867 5667 expertes
2918 5596 3124 5663 videre,
3167 5597 3258 5667 qui
3307 5596 3537 5651 ﬁdeliter

1950 5696 2097 5740 luam
2134 5686 2427 5756 pretiosam
2467 5688 2761 5742 a'dorautus
2797 5704 3016 5743 crucem
3053 5700 3313 5757 :peccala
3346 5697 3532 5741 uOSIra

1948 5779 2157 5833 scilicet
2196 5780 2306 5832 noli
2344 5781 2696 5835 considerate
2736 5790 2789 5834 et
2834 5796 2991 5835 vrros
3033 5790 3137 5835 tua?
3178 5780 3535 5835 resurrectio-

1948 5870 2033 5925 nis
2070 5870 2220 5925 lilios
2247 5887 2345 5926 nos
2378 5870 2547 5926 eﬂice.
