4250 6442
295 338 432 404 3881

1730 348 2135 412 TRIODIUM.

3425 359 3570 425 388?.

364 453 468 505 Τὸν
518 455 752 525 σταυρὸν
774 456 1009 527 Χριστοῦ
1059 457 1149 510 τὸν
1194 459 1395 530 τίμιον,
1429 462 1679 529 Θεοτὸκε,
1718 461 1881 533 ἁγνὴ,
1917 473 1963 528 Α

1917 473 1963 528 Α
2062 464 2293 522 Crucem
2325 467 2531 525 Christi
2581 471 2872 540 pretiosam
2920 473 3193 529 intuentes
3222 484 3277 530 et
3305 489 3373 530 ex
3402 480 3567 529 corde

294 543 597 614 βλέψαντας
646 549 739 599 καὶ
788 550 851 600 ἐκ
896 548 1124 619 καρδίας
1167 554 1653 621 προσκυνήσαντας
1707 556 1877 625 ἡμεῖς,

291 638 413 698 ταῖς
471 640 593 701 σαῖς
645 638 780 709 πρὸς
828 641 920 692 τὸν
953 642 1232 712 Δεσπότην
1281 643 1511 709 ἀξίωσον
1564 646 1882 719 πρεσϐείαις

297 727 424 781 ἰδεῖν
454 731 547 783 καὶ
574 730 643 783 τὰ
674 731 820 801 πάθη
856 732 924 786 τὰ
964 732 1156 799 σεπτά,
1194 735 1382 788 παθῶν
1409 737 1877 808 κεκαθαρμένους.

666 824 795 877 Ὀτι
833 825 1088 893 ἐποίησὲ
1122 845 1223 895 μοι
1256 826 1512 896 μεγάλα.

371 910 744 985 ’Υπάρχοντες
776 917 1082 987 φωστῆρες,
1113 918 1373 982 ἀπλανεῖς
1425 920 1657 992 Χριστοῦ
1708 922 1878 993 ἀθλη-

290 1008 380 1059 ταὶ
401 1048 414 1072 ,
446 1010 718 1077 φωτίσατε
750 1009 908 1082 ἡμῶν
936 1012 1063 1075 τοὺς
1090 1012 1418 1082 λογισμοὺς,
1453 1016 1546 1067 καὶ
1572 1014 1882 1085 νευρὼσατε

291 1102 467 1154 ποιεῖν
498 1101 566 1155 τά
601 1101 872 1173 φωταυγῆ
893 1104 988 1157 καὶ
1017 1104 1236 1176 καθαρὰ
1264 1103 1398 1158 Θεοῦ
1433 1104 1735 1175 θελήματα.

373 1278 668 1349 Ῥομφαῖαι
701 1280 1033 1351 καθορᾶσθε,
1066 1283 1547 1352 κατασφάττουσαι
1572 1285 1880 1354 δυσμενεῖς,

289 1372 533 1436 γενναῖοι
582 1370 678 1423 τοῦ
728 1370 935 1441 Κυρίου
983 1372 1252 1443 ἀθληταί·
1296 1373 1435 1427 ἀλλά
1463 1374 1700 1445 ῥύσασθε
1733 1374 1882 1444 ἡμᾶς

291 1467 356 1519 ὲκ
386 1467 495 1519 τῶν
523 1466 693 1536 βελῶν
716 1467 811 1521 τοῦ
840 1469 1105 1540 πονηροῦ,
1129 1473 1249 1534 ταῖς
1278 1472 1637 1540 προστασίαις
1671 1471 1844 1539 ὑμῶν.

365 1558 709 1612 ’Δνάπαυσον
768 1560 827 1613 ὲν
888 1561 1109 1624 κόλποις
1166 1562 1261 1615 τοῦ
1325 1562 1560 1627 πιστοῦ,
1621 1560 1827 1632 Χριστὲ
1863 1600 1879 1625 ,

308 1648 578 1719 Ἀϐραὰμ,
611 1651 736 1713 τοὺς
757 1651 977 1715 δούλους
1008 1669 1101 1705 σου
1136 1653 1261 1715 τοὺς
1298 1653 1477 1707 πίστει
1510 1652 1567 1718 ἐξ
1597 1653 1754 1723 ἡμῶν
1783 1653 1878 1705 ἐκ·

1991 556 2303 625 adorautes,
2356 559 2585 630 dignare
2642 576 2765 626 nos,
2820 573 2972 618 casta
3031 563 3284 634 Deipara,
3336 565 3463 621 tuis-
3503 570 3569 620 ad

1988 645 2274 703 Dominum
2308 649 2800 709 intercessionibus
2828 661 3145 724 passionem
3188 658 3365 728 ipsam
3405 673 3573 714 vene-

1987 739 2212 795 rabilem
2248 742 2519 812 aspicere,
2550 745 2907 815 passionibus
2941 748 3284 816 purihcatos.

2411 835 2555 901 Quia
2585 837 2709 903 fecit
2744 839 2873 892 mihi
2902 856 3116 910 magna.

2058 922 2167 979 Vos
2232 928 2326 996 qui
2384 927 2678 983 luminaria
2742 930 2915 994 estis,
2986 931 3304 988 inerrantes
3361 932 3569 990 Christi

1986 1017 2228 1082 athletae,
2284 1018 2589 1077 illuminate
2618 1030 2835 1078 nostras
2889 1023 3275 1092 cogitationes,
3333 1032 3389 1080 et
3444 1024 3573 1079 date

1987 1109 2156 1163 robur
2201 1110 2266 1165 ad
2309 1111 2588 1169 faciendas
2636 1130 2806 1185 puras
2842 1124 2897 1171 et
2940 1116 3312 1173 illuminantes
3346 1116 3440 1173 Dei
3471 1132 3572 1172 vo-

1985 1200 2247 1259 luntates.

2058 1293 2408 1366 Rhomphzea:
2455 1296 2717 1352 videmini
2768 1297 2999 1354 infestos
3037 1298 3375 1369 jugulantes,
3404 1315 3574 1370 gene-

1985 1386 2101 1440 rosi
2151 1385 2369 1442 Domini
2418 1388 2666 1458 athleta;
2711 1390 2805 1445 sed
2853 1405 2886 1445 a
2936 1392 3058 1447 telis
3097 1391 3320 1462 maligni
3366 1394 3575 1449 auxilio

1984 1486 2174 1534 vestro
2206 1479 2434 1535 liberate
2464 1496 2585 1537 nos.

2058 1569 2433 1640 Requiescere
2480 1572 2566 1628 fac
2612 1574 2668 1629 in
2718 1575 2842 1631 sinu
2886 1576 3062 1632 ﬁdelis
3107 1577 3342 1632 Abrahae
3386 1592 3576 1633 servos

1986 1667 2131 1727 tuos,
2166 1663 2408 1730 Christe,
2441 1668 2534 1734 qui
2579 1681 2704 1720 cum
2750 1667 2855 1721 ﬁde
2909 1683 2939 1722 c
2979 1668 3138 1722 nobis
3171 1668 3480 1739 migrarunt
3507 1668 3577 1723 ad

292 1739 641 1810 δημήσαντας
672 1742 809 1813 πρὸς
845 1743 904 1796 σὲ
933 1743 1026 1797 τὸν
1064 1742 1160 1797 τοῦ
1191 1744 1391 1807 παντὸς
1423 1744 1762 1815 Δημιουργὸν
1790 1743 1883 1797 καὶ
1915 1820 1955 1836 ﬂ

1571 1744 1762 1813 ουργὸν
1790 1743 1883 1797 καὶ
1915 1820 1955 1836 n
1987 1760 2042 1809 te
2071 1753 2313 1809 universi
2345 1755 2659 1812 Creatorem
2687 1766 2743 1813 et
2773 1758 3249 1836 benignissimum.

293 1831 662 1903 ὑπεράγαθον.

363 1924 573 1995 Σαρκός
597 1943 698 1995 μου
723 1928 820 1990 τὰς
844 1928 1087 1997 κινήσεις
1108 1928 1493 1998 ἀπονέκρωσον
1517 1929 1549 1997 ἡ
1571 1928 1702 1982 Θεὸν
1723 1931 1888 2001 σαρκὶ

291 2017 637 2071 ἀποτεκοῦσα
686 2018 826 2088 ὑπὲρ
871 2018 997 2072 νοῦν
1016 2060 1031 2083 ,
1066 2021 1158 2073 καὶ
1188 2020 1475 2089 παράσχου
1506 2019 1787 2090 φωτισμὸν
1818 2021 1885 2090 τῇ

290 2108 503 2181 διανοίᾳ
531 2128 657 2182 μου,
692 2111 852 2183 ἁγνὴ,
879 2111 953 2175 ὡς
982 2111 1349 2181 ύπεράγαθος.

629 2313 683 2365 '0
725 2312 797 2366 τὰ
832 2311 1023 2366 ὕδατα
1060 2311 1247 2366 πάλαι
1284 2313 1551 2381 νεύματι.

366 2403 477 2467 Τὰς
499 2403 658 2472 ἡμῶν
687 2402 922 2465 διανοίας
948 2402 1078 2472 θείῳ
1103 2402 1321 2474 ἀρότρῳ
1346 2400 1647 2466 νεώσαντες
1673 2403 1773 2473 τῆς
1795 2405 1886 2456 ἐν·

293 2495 421 2550 θέου
472 2493 745 2564 νηστείας,
784 2494 997 2563 ἀρετῶν
1045 2494 1286 2563 ἀσταχυν
1326 2495 1882 2565 καρποφορήσωμεν·

292 2588 443 2649 ὅπως
475 2587 549 2657 μὴ
574 2590 920 2657 πεινὰσωμεν
952 2586 1033 2647 εις
1061 2586 1154 2637 τὸν
1177 2585 1349 2638 αἰῶνα
1381 2585 1726 2655 τρυφῶντες·
1750 2602 1883 2656 τρυ-

294 2680 403 2751 φὴν
434 2679 535 2749 τὴν
568 2679 841 2733 ἀδάπανον
870 2676 1323 2747 ἐπαγαλλόμενος,

369 2770 707 2842 Ιιολυχρόνια
745 2771 894 2841 πάθη
927 2770 1138 2823 ἔνδοθεν
1168 2769 1386 2840 φέρων,
1437 2770 1754 2835 σκοτίζοντα
1784 2772 1884 2844 τὴν

293 2863 488 2917 ἀθλίαν
516 2864 695 2934 ψυχήν
721 2880 846 2933 μου,
879 2863 1014 2932 πρὸς
1041 2862 1140 2933 τὴν
1167 2861 1289 2933 σὴν,
1329 2863 1523 2934 ἄχρονε
1549 2863 1689 2931 Λόγε
1717 2864 1884 2934 ἀχρό-

295 2976 389 3011 νου
439 2958 671 3027 Πατρδς,
707 2956 941 3024 δύναμιν
966 2955 1235 3023 ἀήττητον
1279 2956 1715 3025 συντετριμμένῃ
1749 2972 1886 3027 καρ-

292 3051 385 3123 δίᾳ
416 3050 740 3122 προστρέχω
767 3048 860 3102 καὶ
887 3047 1112 3118 δέομαι,
1143 3047 1439 3118 οῖκτειρον,
1473 3047 1645 3101 σῶσόν
1676 3065 1768 3119 με.

376 3221 442 3273 'lI
488 3220 749 3291 καλλίστη
797 3220 1020 3289 νηστεία
1052 3218 1276 3289 στρέφει
1304 3218 1567 3290 καρδίαν,
1600 3217 1889 3272 πιαίνουσα

297 3312 581 3381 λογισμοῖς
605 3312 943 3383 Θεαρέστοις,
970 3312 1066 3365 καὶ
1099 3310 1289 3363 παθῶν
1317 3308 1556 3361 ἄϐυσσον
1583 3307 1890 3377 ἀποξηραί-

295 3417 485 3467 was-1,
516 3400 744 3471 ὄμϐροις
773 3398 1122 3465 κατανύξεως
1148 3397 1513 3469 ἀποκαθαίρει
1549 3398 1676 3460 τοὺς
1710 3396 1891 3451 πίστει

295 3492 507 3548 αἷνεσιν
535 3492 920 3564 προσάγοντας
946 3491 1026 3562 τῷ
1052 3490 1483 3560 Παντοκράτορι.

340 3585 698 3655 ,Ιίολυώνυμε
728 3586 914 3656 Κόρη,
968 3585 1198 3654 χαίροις,
1247 3582 1380 3651 ἁγία
1427 3580 1707 3654 Παρθένε,
1760 3580 1894 3633 Geo.

290 3680 506 3750 κυῆτορ
550 3678 762 3749 Μαρία,
794 3678 903 3732 τῶν
936 3677 1145 3729 πιστῶν
1176 3674 1440 3745 καύχημα
1460 3711 1476 3737 ,
1504 3673 1750 3743 κατάρας
1796 3671 1893 3725 λύ-

289 3787 519 3839 τρωσις,
543 3769 751 3839 κλίμαξ
778 3768 1096 3838 ὲπουρὰνιε,
1122 3768 1496 3837 ἀκατανόητον
1528 3764 1733 3835 θαῦμα,
1761 3762 1891 3833 βάτε

291 3862 707 3930 ἁκατάφλεκτε,
730 3861 805 3931 γῆ
832 3859 1179 3930 ἀγεώργητε.

762 3952 1121 4006 Βαϐυλωνία
1157 3951 1428 4019 κάμινος.

367 4046 502 4110 Ταῖς
555 4045 849 4116 βλαϐεραῖς
890 4044 984 4096 τοῦ
1028 4043 1208 4112 ὄφεως
1239 4041 1471 4103 πλάναις
1515 4038 1890 4110 ἐξελκόμενος,

290 4141 506 4209 Σῶτερ,
539 4138 865 4204 δελεάζομαι
884 4134 1094 4198 δεινῶς,
1112 4134 1236 4187 καθ’
1257 4134 1469 4205 ἡμέραν
1499 4135 1576 4203 τῷ
1602 4135 1757 4201 ἄλγει
1787 4152 1890 4204 μου

290 4232 728 4302 προστιθέμενος
778 4228 945 4297 ἄλγος
966 4241 984 4258 °
1015 4226 1097 4279 διὸ
1129 4225 1429 4296 κραυγάζω
1460 4242 1564 4291 σοι,
1604 4226 1754 4296 ίατρὲ
1783 4225 1893 4279 τῶν

289 4325 625 4389 νοσούντων,
657 4320 1009 4392 ὲπίστρεψον,
1042 4318 1216 4372 σῶσόν
1237 4334 1326 4389 με.

366 4413 764 4487 Νενηστευκὼς
809 4412 1076 4481 ἀνέστησε
1108 4410 1275 4463 παῖδα
1304 4408 1688 4479 Σουμανίτιδος
1718 4410 1890 4463 πάλαι

2062 1928 2261 1985 Carnis
2286 1946 2425 1987 mea:
2448 1941 2629 1989 motus
2655 1931 2950 1997 mortiﬁca,
2976 1948 3096 2003 quae
3125 1934 3293 1989 Deum
3324 1933 3379 1988 in
3408 1948 3579 1990 carne

1992 2020 2154 2075 modo
2193 2021 2353 2079 ﬁdem
2388 2024 2688 2080 excedente
2732 2025 2997 2094 genuisti,
3027 2033 3084 2080 et
3116 2026 3575 2083 illuminationem

1990 2116 2172 2183 prmbe
2224 2116 2390 2171 menti
2433 2132 2586 2182 mete,
2633 2118 2954 2186 purissima,
2991 2126 3255 2188 tanquam
3296 2118 3579 2189 benignis-

1990 2207 2151 2263 sima.

2455 2303 2562 2369 Qui
2589 2320 2757 2373 aqua:
2784 2304 2917 2358 olim
2944 2314 3100 2358 nutu.

2059 2394 2355 2465 Postquam
2399 2395 2587 2450 divino
2633 2396 2879 2451 caelestis
2905 2396 3103 2465 jejunii
3136 2403 3324 2449 aratro
3364 2395 3577 2464 cogita-

1991 2486 2170 2542 tiones
2200 2494 2424 2543 nostras
2458 2487 2808 2552 novavimus,
2851 2501 3089 2542 messem
3127 2486 3393 2542 virtutum
3430 2486 3576 2541 fera-

1988 2592 2134 2641 mus,
2169 2586 2230 2631 ut
2268 2593 2548 2646 nunquam
2585 2579 2639 2633 in
2678 2579 2896 2635 deliciis
2944 2580 3260 2636 esuriamus
3306 2581 3364 2635 in
3413 2587 3577 2637 teter:-

1990 2684 2148 2731 num,
2180 2668 2399 2725 deliciis
2425 2670 2773 2727 inexhaustis
2803 2671 3169 2727 exsultantes.

2061 2757 2364 2814 Diuturnas
2407 2761 2557 2815 intus
2605 2759 2789 2816 ferens
2828 2761 3119 2831 cupidines
3158 2776 3281 2832 qua
3318 2763 3577 2818 miseram

1991 2847 2231 2902 animam
2265 2864 2440 2902 meam
2474 2850 2768 2915 oll'uscant,
2804 2851 2871 2905 ad
2904 2860 3055 2906 tuam
3092 2854 3350 2907 invictam
3383 2863 3577 2924 poten-

1991 2939 2162 3003 tiam,
2218 2938 2398 2994 Patris
2467 2942 2659 2996 aeterni
2722 2941 2962 2997 Verbum
3044 2952 3352 3009 azternum,
3407 2944 3579 3000 cordo

1991 3031 2233 3085 contrito
2302 3046 2576 3101 accurro,
2649 3042 2706 3089 et
2774 3033 3057 3099 obsecro,
3130 3036 3396 3091 miserere
3445 3036 3576 3095 tnci.

1991 3122 2143 3176 salva
2175 3136 2283 3176 me.

2064 3213 2342 3283 Optimum
2374 3215 2644 3285 jejunium
2682 3229 2781 3270 cor
2816 3224 3010 3282 mutat,
3036 3215 3147 3271 Deo
3173 3217 3414 3287 acceptis
3455 3216 3581 3287 pia.

1992 3304 2308 3374 guelaciens
2370 3306 2797 3375 cogitationibus
2865 3316 2921 3362 et
2983 3308 3347 3378 cupiditatum
3413 3309 3578 3379 abys-

1993 3411 2115 3451 sum
2149 3396 2437 3451 exsiccaus
2468 3395 2631 3451 ﬁuvia
2671 3400 3114 3468 eompunctiouis
3148 3398 3412 3457 emundat
3455 3401 3578 3456 illos

1994 3489 2088 3557 qui
2116 3489 2171 3543 in
2203 3487 2313 3543 ﬁde
2342 3488 2557 3544 laudem
2580 3489 2714 3544 dant
2746 3490 3144 3561 Omnipotenti.

2066 3578 2259 3644 Salve,
2314 3580 2546 3636 illustris
2603 3583 2805 3651 puella,
2840 3594 3034 3638 sancta
3092 3582 3296 3654 Virgo,
3347 3584 3582 3654 Deipara

1992 3670 2204 3739 Maria,
2256 3672 2496 3727 ﬁdelium
2544 3675 2834 3745 gloriatio,
2892 3676 3297 3732 maledictiouis
3354 3678 3581 3742 solutio,

1993 3764 2140 3819 scala
2216 3766 2500 3830 cmlestis,
2577 3767 3141 3837 incomprehensibile
3226 3766 3581 3837 miraculum,

1994 3855 2167 3913 rubus
2200 3857 2606 3925 incombustus,
2637 3868 2779 3913 terra
2812 3862 3047 3915 inarata.

2488 3949 2821 4019 Babylonica
2852 3952 3067 4019 [οι-παπ.

2070 4039 2263 4094 Noxiis
2304 4042 2577 4112 serpentis
2613 4044 2900 4099 erroribus
2947 4047 3278 4109 abstractus,
3305 4047 3580 4110 Salvator,

1994 4134 2314 4188 terribiliter
2370 4136 2589 4191 illectus
2640 4152 2788 4201 sum,
2824 4137 3001 4191 dolori
3051 4153 3175 4193 meo
3224 4139 3470 4193 dolorem
3525 4139 3578 4198 in

1993 4223 2111 4279 dies
2150 4225 2454 4293 adjiciens;
2486 4227 2848 4295 quamobrem
2886 4229 3065 4282 clama
3101 4228 3169 4283 ad
3206 4238 3279 4295 te,
3310 4239 3579 4301 aegrotan-

1996 4317 2129 4370 tiuin
2159 4318 2389 4385 medice,
2424 4329 2686 4375 converte
2716 4335 2803 4376 me
2830 4328 2887 4377 et
2905 4321 3063 4377 salva
3090 4336 3194 4377 me.

2068 4407 2264 4464 Filium
2308 4409 2674 4467 Sunamitidis
2705 4414 2836 4467 olim
2874 4422 2998 4483 post
3024 4413 3299 4484 jejunium
3342 4414 3582 4470 suscita-

282 4501 708 4572 δυναμούμενος
739 4499 931 4569 σαφῶς
959 4499 1259 4561 Ἐλισσαῖος
1287 4496 1365 4568 τῷ
1398 4496 1677 4569 Πνεύματι
1697 4501 1893 4569 ’ἡμεῖς
1924 4500 1960 4555 ι]

1924 4500 1970 4555 ι)
1998 4497 2075 4552 vit
2108 4497 2360 4566 Elisaeus,
2403 4502 2692 4557 maniieste
2740 4502 2937 4571 spiritu
2990 4505 3384 4558 corroboratus
3424 4518 3439 4555 :
3482 4517 3582 4558 nos

283 4598 352 4652 δὲ
387 4595 755 4667 νεκρωθὲντες
794 4596 918 4657 ταῖς
962 4592 1175 4661 ἡδοναῖς
1216 4589 1328 4644 τῶν
1356 4590 1578 4657 παθῶν,
1614 4590 1883 4663 ζωηφόρῳ

1984 4605 2140 4653 vero,
2192 4590 2403 4657 ﬁdeles,
2456 4594 2776 4661 cupidinum
2830 4594 3206 4664 voluptatibus
3236 4593 3578 4661 mortiﬁcati,

280 4690 543 4761 νηστείᾳ,
571 4686 776 4752 πιστοὶ,
808 4682 1195 4754 ἀναζήσωμεν.

365 4782 508 4844 Τοὺς
532 4780 826 4841 Νινευϊτας
854 4777 1091 4841 ἔσωσας,
1124 4777 1297 4850 Κύριε
1324 4776 1698 4848 φιλάνθρωπε,
1716 4775 1886 4831 παλαι

279 4877 672 4951 μεταγνόντας
704 4876 765 4927 ὲν
811 4871 1076 4941 κλαυθμῷ
1124 4872 1218 4924 καὶ
1251 4870 1473 4941 νηστείᾳ
1503 4870 1580 4933 ὡς
1611 4868 1886 4937 εὔσπλαγ-

1986 4696 2083 4753 per
2114 4682 2384 4736 viviﬁeuin
2416 4683 2686 4752 jejunium
2723 4686 3138 4741 reviviscamus.

2067 4772 2337 4830 Ninivitas
2393 4776 2548 4838 olim,
2605 4777 2837 4848 benigne
2899 4778 3147 4845 Domine,
3201 4778 3582 4849 paenitentiam

1991 4866 2046 4920 in
2078 4862 2205 4918 ﬁetu
2236 4871 2290 4918 et
2324 4864 2540 4934 jejunio
2586 4876 2812 4937 agentes
2853 4868 3285 4924 misericorditer
3316 4868 3577 4939 salvasti;

274 4983 450 5042 χνος⁴
488 4967 584 5019 καὶ
614 4965 761 5034 ἡμᾶς
789 4962 867 5033 τῷ
900 4961 1043 5015 ἐλέει
1072 4961 1151 5031 τῷ
1194 4961 1274 5031 σῷ
1322 4959 1666 5030 οίκτείρησον
1687 5000 1703 5026 ,
1749 4961 1885 5013 ἀπο-

279 5058 530 5133 ροῦντας
557 5055 626 5108 δι’
651 5054 832 5125 ἐργων
863 5050 1305 5123 ἐξομολογεῖσθαι
1339 5068 1458 5105 σου.

377 5147 444 5201 Ἢ
480 5146 621 5216 μετὰ
664 5146 824 5199 τόκον
870 5144 1104 5213 ἄφθονος
1147 5144 1400 5214 μείνασα,
1436 5145 1766 5215 πανάμωμε,
1795 5141 1889 5195 λύ-

1996 4970 2097 5009 nos
2151 4970 2370 5023 quoque
2431 4958 2813 5013 misericordia
2872 4968 2964 5012 tua
3022 4961 3324 5025 miserare,
3379 4962 3583 5031 quibus

1993 5058 2131 5113 opus
2165 5052 2249 5098 est
2285 5054 2343 5097 ut
2374 5052 2426 5099 te
2460 5046 2724 5115 aperibus
2756 5046 3137 5104 conﬁteamur.

2070 5135 2200 5200 Quae
2230 5145 2354 5205 post
2392 5147 2605 5207 partum
2650 5140 2858 5210 integra
2907 5141 3183 5206 mansisti,
3230 5141 3581 5213 irreprehen-

1997 5229 2195 5295 sibilis,
2249 5245 2278 5282 a
2337 5232 2715 5301 corruptione,
2764 5248 3105 5301 quaesumus,
3148 5235 3468 5304 purissima,
3511 5235 3581 5291 li-

1996 5323 2129 5379 bera
2182 5338 2374 5378 servos
2432 5334 2558 5378 tuos
2604 5324 2844 5380 ﬁdeliter
2878 5327 3176 5393 psallentes
3216 5327 3271 5380 in
3305 5327 3583 5382 unanimi-

2000 5422 2112 5469 tate
2178 5414 2406 5485 spiritus
2460 5433 2478 5471 :
2533 5415 2878 5483 benedicite,
2938 5432 3106 5487 opera
3162 5419 3413 5485 Domini,
3472 5419 3583 5476 Do-

2000 5521 2170 5562 mino.

277 5258 534 5313 τρωσαι,
551 5238 810 5310 δεόμεθα,
829 5237 993 5307 ἁγνὴ,
1012 5235 1366 5306 καταφθορᾶς
1383 5236 1508 5299 τοὺς
1526 5235 1745 5297 δούλους
1770 5251 1889 5301 σου,

272 5335 509 5397 ¹πιστῶς
536 5334 665 5397 τοὺς
715 5330 1088 5403 μελῳδοῦντας
1133 5331 1192 5382 ὲν
1230 5330 1455 5401 ὁμονοίᾳ
1476 5329 1654 5401 ψυχῆς
1674 5345 1689 5360 ο
1718 5327 1890 5382 Εὐλο-

266 5432 469 5502 τεῖτε,
503 5430 571 5482 τὰ
598 5428 734 5498 ἔργα
762 5424 990 5495 Κυρίου,
1026 5423 1118 5478 τὸν
1150 5423 1377 5495 Κύριον.

548 5604 776 5663 Καινὸν
811 5602 879 5656 τὸ
918 5601 1117 5670 θαῦμα
1154 5600 1255 5654 καὶ
1292 5599 1644 5668 θεοπρεπὲς.

1597 5620 1644 5665 ς,
2320 5595 2533 5651 Novum
2566 5597 2900 5669 divinumque
2940 5599 3275 5654 miraculum.

369 5700 647 5772 Κρατῆρα
693 5697 842 5749 θεῖον
894 5694 1148 5764 πλήσασα
1194 5693 1311 5745 νυνὶ
1356 5691 1761 5762 κατανύξεωςή
1796 5692 1898 5762 τῆς

2072 5688 2328 5744 Divinum
2379 5691 2827 5761 compunctiouis
2878 5693 3101 5748 calicem
3144 5707 3293 5748 nunc
3339 5693 3585 5764 implevit

265 5792 555 5866 νςετείας
581 5790 741 5862 χάρις
773 5785 959 5855 σαφῶς
996 5783 1369 5851 συγκαλεῖται,
1393 5784 1639 5847 ἅπαντας
1675 5785 1898 5847 πιστοὺς

1999 5782 2197 5856 jejunii
2228 5783 2426 5855 gratia,
2456 5793 2508 5840 ct
2539 5798 2732 5840 omnes
2765 5794 2950 5856 aperte
2991 5801 3113 5841 cum
3159 5785 3347 5841 latitia
3380 5801 3582 5844 convo-

586 5885 837 5943 I'ATROL
894 5880 1013 5942 Gn.
1048 5880 1387 5941 LXXXVII.
3156 5882 3269 5943 123
