4250 6442
307 459 451 522 3-385

1719 458 2127 519 TRIODIUM.

3435 466 3575 532 3886

308 576 741 647 φωταγὼγησον,
774 577 937 648 ἁγνὴ,
988 579 1019 647 ἡ
1072 578 1187 646 φῶς
1211 577 1460 639 τεκοῦσα,
1501 578 1581 628 ἵνα
1615 576 1762 644 πόθῳ
1804 579 1876 628 κα

1916 577 1973 635 ,Α
2009 574 2219 630 bratam
2253 576 2525 643 illumina,
2569 580 2885 648 purissima,
2923 596 3045 651 qua:
3098 580 3279 635 lumen
3311 586 3564 651 genuisti,

310 672 489 722 datst
518 670 605 723 ἀεὶ
635 669 920 739 μεγαλύνω
949 687 1029 723 σε.

807 764 1104 828 Οὐρανίης
1157 762 1394 829 ἁψίθυς.

379 852 731 920 Κατακρῖνας
776 855 874 920 τὴν
929 854 1129 922 ἔχθραν
1176 855 1233 906 ἐν
1281 854 1357 922 τῷ
1408 854 1628 922 σταυρῷ
1659 854 1890 920 ἔτεινας,

307 948 687 1015 Δικαιοκρίτα,
721 946 1012 1015 παλάμαςο
1046 947 1138 998 νῦν
1184 946 1239 997 δὲ
1293 947 1621 1015 κατάκριτον
1662 946 1787 997 ὅντα
1826 964 1892 1016 με

309 1039 611 1107 πταίσματι
647 1037 821 1090 σῶσον
868 1039 960 1090 τόν
1005 1040 1232 1105 ἄσωτον,
1270 1039 1473 1108 Σῶτερ,
1510 1039 1599 1090 τον
1651 1055 1895 1110 παραπι-

309 1132 586 1201 κρὰναντά
622 1150 682 1184 σε
717 1132 808 1183 τον
838 1132 1237 1202 φιλάνθρωπον.

376 1224 489 1292 Τὴν
522 1224 768 1293 κτηνὼδη
800 1224 1045 1293 ποθήτας
1079 1225 1376 1277 παθοποιδν
1410 1224 1596 1293 βέωσιν
1616 1268 1628 1288 ,
1667 1226 1760 1278 σοῦ
1786 1225 1893 1277 τῶν

307 1316 537 1367 ἐντολῶν
587 1316 955 1386 ἐμακρύνθην,
988 1317 1169 1383 Σῶτερ
1198 1318 1476 1383 πανάγαθε
1504 1357 1517 1379 ,
1552 1316 1721 1379 ξένοις
1771 1319 1891 1370 δου-

304 1408 568 1478 λούμενος
604 1410 693 1461 καὶ
731 1411 1065 1478 ἀκαθάρτοις
1095 1411 1373 1471 πολίταις·
1407 1409 1500 1461 νῦν
1539 1409 1593 1462 δὲ
1636 1410 1892 1479 ἐπιστρέ-

306 1518 477 1567 φοντα
504 1500 653 1564 δέξαι
685 1518 773 1568 με,
807 1501 1167 1570 εὖσπλαγχνε.

378 1594 688 1658 Μογιλὰλου
718 1594 792 1653 ὡς
840 1594 1004 1645 πάλαι
1049 1596 1147 1655 τὰς
1195 1595 1365 1656 ἀκοὰς
1420 1593 1656 1663 ἦνοιξας,
1684 1593 1893 1659 ἄνοιξον

304 1680 486 1748 ψυχῆς
522 1700 624 1749 μου
654 1682 722 1734 τὰ
752 1677 867 1734 ὦτα
902 1684 1094 1751 γνώμῃ
1126 1683 1461 1751 κωφεὺοντα.
1494 1685 1589 1737 καὶ
1638 1684 1890 1749 ὲνωτξζε-

309 1773 433 1824 σθαί
472 1792 565 1825 σου
588 1776 679 1826 τὸν
705 1777 973 1846 σωτήριον
1000 1776 1176 1843 λόγον,
1218 1777 1416 1846 Ἰησοῦ,
1459 1777 1710 1843 ἀξίωσον,
1761 1780 1889 1845 μόνε

306 1867 655 1936 φιλανθρωπε
667 1908 677 1919 .

387 1957 451 2009 ἸΙ
484 1960 753 2027 σωτήριος
775 1961 988 2031 πύλη,ή
1018 1960 1151 2030 πρὸς
1176 1961 1309 2014 Θεὸν
1333 1963 1689 2032 γέφυρα,τῶν
1712 1965 1889 2035 ἀμαρ-
1926 1941 1966 1995 Β

308 2047 492 2099 τωλῶν
510 2049 542 2117 ἡ
560 2052 877 2116 προστάτις,
900 2051 1139 2117 πάναγνε
1162 2052 1445 2116 Δέσποινα,
1462 2070 1525 2103 πε
1538 2054 1886 2122 ριττατούμε-

305 2156 395 2190 νον
423 2143 542 2200 ταῖς
568 2144 874 2209 συμφοραῖς
903 2160 970 2211 με
999 2143 1092 2194 τοῦ
1122 2143 1261 2210 βίου,
1294 2148 1383 2196 καὶ
1409 2144 1887 2215 κλυδωνιζόμενοι),

304 2231 481 2301 Κόρη,
517 2232 651 2283 κυϐἐ
664 2250 874 2301 ρνησον.

230 2318 239 2325 ’
713 2321 1098 2377 Ἐπταπλασί
1100 2344 1176 2389 ως
1217 2326 1491 2394 κάμινον.

373 2414 466 2481 Τῷ
492 2414 776 2483 ἀκοιμήτῳ
802 2415 1011 2483 ὄμματι
1056 2417 1357 2486 ἐπιϐλέψας
1390 2437 1458 2486 με
1489 2418 1779 2490 οἴκτειρον,
1814 2422 1891 2491 τῷ

298 2508 400 2575 τῆς
433 2506 703 2576 ῥᾳθυμίας
725 2508 1022 2576 νυσταγμῷ
1052 2510 1427 2578 κρατούμενον
1459 2514 1552 2563 καὶ
1590 2514 1743 2582 ὕπνῳ
1769 2514 1889 2566 δου-

300 2600 525 2653 λεύοντα
562 2601 670 2652 τῶν
702 2601 903 2669 ἡδονῶν
934 2603 991 2653 ἐν
1018 2602 1174 2670 κλίνῃ
1210 2603 1402 2655 παθῶν
1427 2645 1439 2665 ,
1472 2606 1498 2657 ὁ
1529 2606 1619 2657 ὲπί
1652 2607 1888 2675 σταυροῦ

298 2692 399 2761 τὴν
430 2692 671 2760 κεφαλήν
703 2708 797 2744 σου
835 2694 1197 2762 προσκλίνας,
1230 2697 1321 2747 καὶ
1356 2694 1524 2747 θέλων
1557 2696 1890 2763 ἁφυπνώσας

300 2784 393 2835 καὶ
421 2783 517 2851 τὴν
559 2783 728 2835 νύκτα
759 2782 998 2854 μειώσας
1022 2824 1035 2847 ,
1066 2786 1289 2855 Χριστὲ,
1323 2786 1423 2855 τῆς
1459 2789 1736 2858 ἁμαρτίας
1775 2791 1890 2859 φῶς

298 2874 375 2927 ὢν
412 2876 724 2945 δικαιοσύνη
736 2896 778 2935 ς.

374 2966 756 3030 Πλουτοποιοῐς
788 2967 1092 3037 χαρίσμασι
1139 2972 1459 3041 κοσμισθεὶς
1490 2975 1553 3027 ἐκ
1586 2975 1890 3045 βαπτίσμα-

298 3074 409 3119 τος,
450 3058 649 3125 μᾶλλον
696 3061 794 3130 τὴν
844 3063 1035 3115 πενίαν
1080 3063 1186 3116 τῶν
1238 3065 1420 3118 καλῶν
1461 3067 1760 3136 ἠγάπησαν
1796 3070 1889 3121 καὶ

300 3146 448 3211 ξένος
491 3151 801 3221 γεγένημαι
846 3154 956 3207 τῶν
987 3156 1198 3225 ἀρετῶν
1233 3159 1261 3210 ὁ
1289 3158 1455 3221 τάλας
1502 3157 1615 3225 ἐγώ
1639 3177 1654 3192 ο
1704 3160 1888 3233 χώραν

299 3243 379 3303 εἰς
408 3244 630 3312 μακρὰν
660 3246 1021 3315 ἀποδημήσας
1052 3251 1254 3314 κακίας
1275 3269 1288 3281 ο
1324 3252 1405 3304 διό
1450 3270 1518 3321 με
1554 3255 1887 3324 ἐπιστρέψας

300 3336 677 3401 ὲναγκάλισαι,
717 3338 937 3407 Σῶτερ,
993 3340 1070 3409 τῷ
1116 3342 1194 3411 σῷ
1244 3344 1463 3415 σταυρῷ
1514 3345 1758 3415 τειχίσας
1809 3347 1889 3409 εἰς

300 3428 511 3491 πάντας
536 3431 663 3492 τοὺς
699 3431 924 3493 αἰῶνας.

370 3517 561 3586 Μέθην
586 3520 775 3572 παθῶν
821 3522 1148 3591 ἀπόρριψον,
1180 3525 1273 3577 καὶ
1303 3524 1555 3593 δακρύων
1588 3526 1888 3597 ὲκζήτησον

296 3610 391 3663 τὸν
441 3611 793 3684 καθαρτικόν,
824 3615 912 3669 διὰ
964 3618 1217 3685 νηστείας
1262 3615 1426 3683 οἶνον,
1458 3619 1625 3690 ψυχὴ,
1659 3622 1889 3692 καρδίαν

298 3703 686 3773 εὐφραίνοντα,
719 3704 814 3759 καὶ
860 3707 1052 3775 ἡδονὰς
1105 3710 1465 3780 μαραίνοντα,
1499 3712 1594 3765 καὶ
1646 3713 1742 3775 τὰς
1790 3717 1888 3783 τῆς

301 3798 507 3866 σαρκὸς
558 3799 977 3869 ἀποτεφροῢντα
1028 3802 1325 3871 καμίνους·
1381 3805 1476 3857 καὶ
1526 3804 1762 3858 σπεῦσον
1809 3806 1887 3875 τῷ

299 3890 534 3953 παγέντι
558 3888 644 3941 διὰ
668 3890 728 3941 σὲ
764 3893 859 3943 ἐπὶ
892 3891 1048 3956 ξύλου
1073 3893 1292 3962 Χριστῷ
1318 3896 1769 3966 συσταυρωθῆναι
1792 3896 1885 3948 καὶ

299 3976 467 4046 (ipa:
504 3981 582 4041 εἰς
613 3980 835 4043 αἰῶνας.

372 4073 747 4143 θεογεννῆτορ
767 4075 1137 4143 πάναγνε,τῆς
1163 4076 1340 4145 ψυχῆς
1361 4095 1459 4145 μου
1482 4076 1549 4128 τὰ
1566 4078 1881 4148 τραύματα,

296 4165 395 4216 καὶ
428 4164 528 4231 τῆς
561 4166 836 4237 ἁμαρτίας
882 4169 979 4230 τὰς
1012 4170 1171 4229 οὐλὰς
1204 4170 1485 4237 ἐξάλειψον
1515 4175 1718 4239 πηγαῖς
1746 4173 1882 4224 ἀπο-

298 4257 590 4323 σμήχουσα
628 4260 750 4319 ταῖς
800 4259 863 4309 ἐκ
909 4260 1149 4330 πλευρᾶς
1181 4261 1273 4312 τοῦ
1301 4263 1463 4316 τόκου
1496 4280 1611 4325 σου,
1646 4264 1740 4315 καὶ
1771 4266 1883 4326 τοῖς

294 4346 360 4409 ἐξ
380 4346 555 4414 αὐτῆς
587 4348 1039 4420 ἀποκαθαίρουσα
1065 4352 1302 4422 ῥείθροις
1322 4370 1335 4382 ·
1368 4354 1503 4424 πρὸς
1538 4355 1597 4407 σὲ
1618 4354 1726 4423 γὰρ
1751 4356 1881 4409 ἁνα-

292 4438 509 4506 κράζω,
541 4439 636 4493 καὶ
670 4441 808 4509 πρὸς
839 4443 899 4495 σὲ
930 4444 1278 4513 καταφεύγω,
1304 4446 1399 4500 καὶ
1424 4447 1484 4499 σὲ
1513 4446 1882 4518 ἐπικαλοῦμαι

290 4534 397 4602 τὴν
428 4536 894 4604 κεχαριτωμένην.

607 4624 852 4693 Ἑξέστη
890 4628 988 4681 ἐπὶ
1028 4629 1206 4683 τοῦτο
1244 4631 1277 4683 ό
1314 4632 1589 4699 οὐρανός.

382 4715 555 4784 ὐρῶν
581 4734 639 4767 σε
668 4718 990 4787 ήπλωμένον
1010 4720 1100 4772 ἐπὶ
1125 4720 1357 4791 σταυροῦ
1379 4722 1474 4785 τὰς
1500 4724 1725 4787 ἀκτῖνας
1753 4743 1873 4779 συν.

289 4806 538 4861 ἔστειλεν
568 4806 738 4875 ἥλιος,
771 4810 922 4862 πᾶσα
950 4809 1006 4862 δὲ
1022 4810 1095 4881 γῆ
1111 4811 1299 4882 τρόμῳ
1332 4814 1618 4884 ἐκλονήθη,
1649 4817 1880 4883 παμϐα-

288 4899 470 4962 σιλεῦ,
504 4900 826 4964 ἐθελουσίως
859 4901 1131 4970 βλέπουσα
1182 4906 1460 4974 πάσχοντα
1504 4907 1592 4958 τὸν
1634 4906 1794 4973 φύσει
1818 4924 1877 4959 σε

284 4990 517 5057 ἀπαθῆ·
550 4992 631 5043 διό
684 5010 743 5044 σε
791 4994 1018 5047 ἱκετεύω
1045 4994 1113 5047 τὰ
1144 4996 1290 5065 πάθη
1327 4998 1421 5065 τῆς
1454 4997 1631 5067 ψυχῆς
1670 5015 1771 5065 μου
1804 4998 1879 5060 ὡς

288 5088 500 5155 ἰατρὸς,
526 5088 750 5157 Χριστὲ,
784 5089 1141 5158 θεράπευσον.

376 5177 562 5241 Ὁδοὺς
596 5179 962 5249 σωτηριώδεις
995 5180 1331 5244 καταλιπὼν,
1370 5181 1465 5244 τὰς
1511 5182 1588 5245 εἰς
1620 5182 1750 5251 ᾅδην
1780 5200 1877 5249 φε-

282 5271 494 5341 ρούσας
523 5269 786 5324 διώδευτα
833 5275 1021 5335 σκότος
1059 5274 1229 5326 δεινόν
1259 5276 1397 5342 ἔχων
1434 5275 1749 5345 περικύκλῳ
1776 5277 1875 5338 τὰς

279 5364 509 5431 ἡδονὰς,
530 5363 752 5418 καὶτῶν
774 5364 961 5417 παθῶν
978 5366 1067 5418 τὸν
1089 5366 1322 5428 ὖλισθον,
1344 5369 1433 5421 καὶ
1458 5372 1557 5438 τὴν
1580 5370 1871 5435 καταιγίδα

272 5455 397 5506 ’τῶν
446 5453 756 5522 λογισμῶν·
790 5454 869 5508 διό
899 5473 957 5509 σε
989 5456 1237 5521 ἱκετεύω,
1280 5459 1359 5527 τῷ
1406 5459 1483 5527 σῷ
1535 5460 1753 5530 σταυρῷ
1801 5478 1869 5529 με

277 5544 489 5608 σῶσον,
525 5545 749 5614 Χριστὲ,
782 5546 858 5609 ὡς
893 5547 1054 5616 μόνος
1093 5546 1400 5610 πολυέλεος.

360 5720 609 5789 Χειμῶνι
642 5722 997 5791 συνεχόμενος
1028 5723 1302 5792 λογισμῶν
1338 5724 1430 5777 καὶ
1462 5724 1652 5778 παθῶν
1678 5744 1867 5793 τρικυι

273 5831 441 5884 μιαις
474 5814 873 5883 ποντούμενος,
921 5818 1016 5868 καὶ
1051 5817 1254 5885 ἡδονῶν
1289 5817 1436 5884 σάλῳ
1482 5818 1873 5886 χειμαζόμενος

270 5906 566 5975 χαλεπῶς,
600 5908 662 5960 τὸ
692 5909 789 5977 τῆς
819 5910 1073 5978 νηστείας
1108 5911 1343 5979 πέλαγος
1377 5910 1581 5978 ἔφθασα
1612 5912 1673 5965 τό
1700 5914 1872 5982 πρᾶον

2001 674 2058 717 ιιι
2089 668 2361 723 desiderio
2400 676 2455 723 et
2487 669 2590 723 lide
2632 685 2848 739 semper
2881 673 3225 743 magnilicem
3263 685 3333 730 te.

2564 759 2805 813 leeslis
2841 780 3019 816 arcus.

2072 848 2420 903 Inimicitiam
2465 850 2735 906 damnans
2778 854 2828 905 in
2862 869 3027 909 cruce
3069 857 3275 925 palmas
3321 860 3569 914 extendi

1995 941 2086 1003 sti,
2114 942 2262 1010 juste
2298 942 2468 998 Judcx
2497 961 2511 1009 ;
2551 961 2697 1001 nunc
2724 963 2854 1001 vero
2888 949 3135 1019 lapsibus
3160 952 3477 1007 damnatum
3513 961 3570 1007 et

1996 1032 2267 1099 perditum
2300 1034 2450 1087 salva
2479 1050 2587 1098 me,
2617 1035 2886 1101 Salvator,
2919 1040 3012 1109 qui
3057 1050 3108 1095 te
3130 1052 3237 1095 tam
3272 1042 3566 1114 benignqu

1994 1124 2335 1178 cxaccrbavi.

2078 1215 2378 1269 liellninam
2436 1219 2796 1287 cupiditatum
2839 1224 3002 1276 vitam
3039 1223 3370 1291 desideravi,
3425 1237 3479 1282 et
3539 1246 3570 1287 a

1996 1306 2267 1361 mandatis
2299 1309 2409 1363 tuis
2447 1310 2719 1378 elongavi,
2757 1311 3008 1367 Salvator
3031 1317 3255 1385 optime,
3292 1320 3570 1375 extraneis

1994 1406 2047 1450 ct
2090 1397 2319 1467 impuris
2364 1400 2613 1455 serviens
2648 1404 2895 1469 civibus;
2952 1423 3096 1462 nunc
3129 1424 3260 1465 vero
3290 1420 3566 1467 reverten-

1996 1493 2101 1540 tem
2144 1504 2229 1542 me
2256 1489 2496 1558 sum-ipe.
2530 1491 2862 1546 misericors.

2069 1576 2223 1632 Sicut
2254 1579 2382 1629 olim
2428 1580 2713 1633 tliﬂimaltcr
2744 1585 3013 1656 loquentis
3058 1603 3219 1643 aures
3264 1592 3565 1659 aperuisti,

1994 1681 2156 1721 aures
2195 1668 2390 1722 anima:
2427 1686 2559 1724 unae
2602 1676 2880 1741 proposito
2904 1677 3366 1736 obsurdesecntcs
3392 1684 3563 1753 apt-ri.

1993 1766 2046 1812 ct
2077 1758 2302 1827 dignare
2334 1778 2439 1825 me,
2481 1761 2634 1826 Jesn,
2685 1768 2835 1821 solus
2886 1769 3176 1839 benignus,
3228 1785 3381 1828 tuum
3416 1776 3568 1829 salu—

1995 1860 2110 1904 tare
2153 1852 2374 1905 verbum
2417 1856 2627 1911 audire.

2063 1941 2237 1995 Janua
2272 1945 2484 2009 salutis,
2544 1946 2663 2002 fons
2714 1951 2778 2004 ad
2823 1951 3013 2017 Deum,
3061 1965 3411 2023 peccatorum
3466 1974 3567 2030 pa-

1998 2041 2176 2098 trona,
2221 2036 2531 2090 castissima
2578 2036 2826 2104 Domina,
2865 2058 2951 2099 me
2991 2046 3397 2107 calamitatibus
3446 2052 3571 2106 vita:

1994 2123 2424 2180 circumventum
2498 2138 2551 2183 et
2627 2131 2882 2189 lluetilnts
2955 2139 3219 2208 agitatum
3290 2146 3566 2211 guberna,

2000 2213 2182 2285 Virgo.

2484 2314 2731 2382 Sepluplo
2789 2318 3078 2385 fornacem.

2083 2402 2335 2473 Vigilanti
2371 2408 2531 2463 oculo
2563 2425 2647 2464 me
2680 2412 2999 2482 inspiciens,
3049 2418 3312 2475 miserare
3341 2438 3427 2478 me
3468 2423 3568 2478 de-

1993 2493 2180 2548 siderii
2235 2512 2431 2567 sapore
2482 2500 2685 2555 victum
2743 2513 2797 2559 et
2846 2521 3042 2562 somno
3094 2512 3430 2581 voluptatum
3478 2532 3572 2572 ce-

1991 2583 2208 2639 dentem
2253 2588 2307 2641 in
2339 2591 2703 2659 cupiditatum
2732 2596 2923 2659 cubili,
2966 2600 3061 2668 qui
3116 2602 3169 2655 in
3202 2619 3365 2660 cruce
3403 2619 3568 2678 caput

1995 2685 2146 2731 tuum
2182 2680 2462 2736 reclinasti
2492 2693 2545 2738 et
2592 2696 2785 2753 sponte
2822 2688 3184 2748 obdormuisti
3241 2708 3569 2771 noctemque

1993 2771 2201 2839 peccati
2243 2774 2513 2841 minuiSti,
2542 2776 2779 2847 Clu-iste,
2812 2781 2995 2837 lumen
3030 2785 3281 2854 justitiw.

2064 2944 2337 3001 Divitibus
2360 2950 2549 3019 gratiis
2587 2963 2886 3010 exornatus
2915 2972 2981 3011 ex
3013 2957 3362 3029 baptismate,
3398 2967 3569 3035 magis

1993 3047 2367 3107 paupertatem
2400 3057 2563 3111 quam
2590 3044 2728 3099 bona
2756 3046 2943 3114 dilexi,
2975 3048 3348 3123 virtutumque
3381 3064 3566 3111 extra-

1993 3145 2131 3185 neus
2159 3129 2337 3188 factus
2371 3148 2493 3188 sum
2525 3134 2710 3190 infelix
2746 3152 2867 3207 ego,
2905 3140 2959 3194 in
3010 3140 3363 3215 longinquam
3414 3151 3569 3203 mali-

1995 3222 2084 3278 tia:
2138 3225 2411 3294 regionem
2444 3228 2674 3293 abiens;
2747 3240 3036 3302 propterea
3094 3246 3353 3293 converte
3392 3256 3477 3296 me
3510 3251 3567 3296 et

1915 3295 1959 3354 ο
1994 3317 2138 3371 ulnis
2183 3320 2543 3387 amplectere,
2589 3320 2859 3387 Salvator,
2917 3340 3085 3382 cruce
3137 3339 3227 3384 tua
3286 3346 3375 3388 me
3441 3349 3563 3389 mu-

1993 3407 2147 3462 niens
2182 3408 2236 3462 in
2268 3411 2452 3464 omnia
2491 3413 2712 3466 saacula.

2073 3496 2448 3568 Cupiditatum
2493 3503 2814 3558 ebrietatem
2876 3506 3073 3576 abiice,
3122 3517 3178 3564 et
3228 3511 3440 3582 jejunio
3470 3531 3568 3573 ex-

1992 3591 2167 3660 quire,
2198 3595 2399 3657 anima,
2424 3594 2787 3665 lacrymarnm
2835 3599 3136 3669 puriﬁcans
3178 3604 3366 3660 vinum
3416 3609 3565 3678 quod

1991 3684 2229 3738 laetiﬁcat
2263 3702 2379 3750 cor,
2407 3689 2715 3758 voluptates
2745 3692 3097 3762 languescere
3131 3696 3260 3751 facit
3301 3711 3356 3753 et
3381 3703 3568 3759 carnis

1991 3775 2242 3832 fornaees
2260 3778 2314 3832 in
2342 3780 2579 3835 cinerem
2610 3784 2794 3849 vertit,
2830 3785 3025 3840 festina
3052 3787 3283 3858 insuper
3309 3791 3415 3847 fixo
3440 3809 3568 3865 pro-

1990 3875 2113 3937 pter
2138 3876 2190 3924 te
2219 3885 2383 3940 super
2427 3872 2633 3942 lignum
2666 3875 2885 3931 Christo
2919 3880 3166 3951 crucillgi
3224 3892 3279 3938 et
3312 3885 3366 3939 in
3402 3898 3566 3942 aeter-

1990 3976 2118 4014 num
2145 3962 2344 4017 vivere.

2062 4058 2155 4111 Dei
2192 4057 2439 4112 (leniti-ix
2488 4056 2807 4126 purissima,
2851 4062 3048 4115 auinne
3081 4081 3211 4119 inea:
3246 4067 3471 4125 vulnera
3506 4082 3566 4127 et

1990 4152 2199 4221 peccati
2234 4153 2521 4207 cicatrices
2573 4155 2828 4217 oblitera,
2876 4154 3119 4211 fontibus
3151 4159 3467 4230 abstergens
3497 4179 3563 4218 ex

1987 4246 2157 4298 latere
2192 4246 2400 4299 fructus
2438 4246 2513 4298 tui
2565 4248 2917 4300 manantibus
2959 4257 3014 4301 et
3061 4253 3367 4308 emundans
3410 4255 3564 4324 ejus-

1985 4335 2106 4389 dem
2142 4336 2394 4401 ﬂuentis;
2437 4336 2501 4390 ad
2539 4347 2592 4391 te
2614 4337 2757 4391 enim
2788 4339 3058 4406 exclamo,
3109 4343 3176 4396 ad
3224 4351 3277 4399 te
3313 4346 3563 4421 perfugio

1985 4434 2149 4495 teque
2180 4426 2373 4480 invoco
2406 4425 2579 4494 gratia
2618 4426 2856 4495 plenam.

2391 4622 2673 4689 Obstupuit
2691 4624 2874 4677 cmlum
2907 4641 3063 4692 super
3089 4627 3207 4682 hoc.

2058 4714 2263 4769 Videns
2296 4723 2349 4769 te
2399 4716 2452 4767 in
2481 4730 2648 4769 ernee
2703 4726 3015 4782 extensum,
3053 4718 3240 4775 radios
3288 4721 3565 4781 subtraxit

1985 4809 2095 4873 sol,
2150 4809 2335 4861 ornnis
2386 4822 2518 4861 vero
2568 4814 2718 4860 terra
2792 4817 3032 4864 tremore
3082 4814 3414 4868 conturbata
3449 4826 3559 4883 est,

1986 4901 2095 4954 Rex
2157 4900 2426 4962 omnium,
2469 4914 2705 4953 cernens
2769 4911 2819 4955 te
2866 4911 3061 4971 sponte
3107 4906 3426 4973 patientem,
3467 4910 3559 4978 qui

1986 5001 2186 5046 natura
2221 4990 2585 5060 impassibilis
2615 5007 2676 5045 es
2714 5009 2728 5057 ;
2780 5009 2949 5061 quare
3010 5009 3178 5048 exoro
3213 5006 3286 5060 te,
3337 5000 3560 5056 morbos

1984 5085 2182 5136 aninne
2218 5100 2351 5135 mem
2391 5098 2523 5137 Sana
2554 5091 2814 5151 tanquam
2851 5084 3119 5150 medicus,
3148 5086 3389 5143 Christe.

2059 5174 2187 5228 Vias
2237 5176 2557 5229 salutiferas
2629 5176 3034 5244 derelinquens,
3080 5195 3283 5246 easque
3339 5191 3563 5235 secutus

1983 5283 2106 5333 qtne
2140 5268 2193 5319 in
2253 5268 2530 5320 infernum
2564 5268 2801 5331 ducunt,
2830 5270 3104 5323 terribiles
3133 5272 3362 5327 transivi
3405 5284 3562 5327 tene-

1985 5360 2132 5423 bras,
2175 5358 2598 5413 circntnbabens
2638 5361 2941 5427 voluptates
2967 5371 3021 5416 ct
3078 5364 3443 5432 cupiditatum
3479 5366 3559 5419 la-

1987 5467 2117 5520 psus
2145 5459 2201 5504 ct
2260 5450 2660 5517 cogitationum
2712 5452 3019 5518 procellas;
3065 5469 3239 5523 quare
3272 5471 3445 5510 exoro
3484 5468 3558 5522 te,

1988 5558 2155 5596 cruce
2178 5549 2269 5595 tua
2296 5542 2445 5595 salva
2478 5558 2586 5605 me,
2620 5542 2862 5607 Christe,
2890 5544 2981 5612 qui
3035 5545 3194 5599 solus
3245 5562 3305 5601 es
3348 5546 3560 5604 inﬁnite

1985 5634 2326 5689 misericors.

2053 5723 2404 5793 Tempestate
2427 5724 2828 5793 cogitationum
2876 5728 3212 5782 constrictus
3245 5736 3302 5782 et
3340 5730 3557 5799 cupidi-

1984 5826 2151 5870 tatum
2176 5817 2432 5871 ﬂuctibus
2464 5832 2678 5871 mersus
2707 5830 2871 5886 atque
2896 5819 3240 5888 voluptatum
3271 5824 3558 5877 turbinosa

1986 5910 2281 5977 agitatione
2340 5910 2575 5979 graviter
2627 5911 2889 5977 jactatus,
2943 5912 3009 5964 ad
3076 5910 3267 5982 jejunii
3304 5915 3547 5987 relagus,
