4250 6442
663 415 806 481 ἳ895

1617 413 1680 473 S.
1717 408 2134 471 SOPHRONII
2171 407 2674 469 ΡΑΤΒΙΛΗΕΗᾸΞ
2707 409 3107 470 ΗΙΕΒΟΞΟΙ..

3811 407 3950 469 sses

665 527 710 582 si
740 525 864 580 nilis
890 533 988 596 per
1014 518 1475 593 desperationem,
1519 525 1696 582 tuum,
1765 513 1915 581 Jesu,
1939 530 2072 588 rogo
2094 530 2246 588 aspe-
2275 511 2327 570 Α

2275 511 2327 570 Α
2352 511 2537 580 ξεσθαι
2577 514 2787 583 μέλλων
2815 515 2881 568 δι’
2901 512 3268 582 ἀπογνώσεως
3301 513 3398 584 τῆς
3433 513 3554 583 σῆς,
3609 514 3806 582 Ἰησοῦ,
3831 517 3946 566 ἐπι-

663 627 812 671 ειιιιο
843 630 952 685 quo
981 611 1332 669 viviticantur
1361 610 1678 664 invocantes
1713 615 1783 662 te.

735 791 1095 847 Sanctissima
1125 786 1314 856 Virgo,
1353 793 1410 840 tu
1460 800 1546 840 me
1604 784 1814 838 salvum
1863 781 1948 836 fac
1988 781 2058 836 ab
2099 781 2253 835 inlirc

668 883 850 936 mitate
881 896 1037 944 mea;
1073 878 1337 933 auxilium
1369 889 1548 930 meum
1581 876 1681 937 sis,
1711 872 1959 928 Genitrix
1990 872 2138 926 illius
2157 872 2251 942 qui

667 977 780 1029 vult
844 971 1282 1029 misericordiam
1328 977 1382 1024 et
1440 983 1602 1038 quem
1656 966 2133 1036 superexaltamus
2197 966 2251 1018 in

665 1067 847 1122 omnia
889 1067 1110 1121 smeula.

914 1157 1081 1213 Deum
1117 1154 1412 1209 hominibus
1443 1153 1613 1208 ridere
1645 1150 1994 1220 impossibile.

736 1249 876 1306 Olim
915 1251 1188 1306 hominem
1221 1247 1618 1318 protoplastum
1651 1252 1848 1316 gustus
1883 1257 2108 1297 amarus
2146 1242 2250 1296 mi-

668 1361 789 1400 sere
821 1343 1079 1413 paradiso
1125 1341 1354 1411 expulit,
1387 1348 1440 1394 et
1488 1339 1682 1394 mortis
1721 1335 1938 1405 laqueis
1968 1332 2250 1402 subjecit;

664 1437 874 1506 jejuna,
904 1450 935 1488 ο
964 1433 1147 1487 anima
1185 1447 1329 1494 mea,
1364 1430 1488 1500 fuge
1525 1429 1909 1495 imitationem,
1954 1425 2079 1496 fuge
2116 1422 2253 1478 deli-

669 1514 878 1583 ciarum
911 1525 1244 1596 voluptatem
1279 1521 1567 1579 fecundam
1599 1519 1901 1575 doloribus.

739 1705 795 1759 ln
841 1712 1024 1758 mente
1072 1699 1393 1769 concipiens
1440 1707 1592 1751 tuum
1639 1696 1879 1752 tribunal
1914 1704 1967 1751 et
2009 1694 2252 1749 ﬂammas

666 1796 1064 1859 intolerabiles,
1091 1794 1263 1848 Judcx
1294 1792 1620 1862 justissime,
1651 1792 1917 1859 meipsum
1950 1789 2254 1844 condemno

2359 606 2605 676 σκέψεως
2633 607 2820 676 δέομαι
2847 607 2946 677 τῆς
2978 606 3348 676 ζωοποιούσης
3371 607 3494 668 τοὺς
3525 606 3582 658 σὲ
3611 609 3949 675 προσκαλου-

2362 707 2574 766 μένους.

2431 789 2680 856 Παναγία
2713 788 2982 856 Παρθένε,
3014 787 3076 840 σύ
3116 804 3181 858 με
3203 788 3472 841 διάσωσον
3503 787 3597 857 τῆς
3623 787 3761 856 ἐμῆς
3785 787 3945 839 ἀσθε-

2365 882 2546 946 νείαςο
2581 881 2736 950 γενοῦ
2771 881 3070 952 βοήθεια,ὴ
3102 881 3194 935 τὸν
3221 881 3451 951 θελητὴν
3479 881 3573 933 τοῦ
3606 881 3784 943 ἐλέους
3810 881 3946 950 7:th-

2357 993 2522 1040 σασα,
2553 975 2612 1027 ὃν
2658 974 2934 1045 ὑπερυιᾷοῦ
2946 991 3044 1045 μεν
3070 975 3148 1037 εἰς
3179 975 3389 1036 πάντας
3420 973 3546 1035 τους
3576 973 3802 1036 αἰῶνας.

2639 1154 2788 1208 Θεὸν
2809 1153 3140 1223 ἀνθρώποις
3167 1153 3315 1208 ἰδεῖν
3341 1153 3663 1210 ἀδύνατον.

2428 1244 2500 1296 Τὸ
2531 1245 2659 1315 πρὶν
2682 1244 2771 1298 τὸν
2799 1245 3090 1316 ἄνθρωπον
3129 1245 3220 1297 τὸν
3253 1245 3704 1314 πρωτόπλαστον,
3762 1245 3950 1314 γεῦσις

2356 1334 2530 1406 πικρά
2558 1335 2749 1398 δεινῶς
2794 1333 2887 1388 τοῦ
2944 1333 3274 1404 παραδείσου
3307 1334 3504 1399 ἐξέωσε
3563 1335 3659 1387 καὶ
3718 1334 3950 1388 θανάτου

2355 1428 2466 1488 τοῖς
2519 1427 2732 1497 βρόχοις
2788 1424 3082 1489 ὑπέζευξε’
3127 1426 3464 1494 νήστευσον,
3521 1418 3566 1478 ὦ
3616 1425 3759 1495 ψυχή
3825 1443 3950 1496 μου,

2355 1519 2525 1588 φεῦγε
2545 1519 2642 1587 τὴν
2671 1518 2928 1589 μίμησιν,
2957 1517 3124 1586 φεῦγε
3156 1517 3258 1586 τῆς
3279 1519 3490 1588 τρυφῆς
3512 1518 3611 1587 τὴν
3642 1519 3950 1588 ἡδονὴντὴν

2357 1608 2717 1664 πολυὼδυνον.

2429 1701 2522 1764 Εἰς
2556 1701 2680 1752 νοῦν
2717 1700 3010 1770 λαμϐάνων
3046 1717 3139 1752 σου
3166 1701 3227 1754 τὸ
3254 1702 3538 1772 κριτήριον
3563 1701 3656 1754 καὶ
3696 1702 3793 1772 τῆς
3820 1703 3947 1771 φλο-

2357 1791 2450 1858 γὸς
2481 1792 2541 1844 το
2596 1791 2878 1856 ἄστεκτον,
2914 1791 3094 1861 Κριτά
3122 1791 3451 1855 δικαιότατε,
3507 1793 3744 1862 ἐμαυτὸν
3779 1811 3950 1848 κατα-

663 1897 790 1944 ante
836 1885 1145 1954 judicium;
1184 1897 1352 1952 paveo
1404 1880 1549 1934 enim
1602 1889 1653 1935 et
1688 1879 2078 1943 contremisco,
2125 1892 2250 1932 cum
2284 1859 2328 1919 Β

2284 1859 2328 1919 Β
2362 1886 2534 1956 κρίκω
2557 1884 2663 1954 πρὸ
2697 1885 2930 1954 κρίσεως
2953 1859 2979 1915 ⁸-
2993 1883 3205 1936 δέδοικα
3245 1883 3354 1954 γὰρ
3404 1887 3498 1938 καὶ
3518 1859 3707 1956 τρέμω
3739 1886 3951 1957 ἄμετρα

663 1981 931 2036 immense
971 1987 1162 2032 contra
1198 1984 1247 2029 te
1299 1972 1644 2043 deliquerim,
1695 1971 1842 2026 sicut
1897 1970 2083 2025 nullus
2111 1969 2252 2026 alius

662 2087 828 2143 super
857 2077 1098 2132 terram;
1128 2074 1464 2138 quapropter
1510 2066 1773 2118 miserere
1806 2062 1935 2116 mei.

733 2163 1108 2234 Cupiditatum
1147 2159 1432 2213 abluamus
1477 2155 1767 2226 caliginem
1809 2155 2104 2212 luminosis
2131 2171 2256 2225 pre-

665 2257 842 2318 cibus,
894 2265 948 2309 et
1005 2253 1270 2306 virtutum
1331 2264 1516 2304 ramos
1569 2256 1853 2320 portantes
1901 2248 2117 2304 obviam
2178 2247 2256 2302 ire

663 2349 888 2404 Christo
934 2347 1279 2409 festinemus,
1327 2342 1420 2413 qui
1449 2343 1658 2412 pullum
1721 2357 1868 2396 nunc
1919 2355 2255 2395 conscensu-

666 2457 762 2496 rus
793 2445 1145 2508 exspectatur
1182 2446 1232 2490 et
1267 2435 1374 2505 pati
1416 2443 1639 2504 paratus
1669 2441 1752 2488 est
1806 2432 1873 2486 ad
1931 2432 2250 2488 salvandum

667 2550 790 2589 llOS.

737 2629 818 2685 Ex
852 2637 928 2694 te,
965 2627 1149 2698 Virgo,
1189 2624 1278 2679 Dei
1321 2622 1492 2694 gratia
1541 2621 1722 2692 plena,
1769 2620 1853 2674 his
1883 2619 1974 2689 qui
2010 2619 2064 2672 in
2099 2627 2256 2673 nocte

665 2723 938 2776 maiorum
988 2718 1320 2776 tenebantur
1373 2723 1600 2769 exortus
1667 2721 1751 2767 est
1827 2713 1965 2766 lucis
2009 2722 2061 2765 et
2104 2712 2256 2780 pacis

673 2815 918 2870 Christus
971 2813 1268 2882 choragus,
1331 2807 1558 2863 incurize
1607 2805 2104 2874 transgressionem
2141 2804 2254 2857 sol-

669 2921 804 2962 vens
832 2913 886 2962 et
923 2903 1354 2975 redemptionem
1384 2899 1545 2956 nobis
1577 2898 1865 2953 manifeste
1905 2895 2164 2966 largiens.

951 3081 1194 3138 Sterilem
1225 3081 1466 3149 effectam
1497 3094 1664 3132 meam
1705 3087 1951 3132 mentem.

2363 1980 2596 2042 πταίσας
2656 1997 2737 2033 σοι
2781 1979 2856 2041 ὡς
2895 1977 3051 2040 ἀλλος
3104 1975 3279 2038 οὐδεὶς
3342 1977 3434 2029 ἐπὶ
3468 1977 3569 2044 τῆς
3597 1978 3702 2048 γῆς
3725 1996 3738 2010 ·
3769 1979 3849 2032 διό
3887 1999 3951 2050 με

2359 2074 2530 2127 οἴκτει
2539 2090 2648 2143 ρον.

2432 2166 2631 2220 Παθῶν
2657 2166 3014 2238 ὲκπλύνωμεν
3060 2169 3416 2242 ἀμαυρότητα
3466 2170 3822 2238 φωτιστικαῖς
3865 2168 3954 2220 εὐ-

2360 2259 2502 2328 χαῖς,
2538 2259 2634 2311 καὶ
2667 2257 2876 2326 ἀρετῶν
2900 2259 3129 2322 κλάδους
3160 2262 3420 2330 φέροντες
3474 2259 3785 2329 ὑπαντῆσαι
3821 2259 3953 2328 Χρι-

2363 2349 2471 2419 στῷ
2502 2349 2945 2420 ὲπισπεύσωμεν,
3013 2351 3183 2421 πώλῳ.
3215 2353 3654 2423 προσδοκωμένου
3703 2351 3800 2405 νῦν
3829 2353 3951 2404 ἐπι-

2360 2438 2624 2511 ϐήσεσθαι
2682 2442 3090 2514 ἐτοιμαςομένῳ
3123 2461 3182 2496 τε
3244 2443 3474 2506 παθεῖν,
3531 2444 3621 2496 δια
3664 2443 3724 2496 τὸ
3778 2442 3952 2496 σῶσαι

2357 2537 2526 2607 isti:-

2449 2630 2543 2682 Ἐκ
2575 2629 2692 2694 σοῦ,
2720 2628 2963 2700 Παρθένε
2997 2628 3383 2698 θεοχαρίτωτε,
3436 2631 3550 2692 τοῖς
3587 2631 3644 2682 ἐν
3665 2630 3819 2682 νυκτὶ
3844 2631 3952 2682 δει-

2362 2722 2468 2775 νῶν
2501 2723 2938 2795 κεκρατημένοις
2987 2722 3263 2776 ἀνέτειλεν
3314 2723 3343 2774 ὁ
3372 2722 3551 2789 τρωτὸς
3583 2722 3677 2775 καὶ
3728 2723 3954 2791 εἰρήνης

2360 2813 2598 2885 Χριστὸς
2652 2813 2886 2885 χορηγὸς
2923 2812 3022 2884 τὴν
3055 2809 3117 2876 ἐξ
3144 2809 3481 2880 ἀπροσεξίας
3532 2808 3674 2862 λύων
3709 2809 3956 2880 παράϐα-

2367 2925 2480 2972 σιν,
2541 2907 2634 2960 καὶ
2669 2907 2766 2976 τὴν
2819 2905 3202 2976 ἀπολύτρωσιν
3243 2903 3377 2972 ἡμῖν
3441 2901 3627 2971 σαφῶς
3670 2900 3957 2972 δωρούμε-

2362 3018 2470 3064 νος.

2714 3093 2757 3143 Σ
2763 3090 3108 3158 τειρωθέντα
3131 3105 3250 3157 μου
3288 3087 3391 3141 τὸν
3422 3087 3594 3141 νοῦν.

739 3174 954 3230 Virtute
999 3176 1183 3232 crucis
1233 3186 1341 3230 tuae
1391 3176 1590 3230 robora
1640 3183 1880 3230 mentem
1912 3187 2089 3229 meam
2139 3189 2258 3244 quae
2289 3208 2330 3266 ε

2289 3208 2330 3266 c
2437 3182 2514 3252 Τῇ
2543 3182 2768 3250 δυνάμει
2797 3180 2891 3233 τοῦ
2919 3179 3154 3248 σταυροῦ
3207 3179 3532 3248 δυναμώσας
3563 3194 3662 3246 μου
3687 3177 3780 3228 τὸν
3811 3173 3959 3238 νοῦν,

665 3267 873 3324 viribus
903 3267 1085 3324 deﬁcit
1111 3267 1386 3339 perversis
1405 3265 1936 3338 oppugnationibus,
1970 3273 2025 3321 et
2055 3266 2122 3320 ad
2159 3283 2256 3322 vo-

667 3362 931 3416 luntatem
959 3369 1106 3414 tuam
1139 3359 1335 3428 dirige,
1367 3358 1615 3414 Domine.

749 3453 982 3510 Desidiae
1031 3466 1226 3509 somno
1287 3466 1453 3520 super
1529 3452 1870 3522 voluptatum
1928 3453 2070 3508 lecto
2130 3452 2259 3508 dor-

668 3549 923 3603 mientem
960 3561 1045 3601 me
1093 3545 1334 3605 suscita,‘
1367 3543 1611 3609 Christe,
1652 3551 1708 3597 et
1753 3553 1858 3598 tua:
1905 3543 2256 3600 adoratorem

668 3640 942 3710 passionis
971 3637 1220 3694 ostende.

737 3732 885 3787 Clari
922 3734 974 3787 in
1005 3731 1296 3787 animabus
1327 3726 1504 3784 eﬂ‘ecti
1541 3743 1638 3798 per
1677 3727 1969 3797 jejunium,
2001 3729 2123 3799 puri
2160 3729 2259 3785 ob—

671 3825 810 3878 viam
836 3826 914 3880 ire
943 3823 1168 3880 Christo
1187 3821 1670 3893 properemus,qui
1687 3818 1991 3877 Jerusalem
2021 3823 2074 3876 in
2094 3835 2259 3878 carne

669 3919 908 3974 adven“.

741 4010 942 4066 Malitia
998 4011 1203 4067 inimici
1247 4011 1430 4066 anima
1463 4011 1680 4067 occisus
1717 4011 1769 4064 in
1816 4011 2027 4074 tumulo
2075 4011 2260 4065 multae

672 4105 1017 4176 negligentia:
1044 4104 1204 4176 jaceo
1227 4121 1242 4172 ;
1269 4104 1364 4162 sed
1395 4104 1668 4170 accelera,
1708 4103 1949 4172 Christe,
1986 4105 2054 4159 ad
2085 4105 2260 4161 susci-

673 4196 897 4250 tandum
927 4211 1032 4252 mc.

743 4286 964 4345 Minime
1027 4293 1314 4350 combusta
1383 4299 1508 4369 igne
1551 4288 1878 4361 divinitatis,
1941 4291 2234 4364 purissima

674 4379 936 4434 combure
967 4385 1278 4441 materiales
1305 4391 1622 4458 Cupidinum
1660 4390 1912 4457 impetus,
1944 4394 2004 4439 ut
2033 4395 2086 4440 te
2117 4400 2260 4440 sem-

675 4487 793 4542 per,
833 4471 1018 4542 \'irgo,
1056 4475 1378 4546 glorificem.

1181 4573 1284 4640 Qui
1318 4577 1370 4631 in
1398 4579 1526 4632 rubo
1557 4576 1750 4649 Moysi.

745 4661 829 4717 Al)
896 4663 1088 4721 humili
1155 4671 1336 4722 anima
1396 4686 1512 4726 mea
1544 4672 1774 4740 lapidem
1806 4685 2013 4742 magna:
2041 4669 2263 4725 desidia:

680 4769 865 4810 amore
901 4757 1290 4825 gravissimum
1320 4776 1472 4825 crue,
1509 4762 1745 4827 Christe,
1786 4769 1839 4816 et
1871 4763 2047 4817 excita
2083 4775 2170 4814 me
2197 4759 2264 4814 dc

681 4848 892 4901 tumulo
923 4850 1384 4918 inscnsibilitatis,
1426 4855 1517 4923 qui
1538 4855 1647 4909 vita
1679 4870 1738 4911 es
1769 4854 2039 4909 omnium.

751 4937 832 4991 Ad
862 4936 1127 5006 Judzeazn,
1159 4940 1396 5007 Christe,
1430 4942 1625 4997 iterum
1660 4944 1812 4998 venis
1847 4951 2179 5013 quazrentem
2211 4950 2264 4996 te

681 5031 887 5100 lignum
916 5029 1043 5084 vita:
1075 5047 1168 5099 per
1199 5031 1406 5101 lignum
1437 5033 1646 5099 tollere,
1675 5033 1996 5089 desiderans
2036 5031 2264 5087 immor-

684 5123 820 5175 tales
851 5118 1079 5175 reddere
1113 5123 1328 5178 occisos
1359 5124 1488 5195 ligni
1526 5125 1969 5180 manducatione.

755 5211 932 5264 Amici
1001 5220 1229 5266 mortem
1288 5213 1397 5268 tuis
1447 5224 1630 5268 notam
1691 5213 1908 5277 fecisﬁ;
1964 5228 2122 5284 quem
2173 5228 2265 5282 per

685 5304 896 5357 \iscera
948 5305 1360 5370 misericordiae,
1409 5307 1673 5376 praescius
1721 5314 1774 5362 et
1815 5307 1975 5372 Deus,
2027 5309 2266 5362 suscita-

688 5406 845 5448 turus
890 5410 1013 5450 eras
1077 5397 1270 5454 amicis
1303 5399 1518 5454 tumulo
1549 5398 1971 5469 quatriduanum
2021 5400 2076 5454 in
2116 5407 2265 5452 tuam

687 5487 1172 5556 gloriﬁcationem.

760 5579 814 5633 ln
860 5588 932 5645 te,
981 5578 1142 5651 Virgo
1195 5598 1354 5651 pura,
1406 5597 1532 5638 vere
1563 5594 1842 5653 spectatus
1873 5593 1957 5640 cst
2002 5586 2267 5640 transitus

690 5667 782 5722 Dei
812 5667 908 5738 qui
939 5675 1088 5724 luant
1119 5674 1419 5727 custodivit
1461 5675 1782 5743 puritatem,
1826 5676 2115 5734 manifeste
2146 5685 2268 5749 post

693 5767 905 5829 partum
936 5761 1118 5833 sigillo
1147 5762 1418 5836 signatam
1454 5767 1507 5821 in
1543 5767 1725 5823 omnia
1758 5772 1975 5824 saecula.

2365 3269 2754 3334 ἐξασθενοῦντα
2788 3269 3113 3336 προσὸολαῖς
3157 3269 3422 3338 πονηραῖς
3453 3267 3590 3338 πρὸς
3637 3266 3699 3319 τὸ
3746 3264 3963 3336 θέλημα

2361 3363 2421 3417 τδ
2447 3364 2538 3416 σον
2574 3361 2773 3427 ἴθυνον,
2799 3361 2994 3431 Κύριε.

2447 3454 2747 3526 Ῥᾳθυμίας
2763 3473 2824 3508 νυ
2835 3453 3062 3524 σταγμῷ
3083 3454 3174 3507 ἐπὶ
3193 3454 3385 3521 κλίνης·
3407 3453 3610 3524 ἡδονῶν
3630 3450 3966 3505 καθεύδοντα

2366 3565 2434 3617 με
2466 3548 2847 3616 διανάστησον,
2882 3547 3105 3617 Χριστὲ,
3146 3547 3237 3599 καὶ
3270 3545 3380 3601 τῶν
3438 3545 3545 3598 σῶν
3572 3544 3964 3615 προσκυνητὴν

2363 3639 2551 3693 παθῶν
2583 3637 2880 3703 ἀνάδειξον.

2433 3729 2892 3801 Λαμπρυνθέντες
2950 3729 3049 3791 τὰς
3076 3727 3254 3798 ψυχὰς
3304 3729 3374 3796 τῇ
3413 3727 3675 3797 νηστείᾳ,
3727 3725 3962 3795 καθαροὶ

2364 3821 2821 3893 προσυπαντῆσαι
2855 3820 3200 3891 ὲπειχθῶμεν
3227 3818 3451 3890 Χριστῷ
3473 3819 3612 3890 πρὸς
3641 3818 3741 3888 τὴν
3765 3819 3963 3889 Ἰερου-

2364 3915 2549 3984 σαλὴμ
2579 3913 2935 3983 ἐπιδημοῦντι
2968 3911 3154 3984 σαρκί.

2435 4006 2511 4077 Τῇ
2547 4005 2716 4076 κακία
2742 4003 2936 4075 ἐχθροῦ
2963 4005 3060 4074 τὴν
3112 4002 3292 4072 ψυχὴν
3330 4000 3668 4064 θανατωθεὶς
3698 4003 3756 4055 ὲν
3805 4003 3965 4071 ταφῳ

2364 4100 2550 4168 κεῖμαι
2591 4097 2854 4168 ἀμελείας
2888 4096 3090 4166 πολλῆς
3113 4112 3127 4126 ο
3163 4095 3302 4150 ἀλλά
3331 4095 3582 4166 τάχυνον,
3608 4095 3834 4163 Χριστὲ,
3871 4097 3964 4161 ἐξ-

2363 4189 2670 4260 ἀναστῆσαί
2706 4206 2792 4258 με.

2434 4283 2525 4352 Μὴ
2557 4281 2844 4352 φλεχθείσα
2877 4279 2955 4350 τῷ
2985 4279 3118 4351 πυρὶ
3147 4279 3246 4350 τῆς
3275 4278 3552 4349 θεότητος,
3585 4277 3750 4351 ἁγνὴ,
3785 4281 3966 4334 κατὰ·

2364 4374 2556 4444 φλεξόν
2617 4390 2716 4443 μου
2767 4371 2866 4436 τὰς
2924 4372 3147 4436 ὑλώδεις
3196 4374 3377 4444 ὁρμὰς
3421 4371 3533 4425 τῶν
3573 4371 3788 4440 παθῶν,
3816 4373 3967 4435 ὅπως

2363 4466 2470 4531 ἀει,
2504 4466 2682 4536 Κόρη,
2718 4465 2924 4530 δοξάζω
2961 4483 3043 4521 σε.

2795 4557 2906 4610 Τόν
2936 4557 3005 4611 ἐν
3036 4557 3294 4626 τῇβάτῳ
3318 4556 3574 4625 Μωυσῆ.

2438 4649 2548 4719 Τῆς
2576 4647 2836 4716 ταπεινῆς
2866 4664 2965 4718 μου
2993 4647 3171 4718 ψυχῆς
3189 4649 3281 4702 τὸν
3313 4648 3618 4720 βαρύτατον
3669 4647 3839 4714 λίθον,
3861 4647 3966 4716 τῆς

2365 4741 2542 4810 δεινῆς
2573 4739 2847 4810 ῥᾳθυμίας
2877 4740 3230 4807 ἀποκύλισον,
3257 4741 3480 4811 Χριστὲ,
3506 4739 3603 4792 καὶ
3634 4738 3848 4810 ἐγειρόν
3897 4757 3964 4810 με

2367 4833 2536 4900 τάφου
2565 4831 2659 4884 τοῦ
2692 4833 2788 4902 τῆς
2810 4831 3191 4902 ἀναισθησίας,
3218 4833 3252 4903 ἡ
3281 4830 3394 4902 ζωὴ
3421 4830 3530 4884 τῶν
3555 4832 3836 4885 ἀπάντων.

2442 4926 2584 4995 Πρὸς
2629 4923 2911 4988 Ἰουδαίαν,
2937 4922 3161 4995 Χριστὲ,
3195 4922 3356 4976 πάλιν
3385 4922 3521 4992 ἔρχῃ
3548 4920 3824 4990 ζητοῦσαν
3867 4919 3967 4988 τῆς

2369 5016 2512 5085 ζωῆς
2541 5031 2598 5067 σε
2623 5014 2682 5067 τὸ
2711 5013 2866 5078 ξύλον
2886 5015 2974 5067 διὰ
3004 5012 3161 5077 ξύλου
3217 5013 3447 5078 ἀνελεῖν,
3481 5013 3663 5066 ποθῶν
3709 5010 3968 5065 ἀθανατί-

2370 5124 2459 5160 σαι
2490 5107 2612 5168 τοὺς
2642 5104 3119 5176 τεθανατωμένους
3149 5106 3215 5176 τῇ
3245 5104 3333 5157 διὰ
3368 5104 3526 5169 ξύλου
3569 5103 3793 5174 βρώσει.

2440 5200 2682 5254 Θάνατον
2719 5199 2873 5268 φίλου
2911 5200 3024 5260 τοῖς
3046 5200 3160 5261 σοῖς
3196 5197 3583 5267 προεδήλωσας
3615 5196 3821 5265 φίλοις·
3878 5196 3968 5249 διὰ

2374 5290 2662 5360 σπλάγχνα
2697 5288 2882 5352 ἐλέους
2908 5291 2936 5342 ὁ
2962 5283 3323 5359 προγῦώστης
3353 5288 3446 5340 καὶ
3476 5285 3610 5348 Θεὸς
3653 5286 3713 5338 ὃν
3741 5284 3967 5355 ἔμελλες

2369 5383 2605 5452 ἐγείρειν
2633 5382 2696 5434 ἐκ
2726 5381 2896 5449 τάφου
2947 5381 3267 5451 τεταρταῖον
3292 5380 3371 5441 είς
3422 5376 3520 5449 σὴν
3556 5375 3887 5444 δοξολογίαν.

2456 5579 2541 5631 Ἐν
2572 5579 2675 5642 σοὶ,
2732 5578 2980 5651 Παρθένε
3029 5578 3193 5650 ἀγνὴ,
3247 5576 3618 5648 τεθεώρηνται
3656 5576 3828 5639 ὅντως
3874 5582 3968 5629 τοῦ

2374 5672 2509 5724 Θεοῦ
2568 5673 2624 5725 αἱ
2653 5675 2867 5744 πορεῖαι
2921 5672 3014 5725 τοῦ
3067 5670 3406 5742 φυλάξαντος
3442 5670 3538 5740 τὴν
3591 5669 3691 5739 σὴν
3747 5668 3973 5736 ἁγνείαν

2379 5764 2515 5832 μετὰ
2545 5765 2701 5819 τόκον
2733 5764 3179 5836 ὲσρραγιομένην
3229 5762 3416 5832 σαφῶς
3448 5763 3528 5824 είς
3574 5760 3783 5821 πάντας
3842 5758 3967 5812 τοῦ⁸

2382 5857 2601 5921 αἰῶνας.
