4250 6442
339 316 480 380 3397

604 430 731 485 Τῶν
755 427 1025 499 γηγενῶν
1048 430 1137 495 τίς
1163 428 1388 497 ἤκουσε
1413 432 1639 485 τοιοῦτο
1654 445 1675 495 ;

411 522 471 577 Ὀ
510 522 705 592 Δανιὴλ
732 524 955 594 νηστείᾳ
991 524 1373 591 πεφραγμένος
1406 521 1606 592 έφραξε
1666 520 1910 591 στόματα

327 616 549 687 θηρῶνο
575 615 763 670 τοῦτον
797 615 1057 687 ζηλοῦσα,
1092 615 1236 684 ψυχή
1299 633 1424 685 μου,
1469 616 1559 667 τδν
1597 615 1908 686 ὼρυόμενον

327 712 580 782 καθάπερ
631 709 821 764 λέοντα
857 709 999 775 ὅφιν,
1034 710 1126 761 καὶ
1181 708 1510 775 ὲκζητοῦντα
1569 707 1908 775 κατάὸρωμα

326 804 552 872 ποιῆσαι
595 803 780 855 πᾶσαν
834 801 1033 871 ψυχὴν,
1086 803 1151 869 τῇ
1204 799 1297 852 τοῦ
1352 797 1587 868 σταυροῦ
1622 798 1907 868 συμμαχία

324 894 644 958 ἀποδίωξον.

392 987 533 1054 Λόγε
562 984 718 1050 Θεοῦ,
736 984 834 1055 τὴν
858 981 1310 1051 τεθανατωμένην
1339 982 1459 1043 ταῖς
1478 980 1774 1050 ἁμαρτίαις
1803 996 1905 1048 μου

320 1079 523 1148 ψυχὴν.
556 1078 650 1131 καὶ
676 1076 1082 1145 καθειργμένην
1114 1076 1170 1126 ἐν
1196 1073 1351 1143 τάφῳ
1389 1074 1485 1142 τῆς
1518 1071 1901 1142 παραϐάσεως,

322 1167 661 1238 ζωοπαρόχῳ
698 1184 789 1218 σου
822 1166 965 1235 λόγῳ
1021 1162 1393 1231 ἐξαναστήσας
1438 1159 1765 1231 προσφέρειν
1820 1176 1902 1213 σοι

321 1260 449 1329 βαΐα
478 1259 585 1313 τῶν
608 1258 841 1330 ἀρετῶν,
874 1257 949 1319 ὡς
1010 1257 1205 1325 νικητῇ
1244 1252 1335 1307 τοῦ
1373 1252 1602 1307 θανάτου
1639 1250 1904 1316 καταξίω-

318 1368 430 1403 σον.

404 1443 461 1496 ὐ
500 1442 727 1512 οὐρανὸν
757 1439 831 1503 ὡς
860 1440 1051 1510 θρόνον
1093 1437 1431 1508 κεκτημένος
1486 1436 1577 1490 καὶ
1612 1437 1901 1490 ὑποπόδιον

309 1534 411 1605 τὴν
452 1534 579 1603 γῆν,
609 1536 636 1586 ὁ
662 1532 755 1585 τοῦ
810 1532 945 1584 Θεοῦ
982 1531 1193 1598 Πατρος
1234 1532 1404 1597 Λόγος
1427 1570 1439 1589 ,
1475 1528 1635 1599 πώλῳ
1665 1529 1896 1599 ὀχούμε-

309 1640 421 1687 νος,
452 1625 542 1676 ἐπὶ
566 1622 663 1692 τὴν
702 1621 853 1674 πόλιν
882 1619 1192 1691 εἰσέρχεται
1217 1620 1316 1689 τὴν
1354 1618 1537 1685 ἁγίαν,
1589 1619 1652 1669 ὲκ
1691 1616 1900 1686 στόμα-

308 1733 400 1779 τος
430 1714 639 1786 νηπίων
678 1710 826 1768 αἶνον
849 1712 1083 1784 τερπνὸν
1113 1711 1187 1775 ὡς
1227 1710 1481 1780 βασιλεὺς
1511 1708 1619 1762 τῶν
1643 1709 1895 1762 ἁπάντων

306 1805 763 1877 καταρτίσασθαι.

387 1903 474 1955 Ἐν
505 1902 723 1970 γυναιξὶ
751 1902 814 1954 σὺ
854 1882 990 1971 μόνη
1026 1898 1338 1970 ὠραιώθης,
1397 1889 1440 1948 ὦ
1467 1893 1886 1967 ὑπερθαυμαστε

299 1995 463 2064 ἁγνὴ,
495 1995 589 2049 τὸν
618 1993 952 2065 ὡραιότατον
988 1992 1159 2059 Λόγον
1192 1990 1552 2057 ἀποκυήσασα
1602 1987 1691 2039 τὸν
1746 1987 1882 2057 ὑπὲρ

298 2089 509 2151 πάντας
542 2086 775 2156 φανέντα
811 2084 1035 2157 βροτοὺς
1062 2084 1263 2154 ὡραῖον
1286 2098 1299 2112 ·
1331 2079 1491 2132 αὑτδν
1524 2074 1615 2131 οὖν
1646 2075 1884 2130 ὲκδυσώ-

298 2198 392 2233 πει
425 2180 485 2233 τὸ
528 2179 768 2249 εἰδεχθὲς
799 2176 1169 2246 καθωραῖσαι,
1218 2172 1491 2245 Παρθένε,
1519 2170 1618 2239 τῆς
1662 2169 1881 2241 καρδίας

298 2287 424 2340 μου.

539 2360 657 2430 Τὴν
682 2360 851 2415 θείαν
880 2358 1187 2427 ἐννοήσας
1221 2372 1336 2411 σου
1369 2354 1646 2409 κένωσιν.

377 2456 584 2508 Ἀκτῖσι
616 2454 715 2524 τῆς
747 2452 899 2523 ὑμῶν
926 2450 1325 2522 παρακλήσεως
1348 2447 1790 2518 κατῳκισμένους
1820 2446 1876 2499 ἐν

292 2545 421 2613 σκιᾷ
450 2542 865 2613 ἁμαρτημάτων
896 2539 1168 2608 φωτίσατε
1195 2541 1320 2602 τους
1353 2538 1878 2607 εὐσεϐῶς,φωτοφό-

292 2653 399 2707 ροι,
424 2636 571 2705 ὑμᾶς
595 2631 1066 2703 άνευφημοῦντας,
1091 2632 1395 2685 ἀπόστολοι.

373 2724 619 2794 Ἀγάπην
644 2722 954 2793 συμπαθείᾳ
981 2721 1338 2786 συξεύξαντες
1387 2720 1522 2790 πρδς
1554 2719 1761 2772 ἱκεσίαν
1797 2718 1873 2789 τῷ

286 2815 529 2887 Χριστῷ,
568 2816 770 2879 πιστοὶ,
800 2814 1082 2883 ἐκπέμψαι
1116 2812 1526 2880 σπουδάσωμεν,
1549 2811 1695 2874 ὅπως
1725 2812 1872 2881 ἡμᾶς

285 2908 569 2977 ἀναστήσῃ
605 2909 667 2960 ὲκ
693 2906 865 2972 τάφου
905 2906 1012 2958 τῶν
1043 2904 1287 2976 κρυφίων
1318 2902 1503 2956 παθῶν
1532 2904 1706 2972 ἡμῶν.

351 3000 538 3063 Φιλίας
573 2999 842 3069 σαρκικῆς
890 2997 1269 3068 ἀφειδήσωμεν
1302 2997 1349 3047 οἱ
1408 2995 1772 3066 νεκρωθέντες
1802 2997 1866 3066 τῇ

1765 318 2023 376 'l'RlUDl
2040 318 2169 377 UM.

1944 435 1987 489 Α
2283 433 2416 499 Quia
2449 434 2751 487 mortalium
2783 432 2887 485 tale
2918 428 3045 500 quid
3076 426 3321 482 audivit?

3455 316 3600 380 3398

2083 525 2266 581 Daniel
2307 526 2517 595 jejunio
2559 526 2803 579 munitus
2848 523 3123 577 obturavit
3173 535 3269 575 ora
3327 521 3585 583 leonum;

2008 616 2160 671 illum
2216 618 2456 682 imitans,
2504 616 2687 670 anima
2737 631 2875 677 mea,
2925 622 3229 681 serpentem
3278 612 3583 681 rugientem

2009 709 2151 763 sicut
2184 708 2266 762 leo
2305 717 2357 763 et
2389 717 2727 779 quaerentem
2770 709 3035 761 devorare
3068 720 3287 761 omnem
3321 704 3583 763 animam,

2008 799 2188 853 crucis
2216 798 2417 853 auxilio
2455 799 2682 869 expelle.

2088 982 2322 1037 Verbum
2360 981 2474 1048 Dei,
2509 984 2742 1037 occisam
2771 980 3011 1051 peccatis
3049 994 3223 1035 meam
3264 979 3502 1033 animam
3530 986 3585 1033 et

2008 1076 2059 1129 in
2090 1075 2342 1145 Sepulcro
2387 1073 2840 1144 transgressionis
2879 1073 3216 1132 conclusam,
3270 1068 3441 1125 verbo
3488 1076 3584 1123 tuo

2006 1168 2168 1221 vitam
2227 1167 2504 1237 praebente
2555 1167 2781 1229 suscita,
2815 1175 2868 1220 et
2923 1167 3165 1235 proferre
3221 1164 3318 1219 tibi
3367 1162 3580 1234 palmas

2005 1260 2265 1315 virtutum
2308 1261 2455 1315 velut
2487 1258 2677 1313 mortis
2709 1258 2899 1311 victori
2928 1258 3171 1328 dignare.

2073 1444 2174 1512 Qui
2212 1447 2411 1499 emtum
2453 1453 2511 1498 ut
2554 1443 2815 1496 thronum
2876 1439 3123 1510 possidet
3166 1446 3219 1493 et
3276 1448 3475 1495 terram
3516 1448 3578 1493 ut

2002 1537 2323 1595 scabellnm,
2358 1536 2454 1590 Dei
2494 1536 2676 1588 Pati-is
2714 1532 2971 1593 Verbum,
3005 1533 3149 1601 pullo
3180 1539 3371 1586 vectus
3410 1532 3461 1586 in
3499 1532 3579 1585 ei-

2002 1633 2224 1687 vitalem
2255 1630 2559 1699 ingreditur
2592 1634 2863 1689 sanctam,
2891 1626 2956 1678 ad
2982 1624 3366 1689 perﬁciendam
3389 1640 3454 1678 ex
3479 1638 3573 1678 ore

2003 1727 2288 1781 infantium
2322 1723 2539 1779 laudem
2570 1721 2892 1793 jucundam,
2925 1728 2985 1772 ut
3011 1733 3102 1772 rex
3145 1717 3408 1771 omnium.

2063 1909 2119 1964 In
2158 1908 2486 1963 mulieribus
2526 1914 2583 1960 tu
2615 1904 2732 1959 sola
2764 1905 3012 1973 speciosa
3054 1902 3194 1955 facta
3224 1917 3303 1964 es,
3335 1916 3366 1954 ο
3399 1898 3571 1953 admi-

1989 2004 2318 2059 rabilissima
2368 2000 2532 2067 Virgo
2574 2013 2734 2068 pura,
2767 2011 2889 2066 (ιιιαξ
2916 1993 3383 2064 Speciosissimum
3426 1991 3566 2044 Ver-

1988 2095 2114 2150 bum
2167 2092 2428 2163 peperisti
2478 2103 2645 2158 supra
2696 2103 2891 2141 omnes
2952 2084 3213 2139 mortales
3255 2081 3570 2156 speciosum

1984 2193 2375 2257 apparentem;
2436 2182 2588 2234 illum
2655 2180 2820 2247 igitur
2879 2178 3111 2232 obsecra
3194 2186 3251 2231 nt
3321 2176 3570 2232 deforme

1981 2277 2165 2334 cordis
2198 2277 2327 2339 mei,
2363 2272 2551 2343 Virgo,
2581 2270 2891 2339 Speciosum
2927 2269 3139 2323 reddat.

2204 2366 2446 2420 Divinam
2478 2372 2622 2416 tuam
2647 2363 2885 2430 cogitans
2912 2361 3350 2414 exinanitiouem.

2050 2457 2464 2515 Exhortationis
2487 2464 2682 2509 vestra:
2708 2454 2879 2508 radiis
2908 2452 3217 2506 illuminate
3249 2453 3562 2505 habitantes

1976 2552 2030 2606 in
2064 2551 2256 2605 umbra
2278 2556 2628 2620 peccatorum
2661 2544 2856 2616 quipie
2899 2560 2993 2599 vos
3024 2545 3324 2608 celebrant,
3352 2543 3563 2599 lueit‘eri

1976 2644 2234 2713 apostoli.

2043 2733 2378 2788 Cliaritatem
2419 2728 2788 2801 compassioni
2826 2728 3222 2798 coniungentes
3245 2729 3313 2781 ad
3344 2728 3558 2796 suppli-

1973 2823 2204 2879 candum
2236 2822 2459 2877 Christo
2487 2823 2705 2876 mittere
2730 2834 3110 2890 properemus,
3133 2820 3342 2880 ﬁdeles,
3367 2827 3424 2871 ut
3459 2833 3561 2872 nos

1972 2917 2200 2973 suscitet
2235 2930 2263 2969 e
2300 2914 2512 2968 tumulo
2540 2912 2987 2968 absconditarum
3025 2911 3370 2979 cupidiuum.

2041 3006 2349 3061 Amicitiam
2390 3006 2672 3060 carnalem
2718 3002 3141 3073 parvil'aciamus
3171 3004 3263 3071 qui
3291 3002 3342 3055 in
3374 3003 3558 3056 anima

282 3091 452 3162 ψυχῇ,
485 3090 578 3144 καὶ
607 3089 927 3161 προσφιλεῖς
965 3087 1397 3158 χρηματίσωμεν
1424 3085 1518 3139 τοῦ
1551 3086 1865 3156 Λυτρωτοῦ,
1896 3118 1938 3178 c

1896 3118 1938 3178 ρ
1973 3098 2141 3154 occisi
2176 3112 2389 3161 sumus,
2420 3102 2474 3149 et
2497 3095 2663 3152 amici
2692 3094 3041 3148 nominentur
3070 3093 3474 3161 Redemptoris,
3503 3105 3561 3149 ut

281 3186 427 3246 ὅπως
460 3183 583 3255 ᾆδον
616 3183 851 3253 φρικτῆς
884 3183 1033 3253 ἡμᾶς
1058 3176 1401 3250 λυτρώσηται
1431 3178 1687 3247 κρίσεως.

354 3275 609 3345 Προέφης
630 3272 726 3327 τοῦ
759 3274 1007 3343 Λαζάρου
1030 3272 1129 3343 τὴν
1155 3270 1431 3340 κοίμησιν,
1452 3269 1509 3321 ὃν
1546 3268 1663 3337 μετ’
1692 3268 1870 3336 ὀλίγον

282 3367 536 3432 άνιστῶν,
569 3368 632 3419 ἐκ
666 3364 1009 3435 θηλαζόντων
1050 3362 1338 3433 προσδέξῃ,
1364 3362 1587 3430 Χριστὲ,
1612 3359 1871 3427 κλαδοφο-

284 3454 525 3526 ρούντων
554 3453 644 3507 τὸν
665 3449 833 3519 αἶνον,
859 3452 953 3506 τοῦ
980 3451 1185 3515 πάθους
1211 3468 1304 3503 σου
1332 3450 1428 3504 τοῦ
1456 3448 1598 3504 Θείου
1633 3448 1700 3501 τά
1734 3448 1868 3518 συμ-

280 3547 434 3603 ϐολα.

360 3640 458 3694 Ἐκ
486 3637 579 3693 σοῦ
623 3638 686 3692 ea
720 3637 864 3691 θεῖον
914 3634 1060 3707 ὕδωρ
1098 3634 1394 3690 ἀνέϐλυσεν
1442 3632 1738 3695 ἀθανασίας
1772 3632 1867 3684 καὶ

277 3731 441 3801 ζωῆς,
473 3728 787 3800 Θεοκυῆτορ
826 3728 1160 3797 πανάμωμε,
1200 3720 1261 3780 οὗ
1287 3726 1334 3779 oi
1369 3725 1651 3795 γευόμενοι
1680 3723 1862 3794 δίψης,

279 3821 437 3891 άγνὴ,
463 3820 843 3893 θανατηφόρου
873 3819 1249 3890 ῥυσθησονται.

744 3999 845 4054 Σοί
872 3998 951 4064 τῷ
988 3997 1365 4067 Παντουργῷ.

341 4090 501 4144 Λίθον
533 4091 625 4144 τὸν
658 4088 830 4161 βαρὺν
857 4092 922 4143 ὲκ
958 4089 1058 4159 τῆς
1084 4090 1224 4158 ἐμῆς
1260 4086 1486 4157 καρδίας
1513 4086 1698 4156 διᾶραι
1730 4101 1861 4153 πρε-

276 4181 536 4235 σϐεύσατε
558 4180 649 4234 τὸν
671 4179 1271 4250 πανοικτίρμονα,λίθοι
1302 4179 1561 4246 φανέντες
1584 4176 1675 4230 τοῦ
1692 4177 1861 4247 ἀκρο-

1974 3193 2040 3247 ab
2069 3191 2270 3246 inferni
2305 3188 2544 3250 terribili
2573 3186 2926 3240 damnatione
2958 3200 3059 3239 nos
3085 3186 3340 3239 redimat.

2041 3280 2348 3336 Prredixisti
2375 3279 2569 3332 Lazari
2595 3278 3007 3339 dormitionem,
3041 3292 3203 3346 quem
3238 3277 3402 3344 paulo
3430 3286 3555 3346 post

1972 3374 2277 3432 suscitans,
2323 3386 2389 3424 ex
2449 3384 2544 3424 ore
2604 3369 2919 3423 lactentinm
2972 3384 3152 3423 ramos
3214 3372 3550 3438 portantium

1971 3465 2207 3530 laudem,
2258 3462 2501 3527 Christe,
2546 3460 2823 3531 suscipis,
2878 3470 2986 3514 ture
3038 3460 3236 3515 divina:
3276 3463 3552 3533 passionis

1969 3561 2144 3631 signa.

2039 3649 2115 3703 Ex
2148 3658 2201 3703 te
2231 3648 2418 3704 divina
2452 3645 2653 3701 scatuit
2678 3643 2825 3699 unda
2856 3642 3287 3697 immortalitatis
3317 3652 3369 3696 et
3402 3641 3547 3704 vitae,

1968 3739 2060 3795 Dei
2097 3738 2346 3793 Genitrix
2375 3752 2607 3808 prorsus
2640 3733 3166 3804 irreprehensibilis;
3195 3742 3246 3785 et
3274 3732 3422 3785 illaut
3455 3734 3545 3801 qui

1968 3828 2313 3900 gustarerint
2347 3844 2375 3882 a
2407 3829 2496 3884 siti
2528 3827 2800 3890 Ietliifera,
2834 3839 2971 3893 pura
3002 3821 3192 3893 Virgo,
3228 3824 3545 3878 liberabun-

1964 3932 2074 3978 tur.

2402 4010 2519 4064 Tibi
2561 4008 2796 4062 omnium
2844 4004 3104 4059 Creatori.

2036 4100 2109 4155 Ut
2151 4114 2370 4171 gravem
2417 4101 2652 4170 lapidem
2693 4099 2760 4153 de
2793 4112 2914 4152 meo
2949 4097 3114 4150 corde
3146 4095 3302 4148 tollat
3342 4094 3548 4164 suppli-

1962 4199 2084 4246 cate
2141 4189 2768 4250 misericordissimuin,
2821 4187 2913 4254 qui
2959 4184 3173 4252 lapides
3211 4185 3542 4253 apparuistis

1962 4276 2241 4348 angularis
2298 4274 2533 4346 lapidis,
2600 4274 2783 4329 divina
2825 4272 3112 4341 loquentes
3156 4271 3388 4339 apostoli
3434 4269 3544 4322 Do-

1961 4385 2121 4424 ῐηιηι.

340 4454 619 4524 Ἄγωμεν,
654 4453 770 4517 τοῖς
803 4453 917 4517 σοῖς
937 4451 1341 4522 πρωνεφὼνεις
1392 4448 1568 4516 φίλοις
1588 4466 1602 4480 ’
1634 4450 1662 4502 δ
1693 4449 1847 4517 φίλος
1877 4450 1922 4506 D

1877 4450 1922 4506 D
2022 4459 2248 4524 Eamus,
2282 4458 2390 4514 tuis
2424 4457 2715 4527 inquiebas
2749 4456 2982 4519 amicis;
3012 4454 3223 4507 amicus
3252 4452 3542 4505 mensLa-

270 4564 367 4616 μου
386 4545 631 4616 Λάζαρος
649 4544 750 4616 ἤδη
780 4544 1136 4613 κεκοίμηται·
1168 4541 1358 4596 τοῦτον
1390 4542 1639 4611 ἐγείρων,
1661 4540 1849 4611 ἐκτρί-

1952 4567 2112 4607 zarus
2138 4551 2248 4620 jam
2287 4550 2501 4619 sopitus
2542 4561 2661 4616 est;
2699 4550 2851 4602 illum
2907 4546 3207 4609 suscitans,
3250 4550 3537 4597 conteram

266 4638 346 4707 ιιω
381 4636 474 4691 τοῦ
511 4636 746 4692 θανάτου
777 4636 877 4707 τὴν
931 4636 1282 4707 ὁλεθροτόκον
1333 4634 1534 4688 κακίαν
1581 4634 1659 4698 είς
1718 4635 1848 4688 αίῶ-

1425 4634 1534 4687 (ίαν
1581 4634 1659 4698 εἷς
1718 4635 1848 4688 αἱῶ-
1950 4646 2142 4702 mortis
2171 4644 2445 4701 exitialem
2487 4645 2752 4698 malitiam
2789 4644 2843 4697 in
2875 4640 3103 4696 smeula.

266 4747 381 4785 νας.

328 4767 499 4893 apio:
520 4820 618 4892 τὴν
647 4819 825 4892 ψυχὴν
857 4819 950 4874 καὶ
982 4821 1224 4873 ταπεινοὶ
1251 4819 1350 4891 τὴν
1366 4817 1592 4889 γνώμην
1619 4818 1847 4888 γενόμε·

263 4929 335 4965 νοι
373 4911 578 4983 χάριτι,
615 4908 1003 4978 ὖπώεξώμεθα
1035 4910 1212 4977 πρᾶον
1247 4908 1338 4961 τὸν
1369 4908 1585 4961 πάντων
1618 4908 1848 4977 ἐρχόμε-

260 5019 341 5055 νον
364 5001 664 5073 Δεσπότην,
703 5000 803 5072 τὴν
842 4999 1166 5064 ἀλαζονείαν
1214 4998 1310 5052 τοῦ
1342 4996 1581 5069 πονηροῦ
1622 4998 1844 5067 συντρί-

271 5093 367 5148 Lat.

274 5111 367 5148 ἀι.

257 5111 290 5162 ιτ
322 5181 511 5252 Πύλην
561 5197 621 5233 σε
655 5179 832 5249 φωτὸς
857 5179 1266 5249 πεφωτισμένος
1297 5178 1484 5247 βλέπει
1529 5178 1840 5249 προφήτης,

258 5272 592 5343 πανάμωμεο
635 5272 726 5325 τὸν
782 5270 1092 5341 φωτοδότην
1137 5271 1248 5341 γάρ
1281 5270 1489 5332 τίκτεις
1546 5269 1839 5339 ἀφράστως

254 5367 379 5435 ἡμῖν
410 5363 770 5435 ὁμοιωθέντα,
826 5362 886 5416 ὃν
917 5362 1315 5434 ὑπερυψοῦμεν
1348 5363 1429 5426 είς
1476 5362 1684 5424 πάντας
1712 5362 1840 5425 τοὺς

254 5455 469 5519 αίῶνας.

274 4272 527 4341 γωνιαίου
551 4271 723 4339 λίθου,
749 4270 1005 4341 θεηγόροι
1037 4270 1325 4325 ἀπόστολοι
1351 4269 1575 4339 Κυρίου.

2022 4820 2180 4876 Miles
2210 4820 2377 4875 corde
2404 4828 2457 4874 et
2486 4819 2725 4875 humiles
2757 4828 2936 4874 mente
2974 4814 3100 4869 facti
3139 4830 3232 4885 per
3276 4813 3534 4883 gratiam,

1948 4911 2311 4981 suscipiamus
2366 4912 2549 4965 mitem
2607 4911 2855 4964 omnium
2892 4908 3179 4962 Dominum
3212 4905 3528 4960 venientem

1947 5003 2010 5055 ad
2033 5002 2356 5071 jactantiam
2395 5002 2621 5073 maligni
2652 4999 3068 5057 couterendam.

2012 5182 2243 5238 Januam
2271 5184 2408 5239 lucis
2451 5192 2507 5239 te
2546 5184 2819 5255 conspicit
2848 5183 3189 5237 illuminatus
3232 5179 3521 5249 propheta,

1944 5274 2440 5343 irreprehensibilis
2487 5295 2499 5330 :
2551 5277 2692 5331 lucis
2766 5276 2915 5332 enim
2980 5273 3226 5325 datorem
3290 5286 3525 5342 generos

1943 5374 2291 5431 inell‘abiliter
2334 5377 2495 5431 nobis
2535 5375 2739 5431 factum
2793 5374 3052 5438 similem,
3105 5386 3266 5441 quem
3329 5386 3523 5440 super-

1940 5468 2248 5523 exaltamus
2290 5468 2345 5523 in
2380 5470 2563 5524 omnia
2593 5469 2815 5524 secula.

2485 5560 2657 5625 Isaia,
2708 5559 2962 5627 tripudia.

2008 5652 2203 5707 Libera
2241 5667 2327 5708 me
2350 5652 2419 5709 ab
2451 5652 2695 5707 amicitia
2723 5652 2936 5712 dolosa.
2967 5647 3188 5702 Christe
3234 5647 3515 5718 Magister,

1940 5742 2029 5811 qui
2066 5742 2278 5801 amicos
2312 5751 2435 5801 tuos
2467 5742 2743 5811 sapientes
2770 5739 2985 5811 clegisti
3017 5736 3356 5808 discipulos;
3389 5738 3510 5805 ιιιιὶ⁶

786 5543 1010 5609 Ἠσαΐιι,
1054 5544 1285 5612 χόρευε.

319 5634 432 5706 Τῆς
471 5633 654 5705 φιλίας
697 5632 859 5705 ῥῦσαί
891 5652 957 5705 με
990 5634 1083 5688 τοῦ
1103 5635 1302 5700 δολίου,
1336 5638 1580 5693 Δέσποτα
1605 5641 1832 5711 Χριστὲ.

259 5726 483 5795 ὀφίλους
516 5744 609 5779 σου
636 5726 756 5788 τοὺς
816 5725 1010 5794 σοφοὺς
1043 5726 1199 5793 λέξας
1264 5729 1508 5800 μαθητάς
1531 5747 1543 5760 ·
1610 5733 1707 5801 μεθ
1730 5728 1832 5789 ’ὧν
