4250 6442
274 433 408 499 3301

1697 433 2105 497 TRIODIUM.

3413 449 3556 512 3903

275 552 434 607 πόλιν
460 553 560 623 τὴν
586 549 745 619 άγίαν
776 548 870 604 κοιλ¹
916 550 1072 621 χερσὶ
1103 548 1401 620 μιαιφόνων
1441 547 1658 617 άληθῶς
1691 563 1872 616 παρα·
1900 553 1947 608 Λ

1900 553 1947 608 Λ
1979 561 2225 611 sanctam
2262 565 2314 612 ct
2346 557 2401 611 in
2450 568 2648 613 manus
2681 556 3088 613 homicidarum
3125 575 3248 617 vere
3280 562 3466 617 tradar
3493 577 3551 621 ut

272 643 574 715 δοθήσομαι
600 642 817 712 σταυρῷ
840 639 1239 708 ἀποκτανθῆναι
1274 638 1454 709 σαρκί.

341 734 587 787 Θανάτου
628 732 822 796 θέλων,
860 732 1020 799 Λόγε,
1084 731 1390 800 ἐξαρπάσαι
1432 729 1585 798 φίλον
1622 729 1714 781 τὸν
1749 729 1865 795 σὺν,

272 826 439 896 σαρκὶ
469 824 843 894 θανατωθῆναι
881 823 949 876 δι’
980 825 1129 895 ἡμᾶς
1152 822 1451 893 κατεπείγῃ
1483 819 1687 883 ἑκοντὶ,
1730 819 1867 874 ἀθα-

271 919 502 982 νατίξων
532 918 657 980 τοὺς
686 916 928 987 βροτοὺς,
965 917 1091 986 μὸνε
1124 915 1378 970 ἁθάνατε.

341 1010 477 1061 Βαῖα
506 1007 861 1077 σωφροσύνης
880 1006 1244 1077 ἐπισείσωμεν
1262 1005 1339 1077 τῷ
1359 1006 1597 1077 Χριστῷ,
1618 1008 1676 1059 ἐν
1700 1004 1868 1073 πώλῳ

272 1102 619 1174 τιετριάζοντι
654 1100 842 1169 σαρκὶ,
901 1098 996 1153 καὶ
1037 1100 1426 1170 προσείπωμεν
1463 1099 1612 1170 αὐτῷ
1647 1100 1740 1153 ἐπὶ
1796 1095 1857 1149 τὸ

271 1195 462 1256 πάθος·
511 1193 569 1246 '0
597 1191 766 1245 ἐλθὼν
803 1190 1093 1261 εὐλογητὸς
1126 1185 1193 1253 εἴ,
1223 1191 1432 1261 Σωτήρ.

335 1372 543 1441 Φρικτή
604 1388 696 1424 σου
737 1372 768 1442 ὴ
808 1370 1012 1441 λοχεία,
1075 1370 1305 1423 Θεοτόκε
1360 1368 1554 1437 Μῆτερ
1590 1365 1861 1436 Χριστοῦ·

264 1464 344 1515 διό
376 1481 435 1516 σε
469 1464 847 1533 μακαρίζομεν
875 1462 1079 1525 πιστῶς
1115 1464 1295 1531 γενεαὶ
1318 1462 1426 1514 τῶν
1450 1459 1675 1529 γενεῶν,
1709 1457 1861 1524 δοξο-

265 1552 552 1622 λογοῦντές
585 1571 664 1616 σε,
697 1555 856 1624 άγνὴ,
900 1556 978 1618 εἰς
1008 1556 1132 1617 τοὺς
1169 1556 1386 1617 αἰῶνας.
1443 1558 1634 1627 ’Λμήν.

702 1733 1166 1801 Ἔπτίιπλασίως
1196 1737 1465 1806 κάμινον.

335 1825 469 1878 Τότε
511 1825 635 1893 ἐμοὶ
687 1826 1069 1895 γνωσθήσεσθε
1109 1828 1369 1895 μαθηταὶ,
1413 1830 1617 1900 Σςῦτερ,
1648 1831 1857 1896 ἔλεξας,

1974 662 2139 703 cruce
2177 647 2398 702 occidar
2426 647 2479 702 in
2510 664 2696 704 carne.

2046 738 2202 792 Morti
2235 740 2423 795 volens
2456 741 2673 797 auferre
2703 746 2939 799 amicum
2975 755 3163 811 tuum,
3200 745 3459 807 Verbum,
3496 745 3550 799 in

1962 845 2137 885 carne
2167 833 2340 886 occidi
2384 844 2607 903 propter
2650 852 2752 891 nos
2793 840 2938 892 ultro
2972 839 3229 902 festinas,
3267 841 3551 892 immorta-

1971 925 2049 981 les
2077 923 2287 979 faciens
2316 930 2596 992 mortales,
2632 930 2779 985 solus
2811 932 3157 987 immortalis.

2044 1012 2248 1069 Ramos
2297 1018 2671 1085 temperantize
2731 1034 2897 1089 super
2946 1019 3225 1075 Christum
3277 1018 3550 1088 agitemus

1970 1105 2058 1176 qui
2094 1107 2239 1175 pul!o
2264 1107 2541 1163 modestus
2582 1113 2750 1165 estin
2787 1126 2973 1171 carne.
3007 1120 3060 1166 et
3115 1112 3266 1166 illum
3302 1113 3520 1180 alloqua

1968 1200 2219 1253 mur:ad
2274 1201 2587 1270 patiendum
2641 1205 2866 1259 veniens
2920 1204 3246 1260 benedictus
3286 1220 3368 1268 es,
3420 1204 3547 1258 Sal-

1970 1295 2142 1340 \‘8l0l'.

2040 1376 2379 1434 Tremendus
2422 1389 2547 1434 tuus
2576 1390 2787 1449 portus,
2823 1382 3052 1451 Deipara
3087 1383 3259 1438 Mater
3285 1384 3491 1440 Christi
3528 1406 3543 1442 :

1966 1485 2133 1539 quare
2165 1480 2216 1523 te
2247 1472 2455 1524 beatam
2506 1472 2868 1540 praedicamus
2900 1473 3131 1526 ﬁdeliter
3163 1475 3545 1543 generationes

1965 1564 2400 1631 generationum,
2454 1564 2824 1634 gloriﬁcantes
2870 1574 2943 1629 te,
3012 1579 3170 1634 pura,
3216 1568 3271 1620 in
3322 1568 3541 1631 sacula,

1965 1652 2156 1707 Amen.

2460 1749 2714 1818 Sepluplo
2756 1748 3045 1815 fornacem.

2034 1837 2186 1892 Tunc
2247 1838 2350 1892 mei
2395 1838 2652 1907 discipuli
2711 1836 3144 1907 cognoscemini,
3228 1836 3541 1904 inquiebas,

262 1916 354 1969 ὅτε
415 1916 643 1969 ἐντολῶν
698 1917 1055 1987 ἐκπληρωταὶ
1110 1922 1408 1990 γενήσεσθε
1463 1924 1613 1992 ἐμῶν
1668 1924 1857 1994 ῶσπερ
1893 1891 1931 1945 Β

1893 1891 1931 1945 Β
1965 1926 2235 1987 Salvator,
2287 1926 2507 1995 quando
2540 1926 2795 1978 mandata
2845 1940 2961 1978 mea
3010 1923 3366 1992 impleveritis
3399 1925 3542 1979 sicut

263 2006 476 2077 ἕφησα·
514 2008 753 2060 ἐθελοντὶ
804 2008 1095 2078 ἐρχόμενος
1130 2010 1301 2073 πάθος
1340 2012 1478 2082 πρὸς
1526 2015 1722 2067 σεπτὸν
1746 2056 1759 2076 ,
1790 2016 1856 2068 Et’

260 2094 322 2153 οῦ
355 2098 622 2151 ἀπάθειαν
671 2100 778 2160 πᾶς
816 2115 894 2162 τις
927 2100 1214 2169 κομίσεται
1272 2102 1622 2172 κραυγάζων,
1644 2103 1854 2175 Ἱερεῖς,

260 2192 360 2245 άνυ
370 2193 578 2262 μνεῖτε.

334 2283 425 2337 Ἐν
465 2285 679 2347 ἑαυτοῖς
726 2285 1057 2339 ταπείνωσιν
1099 2286 1275 2359 άληθῆ
1315 2289 1722 2360 περιφέροντες,
1765 2292 1856 2345 τὸν

259 2374 671 2429 ταπεινωθέντα
716 2393 783 2445 με
813 2376 946 2429 Θεὸν
976 2379 1312 2449 μιμήσασθε,
1345 2384 1456 2443 τοῖς
1488 2382 1664 2450 φίλοις
1694 2383 1855 2454 ἐϐόη-

261 2484 382 2533 σας,
406 2468 596 2533 πάθος,
627 2470 845 2539 Χριστὲ,
875 2469 1008 2537 πρὸς
1040 2469 1181 2523 θεῖον
1211 2472 1409 2542 μολών.
1443 2472 1505 2525 Ὀ
1533 2474 1624 2528 οῦν
1654 2476 1855 2545 ὑψηλὸς

261 2559 430 2612 θέλων
468 2559 719 2627 γενέσθαι
738 2561 835 2615 καὶ
866 2561 1101 2630 πρῶτος,
1123 2562 1233 2614 τῶν
1261 2562 1479 2616 πάντων
1510 2564 1693 2629 δοῦλος
1713 2566 1855 2620 ἔστω

258 2652 323 2720 τῇ
358 2650 633 2721 προθέσει,
662 2652 990 2724 κραυγάζων
1020 2669 1031 2682 ·
1071 2654 1216 2717 Aab;
1240 2653 1583 2725 ὑπερυψοῦτε
1612 2659 1849 2729 Χριστὸν

262 2743 339 2804 εἰς
361 2742 575 2807 πάντας
603 2744 730 2805 τοὺς
765 2744 989 2807 αἰῶνας.

346 2833 545 2887 Ῥῦπον
573 2833 765 2888 παθῶν
784 2834 877 2887 τοῦ
909 2833 1159 2905 σώματος
1188 2837 1281 2889 καὶ
1308 2837 1489 2906 ψυχῆς
1529 2840 1849 2910 ἐκκαθάρωο

262 2944 382 2998 μεν,
418 2926 511 2980 καὶ
545 2925 623 2995 τῷ
652 2926 877 2997 καθαρῷ
929 2927 1297 2997 ἀκολουθῆσαι
1334 2929 1681 3001 σπεύσωμεν,
1716 2933 1851 3004 πρὸς

259 3016 433 3079 πάθος
480 3015 753 3069 ἀπάθειαν
786 3016 1201 3086 παρασχόμενον
1252 3020 1381 3071 πᾶσι
1432 3018 1647 3089 βροτοῖς
1680 3023 1849 3075 σπεύ-

259 3108 404 3161 δοντι
438 3107 682 3179 Χριστῷ,
705 3101 749 3177 ᾧ
778 3108 1007 3179 μελῳδεῖ
1041 3111 1187 3163 πᾶσα
1209 3110 1404 3174 κτίσις,
1433 3113 1495 3164 0t
1516 3113 1721 3179 παῖδες,
1757 3115 1849 3167 εὑ-

262 3202 491 3269 λογεῖτε.

337 3295 499 3346 ’Λνευ
521 3292 727 3345 ὠδίνων
759 3292 990 3354 τέτοκας
1029 3293 1120 3346 τὸν
1179 3294 1275 3363 τὴν
1335 3293 1479 3349 Εὔαν
1538 3298 1844 3366 ῥυσάμενον

262 3385 327 3436 ἐκ
382 3382 490 3435 τῶν
546 3382 769 3448 ὀδυνῶν,
813 3377 888 3436 ὧν
922 3385 1084 3453 ἡδονῇ
1131 3384 1229 3453 τῆς
1262 3385 1519 3455 βρώσεως
1573 3388 1843 3441 κλαπεῖσα

258 3475 544 3545 ἐκέκτητο,
579 3474 892 3545 Θεοκυῆτορ
918 3476 1209 3529 Δέσποιναν
1268 3477 1325 3530 ὃν
1364 3478 1604 3532 ἐθελοντὶ
1628 3481 1761 3551 πρὸς
1787 3481 1844 3532 τὸ

262 3565 532 3634 μακάριον
590 3564 762 3627 πάθος
812 3565 1108 3635 ἐρχόμενον
1164 3568 1389 3638 ὁρῶσα,
1437 3571 1695 3624 ὀδυνᾶσαι
1752 3572 1844 3625 καὶ

260 3658 510 3728 μέλπεις,
530 3657 673 3713 Λαὸν
704 3657 808 3710 ὑπὸ
836 3658 1092 3728 Χριστὸν,
1118 3677 1169 3711 κ.
1204 3676 1253 3712 τ.
1293 3660 1347 3713 λ.

593 3749 845 3816 Ἐξέστη
867 3750 966 3804 ἐπὶ
1006 3751 1180 3806 τοῦτο
1212 3753 1487 3819 οὐρανός.

327 3842 551 3906 ’ἰδόντες
573 3840 664 3896 τὸν
686 3842 958 3913 ὁμαίμονα
975 3844 1172 3913 Ἰωσὴφ
1198 3845 1332 3914 πρὸς
1358 3845 1583 3915 πατρὸς,
1602 3845 1843 3916 ἀδελφοὶ,

256 3938 587 4006 ἀφικόμενον
620 3935 801 4005 φθόνῳ
850 3936 1007 4007 δεινῷ
1055 3936 1240 4006 λάκκῳ
1294 3938 1695 4009 καταφέρουσι,
1752 3942 1845 3994 καὶ

261 4024 481 4096 μακρὰν
509 4025 613 4079 ἀπε
623 4023 884 4094 μπολοῦσι
915 4024 1151 4093 φέροντα
1176 4025 1380 4090 πάθους
1410 4028 1509 4096 τὴν
1538 4026 1727 4081 είκόνα
1748 4026 1844 4080 τοῦ

257 4115 505 4181 ἀπαθοῦς
540 4114 777 4187 Χριστοῦ
807 4114 904 4168 τοῦ
930 4115 1225 4186 βασιλέως,
1276 4117 1334 4170 ὃν
1373 4118 1620 4189 μαθητὴς
1656 4119 1845 4180 δολίως

257 4207 664 4279 ἀπεμπωλῆσαι
695 4208 1065 4279 έτοιμάζεται.

341 4303 515 4373 Ὡρῶν
564 4304 659 4356 καὶ
718 4304 943 4374 ἡμερῶν
981 4320 1041 4356 τε
1095 4304 1425 4374 Δημιουργὲ,
1482 4305 1695 4373 ἀγνοεῖν
1745 4304 1844 4374 τὴν

257 4398 476 4469 ἡμέραν
536 4395 856 4466 προέφησας
892 4394 992 4465 τῆς
1022 4395 1117 4449 τοῦ
1166 4398 1371 4460 παντὸς
1405 4396 1609 4466 κόσμου
1657 4411 1845 4448 συντε-

261 4490 409 4553 λείας
437 4489 549 4553 τοῖς
593 4487 895 4558 μαθηταῖς·
924 4488 1083 4558 ὅρους
1121 4491 1253 4559 ἡμῖν
1296 4487 1580 4559 τιθέμενος
1628 4504 1842 4557 μετριο-

1960 2019 2097 2083 dixi,
2140 2019 2450 2072 voluntarie
2497 2018 2722 2073 veniens
2768 2016 2835 2070 ad
2880 2017 3194 2085 passionem
3250 2011 3539 2071 venerabi-

1960 2114 2087 2176 lem,
2119 2129 2211 2181 per
2257 2127 2416 2180 quam
2469 2111 2965 2181 impassiliilitatem
3024 2108 3203 2162 omnis
3240 2111 3540 2178 reportahit

1960 2205 2203 2259 clamans
2239 2222 2251 2257 :
2289 2202 2637 2265 Sacerdotes,
2670 2200 2996 2255 benedicite.

2030 2295 2085 2350 In
2124 2295 2535 2364 vobismctipsis
2583 2310 2764 2347 veram
2816 2296 3179 2350 humilitatem
3245 2293 3526 2349 circumfe-

1956 2395 2143 2441 rentes
2177 2401 2261 2440 me
2292 2384 2458 2439 Deum
2501 2385 2845 2438 humiliatum
2882 2385 3200 2449 imitamini,
3234 2387 3531 2447 clamabas,

1955 2476 2195 2540 Christe,
2247 2476 2441 2531 amicis
2494 2477 2625 2543 tuis,
2670 2478 2737 2529 ad
2779 2477 3019 2530 divinam
3056 2475 3282 2531 veniens
3320 2477 3536 2546 passio-

1958 2586 2078 2625 nem
2106 2586 2120 2632 ;
2156 2569 2247 2638 qui
2283 2569 2449 2638 igitur
2480 2568 2593 2625 vult
2618 2569 2871 2636 superior
2903 2584 3025 2623 esse
3058 2576 3112 2622 et
3143 2569 3378 2639 primus,
3410 2581 3535 2621 om—

1955 2663 2104 2717 nium
2142 2676 2336 2716 servus
2364 2658 2649 2729 -pr0posito
2680 2659 2805 2721 flat,
2831 2660 3078 2713 clamans
3112 2678 3127 2715 ι
3165 2659 3410 2729 Populus
3434 2673 3533 2713 su-

1955 2754 2292 2824 perexaltate
2308 2748 2587 2806 Christum
2606 2750 2658 2804 in
2692 2751 2877 2804 omnia
2906 2752 3126 2805 secula.

2026 2844 2230 2900 Sordes
2264 2844 2626 2914 cupiditatum
2662 2842 2914 2911 corporis
2946 2852 3001 2896 et
3032 2844 3229 2896 anima:
3267 2839 3535 2896 emunde-

1953 2956 2077 2994 mus
2113 2949 2166 2992 et
2192 2952 2387 3009 purum
2443 2934 2599 3001 sequi
2657 2933 2980 2988 festinemus
3028 2932 3309 2987 Christum
3341 2946 3433 2999 qui
3466 2928 3536 2983 ad

1952 3031 2264 3101 passionem
2293 3028 2551 3081 omnibus
2600 3024 2931 3095 pmbentem
2973 3023 3300 3077 mortalibbs
3329 3022 3534 3089 impas-

1954 3123 2273 3176 sibilitatem
2324 3118 2569 3179 festinat,
2617 3115 2704 3170 cui
2762 3113 2947 3185 psallit
3002 3113 3184 3167 omnis
3234 3120 3531 3166 creatura:

1871 3223 1913 3281 C
1951 3216 2127 3279 Pueri,
2162 3211 2491 3267 henedicite.

2027 3308 2156 3361 Sine
2190 3312 2380 3373 partus
2424 3300 2708 3357 doloribus
2755 3300 2996 3371 genuisti
3027 3314 3148 3355 eum
3182 3297 3275 3367 qui
3307 3295 3473 3349 Evam
3503 3308 3533 3346 a

1953 3397 2239 3453 doloribus
2313 3393 2566 3449 liberavit
2628 3406 2770 3461 quos
2827 3392 2939 3444 eihi
3017 3389 3296 3458 voluptate
3352 3387 3531 3440 furata

1954 3495 2395 3559 comparaverat,
2448 3484 2676 3555 Deipara
2710 3482 2978 3541 Domina:
3030 3481 3180 3534 illum
3227 3477 3539 3532 voluntarie

1956 3584 2020 3637 ad
2081 3582 2294 3636 beatam
2368 3577 2681 3648 passionem
2734 3575 3048 3629 venientem
3108 3570 3324 3635 videns,
3381 3567 3533 3624 doles

1953 3684 2006 3731 et
2034 3674 2190 3729 canis
2220 3688 2234 3725 :
2273 3671 2508 3741 populus
2539 3668 2642 3723 sub
2673 3667 2915 3729 Christo,
2952 3674 3061 3721 etc.

2324 3759 2613 3828 Obstupuit
2658 3758 2841 3812 calum
2873 3772 3027 3822 super
3061 3756 3176 3809 hoc.

2025 3854 2289 3910 Videntes
2344 3850 2818 3919 consanguineum
2877 3847 3079 3916 Joseph
3151 3860 3181 3899 a
3234 3855 3387 3915 patre
3467 3858 3566 3898 vc-

1951 3945 2218 4010 nientem,
2275 3942 2495 4003 fratres,
2552 3939 2760 3994 invidia
2815 3939 2989 4008 gravi,
3036 3939 3091 3991 in
3141 3936 3342 3991 fossam
3380 3933 3529 3991 defo-

1952 4043 2083 4090 runt
2109 4045 2160 4088 et
2192 4032 2382 4103 procul
2411 4030 2654 4085 vendunt
2692 4028 2955 4083 ferentem
2981 4028 3271 4097 imaginem
3307 4024 3530 4089 passio-

1954 4126 2040 4179 nis
2066 4121 2425 4192 impassibilis
2452 4120 2659 4175 Christi
2705 4120 2869 4190 regis,
2906 4134 3066 4189 quem
3095 4118 3401 4188 discipulus
3431 4115 3532 4171 do-

1953 4219 2068 4272 lose
2108 4215 2348 4270 vendere
2371 4221 2549 4283 parat.

2023 4306 2352 4375 Temporum
2406 4304 2730 4372 dierumque
2772 4300 3058 4365 Conditor,
3119 4298 3301 4354 dixisti
3358 4297 3527 4353 disci-

1952 4398 2096 4469 pulis
2134 4404 2188 4450 te
2227 4395 2442 4449 nescire
2470 4394 2619 4448 diem
2650 4391 2836 4445 mundi
2879 4390 3121 4444 universi
3177 4401 3530 4443 consumma-

1952 4489 2123 4544 tionis
2167 4504 2181 4541 :
2224 4487 2429 4541 limites
2489 4483 2839 4539 constituens
2888 4482 3047 4536 nobis
3103 4479 3526 4540 moderationis,

259 4580 555 4652 φροσῦνης,
581 4580 725 4647 Αόγε
753 4578 908 4643 Θεοῦ,
950 4578 1017 4631 δι’
1050 4574 1119 4648 ἦς
1153 4579 1546 4649 άνυψωθέντες,
1584 4576 1678 4630 τοῦ
1709 4576 1844 4630 πλά-
1874 4571 1921 4627 D

1874 4571 1921 4627 Ῑ)
1953 4581 2190 4635 Verbum
2250 4578 2366 4641 Dei,
2418 4592 2512 4646 per
2553 4590 2720 4645 quam
2767 4572 3019 4636 exaltati,
3054 4571 3364 4627 seductoris
3410 4569 3526 4625 ele-

258 4690 349 4727 νου
384 4673 481 4735 τὰς
508 4672 767 4743 ἐπάρσεις
802 4673 866 4741 σῇ
907 4670 1193 4740 δυναστείᾳ
1226 4670 1591 4741 ταπεινοῦμεν
1628 4669 1734 4724 ἀεί.

330 4761 745 4834 Σταυρὼσωμεν
795 4760 866 4814 τά
904 4761 1038 4832 μέλη
1102 4762 1167 4815 δι’
1209 4760 1443 4832 ἀληθοῦς
1490 4761 1840 4832 ἐγκρατείας,

259 4850 482 4921 Χριστῷ
512 4849 1010 4920 συσταυρούμενοι,
1058 4851 1153 4903 καὶ
1209 4849 1416 4921 ἡδονῶν
1471 4850 1732 4920 φύγωμεν
1782 4850 1843 4903 τὸ

261 4944 429 5016 βάρος
460 4942 523 4997 τὸ
554 4942 835 5011 δυσαχθὲς,
874 4943 967 4995 καὶ
995 4942 1227 4995 ἐντολῶν
1262 4940 1542 5012 γινώμεθα
1563 4942 1723 4996 θείων
1747 4941 1842 4996 τοῦ

259 5036 511 5104 Σωτῆρος
553 5032 925 5103 ἐκπληρωταὶ,
970 5034 1054 5086 ἵνα
1087 5034 1144 5086 ἐν
1166 5036 1230 5104 τῇ
1294 5032 1563 5107 μελλούσῃ
1588 5035 1688 5104 τῆς
1719 5035 1843 5108 κρί-

259 5141 399 5186 σεως
427 5125 645 5194 ἡμέρᾳ,
676 5122 774 5191 τῆς
808 5122 1189 5193 κακακρίσεως
1224 5122 1577 5193 ρυσθειημεν.

335 5217 438 5268 Ἦν
466 5214 635 5267 πάλαι
678 5213 997 5284 κατηράσω,
1032 5213 1192 5283 Λόγε,
1228 5214 1398 5283 συκῆν
1428 5213 1705 5287 ἁμαρτίας
1751 5214 1845 5285 δη-

258 5306 456 5359 λοῦσαν
480 5304 542 5358 τὸ
568 5305 832 5375 ἄκαρπον.

624 5395 729 5449 Ἔν
747 5394 917 5461 βυθῷ
946 5396 1326 5464 κατέστρωσέ
1357 5412 1518 5451 ποτε.

331 5486 685 5547 Συνελθόντες
714 5486 866 5540 δεῦτε
895 5477 1218 5558 τῷ’Χριστῷ
1256 5488 1458 5550 πάντες
1511 5488 1843 5543 συνανέλθωο

262 5593 387 5647 μεν,
412 5575 522 5629 τῶν
554 5574 781 5630 Ἐλαιῶν
808 5578 899 5629 ἐπὶ
937 5578 997 5630 τὸ
1035 5577 1159 5647 ὅρος
1196 5578 1459 5647 σήμερον,
1488 5578 1648 5631 κάκεῖ
1677 5579 1840 5632 ἀκου-

261 5668 474 5739 σόμεθα
500 5663 591 5721 οἷα
614 5667 911 5737 φθέγγεται
961 5671 1072 5733 τοῖς
1125 5670 1286 5724 αὐτὸν
1324 5671 1665 5740 άγαπήσασι,
1715 5667 1843 5740 περὶ

258 5758 361 5829 τῆς
386 5758 643 5828 δευτέρας
684 5759 904 5823 τούτους
940 5761 1271 5815 ἐκδιδάσκων
1304 5760 1665 5826 ἐπελεύσεως.

332 5850 423 5904 Ἐν
446 5848 612 5919 ἐλαίῳ
653 5850 828 5921 ἔργων
867 5852 1087 5921 ἀγαθῶν
1118 5854 1314 5916 πάντες
1346 5852 1723 5925 ἑτοιμάσωμεν
1748 5854 1840 5918 τὰς

1949 4675 2200 4731 vation‘es
2227 4683 2317 4727 tua
2351 4671 2593 4741 potentia
2629 4683 2847 4737 semper
2878 4666 3262 4721 humiliamus.

2019 4764 2419 4835 Cruciﬁgamus
2460 4761 2702 4817 membra
2748 4774 2842 4830 per
2868 4773 3051 4812 veram
3100 4752 3527 4819 continentiam,

1951 4857 2192 4918 Christo,
2240 4854 2455 4908 conﬂxe
2501 4852 2674 4917 cruci,
2737 4859 2791 4905 et
2861 4852 3201 4919 voluptatum
3254 4846 3525 4917 fugiaitms

1952 4948 2165 5019 pondus
2192 4945 2610 5015 gravissimum,
2649 4941 3016 5010 mandataque
3053 4939 3236 4993 divina
3278 4936 3527 4991 Salvato-

1952 5039 2029 5093 ris
2064 5036 2480 5105 adimpleamus,
2505 5044 2564 5089 ut
2591 5034 2647 5088 in
2695 5042 2923 5088 ventura
2973 5029 3167 5097 iudicii
3194 5029 3283 5084 die
3313 5041 3343 5081 a
3372 5027 3528 5081 dam-

1953 5129 2174 5183 natione
2205 5126 2523 5185 liberemus,

2021 5218 2138 5283 Qua
2181 5217 2309 5269 olim
2366 5214 2718 5277 maledixisti,
2778 5212 3031 5277 Verbum,
3089 5210 3223 5266 ﬁcus
3273 5209 3525 5264 arborem

1952 5308 2160 5378 peccati
2194 5308 2544 5363 sterilitatem
2576 5303 2981 5359 ostendentem.

2242 5398 2307 5452 In
2337 5397 2603 5466 profundo
2630 5394 2895 5465 quondam
2929 5392 3236 5460 prostravit.

2025 5489 2426 5544 Cenveniemcs
2487 5488 2575 5541 hic
2634 5501 2755 5539 cum
2813 5483 3035 5536 Christo
3105 5496 3297 5536 omnes
3360 5479 3523 5535 simul

1952 5583 2316 5638 ascendamus
2372 5580 2426 5634 in
2479 5586 2717 5632 montem
2775 5572 3056 5628 Olivarmn
3108 5572 3291 5633 hodie,
3342 5572 3524 5639 ibique

1954 5672 2242 5728 audiemus
2272 5671 2453 5740 qualia
2481 5669 2722 5739 loquitur
2750 5667 2926 5735 ipsum
2963 5663 3301 5728 amantibus,
3336 5677 3525 5717 secun-

1951 5765 2077 5820 dum
2104 5763 2397 5819 adventum
2427 5777 2520 5817 cos
2552 5760 2811 5815 edocens.

2022 5858 2079 5911 In
2111 5856 2235 5913 oleo
2285 5846 2553 5913 bonorum
2600 5863 2828 5925 operum
2865 5862 3055 5905 omnes
3098 5859 3353 5918 paremus
3399 5845 3519 5914 spi-
