4250 6442
285 372 427 434 3305

1724 374 2130 433 'l‘lllUDlUM.

3410 387 3557 453 3906

286 485 369 538 σοὶ
402 486 509 554 γὰρ
556 483 651 536 καὶ
683 483 839 553 μόνῃ,
872 486 1127 553 ilco/:5,
1154 486 1370 554 πρέπει,
1405 488 1689 553 χαρίτισιτε,
1721 487 1751 554 ἡ
1778 486 1875 553 τῆς
1904 488 1951 546 Λ

1904 488 1951 546 Α
1980 486 2124 538 enim
2160 496 2212 540 et
2254 490 2356 541 soli
2417 492 2692 552 conn-nit,
2752 489 3101 546 immaculata
3158 493 3316 563 plena
3357 497 3555 564 gratia.

287 577 427 637 Εὔας
458 575 555 644 τὴν
586 574 765 642 λύπην
794 576 1129 642 άφανίσασα.

679 666 1014 731 Ἑλή.ίυθ‹ις
1052 666 1120 719 ἐκ
1162 667 1489 734 Παρθένου.

358 760 451 812 Ἐκ
480 761 653 829 τάφου
701 778 759 813 σε
808 761 1164 813 άνατείλαντα
1206 761 1358 831 ἥλιον
1396 762 1607 821 ἄδυτον,
1641 759 1869 828 ἀστέρες

286 848 596 917 πολύῳωτοι
642 850 691 901 οί
741 847 989 928 μαθηταὶἸ
1032 850 1384 918 θεασάμενοι,
1423 849 1607 901 πᾶσαν
1634 848 1731 918 τὴν
1766 847 1866 916 ὑφ-

286 940 436 1012 ήλιον
465 942 530 1011 τῇ
560 940 654 993 τοῦ
689 940 1048 1011 κηρύγματος
1084 942 1246 1011 αἴγλῃ
1275 939 1673 1010 κατεφώτισαν.

358 1031 725 1101 Χορεύσωμεν
756 1032 951 1100 ἑορτὴν
986 1033 1386 1101 συστησάμενοι
1433 1030 1704 1100 πνεύματι
1729 1046 1742 1058 ·
1777 1030 1872 1081 ἁν-

288 1125 419 1193 έστη
472 1125 500 1175 6
558 1123 792 1193 Κύριος,
834 1125 1022 1193 Πάσχα
1056 1124 1116 1175 τὸ
1165 1123 1307 1175 Οεῖον
1352 1121 1683 1192 εὺῳρὸσυνον
1716 1121 1873 1190 χάριν

288 1216 664 1286 παρεχόμενος
696 1216 805 1277 τοῖς
837 1215 935 1285 τὴν
987 1214 1149 1268 αὑτοῦ
1195 1212 1558 1285 προσκυνοῦσι
1606 1212 1875 1279 συγκατά-

289 1308 471 1361 ϐασιν.

359 1398 678 1469 Μηνύουσαι
733 1399 830 1468 τὴν
878 1399 1084 1467 σεπτήν
1115 1415 1209 1449 σου
1244 1398 1503 1465 γυναῖκες
1556 1393 1873 1458 ἀνάστασιν,

286 1494 402 1555 τοῖς
455 1492 627 1559 φίλοις
677 1508 792 1554 σου,
822 1490 1089 1555 Δέσποτα,
1118 1490 1433 1561 περιχαρῶς
1482 1488 1637 1542 τοῦτο
1668 1487 1876 1553 ἔλεγον,

292 1584 502 1652 Ἱδομεν
531 1583 622 1634 τὸν
652 1581 878 1651 Κύριον,
916 1581 1008 1633 καὶ
1036 1581 1386 1651 πρωτοδότως
1409 1581 1489 1644 τὸ,
1510 1581 1700 1648 Χαῖρε,
1724 1580 1880 1630 ἀπει-

287 1675 559 1745 λήφαμεν.

358 1768 653 1837 Συγχαίρει
702 1784 784 1821 σοι
834 1765 1112 1825 γυναικῶν
1148 1764 1492 1836 μυροφὸρων,
1544 1762 1874 1832 πανάμωμε,

288 1859 448 1928 χορδς

291 1950 529 2020 ἐκύησας
561 1950 697 2020 ὑπὲρ
724 1948 900 2001 αἰτίαν
934 1949 1026 2001 καὶ
1052 1947 1233 2016 λόγον.

713 2129 774 2182 '0
815 2128 921 2183 τοῦ
960 2128 1155 2197 φωτὸς
1194 2129 1473 2197 χορηγός.

371 2222 429 2273 ’0
463 2222 642 2290 φωτὶς
677 2220 912 2291 χορηγὸς
948 2222 1052 2274 ὑπὸ
1102 2222 1199 2292 τὴν
1250 2223 1354 2291 γῆν
1411 2220 1549 2289 μετὰ
1576 2217 1753 2288 ψυχῆς
1783 2214 1876 2284 γέ-

288 2331 437 2381 γονε,
475 2313 571 2366 καὶ
619 2313 744 2375 τοὺς
793 2314 909 2365 ἐκεῖ
960 2312 1252 2382 δεσμώτας
1282 2311 1476 2377 saga;
1504 2309 1705 2378 ἀνέστη
1744 2322 1878 2376 κρα-

287 2405 479 2467 ταιῶς,
512 2405 613 2473 τὴν
649 2402 949 2457 ἀθανασίαν
981 2408 1190 2468 πιστοῖς
1222 2405 1610 2475 χαρισάμενος.

361 2498 818 2567 Συνενεκρούμην
843 2515 925 2550 σοι
954 2496 1081 2567 χθὲς
1108 2498 1497 2567 νενεκρωμένῳ
1532 2495 1597 2548 δι’
1620 2494 1742 2564 ἐμὲ.
1770 2492 1880 2547 Κύ-

290 2606 373 2659 ριε
394 2602 407 2616 ⁶
446 2590 685 2658 σήμερον
711 2588 767 2640 δὲ
796 2587 1127 2651 συζωοποιοῦ
1137 2606 1254 2657 μαι,
1274 2587 1417 2656 ζωὴν
1439 2585 1702 2656 ἀληθινὴν
1726 2583 1870 2654 ἔχων

292 2694 349 2729 σε
388 2679 485 2729 καὶ
517 2677 708 2747 Πάσχα
735 2676 914 2747 ψυχῆς
946 2677 1329 2748 καθαρτήριον.

362 2764 843 2837 Βακτηρευόμενοι
876 2766 971 2819 καὶ
1003 2767 1385 2837 στηριζόμενοι
1438 2763 1655 2835 σταυρῷ
1696 2765 1881 2832 τράγων

293 2874 393 2924 μεν
442 2857 503 2909 τὸ
538 2857 782 2927 καθαρὸν
832 2858 1039 2927 Πάσχα,
1069 2860 1167 2921 τὰς
1215 2858 1471 2927 πικρίὸας
1528 2857 1729 2928 σαρκὸς
1774 2857 1882 2909 τῶν

292 2946 495 3016 ἡδονῶν
533 2949 598 3001 ἐκ
626 2949 725 3015 τῆς
752 2949 989 3011 διανοίας
1020 2949 1176 3019 ἡμῶν
1210 2948 1631 3011 ἀπελαύνοντες.

375 3038 440 3089 ’Π
473 3038 686 3107 βασιλὶς
710 3040 803 3093 τοῦ
835 3039 1034 3101 παντὸς
1058 3039 1147 3092 τὸν
1180 3039 1412 3092 Βασιλέα
1442 3037 1536 3091 τοῦ
1566 3037 1767 3100 παντὸς
1797 3036 1884 3089 τέ-

297 3126 457 3191 ξασα,
487 3126 564 3187 ὡς
606 3128 671 3179 ὲκ
697 3127 910 3180 παστοῦ
943 3127 1131 3180 τοῦτον
1159 3127 1260 3196 τῆς
1292 3127 1528 3197 γαστρός
1561 3143 1654 3179 σου
1681 3126 1880 3196 ὡραῖον

295 3220 478 3289 ὁρῶσα
501 3219 678 3289 τάφου
704 3217 1056 3290 προελθόντα,
1091 3218 1325 3286 ἀγάλλου
1363 3220 1456 3271 καὶ
1490 3217 1703 3288 χόρευε.

450 3395 556 3449 Ἐν
592 3394 846 3457 ἁϐύσσῳ
881 3392 1267 3462 πταισμάτων
1305 3392 1737 3461 κυκλούμενος.

367 3486 774 3558 Λαμπροφόρος
800 3487 982 3557 ἡμέρα
1012 3486 1307 3556 ἐγέρσεως,
1342 3484 1539 3547 πάντες
1563 3483 1885 3552 λαμπροφὸ-

300 3597 383 3649 ροι
429 3578 629 3647 ψυχαῖς
680 3579 1145 3648 χρηματίσωμενο
1173 3578 1200 3628 6
1230 3574 1522 3647 Λυτρωτὴς
1568 3574 1883 3645 ἐγήγερται,

296 3670 367 3723 τά
394 3668 488 3723 τοῦ
518 3669 647 3741 ᾅδου
680 3668 929 3731 κενώσας
965 3667 1232 3738 βασίλεια.

381 3762 565 3830 Ἱερῶν
594 3759 874 3830 γυναικῶν
902 3760 931 3813 6
966 3760 1289 3828 κατάλογος,
1322 3758 1521 3828 βλέψας
1541 3758 1637 3829 τὴν
1657 3756 1801 3826 ζωὴν
1824 3756 1887 3808 ἐκ

297 3853 508 3919 νεκρῶν
537 3852 924 3919 ἀνατείλασαν,
942 3854 1055 3916 τοῖς
1087 3852 1357 3923 μαθηταῖς
1387 3850 1694 3921 συνέχαιρε,
1712 3846 1888 3902 καὶτὸ

299 3945 496 4015 Πάσχα
524 3946 586 3998 τὸ
612 3945 755 3999 θετον
792 3944 1068 4016 ὲόρταζεν.

369 4037 691 4107 Ἀπεπαύθη
740 4037 843 4107 τῆς
892 4036 1068 4107 λύπης
1100 4036 1169 4090 τὰ
1217 4036 1427 4108 δάκρυα
1455 4052 1468 4066 ⁶
1513 4035 1542 4088 6
1598 4031 1888 4105 χαροποιδς

310 4133 517 4205 Ἰησοῦς
566 4133 675 4204 γὰρ
724 4134 1048 4206 ἐγήγερται,
1083 4132 1467 4203 συνεξεγείρας
1516 4130 1734 4185 ἅπασαν
1778 4126 1887 4181 τῶν

298 4225 511 4298 βροτῶν
540 4225 641 4295 τὴν
667 4225 859 4278 οὐσίαν
884 4224 960 4287 ὡς
995 4223 1388 4294 εὔσπλαγχνος.

370 4314 678 4384 Παρθενίας
698 4314 795 4378 τὰς
820 4313 1000 4377 πύλας
1020 4314 1120 4368 οὐκ
1142 4314 1382 4385 ἡνοιξας,
1419 4313 1697 4384 μνήματος
1717 4328 1889 4383 σφρα-

295 4405 450 4475 γίδας
478 4406 579 4458 οὐκ
609 4405 839 4469 ἔλυσας,
869 4404 1147 4469 Δέσποτα,
1189 4403 1485 4469 ἐξαναστάς
1511 4405 1832 4475 τριήμερος,
1861 4400 1889 4454 6

299 4497 556 4569 βουλήσει
595 4498 658 4551 τὸ
687 4498 795 4550 πᾶν
824 4496 1215 4566 ἐργαζόμενος.

741 4588 797 4642 Ἀ
805 4606 872 4641 rt
881 4590 1047 4641 ι’θεον
1081 4587 1455 4657 πρόσταγμα.

373 4680 623 4750 Διώκτης
667 4680 910 4751 ὀλέθριος
960 4677 1295 4748 ὲξηφανίσθη
1318 4695 1331 4707 ·
1367 4676 1462 4730 τοῦ
1491 4677 1617 4747 ᾅδου
1652 4673 1890 4728 κεκένω-

297 4792 390 4828 ται
438 4772 500 4825 τὺ
545 4771 787 4841 ἀφεγγὲς
834 4768 1139 4840 βασίλειον*
1170 4768 1407 4839 Χριστὸς
1436 4767 1544 4838 γὰρ
1578 4766 1638 4819 τὸ
1664 4766 1892 4835 ἄχρονον

302 4864 419 4934 φῶς
462 4862 558 4916 καὶ
602 4861 889 4932 άνόλεθρον
934 4860 1217 4931 ἡστραψεν
1239 4875 1252 4889 ·
1288 4859 1529 4913 ἀνέτειλε
1549 4897 1564 4922 ,
1591 4858 1766 4931 χαρᾶς
1795 4857 1892 4928 τὴν

301 4958 454 5010 οἰκον
464 4957 631 5025 μένην
662 4951 962 5024 πληρώσας
998 4952 1267 5022 σήμερον.

375 5046 654 5117 Κρουνοὺς
689 5044 984 5115 ὲπαφῆκάς
1010 5059 1103 5114 μοι
1130 5041 1449 5105 ἀθανασίας,
1476 5039 1716 5110 πλευράν
1739 5037 1896 5109 ὀρυτ-

299 5141 531 5209 τόμενος
558 5140 650 5191 καὶ
682 5140 894 5209 χεῖρας,
926 5134 1249 5207 ὑπεράγαθε
1273 5151 1286 5165 ο
1316 5134 1531 5204 Θανάτῳ
1555 5132 1610 5186 δὲ
1642 5131 1891 5195 θάνατον,

304 5232 513 5302 Σῶτερ,
548 5230 879 5299 ὲνέκρωσας,
910 5231 1003 5282 καὶ
1052 5226 1522 5298 συνεξανέστησας
1574 5225 1797 5295 νεκροὺς
1826 5224 1894 5293 τῇ

308 5326 377 5393 σῇ
414 5321 652 5391 ὲγέρσει,
683 5323 711 5373 ὁ
746 5318 1120 5390 ύπερένδοξος.

382 5412 715 5475 Κλαιούσαις
738 5411 969 5483 ἐϐόησας
998 5412 1124 5473 ταῖς
1165 5408 1513 5480 μυροφόροις.
1531 5408 1755 5477 Χριστὲ,
1775 5408 1893 5473 Ἑξ-

305 5507 617 5575 εγήγερμαι
636 5520 652 5537 ο
702 5502 794 5556 τὸν
824 5502 1019 5573 Θρῆνον
1049 5500 1415 5575 ἀπορρίψατε,
1442 5502 1551 5563 τοῖς
1584 5500 1756 5569 φίλοις
1792 5517 1893 5569 μου

303 5596 522 5658 εἴπατε,
561 5593 979 5664 καθυπαντῆσαί
1028 5611 1122 5663 μοι
1172 5593 1271 5649 καὶ
1322 5590 1422 5663 τὴν
1466 5592 1730 5647 ἐπινίκιον
1754 5590 1894 5662 ᾠδὴν

305 5687 663 5755 ἀναφωνῆσαι
698 5688 762 5755 τῇ
793 5686 1085 5757 δυναστείᾳ
1123 5702 1251 5754 μου.

381 5776 656 5833 Παρθένον
704 5778 949 5849 τηρήσας
1001 5794 1060 5833 σε
1108 5776 1251 5851 μετά
1298 5789 1391 5831 τον
1437 5775 1630 5843 τόκον,
1662 5777 1689 5832 6
1721 5774 1896 5831 πάντα

1970 593 2074 646 qua
2104 578 2224 631 lita!
2258 591 2552 633 maerorem
2596 582 2891 635 abstulisti.

2465 669 2701 725 Exiristi
2748 690 2780 725 a
2826 672 3054 743 Virgine.

2042 756 2083 810 E
2118 759 2329 815 tumulo
2374 768 2628 817 exortum
2689 772 2743 818 te
2775 764 2947 819 solem
2989 765 3424 822 inaccessibilsm
3475 768 3559 823 in-

1974 851 2094 905 tuiti
2145 852 2428 923 discipuli,
2454 852 2813 913 lucidissima
2860 857 3053 923 stellaz,
3082 861 3265 915 omnia
3300 860 3403 916 sub
3440 861 3558 916 sole

1973 942 2381 1012 praedicationis
2429 946 2641 1017 fulgore
2684 950 3161 1007 illuminaverunt.

2044 1033 2455 1105 Tripudientus,
2490 1038 2686 1093 festum
2727 1043 2923 1108 spiritu
2954 1044 3392 1110 constituentes;
3435 1059 3559 1099 sur-

1977 1127 2111 1179 rexit
2143 1125 2423 1192 Dominus,
2476 1128 2681 1185 Pascha
2735 1132 3009 1201 divinum,
3064 1135 3266 1189 laetitia:
3322 1136 3555 1203 gratiam

1976 1215 2284 1271 concedens
2324 1217 2389 1272 iis
2425 1219 2517 1288 qui
2560 1221 2994 1277 comlcsrensum
3037 1224 3157 1291 ejus
3196 1224 3453 1280 adorant.

2049 1390 2219 1445 Tuam
2270 1394 2636 1448 venerabilem
2695 1396 3003 1453 indicantes
3056 1401 3316 1456 mulieres
3364 1416 3553 1456 resur-

1986 1486 2281 1540 rectionem
2324 1486 2514 1540 amicis
2552 1487 2683 1549 tuis.
2720 1487 3002 1559 Magister,
3041 1492 3381 1547 exsultantes
3424 1492 3557 1547 illud

1978 1576 2266 1632 dicebant:
2299 1577 2549 1633 Vidimus
2575 1578 2864 1634 Dominum
2910 1590 2964 1636 ct
2993 1582 3184 1651 prima:
3219 1585 3369 1639 salve
3400 1599 3559 1638 acce—

1980 1682 2178 1737 pimus.

2049 1756 2368 1828 Congaudet
2414 1758 2513 1814 tibi
2572 1761 2862 1816 mulierem
2914 1770 3189 1831 unguenta
3239 1759 3556 1824 ferentium,

506 1856 830 1925 ἀγιώτατος,
860 1855 1229 1921 ἐξαναστάντα
1280 1854 1549 1923 θεώμενος
1597 1852 1767 1921 Λόγον
1818 1851 1875 1905 ὃν
1910 1836 1949 1893 Β
1981 1850 2184 1917 irrepre

1910 1836 1949 1893 Β
1981 1850 2503 1917 irreprehensilzilis,
2551 1853 2935 1908 sanctissimus
2967 1852 3193 1917 chorus,
3229 1854 3555 1908 suscitatum

1977 1942 2359 2011 contemplans
2392 1941 2625 1997 Verbum
2667 1959 2828 2014 quem
2881 1944 3143 2014 peperisti
3191 1944 3351 1998 modo
3386 1942 3556 1999 ratio-

1977 2046 2100 2087 nem
2137 2042 2189 2088 et
2218 2049 2525 2090 sermonem
2554 2036 2877 2090 excedente.

2501 2125 2662 2181 Lucis
2719 2132 3002 2198 choragus.

2051 2216 2216 2272 Lucis
2262 2216 2537 2286 choragus
2567 2218 2669 2272 sub
2712 2226 2915 2271 terram
2947 2232 3072 2271 cum
3107 2216 3289 2271 anima
3320 2220 3555 2271 descen-

1979 2308 2076 2373 dit,
2107 2316 2161 2361 ct
2195 2308 2267 2362 ibi
2316 2308 2528 2363 vinctos
2578 2309 2820 2364 educens
2880 2308 3124 2365 surrexit
3181 2309 3421 2373 fortiter,
3460 2307 3561 2359 itit-

1988 2400 2376 2454 mortalitatem
2409 2399 2658 2454 ﬁdelibus
2690 2401 2952 2471 largiens.

2053 2491 2257 2546 Tecum
2287 2492 2403 2546 hcri
2434 2493 2725 2547 ooeidebar
2758 2496 2945 2547 occiso
3035 2508 3135 2564 pro
3158 2508 3265 2557 me,
3300 2492 3559 2557 Domine,

1984 2584 2143 2637 hodie
2173 2598 2301 2636 vero
2330 2582 2707 2645 conviviticor.
2742 2583 2907 2637 vitam
2940 2599 3126 2637 veram
3158 2591 3211 2638 te
3255 2582 3465 2636 habens
3507 2588 3564 2634 et

1984 2673 2197 2729 Pascha
2228 2675 2427 2728 animae
2472 2675 2863 2743 expiatorium.

2056 2763 2261 2818 Baculo
2295 2765 2555 2819 instructi
2590 2773 2644 2820 et
2669 2781 2835 2820 cruce
2867 2766 3119 2829 stabiliti,
3158 2765 3565 2823 manducemus

1984 2871 2182 2925 purum
2208 2854 2437 2920 Pascha,
2459 2857 2703 2912 lactucas
2732 2857 2916 2912 carnis
2934 2857 3275 2929 voluptatum
3296 2874 3360 2913 ex
3384 2866 3568 2916 mente

1984 2956 2174 3001 nostra
2205 2964 2268 3002 ex
2278 2948 2565 3018 pcllcnles.

2058 3039 2267 3107 Regina
2300 3038 2538 3093 universi
2589 3055 2713 3109 quae
2748 3039 2948 3110 Regem
2997 3040 3242 3095 universi
3277 3041 3561 3110 peperisti,

1987 3129 2139 3181 illum
2181 3129 2338 3198 quasi
2381 3129 2450 3184 de
2503 3131 2744 3185 thalamo
2791 3132 3098 3201 speciosum
3153 3131 3346 3186 videns
3406 3146 3566 3201 egre-

1983 3221 2227 3277 dientem
2266 3223 2334 3278 de
2366 3224 2579 3279 ventris
2625 3224 2699 3279 tui
2741 3225 2982 3291 tumulo,
3029 3225 3247 3280 exsulta
3294 3233 3348 3280 et
3390 3224 3568 3295 tripu-

1984 3312 2098 3369 dia.

2236 3400 2300 3455 In
2333 3402 2524 3472 abysso
2551 3404 2867 3459 delictorum
2901 3406 3315 3462 circumventus.

2057 3494 2311 3551 Lucifera
2344 3497 2462 3552 dies
2492 3498 2956 3563 resurrectionis;
2984 3513 3178 3553 omnes
3207 3496 3422 3554 luciferi
3446 3499 3569 3554 ani—

1988 3586 2183 3639 mabus
2213 3587 2594 3651 nominemur;
2630 3585 2967 3657 Redemptor
3005 3589 3327 3653 resurrexit,
3363 3586 3569 3646 inferni

1988 3691 2154 3746 regna
2189 3677 2537 3733 exinaniens.

2061 3764 2389 3821 Sanctorum
2451 3769 2745 3823 mulierum
2802 3777 2980 3824 cintus
3035 3769 3230 3826 videns
3277 3772 3448 3826 vitam
3497 3787 3565 3829 ex

1990 3859 2223 3913 mortuis
2286 3858 2648 3925 exorientem,
2729 3860 3023 3932 discipulis
3082 3864 3461 3934 congaudebat
3512 3874 3567 3921 et

1987 3947 2199 4004 Pascha
2226 3948 2472 4004 divinum
2504 3950 2840 4006 celebrabat.

2059 4038 2425 4095 Cessaverunt
2470 4041 2675 4098 doloris
2749 4043 3035 4115 lacrytnve;
3075 4046 3360 4102 lmtilicans
3410 4047 3558 4102 enim

1987 4129 2149 4186 Jesus
2178 4132 2445 4195 surrexit.
2479 4146 2666 4188 secum
2699 4136 2977 4191 suscitans
3004 4151 3223 4193 omnem
3249 4141 3563 4196 mortalium

1989 4222 2357 4279 Substantiam
2396 4225 2845 4281 misericorditer.

2062 4311 2404 4384 Virginitatis
2441 4313 2666 4383 jauuam
2733 4331 2839 4371 non
2894 4319 3182 4389 aperuisti,
3222 4322 3564 4378 monumenti

1990 4405 2169 4475 sigilla
2183 4421 2293 4461 non
2310 4406 2545 4472 solvisti,
2564 4404 2838 4478 Magister,
2852 4424 3144 4480 resurgens
3160 4419 3284 4481 post
3301 4412 3565 4477 triduum,

1918 4515 1968 4575 υ
1993 4498 2085 4569 qui
2120 4497 2401 4553 voluntate
2426 4498 2611 4553 omnia
2641 4500 2914 4569 Operaris.

2482 4586 2731 4643 Divinum
2761 4591 3094 4648 mandatum.

2062 4678 2392 4737 Persecutor
2433 4678 2689 4741 infensus
2722 4680 3044 4738 destructus
3074 4691 3183 4749 est,
3219 4684 3419 4739 inferni
3443 4686 3565 4740 exi-

1994 4773 2239 4827 nanitum
2265 4781 2350 4829 est
2378 4773 2681 4829 obscurum
2715 4788 2979 4844 regnum;
3015 4774 3271 4831 Christus
3296 4778 3445 4832 enim
3480 4779 3565 4831 in-

1994 4864 2351 4934 temporalem
2428 4863 2903 4935 immortalemque
2982 4865 3278 4938 l‘ulguravlt
3364 4870 3564 4935 lucem,

1995 4962 2222 5012 exortus
2261 4962 2363 5019 est,
2402 4954 2605 5027 gaudio
2630 4962 2834 5012 terram
2870 4957 3104 5027 implcns
3130 4960 3292 5017 hodie

2066 5044 2364 5101 Scatehras
2406 5045 2832 5105 immortalitatis
2883 5052 3019 5105 mihi
3067 5053 3367 5118 imtnisisti,
3400 5057 3570 5115 latere

1997 5134 2295 5191 confossus
2325 5144 2381 5192 et
2404 5138 2684 5202 manibus,
2716 5140 2953 5209 optime;
2982 5151 3157 5199 morte
3181 5160 3311 5201 vero
3337 5160 3562 5205 mortem

1997 5225 2275 5291 occidisti,
2336 5224 2612 5291 Salvator,
2651 5240 2705 5283 et
2737 5232 3129 5288 consuscitasti
3172 5244 3417 5292 mortuos
3473 5250 3564 5292 tua

1999 5316 2428 5383 resurrectione,
2457 5317 2878 5387 gloriosissime.

2068 5407 2353 5465 Flentibus
2394 5420 2670 5479 unguenta
2707 5412 3009 5471 ferentibus
3038 5418 3381 5483 exclamasti,
3416 5419 3566 5476 Chri-

1998 5508 2109 5556 ste:
2148 5498 2406 5567 Surrexi;
2442 5501 2649 5557 luctum
2680 5504 2920 5573 abjicite,
2940 5507 3131 5564 amicis
3161 5511 3295 5565 meis
3310 5511 3475 5569 dicite
3507 5520 3565 5566 ι.ι

1997 5590 2129 5645 mihi
2160 5604 2457 5647 occurrant
2487 5602 2540 5649 et
2566 5595 2824 5666 hymnum
2857 5598 3241 5669 triumphalem
3273 5602 3565 5660 decantent

2001 5682 2255 5753 potentia
2286 5698 2438 5740 mete.

2070 5774 2169 5843 Qui
2212 5784 2262 5834 te
2307 5777 2570 5852 virginem
2615 5782 2913 5841 custodivit
2954 5792 3073 5853 post
3104 5794 3342 5853 partum.
3378 5787 3563 5845 omnia
