4250 6442
697 372 830 438 3911

1581 377 1642 436 ὃ.
1676 374 2092 433 801³118οΝ11
2123 374 2632 437 PATRIMiClI/E
2666 380 3078 442 IliEllOSUL

3823 387 3969 449 3912

701 493 921 551 iutuita,
965 488 1222 552 Verbum,
1258 488 1456 556 gaudio
1510 487 1714 557 repleta
1753 498 1840 543 est
1871 498 1927 543 et
1971 487 2181 560 plaudit
2225 487 2280 541 in
2310 494 2357 550 Λ

2310 494 2357 550 Δ
2386 490 2696 561 λάμψαντα,
2728 495 2891 564 Λόγε,
2930 496 3106 566 χαρᾶς
3135 493 3494 564 πεπλήρωται
3539 495 3632 548 καὶ
3683 499 3872 565 κροτεῖ
3914 499 3971 548 ἐν

699 585 893 654 spiritu
931 580 1178 634 Paschati
1211 579 1400 632 d.vino
1422 587 1476 632 et
1509 577 1761 633 salutari.

768 673 940 740 Quem
969 687 1032 725 ex
1060 679 1156 724 tuo
1185 671 1542 726 sanctissimo
1573 669 1845 740 sanguine
1885 677 2279 738 supernatura-

698 762 820 816 liter
877 775 1109 830 corpore
1152 759 1370 814 donasti
1428 757 1693 822 Verbum,
1743 758 2160 814 reviviscentem
2211 775 2277 813 ex

697 853 926 908 mortuis
949 863 1070 922 post
1090 851 1328 905 triduum
1347 851 1774 922 contemplatata
1792 864 1876 916 es,
1896 849 2061 922 Virgo
2083 858 2275 905 mater.

1045 969 1084 1020 Α
1095 969 1277 1036 byssus
1303 976 1540 1020 extrema
1573 976 1928 1037 peccatorum.

762 1081 994 1135 Cantate
1034 1095 1098 1134 ac
1127 1081 1344 1150 psallite
1379 1080 1488 1135 Deo
1520 1081 1613 1148 qui
1644 1080 1889 1134 omnium
1916 1079 2126 1135 hostem
2156 1095 2280 1150 pas-

698 1173 854 1227 sione
883 1187 983 1226 sua
1021 1172 1243 1226 sustulit
1288 1191 1299 1226 :
1357 1173 1500 1242 agile
1547 1171 1778 1242 gratias,
1838 1171 2046 1240 pepuli;
2100 1170 2278 1226 tribus

693 1279 757 1318 ac
785 1265 983 1334 linguae
1013 1273 1191 1328 terr-te,
1216 1271 1269 1317 et
1293 1262 1536 1331 plaudite
1555 1261 1811 1317 manibus
1845 1279 1859 1315 :
1895 1260 2162 1317 Dominus
2187 1276 2278 1316 rc-

692 1360 960 1413 surrexit.

765 1445 1098 1502 Vulneratus
1146 1455 1230 1501 est
1281 1447 1468 1500 lane-3a
1509 1456 1596 1499 tua
1642 1445 1923 1510 inimicus,
1983 1451 2038 1498 et
2088 1444 2279 1516 igneus

692 1541 909 1611 gladius
941 1540 1123 1610 fugam
1155 1541 1398 1609 capessit
1425 1539 1494 1593 ab
1540 1539 1606 1592 iis
1654 1538 1750 1606 qui
1808 1538 2271 1592 resurrectionem

691 1645 839 1688 tuam
875 1635 961 1704 pie
999 1633 1350 1696 annuntiant,
1387 1639 1550 1702 teque
1582 1631 1804 1702 hymnis
1855 1630 2147 1692 extollunt,
2179 1645 2276 1699 op-

690 1729 822 1782 time
858 1727 1010 1782 Jesu.

2383 584 2663 655 Πνεύματι
2694 586 2884 657 Πάσχα
2911 589 3055 640 θεῖον
3091 588 3183 640 καὶ
3218 589 3506 658 σωτήριον,

2463 678 2558 730 Ὃν
2573 680 2638 731 ὲκ
2656 678 2766 731 τῶν
2789 679 2898 732 σῶν
2913 679 3198 747 παναγίων
3224 681 3471 749 αἱμάτων
3504 679 3800 750 ὑπερφυῶς
3831 681 3969 732 ὲσω-

2385 769 2644 837 μάτωσας
2686 771 2878 838 Λόγον,
2905 771 3289 824 ἀναϐιώσαντα
3317 771 3382 823 ὲκ
3411 770 3623 842 νεκρῶν
3672 788 3701 823 τ
3712 771 3974 842 ριήμερον

2381 855 2613 926 ἐθεάσω,
2647 859 3018 932 Μητροπάρθε
3027 877 3102 917 νε.

2705 968 3004 1034 Ἀϐυσσος
3041 969 3276 1039 ἐσχάτη
3315 967 3635 1038 ἁμαρτιῶν.

2456 1081 2662 1152 Ι’ᾼσατε
2693 1081 2788 1136 καὶ
2808 1080 3020 1154 ψάλατε
3047 1081 3126 1152 τῷ
3152 1082 3272 1153 Θεῷ
3297 1082 3470 1135 ἑλόντι
3493 1080 3656 1134 πάθει
3686 1082 3779 1135 τὸν
3801 1082 3976 1136 ἀπάν-

2380 1190 2490 1228 των
2538 1173 2824 1245 πολέμιον,
2877 1176 2971 1230 καὶ
3021 1176 3436 1246 πανηγυρίσατε
3488 1173 3629 1240 λαοὶ,
3664 1175 3828 1243 φυλαὶ
3881 1175 3976 1227 καὶ

2381 1264 2623 1332 γλῶσσαι
2665 1266 2766 1336 τῆς
2810 1266 2937 1338 γῆς,
2974 1267 3068 1322 καὶ
3096 1268 3424 1339 κροτήσατε·
3458 1265 3752 1337 Ἐξανὲστη
3797 1266 3826 1318 ό
3858 1264 3974 1318 Κύ-

2382 1371 2519 1424 ριος.

2460 1448 2745 1518 Τέτρωται
2795 1451 2863 1520 τῇ
2895 1448 3069 1524 λόγχῃ
3098 1467 3190 1503 σου
3221 1451 3249 1503 ὁ
3295 1450 3507 1522 ἐχθρὸς,
3557 1449 3654 1504 καὶ
3683 1451 3717 1520 ἡ
3743 1449 3974 1520 φλογίνη

2383 1541 2630 1610 ῥομφαία
2674 1542 2823 1594 νῶτα
2879 1541 3061 1595 δίδωσι
3107 1545 3219 1607 τοῖς
3268 1543 3367 1616 τὴν
3406 1545 3508 1614 σὴν
3542 1543 3845 1597 ἀνάστασιν
3889 1542 3976 1595 εὐ-

2383 1633 2556 1694 σεϐῶς
2579 1633 3033 1702 καταγγέλλουσι,
3058 1634 3155 1686 καὶ
3183 1635 3415 1705 ὑμνοῦσι
3455 1653 3538 1700 σε,
3589 1635 3765 1706 Ἰησοῦ
3798 1637 3973 1706 ὑπερ-

2391 1725 2585 1794 άγαθε.

763 1816 938 1872 llodic
969 1818 1116 1871 enim
1175 1830 1364 1870 revera
1413 1815 1754 1870 celebramus
1805 1814 2271 1869 resurrectionem
2305 1839 2348 1896 Β

2305 1839 2348 1896 Β
2451 1819 2699 1889 Σήμερον
2737 1819 2836 1890 τὴν
2887 1819 3105 1892 ἔγερσιν
3159 1819 3376 1890 ἀληθῶς
3407 1819 3580 1890 αὐτὴν
3639 1820 3971 1888 ἑορτάζομεν

690 1912 906 1968 Domini
947 1913 1246 1966 creationis
1277 1926 1373 1981 per
1408 1911 1554 1964 illam
1591 1927 1604 1963 :
1659 1925 1845 1964 secum
1903 1909 2047 1963 enim
2115 1925 2276 1962 mun~

691 2008 820 2060 dum
886 2005 1281 2068 rcsuscitavit,
1337 2011 1392 2058 et
1450 2001 1776 2057 interfectus
1835 1999 2112 2054 interfecit
2177 2000 2276 2055 ho,-

691 2107 854 2154 Stetn.

763 2188 842 2242 Tu
883 2205 1006 2258 quae
1037 2187 1152 2242 sola
1183 2185 1496 2242 castissima
1549 2200 1609 2239 es
1667 2199 1855 2238 coram
1912 2178 2022 2238 Deo
2074 2191 2132 2236 et
2176 2180 2276 2235 ho-

689 2280 954 2345 minibus,
993 2295 1157 2348 supra
1185 2294 1350 2349 quam
1383 2277 1690 2346 intelligere
1718 2289 1987 2344 queamus
2035 2273 2276 2328 interce-

691 2373 828 2427 dens
863 2372 1004 2442 apud
1034 2369 1228 2423 Filium
1274 2376 1453 2432 tuum,
1523 2381 1622 2420 ora
1675 2380 1775 2434 pro
1807 2363 1987 2429 nobis,
2048 2371 2108 2416 ut
2160 2377 2278 2418 ser-

689 2465 774 2518 vis
800 2464 910 2518 tuis
940 2462 1080 2516 male
1109 2459 1282 2531 lapsis
1319 2455 1595 2528 propitius
1643 2455 1719 2510 sit
1781 2463 1950 2525 atque
2007 2453 2278 2509 auxilium

693 2557 850 2614 ferat.

1154 2666 1282 2721 Tres
1317 2665 1466 2734 pueri
1504 2664 1559 2716 in
1596 2662 1836 2734 fornace.

763 2779 956 2844 llodie,
983 2786 1192 2848 gentes,
1212 2775 1454 2845 plaudite
1474 2771 1726 2827 manibus
1752 2779 1805 2824 et
1821 2769 2067 2840 psalmis,
2090 2783 2280 2824 surre-

693 2872 772 2925 xit
803 2870 1063 2924 Christus
1095 2866 1377 2920 suscitans
1407 2875 1655 2917 mortuos
1689 2874 1825 2914 voce
1873 2874 2067 2929 magna
2101 2859 2284 2915 dicen-

698 2974 781 3018 tes
811 2982 824 3016 :
856 2960 1183 3015 Benedictus
1209 2972 1291 3023 es,
1325 2954 1468 3010 Deus
1500 2965 1714 3025 patrum
1749 2960 2088 3007 nostrorum.

765 3146 1012 3217 Agamus
1032 3142 1236 3197 choros
1266 3139 1444 3195 sacris
1470 3136 1810 3193 exsultantes
1839 3133 2077 3206 hymnis.
2097 3133 2151 3187 in
2176 3131 2282 3186 hoc

693 3237 940 3310 paschali
986 3234 1127 3289 festo
1179 3229 1624 3286 eouelamemus!
1665 3225 1949 3291 Laustibi,
1979 3241 2012 3278 ο
2041 3221 2277 3288 Christe,

697 3330 790 3399 qui
825 3328 893 3383 ad
929 3323 1309 3382 redimendum
1349 3335 1452 3376 nos
1483 3331 1684 3389 magna
1710 3323 1970 3386 operatus
2003 3328 2086 3370 es.

767 3502 1056 3558 Abstinetc
1081 3513 1180 3553 vos
1209 3487 1373 3551 hodie
1395 3509 1424 3549 a
1453 3490 1922 3562 contemplatione
1943 3497 2150 3553 vestra,
2167 3504 2285 3543 mu-

695 3595 882 3657 lieres,
946 3599 1001 3646 et
1033 3592 1355 3643 atmuniiate
1407 3583 1539 3638 Sion
1591 3579 2046 3637 resurrectionem
2120 3578 2285 3648 hujus

695 3702 858 3758 quem
897 3682 1067 3753 Virgo
1085 3681 1313 3751 peperit,
1343 3677 1550 3749 quique
1573 3681 1874 3743 conceptos
1902 3672 1957 3727 in
1999 3671 2190 3726 dolore
2217 3670 2285 3725 ﬁ-

695 3780 800 3835 lios
829 3776 952 3831 E'vaz
977 3774 1251 3830 liberavit.

768 3869 952 3923 Nubes
977 3867 1152 3920 lucem
1185 3862 1393 3925 ferens,
1421 3875 1454 3915 ο
1486 3858 1674 3929 Virgo,
1703 3857 1796 3928 qui
1821 3854 2180 3911 absconditus
2199 3862 2287 3908 est

695 3961 752 4015 iu
787 3959 910 4014 sinu
946 3967 1040 4011 tuo
1077 3955 1199 4009 :sol
1229 3966 1394 4023 super
1433 3949 1577 4020 quod
1613 3948 1720 4004 dici
1753 3953 1934 4019 potest
1961 3942 2283 4016 splendidus

695 4051 952 4106 Christus
987 4046 1149 4118 Virgo
1203 4057 1488 4114 surgense
1523 4040 1736 4095 tumulo
1799 4052 2020 4094 omnem
2074 4045 2278 4093 terram

694 4141 899 4198 divinis
924 4137 1253 4196 illuminavit
1278 4133 1688 4207 splendoribus.

1028 4229 1091 4283 In
1119 4230 1290 4299 ignem
1322 4223 1715 4280 intolerabilem
1751 4221 1974 4277 detrusi.

768 4322 956 4394 Spinis
1040 4318 1355 4373 voluntarie
1449 4327 1771 4380 coronatus,
1819 4311 2027 4369 erroris
2069 4310 2284 4382 spinam

694 4415 887 4471 evellis
913 4412 1218 4476 radicitus;
1248 4410 1497 4464 inclusus
1530 4419 1710 4462 autem
1743 4404 2043 4469 intumnlo,
2078 4410 2283 4457 aeterne

2377 1909 2472 1963 τοῦ
2532 1911 2807 1964 Δεσπότου
2864 1912 2964 1982 τῆς
3003 1911 3238 1975 κτίσεως
3290 1913 3349 1964 ὲν
3390 1912 3567 1983 αὐτῇ·
3627 1911 3721 1966 τὸν
3766 1911 3973 1981 κόσμον

2376 2002 2487 2072 γάρ
2507 2001 2686 2074 ἑαυτῷ
2718 2004 3114 2073 συνανέστησε,
3139 2003 3233 2055 καὶ
3251 2002 3526 2073 ὲνέκρωσε
3549 2001 3846 2074 νεκρωθεὶς
3879 2001 3971 2054 τὸν

2378 2092 2660 2164 πολέμιον.

2449 2185 2722 2252 Πάναγνε,
2749 2185 2784 2255 ἡ
2819 2183 2953 2254 μόνη
2975 2182 3053 2254 τῷ
3083 2181 3452 2253 πλαστουργῷ
3488 2182 3588 2236 καὶ
3621 2185 3736 2246 τοῖς
3756 2181 3971 2254 ἀνθρὼ-

2378 2293 2503 2338 ποις
2549 2274 2693 2345 ὑπὲρ
2736 2275 2862 2328 νοῦν
2917 2276 3311 2345 μεσιτεύσασα,
3344 2274 3438 2328 τὸν
3484 2273 3614 2327 Υίόν
3676 2289 3773 2327 σου
3805 2275 3970 2326 ἵλεων

2378 2369 2491 2431 τοῖς
2524 2366 2808 2420 ἐπταικόσι
2838 2365 3047 2428 δούλοις
3087 2383 3180 2420 σου
3213 2367 3308 2420 καὶ
3347 2365 3666 2436 ὑπέρμαχιη
3693 2365 3970 2437 χρηματί-

2381 2476 2472 2513 σαι
2500 2457 2848 2530 δυσώπησον.

2783 2653 2945 2722 Τρεῖς
2980 2653 3189 2720 παῖδες
3220 2654 3292 2708 ἐν
3323 2655 3572 2724 καμίνῳ.

2452 2767 2800 2838 Κροτὴσατε,
2828 2767 2978 2837 ἔθνη,
3006 2766 3299 2837 ψαλμικῶς
3319 2769 3509 2838 χεῖρας
3531 2767 3797 2839 σήμερον,
3814 2768 3976 2833 ἐξαν-

2387 2857 2517 2928 έστη
2555 2859 2584 2911 δ
2613 2858 2848 2927 Χριστὸς
2903 2859 3287 2929 συνεξεγείρας
3336 2861 3591 2929 νεκροὺς,
3648 2859 3978 2930 μεγαλοφώο

2387 2967 2494 3012 νως
2538 2949 2808 3020 βοῶντας·
2836 2949 3140 3020 Εὐλογητὸς
3171 2947 3243 3018 εἷ,
3281 2953 3310 3006 ὁ
3355 2951 3488 3016 Θεὸς
3521 2953 3551 3005 ὁ
3581 2951 3695 3006 τῶν
3720 2952 3983 3024 πατέρων

2387 3041 2423 3110 ὴ
2430 3041 2568 3110 μῶν.

2461 3125 2798 3197 Στησώμεθα
2842 3127 3077 3202 ,χορείαν
3133 3129 3412 3198 μυστικῶς
3493 3127 3857 3194 ἀλαλάζοντες
3911 3132 3986 3203 τῇ

2383 3216 2480 3270 τοῦ
2527 3218 2720 3288 Πάσχα
2751 3218 2912 3289 ἑορτῇ
2959 3219 3053 3272 καὶ
3085 3219 3518 3290 ἀνακράξωμεν·
3562 3223 3622 3273 '0
3652 3220 3724 3274 τὰ
3767 3222 3991 3292 μεγάλα

2387 3308 2623 3378 ποιήσας
2709 3307 2789 3370 εἰς
2852 3306 3235 3380 ἀπολύτρωσιν
3318 3309 3502 3380 ἡμῶν,
3554 3309 3853 3382 εὐλογητὸς
3910 3308 3986 3378 si,

2385 3400 2611 3470 Χριστέ.
3659 3465 3662 3468 γ

2447 3491 2722 3555 ,Γυναῖκες
2763 3489 2870 3545 ἀπὸ
2915 3491 3045 3556 θέας
3081 3493 3374 3562 γραφικῶς
3419 3494 3576 3550 δεῦτε
3608 3498 3875 3570 σήμερον,
3916 3503 3987 3572 τῇ

2387 3580 2530 3636 Σιὼν
2581 3583 3010 3653 εὐαγγελίσασθε
3051 3585 3153 3655 τὴν
3203 3585 3421 3658 ἔγερσιν
3466 3588 3563 3642 τοῦ
3598 3591 3664 3643 ἐκ
3695 3591 3988 3661 Παρθένου

2387 3674 2696 3746 τεχθέντος,
2722 3677 2818 3729 καὶ
2841 3677 2952 3746 τῷν
2973 3675 3180 3732 ὠδίνων
3210 3677 3322 3733 τῶν
3349 3680 3568 3754 πικρῶν
3593 3682 3693 3753 τὴν
3725 3682 3877 3738 Εὕαν
3897 3684 3990 3737 λύ-

2390 3782 2606 3830 σαντος.

2459 3857 2700 3929 Νεφέλη,
2746 3858 3053 3931 φωτοφόρε,
3085 3859 3115 3914 ό
3159 3861 3392 3932 οἰκήσας
3426 3860 3528 3932 τὴν
3555 3864 3786 3934 ,μήτραν
3835 3882 3937 3919 σου
3969 3882 3988 3898 °

2391 3949 2532 4021 ὑπὲρ
2580 3950 2738 4019 λόγον
2785 3951 2959 4020 μέγας
2994 3951 3166 4023 ἥλιος,
3210 3951 3460 4022 Παρθένε
3505 3954 3734 4022 Χριστὲ,
3784 3955 3988 4021 ἐξανα-

2387 4039 2571 4103 τείλας
2593 4041 2687 4093 τοῦ
2710 4040 2906 4112 τάφου,
2923 4044 3109 4098 πᾶσαν
3130 4041 3367 4112 ἐφώτισε
3382 4042 3482 4115 τὴν
3509 4043 3614 4113 γῆν
3643 4044 3814 4110 θείαις
3837 4045 3991 4119 λαμ-

2389 4134 2676 4206 πρότησιν.
3657 4139 3665 4145 ’

2776 4227 3062 4296 Ἀστέκτῳ
3092 4228 3235 4298 πυρὶ
3255 4228 3601 4298 ἐνωθέντες.

2476 4319 2767 4383 ’Δκάνθαις
2796 4319 3048 4390 στεφθεὶς
3069 4321 3335 4386 ἑκουσίως
3360 4323 3662 4394 πρόρριζον
3681 4325 3780 4396 τὴν
3803 4324 3995 4381 duo-

2393 4410 2494 4466 θαν
2522 4412 2622 4484 τῆς
2660 4411 2867 4482 πλάνης
2901 4412 3256 4484 ἁποτέμνεις,
3288 4415 3349 4468 ἐν
3387 4417 3646 4488 μνημείῳ
3695 4419 3997 4474 κατακλει-

695 4503 799 4562 Ηιί
823 4513 878 4561 et
905 4504 1147 4558 Verbum
1187 4499 1377 4557 aeterni
1403 4498 1622 4565 Patris;
1674 4495 2046 4568 expergefacis
2092 4507 2284 4550 omnes
2315 4525 2361 4582 Β

2318 4525 2361 4582 D
2392 4503 2540 4566 σθεὶς
2572 4503 2631 4557 δὲ
2662 4507 2872 4568 πάντας
2904 4505 3032 4568 τοὺς
3063 4507 3123 4558 ὲν
3153 4507 3404 4577 μνήματι
3431 4506 3757 4578 ὲξεγείρεις,
3786 4511 3996 4583 Πάσχα

696 4601 754 4662 in
797 4597 1012 4654 tumulo
1045 4596 1388 4653 celebrantes
1420 4602 1686 4648 aeternum
1717 4589 1947 4646 Pascha.

775 4777 882 4832 Vos
907 4775 1196 4838 abeuntes,
1235 4769 1513 4826 clamabat
1556 4769 1818 4840 Magister
1847 4769 2130 4838 apostolis,
2163 4783 2284 4825 om-

703 4872 869 4929 nibus
896 4867 1146 4922 nuntiate
1196 4862 1413 4934 populis
1470 4876 1647 4916 meam
1694 4875 1726 4915 e
1759 4861 2016 4930 sepulcro
2064 4870 2288 4932 stupen-

699 4965 826 5018 dam
879 4957 1368 5020 resurrectionem,
1421 4964 1474 5009 et
1533 4969 1717 5008 veram
1780 4953 2160 5024 integramque
2192 4954 2288 5009 de-

699 5051 1070 5110 structionem
1111 5045 1441 5110 inferorum,
1474 5054 1531 5098 ut
1593 5057 1759 5113 super
1777 5045 1929 5098 vivos
1956 5053 2010 5098 et
2038 5053 2287 5099 mortuos

699 5143 972 5198 dominer.

771 5250 1037 5315 Gaudete,
1057 5250 1265 5304 clamas
1277 5247 1598 5302 mulieribus
1627 5252 1902 5314 unguenta
1919 5242 2286 5311 portantibus,

705 5357 896 5398 sacros
929 5351 1054 5398 tuos
1085 5341 1247 5412 pedes
1273 5341 1608 5406 tenentibus,
1645 5357 1872 5410 Quorum
1897 5341 2114 5394 incessu
2137 5339 2290 5409 prius

701 5431 803 5486 fuit
825 5433 1088 5486 exterrita
1121 5432 1293 5501 prima
1311 5446 1532 5500 parens,
1561 5446 1766 5500 easque
1791 5429 2012 5485 nuntios
2043 5429 2292 5484 ostendis

701 5523 966 5596 apostolis
1005 5525 1248 5579 dicentes
1287 5542 1300 5577 :
1353 5522 1604 5578 Surrexit
1649 5521 1912 5577 Dominus
1973 5529 2027 5576 et
2076 5520 2208 5575 vivit
2235 5519 2293 5575 in

703 5623 990 5670 aaternunt.

772 5705 986 5761 Gaudio
1021 5705 1269 5761 exsultas
1325 5703 1742 5775 incomparabili
1806 5705 2018 5766 videns,
2059 5720 2092 5755 ο
2127 5700 2292 5771 Virgo

703 5795 897 5864 Mater,
947 5796 1148 5855 Filium
1198 5807 1351 5855 tuum
1394 5796 1817 5870 primogenitum
1879 5797 2086 5852 ventris
2131 5795 2207 5849 tui
2262 5809 2292 5850 a

2389 4594 2720 4667 κροτοῦντας
2749 4596 2990 4666 αἰώνιον,
3010 4597 3214 4669 ἄναρχε
3244 4598 3489 4670 ἁνάρχου
3519 4601 3737 4672 Πατρδς
3768 4603 3862 4656 Υἱὲ
3889 4606 3998 4659 καὶ

2388 4687 2553 4742 Λόγε.

2463 4704 2659 4832 {haec
2697 4780 2853 4852 ὑμεῖς
2877 4781 2958 4844 είς
2991 4779 3059 4835 τὰ
3113 4779 3243 4852 ἔθνη
3271 4783 3473 4850 πάντα,
3519 4783 3846 4850 ἀποστόλοις
3885 4788 3988 4843 ἀν-

2389 4869 2521 4924 εϐόα
2542 4873 2569 4924 ὀ
2589 4871 2886 4942 Δεσπότηςο
2916 4871 3324 4941 διαγγέλλοντες
3348 4874 3448 4947 τὴν
3477 4877 3543 4930 ἐκ
3571 4879 3744 4946 τάφου
3770 4879 3966 4948 φρικώ

2388 4962 2452 5032 δη
2490 4980 2591 5033 μου
2624 4963 2864 5034 ἔγερσιν,
2904 4966 3000 5019 καὶ
3026 4965 3120 5019 τοῦ
3151 4965 3279 5037 ᾅδου
3307 4966 3478 5032 ὅντως
3503 4971 3745 5040 παντελῆ
3785 4972 3998 5026 καθαί-

2393 5070 2565 5123 ρεσιν,
2594 5055 2742 5117 ὅπως
2770 5071 2831 5106 τε
2863 5054 3134 5110 θανόντων
3166 5057 3262 5110 καὶ
3291 5057 3511 5122 ζώντων
3534 5059 3836 5132 βασιλεύω.

2461 5252 2719 5322 Χαίρετε,
2747 5252 2874 5324 βοᾷς
2902 5255 3230 5326 μυροφόροις
3261 5256 3378 5320 σοῦ,
3408 5259 3534 5323 τοὺς
3553 5259 3731 5330 ἱεροὺς
3749 5262 3993 5330 κρατοὺ-

2394 5360 2513 5406 cat;
2544 5344 2730 5408 πόδας,
2757 5338 2831 5399 ὧν
2853 5346 2944 5398 τὸν
2964 5349 3158 5417 κρότον
3176 5351 3204 5402 ὀ
3235 5351 3538 5421 προμήτωρ
3565 5352 3696 5422 πρὶν
3716 5353 4000 5428 ἐφοϐήθη,

2394 5438 2488 5490 καὶ
2515 5437 2962 5508 εὐαγγελιστρίας
2995 5441 3314 5505 ἀποστόλοις
3344 5442 3550 5507 ταύτας
3579 5444 3852 5510 δεικνύεις
3876 5488 3894 5510 ,
3933 5449 4000 5504 '0

2395 5527 2600 5597 Κύριος
2631 5528 2854 5599 ἀνέστη,
2885 5528 3173 5598 λεγούσας,
3204 5536 3297 5586 καὶ
3328 5533 3394 5605 ζῇ
3417 5537 3496 5598 εἰς
3520 5535 3647 5601 τοὺς
3680 5537 3914 5603 αἰῶνας.

2467 5707 2691 5777 Χαίρει;
2745 5712 2991 5780 χαρμονῇ
3027 5711 3334 5785 ἁνεικάστῳ
3383 5713 3678 5783 βλέπουσα,
3740 5713 4000 5786 Παρθὲνε

2399 5796 2652 5861 Θευτόκε,
2685 5797 2775 5850 τὶν
2826 5797 2954 5853 Υἱόν
2996 5818 3088 5854 σου
3119 5803 3193 5866 ὡς
3242 5803 3594 5875 πρωτότοκον
3641 5807 3708 5860 ὲκ
3749 5807 3995 5878 γαστρός
