4250 6442
767 361 911 432 3915

1595 373 1654 431 S.
1692 372 2110 435 SOPHRONII
2152 375 2660 434 PATitIAliClI/E
2687 357 3096 441 IIIEROSOI..

3915 386 4052 450 3916

763 476 1012 531 divinum
1061 476 1343 548 gaudium,
1377 491 1473 548 per
1516 484 1568 534 te
1597 481 1804 552 angelis
1835 498 1936 537 nos
1987 485 2186 539 terreni
2224 485 2350 538 facti

2459 484 2926 558 θεοςεῦφροσύνη,
2979 488 3068 541 διὰ
3101 487 3194 541 σοῦ
3225 489 3336 554 τοῖς
3364 489 3616 559 ἀγγέλοις
3644 491 3691 546 οἱ
3723 493 3901 563 γήῖκοι
3927 513 4048 548 συν-

763 587 956 626 sumus
979 571 1298 642 propinqui.

833 662 1148 734 Concepisti
1177 665 1461 721 Christum
1496 665 1850 736 habuistiquc
1883 665 1936 720 in
1969 676 2146 732 utero,
2177 684 2208 721 ο
2235 683 2352 721 om-

761 754 894 811 nino
927 755 1301 823 immaculata,
1331 757 1413 812 vis
1454 757 1744 812 infernalis
1772 756 2178 816 deStructorem
2231 761 2352 815 Sal-

761 853 1125 915 vatoremque
1189 844 1453 902 hominis.

1141 935 1262 993 Tibi
1283 939 1603 1009 sacriﬁcabo
1641 955 1760 994 cum
1788 947 1969 994 cantu.

828 1025 1034 1082 Fruetu
1092 1029 1226 1100 ligni
1267 1028 1556 1102 deceptum
1612 1046 1698 1087 me
1748 1039 1803 1086 ct
1854 1031 2133 1102 perditum
2177 1035 2353 1091 hostis

761 1119 999 1176 consilio
1037 1121 1242 1176 elatum
1265 1135 1352 1175 me
1386 1136 1486 1192 per
1523 1138 1746 1177 erucem
1781 1122 1846 1178 ad
1880 1123 2048 1178 vitam
2079 1127 2352 1180 revocasti

759 1219 813 1265 et
832 1213 1088 1269 sordibus
1135 1212 1402 1269 iniectum
1439 1215 1965 1287 incorruptibilitate
2022 1215 2203 1272 iecisti
2253 1217 2354 1273 ho-

766 1306 1098 1364 norabiicm.

835 1402 1188 1460 Linteamine
1254 1404 1691 1460 circumvolutus
1770 1402 2005 1460 traditus
2074 1404 2349 1474 sepulcro,

763 1495 987 1548 vincula
1013 1495 1214 1550 inferni
1243 1496 1430 1553 divina
1460 1497 1720 1568 dirupisti
1753 1497 2020 1568 potentia,
2058 1498 2360 1555 surrexiin

763 1591 951 1653 ulpulc
989 1583 1131 1641 Deus
1161 1587 1287 1641 vita:
1311 1587 1560 1657 largitor.

831 1675 988 1741 Quod
1014 1691 1172 1731 nemo
1199 1685 1379 1732 tecum
1406 1691 1605 1732 nomen
1635 1675 1844 1731 habens
1871 1676 2152 1746 peperisti,
2177 1677 2346 1747 virgo,

769 1766 1058 1820 Dominum
1090 1769 1360 1834 omnium,
1392 1768 1486 1839 qui
1535 1768 1746 1823 irritam
1784 1767 1914 1823 fecit
1964 1769 2156 1823 mortis
2195 1780 2348 1839 pote-

2464 575 2740 645 ἠνρθημενο

2532 667 2826 730 Συνελσεες
2880 670 3112 740 Χριστὸν
3145 673 3240 723 καὶ
3278 671 3529 745 dce/apto;
3578 676 3852 748 ἐκύησας,
3914 695 4047 731 παν-

2457 757 2679 828 άμωμε,
2709 760 2801 812 τὸν
2837 760 2929 813 τοῦ
2955 761 3082 832 ᾅδου
3113 763 3212 833 τὴν
3249 765 3403 834 ίσχυν
3447 765 3747 822 καθελόντα
3773 808 3788 833 ,
3817 769 3914 823 καὶ
3947 771 4050 823 sti)-

2459 865 2629 904 σαντα
2662 851 2754 904 τὸν
2783 852 3089 924 ἄνθρωπον.

2889 947 3065 1001 Θύσω
3095 965 3193 1003 σοι
3225 949 3370 1016 μετὰ
3395 950 3624 1019 φωνῆς.

2529 1034 2738 1106 Βρὼσει
2777 1055 2842 1108 με
2875 1041 2940 1109 τῇ
2985 1038 3078 1092 τοῦ
3128 1041 3290 1106 ξύλου
3323 1042 3598 1096 κλαπέντα
3623 1043 3719 1099 καὶ
3749 1045 4042 1118 θνήξαντα,

2456 1128 2521 1198 τῇ
2579 1135 2670 1180 τοῦ
2702 1126 2930 1200 Ἐχθροῦ
2977 1130 3282 1204 συμϐουλίᾳ
3333 1133 3572 1203 ὑψωθεὶς
3631 1137 3690 1188 ἐν
3749 1135 3894 1205 ξύλῳ
3950 1139 4044 1190 ἀν-

2457 1219 2741 1285 εκαλέσω,
2787 1220 2882 1274 καὶ
2924 1223 3160 1275 πεσόντα
3211 1223 3290 1287 εἰς
3346 1223 3554 1298 φθορὰν
3605 1226 3887 1298 ἀψθαρσία
3936 1229 4046 1281 ἐτί-

2459 1327 2534 1383 μη
2543 1328 2662 1375 σας.

2527 1403 2730 1458 Σινδόνι
2747 1407 3046 1477 ἐνειληθεὶς
3065 1412 3207 1480 ταφῇ
3225 1411 3612 1482 παραδέδοσαιο
3629 1413 3724 1466 καὶ
3745 1413 4046 1484 διαρρήξας

2453 1489 2548 1543 τοῦ
2588 1491 2718 1562 ᾇδου
2763 1492 2882 1564 θεία
2931 1496 3221 1570 δυναστεία
3272 1500 3340 1554 τὰ
3388 1501 3703 1570 σπάργανα,
3749 1499 4044 1572 ἑξανέστης

2455 1583 2530 1646 ὡς
2557 1583 2713 1650 Θεὸς,
2743 1583 3002 1652 ζωοδότα,
3038 1589 3135 1642 τοῦ
3171 1592 3476 1662 μνήματος.

2525 1675 2730 1746 Κύριον
2756 1677 2852 1732 τοῦ
2881 1681 3104 1747 παντὸς,
3133 1684 3474 1754 κυριὼνυμε,
3510 1686 3759 1752 τέτοκας,
3785 1685 3879 1738 τὸν
3911 1685 4044 1739 καθ-

2453 1769 2641 1824 ελόντα
2668 1770 2728 1824 τὸ
2769 1773 2936 1844 κῦρος
2966 1775 3062 1827 τοῦ
3109 1775 3366 1842 Θανάτου,
3399 1777 3534 1830 πᾶσί
3565 1794 3625 1829 τε
3667 1779 3780 1839 τοῖς
3827 1775 4041 1848 ἀνθρώ-

763 1868 958 1913 statem
996 1861 1302 1930 largitaque
1331 1876 1390 1916 es
1441 1861 1657 1916 cunctis
1690 1860 2008 1916 hominibus
2036 1861 2348 1916 Lbertatem

2457 1880 2581 1929 ποις
2616 1843 2971 1936 παρασχύντα
3004 1866 3306 1922 ἀθανασίαν
3335 1867 3432 1922 καὶ
3459 1867 3862 1941 ἀπολύτρωσιν.

763 1963 813 2006 et
841 1954 1331 2010 inmortalitatem.

1078 2046 1424 2100 Hebrworum
1449 2044 1600 2115 pueri
1620 2045 1675 2097 in
1700 2043 1937 2113 (omnes.

843 2135 1063 2190 Petram
1099 2138 1223 2192 vita:
1254 2137 1425 2192 clavis
1452 2136 1668 2191 aﬂixam
1711 2137 1859 2207 ligno
1890 2134 2075 2190 crucis
2106 2134 2235 2190 olim
2270 2135 2350 2190 vi-

763 2229 968 2282 tlerunt
996 2243 1154 2294 saxa,
1190 2239 1245 2284 et
1274 2230 1390 2298 ipsa
1417 2243 1528 2299 pm
1551 2238 1776 2297 stupore
1801 2225 1976 2280 scissa
2005 2234 2152 2290 sunt,
2185 2232 2238 2279 et
2260 2225 2350 2281 ob-

762 2331 1022 2378 scuratus
1053 2330 1136 2377 est
1159 2321 1266 2386 sol,
1299 2330 1353 2376 et
1384 2332 1531 2378 terra
1572 2319 1826 2375 funditus
1859 2325 2134 2373 commota
2159 2327 2263 2373 est.

832 2505 1199 2560 Rcvocatione
1247 2504 1314 2559 ad
1363 2505 1530 2560 vitam
1552 2505 1798 2562 omnium
1833 2506 1927 2577 qui
1975 2507 2348 2563 occubuerant

759 2604 937 2652 morte
969 2597 1306 2652 acelamatus
1335 2612 1396 2652 es
1426 2605 1486 2651 ut
1517 2612 1632 2660 rex,
1655 2598 1990 2654 militibuste
2015 2599 2068 2652 iu
2099 2602 2348 2669 sepulcro

758 2687 1200 2744 custodientibus
1231 2706 1245 2743 :
1283 2688 1611 2744 Benedictus
1657 2705 1739 2754 es,
1776 2688 2024 2756 Domine,
2059 2688 2114 2743 in
2146 2693 2348 2762 templo

759 2781 947 2851 gloria:
972 2788 1100 2835 tuac.

835 2871 1127 2928 Devinctos
1153 2872 1429 2944 eripuisti,
1461 2870 1725 2939 Verbum,
1755 2888 1818 2928 ex
1853 2874 1978 2931 imis
2013 2874 2235 2942 inferni,
2268 2877 2344 2932 tui

759 2963 941 3020 Patris
966 2964 1367 3034 omnipotentia
1399 2973 1453 3019 et
1486 2979 1711 3036 surgere
1735 2963 1914 3020 iecisti
1939 2965 2061 3022 illos
2101 2967 2346 3022 clamau-

759 3066 842 3112 tes
876 3075 889 3111 :
923 3055 1272 3112 Benedictus.

830 3148 1275 3221 Expergefactum
1304 3164 1370 3204 ex
1403 3150 1637 3204 mortuis
1670 3149 1956 3204 Dominum
1987 3153 2106 3207 vita:
2130 3153 2342 3221 videns,

761 3240 950 3314 Virgo,
985 3257 1111 3296 cum
1137 3241 1428 3312 discipulis
1473 3243 1810 3313 congaudes,
1841 3243 2162 3316 claritasque
2185 3247 2343 3303 indc-

761 3333 1042 3388 sinenter:
1073 3332 1406 3389 Benedictus
1429 3348 1511 3401 es,
1543 3331 1792 3387 Domine.

1231 3422 1427 3478 Daniel
1459 3425 1690 3478 extensis
1723 3425 1991 3480 manibus.

827 3513 1076 3570 Extulisti
1108 3530 1306 3571 manus
1337 3500 1390 3570 in
1410 3530 1575 3570 cruce
1601 3523 1653 3570 et
1683 3523 1884 3571 terram
1915 3517 2163 3572 funditus
2196 3532 2345 3573 com-

763 3607 980 3662 movisti
1019 3625 1035 3676 ;
1069 3609 1164 3678 qui
1193 3607 1401 3662 dudum
1437 3607 1848 3677 exspectabatis
1883 3609 2058 3664 donec
2090 3608 2347 3680 Magister

765 3713 861 3766 per
891 3713 1109 3754 crucem
1131 3700 1399 3754 eximeret
1423 3713 1541 3762 vos,
1580 3712 1724 3753 nuuc
1766 3699 1917 3754 laetos
1943 3699 2106 3754 editis
2138 3699 2344 3753 clamo-

767 3805 855 3845 res
889 3799 949 3844 ut
979 3791 1046 3845 ad
1081 3807 1142 3846 se
1173 3807 1277 3848 vos
1306 3795 1491 3846 trahat
1528 3811 1542 3846 :
1571 3791 1887 3848 Benedicite
1927 3807 2140 3848 omnes.

838 3881 1112 3938 Mortuum
1147 3883 1200 3937 in
1229 3897 1395 3953 specu
1434 3882 1808 3954 deposuerunt
1840 3891 1909 3949 te,
1936 3873 2216 3951 unigenite
2251 3882 2345 3937 Dei

771 3971 1033 4039 Verbum,
1074 3981 1306 4027 mortem
1341 3973 1514 4044 ipsam
1544 3973 1903 4038 mortiﬁcans,
1929 3971 2212 4026 viviﬁcaris
2247 3987 2346 4026 au-

764 4061 874 4119 tem
905 4080 1044 4135 quos
1111 4080 1386 4122 venenoso
1450 4082 1640 4122 morsu
1711 4064 2060 4122 interiecerat
2107 4065 2343 4134 daemon,

766 4156 887 4212 ideo
912 4157 1214 4213 clamantes
1245 4175 1260 4212 :
1301 4156 1686 4214 Benedicimus
1715 4168 1786 4214 te.

835 4248 1046 4305 Pascha
1077 4248 1194 4305 dles
1221 4249 1423 4306 latitia:
1457 4251 1637 4304 illuxit
1684 4249 1866 4316 nobis,
1901 4251 1954 4305 in
2010 4265 2116 4322 qua
2165 4251 2344 4322 adepti

766 4356 963 4397 sumus
993 4341 1303 4397 libertatem
1329 4357 1431 4398 nos
1458 4343 1549 4414 qui
1577 4343 1634 4398 in
1659 4343 1922 4398 servitute
1976 4342 2220 4400 bellicosi
2249 4344 2346 4398 bo-

768 4432 869 4489 stis
891 4432 1096 4489 detenti
1126 4447 1351 4491 eramus
1384 4449 1399 4488 :
1436 4435 1798 4506 quamobrem
1854 4433 1958 4490 laeti
1995 4435 2298 4491 clamamus
2327 4451 2341 4488 :

770 4524 1088 4581 Benedicite
1110 4523 1317 4581 omttia.

841 4614 946 4682 Qui
970 4615 1065 4670 dat
1092 4631 1217 4672 esse
1245 4617 1528 4683 omnibus,
1571 4633 1794 4674 carnem
1827 4626 2072 4673 nostram
2099 4617 2276 4672 induit
2301 4630 2355 4676 et

775 4719 946 4775 purus
971 4722 1302 4779 progressus
1332 4719 1419 4764 est
1446 4708 1516 4764 de
1550 4717 1705 4765 utero
1754 4709 1948 4765 matris
1970 4709 2351 4777 immaculata,

774 4798 1062 4856 insuiﬂans
1084 4801 1555 4858 immortalitatem
1585 4802 1820 4858 mortuis
1854 4802 2240 4857 cantantibus:
2263 4801 2359 4858 Be-

773 4889 1013 4945 nedicite
1045 4891 1256 4947 omnia:

911 4979 1074 5051 Lapis
1112 4985 1306 5040 montis
1333 5001 1439 5040 non
1471 4986 1701 5040 hominis
1737 5002 1899 5040 manu
1935 4985 2223 5044 abscissus.

842 5071 1048 5128 Fructu
1095 5074 1228 5146 ligni
1259 5084 1314 5131 et
1360 5076 1594 5131 consilio
1652 5076 1820 5132 Belial
1857 5092 1942 5132 me
1982 5077 2352 5145 vulneratum,

774 5163 1126 5220 vulneratum
1173 5175 1254 5232 tu,
1294 5165 1557 5233 Verbum,
1590 5165 1840 5223 liberasti
1875 5181 1905 5221 a
1945 5165 2350 5237 maledictione,

774 5255 978 5311 factum
1003 5257 1317 5315 maledictio
1340 5267 1565 5330 propter
1599 5272 1724 5315 nos.

833 5442 1122 5510 Quomodo
1149 5451 1398 5498 mortuos
1423 5443 1566 5497 inter
1596 5441 1781 5496 omnia
1810 5438 2179 5495 viviﬁcantem
2203 5454 2352 5510 quae-

771 5533 946 5590 ritis?
983 5533 1272 5590 Debilitata
1333 5549 1430 5606 per
1481 5534 1635 5590 illum
1689 5541 1888 5598 morte,
1919 5531 2218 5587 resurrexit
2243 5531 2354 5586 sic-

777 5637 838 5682 ut
905 5627 1202 5699 prazdixit;
1249 5626 1503 5684 radiosus
1561 5626 1659 5682 Dei
1689 5627 1916 5698 angelus
1965 5623 2020 5680 id
2053 5625 2350 5678 annuntia-

777 5720 855 5774 vit
887 5718 1192 5776 ferentibus
1219 5728 1466 5776 aromata
1495 5719 1842 5775 mulieribus.

844 5813 889 5869 0
916 5811 1295 5870 felicissimum
1341 5811 1552 5869 Pascha
1613 5825 1710 5882 per
1754 5811 1896 5881 quos!
1937 5808 2118 5864 omnis
2169 5807 2345 5866 homi-

2697 2047 2794 2100 Ἐν
2826 2047 2903 2117 τῇ
2926 2049 3155 2118 καμίνῳ
3187 2049 3533 2118 Ἄϐραμιαῖοι
3561 2049 3792 2115 παῖδες.

2527 2138 2680 2209 Ζωῆς
2719 2140 2820 2210 τὴν
2873 2140 3088 2210 Πέτραν
3133 2139 3577 2212 προσηλωθεῖσαν
3621 2140 3762 2212 ξύλῳ
3812 2141 3891 2211 τῷ
3944 2150 4040 2195 τοῦ

2455 2230 2710 2302 σταυροῦ,
2746 2233 2943 2304 πέτραι
2967 2232 3280 2304 καθορῶσαι
3310 2233 3478 2287 πάλαι
3501 2232 3650 2302 φόϐῳ
3682 2232 3862 2303 πολλῷ
3893 2233 4042 2304 διερι

2455 2321 2724 2392 ράγησαν,
2749 2323 2844 2374 καὶ
2862 2322 3013 2392 ἦλιος
3037 2322 3097 2376 τὸ
3119 2321 3235 2390 φῶς
3257 2319 3540 2392 ἀπέκρυψε
3563 2359 3579 2385 ,
3604 2320 3702 2373 καὶ
3726 2319 3791 2373 τὰ
3815 2319 3914 2389 τῆς
3934 2323 4042 2390 γῆς

2453 2415 2673 2485 ἐσείσθη
2707 2415 2950 2484 θεμέλια.

2522 2505 2928 2576 Ἐπανακλήσει
2974 2505 3083 2558 τῶν
3122 2505 3491 2560 πεπτωκότων
3543 2502 3918 2574 ἀνακέκλησαι
3949 2498 4042 2558 οἶα

2453 2593 2731 2665 βασιλεὺς,
2749 2597 2807 2648 ἐν
2819 2596 2972 2666 τάςῳ
2985 2597 3334 2667 στρατιωτῶν
3352 2596 3730 2666 φυλαττόντων
3750 2612 3832 2660 σε,
3851 2596 4045 2664 φιλάν-

2453 2687 2664 2757 θρωπε.
2723 2687 3104 2760 Εὐλογημένος
3159 2690 3217 2742 ἐν
3264 2687 3343 2758 τῷ
3388 2687 3503 2758 ναῷ
3557 2686 3653 2758 τῆς
3701 2687 3863 2758 δόξης
3920 2705 4040 2753 σου,

2452 2779 2644 2850 Κύριε.

2526 2873 2686 2945 ᾍδου
2717 2875 2982 2945 ταμιείων
3023 2873 3434 2945 πεπεδημένους
3483 2873 3823 2946 ἐξήρπασας.
3853 2875 3996 2943 Λόγε
4026 2918 4040 2934 .

2451 2962 2544 3016 τοῦ
2575 2965 2790 3036 Πατρδς
2815 2967 3043 3038 δυνάμει
3073 2969 3467 3038 παντουργικῇ,
3496 2969 3590 3020 καὶ
3616 2965 3860 3037 βοῶντας
3887 2966 4048 3031 ἐξαν-

2453 3054 2581 3124 έστη
2591 3071 2687 3119 σας
2697 3071 2710 3086 ο
2730 3057 2938 3126 Εύλογη
2948 3057 3103 3128 μένος
3117 3052 3186 3110 εἴ.

2535 3143 2935 3217 Ἐγηγερμένρν
2980 3150 3043 3201 ὲκ
3070 3147 3181 3202 τῶν
3225 3148 3435 3222 νεκρῶν
3476 3149 3568 3203 τὸν
3613 3147 3762 3220 ζωῆς
3806 3148 4048 3220 Κύριον,

2448 3236 2622 3307 Κόρη,
2647 3238 2941 3293 κατιδοῦσα
2974 3240 3185 3310 χαίρεις
3211 3240 3601 3312 συμμαθηταῖς
3639 3241 3738 3294 σὺν
3765 3241 3953 3304 αὐτοῖς
3983 3255 4044 3296 τε

2447 3327 2673 3397 μέλπεις
2695 3332 2946 3384 πάντοτε·
2972 3331 3348 3401 Εὐλογημένος
3377 3326 3450 3398 εἷ,
3483 3331 3676 3402 Κύριε.

2798 3420 3014 3490 Χεῖρας
3047 3421 3391 3488 ἐκπετάσας
3428 3423 3674 3488 Δανιὴλ.

2523 3510 2784 3580 ’Υψωσας
2819 3512 3079 3582 παλάμας
3107 3513 3164 3566 ἐν
3187 3511 3426 3582 σταυρῷ,
3465 3512 3560 3564 καὶ
3583 3511 3652 3564 τὰ
3675 3510 3905 3580 θεμέλια
3936 3512 4042 3581 τῆς

2443 3601 2546 3671 γῆς
2584 3601 2861 3672 ἐδόνησας·
2891 3603 3016 3666 τοὺς
3037 3604 3097 3656 δὲ
3125 3604 3222 3675 τὴν
3251 3603 3548 3666 ἔκπτωσιν,
3603 3603 3878 3666 Δέσποτα.
3949 3605 4043 3658 διὰ

2446 3691 2604 3756 ξύλου
2631 3693 3033 3763 ὑπομείναντας
3055 3695 3193 3765 πρὸς
3220 3695 3410 3749 ἐαυτὸν
3425 3695 3773 3766 χαρμονικῶς
3795 3694 4042 3764 βοῶντας

2443 3779 2710 3835 εἵλκυσαι·
2745 3783 3057 3852 Εὐλογεῖτε,
3099 3785 3300 3841 πάντα.

2516 3872 2723 3943 Δάκκῳ
2755 3889 2815 3926 σε
2869 3874 3159 3928 κατέθεντο
3203 3875 3396 3946 νεκρὸν
3436 3877 3733 3947 νεκροῦντα
3778 3877 4041 3944 θάνατον,

2445 3961 2814 4024 ζωοποιοῦντα
2862 3966 2921 4020 δὲ
2967 3965 3060 4030 οὒς
3100 3967 3450 4040 ἀπενέκρωσε
3486 3969 3727 4040 δήγματι
3775 3969 3972 4042 ίοῦόλῳ
4012 3973 4044 4024 ὁ

2443 4055 2778 4125 ἁρχέκακος,
2812 4057 2950 4127 Δότε
3000 4057 3138 4114 Θεοῦ
3171 4062 3466 4132 μονογενής
3493 4075 3507 4090 ·
3542 4061 3625 4115 διὸ
3673 4061 3889 4132 βοῶμέν
3925 4079 4038 4127 σοι,

2445 4145 2756 4219 Εὐλογείτε.

2515 4245 2709 4316 Πάσχα
2767 4247 2801 4316 ὴ
2839 4248 3182 4318 χαρμόσυνος
3211 4251 3343 4320 ἡμῖν
3375 4249 3558 4321 ἡμέρα
3607 4248 3870 4319 ἔλαμψεν,
3906 4250 3972 4302 ἐν

2445 4338 2755 4408 ἐσχήκαμεν
2778 4338 2876 4409 τὴν
2905 4339 3284 4410 ἀπολύτρωσιν
3311 4341 3552 4405 ἅπαντες
3579 4341 3632 4393 οί
3667 4340 3883 4412 δουλείᾳ
3908 4358 4048 4394 συν-

2444 4428 2692 4499 εχόμενοι
2706 4427 2800 4482 τοῦ
2822 4430 2947 4483 πολε
2957 4433 3190 4502 μήτορος
3209 4430 3464 4504 Ἑχθροῦ⁶
3480 4430 3605 4486 ὅθεν
3623 4431 4025 4505 κραυγάζομεν

2373 4547 2420 4603 D
2447 4519 2757 4588 Εύλογεῖτε,
2789 4525 2988 4577 πάντα.

2540 4610 2598 4666 '0
2628 4613 2760 4665 πᾶσι
2789 4613 2848 4666 τὸ
2876 4608 3014 4668 εἶναι
3052 4613 3349 4686 παρασχὼν
3381 4614 3563 4668 αίτῖαν
3595 4613 3796 4686 ἐσχηκέ
3832 4633 3894 4670 σε
3937 4623 4049 4691 τῆς

2456 4703 2805 4774 σαρκώσεως,
2827 4705 2918 4758 καὶ
2943 4706 3308 4777 προελήλυθεν
3329 4705 3563 4777 ἄφθορος
3585 4706 3644 4772 ἐξ
3660 4707 3904 4777 ἁφθόρου
3942 4712 4052 4780 τῆς

2455 4795 2644 4866 νηδύος
2673 4811 2764 4848 σου
2815 4798 2843 4848 ὁ
2874 4795 3186 4866 ἀφθαρσίαν
3210 4801 3325 4862 τοῖς
3367 4800 3584 4872 νεκροῖς
3622 4799 3876 4870 ἐμπνέων
3909 4802 4052 4871 μέλ-

2455 4901 2671 4939 πουσιν·
2704 4885 3012 4955 Εύλογεῖτε,
3043 4888 3244 4942 πάντα.

2809 4979 2989 5046 Λίθος
3012 4981 3166 5048 ἀχειέ
3182 4981 3440 5049 omnth
3469 4979 3670 5048 ὄρους.

2522 5067 2691 5122 Ξύλου
2721 5085 2788 5139 με
2823 5069 3056 5141 καρπῷ,
3088 5070 3387 5141 συμϐουλίᾳ
3423 5071 3907 5142 τραυματισθέντα
3948 5075 4052 5130 τοῦ

2453 5159 2674 5231 Βελίαρ,
2709 5161 2775 5214 σὺ
2806 5162 3234 5233 τραυματισθείς
3259 5162 3352 5216 ἐπὶ
3383 5162 3568 5227 ξύλου,
3600 5164 3828 5235 Χριστέ,
3864 5166 4014 5222 ἰάσω
4033 5185 4048 5199 ·

2453 5255 2670 5326 καὶτῆς
2721 5258 2962 5326 κατάρας
2994 5271 3061 5327 με
3105 5256 3326 5326 κατάρα
3355 5256 3496 5328 ὑπὲρ
3529 5257 3688 5328 ὴμῶν
3719 5258 4050 5330 γενόμενος,

2452 5347 2614 5416 Λόγε,
2664 5346 3072 5416 ἡλευθέρωσας.

2523 5437 2628 5492 Τὸν
2664 5438 3031 5502 ζωοποιοῦντα
3067 5441 3137 5494 τὰ
3187 5440 3364 5495 πάντα
3409 5442 3469 5494 ἐν
3513 5443 3626 5505 τοῖς
3659 5446 3880 5514 νεκροῖς
3928 5446 4050 5510 πῶς

2452 5526 2780 5598 ἐκζητεῖτες
2837 5527 3006 5593 λύσας
3039 5530 3133 5583 τοῦ
3188 5529 3418 5584 θανάτου
3463 5531 3525 5585 τὸ
3573 5533 3802 5604 κράτος,
3853 5535 4047 5598 καθὼς

2454 5626 2737 5694 προεῖπεν,
2761 5621 2856 5677 νῦν
2875 5623 3235 5695 ἐξεγήγερται
3251 5664 3266 5689 ,
3291 5628 3417 5690 ταῖς
3441 5627 3774 5699 μυροφόροις
3799 5627 3993 5698 ἔλεγεν
4018 5631 4048 5683 ὁ

2454 5713 2841 5786 ἐξαστράπτων
2871 5714 3012 5778 Θεῖος
3040 5717 3290 5784 ἄγγελος.

2523 5805 2592 5860 Ὦ
2615 5805 3032 5878 μακαριώτατον
3056 5809 3268 5882 Πάσχα,
3291 5810 3355 5866 δι’
3372 5806 3432 5868 οὗ
3458 5813 3521 5866 ἐκ
3539 5812 3641 5883 τῆς
3674 5815 4046 5884 μετεδισάσθιι
