4250 6442
259 389 402 457 3917

1692 391 2098 454 TRIUDIUM.

3379 397 3520 463 3918

262 505 412 558 πάσα
439 503 544 558 τῶν
571 501 874 575 ἀνθρώπων
898 503 930 570 ὴ
961 502 1118 568 φύσις
1146 503 1283 568 πρὸς
1307 505 1402 566 τὴν
1433 505 1642 556 ἐκεῖθεν
1666 521 1814 575 μακα

1875 513 1914 564 Α
1951 516 2078 553 num
2111 508 2306 553 natura
2339 501 2485 554 illinc
2519 502 2586 555 ad
2611 505 3024 569 beatitudinem,
3055 515 3305 559 sanctum
3343 516 3395 558 ct
3431 521 3524 556 ve-

264 596 512 665 ριότητα·
553 594 745 663 Ιιάσχα
777 592 971 644 σεπτὸν
1001 593 1097 644 καὶ
1128 593 1378 662 ἄμωμον,
1411 596 1473 646 σὺ
1503 594 1610 646 τῶν
1639 593 1842 644 πιστῶν

256 687 291 755 ἡ
323 683 732 754 ἀπολύτρωσις.

328 774 522 844 Χαῖρε,
549 774 647 843 τῆς
676 775 849 843 χαρᾶς
873 774 905 843 ἡ
937 772 1085 826 αίτία
1107 813 1120 832 .
1154 774 1312 842 χαῖρε
1346 772 1590 843 κατάρας
1619 773 1810 842 ἀναιρέ
1829 802 1840 809 -

258 881 364 927 τις,
394 864 606 935 χαίροις
636 864 933 935 ὀρθοδόξων
968 863 1027 916 τὺ
1052 865 1205 926 κλέος
1233 863 1342 915 τῶν
1366 864 1425 915 σὲ
1453 864 1762 933 ὑμνούντων
1781 865 1842 916 τὸ

259 955 600 1024 καταφύγιον
626 995 642 1020 ,
689 955 1064 1025 Θεογεννῆτορ
1107 955 1368 1022 πάναγνε,
1419 953 1487 1006 δι’
1527 951 1594 1026 ἦς
1634 955 1841 1026 φθορᾶς

257 1045 610 1116 ἠλευθερώθη
619 1062 741 1116 μεν.

689 1226 916 1282 Ἵππον
951 1228 1048 1282 καί
1086 1229 1414 1294 ἀναϐάτην.

327 1322 491 1386 Ὀλος
533 1321 799 1390 ἐπιθυμία
846 1321 941 1374 κα)⁸
972 1319 1092 1382 ὅλος
1139 1319 1214 1371 ὢν
1257 1320 1592 1390 γλυκασμδς,
1637 1321 1833 1389 Ἰησοῦ,

253 1415 548 1482 άπεγεύσω
575 1414 742 1484 χολῆς
768 1410 988 1482 σταυρῷ
1020 1411 1387 1482 κρεμάμενος,
1410 1411 1511 1480 τὴν
1544 1428 1836 1481 προσγινο-

257 1506 426 1576 μένην
472 1522 561 1574 μοι
612 1505 908 1574 ἁμαρτίαν,
959 1504 1221 1567 Δέσποτα,
1276 1503 1607 1574 πικροτάτην
1651 1504 1837 1572 σαφῶς

258 1597 507 1666 ἰώμενος.

328 1689 569 1740 Ἤκουσε
604 1687 697 1739 καὶ
736 1686 1015 1756 εὐφράνθη
1044 1685 1206 1746 Σιὼν,
1247 1686 1321 1748 ὡς
1347 1687 1676 1756 γέγραπται,
1701 1687 1833 1739 ἀναη

1949 591 2191 645 nerabile
2219 591 2449 656 Pascha,
2481 599 2537 646 ttt
2561 609 2620 648 es
2656 596 2993 649 credentium
3021 596 3345 663 redemptio.

2017 767 2197 831 Salve,
2226 784 2259 821 ο
2282 785 2447 824 causa
2487 779 2690 824 nostra:
2724 770 2948 833 laetitia,
2995 770 3164 834 salve,
3214 772 3524 841 redempti»

1946 865 2134 912 nostra
2167 873 2197 912 a
2223 860 2647 914 maledictioue!
2702 861 2933 925 Laetare,
2965 877 2998 916 o
3051 871 3106 916 tu
3169 862 3522 918 immaculata

1947 950 2113 1017 Virgo
2149 949 2242 1002 Dei
2285 949 2555 1013 Genitrix,
2597 950 2769 1006 decus
2798 961 2852 1005 et
2883 953 3152 1022 refugium
3203 954 3442 1008 lidelium
3472 965 3526 1008 te

1946 1038 2161 1107 hymnis
2187 1038 2608 1106 celebrantium,
2648 1056 2744 1111 per
2800 1058 2964 1112 quant
3023 1046 3272 1099 mundati
3330 1061 3526 1100 sumus

1948 1144 1978 1182 α
2014 1129 2271 1185 Sardibus
2305 1134 2534 1200 peccati.

2360 1225 2568 1294 Equum
2601 1232 2651 1276 et
2678 1240 3030 1278 ascensorem.

2023 1317 2157 1372 Cum
2185 1317 2281 1383 sis,
2307 1315 2460 1379 .lcsu,
2489 1329 2651 1369 omne
2673 1314 3007 1369 desiderium
3043 1326 3288 1372 nostrum
3308 1321 3522 1373 omnis-

1942 1424 2047 1478 que
2082 1408 2339 1472 dulcedo,
2358 1405 2740 1477 degustastil‘cl
2759 1406 2999 1475 pendens
3021 1408 3088 1460 de
3105 1425 3267 1463 cruce
3297 1418 3350 1463 ct
3375 1421 3524 1464 certe

1941 1502 2146 1556 sanasti
2176 1516 2300 1564 nos,
2329 1499 2612 1568 Magister,
2649 1500 2717 1554 ab
2752 1501 3119 1556 amaritudine
3145 1502 3350 1571 peccati
3373 1505 3520 1574 quod

1939 1590 2219 1644 invaserat
2255 1603 2376 1644 nos.

2011 1682 2240 1736 Audivit
2285 1689 2340 1736 et
2391 1681 2567 1736 ltrtata
2615 1689 2701 1736 est
2747 1681 2902 1746 Sion,
2937 1684 3079 1738 sicut
3117 1684 3378 1754 scriptum
3411 1697 3519 1750 est,

256 1777 481 1838 στάντος
514 1793 632 1839 σου,
665 1778 803 1844 Λέγε
837 1791 852 1806 ο
898 1777 954 1828 αι
981 1775 1183 1845 ταύτης
1211 1776 1508 1846 Θυγατέρες
1541 1777 1649 1846 γάρ
1685 1777 1817 1846 πρῶ

1867 1839 1904 1846 _
1937 1781 2262 1843 resurgente
2314 1781 2388 1835 te,
2436 1771 2705 1839 Verbum;
2759 1773 2882 1828 lilia:
2938 1774 3084 1829 enim
3135 1776 3254 1844 ejus
3327 1778 3518 1845 pritme

253 1866 344 1919 ταί
366 1884 426 1918 σε
452 1866 736 1920 τεθέανται
752 1839 848 1920 καὶ
870 1865 951 1934 τὸ,
979 1839 1169 1937 Χαῖρε,
1195 1839 1459 1937 δέχονται,
1593 1839 1817 1940 κατάρας

1867 1839 1908 1894 Β
1942 1839 2196 1918 viderunt
2236 1871 2289 1916 te
2332 1862 2674 1932 salutemque
2704 1864 2773 1918 ab
2809 1879 2909 1920 ore
2945 1875 3038 1918 tuo
3075 1876 3444 1936 susceperunt
3489 1887 3518 1920 a

253 1957 748 2028 ἀπολυτρούμεναι.

323 2048 516 2120 Δεῦρο,
553 2051 647 2102 καὶ
671 2049 769 2120 τὴν
792 2048 1022 2119 κινύραν
1046 2048 1212 2104 Δαυῒδ
1238 2049 1612 2124 ἀνάκρουσον,--
1635 2069 1836 2122 συστη-

255 2139 500 2210 σώμεθα,
541 2141 740 2209 λέγων,
772 2140 965 2212 ἑορτὴν
989 2140 1363 2206 ἀλαλάζοντες·
1382 2142 1520 2213 αῦτη
1555 2144 1622 2215 ἢν
1647 2145 1834 2216 ἐποίη-

254 2243 349 2282 σεν
377 2231 406 2283 ὁ
429 2230 712 2302 Δεσπότης
749 2230 952 2302 Κύριος
981 2230 1015 2300 ἡ
1051 2231 1232 2300 ἡμέρα
1263 2231 1365 2300 τῆς
1393 2231 1762 2293 ἀναστάσεως.

325 2411 574 2482 Χαίροις,
608 2411 946 2483 εὐλογημένη
970 2411 1348 2482 θεοχαρίτωτε,
1382 2413 1520 2479 μετά
1557 2412 1650 2467 σοῦ
1679 2414 1706 2466 ὁ
1735 2418 1832 2466 Δε-

255 2501 483 2570 σπότης,
532 2502 560 2552 ὀ
585 2500 830 2554 καθελὼν
854 2501 944 2553 τὸν
1002 2500 1252 2564 θάνατον,
1284 2500 1378 2553 καὶ
1407 2499 1573 2563 λύσας
1605 2501 1694 2552 τὸν
1740 2501 1833 2553 άν-

256 2590 476 2661 θρωπον
500 2591 599 2660 τῆς
617 2592 882 2661 κατάρας,
901 2591 1185 2656 Δέσποινα,
1211 2590 1455 2660 μεσιτεία
1477 2608 1590 2658 σου,
1610 2593 1831 2662 Μητροο

258 2682 518 2754 πάρθενε.

586 2773 717 2825 Ὀτι
740 2772 856 2840 ἐγώ
888 2774 1004 2842 εἰμι
1041 2774 1183 2838 Θεὸς
1209 2775 1241 2825 ὁ
1269 2771 1488 2840 σάρκα.

325 2863 480 2932 Ξύλῳ
519 2863 844 2933 κατέκρινας
879 2866 978 2934 τὴν
1023 2861 1295 2931 ἁμαρτίαν
1338 2860 1544 2930 Ἰησοῦ,
1579 2862 1672 2914 καὶ
1701 2859 1831 2932 ᾅδην

252 2954 687 3026 ᾑχμαλὼτευσας
726 2953 900 3016 τεθεὶς
952 2955 1009 3006 ὲν
1045 2952 1121 3022 τῷ
1157 2953 1428 3022 μνημείῳ,
1471 2952 1562 3005 καὶ
1599 2953 1831 3022 ἀνέστης

251 3047 330 3108 ὡς
369 3044 526 3108 Θεὸς,
577 3044 894 3118 συνεγείρας
931 3046 1022 3099 τὸν
1071 3046 1273 3116 κόσμον
1308 3043 1689 3114 δοξολογοῦντα
1732 3044 1830 3114 τὴν

251 3137 576 3192 δυναστείαν
607 3155 723 3191 σου.

327 3319 534 3384 Πάντα,
558 3318 860 3390 κροτήσατε
895 3317 1101 3388 χεῖρας,
1127 3317 1274 3386 ἔθνη,
1300 3317 1606 3388 ψαλμικῶς,
1634 3319 1830 3390 ἀνέστη

254 3403 326 3456 τὰ
356 3404 604 3474 βασίλεια
651 3404 894 3467 κενώσας
925 3405 1020 3457 τοῦ
1064 3405 1295 3458 θανάτου
1332 3409 1360 3459 ὁ
1384 3407 1649 3470 ἀθάνατος
1679 3408 1831 3474 Θεὸς,

255 3491 532 3561 βασιλεύει
573 3492 632 3546 δὲ
690 3493 792 3563 γῆν
821 3493 915 3546 ἐπὶ
937 3495 1117 3548 πᾶσαν
1161 3494 1236 3557 ὡς
1267 3494 1528 3560 Βασιλεὺς
1576 3496 1666 3550 τοῦ
1701 3515 1834 3550 παν-

251 3582 364 3645 τός.

327 3674 518 3743 Πάσχα
547 3676 834 3746 σωτήριον,
861 3677 1051 3746 Πάσχα
1074 3677 1367 3749 ἀνάκλησις
1394 3678 1580 3748 ψυχῶν
1600 3719 1614 3742 ,
1653 3680 1833 3749 ἡμέρα

250 3764 593 3835 εὐφροσύνης
627 3769 722 3820 καὶ
751 3768 926 3836 χαρᾶς
952 3767 1089 3837 αῦτη
1123 3769 1356 3838 ὑπάρχει
1391 3784 1403 3796 ·
1439 3770 1832 3839 εὐφρανθῶμεν

255 3856 535 3922 μυστικῶς
587 3859 678 3909 καὶ
729 3859 965 3928 Χριστὸν
997 3861 1088 3911 τὸν
1121 3859 1230 3911 τῶν
1261 3861 1397 3912 ὅλων
1447 3860 1580 3913 Θεὸν
1604 3863 1832 3932 Σωτῆρα

249 3945 507 4016 δοξολογή
517 3964 720 4016 σωμεν.

329 4039 430 4091 ’ον
462 4040 836 4108 ὲσωμάτωσας
859 4041 1053 4109 Λόγον,
1081 4042 1388 4112 πανάρωμε
1422 4045 1578 4114 ἁγνὴ,
1611 4047 1836 4114 εὐφραί-

249 4143 366 4191 νου,
401 4131 466 4182 ὲκ
494 4129 703 4200 νεκρῶν
733 4132 1105 4201 ἐγηγερμένον
1136 4133 1448 4202 καθορῶσα,
1501 4136 1593 4187 καὶ
1624 4135 1830 4188 ἱκέτευε

247 4220 434 4282 αὐτὸν,
467 4223 590 4284 τοὺς
612 4221 697 4274 ἀεί
729 4239 788 4274 σε
813 4224 1088 4292 τιμῶντας
1118 4225 1289 4278 σῶσαι
1323 4227 1583 4281 κινδύνων
1608 4231 1700 4280 καὶ
1727 4245 1825 4281 πε-

251 4313 582 4382 ριστάσεων.

547 4404 608 4456 ’0
631 4403 832 4471 πήξας
859 4405 951 4459 ἐπ’
978 4407 1230 4474 οὐδενός
1262 4410 1376 4476 τὴν
1407 4409 1544 4478 γῆν.

1940 1952 2328 2007 maledictione
2366 1952 2630 2009 liberatae.

2008 2047 2120 2113 Age
2186 2043 2357 2113 plecte
2419 2043 2821 2098 decacltordum
2915 2045 3161 2111 Davidis,
3240 2049 3434 2104 dicens
3501 2067 3518 2104 :

1936 2134 2292 2192 Celebremus
2321 2135 2375 2189 in
2404 2151 2574 2189 unum
2621 2139 2938 2208 congregati
2985 2139 3090 2193 hoc
3134 2139 3333 2196 festum
3381 2143 3519 2196 laetis

1935 2226 2306 2289 clamoribus,
2370 2226 2488 2280 haec
2557 2234 2640 2282 est
2695 2228 2841 2282 enim
2914 2232 3337 2287 resurrectionis
3401 2235 3520 2289 dies

1935 2333 2100 2389 quam
2138 2316 2267 2372 fecit
2301 2317 2586 2374 Dominus.

2008 2410 2237 2474 Gaude,
2304 2411 2592 2467 benedicta
2665 2413 2883 2483 Deoque
2955 2413 3284 2470 charissima
3354 2416 3520 2487 Virgo

1937 2501 2126 2569 Mater,
2163 2502 2422 2558 Dominus
2447 2512 2622 2558 tecum
2653 2506 2744 2574 qui
2775 2515 2824 2560 te
2842 2506 3138 2572 mediante,
3171 2523 3203 2562 ο
3251 2518 3425 2564 mater
3464 2523 3520 2563 ιιι

1935 2608 2119 2662 virgo,
2157 2594 2430 2648 destruxit
2464 2605 2693 2652 mortem
2733 2597 3093 2668 liberavitque
3153 2601 3427 2655 hominem
3489 2623 3518 2654 ει

1937 2683 2320 2744 tnaledictione
2356 2687 2588 2756 peccati.

2276 2775 2354 2829 Eo
2383 2781 2521 2846 quod
2553 2778 2654 2832 sint
2689 2794 2785 2848 ego
2828 2779 2966 2835 Deus
3000 2781 3172 2837 homo.

2007 2864 2112 2922 Per
2161 2882 2400 2934 crucem,
2455 2867 2607 2934 Jesu,
2661 2885 2879 2924 omnem
2921 2871 3190 2927 dircmisti
3257 2874 3518 2944 iniquita-

1936 2968 2066 3022 tem,
2104 2960 2381 3030 captivum
2423 2959 2602 3016 fecisti
2649 2961 2950 3018 inferorum
2997 2980 3245 3035 regnum,
3280 2969 3519 3038 positus-

1934 3067 2042 3121 que
2082 3051 2139 3106 in
2185 3052 2439 3121 sepulcro
2482 3060 2536 3107 et
2578 3067 2874 3124 resurgens
2921 3065 2981 3109 ut
3017 3057 3157 3113 Deus
3207 3067 3383 3113 tecum
3433 3077 3519 3114 re.

1859 3179 1901 3237 Ο
1937 3157 2164 3214 surgere
2196 3141 2374 3196 fecisti
2423 3142 2687 3196 mundum
2726 3152 2872 3197 tuam
2911 3145 3282 3203 celebrantem
3327 3163 3518 3218 pomu-

1939 3247 2090 3289 ltum.

2005 3324 2209 3380 Omnes
2264 3334 2478 3396 gentes,
2524 3327 2765 3396 plaudite
2812 3327 3102 3389 manibus,
3161 3330 3512 3386 modulemini

1937 3428 2134 3482 cantus
2165 3436 2176 3471 :
2218 3420 2462 3473 surrexit
2500 3417 2643 3473 Deus
2675 3419 3022 3484 immortalis,
3050 3421 3330 3476 destructo
3374 3439 3516 3476 tuor-

1935 3509 2008 3563 tis
2061 3510 2324 3579 imperio;
2371 3525 2538 3580 super
2586 3525 2803 3565 omnem
2857 3519 3058 3565 terram
3097 3523 3285 3582 regnat
3329 3523 3514 3585 utpote

1936 3597 2048 3653 [lex
2079 3600 2348 3654 omnium.

2006 3689 2218 3745 Pascha
2271 3693 2714 3757 saluberrimum,
2758 3693 2967 3748 Pascha
3019 3698 3354 3752 resurrectio
3398 3701 3516 3752 aui-

1936 3797 2173 3844 marum,
2211 3783 2330 3837 dies
2359 3791 2444 3839 est
2479 3785 2677 3839 laetitia:
2715 3793 2769 3839 et
2799 3787 3163 3854 jubilationis,
3185 3789 3514 3856 gaudeamus

1936 3887 2066 3942 ergo
2096 3887 2149 3928 et
2179 3874 2442 3930 cautibus
2481 3877 2658 3931 sacris
2703 3876 3070 3945 gloriﬁcamus
3099 3877 3378 3936 Cluistmn
3421 3899 3515 3950 ριει·

1935 3981 2097 4035 quem
2133 3981 2323 4020 omnes
2356 3967 2493 4021 salvi
2531 3967 2656 4022 facti
2693 3975 2841 4024 sunt.

2004 4057 2194 4114 Gaude
2232 4071 2286 4113 et
2324 4068 2403 4126 tu,
2455 4059 2621 4132 Virgo
2658 4079 2780 4118 vere
2820 4065 3191 4129 immaculata,
3235 4068 3423 4121 ridens
3481 4089 3508 4120 ει

1935 4150 2166 4204 mortuis
2199 4165 2493 4221 resurgens
2545 4151 2776 4208 Verbmu
2811 4157 2956 4225 quod
2992 4173 3019 4209 a
3055 4168 3104 4211 te
3143 4170 3510 4228 assumpsemt

1929 4253 2178 4301 carnem;
2222 4249 2275 4293 et
2308 4255 2437 4310 roga
2503 4243 2680 4310 ipsum
2714 4254 2770 4298 ut
2816 4247 3061 4301 colentes
3105 4256 3156 4302 te
3199 4264 3414 4318 semper
3445 4251 3512 4302 ab

1933 4330 2188 4384 omnibus
2218 4332 2473 4400 periculis
2503 4342 2557 4387 et
2589 4336 2751 4389 tnalis
2784 4338 2967 4392 salvos
3002 4336 3192 4392 faciat.

2306 4421 2414 4488 Qui
2449 4424 2574 4492 fecit
2609 4436 2809 4480 terram
2839 4427 2905 4481 de
2933 4428 3119 4484 nihilo.

319 4491 612 4562 Φωστῆρες
632 4495 723 4546 ἐπὶ
742 4497 978 4566 σταυροῦ
1008 4513 1067 4549 σε
1103 4497 1411 4566 βλέποντες,
1435 4500 1612 4566 Ἰιλιε,
1644 4500 1817 4555 ἀπλω·

1859 4521 1900 4575 ι)
2001 4509 2316 4566 Luminaria
2375 4524 2447 4579 te,
2507 4516 2600 4570 Sol
2658 4519 2841 4574 divine
2876 4562 2891 4584 ,
2931 4521 2983 4575 in
3040 4538 3204 4578 cruce
3268 4525 3508 4581 videntis

248 4580 414 4635 θέντα
445 4583 640 4656 γνώμῃ
662 4585 850 4652 τὸφῶς
904 4587 1269 4653 συνέστειλαν,
1305 4590 1374 4657 γῆ
1405 4592 1552 4643 πᾶσα
1582 4593 1822 4662 ἐσείσθη,

246 4666 380 4719 ναοῦ
415 4668 708 4739 φαιδρότης
741 4671 1003 4743 διερράγη
1039 4675 1131 4727 καὶ
1168 4677 1236 4727 τά
1269 4682 1512 4746 μνημεῖα
1546 4680 1823 4752 ἀνεῴχθη-

246 4771 370 4821 σαν,
399 4759 494 4810 καὶ
532 4760 716 4830 νεκροὶ
751 4760 860 4814 τῶν
880 4763 1064 4832 τάφων
1095 4763 1418 4835 ἀνέστησαν.

313 4947 515 4999 Σινδῦνι
547 4946 912 5022 καθαρωτάτῃ
949 4951 1098 5022 φόϐῳ
1130 4953 1349 5024 εἱλήσεις
1384 4971 1443 5007 σε
1491 4956 1687 5026 Ἱωπῆφ
1719 4975 1819 5010 κω

239 5037 456 5102 λύπτει,
492 5041 652 5108 Λὸγε,
707 5043 765 5092 ἐν
807 5044 1054 5112 μνήματι
1088 5044 1179 5097 τὸν
1218 5049 1684 5115 προσεπενδύοντα
1737 5051 1826 5103 ἀεὶ⁴

242 5128 331 5181 τὸν
351 5130 576 5198 οὐρανὸν
603 5131 871 5199 νεφέλαις,
902 5134 1108 5188 καὶτοῦ
1130 5122 1470 5208 προπάτορος
1493 5141 1821 5210 ένθάψαντος

239 5219 422 5270 πᾶσαν
453 5219 751 5290 ἁμαρτίαν,
785 5223 1158 5293 φιλάνθρωπε.

310 5305 412 5357 Τὸν
438 5306 584 5360 λίθον
605 5310 939 5374 ἀποκυλίσας
964 5313 1072 5366 ἀπὸ
1115 5314 1207 5366 τοῦ
1243 5317 1546 5386 μνήματος,
1577 5321 1818 5387 γυναιξὶν

223 5394 366 5457 λὲόύα
404 5397 434 5450 ύ
463 5397 603 5461 θεῖος
648 5400 899 5468 ἄγγελος,
935 5404 1068 5456 Τίνα
1113 5409 1252 5474 μετά
1283 5409 1471 5479 μύρων
1501 5413 1576 5473 ὡς
1627 5412 1817 5482 θνητὴν

236 5488 501 5554 ἀφίκεσθε
552 5491 843 5560 ζητοῦσαι;
869 5498 898 5548 ὁ
932 5496 1198 5567 ζωοδότης
1246 5500 1632 5571 ὲξεγήγερται,
1667 5502 1817 5566 θείας

242 5579 507 5649 θυμηδίας
543 5585 916 5656 ἐμπλήσθητε.

317 5669 412 5724 Ἐκ
442 5674 613 5741 τάφου
643 5675 719 5738 ὡς
742 5679 807 5730 ἐκ
844 5681 1052 5734 παστοῦ
1077 5683 1328 5753 νυμφίον,
1362 5685 1695 5756 Πανάμωμε,
1723 5688 1813 5742 τὸν

231 5761 468 5830 Χριστὸν
501 5768 682 5837 ὁρῶσα
727 5772 1153 5842 ἐκπορευόμενον
1201 5775 1320 5829 ὅλον
1351 5778 1682 5848 ὡραιότατον
1716 5799 1807 5833 σαν

1927 4610 2236 4667 extensum,
2279 4604 2455 4659 lucem
2496 4622 2654 4662 suam
2688 4610 2830 4665 haud
2865 4614 3266 4671 inconsiderate
3286 4633 3508 4671 recusa-

1927 4702 2157 4758 verunt,
2208 4699 2390 4751 omnis
2441 4710 2714 4755 commota
2767 4713 2853 4757 est
2911 4713 3090 4767 terra”
3147 4709 3379 4762 scissum
3420 4721 3505 4764 est

1929 4785 2105 4837 velum
2159 4789 2373 4856 templi,
2412 4799 2600 4858 aperta
2656 4801 2785 4847 sunt
2839 4807 3212 4864 monumenta,
3250 4815 3506 4855 surrexe~

1926 4887 2056 4928 runt
2088 4879 2310 4932 mortui.

1994 4966 2359 5026 Mundissimo
2421 4974 2707 5032 involvens
2773 4985 2863 5042 te,
2925 4991 3239 5036 reverenter
3301 4983 3492 5038 lintea-

1922 5057 2069 5111 mine
2109 5058 2332 5131 Josepb,
2366 5065 2584 5134 deponit
2631 5069 2684 5121 in
2734 5079 3090 5126 ntonumeuto
3138 5079 3209 5136 te,
3243 5070 3498 5138 Verbum,

1921 5163 2137 5219 semper
2189 5156 2445 5222 operiens
2494 5158 2692 5211 cwlutn
2747 5159 3006 5224 nubibus,
3053 5165 3373 5232 consepulta
3418 5174 3501 5218 te-

1919 5251 2064 5300 cum,
2098 5251 2309 5296 amator
2334 5254 2540 5310 nostcr,
2565 5247 2974 5318 ProtOparentis
3013 5252 3320 5321 iniquitate.

1991 5329 2251 5400 Lapidem
2277 5337 2501 5392 volvens
2525 5344 2887 5404 monumenti,
2906 5345 3132 5412 angelus
3153 5344 3362 5400 Domini
3390 5348 3494 5401 cla~

1919 5422 2087 5474 mavit
2139 5424 2459 5482 mulieribus
2501 5447 2513 5482 :
2551 5430 2725 5495 Quem
2762 5433 3006 5500 quaeritis
3045 5436 3327 5490 venientes
3366 5453 3492 5491 cum

1919 5513 2258 5569 arotnatibus
2278 5518 2343 5570 ad
2372 5520 2682 5589 ungendum
2701 5524 2857 5592 quasi
2882 5527 3190 5580 mortuum?
3213 5529 3305 5598 qui
3329 5529 3498 5583 omni-

1917 5600 2020 5654 bus
2039 5600 2133 5654 dat
2159 5606 2322 5658 vitam
2356 5612 2687 5678 resurrexit;
2715 5613 2898 5669 divina
2929 5616 3259 5686 impleamiui
3286 5619 3494 5673 laetitia.

1995 5692 2219 5762 Videns,
2240 5711 2272 5752 ο
2297 5699 2662 5769 immaculata,
2683 5704 2962 5762 Christum
2985 5723 3014 5764 e
3033 5710 3244 5763 tumulo
3266 5725 3498 5780 surgen-

1916 5795 2019 5840 tem
2062 5790 2369 5857 speciosum
2399 5803 2455 5847 ut
2479 5809 2680 5864 sponsa
2709 5799 2891 5853 exiens
2929 5817 2956 5856 θ
2981 5802 3220 5859 thalamo
3243 5803 3496 5873 nuptiali,
