4250 6442
744 366 880 427 3919

1563 370 1622 426 ὃ.
1661 366 2073 426 SOPIIRONII
2110 369 2616 430 PATRIARCILE
2653 375 3058 437 lIiEROSOL.

3862 382 4010 444 3920

747 483 1086 541 reassumpta
1163 469 1393 534 lretitia,
1462 473 1581 538 ejus
1646 476 1959 543 rongandes
2013 475 2410 544 discipulis,A

2366 482 2410 536 Α
2441 477 2554 543 σῶς
2581 518 2594 540 ,
2624 479 2799 547 χαρὰν
2845 480 3190 534 ἀναλαϐοῦσα
3255 484 3362 545 τοῖς
3393 485 3660 554 μαθηταῖς
3697 487 4017 558 συνέχαιρες

747 567 932 618 dicens
961 581 972 614 :
1002 564 1253 617 Surrexit
1289 564 1577 618 Dominus.

928 656 1092 708 Tuam
1125 655 1461 707 adumbrain
1491 655 1725 707 dit-mam
1754 657 2184 711 exinanitionem.

815 746 922 801 Per
946 747 1153 815 lignum
1177 746 1362 800 crucis
1391 747 1549 814 quasi
1584 747 1876 801 interiecto
1903 758 2178 818 serpente,
2203 766 2326 804 cum

748 838 978 891 mortuis
1013 845 1293 897 reputatus
1329 851 1410 899 es,
1445 852 1566 891 cum
1597 838 1834 892 sisinter
1867 849 2112 896 mortuos
2148 841 2308 907 liber,

746 935 798 979 cl.
835 925 1035 979 liberos
1068 921 1296 977 eﬂecisti
1328 924 1586 994 degentes
1619 927 1706 981 bit-
1737 943 1927 984 omnes
1955 927 2257 986 devinctos.

819 1018 1108 1074 Manifeste
1137 1019 1380 1085 regnavit
1407 1017 1694 1081 Dominus,
1724 1021 1936 1076 laetetur
1957 1025 2136 1078 omnis
2163 1035 2325 1089 terra,

744 1111 855 1177 jam
901 1125 1078 1180 neque
1123 1123 1269 1162 mors
1305 1124 1481 1178 neque
1515 1111 1712 1165 inferni
1747 1111 2120 1178 dominantur,
2155 1115 2327 1186 siqni-

748 1201 869 1254 dem
906 1210 1264 1256 evomuerunt
1299 1216 1438 1267 quos
1471 1204 1725 1257 tenebant
1761 1205 2029 1273 captivos.

819 1288 928 1343 Pite
959 1306 1084 1360 erga
1116 1291 1284 1344 Deum
1318 1292 1595 1355 mulieres,
1620 1291 1749 1361 quid
1775 1291 2023 1360 quaeritis
2049 1289 2324 1346 Christum

753 1393 812 1438 ut
874 1395 1150 1440 mortuum
1205 1385 1259 1438 in
1321 1385 1612 1454 sepulcro?
1667 1383 1916 1440 Surrexit
1969 1385 2182 1454 sepulto
2243 1385 2330 1438 hic

752 1493 914 1548 quam
959 1477 1190 1532 habebat
1231 1494 1379 1534 mors
1424 1477 1615 1543 fetore,
1655 1479 1931 1547 bonasque
1971 1477 2184 1547 paravit
2245 1490 2330 1531 sc-

755 1571 917 1624 initas
946 1570 1294 1624 credentibus
1331 1571 1382 1622 in
1419 1585 1496 1624 se.

823 1659 1263 1726 Ounmacnlata,
1296 1678 1424 1730 roga
1475 1661 1749 1714 Christum
1794 1674 2069 1728 egressum
2123 1673 2151 1712 e
2205 1659 2328 1714 sinu

757 1761 873 1816 tno,
919 1761 969 1806 et
1007 1755 1207 1808 intacta
1246 1761 1457 1808 servata
1509 1753 1814 1822 virginitate
1850 1753 1900 1804 in
1942 1751 2110 1821 gloria
2148 1766 2330 1806 resur-

755 1852 995 1913 gentem,
1036 1853 1091 1896 ut
1127 1845 1308 1897 omnia
1344 1842 1612 1912 pzzciiicet.

979 2026 1082 2090 Qui
1111 2025 1326 2079 indutus
1358 2025 1553 2079 lumine
1576 2025 1726 2093 quasi
1759 2024 2080 2078 vestimento.

832 2117 935 2182 Qui
981 2124 1034 2172 te
1085 2118 1291 2171 invidia
1325 2119 1474 2171 cruci
1509 2116 1818 2178 ailiserunt,
1864 2115 2115 2169 foderunt
2150 2114 2268 2177 tibi,
2308 2128 2340 2167 ο

760 2210 917 2264 valde
961 2210 1172 2278 patiens
1206 2208 1483 2271 Salvator,
1531 2223 1725 2261 manus
1766 2218 1816 2261 et
1861 2206 2023 2276 pedes
2054 2207 2341 2260 carnilices

763 2299 1139 2369 dederamque
1171 2299 1358 2353 bibere
1392 2299 1462 2354 fel
1499 2311 1550 2353 et
1583 2307 1816 2353 acetum.

834 2391 1122 2457 Quomodo
1157 2392 1249 2460 qui
1282 2393 1390 2444 vita
1413 2402 1494 2446 est
1517 2392 1724 2460 positus
1757 2400 1840 2446 est
1870 2391 1921 2445 in
1956 2389 2344 2445 monumento?

769 2481 1045 2550 quomodo
1081 2482 1286 2550 absque
1315 2481 1485 2534 halitu
1518 2480 1563 2534 is
1597 2496 1693 2550 per
1720 2495 1878 2550 quem
1912 2480 2124 2549 spirant
2153 2493 2343 2533 omnes

772 2574 1039 2636 homines,
1069 2573 1158 2643 qui
1195 2572 1432 2629 insumat
1463 2574 1625 2628 vitam
1658 2572 1888 2629 mortuis
1917 2581 1971 2629 et
2011 2572 2340 2641 redemptio-

771 2679 887 2718 nem
909 2665 930 2717 ?

841 2755 990 2808 Felix
1047 2753 1256 2808 Pascha
1313 2769 1422 2823 quo
1477 2753 1648 2823 erepti
1701 2753 1766 2806 de
1823 2754 1939 2807 orci
1996 2749 2239 2804 latibulis
2293 2756 2347 2802 et

770 2848 1000 2916 exempti
1058 2861 1085 2898 a
1139 2847 1254 2898 dira
1313 2846 1574 2899 servitute
1624 2845 1677 2897 in
1730 2859 1912 2898 veram
1963 2840 2344 2913 promissionis

771 2953 971 2996 terram
1011 2937 1260 2993 translati
1299 2938 1525 2992 sumus!

847 3033 1027 3095 Salve,
1067 3032 1268 3084 intacta
1304 3027 1492 3100 Virgo,
1534 3028 1602 3082 ab
1641 3027 1897 3082 omnibus
1941 3023 2225 3080 benedicta
2259 3030 2346 3076 ut-

778 3132 907 3194 pote
943 3125 1182 3178 liberans
1217 3137 1317 3175 nos
1360 3135 1392 3173 a
1430 3120 1833 3181 maledictione,
1862 3133 1958 3188 per
1991 3131 2152 3187 quam
2187 3129 2346 3169 mun-

2441 567 2672 635 λέγουσα
2692 571 2947 641 ’Ἀνέστη
2983 574 3011 624 ό
3040 571 3262 643 Κύριος.

2686 663 2803 728 Τὴν
2826 663 2994 717 θείαν
3019 665 3326 730 ἐννοήσας
3349 680 3466 719 σου
3492 666 3769 722 κένωσιν.

2509 753 2612 804 Τὸν
2651 753 2775 820 ὅφιν
2817 754 2909 804 ἐπὶ
2945 754 3106 819 ξύλου
3155 753 3462 823 ἑνέκρωσας
3491 797 3504 820 ,
3527 758 3620 809 καὶ
3647 757 3920 825 λογισθεὶς
3955 763 4014 813 ἐν

2436 842 2547 902 τοῖς
2578 845 2815 910 νεκροῖς,
2855 844 2881 895 ό
2911 845 2966 895 ἐν
2998 844 3210 914 νεκροῖς
3248 842 3322 895 ὢν
3351 843 3654 916 ἐλεύθερος,
3699 847 4014 919 ἐλευθερίαν

2438 933 2708 1002 παρέσχες
2731 935 3040 1005 δεσμώταις
3074 936 3184 998 τοῖς
3220 936 3398 988 ἐκεῖσε
3427 937 3785 1007 ὑπάρχουσιν.

2519 1027 2576 1080 Ὀ
2612 1026 2811 1096 Κύριος
2844 1028 3026 1095 σαφᾶκς
3073 1026 3439 1094 ἐϐασίλευσεν,
3481 1028 3830 1094 ἀγαλλιάσθω
3865 1031 4014 1082 πᾶσα

2437 1117 2532 1186 γῆ,
2561 1119 2619 1171 οὖ
2645 1118 2886 1188 κυριεύει
2911 1121 2937 1172 ό
2964 1119 3214 1180 θάνατος,
3245 1120 3306 1170 οὐ
3338 1119 3613 1188 βασιλεύει
3646 1122 3672 1174 ὁ
3702 1121 3836 1191 ᾅδης
3870 1137 3882 1150 ·
3919 1120 4013 1184 οὓς

2439 1203 2549 1278 εἶχε
2581 1210 2689 1279 γὰρ
2723 1209 2980 1279 δεσμίους
3015 1209 3305 1281 ἐξήμεσεν.

2507 1301 2766 1363 Γυναῖκες
2788 1301 2925 1370 μετά
2955 1300 3142 1371 μύρων
3163 1301 3451 1370 ϐεόφρονες
3472 1302 3524 1355 τι
3549 1305 3606 1357 ἐν
3636 1304 3714 1374 τῷ
3731 1304 3910 1373 τάν-ρῳ,
3937 1305 4014 1368 ὡς

2439 1391 2647 1462 θνητὸν,
2671 1393 2905 1461 Χριστὸν
2928 1391 3140 1462 ζητεῖτε
3165 1411 3178 1459 ;
3213 1393 3532 1462 ἐγήγερται,
3557 1393 3617 1446 τδ
3646 1394 3743 1449 τοῦ
3777 1396 4010 1449 θανάτου

2441 1483 2676 1547 δυσῶδες
2706 1482 2963 1553 eyes-4.1;,
2994 1484 3090 1536 καὶ
3118 1483 3642 1555 πιστοϋςεὺωὸίασε.

2509 1668 2745 1739 Χριστὸν
2770 1669 2857 1721 τὸν
2892 1669 3222 1739 προελθόντα
3259 1673 3320 1724 ἐκ
3352 1672 3564 1741 μήτρας
3592 1688 3707 1734 σου,
3742 1673 3837 1723 καὶ
3871 1689 4012 1741 παρ·

2441 1758 2622 1822 οενιας
2669 1759 2933 1830 μηδαμῶς
2973 1763 3270 1831 σφραγῖδας
3316 1762 3574 1826 λύσαντα,
3615 1763 3870 1830 ἄχραντε,
3917 1763 4012 1814 καὶ

2367 1838 2410 1893 Β
2443 1850 2752 1903 ἀναστάντα
2822 1852 2878 1903 ἐν
2922 1851 3045 1921 δόξῃ
3105 1853 3337 1905 δυσώπει
3387 1852 3698 1925 εἰρηνεῦσαι
3751 1853 3819 1904 τα
3873 1852 4010 1921 σύμ-

2444 1959 2643 1996 παντα.

2668 2035 2730 2086 Ὀ
2760 2032 3250 2102 ἀναϐαλλόμενος
3285 2035 3408 2104 φῶς
3436 2036 3516 2102 ὡς
3549 2037 3804 2106 ἱμάτιον.

2517 2125 2756 2194 Ὠρυξαν
2783 2126 2878 2187 τας
2905 2123 3090 2194 χεῖράς
3126 2141 3216 2176 σου
3241 2167 3256 2189 ,
3287 2125 3490 2195 Σῶτερ,
3524 2128 3620 2178 καὶ
3654 2127 3820 2190 πόδας
3851 2143 3943 2179 σου
3965 2126 4018 2178 οι

2444 2214 2742 2279 ΰεοκτόνοι,
2779 2216 2870 2267 ἐπὶ
2902 2212 3133 2282 σταυροῦ
3172 2231 3230 2267 σε
3258 2216 3436 2286 φῡόνῳ
3466 2219 3891 2288 ἀναρτήσαντες,
3925 2218 4019 2270 καὶ

2443 2305 2602 2376 χολὴν
2630 2307 2720 2359 καὶ
2741 2306 2859 2370 ὅξος
2888 2306 3226 2370 ποτίσαντες,
3269 2307 3604 2378 μακρόθυμε.

2527 2394 2590 2447 ἸΙ
2638 2395 2751 2465 ζωὴ
2797 2397 2852 2448 ἐν
2911 2396 3154 2464 μνήματι
3208 2395 3324 2458 πῶς
3375 2397 3758 2462 rentius-4t;
3801 2398 4026 2467 πνοὴνὸ

2445 2487 2579 2538 πᾶσι
2612 2485 2822 2557 βροτοῖς
2849 2488 3103 2556 παρέχων
3133 2485 3334 2549 ἄπνους
3358 2487 3475 2550 πῶς
3507 2488 3832 2555 γνωρίζεται
3857 2506 3873 2555 ;
3908 2491 4025 2550 τοῖς

2446 2577 2655 2645 νεκροῖς
2684 2574 2932 2645 ἐμπνέων
2967 2575 3112 2645 ζωὴν
3152 2575 3675 2647 κα“ιάπολι3τρωσιν;

2522 2758 2714 2827 Πάσχα
2743 2757 2802 2808 τὸ
2859 2758 3124 2827 μακάριον
3157 2757 3223 2809 δι’
3244 2749 3304 2808 οὗ
3351 2757 3652 2828 ἀνήλθομεν
3680 2759 3744 2811 ἐκ
3768 2760 3873 2829 γῆς
3900 2754 4034 2813 κευ-

2449 2852 2683 2922 θμόνων,
2735 2850 2925 2920 Πάσχα
2978 2850 3221 2912 δουλείας
3272 2848 3337 2900 δι’
3373 2843 3433 2902 οὖ
3478 2849 3882 2921 ἐλυτρώοήμεν,
3930 2852 4035 2905 καὶ

2448 2941 2779 3010 ἐπαγγελίας
2806 2940 2938 3012 πρὸς
2971 2942 3073 3012 γῆν
3103 2939 3547 3010 διεὸιὸάσθημεν.

2520 3032 2766 3100 Χαίροις,
2798 3031 3137 3101 ἀπειρόγαμε
3181 3032 3274 3084 καὶ
3317 3031 3740 3102 παντευλόγητε,
3783 3033 4036 3102 κατάρας

2451 3123 2622 3198 λύσις,
2656 3121 2721 3175 δι’
2748 3117 2814 3192 ἧς
2848 3123 2874 3174 ὁ
2905 3121 3107 3190 κόσμος
3135 3121 3330 3191 ἀνέστη
3355 3122 3446 3174 τοῦ
3471 3122 3780 3192 πτώματος,
3811 3127 3907 3177 καὶ
3937 3124 4036 3177 τοῦ

778 3187 920 3270 dusa
941 3216 1092 3285 lapsu
1119 3212 1375 3273 surrexit.
1397 3222 1450 3267 et
1476 3212 1730 3268 laudibus
1752 3187 1964 3268 extollit
1987 3206 2349 3265 resurrectio-
2375 3187 2418 3246 (δ’
2454 3244 2456 3260 .

1752 3212 1964 3268 extollit
1987 3206 2349 3265 resurreCliO-
2375 3187 2418 3246 ς·
2454 3192 2714 3280 ζωοδότου
2745 3213 2957 3281 δοξάζει
2977 3220 3076 3288 τὴν
3101 3187 3422 3272 ἀνάστασιν.

780 3326 903 3366 nem
935 3310 1116 3364 omnia
1152 3309 1498 3363 viviticantis.

1099 3401 1321 3455 Furiosa
1356 3401 1552 3453 elatam
1587 3397 1831 3466 ﬂuctibus
1865 3394 2051 3447 maris.

850 3490 1051 3547 (ΖΙ-ιιι.ίὶ
1065 3507 1181 3556 xns,
1208 3505 1375 3559 quem
1400 3491 1674 3542 clauserat
1699 3484 2064 3538 inobedientia
2091 3477 2350 3550 aperuisti

784 3584 936 3641 mihi,
978 3581 1102 3637 Jesn
1135 3582 1374 3644 Christe,
1407 3578 1743 3650 paradisum,
1793 3585 1846 3629 et
1895 3587 2122 3640 surgens
2176 3578 2352 3623 tecum

785 3688 915 3742 sury
937 3689 1007 3727 ;re
1032 3673 1205 3726 fecisti
1238 3679 1468 3725 cunctos
1500 3669 1707 3723 ﬁdeles.

855 3763 1160 3819 Posuerunt
1207 3772 1260 3817 te
1302 3764 1355 3816 in
1390 3762 1510 3814 lacu
1547 3756 1791 3814 inferiori
1836 3761 2109 3809 mortuum
2151 3749 2357 3818 absque

787 3871 953 3920 voce,
1005 3859 1130 3909 vita:
1181 3854 1446 3918 datorem,
1501 3851 1595 3922 qui
1658 3847 1888 3903 mortuis
1951 3840 2234 3898 insuillasti
2273 3853 2358 3892 re-

789 3949 1208 4009 surrectionem,
1241 3946 1443 4016 quique
1503 3943 1556 3997 in
1611 3941 1827 3996 inferno
1885 3939 2140 4008 degentes
2187 3933 2359 3987 viviti-

788 4042 945 4094 utsii.

863 4133 1209 4200 Ejnlantibus
1253 4132 1381 4184 olim
1425 4129 1677 4185 clamavit
1718 4127 1942 4196 angelus
1990 4121 2358 4178 mulieribus:

789 4223 1042 4277 tibi-istas
1087 4223 1411 4285 resurrexit,
1445 4221 1538 4284 ite,
1578 4219 1896 4272 annuntiate
1943 4215 2062 4284 ejus
2115 4226 2364 4268 resurre-

790 4317 1024 4366 ctionem
1066 4311 1350 4380 apostolis.

863 4399 1073 4454 Salutat
1117 4408 1187 4461 te,
1235 4396 1419 4468 Virgo,
1457 4396 1713 4466 Magister
1765 4409 2064 4465 assurgens
2095 4407 2124 4447 e
2157 4390 2368 4446 tumulo

2887 3396 3268 3466 MatrOpérnr
3310 3396 3587 3450 κλύδωνι.
3685 3465 3694 3472 ἡ

2526 3489 2866 3562 Σταυρωθεὶς
2920 3488 3161 3559 ἀνέῳξας
3206 3488 3588 3557 κεκλεισμένον
3631 3490 3698 3557 τῇ
3741 3490 4034 3558 παρακοῇ,

2469 3581 2643 3652 Ἰησοῦ
2683 3581 2883 3648 Χριστέ
2937 3595 3063 3649 μου,
3091 3577 3182 3630 τὸν
3234 3578 3563 3648 παράδεισον
3588 3615 3604 3641 ,
3660 3577 3754 3629 καὶ
3795 3580 4038 3640 ἀναστάς

2458 3673 2667 3732 πάντας
2696 3670 2922 3731 πιστοὺς
2958 3668 3383 3739 συνανέστησας.

2531 3759 2754 3813 Ἐθεντο
2787 3761 2845 3811 ἐν
2884 3760 3072 3829 λάκκῳ
3106 3775 3165 3812 σε
3213 3759 3512 3827 κατωτάτω
3553 3759 3767 3826 ἄφωνον
3799 3759 4000 3826 νεκρὸν
4020 3799 4039 3822 ,

2459 3851 2551 3904 τὸν
2585 3852 2797 3918 νεκροῖς
2830 3851 3135 3917 ἐμπνέοντα
3159 3850 3471 3914 ἀνάστασιν,
3493 3846 3757 3910 Ζωοδότα,
3785 3848 3882 3900 καὶ
3911 3850 4041 3910 τοὺς

2461 3945 2517 3995 ἐν
2542 3943 2641 4013 ᾄδῃ
2671 3940 2794 4005 ιζωὼ
2803 3957 2990 3994 σαντα.

2535 4116 2785 4181 Γυναιξὶν
2837 4114 3028 4186 ἐϐόησε
3079 4113 3477 4184 θρηνῳδούσαις
3510 4112 3742 4178 ἄγγελός
3778 4130 3933 4166 ποτε·
3987 4115 4050 4169 Ὀ

2466 4210 2697 4280 Χριστὸς
2721 4209 3049 4277 ἐγήγερται·
3101 4203 3443 4274 πορεύθητε,
3483 4204 3804 4267 ἀποστόλοις
3848 4205 4053 4258 τούτου

2467 4303 2563 4372 τὴν
2594 4303 2811 4372 ἔγερσιν
2838 4302 3050 4355 εἴπατε.

2541 4393 2736 4461 Χαῖρε,
2780 4394 2861 4445 σοὶ
2919 4389 3366 4462 προσφθέγγεται
3412 4383 3488 4445 ὡς
3543 4383 3695 4453 αἰτία
3749 4383 3888 4453 οὔσῃ
3950 4384 4057 4452 τῆς

794 4499 852 4542 ιιι
883 4505 1102 4545 ςιιιιςτιηι
1136 4497 1335 4541 nostra:
1371 4487 1608 4541 laetitiae:
1646 4485 1788 4555 apud
1812 4500 1935 4540 eum
1973 4483 2139 4537 [unde
2180 4497 2366 4552 preces
2398 4526 2444 4582 Β

2398 4526 2444 4582 D
2472 4486 2666 4554 χαρᾶς,
2685 4484 2944 4546 ἀναστὰς,
2979 4481 3245 4551 Παρθένε,
3266 4479 3330 4529 ἐκ
3357 4475 3452 4527 τοῦ
3477 4476 3759 4545 μνήματος
3784 4479 3813 4529 δ
3840 4478 4057 4528 Δεσπό-

796 4593 892 4648 pro
924 4577 1181 4632 ontnibus
1211 4577 1389 4630 nobis.

934 4668 1009 4722 Tn
1045 4668 1466 4734 superexaltatus
1503 4666 1642 4721 Deus
1674 4677 1887 4735 patrum
1921 4676 2242 4719 nostrorum.

869 4758 1472 4828 Incomprcbcnsibilis,
1507 4773 1674 4812 carne
1711 4765 1994 4826 assumpta
2027 4750 2376 4809 mortalitatis

799 4858 1022 4910 nostrae,
1055 4847 1302 4916 cruciﬁgi
1337 4847 1537 4913 voluit;
1571 4848 1808 4902 moriens
1845 4856 2072 4900 mortem
2108 4841 2378 4898 destruxit

799 4942 988 4997 volens
1019 4953 1120 4992 nos
1152 4937 1314 4992 morti
1345 4937 1616 4993 obnoxios
1646 4937 1828 5006 facere
1858 4935 2216 4990 immortales.

867 5031 1070 5084 Omnes
1104 5027 1314 5083 festivis
1344 5029 1600 5083 cantibus
1633 5028 1975 5083 celebremus
2000 5025 2231 5091 Pascha,
2262 5030 2382 5094 post

803 5140 914 5182 tres
947 5124 1065 5178 dies
1106 5123 1348 5176 surrexit
1389 5121 1646 5178 Christus
1688 5137 1718 5176 e
1745 5130 2118 5185 monumento,
2153 5127 2384 5174 cunctos

805 5225 1122 5278 illnminans
1158 5220 1568 5274 conclamantes
1607 5236 1619 5271 :
1656 5214 1983 5269 Benedictus
2023 5228 2103 5276 es,
2134 5212 2380 5267 Domine.

877 5317 987 5370 Cur
1021 5330 1162 5368 nunc
1196 5311 1430 5368 eﬂ'undis
1476 5309 1632 5365 ﬂetus
1685 5322 1922 5371 amaros,
1955 5320 1987 5360 ο
2018 5305 2232 5371 mulier,
2269 5307 2384 5359 aie-

812 5413 900 5466 bat
960 5409 1214 5468 Christus
1283 5407 1489 5477 Virgini
1554 5405 1710 5475 juxta
1793 5411 2207 5455 monumentum
2272 5402 2384 5454 inec

813 5504 1115 5559 modulanti
1155 5523 1166 5557 :
1208 5500 1534 5556 Benedictus
1567 5513 1647 5561 es,
1687 5495 1934 5550 Domine.

888 5594 1012 5646 Sola
1069 5601 1196 5647 ante
1253 5592 1389 5645 alias
1449 5586 1704 5642 inulieres
1763 5585 2126 5654 contemplata
2181 5592 2265 5636 est
2312 5591 2384 5643 te,

815 5688 1047 5749 Christe,
1109 5683 1392 5756 splendide
1443 5688 1816 5751 assurgentem
1873 5678 1940 5734 de
1993 5676 2222 5738 tumulo,
2264 5693 2388 5730 san-

819 5779 1056 5832 ctissPnt-i
1090 5776 1273 5848 Virgo,
1307 5773 1656 5844 suscepitque
1685 5771 1749 5826 ab
1777 5786 1869 5826 ore
1905 5779 1997 5825 tuo
2029 5771 2280 5823 salutem.

2476 4593 2595 4644 της,
2625 4577 2681 4629 ὃν
2713 4575 2854 4643 ὑπὲρ
2887 4575 3104 4626 πάντων
3135 4573 3365 4625 ἱκέτευε.

2629 4666 2682 4719 Ὁ
2706 4668 3202 4735 ὑπερυψούμενος
3233 4667 3354 4719 τῶν
3378 4668 3648 4733 πατέρων
3671 4664 3907 4729 Κύριος.

2559 4757 2618 4810 Ὀ
2654 4759 2754 4810 ἀπε
2767 4756 3010 4826 ρινόητος
3042 4757 3220 4827 σάρκα
3240 4759 3600 4826 ἐνδυσάμενος
3629 4753 3864 4822 σταυρὸν
3917 4769 4058 4804 κατι

2481 4847 2695 4912 ἐδέξατο
2717 4888 2731 4912 ,
2767 4846 2861 4898 καὶ
2906 4843 3134 4898 Θάνατον
3171 4845 3339 4900 ὤλεσε
3381 4847 3598 4915 Θανάτῳ
3633 4845 3761 4906 τοὺς
3797 4841 4064 4903 θανόντας

2484 4938 2763 5008 βουληϐεὶς
2792 4937 3136 4991 ἀθανατίσαι.

2554 5029 2750 5097 Πάσχα
2777 5030 2808 5097 ή
2841 5028 3150 5100 πανήγυρις
3175 5030 3375 5086 πάντες
3405 5019 3774 5094 ἐορτάσωμεν,
3816 5017 4064 5084 Χριστὸς

2486 5121 2548 5173 ἐκ
2583 5119 2676 5172 τοῦ
2713 5120 2996 5189 μνήματος
3019 5122 3230 5191 ὴγέρθη
3261 5121 3556 5190 τριήμερος
3579 5151 3595 5178 ,
3637 5108 3888 5180 φωτίζων
3935 5110 4067 5170 τοὺς

2489 5210 2746 5281 βοῶνταςε
2787 5211 2844 5263 '0
2865 5211 3017 5276 Θεὸς,
3050 5211 3338 5280 εὐλογητὸς
3369 5205 3442 5261 εἴ.

2557 5302 2744 5366 Γύναι,
2771 5302 2823 5355 τί
2851 5305 2962 5364 τοῖς
3001 5301 3233 5369 δάκρυσι
3272 5295 3486 5368 πικρῶς
3532 5291 3631 5347 νῦν
3678 5289 4068 5359 σνγκέχυσαι;

2488 5394 2720 5465 Χριστὸς
2743 5393 3123 5463 ἁπεφθέγγετο
3141 5390 3369 5462 πλησίον
3391 5387 3486 5440 τοῦ
3509 5385 3794 5457 μνήματος
3811 5386 3877 5454 τῇ
3909 5382 4067 5451 Κόρῃ

2494 5485 2825 5558 μελῳδούσῃ’
2865 5486 2922 5539 Ὀ
2951 5485 3102 5550 Θεὸς,
3131 5481 3419 5551 εὐλογητὸς
3446 5473 3518 5533 εἴ.

2560 5580 2711 5649 Μόνη
2728 5578 2832 5648 πρὸ
2853 5578 2960 5631 τῶν
2977 5579 3150 5632 ἄλλων
3168 5593 3225 5628 σε
3252 5576 3525 5643 γυναικῶν
3547 5570 3820 5638 τεθέαται,
3839 5573 4068 5643 Χριστέ,

2493 5673 2554 5722 ἐκ
2583 5669 2676 5721 τοῦ
2715 5671 2993 5740 μνήματος
3022 5669 3239 5740 ὡραίως
3274 5671 3627 5741 ἀστράψαντα
3647 5713 3660 5737 ,
3691 5671 3722 5739 ἡ
3756 5669 3894 5739 μόνη
3925 5683 4062 5718 παν-

2494 5761 2624 5831 αγία
2648 5761 2994 5815 ἐπακούσασα
3027 5762 3103 5827 τὸ,
3137 5764 3326 5836 Χαῖρε.
