4250 6442
266 414 399 481 3921

752 526 851 583 Σοὶ
883 523 964 590 τῷ
993 523 1369 596 παντουργῷ.

340 622 408 673 Σὲ
459 621 552 674 τὸν
603 620 941 690 παντουργὸν
976 617 1351 690 ἀναρτηθὲντα
1405 613 1546 684 ξύλῳ
1583 611 1744 683 χολὴν
1786 611 1836 662 al

268 712 580 784 παράνομοι
608 712 793 784 ἐχθροὶ
810 711 1080 777 ἐπότιςον,
1101 711 1224 781 μέλι
1256 710 1319 762 ὲκ
1337 707 1542 775 πέτρας
1571 703 1838 774 Οηλάσαν-

275 822 389 868 τες,
423 803 689 873 διψῶντες
716 805 885 859 πάλαι
918 805 975 858 ὲν
1000 804 1192 875 ἐρήμῳ
1217 803 1285 872 τῇ
1318 800 1408 871 σῇ,
1436 796 1659 868 Χριστὲ,
1678 809 1841 863 προσ-

265 900 439 966 τάξει.

337 989 643 1061 Νέκρωσιν,
679 987 903 1060 Χριστὲ,
933 985 1028 1041 ἐπὶ
1074 980 1308 1055 σταυροῦ
1341 980 1612 1050 ὑπέστης,
1662 976 1838 1040 τεθεὶς

266 1080 324 1133 δὲ
366 1081 426 1133 ὲν
460 1080 700 1149 μνήματι
754 1076 948 1148 νεκρὸς
997 1076 1296 1147 τριήμερος
1348 1071 1558 1132 πάντας
1604 1066 1839 1136 ἐγείρεις

268 1167 499 1237 νεκροὺς
520 1164 618 1222 ἂπ⁸
646 1162 1377 1237 αίῶνος,ἁνυμνολογοῦντας
1403 1160 1506 1233 τήν
1538 1160 1636 1231 σὴν
1652 1158 1839 1228 φιλαν-

270 1256 540 1326 θρωπίαν.

342 1346 527 1411 Δεῦτε,
565 1346 842 1417 μυστικῶς
892 1343 1192 1413 ἀλαλαγμῷ
1225 1343 1288 1396 ὲν
1348 1340 1467 1411 Θεῷ
1517 1341 1616 1403 τὰς
1651 1342 1840 1410 χεῖρας

269 1441 646 1510 κρατήσωμεν,
676 1442 771 1493 καὶ
803 1437 1220 1509 μελῳδήσωμεν,
1251 1434 1436 1488 Πάντα
1464 1434 1531 1487 τὰ
1558 1433 1715 1505 ἔργα,
1749 1433 1840 1485 τὸν

269 1529 477 1600 Κύριον
506 1528 749 1597 ὑμνεῖτε.

339 1618 568 1686 Χαίρεις
594 1619 659 1671 ὲκ
682 1618 893 1687 νεκρῶν
921 1618 1012 1670 τὸν
1044 1616 1284 1686 Κτίστην
1307 1615 1619 1681 κατιδοῦσα,
1648 1614 1838 1684 Ἀγνή,

268 1708 639 1778 ἐγειρόμενον,
676 1711 769 1762 καὶ
804 1711 937 1761 πᾶσι
968 1708 1197 1777 νέμοντα
1228 1707 1388 1779 χάριν
1424 1708 1573 1779 ζωήν
1601 1723 1661 1758 τε
1683 1745 1697 1767 ,
1746 1706 1840 1759 καὶ

269 1800 365 1869 τὴν
404 1799 718 1872 ἐλευθερίαν
760 1803 872 1864 τοῖς
926 1798 1281 1871 ὁμολογοῦσιν
1333 1800 1497 1855 αὑτὸν
1546 1799 1680 1853 Θεὸν
1733 1797 1841 1851 τῶν

268 1890 429 1945 ὅλων.
571 1888 584 1895 ’

817 1982 1048 2050 Ἠσιιτα,
1080 1986 1307 2055 χόρευε.

355 2069 416 2126 Ὀ
468 2073 699 2143 Χριστὸς
761 2075 1059 2145 ἐγήγερται
1107 2077 1422 2139 καταλύσας
1498 2074 1702 2145 κράτος
1752 2070 1847 2126 τοῦ

277 2161 535 2232 Ἕχθρού·
562 2164 943 2233 εὐφραίνεσθε,
972 2165 1216 2237 οὐρανοὶ,
1241 2166 1452 2237 χόρευε,
1476 2167 1509 2234 ή
1539 2163 1635 2232 γῆ.
1666 2161 1851 2214 οὐκέτι

272 2255 300 2304 ὁ
333 2253 560 2317 θάνατος
591 2254 887 2324 βασιλεύει·
933 2256 1028 2319 οὓς
1090 2256 1200 2328 γὰρ
1246 2255 1468 2326 πονηρῷ
1509 2254 1700 2324 κράτει
1735 2251 1851 2305 ἐδέ-

276 2361 535 2415 σμευσεν,
560 2347 807 2418 ἀφῃρέθη
840 2347 968 2419 θείῳ
999 2348 1249 2419 νεύματι.

347 2437 631 2491 Γυναικῶν
662 2438 959 2508 κατάλογος
996 2440 1323 2511 μυροφνέρων
1369 2437 1539 2508 τάφον
1569 2438 1667 2506 τῆς
1706 2434 1852 2504 ζωῆς

275 2526 621 2599 προέφθασεν
674 2529 732 2582 ὲν
804 2531 1006 2601 σπουδῇ
1063 2530 1208 2601 μύρα
1269 2529 1529 2601 ἐμφανῶς
1605 2528 1852 2598 κομίζων

282 2618 513 2691 μυρίσαι
549 2635 607 2671 σε
651 2619 744 2674 τὸν
769 2620 877 2674 τῶν
914 2621 1104 2693 μύρων
1139 2621 1283 2675 θεῖον
1310 2619 1601 2692 μυρισμόν·
1626 2618 1852 2686 ἐξανασ-

279 2709 448 2769 τάντα
480 2710 537 2763 δὲ
576 2710 811 2764 κατιδών
842 2730 901 2765 σε
933 2714 1251 2783 ὲμεγὰλυνε.

348 2802 525 2871 Acuti}
550 2804 616 2873 ἢν
632 2803 889 2873 ἐποίησεν
907 2807 931 2859 ὀ
949 2806 1226 2876 Δεσπότης
1251 2804 1457 2877 Κύριος
1480 2804 1630 2856 ἐστὶν
1670 2800 1853 2872 ἡμέρα

279 2891 587 2961 περιφανὴς
632 2890 729 2947 καὶ
762 2893 1114 2964 περικαλλὴς·
1155 2895 1213 2947 ὲν
1248 2893 1423 2964 ταύτῃ
1480 2891 1852 2963 χορεύσωμεν,

278 2981 617 3045 ἐκϐοῶντες,
673 2984 921 3036 Δέσποτα
966 2986 1170 3055 Χριστὲ
1196 3026 1212 3051 ,
1250 2985 1425 3037 σῶσον
1466 2983 1591 3046 τοὺς
1635 2980 1854 3043 δούλους

283 3091 398 3134 σου,
422 3075 549 3137 τοὺς
579 3074 636 3125 ὲν
673 3075 852 3127 πίστει
878 3075 1318 3145 προσκυνούντὰς
1352 3092 1433 3131 σε.

353 3168 660 3239 Παρθενίας
721 3169 973 3223 κάλλεσιν
1021 3168 1329 3241 ῶραιὼθης,
1361 3170 1600 3238 ἄχραντε
1666 3166 1804 3235 ἁγνή
1834 3202 1851 3230 ,

279 3258 517 3311 τεκοῦσα
550 3258 639 3311 τὸν
682 3261 912 3329 ποιητὴν
961 3260 1180 3314 πάντων
1232 3260 1328 3313 καὶ
1375 3258 1529 3322 Θεὸν,
1578 3258 1671 3311 τὸν
1719 3255 1853 3327 ᾅδην

288 3347 657 3402 σκυλεύσαντα
688 3350 781 3402 καὶ
808 3353 920 3412 τοῖς
952 3353 1168 3421 νεκροῖς
1204 3350 1438 3421 νέμοντα
1466 3348 1640 3420 ζωὴν,
1669 3340 1733 3402 οὗ
1754 3348 1852 3418 τήν

282 3440 584 3496 ἀνάστασιν
608 3441 912 3509 θεοιρρόνως
938 3442 1288 3512 ἑορτάζομεν.

802 3532 1095 3600 Τμηθεῖσα
1117 3532 1352 3602 τμᾶται.

352 3624 598 3695 Μωῦσῆς
636 3622 837 3677 ἑτύπου
883 3624 1048 3678 πάλαι
1092 3642 1227 3689 σου,
1274 3625 1516 3695 Χριστὲ,
1570 3624 1667 3694 τὴν
1706 3623 1857 3678 θείαν

285 3717 617 3787 σταύρωσιν,
664 3716 757 3769 τὸν
790 3715 912 3785 δφιν
952 3715 1190 3785 ἀνυψῶν·
1232 3716 1328 3770 καὶ
1368 3716 1478 3786 γὰρ
1523 3714 1858 3786 σταυρωθενς

286 3808 529 3878 όνέῳξας
571 3808 705 3877 ἡμῖν
779 3806 875 3860 τοῦ
927 3808 1258 3878 παραδείσου
1316 3809 1511 3871 πύλας
1570 3807 1747 3870 τεθεὶς
1799 3806 1857 3858 δὲ

286 3900 476 3968 ἅσπερ
507 3898 701 3969 νεκρὸς
727 3899 787 3951 ἑν
815 3897 893 3967 τῷ
911 3900 1153 3970 μνήματι
1180 3899 1409 3969 νεκροὺς
1430 3899 1855 3966 συνανέστησας,

287 3991 382 4044 καὶ
413 3989 547 4061 ᾅδην
579 3988 675 4057 ὲγύ
686 4004 803 4058 μνω
813 4006 929 4051 σας.

358 4082 597 4153 Χριστὸς
619 4081 842 4153 ἀνέστηο
888 4080 1132 4151 ᾄσωμεν,
1159 4081 1300 4147 λαοὶ,
1339 4082 1434 4136 καὶ
1466 4082 1860 4152 μεγαλύνωμεν

285 4174 347 4227 τὸ
376 4174 548 4244 ὄνομα
578 4172 769 4238 αὑτοῦ,
797 4172 894 4226 καὶ
919 4173 1288 4243 χορεύσωμεν,
1313 4174 1407 4227 καὶ
1432 4174 1690 4243 ψὰλωμεν
1712 4176 1860 4245 αὐτῷ

290 4265 497 4327 πιστῶς
516 4264 591 4328 ῶς
616 4267 810 4334 νικητῇ
839 4263 932 4318 τοῦ
962 4264 1111 4335 ᾆδουο
1138 4267 1231 4318 καὶ
1256 4266 1539 4336 βοήσωμεν
1568 4265 1858 4338 λαμπρῶς,

288 4357 677 4427 Ἐξεγήγερται
696 4358 724 4408 ὀ
740 4355 963 4427 Κύριος,
978 4354 1217 4421 ἅπαντες
1229 4357 1469 4427 φαιδρῶς
1489 4357 1859 4429 ἑορτάσωμεν.

374 4446 746 4516 Ἀγαλλιασθω
799 4447 988 4501 ἅπασα
1035 4447 1070 4516 ἡ
1112 4449 1215 4518 γῆ,
1272 4448 1509 4519 Χριστὸς
1565 4449 1862 4520 ἐγήγερται

295 4539 321 4567 φ·

290 4631 485 4692 αύταῖς
520 4628 880 4699 ἐμφανισθεὶς
906 4630 969 4682 τὸ
991 4628 1232 4698 πίῶτον,
1264 4629 1484 4694 "Amce,
1530 4631 1865 4699 παρεγγυῶν

292 4719 389 4775 νῦν
416 4723 528 4782 τοῖς
558 4718 736 4787 φίλοις
765 4734 868 4789 μου
892 4718 990 4790 τὴν
1016 4718 1168 4773 θείαν
1190 4731 1294 4789 μου
1310 4719 1529 4791 ἔγερσιν
1558 4722 1866 4786 σπουδαίως

292 4832 363 4882 κη
373 4812 593 4881 ρύξατε.

361 4906 557 4975 Χαῖρε,
585 4902 786 4974 χωρίον
812 4901 904 4955 τοῦ
939 4899 1313 4971 Δημιοεδργοῦ,
1354 4903 1535 4972 χαῖρε,
1566 4902 1866 4972 παράδεισε

291 4997 500 5067 Κυρίου
526 4997 711 5063 λογικὲ
734 5035 749 5058 ,
781 4997 959 5065 χαῖρε,
992 4995 1189 5065 ούρανὲ
1225 4994 1320 5046 καὶ
1359 4992 1516 5065 θρόνε
1564 4995 1659 5046 καὶ
1694 4994 1867 5067 σκηνὴ

290 5092 349 5142 ἐν
449 5091 688 5161 Ποιητής
722 5089 1029 5159 σκηνὼσας,
1063 5087 1124 5139 τὸ
1155 5085 1248 5139 τού
1278 5086 1406 5157 ᾇδου
1438 5085 1679 5155 ἀμειδὲς,
1705 5087 1866 5155 ἁγνὴ,

294 5185 587 5253 σκήνωμα,
636 5181 941 5244 σκυλεύσας
997 5185 1295 5251 ἀνέστησεν
1331 5180 1448 5231 ἐκεῖ
1489 5179 1613 5243 τοὺς
1669 5177 1868 5231 καθεύ·

289 5273 503 5335 δοντας.

487 5365 703 5433 Κύριος
729 5363 815 5417 ὢν
835 5363 1076 5417 πάντων
1103 5364 1200 5416 καί
1235 5365 1485 5432 κτίστης
1520 5366 1683 5428 Θειῖς.

365 5456 685 5528 Σταύρωσινῖ
735 5456 972 5525 ὑπέστης
1002 5455 1240 5525 θελήσει,
1274 5458 1497 5527 Χριστὲ,
1540 5458 1633 5510 καλ⁸
1663 5455 1866 5524 ὀνείδη,

290 5551 440 5614 ὅπως
469 5548 628 5619 ήμῶν
658 5550 874 5603 πάντων
902 5547 1041 5620 ἄρῃς
1068 5546 1129 5597 τὸ
1160 5547 1359 5612 ὄνειδος
1399 5551 1492 5603 καὶ
1517 5547 1782 5617 κατῆλθες
1813 5547 1870 5599 ὲν

289 5640 449 5707 τάφῳ
479 5638 554 5701 ὡς
588 5638 816 5709 θνητοὺς
864 5635 1102 5691 ἀνιστῶν
1132 5640 1583 5711 καταφθαρέντας
1610 5636 1766 5702 ’δόξα
1806 5641 1867 5708 τῇ

294 5730 685 5801 παντςδυνᾶμῳ
710 5748 801 5785 σου
829 5730 1067 5804 ἐξουσίᾳ,
1103 5731 1375 5789 toi-20.23.

1672 404 2080 471 TRlODiUM.

1867 522 1914 577 Α

3385 400 3523 469 3992

2227 513 2344 572 Tibi
2371 529 2462 581 per
2495 528 2647 584 quam
2678 512 2861 567 oiuuia
2890 512 3037 581 facta
3069 521 3211 567 sunt.
3366 588 3369 591 Δ

2018 608 2213 662 Hostes
2262 606 2496 676 improbi
2553 605 2645 674 qui
2700 604 2831 658 olim
2888 605 2941 658 in
2998 604 3218 660 deserto
3278 605 3525 660 sitientes

1944 706 2206 755 suxeruut
2241 698 2344 753 mel
2375 696 2441 752 de
2478 704 2628 765 petra
2680 695 2938 751 mandato
2962 706 3078 761 luo,
3119 697 3239 763 tibi,
3277 695 3524 760 Christe.

1943 807 2041 861 per
2093 805 2252 860 quem
2305 787 2488 842 omnia
2536 794 2749 857 patrata
2785 794 2934 851 sunt,
2974 803 3098 842 cum
3133 789 3411 859 peudebas
3458 791 3527 844 de

1946 897 2111 937 cruce
2141 886 2507 951 porrexerunt
2550 877 2620 932 l'el
2652 878 2863 938 bibere.

2018 970 2222 1027 Passus
2256 985 2338 1033 es,
2373 983 2407 1022 ο
2450 966 2688 1033 Christe,
2731 979 2962 1026 mortem
3000 970 3205 1039 crucis,
3246 971 3525 1042 depositus

1950 1072 2129 1119 autem
2166 1066 2220 1119 in
2255 1065 2507 1132 sepulcro
2540 1063 2830 1128 exanimis,
2877 1079 3068 1120 omnes
3118 1079 3149 1119 a
3195 1065 3395 1120 seculo
3433 1065 3528 1120 de-

1948 1154 2162 1210 functos
2193 1163 2316 1225 post
2353 1162 2462 1209 tres
2496 1155 2613 1211 dies
2645 1153 2905 1219 suscitas,
2947 1160 3097 1208 tuam
3135 1155 3354 1226 hymnis
3384 1157 3529 1213 cele-

1946 1245 2171 1301 brantes
2205 1247 2659 1303 misericordiam.

2019 1337 2233 1402 Venite,
2266 1339 2590 1407 plaudamus
2635 1339 2915 1405 manibus,
2953 1353 3115 1395 sacro
3152 1348 3207 1394 et
3251 1339 3527 1395 modulato

1948 1428 2509 1497 carminejttbilanles
2542 1432 2789 1488 dicamus
2824 1449 2838 1486 :
2868 1430 3063 1486 Omnia
3093 1445 3260 1502 opera
3284 1429 3525 1495 Domini.

1948 1518 2168 1574 laudate
2201 1518 2512 1576 Dominum.

2014 1607 2255 1674 Gaudes,
2310 1624 2343 1665 ο
2398 1611 2770 1679 immaculata,
2825 1630 3057 1673 cernens
3116 1616 3431 1674 Creatorem
3494 1632 3522 1668 ιι

1947 1703 2181 1758 mortuis
2207 1704 2532 1759 suscitatum
2568 1708 2797 1775 gratiam
2838 1719 2893 1764 et
2928 1710 3096 1764 vitam
3133 1721 3186 1763 et
3219 1710 3525 1764 libertatem

1949 1790 2371 1850 distribuéntem
2413 1799 2671 1855 omnibus
2710 1800 2802 1870 qui
2846 1801 3185 1871 proclamant
3223 1801 3374 1856 illum
3410 1816 3524 1854 om-

1873 1889 1916 1945 B
1946 1882 2097 1937 nium
2124 1897 2247 1953 qum
2279 1892 2408 1939 sunt
2437 1884 2628 1942 Deum.

2487 1977 2513 2030 1
2520 1979 2687 2045 saias,
2716 1980 2902 2036 choros
2932 1998 3046 2050 age.

2023 2064 2279 2124 Christus
2325 2072 2650 2135 resurrexit,
2682 2071 2966 2127 destructo
3023 2073 3200 2127 hostis
3259 2073 3526 2139 imperio;

1953 2157 2400 2225 laetamini,cmli,
2442 2165 2678 2228 exsulta,
2718 2164 3029 2234 terra;jam
3063 2181 3171 2219 non
3214 2165 3529 2219 dominatur

1952 2266 2133 2319 mors;
2170 2254 2245 2307 illi
2274 2254 2440 2320 enim,
2466 2266 2739 2310 annuente
2768 2254 3021 2321 Domino,
3044 2258 3215 2326 erepti
3242 2265 3365 2313 sunt
3390 2271 3529 2328 quos

1952 2344 2195 2413 potentia
2229 2337 2436 2399 crudeli
2470 2347 2690 2400 tenebat
2726 2346 3029 2402 devinctos.

2020 2433 2311 2489 Tumulum
2359 2436 2479 2505 ejus
2538 2437 2631 2507 qui
2691 2439 2814 2493 vita:
2868 2448 2953 2494 est
3010 2439 3224 2509 praevia!
3290 2439 3531 2495 tulerunt

1954 2524 2211 2580 mulieres
2262 2535 2508 2581 aromata
2556 2529 2622 2581 ad
2675 2529 2985 2599 ungendum
3030 2539 3083 2584 te
3129 2532 3367 2586 divinam
3403 2545 3529 2584 aro-

1954 2626 2158 2673 matum
2213 2616 2596 2688 fragrantiam,
2648 2630 2808 2690 teque
2860 2623 3231 2679 resurrexisse
3280 2622 3531 2678 videntes

1951 2710 2429 2764 concelebraruut.

2019 2798 2146 2853 Dies
2176 2806 2260 2856 est
2308 2802 2659 2871 acceptabilis
2701 2818 2865 2874 quam
2911 2804 3044 2860 fecit
3090 2803 3375 2863 Dominus.
3414 2804 3533 2860 dics

1954 2890 2284 2960 perillustris
2327 2898 2381 2946 et
2428 2892 2821 2962 celeberrima;
2863 2896 3203 2953 exsultemus
3252 2898 3307 2950 in
3354 2911 3438 2962 ea,
3480 2909 3534 2951 et

1954 2981 2361 3036 conclamemus
2403 2999 2418 3036 :
2462 2982 2687 3039 Domine
2722 2984 2956 3053 Christe,
3000 2988 3182 3044 salvos
3221 2987 3308 3042 [ac
3341 3003 3532 3042 servos

1958 3079 2079 3125 tuos
2112 3070 2403 3126 adorantes
2433 3077 2486 3126 te
2515 3072 2570 3127 in
2605 3072 2731 3131 nde.

2026 3162 2327 3219 Purissima
2348 3163 2535 3233 Virgo,
2562 3165 2692 3224 ﬂore
2715 3168 3045 3239 virginitatis
3068 3169 3347 3237 decorata,
3366 3171 3531 3227 Deum

1956 3260 2218 3327 peperisti
2269 3264 2516 3317 omnium
2564 3270 2892 3327 creatorem,
2930 3264 3131 3319 devicti
3179 3265 3543 3336 spoliatorem-

1956 3348 2157 3405 inferni
2215 3352 2690 3423 viviﬁcantemque
2740 3363 2989 3410 mortuos
3037 3362 3185 3410 tuam
3244 3357 3331 3426 pie
3385 3358 3532 3414 cele-

1956 3437 2179 3496 bramus
2212 3435 2695 3499 resurrectionem.

2483 3534 2667 3590 Divisa
2700 3535 2982 3592 dividitur.

2029 3617 2243 3690 Moyses
2300 3629 2607 3689 serpentem
2670 3626 2890 3694 erigens
2947 3625 3199 3696 ﬁguravit
3257 3625 3386 3680 olim
3441 3635 3534 3689 te,

1957 3709 2192 3777 Christe,
2225 3713 2546 3765 crucilixum
2587 3716 2781 3770 :cruci
2831 3716 2975 3771 enim
3030 3716 3222 3773 amxus
3271 3719 3534 3787 aperuisti

1959 3802 2139 3867 nobis,
2172 3802 2444 3873 Salvator,
2470 3805 2712 3878 paradisi
2758 3815 2966 3877 portas,
3001 3817 3056 3861 et
3096 3809 3311 3878 positus
3350 3810 3403 3863 in
3450 3828 3538 3866 se-

1959 3897 2150 3967 pulcro
2184 3905 2244 3951 ttt
2282 3907 2533 3953 mortuus
2568 3909 2812 3955 mortuos
2845 3908 3024 3955 tecum
3070 3917 3301 3971 surgere
3336 3902 3536 3969 fecisti,

1960 3990 2432 4061 depOpulatusque
2463 4005 2523 4047 es
2554 3990 2779 4047 inferos.

2031 4082 2284 4136 Christus
2322 4081 2645 4147 resurrexit,
2676 4084 2882 4153 populi,
2924 4093 3121 4139 cantus
3166 4084 3395 4140 edamus
3442 4085 3538 4140 lae-

1964 4173 2095 4227 titia:
2127 4181 2181 4227 et
2215 4174 2552 4233 exsultemus
2582 4184 2635 4231 et
2669 4175 2971 4243 psallamus
3013 4175 3088 4229 illi
3135 4186 3193 4229 ut
3234 4176 3536 4230 inferorum

1963 4259 2180 4321 victori,
2222 4260 2632 4331 clamemusque
2679 4270 2912 4331 aperte:
2950 4260 3200 4318 Surrexit
3252 4262 3537 4327 Dominus.

1962 4351 2104 4406 diem
2138 4352 2279 4406 hanc
2309 4354 2469 4408 hilari
2494 4354 2679 4408 animo
2709 4355 3068 4410 celebremus.

2034 4444 2271 4501 Laetetur
2308 4445 2491 4501 omnis
2524 4455 2695 4510 terra,
2721 4444 2977 4513 Christus
3018 4447 3320 4502 resurrexit
3348 4463 3538 4503 secum

291 4539 518 4605 ζωώσας
534 4538 661 4602 τοὺς
685 4535 932 4607 νεκρούς·
958 4539 1358 4609 μυροςρὸροιςτε
1383 4539 1465 4591 τόο
1483 4538 1739 4605 Χαίρετε,
1766 4539 1865 4609 βοᾷ
1896 4551 1939 4606 ι)

1896 4551 1939 4606 ι)
1969 4538 2309 4593 resuscitans
2360 4541 2608 4591 mortuos
2648 4550 2967 4606 :apparens
3012 4537 3247 4605 primum
3294 4538 3545 4592 mtdieri.

1969 4630 2069 4683 bus
2098 4644 2218 4698 quae
2245 4629 2488 4683 ferebant
2509 4637 2773 4691 aromata,
2801 4626 2878 4681 ait
2909 4628 3019 4683 illis
3050 4646 3063 4681 :
3095 4627 3361 4693 Gaudete,
3396 4629 3544 4685 festi-

1967 4726 2162 4772 nanter
2192 4718 2458 4773 abeuntes
2499 4731 2675 4772 meam
2718 4716 3041 4772 annuutiate
3076 4720 3542 4775 resurrectionem

1968 4808 2162 4862 amicis
2193 4809 2349 4863 meis.

2041 4898 2236 4965 Salve,
2286 4899 2597 4955 castissima
2658 4897 2852 4968 Virgo,
2913 4899 3170 4969 praedium
3225 4901 3541 4966 Creatoris,

1969 4991 2139 5054 salve,
2168 4991 2419 5060 paradise
2452 4990 2757 5060 spiritualis
2787 4990 3023 5053 Domini.
3047 4994 3272 5057 emlum,
3310 4994 3546 5050 thronus

1968 5090 2024 5136 et
2065 5080 2221 5137 locus
2257 5082 2345 5135 uhi
2380 5080 2608 5136 Creator
2642 5082 2756 5135 lixit
2802 5082 3238 5149 tabernaculum,
3268 5086 3543 5154 spolians-

1968 5187 2076 5242 que
2122 5173 2309 5228 tristes
2363 5172 2570 5227 inferos
2618 5173 2984 5242 expergefeeit
3025 5189 3220 5231 clunes
3262 5177 3350 5232 hic
3419 5178 3549 5233 dor-

1970 5264 2222 5318 mientes.

2180 5354 2314 5409 Cum
2342 5357 2414 5408 sis
2453 5353 2709 5409 Dominus
2741 5365 2789 5410 et
2823 5355 3045 5411 Crantor
3075 5359 3330 5412 omnium.

2040 5446 2269 5500 Crucem
2299 5445 2607 5498 voluntarie
2628 5446 2948 5500 et-convicia
2973 5462 3167 5515 passus
3200 5461 3282 5509 es,
3306 5446 3544 5505 Christe.

1973 5549 2028 5591 ut
2076 5552 2173 5591 uos
2224 5551 2415 5589 omnes
2455 5535 2521 5587 ah
2574 5536 2996 5603 exprobratione
3020 5538 3325 5602 eximeres;
3384 5545 3435 5590 et
3492 5538 3545 5589 iu

1973 5631 2283 5700 sepulcrum
2316 5626 2655 5684 descendisti
2688 5629 2753 5680 ad
2788 5629 3244 5683 resurrectionem
3297 5638 3546 5682 tuorum-

1974 5741 2094 5777 rum
2133 5724 2203 5776 ibi
2234 5723 2594 5791 perditorum,
2628 5733 2797 5786 tuam,
2823 5736 2853 5775 0
2878 5720 3033 5775 valde
3070 5715 3406 5782 misericors.
3432 5720 3552 5779 latt—

1975 5815 2097 5868 tleut
2143 5826 2343 5869 omnes.
2366 5814 2685 5879 potentium.
