4250 6442
247 431 383 493 3925

1652 434 2053 499 TRIODIUM.

3381 437 3526 500 3926

244 540 338 593 καὶ
362 539 601 593 ἀπέλυσε
629 541 751 605 τοὺς
789 542 918 612 πρὶν
937 543 1245 614 δεσμῶτας,
1280 542 1415 614 μετά
1466 541 1652 615 ψυχῆς
1689 562 1821 600 κατ·
1850 544 1903 604 Α

1850 544 2179 609 ADomine,
2236 544 2551 615 liberosque
2615 541 2866 598 evomuit
2929 534 3024 611 qui
3089 540 3249 612 prius
3310 544 3523 601 detine-

249 628 375 684 ιᾱών
406 647 467 685 σε
495 633 554 686 ἐν
581 649 695 698 τοις
725 634 1101 705 καταχθονίοις
1123 635 1428 707 γινόμενον.

316 815 482 886 Μύρα
519 835 601 871 σοι
632 818 868 887 γυναίων
892 818 969 883 ώς
1026 819 1311 891 τεθνηκότι
1360 823 1577 893 κομίζει
1617 825 1776 894 χορός
1811 842 1825 857 ο

245 903 383 957 ἀλλὰ
414 904 617 975 βλέψας
643 923 703 959 σε
729 908 1104 979 ἐγηγερμένον
1126 911 1239 972 τοῖς
1280 911 1447 981 ίεροῖς
1502 909 1829 974 ἀποστόλοις

247 996 536 1067 συνέχαιρε
561 997 803 1064 δοξάζων
833 1014 915 1063 σε,
949 998 1148 1071 Κύριε.

311 1088 504 1156 Ἀγιον
520 1087 714 1156 ἁγίων,
740 1090 1037 1162 ὑπεραγία,
1065 1091 1300 1145 τεκοῦσα
1322 1091 1475 1157 Θεὸν,
1492 1091 1680 1146 τοῦτον
1699 1092 1830 1163 θνή-

245 1179 414 1246 ξαντα
443 1180 765 1245 ἐθελουσίως
816 1182 908 1235 καὶ
948 1183 1011 1235 ἐκ
1040 1182 1250 1255 νεκρῶν
1288 1183 1593 1239 ἀναστάντα
1624 1184 1827 1250 ἰδοῦσα,

245 1272 588 1343 εὐφροσύνης
621 1274 1003 1344 πεπλήρωσαι.

621 1366 686 1417 οι
732 1364 943 1431 παῖδες
990 1366 1063 1419 ἐν
1108 1364 1439 1421 Βαϐυλῶνι.

315 1454 446 1508 Ὀτε
492 1471 559 1506 σε
612 1455 761 1525 ἥλιος
814 1450 920 1509 εἶδε
955 1456 1177 1528 σταυρῷ
1227 1459 1596 1528 κρεμάμενον,
1646 1458 1828 1523 ῚΙ).ιε,

243 1546 561 1617 ἐσκοτίσθη,
607 1548 704 1600 καὶ
761 1548 831 1617 γῆ
894 1547 1189 1617 ἐσαλεύθη,
1247 1550 1341 1602 καὶ
1408 1550 1608 1622 πέτραι
1673 1550 1825 1619 ἐσχί-

246 1638 476 1707 σθησαν,
531 1637 628 1691 καὶ
687 1639 738 1691 οἱ
802 1642 989 1710 νεκροὶ
1044 1639 1349 1712 ἀνέστησαν
1400 1642 1466 1695 ὲκ
1504 1639 1614 1695 τῶν
1643 1643 1829 1713 τάφων

243 1728 539 1798 ὑμνοῦντες
569 1743 651 1783 σε.

315 1820 674 1891 Προσομιλῶν
729 1824 840 1885 τοῖς
885 1823 942 1875 ὲν
992 1822 1091 1895 ᾇδη
1150 1826 1287 1895 μετᾶ
1340 1824 1541 1895 ψυχῆς,
1614 1828 1643 1880 ὁ
1695 1826 1829 1890 Θεὸς

242 1910 400 1982 ἡμῶν
434 1952 448 1974 ,
536 1913 871 1984 συνεγείρεις
956 1916 1183 1986 νεκροὺς
1279 1919 1344 1986 τῇ
1426 1917 1641 1988 ὲγὲραει

242 2008 445 2078 φρικτῇ
491 2024 583 2060 σου
619 2007 1057 2076 κραυγάζοντσς,
1091 2010 1396 2081 Εὐλογητὸς
1441 2006 1526 2076 εἷ,
1575 2009 1746 2082 Κύριε
1798 2011 1826 2064 ὁ

239 2098 396 2159 Θεός.

310 2188 423 2250 Τὰς
482 2188 681 2259 ἀρετάς
735 2189 809 2253 ώς
870 2190 1102 2261 χιτῶνας
1146 2192 1549 2262 άμφιασθῶμεν
1609 2192 1812 2261 ἀστρά-

241 2294 471 2342 πτοντες
492 2283 559 2351 τῇ
598 2282 804 2354 ἡμέρᾳ,
845 2284 1048 2345 πιστοὶ,
1078 2287 1143 2354 τῇ
1194 2284 1289 2338 τοῦ
1323 2284 1536 2354 Πάσχα,
1569 2286 1662 2338 καὶ
1685 2285 1823 2357 λαμ-

242 2372 399 2444 πρῶς
434 2373 811 2442 ὲκόοῆτωμεν·
852 2375 1154 2446 Εὐλογητὸς
1186 2371 1255 2439 εἶ,
1289 2376 1465 2447 Κύριε
1492 2378 1519 2430 ὁ
1549 2377 1702 2441 Θεός.

312 2553 420 2607 Τὸν
452 2555 675 2626 νικητὴν
696 2555 790 2609 τοῦ
822 2556 1056 2612 θανάτου
1092 2558 1187 2611 καὶ
1244 2557 1335 2611 σὸν
1368 2558 1497 2612 Υἰὸν
1553 2560 1650 2612 καὶ
1692 2559 1825 2613 Θεὸν

245 2645 404 2716 ἡμῶν
462 2648 783 2715 κατιδοῦσα,
838 2650 1002 2719 ἁγνὴ,
1075 2650 1373 2721 ἐγερθέντα
1422 2654 1487 2704 ὲκ
1531 2652 1626 2706 τοῦ
1655 2654 1823 2723 τάφου

248 2736 577 2807 ὲκραύγαζεο
613 2740 915 2808 Εὐλογητὸς
945 2735 1013 2805 εἴ,
1052 2740 1223 2812 Κύριε
1255 2742 1283 2793 ὁ
1320 2741 1470 2805 Θεός.

525 2851 742 2918 Νόμων
776 2848 1061 2919 πατρῴων
1088 2853 1140 2905 οι
1175 2854 1557 2921 μακαριστοί.

314 3012 659 3083 Σταυροῦσαι
683 3013 873 3079 θέλων,
908 3015 1244 3086 ύττεράγαθε,
1277 3018 1373 3070 καὶ
1398 3019 1455 3071 ὲν
1486 3018 1659 3087 καινῷ
1688 3036 1825 3088 μνη⁶

249 3105 389 3174 μεὶῳ
427 3106 632 3168 ἄπνους
687 3106 1043 3171 κατάκεισαι,
1102 3110 1200 3161 καὶ
1251 3112 1469 3179 νεκροῖς
1544 3110 1821 3179 ὲμπνὲεις,

245 3196 517 3259 Δέσποτα,
554 3196 719 3267 ζωὴν,
757 3195 869 3269 ζωὴ
920 3198 1202 3269 ὑπάρχων,
1236 3200 1329 3251 καὶ
1360 3199 1697 3271 συνεγείρεις
1743 3202 1825 3253 x6-

1932 634 2135 689 bantur
2158 636 2386 706 captivi,
2415 642 2471 692 te
2508 648 2749 691 cernens
2795 633 2980 689 vivum
3028 632 3173 689 inter
3222 631 3526 691 inferorum

1934 725 2169 783 incolas.

2003 816 2259 874 Mulieres
2290 816 2530 875 atl‘erunt
2561 816 2658 874 tibi
2695 825 2958 887 tanquam
3005 824 3229 872 mortuo
3251 821 3524 884 aromata;

1931 906 2025 963 sed
2078 906 2325 963 videntes
2371 908 2500 979 quia
2547 920 2963 973 resurrexeras,
2994 906 3348 977 congaudent
3400 920 3526 962 cum

1931 1002 2138 1057 sanctis
2168 1002 2456 1072 apostolis.
2492 1002 2872 1073 gloriﬁcantes
2901 1010 2976 1067 te,
3010 999 3267 1057 Domine.

2003 1092 2366 1148 Sanctissima
2434 1089 2627 1162 Virgo,
2685 1106 2808 1162 quae
2870 1089 3137 1145 Sanctum
3198 1096 3524 1146 sanctorum

1932 1185 2190 1256 peperisti
2244 1182 2451 1251 Deum;
2489 1197 2614 1238 eum
2673 1182 2823 1238 hunc
2877 1181 3194 1238 voluntarie
3247 1188 3527 1238 mortuum

1934 1276 2337 1333 essuscitatum
2361 1274 2616 1339 vidisses,
2649 1272 2858 1343 repleta
2888 1287 2949 1329 es
2977 1270 3201 1344 gaudio.

2448 1363 2610 1421 Pueri
2638 1364 2692 1418 in
2722 1363 3011 1435 Babylone.

2002 1456 2096 1512 Sul
2148 1471 2274 1512 cum
2335 1454 2475 1511 vidit
2513 1464 2566 1511 te
2603 1454 2850 1510 divinum
2900 1452 3074 1507 solem
3116 1451 3450 1523 pendentem
3495 1465 3527 1506 a

1931 1548 2101 1618 ligno,
2134 1547 2466 1602 obseuratus
2511 1552 2616 1610 est,
2656 1551 2711 1598 et
2750 1549 3026 1597 commota
3053 1549 3140 1598 est
3176 1549 3321 1597 terra
3350 1550 3410 1597 et
3440 1542 3527 1596 la-

1929 1638 2084 1708 pides
2123 1637 2312 1693 scissa:
2347 1642 2508 1703 sunt,
2557 1643 2613 1691 et
2656 1632 2950 1689 laudantes
2990 1641 3043 1688 te
3071 1632 3277 1688 mortui
3316 1632 3528 1703 egressi

1930 1736 2058 1784 sunt
2089 1744 2120 1786 e
2159 1729 2439 1800 sepulcro,

2002 1821 2076 1879 Te
2115 1837 2241 1877 cum
2283 1822 2466 1876 anima
2498 1818 2852 1890 colloquente
2882 1816 2941 1872 in
2980 1814 3198 1872 inferno
3234 1831 3360 1872 cum
3383 1829 3528 1870 mor-

1740 1919 1806 1987 τῇ
1842 1920 1884 1981 Β
1913 1915 2019 1971 tuis
2050 1913 2447 1985 expergefacis,
2475 1927 2507 1967 o
2538 1911 2684 1967 Deus
2713 1918 2922 1974 noster,
2979 1918 3234 1965 mortuos
3256 1908 3529 1978 stupenda

1929 2018 2022 2065 tua
2077 2009 2507 2075 resurrectione,
2554 2008 2860 2064 clamantes
2917 2025 2931 2061 :
2984 2005 3313 2063 Benedictus
3352 2018 3435 2070 es,
3493 2019 3528 2057 ο

1926 2101 2157 2156 Domine
2194 2099 2357 2156 Deus.

1998 2192 2057 2248 In
2114 2192 2217 2248 hac
2280 2192 2371 2251 die
2424 2189 2734 2258 Paschalis,
2803 2206 2907 2248 nos
2975 2188 3164 2244 ﬁdeles
3212 2186 3521 2243 virtutibus

1927 2281 2445 2338 circumvestiamns
2525 2289 2790 2352 tanquam
2879 2277 3220 2335 indumentis
3306 2276 3526 2347 fulgen-

1928 2373 2073 2427 tibus
2133 2378 2188 2427 ct
2238 2377 2427 2441 aperte
2488 2370 2792 2426 clamemus
2843 2388 2858 2426 :
2902 2367 3236 2424 Benedictus
3277 2381 3359 2433 es,
3421 2366 3527 2421 Do-

1928 2464 2076 2520 mine
2111 2463 2278 2518 Deus.

1996 2555 2160 2612 Casta
2195 2554 2360 2627 Virgo
2388 2571 2513 2612 cum
2554 2555 2783 2612 vidisset
2833 2553 3033 2609 Filium
3073 2552 3196 2623 ejus
3227 2550 3523 2609 Dominum

1927 2656 2177 2704 nostrum
2212 2654 2589 2705 resurrectum
2615 2647 2881 2702 victorem
2923 2644 3121 2701 mortis
3151 2643 3477 2700 exclamavit
3509 2661 3524 2698 :

1926 2739 2255 2796 Benedictus
2285 2757 2370 2803 es,
2402 2739 2631 2795 Domine
2663 2738 2822 2794 Deus.

2034 2855 2234 2928 Legum
2266 2854 2497 2910 Patrum
2536 2870 2756 2928 suorum
2782 2852 3151 2928 observatores
3188 2853 3421 2908 maxime

2578 2924 2861 2977 laudandi.

1999 2995 2232 3070 crucem
2266 3014 2577 3068 voluntarie
2614 3028 2808 3082 passus
2840 3028 2921 3080 es,
2974 3030 3008 3069 ο
3053 3012 3523 3079 clementissime,

1928 3116 1982 3160 et
2025 3107 2240 3175 positus
2276 3105 2329 3158 in
2376 3110 2740 3157 monumento
2787 3118 2933 3158 novo
2980 3111 3233 3160 mortuus
3279 3102 3529 3159 insuﬂlas

1928 3198 2092 3252 vitam
2123 3195 2419 3256 defunctis.
2442 3194 2688 3258 Domine,
2709 3210 2834 3249 cum
2856 3197 2934 3250 sis
2954 3196 3089 3259 vita,
3115 3205 3406 3265 tecumque
3435 3211 3527 3254 as-

249 3304 384 3355 σμον
451 3288 630 3357 ἑαυτῷ
660 3266 663 3267 ν
689 3266 1043 3360 ἐξεγερθεὶς,
1071 3266 1423 3359 νάνυμνοῦντα
1476 3266 1538 3343 τὸ
1583 3266 1595 3271 '
1626 3293 1824 3361 κράτος
1850 3266 1895 3325 c

1850 3266 1895 3325 (ἶ
1929 3303 2157 3358 surgere
2186 3285 2321 3341 facis
2358 3286 2621 3339 mundum
2649 3292 2801 3339 tuam
2829 3301 2953 3339 eum
2985 3295 3225 3341 tremore
3254 3286 3526 3341 extollen-

250 3394 344 3430 σου
406 3379 499 3432 καὶ
550 3379 699 3449 φῦϐῳ
749 3381 1125 3450 μελῳδοῦντα·
1158 3382 1262 3434 Τὸν
1308 3383 1521 3453 Κύριον
1567 3384 1815 3455 ὑμνεῖτε,

254 3467 318 3520 τά
347 3465 504 3535 ἔργα.

331 3556 424 3610 Ἐν
480 3558 778 3628 κατωτάτω
834 3559 1039 3629 λάκκῳ,
1096 3559 1289 3630 Κύριε,
1323 3562 1415 3614 σοῦ
1475 3564 1830 3629 καταϐάντος,

251 3647 401 3701 nisa
454 3646 615 3716 φύσις
673 3649 971 3719 ἀνήνεκται
1003 3649 1109 3703 τῶν
1159 3651 1485 3721 ἀνθρώπων,
1543 3656 1634 3707 καὶ
1676 3655 1832 3708 λελύ-

250 3757 457 3808 τρωται
513 3740 845 3810 καθεῖρξεως
899 3729 1172 3809 ζοφώδους
1264 3743 1639 3812 ὑμνολογοῦσά
1734 3764 1829 3799 σου

249 3830 349 3901 τὴν
409 3830 815 3901 εὐσπλαγχνίαν
893 3834 991 3901 τὴν
1083 3834 1305 3904 πολλὴν,
1345 3836 1439 3887 καὶ
1522 3838 1621 3906 τὴν
1674 3838 1835 3892 ἄπει-

254 3939 347 3993 ρον
397 3923 649 3994 δύναμιν,
707 3925 802 3978 καὶ¹
850 3925 1000 3995 φόϐῳ
1060 3926 1375 3997 μελῳδοῦσα
1412 3946 1426 3959 ·
1464 3929 1568 3982 Τὸν
1633 3931 1837 4004 Κύριον

251 4016 496 4083 ὑμνεῖτε.

324 4106 516 4177 Πάσχα
562 4106 623 4161 τὸ
666 4108 810 4161 θεῖον
858 4109 952 4162 καὶ
1015 4110 1346 4180 σεϐάσμιον,
1417 4113 1610 4183 Πάσχα
1667 4132 1840 4187 σωτη-

252 4198 464 4269 ριῶδες,
488 4199 690 4270 Πάσχα
703 4202 973 4272 μακάριον
1003 4202 1349 4273 ἐορτάτωμεν
1381 4205 1674 4275 γηθὸμενοι
1698 4225 1711 4237 ·
1746 4207 1841 4262 καὶ

252 4288 422 4357 ὕμνον
445 4289 782 4361 εὐχαρίστως
811 4292 888 4364 τῷ
928 4293 1162 4368 ζωοδότῃ
1198 4298 1295 4351 καὶ
1338 4298 1637 4369 καινοποιῷ
1681 4299 1840 4369 ἡμῶν

252 4375 376 4447 θεῷ
426 4376 693 4433 ἐπινίκιον
728 4379 949 4452 ᾅσωμεν
978 4383 1284 4453 συμφώνως
1316 4384 1706 4456 μελῳδοῦντες·
1734 4386 1839 4441 Τὸν

253 4468 462 4536 Κύριον
495 4470 737 4541 ὑμνεῖτε.

1931 3386 2034 3430 tem
2064 3375 2361 3445 potentiam
2393 3391 2405 3427 :
2441 3373 2616 3445 Opera
2664 3373 2901 3441 Domini,
2929 3374 3241 3431 benedieite
3273 3375 3524 3432 Domino.

2002 3551 2079 3607 Te
2117 3552 2506 3615 descendente,
2557 3551 2805 3619 Domine,
2844 3554 2896 3608 in
2953 3554 3137 3609 lacum
3187 3554 3523 3622 inferiorem,

1933 3646 2059 3699 inde
2097 3645 2371 3699 attraxisti
2406 3644 2687 3699 hominum
2724 3652 2976 3699 naturam
3008 3646 3284 3701 detentum
3312 3648 3364 3700 in
3397 3661 3524 3701 car-

1934 3753 2058 3792 cere
2113 3738 2429 3801 tenehroso,
2474 3738 2845 3793 celebrantem
2904 3752 3054 3793 nunc
3088 3738 3522 3794 misericordiam

1935 3842 2082 3883 tuam
2116 3845 2366 3898 magnam
2391 3831 2608 3899 vimque
2637 3826 2902 3907 inﬁnitam
2926 3838 2979 3884 et
3009 3830 3124 3885 haec
3151 3831 3524 3886 modulantem

1937 3934 2059 3974 cum
2096 3928 2375 3976 tremore:
2407 3919 2651 3976 Laudate
2682 3920 2988 3976 Dominum.

2012 4110 2216 4165 Pascha
2249 4108 2495 4162 divinum
2566 4106 2890 4176 praeclarum
2954 4116 3010 4160 et
3064 4106 3511 4174 saluberrimum,

1942 4202 2068 4257 felix
2125 4201 2355 4264 Pascha,
2384 4208 2437 4255 te
2459 4199 2764 4271 gaudentes
2790 4199 3151 4263 celebramus,
3177 4199 3384 4268 tibique
3410 4208 3529 4256 stu-

1940 4292 2242 4362 pendorum
2278 4304 2388 4360 prae
2418 4289 2660 4344 novitate
2683 4289 2949 4359 patratori
2976 4297 3032 4345 et
3065 4303 3094 4343 a
3120 4305 3231 4360 quo
3256 4289 3525 4348 habemus

1940 4384 2144 4448 vivere,
2172 4381 2418 4437 unanimi
2469 4390 2641 4436 cantu
2697 4380 3052 4452 gratitudinis
3094 4381 3359 4453 hymnum
3403 4382 3527 4438 lita-

1943 4492 2066 4532 mus
2099 4476 2386 4531 dicentes:
2419 4472 2665 4529 Laudate
2699 4472 3015 4529 Dominum.

330 4560 526 4662 Χαῖρε,
546 4562 825 4662 πεσόντων
843 4564 1237 4638 ἐπανόρθωσις,
1258 4571 1439 4640 χαῖρε,
1473 4570 1718 4642 κατάρας
1742 4570 1838 4623 λύ-
1873 4602 1919 4662 D

1873 4602 1919 4662 ο
2017 4564 2196 4630 Salve,
2247 4565 2359 4619 Deo
2390 4562 2720 4620 charissima
2761 4562 2948 4636 Virgo,
2993 4573 3140 4621 tues
3177 4580 3368 4621 eorum
3427 4567 3525 4635 qui

255 4665 366 4713 σις,
394 4648 782 4721 θεοχαρίτωτε,
798 4656 1135 4728 χαῖρε,πύλη
1158 4658 1451 4725 άδιὸδευτε,
1467 4661 1643 4730 χαῖρε,
1663 4660 1841 4728 φωτὸς

255 4740 481 4813 νεφέλη,
515 4748 698 4814 χαῖρε,
730 4746 970 4802 τεκοῦσα
997 4749 1189 4821 κόσμῳ
1213 4750 1312 4822 τὴν
1338 4752 1609 4823 σωτήριον
1639 4754 1838 4823 χαράν,

257 4839 435 4906 χαῖρε,
454 4838 528 4906 γῆ
548 4838 1089 4915 άγεώργητε,,χαῖρε,
1107 4843 1359 4915 βοώντων
1385 4846 1586 4916 σκέπη,
1611 4845 1701 4899 τὸν
1727 4846 1841 4901 Κύ-

255 4945 373 4997 ριον
404 4929 649 4999 ὑμνεῖτε.

454 5105 671 5173 Ξενίας
723 5110 1093 5179 Δεσποτικῆς
1132 5112 1229 5165 καὶ
1277 5111 1603 5167 ἀθανάτου.

333 5199 691 5271 Κατέρῤαξας
713 5200 805 5253 τὸν
829 5199 1055 5271 Ἐχθρὶν
1079 5201 1381 5273 ὑψούμενος
1400 5203 1493 5257 ἐπὶ
1510 5203 1687 5271 ξύλου,
1710 5222 1843 5258 κατ-

254 5287 420 5358 ῆλθες
467 5289 528 5342 ὲν
569 5288 649 5365 τῷ
685 5288 787 5361 ᾄδῃ
826 5293 919 5343 καὶ
983 5292 1187 5354 πάντας
1233 5292 1361 5356 τοὺς
1422 5297 1539 5347 ἐκεῖ
1560 5295 1844 5365 δεσμώτας

255 5379 418 5443 ὄντας
448 5379 761 5452 ὲξήγειρας,
790 5383 943 5453 ἰσχὺν
973 5384 1387 5454 άπονεκρώσας,
1419 5385 1580 5454 Λὸγε,
1609 5386 1705 5440 τού
1741 5389 1840 5442 θα·-

259 5470 443 5538 νάτου,
472 5471 567 5525 καὶ
589 5472 789 5542 κράτος
817 5475 884 5544 τῇ
931 5473 1151 5545 ἐξουσία
1187 5492 1303 5529 σου.

330 5567 402 5619 Σὺ
420 5565 662 5629 ἀναστάς
701 5566 801 5633 τὴν
865 5567 1001 5621 Σιὼν
1047 5567 1419 5639 ᾠκτείρησιις.
1452 5572 1705 5639 ξωοόὁτα,
1745 5576 1841 5627 σὺν

263 5653 535 5729 μαθηταῖς
563 5655 798 5727 ήμέραις
822 5656 880 5710 ὲν
921 5657 1163 5711 πλείοσιν
1192 5659 1380 5727 ὀφθείς
1404 5677 1417 5692 ·
1488 5664 1585 5717 κα)⁵
1634 5664 1843 5727 τούτοις

258 5746 711 5818 συιιαυλιζόμενος
737 5749 1028 5822 κηρύττειν
1061 5767 1120 5805 σε
1152 5752 1287 5806 Θεὸν
1318 5757 1394 5818 εἰς
1447 5756 1515 5811 τά
1559 5756 1686 5830 ἔθνη
1759 5759 1841 5811 ἑν·

262 5839 473 5903 ετείλω,
493 5842 586 5897 καὶ
618 5842 834 5899 πάντων
865 5842 1094 5913 Σωτῆρα
1122 5843 1345 5914 Κύριον.

1945 4657 2267 4712 ceciderunt
2320 4656 2677 4718 resurrectio,
2717 4656 3021 4726 redemptio
3048 4671 3080 4711 a
3118 4658 3525 4727 maledictione,

1944 4759 2100 4820 porta
2132 4747 2419 4817 impervia,
2452 4748 2628 4803 nubes
2661 4748 2909 4810 luminis,
2942 4756 3000 4803 tu
3036 4750 3351 4817 parturiens
3378 4759 3525 4805 attu-

1944 4843 2054 4897 listi
2096 4839 2301 4895 mundo
2339 4841 2572 4895 salutem
2621 4840 2965 4896 etlzetitiam.
3012 4838 3195 4906 Salve,
3227 4843 3393 4897 tellus
3438 4842 3525 4895 in-

1942 4933 2329 4999 culta;salve.
2374 4931 2694 5001 praesidium
2743 4932 3101 4987 clamantium
3148 4952 3159 4987 :
3210 4933 3528 4989 Benedicito

1948 5022 2259 5076 Dominum.

1981 5113 2387 5182 Hospitalitatt‘s
2423 5114 2712 5170 Dominij
2744 5124 2791 5168 et
2826 5114 2881 5167 in
2913 5125 3167 5169 azm'mtm
3220 5114 3523 5169 duraturw.

2016 5204 2307 5261 Exaltatus
2347 5208 2399 5260 in
2448 5223 2613 5261 cruce
2659 5207 2936 5275 dirupisti,
2969 5204 3232 5272 Verbum,
3259 5208 3368 5263 vim
3417 5209 3529 5264 ini-

1948 5300 2069 5353 mici
2096 5307 2151 5353 et
2179 5297 2542 5353 descensione
2567 5308 2660 5351 tua
2694 5299 2748 5351 in
2774 5297 3004 5365 inferos,
3032 5313 3226 5353 omnes
3255 5300 3344 5355 hic
3365 5316 3529 5372 agen-

1945 5399 2028 5446 tes
2064 5391 2431 5461 captivitatem
2482 5390 2750 5455 liherasti,
2781 5399 2837 5446 et
2866 5391 3059 5447 mortis
3092 5399 3420 5461 potestatem
3452 5392 3524 5448 ad

1949 5482 2175 5536 nihilum
2205 5482 2423 5552 propria
2460 5483 2666 5539 virtute
2699 5484 2979 5555 redegisti.

2015 5572 2095 5626 Tu
2129 5588 2440 5641 resurgens,
2471 5583 2663 5629 auctor
2690 5576 2834 5640 vitae,
2871 5575 3131 5631 misertus
3148 5590 3209 5631 es
3244 5574 3400 5643 Sion,
3422 5590 3519 5644 per

1944 5664 2255 5732 complures
2284 5663 2402 5719 dies
2434 5664 2586 5719 visus
2613 5680 2672 5719 es
2723 5680 2847 5720 cum
2877 5664 3167 5736 discipulis
3193 5674 3245 5721 et
3274 5663 3522 5720 habitans

1946 5773 2068 5811 cum
2102 5757 2182 5810 eis
2211 5755 2411 5825 quibus
2444 5756 2715 5810 mandasti
2758 5766 2817 5810 ut
2853 5765 2906 5812 te
2935 5758 3077 5827 apud
3109 5772 3300 5812 omnes
3335 5769 3527 5829 gentes

1948 5849 2346 5914 proclamarem
2382 5844 2551 5901 Deum
2583 5849 2937 5917 omniumque
2968 5848 3329 5904 Salvatorcm.
