4250 6442
727 383 862 448 3931

1596 381 1658 440 S.
1683 377 2101 439 SOPHRONII
2140 377 2651 437 PATRIARClIIi
2689 376 3097 437 iIIEllOSOL.

3857 377 4002 440 3932

796 494 940 562 Quid
964 509 1089 551 cum
1121 489 1462 548 aromatibus
1502 488 1751 558 quaeritis
1788 497 1846 540 ut
1890 494 2166 541 mortuum
2205 501 2308 542 au-
2337 490 2385 548 Α

2337 490 2385 548 Α
2484 486 2550 538 Τί
2586 488 2725 556 μετὰ
2758 486 2949 555 μύρων
2979 486 3057 549 ώς
3091 485 3284 556 θνητὸν
3325 486 3413 538 τὸν
3443 485 3712 556 ζωοδότην
3743 486 3991 554 ζητείτω

727 596 938 642 ctorem
987 585 1149 640 vim?
1194 580 1439 639 surrexit
1491 593 1771 633 evacuans
1803 577 2108 640 inferorum
2167 579 2312 644 loca,

728 694 856 733 cum
900 677 1047 732 dulei
1102 673 1244 729 melo
1293 678 1479 727 cantat
1529 669 1860 725 mulieribus
1900 670 2130 740 angelus
2184 685 2315 725 san-

731 780 893 835 ctus.»

804 858 1022 912 Chorus
1075 859 1321 907 aromata
1369 850 1666 906 terentium
1706 852 1760 906 in
1794 852 1899 907 hac
1937 853 2026 909 die
2064 867 2315 909 resurreo

733 949 935 1003 rtionis
983 945 1105 1000 Filii
1142 946 1220 998 tui
1267 942 1576 1012 congaudet
1623 944 1743 1009 tibi,
1784 959 1818 999 ο
1858 942 2029 1001 Mater
2051 945 2148 1001 Dei
2176 946 2317 1000 edit-

731 1055 839 1106 que
879 1037 1081 1091 Letitia:
1107 1046 1301 1091 cantus
1339 1034 1521 1090 omnis
1560 1034 1948 1092 intellectualis
1987 1045 2039 1092 et
2081 1037 2317 1093 visibilis

734 1149 748 1182 t
772 1140 1007 1184 reatura.

844 1218 968 1271 Non
1001 1220 1053 1271 in
1089 1226 1338 1285 conceptu
1369 1210 1540 1271 labem
1572 1224 1790 1285 experta
1820 1205 2204 1285 corruptionis.

806 1310 999 1365 Omnis
1052 1320 1305 1364 creatura
1373 1305 1608 1363 visibilis
1653 1317 1707 1362 et
1766 1307 2061 1363 invisibilis
2113 1307 2317 1366 Christi

736 1401 1206 1455 resurrectionem
1244 1398 1499 1465 nuntiet;
1533 1398 1778 1467 plaudite
1807 1400 2065 1456 manibus
2098 1411 2152 1455 et
2191 1417 2320 1456 ean-

738 1481 885 1555 ticis,
932 1491 1195 1546 Dominus
1233 1491 1537 1546 resurrexit
1583 1490 1858 1544 desertum
1912 1489 2119 1547 faciens
2180 1509 2320 1549 mor-

730 1584 809 1637 tis
852 1584 1137 1652 imperium
1153 1624 1166 1637 .

811 1673 935 1729 Ilaec
985 1684 1069 1729 est
1111 1673 1544 1731 resurrectionis
1604 1673 1726 1730 dies
1759 1689 1932 1745 .quam
1985 1676 2139 1732 solus
2189 1676 2317 1732 fecit

729 1765 1140 1835 Omnipotens;
1191 1767 1532 1822 exsultemus
1580 1768 1634 1821 in
1693 1782 1779 1833 ea,
1824 1769 2069 1823 videntes
2148 1779 2307 1824 natu-

2415 578 2775 649 έξεγήγερται
2806 577 2936 649 ᾅδου
2981 577 3227 640 κενώσας
3268 576 3337 629 τὰ
3386 577 3672 647 βασίλεια,
3714 578 3842 632 ἐϐόα
3878 583 4001 644 ταῖς

2416 668 2664 739 γυναιξὶν
2691 669 2801 724 άπὸ
2826 667 2920 723 τοῦ
2947 668 3120 737 τάφου
3149 667 3407 739 μελῳδῶν
3442 668 3596 735 ἅγιος
3620 668 3875 736 ἄγγελος.

2485 848 2607 904 Τῶν
2636 848 2965 921 μυροφόρων
2991 848 3019 900 ὁ
3050 847 3232 918 χορὸς,
3261 847 3595 918 Θεοκυῆτορ,
3641 849 3708 917 τῇ
3740 846 3834 900 τοῦ
3868 847 4001 901 Υίοῦ

2419 958 2514 996 σου
2580 940 2821 1011 σήμερον
2904 938 3262 1004 ὲξαναστάσει
3319 938 3642 1009 συγχορεύει
3702 954 3785 991 σοι
3809 977 3824 1002 ,
3906 938 4003 991 καὶ

2417 1037 2569 1090 πᾶσα
2598 1036 2632 1105 ὴ
2667 1034 2835 1104 νοητὴ
2856 1032 2954 1086 καὶ
2978 1030 3235 1103 ὁρωμένη
3270 1028 3487 1100 ἀληθῶς
3516 1028 3696 1092 κτίσις
3751 1030 4001 1097 κραυγάσ-

2416 1123 2612 1188 ζουσα.

2588 1214 2684 1281 Mi;
2721 1213 2833 1282 τῆς
2870 1211 3096 1284 φθορᾶς
3124 1210 3439 1278 διαπείρας
3475 1210 3830 1277 κυοφορίαν.

2486 1304 2883 1375 Εὑαγγελίζου,
2908 1306 2942 1374 ἠ
2975 1303 3173 1366 κτίσις,
3209 1299 3448 1370 Χριστοῦ
3473 1300 3575 1368 τὴν
3604 1300 3847 1370 ἔγερσιν,
3878 1302 4001 1364 ὅσος

2416 1398 2693 1472 ὁρώμενος
2730 1398 2935 1468 κόσμος
2967 1414 3027 1449 τε
3049 1397 3146 1450 καὶ
3171 1395 3426 1467 ἀόρατος
3465 1397 3659 1464 χεῖρας
3691 1396 4002 1463 κροτήσατε

2419 1490 2513 1543 καὶ
2539 1489 2778 1560 κράξατε
2806 1487 3114 1558 συμφώνως
3133 1529 3148 1553 ,
3174 1490 3204 1541 ὁ
3233 1485 3434 1557 Κύριος
3495 1487 3698 1554 ἀνέστη
3757 1484 4003 1547 κενώσας

2417 1581 2511 1634 τοῦ
2539 1580 2772 1633 θανάτου
2806 1582 2875 1633 τά
2907 1580 3134 1648 ταμιεῖα
3161 1579 3257 1632 καὶ
3290 1579 3359 1631 τὰ
3380 1578 3643 1648 βασίλεια.

2489 1667 2636 1737 Αὕτη
2656 1669 2805 1719 ἐστὶν
2833 1667 3013 1738 ἡμέρα
3031 1667 3131 1736 τῆς
3149 1668 3502 1731 ἀναστάσεως
3529 1686 3544 1701 ο
3573 1670 3752 1742 ἥνπερ
3781 1673 4006 1741 ἐποίησε

2422 1756 2580 1825 μόνος
2609 1759 2637 1809 ὁ
2667 1756 3105 1826 Παντοδύναμοςο
3137 1756 3311 1827 ταύτῃ
3356 1760 3710 1829 χορεύσωμεν
3731 1806 3743 1826 ,
3769 1765 4007 1833 δρῶντες

735 1874 853 1911 ram
901 1858 1187 1912 hominum
1236 1860 1444 1929 lapsam
1488 1858 1689 1913 factam
1743 1874 1890 1914 nunc
1932 1861 2318 1927 immortalem,
2353 1849 2396 1904 Β

2353 1849 2396 1904 Β
2423 1847 2533 1901 τῶν
2597 1847 2903 1917 ἀνθρώπων
2956 1849 3058 1915 τὴν
3108 1848 3389 1901 ἔκπτωτον
3441 1849 3633 1903 οὐσίαν
3671 1853 4006 1907 ἀπαθανατιο

735 1951 913 2019 prima
946 1962 1269 2020 recuperata
1306 1951 1737 2020 pulchritudine.

805 2039 850 2095 Ο
882 2039 1116 2096 γυυ-ιυ...
1147 2083 1161 2104 ,
1194 2043 1262 2096 de
1316 2043 1525 2097 tumulo
1576 2059 1809 2113 surgens
1863 2053 1984 2115 post
2024 2053 2137 2101 tres
2181 2046 2320 2111 dies,

739 2135 1021 2187 exsuscita
1074 2136 1312 2188 animam
1384 2150 1561 2189 meam
1621 2153 1785 2205 quam
1853 2137 2325 2192 mortilicaverunt

739 2226 940 2280 delicta
997 2242 1139 2291 mea,
1194 2228 1334 2282 lianc
1401 2228 1615 2284 viviﬁca
1665 2238 1719 2285 et
1769 2230 1944 2285 deduc
1994 2231 2049 2285 in
2097 2231 2323 2286 semitas

744 2318 1128 2373 manda'orum
1163 2329 1385 2375 tuorum
1419 2330 1477 2375 ut
1506 2320 1759 2376 extollam
1786 2337 1886 2392 ego
1910 2330 2097 2378 tantus
2128 2323 2206 2377 tui
2230 2323 2324 2378 de-

743 2407 891 2462 bitor
919 2409 1354 2464 misericordiam
1392 2419 1563 2465 tuam.

824 2499 881 2553 In
921 2501 1021 2556 hac
1051 2501 1141 2557 die
1160 2502 1402 2571 paschali
1440 2517 1552 2573 prae
1575 2503 1777 2574 gaudio
1805 2505 2149 2560 exsultemus
2186 2504 2323 2558 hila-

739 2602 941 2659 resque
1003 2579 1198 2647 dcnnis
1252 2591 1463 2664 Virgini
1503 2595 1768 2661 salutem;
1837 2612 1935 2665 per
1987 2597 2129 2650 hanc
2177 2597 2323 2652 enim

740 2696 862 2747 «μιευ
912 2682 1100 2749 genuit
1145 2681 1313 2736 Deum
1343 2684 1435 2753 jus
1467 2683 1651 2753 adepti
1683 2699 1878 2740 sumus
1922 2685 2116 2741 salutis
2154 2692 2209 2737 et
2240 2686 2325 2739 di-

740 2769 882 2824 vina:
907 2770 1357 2828 immortalitatis.

1103 2883 1264 2937 Pueri
1302 2883 1595 2939 Israelitici
1637 2887 1690 2939 in
1732 2887 1971 2955 fornace.

809 2974 993 3031 Cruce
1046 2985 1139 3029 tua
1187 2978 1630 3033 maledictioncm
1673 2980 1875 3036 tollens
1919 2981 2134 3049 positus
2177 2998 2238 3037 es
2272 2984 2325 3037 in

739 3068 999 3137 sepulcro
1035 3077 1089 3123 et
1118 3069 1471 3123 tenebrosum
1518 3070 1713 3125 mortis
1762 3070 2056 3141 imperium
2087 3080 2147 3128 ut
2173 3090 2328 3129 sum-

742 3170 833 3209 me
889 3165 1106 3225 petens,
1169 3155 1412 3220 Christe,
1462 3156 1738 3220 evertisti,
1795 3172 2204 3230 resurgensque
2242 3171 2325 3217 te-

739 3262 866 3301 cum
901 3246 1079 3300 lccisti
1109 3262 1335 3316 surgere
1362 3262 1580 3302 onmem
1612 3256 1922 3304 creaturam
1946 3266 1961 3316 ;
1984 3255 2130 3307 unde
2159 3252 2324 3309 bene-

741 3339 979 3394 dicimns
1012 3349 1064 3393 te
1092 3355 1187 3408 per
1216 3355 1378 3395 omne
1410 3339 1690 3395 smeulmn.

813 3431 952 3486 Cum
988 3433 1040 3485 in
1074 3433 1327 3487 arborem
1365 3433 1549 3488 crucis
1580 3433 1977 3499 conscendisti,
2014 3436 2095 3489 sol
2120 3435 2324 3491 obseu-

746 3532 903 3577 ratus
958 3534 1072 3589 est;
1119 3523 1214 3578 sed
1249 3514 1373 3578 cum
1422 3523 1475 3577 in
1517 3522 1725 3578 inferos
1770 3523 2179 3591 descendisses,
2234 3528 2325 3580 lux

744 3622 841 3667 tua
881 3613 1214 3667 illuminavit
1251 3614 1465 3667 animus
1520 3629 1643 3681 qua:
1677 3613 1941 3683 jacebant
1991 3617 2328 3686 consepultae

746 3705 801 3758 in
842 3704 1035 3759 umbra
1061 3705 1279 3766 mortis.
1316 3704 1458 3759 unde
1482 3704 1773 3761 laudamus
1809 3714 1861 3760 te
1896 3707 1947 3761 in
1979 3716 2271 3763 aeternum.

817 3878 1016 3936 Libera
1048 3896 1155 3944 me,
1181 3881 1423 3945 Christe,
1458 3882 1771 3939 devinctum
1815 3884 2053 3940 vinculis
2082 3894 2330 3955 peccato-

747 3985 869 4024 rum
899 3987 913 4036 ;
944 3970 1032 4026 fac
1068 3972 1249 4025 luceat
1289 3973 1345 4025 in
1380 3972 1564 4025 anima
1609 3989 1728 4027 mea
1772 3976 2217 4045 compunetionis
2247 3979 2331 4030 ln-

751 4075 898 4126 men,
934 4076 967 4115 ο
997 4072 1052 4116 tu
1105 4061 1377 4129 Salvator,
1414 4062 1510 4133 qui
1547 4064 1792 4119 liberasti
1822 4067 2074 4122 homines
2102 4082 2132 4120 a
2177 4075 2329 4122 tene-

751 4151 866 4207 l:ris
892 4153 1112 4207 aeternis
1147 4156 1550 4210 resurrectione
1577 4163 1691 4220 tua,
1724 4171 1890 4227 quam
1923 4157 2212 4213 laudamus
2235 4176 2332 4229 per

748 4257 913 4297 onme
942 4245 1225 4298 saeculum.

821 4352 867 4407 Ο
905 4353 1087 4422 \‘irgo,
1122 4370 1242 4422 qum
1273 4354 1416 4409 inter
1443 4355 1669 4409 brachia
1698 4356 1920 4426 gessisti
1955 4356 2234 4412 Christum
2268 4373 2332 4412 ex

754 4446 1180 4498 teincarnatum
1211 4462 1340 4515 roga
1385 4448 1536 4500 illum
1569 4456 1628 4499 nt
1671 4455 1844 4517 gestet
1860 4457 1914 4503 et
1933 4464 2020 4503 me
2047 4458 2329 4503 errantem

2427 1939 2666 2001 σθεῖσαν.
2692 1941 2784 1993 καὶ
2808 1941 2869 2008 τὸ
2900 1938 3114 2010 πρῶτον
3136 1939 3330 2002 κάλλος
3355 1940 3687 2010 φορέσασαν.

2510 2029 2566 2081 Ὀ
2595 2028 2833 2091 ἀναστάς
2857 2030 2922 2080 ἐκ
2947 2026 3041 2080 τοῦ
3072 2028 3243 2094 τάῳου
3278 2069 3293 2091 ,
3339 2029 3478 2096 Δότε
3508 2071 3522 2094 ,
3576 2032 3878 2101 τριήμερος
3908 2034 4007 2102 τὴν

2423 2117 2787 2187 νεκρωθεῖσαν
2810 2116 2987 2186 ψυχήν
3006 2131 3107 2184 μου
3128 2119 3238 2178 τοῖς
3256 2117 3552 2189 πλημμελὴ
3564 2137 3727 2188 μασιν
3761 2122 3999 2192 ἔγειρον,

2424 2208 2666 2273 ζώωσον,
2690 2207 3020 2260 κατεύθυνον
3051 2208 3427 2280 πρδςτρῖὁους
3449 2210 3558 2263 τῶν
3584 2212 3743 2264 θείων
3773 2214 4009 2266 ἐντολῶν

2426 2317 2557 2365 σου,
2597 2301 2745 2362 ὅπως
2784 2316 2875 2352 σου
2914 2299 3057 2352 κατὰ
3089 2300 3249 2370 χρέος
3300 2301 3590 2368 μεγαλύνω
3635 2302 3735 2372 τὴν
3789 2303 3999 2372 ἀγαθό-

2422 2411 2583 2462 τητα.

2508 2485 2596 2538 Ἐν
2616 2486 2681 2554 τῇ
2712 2483 2808 2537 τοῦ
2852 2484 3045 2555 Πάσχα
3085 2485 3270 2557 ἡμέρᾳ
3325 2486 3571 2558 φαιδρῶς
3630 2487 4009 2558 χορεύσυμεν,

2425 2577 2519 2631 καὶ
2541 2579 2605 2648 τῇ
2638 2577 2901 2648 Παρθένῳ
2928 2577 3006 2643 τὸ,
3030 2578 3232 2649 Χαῖρε,
3250 2578 3523 2649 λαμπρῶς
3542 2578 3846 2649 βοήσωμεν·
3866 2580 4012 2651 αὕτη

2425 2667 2534 2740 γὰρ
2566 2667 2824 2737 πρόξενος
2853 2668 2987 2737 ἡμῖν
3021 2667 3118 2736 τῆς
3145 2668 3419 2738 σωτηρίας
3452 2670 3548 2722 καὶ
3579 2670 3679 2735 τῆς
3709 2670 4016 2733 ἀθανασίας

2426 2757 2645 2826 ἐγένετο
2667 2757 2767 2828 τῆς
2789 2758 2941 2820 θείας
2965 2759 3058 2811 τὸν
3083 2759 3195 2811 τῶν
3219 2758 3356 2813 ὅλων
3378 2759 3514 2812 Θεὸν
3544 2761 3819 2830 κυήσασα.

2769 2869 2874 2922 Ἕν
2904 2871 3133 2938 καμίνῳ
3158 2870 3370 2936 παῖδες
3410 2873 3681 2940 Ἰσραήλ.

2500 2961 2590 3032 Τῷ
2611 2962 2829 3033 σταυρῷ
2852 2979 2947 3015 σου
2967 2962 3135 3025 λύσας
3162 2961 3259 3033 τὴν
3277 2962 3418 3033 ἀράν
3441 2962 3632 3033 ἐτέοης
3657 2966 3714 3016 ὲν
3736 2966 4020 3034 μνημείῳ,

2427 3057 2523 3109 καὶ
2572 3055 2702 3125 ᾆδον
2758 3056 2820 3108 ea
2883 3053 3294 3125 ζοφερώτατον,
3346 3055 3589 3123 Χριστέ,
3647 3056 3723 3118 ὡς
3788 3057 4023 3123 Gevart;

2430 3147 2679 3211 καθεῖλες
2707 3147 2999 3217 βασίλειον,
3050 3149 3142 3201 καὶ
3174 3149 3411 3218 ἀνέστης
3458 3149 3641 3201 πᾶσαν
3685 3149 3785 3219 τὴν
3838 3153 4023 3205 κτίσιν

2433 3239 2617 3309 σαυτῷ
2642 3240 3075 3311 συναναστήσας·
3110 3238 3232 3292 ὅθεν
3267 3254 3328 3291 σε
3380 3237 3661 3308 ύςιύοῦμεν
3687 3242 3767 3302 εἰς
3806 3241 4024 3306 πάντας

2430 3332 2555 3393 τοὺς
2576 3330 2799 3392 αἰῶνας.

2511 3420 2838 3483 Ἀναὸάντος
2870 3437 2961 3473 σου
2984 3422 3041 3473 ἐν
3067 3420 3145 3491 τῷ
3176 3421 3399 3492 σταυρῷ
3421 3424 3447 3474 ὁ
3467 3422 3617 3490 ἣλιος
3645 3422 3907 3492 ἐσϐέσθηο
3940 3426 4025 3489 εἰς

2430 3510 2559 3581 ᾅδου
2609 3511 2666 3563 δὲ
2719 3510 3055 3574 καταϐάντος
3106 3527 3199 3565 σου
3248 3511 3363 3578 φῶς
3399 3511 3609 3581 ἔλαμψε
3651 3511 3854 3582 ψυχαῖς
3881 3554 3896 3575 ,
3962 3516 4027 3567 ἐν

2431 3605 2637 3667 σκότει,
2662 3604 3033 3672 φιλάνθρωπε,
3048 3603 3424 3674 ὑπαρχούσαις
3441 3608 3898 3674 ποιμαινομέναις
3916 3607 4026 3659 ὑπὸ

2432 3694 2631 3766 πικροῦ
2664 3694 2917 3748 θανάτου·
2960 3694 3083 3749 ὅθεν
3119 3712 3180 3749 σε
3207 3694 3487 3765 ύμνοῦμεν
3524 3698 3602 3760 εἰς
3641 3696 3857 3759 πάντας
3891 3700 4026 3761 τοὺς

2430 3785 2600 3838 αἰῶνα
2611 3802 2653 3848 ς.

2503 3884 2627 3935 Δεδε
2638 3902 2665 3952 ρ
2681 3884 2796 3937 έιον
2817 3882 2979 3937 λῦσόν
2996 3900 3086 3952 με,
3104 3884 3149 3936 Χ
3156 3883 3329 3954 ριστὲ,
3353 3886 3559 3953 σειραῖς
3578 3884 4026 3954 ἁμαρτημάτων,

2433 3973 2527 4023 καὶ
2559 3973 2770 4039 λάμψον
2803 3989 2894 4040 μοι
2930 3973 3216 4042 μετανοίας
3239 3972 3390 4026 θείαν
3420 3973 3709 4043 ἑλλαμψιν,
3742 3975 3956 4045 Σῶτερ,
3999 3978 4030 4029 ὁ

2436 4062 2663 4125 σκότους
2696 4064 3005 4133 ῥυσάμενος
3036 4064 3162 4126 τοὺς
3205 4062 3531 4133 ἀνθρώπους
3566 4064 3662 4117 τοῦ
3704 4067 3933 4119 αἰωνίου
3962 4069 4031 4137 τῇ

2436 4158 2526 4224 σῇ,
2554 4155 2777 4227 Χριστὲ,
2801 4156 3043 4226 ἐγέρσει,
3063 4154 3131 4227 ἥν
3147 4156 3552 4227 ύμνολογοῦμεν
3571 4158 3651 4219 εἰς
3669 4158 3881 4221 πάντας
3898 4163 4034 4224 τοὺς

2434 4248 2656 4311 αἰῶνας.

2524 4360 2612 4413 Ἐν
2641 4359 2906 4426 ἀγκάλαις
2943 4359 3187 4429 φέρουσα
3218 4361 3454 4429 Χριστὸν
3485 4363 3550 4415 ἐκ
3607 4360 3703 4415 σοῦ
3750 4378 4036 4430 σώματω-

2438 4450 2617 4515 θέντα,
2656 4451 2921 4521 Παρθένε,
2975 4451 3137 4504 αὐτὸν
3188 4451 3430 4505 δυσώπει
3500 4451 4035 4524 ὲ[να]γκαλίσασθαι

756 4552 855 4608 per
883 4537 1003 4593 vias
1038 4537 1286 4592 diniciles
1322 4539 1487 4605 hujus
1507 4539 1636 4593 vitae
1668 4551 1717 4594 et
1749 4540 1991 4595 millibus
2024 4540 2324 4595 obnoxium
2360 4528 2404 4583 1)

2360 4528 2404 4583 Ῑ)
2435 4544 2602 4612 κάμὲ,
2624 4543 2720 4596 νῦν
2744 4541 3232 4613 περιπλανώμενον
3254 4543 3491 4609 ἀνοδίαις
3515 4544 3719 4607 πάσαις
3745 4542 3845 4595 τοῦ
3882 4544 4032 4614 βίου,

757 4631 999 4701 peccatis
1034 4645 1129 4700 per
1158 4631 1405 4700 singulos
1430 4631 1549 4687 dies
1579 4632 1650 4686 ob
1681 4633 1980 4702 ignaviam.

1178 4832 1329 4887 Casii
1361 4834 1441 4887 tui
1465 4843 1652 4904 parlus
1680 4834 1878 4904 ﬁgura.

830 4946 922 5000 Sol
948 4945 1083 5000 vidit
1104 4958 1154 5001 te
1183 4944 1422 5001 Verbum
1447 4947 1617 5001 solem
1649 4947 1973 5016 impervium
1997 4947 2140 5001 inter
2163 4946 2336 5001 latro-

752 5054 851 5093 nes
877 5037 1224 5103 crucifixum,
1251 5049 1304 5094 et
1323 5038 1656 5094 obscuratus
1679 5046 1795 5104 est;
1832 5049 2048 5093 montes
2079 5049 2131 5092 et
2168 5040 2335 5093 colles

751 5138 807 5180 et
841 5143 991 5182 mare
1027 5138 1300 5183 commota
1333 5137 1489 5194 sunt,
1511 5129 1846 5183 contremuit
1872 5129 2142 5193 infernus,
2172 5130 2333 5185 emit-

753 5229 878 5273 tens
906 5236 1046 5289 quos
1083 5223 1303 5277 tenebat
1332 5224 1579 5292 captivos
1616 5223 1709 5292 qui
1743 5231 1794 5276 te
1820 5221 2120 5277 celebrant.

828 5310 991 5366 Visus
1034 5329 1112 5384 res
1146 5314 1366 5383 quidem
1405 5324 1465 5368 ut
1510 5316 1594 5369 sol
1640 5329 1875 5383 magnus
1907 5315 2096 5369 subter
2129 5322 2332 5369 terram

752 5403 1036 5469 occidens,
1071 5406 1163 5459 sed
1199 5406 1564 5461 exsurrexisli
1585 5421 1690 5460 non
1722 5404 1982 5475 deinceps
2009 5420 2333 5469 occasurus,

760 5496 1030 5563 Salvator,
1053 5513 1116 5550 ex
1148 5499 1383 5552 mortuis
1406 5507 1460 5552 ct
1482 5496 1804 5553 illuminasti
1838 5498 2100 5552 mundum
2125 5514 2141 5563 ;
2172 5506 2223 5552 te.
2252 5498 2337 5553 in-

753 5589 1072 5644 desinenter
1102 5592 1443 5646 extollimus.

832 5688 958 5740 .lesu
1011 5682 1265 5739 Salvator
1314 5694 1491 5739 morte
1534 5691 1628 5738 tua
1656 5692 1885 5739 mortem
1925 5682 2218 5738 destruens
2245 5699 2332 5739 re-

762 5777 1148 5848 suscitansque
1178 5792 1369 5832 omnes
1404 5778 1474 5832 ibi
1512 5778 1762 5835 delentes
1797 5776 1973 5833 clamo
1996 5776 2060 5831 ad
2104 5785 2152 5832 te
2181 5794 2194 5830 :
2230 5776 2336 5832 Fac

2435 4638 2531 4690 καὶ
2565 4634 2872 4703 πταίσμασι
2902 4633 3123 4705 μυρίοις
3151 4636 3507 4688 συναντῶντα
3536 4634 3758 4706 γνώμῃ,
3791 4634 4039 4707 egeam

2436 4726 2556 4791 καθ’
2582 4728 2841 4797 ἑκάστην.

2724 4822 2912 4886 Τύπο(
2947 4818 3057 4888 τῆς
3084 4818 3272 4889 ἁγνῆς
3315 4818 3561 4887 λοχείας
3594 4836 3739 4874 σου.

2509 4935 2648 4988 Ἴδεν
2674 4935 2824 5005 ἥλιος
2854 4933 3260 5004 σταυρούμενον
3286 4935 3452 5002 μέσον
3477 4933 3695 5006 λῃστῶν
3743 4952 3830 5001 σε,
3863 4940 4014 5007 Λὸγε

2438 5030 2593 5082 Ἥλιε
2617 5029 2798 5092 eam,
2822 5029 2916 5081 καὶ
2934 5027 3249 5083 ἐσκὸτασενι
3267 5027 3390 5099 ὅρη,
3417 5027 3594 5097 βουνοί
3621 5043 3682 5079 τε
3701 5031 3798 5080 καί
3822 5030 4010 5085 eam

2440 5138 2508 5175 σα
2560 5122 2953 5193 ἐκλονήθησανο
2984 5121 3119 5193 ᾅδης
3158 5121 3483 5191 ὲτρὸμαξεν,
3521 5120 3783 5192 δεσμίους
3822 5124 4010 5181 ἁπολύ

2440 5231 2537 5278 σας
2573 5214 2783 5286 οὕσπερ
2816 5218 3070 5284 κατεῖχεν
3103 5215 3482 5285 άνυμνοῦντάς
3507 5233 3589 5269 σε.

2513 5308 2725 5377 Ὠρθης
2771 5308 2962 5379 ῶσπερ
3017 5308 3192 5378 μέγας
3239 5311 3391 5378 ἣλιος
3447 5312 3553 5365 ὑπὸ
3608 5314 3711 5383 τὴν
3770 5313 3880 5384 γῆν
3930 5314 4007 5383 μὲ

2437 5402 2619 5465 δύνας,
2655 5402 3003 5465 ἐξανατείλας
3030 5402 3086 5453 δὲ
3122 5402 3336 5466 ἄδυτος,
3360 5403 3567 5474 Σῶτερ,
3596 5408 3659 5458 ἐκ
3676 5406 3789 5459 τῶν
3811 5408 4007 5479 νεκρῶ

2441 5495 2532 5549 καὶ
2564 5493 2938 5563 κατηύγασαςσ
2984 5494 3427 5559 άκαταπαύστως
3471 5495 3875 5568 μεγαλύνομεν.

2515 5682 2699 5752 Σῶτερ
2741 5680 2939 5752 Ἰησοῦ,
2983 5682 3012 5733 ὁ
3065 5679 3297 5734 θάνατον
3344 5681 3422 5751 τῷ
3454 5681 3531 5752 σῷ
3582 5682 3803 5753 θανάτῳ
3837 5685 4038 5752 λύσας,

2443 5774 2814 5846 ἐξαναστήσῃ
2867 5775 2919 5827 δὲ
2983 5764 3186 5838 πάντας
3240 5776 3367 5839 τοὺς
3423 5776 3539 5830 ἐκεῖ
3590 5780 4039 5849 κατεχομένους,
