4250 6442
319 406 459 470 3933

1712 419 2128 485 TlllODIUM.

3424 437 3563 502 393$

315 508 646 581 Ἀνάστησον
675 517 987 569 κατωτὰτισυ
1044 536 1107 588 με
1152 519 1373 585 λάκκου,
1427 523 1723 590 κραυγάζω
1781 540 1883 589 σοι,
1917 535 1957 584 Α

1917 535 1957 584 Α
1993 545 2076 583 me
2106 532 2344 584 solutum
2398 549 2619 605 surgere
2650 550 2678 589 a
2711 537 2984 606 profundo
3032 539 3155 595 lacu
3212 554 3563 610 peccatorum

314 604 502 655 παθῶν
532 605 922 676 θανατηᾳόρων
965 611 1055 661 καὶ
1088 611 1361 680 ἁμαρτίας
1393 612 1847 681 ἐκ>.υτροὺμενος.

379 691 584 748 Ἦλθον
616 700 911 767 μυροφόροι
945 701 1227 753 κλαίουσαι
1250 703 1340 754 ἐπὶ
1365 704 1424 754 τὸ
1451 698 1552 771 μνῆ
1565 721 1637 771 μα
1662 703 1882 773 ὄρθρου,

308 788 401 838 καὶ
430 787 503 857 μὴ
534 788 789 855 εὑροῦσαί
816 806 892 852 σε,
925 791 1030 843 ἴδον
1065 794 1121 843 ὲν
1146 792 1355 855 λευκοῖς
1376 792 1883 864 προσκαθεζόμενον

306 876 554 945 ἄγγελον,
607 880 699 931 καὶ
732 877 960 947 βοῶντα·
1011 881 1247 952 Ἠγέρθη
1290 891 1317 935 ὑ
1350 884 1571 954 Κύςιος,
1612 884 1882 937 σπεύσατε

307 966 642 1032 ἀπαγγεῖλαι
664 970 776 1031 τοῖς
813 971 1081 1039 μαθηταῖς
1104 972 1269 1025 αὐτοῦ
1296 974 1395 1044 τὴν
1423 975 1663 1044 ἔγερσιν.

373 1137 589 1207 Φρίττει
636 1142 786 1193 πᾶσα
848 1143 1046 1210 κτίσις,
1095 1146 1359 1201 Δέσποινα
1396 1191 1411 1214 ,
1444 1150 1525 1209 τὸ,
1564 1152 1704 1223 ὑπὲρ
1758 1153 1882 1207 νοῦν

308 1230 609 1299 μυστήριον
634 1232 732 1299 τῆς
758 1234 973 1303 λοχείας
1004 1254 1116 1291 σου·
1152 1238 1353 1304 τίκτεις
1376 1243 1483 1309 γαρ
1518 1243 1650 1297 Θεὸν
1672 1246 1879 1315 Ἐμμα-

305 1322 483 1389 νουήλ,
522 1326 939 1390 χρηματίσαντα
984 1328 1233 1397 δι’ήμᾶς,
1257 1333 1879 1408 παναμὼμητε,ἆνθρω-

301 1425 422 1468 πον,
448 1413 539 1463 τὸν
568 1413 802 1468 λύσαντα
830 1415 1059 1471 θανάτου
1086 1421 1182 1490 τὴν
1211 1423 1529 1478 δυναστείαν
1554 1425 1629 1495 τῷ
1659 1430 1877 1499 σταυρῷ

300 1519 486 1557 αυτου.

692 1598 801 1650 Ὃν
828 1600 1183 1665 φρίττουσιν
1220 1602 1485 1671 ἄγγελοι.

366 1684 566 1751 Θρηνεῖ
592 1688 737 1739 πᾶσα
774 1690 950 1752 κτίσις
996 1708 1089 1744 σου
1112 1693 1171 1745 τὸ
1203 1695 1394 1758 πάθος,
1425 1698 1619 1765 ἀγαθὲ
1653 1701 1680 1752 ὁ
1724 1702 1873 1769 ἥλιος

299 1776 581 1827 σϐέννυται
616 1778 708 1829 σοῦ
738 1778 989 1843 δῷναντος
1024 1784 1261 1853 σταυρῷ,
1289 1788 1380 1838 καὶ
1411 1789 1455 1839 οἱ
1496 1790 1554 1841 ἐν
1580 1789 1657 1859 τῷ
1686 1792 1871 1845 σκότει

1994 635 2260 674 meorum.

2062 710 2197 764 Cum
2250 711 2375 764 Πιιιιι
2416 724 2684 768 venerunt
2725 732 2884 772 mane
2929 728 3175 775 aromata
3213 721 3454 779 ferentes
3494 727 3561 780 ad

1992 813 2403 857 mouumentmn
2446 818 2496 857 et
2530 823 2634 861 non
2682 808 3024 863 invenientes
3062 820 3134 873 te,
3186 814 3447 867 viderunt
3484 815 3558 869 ibi

1992 892 2265 947 sedentem
2311 897 2562 965 angelum
2614 898 2756 952 albis
2802 899 3051 953 indutum
3085 912 3138 955 et
3178 903 3503 959 clamantem
3539 922 3559 959 :

1991 981 2239 1037 Surrexit
2291 984 2589 1053 Dominus;
2639 988 2967 1046 festinantes
3013 995 3332 1048 aununtiatc
3384 996 3555 1051 disci-

1988 1075 2131 1143 pulis
2154 1076 2273 1144 ejus
2301 1082 2777 1135 resurrectionem.

2059 1166 2271 1234 Stupet,
2300 1183 2332 1221 o
2367 1168 2615 1235 Domina,
2668 1175 2847 1228 omnis
2878 1183 3131 1229 creatura
3167 1191 3330 1245 super
3357 1188 3558 1249 mystc-

1987 1257 2126 1310 rium
2161 1258 2237 1311 tui
2280 1269 2468 1328 partus
2507 1264 2781 1318 mentibus
2822 1266 3027 1319 nostris
3074 1266 3426 1335 impervium,
3462 1284 3557 1336 pa-

1985 1345 2061 1399 ris
2094 1346 2237 1398 enim
2266 1345 2430 1401 Deum
2464 1346 2783 1403 Emmanuel
2816 1354 3177 1420 negotiantem
3212 1362 3433 1423 propter
3458 1371 3557 1409 nos

1983 1434 2050 1489 de
2089 1435 2261 1490 salute
2293 1438 2572 1493 hominum
2605 1447 2657 1494 et
2687 1449 3014 1496 even-tentem
3047 1459 3213 1497 cruce
3259 1459 3355 1499 Sua
3406 1460 3554 1499 mor-

1984 1527 2054 1582 tis
2078 1528 2384 1597 imperium.

2406 1623 2483 1674 Ad
2513 1639 2663 1691 quem
2694 1634 2901 1692 stupent
2931 1626 3126 1693 angeli.

2049 1708 2217 1764 Deilet
2244 1712 2423 1763 omnis
2454 1722 2706 1766 creatura
2740 1717 3046 1781 passionem
3077 1727 3247 1781 tuam,
3273 1733 3305 1771 ο
3335 1732 3551 1771 summe.

1981 1796 2154 1861 bone;
2180 1800 2260 1851 sol
2284 1803 2610 1855 obscuratur
2631 1805 2915 1859 occidente
2946 1814 2999 1857 te
3035 1821 3200 1874 super
3230 1821 3471 1871 erucem,
3494 1814 3549 1859 et

296 1867 683 1938 κτιθεῑργμένοι
728 1872 857 1925 ποτὲ
895 1875 1035 1942 μέγα
1080 1875 1195 1945 φῶς
1216 1878 1417 1947 ὁρῶσιν
1458 1881 1755 1951 ὑμνοῦντες
1789 1901 1868 1949 σε,
1904 1876 1944 1931 Β

1864 1924 1868 1941 .
1904 1876 1944 1931 Β
1974 1890 2067 1958 qui
2106 1890 2491 1945 detinebantur
2524 1893 2575 1947 iu
2607 1895 2846 1949 tenebris
2875 1867 3125 1963 magnam
3168 1896 3425 1951 viderunt
3455 1867 3542 1947 lu-

293 1957 603 2013 οἱκτίονον.

376 2050 706 2119 Ἐτρόμαξεν
729 2053 860 2121 ᾅδης
887 2071 944 2107 σε
974 2054 1097 2109 ἰδὼν
1132 2056 1268 2125 μετὰ
1293 2058 1470 2128 ψυχῆς
1498 2063 1634 2131 πρὸς
1663 2064 1872 2131 τοῦτον,

291 2142 583 2210 γενόμενον
620 2144 820 2213 Χριστὲ
858 2145 1223 2215 παμϐασιλεῦ,
1260 2148 1510 2212 καὶτοὺς
1551 2153 1645 2205 ἀπ’
1681 2154 1875 2217 αίῶνος

288 2233 543 2286 ἀπεδίδου
592 2237 819 2305 νεκροὺς
879 2238 1374 2306 ἀνυμνολογοῦντας
1416 2243 1516 2312 τὴν
1552 2242 1650 2313 σὴν
1680 2244 1870 2312 φιλαν-

291 2324 561 2392 θρωπίαν.

328 2414 669 2485 Ὠράθηςτοῦ
694 2418 997 2487 μνήματος,
1016 2420 1239 2489 Χριστὲ,
1265 2420 1561 2487 ἐξαναστὰς
1580 2425 1873 2495 φερούσαις

290 2506 560 2577 ἀρώματα
590 2511 707 2572 ταῖς
734 2509 904 2573 θείαις
935 2510 1169 2577 γυναιξί·
1190 2512 1285 2564 καὶ
1314 2513 1519 2567 τούτων
1553 2514 1646 2567 τὸν
1676 2516 1873 2585 θρῆνον

293 2601 552 2670 μετεποίη
564 2601 1026 2671 σας,παράκλησις
1051 2603 1535 2675 πάπωνὺπάρχων
1555 2606 1633 2665 εἰς
1645 2607 1867 2671 αίῶνας.

354 2780 557 2833 ’ἰδοῦσα
582 2781 640 2833 ὅν
663 2781 848 2845 ἔτεκες
868 2782 1000 2836 Θεὸν
1033 2784 1098 2836 ὲκ
1121 2783 1229 2837 τῶν
1249 2785 1459 2857 νεκρῶν
1479 2789 1655 2857 χαρᾶς
1679 2788 1871 2860 ὤφθης

291 2869 547 2936 ἔμπλεος,
570 2872 813 2941 Παρθένε
834 2875 1087 2943 Μαριάμ·
1113 2874 1274 2928 αὐτὸν
1289 2872 1380 2929 οὖν
1405 2877 1663 2942 δυσώπει,
1689 2881 1870 2934 πᾶσαν

290 2960 491 3031 λύπην,
520 2961 684 3030 ἁγνὴ,
716 2962 812 3032 τῆς
844 2966 873 3032 ἠ
885 2964 1001 3033 μῶν
1043 2964 1266 3035 καρδίας
1287 2966 1512 3030 τελείως
1539 2967 1860 3038 ἀπαλεῖψαι.

824 3140 946 3209 Τὴν
970 3145 1339 3211 φωτοεςόρον.

370 3250 456 3313 Ὠς
512 3250 757 3303 κατεῖδεν
816 3252 874 3305 ὲν
941 3251 1083 3323 ξύλῳ
1133 3253 1456 3317 ἐθελουσίως
1511 3254 1781 3322 τεθέντα,
1836 3258 1865 3311 δ

287 3342 699 3412 εὖγνωμότατος
742 3344 963 3417 λῃστὴς,
999 3345 1282 3415 Μνήσθητί
1317 3362 1448 3415 μου,
1501 3346 1652 3410 ἐϐόα,
1700 3347 1865 3418 ἡνίκα

285 3434 470 3506 ἔλθῃς,
518 3435 718 3503 Ἰησοῦ,
750 3436 807 3486 ὲν
847 3438 911 3505 τῇ
947 3434 1194 3507 βασιλείᾳ
1218 3454 1333 3501 σου,
1359 3438 1450 3489 καὶ
1468 3438 1659 3505 γέγονε
1690 3455 1866 3508 παρα-

284 3524 463 3577 δείσου
486 3526 727 3597 οἰκήτωρ
757 3526 937 3578 πίστει
968 3525 1107 3598 μόνῃ
1136 3525 1328 3596 ἀληθεῖ
1348 3526 1674 3590 δικαιωθείς.

354 3616 422 3669 Σὲ
450 3618 682 3671 κατιδὼν
716 3616 996 3689 ἐνεκρώθη
1017 3619 1075 3671 ἐν
1094 3620 1205 3681 τοῖς
1233 3618 1682 3690 νεκροῖς,Σῶτερ,
1707 3619 1856 3690 ᾅδηςο

285 3714 379 3764 καὶ
432 3710 683 3763 ἀπεδίδου
745 3710 871 3773 τοὺς
925 3711 1153 3781 νεκροὺς
1210 3709 1301 3772 οὓς
1366 3710 1592 3763 κατέπιε
1649 3711 1859 3772 παλαι,

282 3801 697 3868 δοξολογοῦντάς
734 3818 851 3866 σου,
888 3802 1110 3872 Χριστὲ,
1149 3801 1245 3872 τὴν
1272 3802 1505 3873 ἄρῤητον
1531 3800 1779 3871 δύναμιν,
1803 3802 1864 3855 τὸ

282 3892 451 3958 ἔλεος,
477 3893 576 3963 τὴν
620 3892 820 3963 πολλὴν
866 3894 1267 3963 εὖσπλαγχνίαν
1303 3908 1316 3922 °
1348 3894 1413 3946 δι’
1442 3889 1510 3964 ἧς
1565 3893 1739 3947 σῶσον
1770 3895 1862 3947 καὶ

280 3982 453 4053 ἡμᾶς,
486 3982 864 4052 παμϐασιλεῦ.

349 4069 554 4126 Ἦλθον
584 4073 907 4141 κομίζουσαι
939 4073 1087 4144 μύρα
1131 4074 1224 4127 ἐπὶ
1264 4074 1326 4127 τὸ
1361 4073 1546 4143 μνῆμα
1579 4076 1856 4142 γυναῖκες.

278 4162 376 4216 καὶ
412 4163 725 4216 κατιδοῦσαί
782 4180 863 4229 σε,
895 4164 1119 4235 Χριστὲ,
1152 4167 1215 4216 ἐκ
1270 4164 1483 4234 νεκρῶν
1544 4164 1856 4234 ἐγερθέντα,

278 4255 453 4324 χαρᾶς
524 4253 876 4324 ἐπλήσθησαν
941 4255 1151 4323 πολλῆς
1182 4294 1198 4318 ,
1254 4256 1349 4307 καὶ
1401 4255 1716 4317 ἀποστόλοις
1765 4272 1856 4307 σου

278 4344 619 4413 ἀπήγγειλαν
648 4346 722 4407 ὡς
744 4344 986 4416 ἠγέρθης
1011 4347 1073 4399 ὲκ
1090 4346 1283 4415 τάφου,
1309 4345 1625 4415 συνεγείρας
1653 4347 1857 4417 κόσμον

274 4438 398 4491 ὅλον
427 4438 628 4508 ἑαυτῷ.

493 4532 804 4600 Θηύματος
829 4530 1148 4599 ὑπερφυῶς
1178 4532 1216 4599 ἠ
1248 4532 1634 4600 δροσοϐόλος.

349 4638 589 4691 Θάνατον
619 4638 940 4700 ἐθελουσίως
974 4637 1244 4703 κατεδὲξω
1288 4640 1662 4708 ἁνυψούμενος
1690 4640 1856 4709 σαρκὶ

276 4732 333 4782 ὲν
363 4730 527 4799 ξύλῳ,
573 4730 670 4782 καὶ
720 4729 866 4799 ὀρῶν
921 4746 980 4781 σε
1036 4730 1186 4799 ἧλιος
1238 4731 1575 4799 ἀπεσϐέσθη,
1614 4730 1708 4782 καὶ
1758 4728 1854 4782 τοῦ

275 4818 407 4871 ναοῦ
454 4820 486 4887 ἡ
554 4818 846 4888 φαιδρότης
892 4819 1187 4890 διερῤἀγη,
1246 4821 1643 4889 παντοδύναμε·
1674 4819 1752 4876 διό
1796 4836 1855 4873 σε

277 4909 577 4981 ὑμνοῦμεν,
610 4910 1014 4980 ἀναμέλποντες
1040 4930 1051 4943 ·
1082 4910 1440 4982 Εὐλογείτωὴ
1476 4912 1671 4977 κτίσις.

350 5084 623 5154 Ἐὄλεψαν
652 5088 701 5138 oi
738 5088 795 5140 ὲν
828 5088 958 5157 σκιᾷ
1006 5086 1173 5141 πάλαι
1214 5086 1446 5141 θανάτου
1498 5088 1852 5159 καθεζόμενοι

274 5176 466 5232 ἄδυτον
494 5180 716 5245 φέγγος,
739 5181 794 5230 ὲν
812 5179 992 5241 αὐτοῖς
1010 5196 1125 5245 σου,
1148 5178 1339 5249 Κύριε,
1354 5180 1689 5243 καταϐάντος
1716 5181 1855 5250 μετά

271 5268 472 5338 ψυχῆς·
508 5273 602 5321 καὶ
634 5268 848 5339 δεσμῶν
879 5270 986 5322 τῶν
1018 5273 1250 5324 αἰωνίων
1284 5271 1654 5341 ἀπελύθησαν,
1676 5274 1852 5342 μεγά-

273 5361 380 5423 λως
414 5360 711 5432 ὑμνοῦντές
742 5379 821 5426 σε,
844 5363 936 5414 καὶ
959 5362 1230 5430 λέγοντεςο
1265 5364 1621 5437 Εὐλογείτωή
1651 5368 1848 5432 κτίσις.

346 5535 602 5606 Ὀρθριαι
632 5536 765 5607 πρὸς
788 5537 1148 5607 τδμνημεῖον
1198 5540 1531 5595 ἀπελθοῦσαι
1581 5542 1851 5610 ἐξαστρά-

272 5637 476 5677 πτοντα
505 5625 733 5693 ἄγγελον
754 5620 892 5678 εἶδον
920 5627 977 5678 αἱ
1000 5630 1276 5694 γυναῖκες,
1294 5628 1541 5697 λέγοντα·
1560 5632 1847 5702 Ἑξανέστη

270 5716 299 5767 ό
323 5715 636 5786 Δυτρωτὴς,
671 5716 725 5768 τί
762 5717 852 5769 τὸν
888 5717 1067 5781 ζῶντα
1098 5721 1155 5771 ἐν
1184 5724 1399 5789 νεκροῖς
1426 5722 1504 5775 ἐτι
1531 5723 1846 5791 λογίζεσθες

269 5804 335 5871 ὲέι
351 5805 669 5873 πλησθεῖσαι
693 5810 863 5878 χαρᾶς
886 5808 1244 5869 ἀναϐοῆσατΐ
1268 5812 1569 5879 Εὐλοτεξτω
1595 5816 1625 5884 ἡ
1652 5816 1842 5879 κτῖσις.

1891 3205 1941 3272 C

1979 1995 2120 2045 cem,
2152 1989 2298 2036 tuam
2330 1985 2674 2039 celebrantes
2706 1987 3159 2040 misericordiam.

2047 2073 2421 2128 Tremelactus
2450 2088 2533 2129 est
2573 2076 2821 2130 infernus
2852 2093 2974 2129 cum
3010 2078 3144 2130 vidit
3181 2086 3232 2130 te
3260 2077 3312 2130 in
3357 2076 3542 2130 anima

1978 2166 2311 2232 venientem,
2358 2166 2573 2221 Christe
2619 2183 2709 2221 rex
2770 2169 3138 2237 omnipotens,
3194 2168 3544 2232 restituitque

1975 2273 2163 2313 omnes
2196 2272 2226 2312 a
2250 2260 2449 2315 saeculo
2487 2258 2780 2315 defunctos
2816 2268 2963 2313 tuam
2997 2261 3283 2314 laudantes
3317 2259 3537 2327 pbilan-

1979 2349 2279 2419 tbropiam.

2050 2439 2366 2497 Suscitatus
2401 2458 2431 2497 e
2481 2442 2693 2496 tumulo
2734 2443 2887 2498 visus
2931 2457 2990 2496 es
3024 2457 3051 2494 a
3083 2441 3408 2495 mulieribus
3436 2442 3542 2509 piis

1972 2542 2217 2587 aromata
2263 2533 2586 2597 ferentibus,
2626 2544 2679 2588 et
2711 2534 2763 2587 in
2804 2534 3063 2604 gaudium
3109 2533 3321 2587 vertisti
3358 2533 3539 2585 luctus

1971 2638 2183 2689 earum,
2213 2640 2335 2679 cum
2372 2626 2451 2681 sis
2482 2627 2723 2680 omnium
2758 2626 3061 2680 consolatio
3097 2639 3190 2693 per
3228 2624 3409 2677 omnia
3441 2638 3541 2677 sae-

1971 2716 2116 2771 cula.

2040 2802 2244 2859 Videns
2293 2821 2453 2874 quem
2502 2807 2735 2873 genuisti
2787 2822 2816 2859 a
2868 2808 3100 2861 mortuis
3158 2817 3534 2876 resurgentem

1967 2896 2172 2963 repleta
2205 2912 2264 2950 es
2297 2898 2514 2965 gaudio,
2544 2896 2711 2967 Virgo
2742 2898 2929 2951 Maria.
2964 2897 3110 2965 Roga
3159 2897 3326 2965 igitur
3358 2897 3536 2961 illum,

1969 2984 2342 3053 immaculata,
2380 2996 2438 3040 ιιι
2463 3004 2681 3042 omnem
2721 2989 2931 3041 auferat
2961 2990 3201 3042 dolorem
3224 3003 3250 3039 a
3276 2987 3536 3040 cordibus

1970 3077 2197 3131 nostris.

2376 3168 2507 3233 Quir
2540 3168 2688 3222 nobis
2723 3170 2905 3221 attulit
2937 3170 3123 3223 lucem.

2037 3279 2174 3335 Cum
2220 3280 2353 3334 vidit
2393 3280 2577 3335 Jesum
2611 3281 2915 3334 voluntarie
2962 3279 3179 3333 allixum
3231 3282 3404 3343 cruci,
3435 3280 3535 3335 bo-

1966 3388 2071 3427 nus
2101 3373 2238 3425 latro
2268 3372 2591 3425 exclamavit
2619 3369 2804 3429 :Jesu,
2841 3379 3111 3423 memento
3143 3371 3268 3433 inci,
3292 3386 3415 3424 cum
3449 3388 3535 3421 ve-

1966 3462 2114 3515 neris
2146 3460 2197 3514 in
2224 3477 2447 3530 regnum
2476 3471 2653 3525 tuum,
2682 3470 2736 3513 et
2760 3462 2935 3513 factus
2960 3470 3043 3513 est
3066 3462 3239 3514 incola
3270 3461 3533 3529 paradisi,

1966 3551 2080 3606 sola
2114 3550 2217 3605 ﬁde
2252 3566 2351 3604 sua
2388 3566 2511 3605 vere
2538 3551 2897 3620 justilicatus.

2034 3642 2110 3696 Te
2149 3642 2337 3698 videns
2376 3644 2518 3697 inter
2569 3651 2841 3706 mortuos,
2875 3642 2941 3696 ad
2991 3641 3221 3694 nihilum
3279 3642 3532 3697 redactus

1963 3740 2047 3787 est
2080 3732 2344 3791 infernus.
2398 3731 2746 3801 restituitque
2798 3747 2934 3801 quos
2986 3733 3343 3784 absorbuerat
3388 3746 3533 3783 mor-

1964 3829 2113 3887 tuos,
2136 3828 2284 3873 tuam
2303 3820 2645 3875 celebrantes
2672 3828 2989 3889 potestatem
3020 3828 3073 3873 et
3098 3818 3529 3873 misericordiam

1964 3925 2213 3981 magnam
2248 3925 2344 3981 per
2372 3925 2534 3979 quam
2575 3911 2789 3965 salvare
2815 3926 2915 3963 nos
2942 3910 3187 3979 digneris
3216 3909 3529 3963 dominator

1963 4000 2227 4055 omnium.

2033 4092 2286 4147 Mulieres
2340 4100 2606 4146 venerunt
2674 4091 2739 4145 ad
2818 4099 3231 4144 monumentum
3296 4089 3529 4144 ferentes

1960 4190 2240 4247 aromata;
2271 4181 2516 4236 videntes
2533 4191 2605 4245 te,
2630 4172 2870 4243 Christe,
2900 4195 2929 4233 a
2958 4181 3191 4235 mortuis
3222 4181 3530 4235 surrexisse

1962 4288 2156 4341 magno
2217 4274 2502 4341 completa:
2557 4283 2685 4327 sunt
2745 4274 2969 4341 gaudio,
3028 4273 3529 4340 nuntiaveruutque

1960 4366 2220 4431 apostolis
2250 4366 2374 4434 quia
2419 4381 2515 4434 per
2554 4366 3011 4420 resurrectionem
3048 4373 3195 4419 tuam
3227 4373 3401 4419 totum
3430 4379 3528 4419 ex—

1961 4458 2239 4512 suscitasti
2276 4458 2563 4512 mundum.

2305 4545 2411 4600 Ras
2445 4558 2639 4599 natura
2676 4562 2772 4599 sua
2813 4546 3169 4599 admirabilis.

2028 4639 2085 4692 In
2132 4653 2296 4692 carne
2342 4647 2558 4693 erectus
2589 4654 2755 4705 super
2800 4652 3017 4691 crucem
3059 4646 3287 4690 mortem
3339 4637 3527 4692 subire

1957 4726 2178 4781 voluisti
2211 4725 2356 4793 quod
2388 4725 2579 4779 videns
2611 4726 2692 4779 sol
2723 4725 3053 4779 obscuratus
3085 4733 3168 4777 est
3198 4732 3251 4778 et
3282 4725 3521 4778 scissum

1954 4828 2040 4874 est
2074 4817 2250 4872 velum
2278 4817 2485 4885 templi;
2526 4816 2879 4886 quamobrem
2908 4817 3190 4869 laudamus
3225 4824 3299 4879 te,
3336 4815 3519 4868 omni-

1956 4915 2172 4975 potens,
2205 4906 2440 4959 canticis
2469 4905 2697 4969 nostris,
2740 4904 2920 4959 omnis
2942 4913 3197 4959 creatura
3228 4904 3523 4958 benedicat

1956 4998 2074 5050 tibi.

2025 5088 2129 5154 Qui
2182 5088 2311 5142 olim
2364 5087 2627 5141 sedebant
2683 5089 2735 5141 in
2774 5088 2963 5140 umbra
2996 5087 3188 5141 mortis
3222 5086 3524 5139 inaccessi-

1955 5178 2063 5232 bile
2107 5178 2366 5231 viderunt
2420 5179 2622 5231 lumen.
2674 5178 2806 5232 Cum
2868 5179 3226 5243 descendisti,
3281 5178 3521 5243 Cltt‘istr,

1955 5286 2077 5324 cum
2114 5270 2295 5323 anima
2333 5272 2470 5323 inter
2502 5269 2643 5331 illos,
2668 5285 2733 5322 ex
2760 5270 2992 5323 vinculis
3024 5269 3196 5338 erepti
3222 5279 3521 5324 suntattcr-

1955 5361 2059 5425 nis,
2091 5362 2197 5414 alte
2230 5361 2585 5414 decantantes
2625 5361 2721 5413 tibi
2756 5359 3025 5431 llymuum
3064 5361 3311 5415 dicentes
3340 5379 3353 5414 :
3384 5362 3517 5415 (δηι-

1954 5453 2036 5504 uis
2072 5452 2358 5505 benedicat
2395 5462 2672 5506 creatura.

2022 5542 2177 5595 Mane
2200 5557 2326 5595 cuin
2363 5556 2633 5597 venerunt
2672 5544 2737 5596 ad
2781 5555 3214 5606 monumentum,
3266 5542 3530 5597 viderunt?

1951 5635 2202 5703 angelum
2235 5634 2325 5703 qui
2353 5634 2623 5689 dixiteis:
2652 5634 3279 5689 ltesurrexitLiberator
3311 5645 3520 5701 noster;

1950 5724 2077 5793 quid
2112 5736 2195 5778 est
2229 5727 2373 5794 quod
2407 5727 2587 5779 adhuc
2615 5728 2765 5779 illum
2791 5730 3035 5796 quaeritis
3061 5729 3202 5781 inter
3237 5728 3525 5781 monitos?

1951 5816 2159 5871 Gaudio
2189 5819 2400 5887 rcpletm
2429 5820 2692 5875 clamate:
2724 5818 3013 5877 Benedicat
3041 5828 3218 5878 oumis
3246 5828 3509 5873 erratum-
