4250 6442
222 384 325 445 394
339 384 357 446 1

1630 381 2017 444 TRIODIUM
2029 431 2043 443 .

3357 380 3497 446 3942

223 496 349 555 τοὺς
374 491 786 562 πεπεδημένους
818 491 1033 562 ἐξάγεις
1061 492 1119 545 ἐν
1148 492 1393 563 ἀνδρείᾳ,
1413 494 1447 561 ὴ
1471 490 1690 545 πάντων
1716 509 1821 547 σω-
1846 497 1897 556 Α

1804 522 1821 534 -
1846 497 1897 556 Α
1923 501 2146 556 mortis,
2174 502 2228 547 et
2261 493 2329 547 de
2355 495 2476 562 ejus
2516 492 2747 564 imperio
2771 496 3054 553 devinctos
3082 498 3154 552 ihi
3188 499 3241 551 iu
3272 503 3482 555 l’ortitu-

223 580 410 650 τηρία.

298 669 511 739 Ὠφθης
540 671 652 733 τοῖς
684 672 795 733 σοῖς
840 670 1108 740 μαθηταῖς
1139 672 1196 723 ἐν
1229 669 1441 733 πολλοῖς
1470 670 1807 740 τεκμηρίοις,

222 764 308 833 ἐφ’
334 763 569 834 ἡμέρας,
598 763 906 834 οίκτίρμον,
937 765 1564 835 τεσσαράκοντα,αύτοῖς
1588 765 1805 818 πιστού-

226 872 409 925 μενος,
434 854 674 925 κηρύξαι
706 857 786 919 είς
822 858 1040 911 ἅπαντα
1069 856 1161 909 τὸν
1185 857 1389 926 κόσμον
1416 854 1546 909 Θεδν
1576 857 1810 925 ἐγηγερ-

228 949 289 1017 ,ιέ
296 967 385 1001 νον
393 989 406 1002 .

293 1045 367 1095 Σὺ
402 1039 453 1097 εἴ
484 1045 517 1114 η
553 1043 772 1096 πάντων
808 1042 956 1112 ζωὴ,
990 1042 1056 1097 σὺ
1087 1040 1297 1112 νεκρῶν
1326 1039 1423 1095 xui.
1449 1040 1557 1094 τῶν
1590 1039 1807 1105 ζώντων

222 1136 255 1205 ἡ
292 1135 661 1204 παράκλησις,
691 1134 855 1201 Λόγε,
886 1133 978 1186 καὶ
1006 1133 1152 1203 χαρὰ
1189 1133 1282 1187 καὶ
1311 1132 1590 1203 φωτισμδς
1621 1134 1648 1185 6
1676 1132 1808 1201 λάμ·

219 1228 327 1295 ea;
354 1229 418 1280 ἐκ
450 1226 750 1297 Παρθένου,
779 1225 872 1278 καὶ
910 1226 1148 1287 ἀναστὰς
1179 1225 1243 1277 ἐκ
1275 1224 1447 1292 τάφου
1479 1227 1559 1287 είς
1589 1224 1808 1277 πάντων

223 1337 368 1391 σωτη
379 1320 520 1388 ρίαν.

438 1409 565 1464 Τῶν
602 1409 873 1478 γηγενῶν
912 1410 1001 1473 τίς
1026 1408 1255 1477 ἤκουσε
1280 1408 1580 1473 τοιοῦτσν;

287 1503 346 1556 Ὀ
364 1502 699 1573 σταυρωθεὶς
720 1504 1014 1571 τριήμερος
1039 1502 1294 1571 ἀνέστης,
1312 1500 1494 1563 καθὼς
1519 1503 1801 1569 προεῖπες,

219 1597 284 1649 ἐκ
314 1594 549 1665 νεκρῶν,
585 1595 994 1663 συναναστήσας
1038 1592 1128 1645 τὸν
1177 1595 1381 1662 κόσμον
1415 1596 1478 1660 τῇ
1510 1594 1804 1645 ἀναστάσει

221 1701 346 1737 σου·
389 1686 483 1737 καὶ
514 1684 728 1752 γυναιξὶ
762 1682 1092 1752 μυροφὸροις
1125 1682 1366 1751 πρώταις
1400 1682 1605 1749 ἐφάνης
1636 1682 1804 1750 φθεγ-

221 1776 454 1846 ξάμενος
482 1776 563 1839 τὸ,
584 1774 774 1844 Χαῖρε,
800 1773 1017 1825 πάντων
1040 1773 1184 1843 χαρά
1205 1772 1314 1825 τῶν
1334 1774 1398 1825 ἐκ
1419 1771 1595 1841 ψυχῆς
1620 1788 1679 1824 σε
1706 1788 1800 1824 πο-

217 1867 477 1933 θούντων,
512 1866 783 1920 πολυέλεε.

288 1958 405 2010 Νῦν
431 1960 463 2027 ή
504 1957 678 2027 φθορά
708 1957 1031 2027 ὴφάνισταιο
1064 1953 1297 2023 Χριστὸς
1321 1952 1429 2022 γὰρ
1458 1953 1490 2021 ἡ
1523 1950 1800 2020 ἀφθαρσία

218 2048 314 2102 καὶ
344 2046 460 2117 ζωὴ
492 2049 555 2099 ἐκ
588 2047 695 2099 τῶν
724 2045 935 2117 νεκρῶν
983 2043 1278 2114 ἐξηγέρθη,
1320 2044 1413 2095 καὶ
1462 2039 1799 2104 συναλίζεται

216 2140 332 2199 τοῖς
364 2138 561 2192 ἐαυτοῦ
590 2138 930 2202 ἀποστόλοις,
963 2136 1231 2189 διδάσκων
1261 2134 1486 2194 τούτους
1520 2133 1588 2185 τὰ
1621 2131 1801 2200 κρείτ-

218 2245 346 2281 τονα
377 2230 473 2282 καὶ
502 2228 642 2293 θεῖα,
666 2229 760 2282 καὶ
780 2225 1134 2298 προσφωνῶν·
1154 2224 1292 2276 Ἀπὸ
1313 2222 1577 2294 Ἰεροσολύ
1587 2240 1702 2292 μων
1726 2221 1799 2291 μὴ

219 2315 545 2388 χωρίζεσθε.

290 2408 457 2477 Μύρα
506 2409 634 2460 ποτέ
680 2406 778 2459 σὺν
828 2406 1057 2477 δάκρυσι
1103 2403 1394 2474 φερούσαις
1436 2402 1664 2470 ἄγγελος
1697 2400 1799 2471 ἔφη

218 2499 454 2568 γυναιξὶ,
495 2498 649 2552 Μετᾶ
682 2497 891 2567 νεκρῶν
935 2497 987 2548 τί
1021 2495 1235 2567 ζητεῖτε
1268 2494 1359 2546 τὸν
1388 2493 1596 2557 ζῶντας
1626 2493 1802 2560 Σήμε-

224 2609 316 2662 ρον
349 2590 532 2653 καθὼς
565 2592 828 2661 προεῖπεν
850 2587 1081 2659 ἠγέρθη,
1101 2587 1201 2640 οὐκ
1229 2585 1376 2637 ἐστιν
1404 2578 1526 2645 ὦδε,
1559 2583 1801 2644 κενώσας

220 2683 289 2735 τὰ
322 2684 597 2752 μνημεῖα,
635 2682 730 2735 καὶ
758 2683 867 2743 τοῖς
900 2681 1113 2749 νεκροῖς
1145 2675 1445 2731 ἀθανασίαν
1487 2673 1801 2743 ἐμπνεύσας

221 2775 298 2837 ὼς
327 2774 730 2843 φιλάνθρωπος.

292 2867 389 2919 Ἐκ
411 2866 520 2919 τῶν
536 2863 744 2934 νεκρῶν
768 2862 972 2926 ἰδοῦσα,
992 2860 1243 2923 Θεοτόκε,
1258 2858 1349 2911 τὸν
1368 2858 1457 2910 σὸν
1473 2857 1599 2909 Υίόν
1623 2874 1682 2908 τε
1708 2855 1805 2909 καὶ
1860 2890 1861 2893 η

220 2958 392 3020 Θεὸν,
440 2954 849 3025 ἐγηγερμένον,
891 2951 1169 3021 ἐπλήσθης
1220 2951 1394 3018 χαρᾶς
1421 2987 1436 3014 ,
1484 2948 1804 3019 ὑπάρχουσα

223 3053 443 3103 πάντων
480 3047 627 3100 αἰτία
657 3048 832 3116 χαρᾶς
864 3061 923 3096 τε
952 3043 1045 3096 καὶ
1073 3043 1411 3111 εὐφροσύνης
1432 3057 1447 3071 ·
1479 3039 1559 3092 διό
1584 3057 1641 3092 σε
1672 3057 1805 3109 χαρ-

226 3138 476 3207 μοσύνως
513 3137 661 3189 πᾶσα
683 3135 831 3204 ψυχὴ
866 3132 1154 3203 ὑμνολογεῖ
1184 3129 1280 3183 καὶ
1304 3127 1537 3193 δοξάζει,
1558 3129 1806 3200 ’Δειπάρ-

223 3232 363 3283 θενε.

344 3319 717 3386 Ἐξὴνθησεν
743 3318 783 3386 ἡ
808 3315 1027 3384 ἔρημος
1063 3314 1206 3368 ὡσεί
1246 3311 1472 3381 κρῖνον,
1502 3314 1700 3379 Κύριε.

304 3411 370 3464 Ἦ
416 3411 592 3473 κτίσις
638 3406 919 3477 θεωροῦσα
961 3420 1019 3458 σε
1054 3405 1149 3457 ἐπὶ
1183 3403 1341 3468 ξύλου
1373 3403 1647 3472 πάσχοντα
1689 3402 1807 3455 ἐθε-

222 3504 475 3567 λουσίως,
507 3502 772 3561 Δέσποτα,
800 3495 1070 3568 ⁴ίγλλοιώθη
1092 3498 1187 3549 καὶ
1215 3494 1559 3565 ἐκυμαίνετο,
1593 3494 1685 3547 καὶ
1715 3510 1805 3547 νε-

222 3595 348 3666 κροὶ
377 3595 441 3646 ἐκ
469 3592 576 3646 τῶν
608 3592 798 3659 τάφων
827 3587 1195 3652 ἐξανίσταντο.

295 3685 591 3753 Γενόμενον
625 3685 682 3734 ἐν
715 3680 812 3752 ᾅδῃ
849 3696 929 3745 σε,
976 3677 1211 3741 ζωοδότα
1232 3676 1426 3748 Κύριε,
1462 3677 1600 3747 μετὰ
1628 3674 1803 3746 ψυχῆς

219 3772 299 3835 ὡς
333 3771 561 3840 ἔϐλεψεν
606 3772 635 3823 6
669 3767 969 3839 παμφάγος
1019 3764 1247 3826 θάνατος
1274 3763 1525 3834 ἔπτηξεν,
1555 3764 1804 3818 ἀπολύων

217 3862 511 3933 δεσμώτας
538 3861 633 3923 οὓς
660 3861 940 3914 κατέπιεν.

294 3954 574 4024 Ἐπλήσθη
612 3953 763 4005 πᾶσα
788 3951 966 4013 κτίσις
996 3952 1192 4020 χαρᾶς,
1221 3949 1504 4019 οίκτίρμον
1528 3947 1721 4019 Κύριε,
1746 3948 1803 4001 ἐν

221 4047 434 4117 νεκρῶν
468 4046 686 4114 ἐγέρσει
721 4060 814 4097 σου
842 4056 855 4071 ⁶
886 4044 944 4096 ἐν
969 4044 1076 4113 γὰρ
1104 4044 1277 4112 ταύτῃ
1318 4043 1521 4110 κόσμον
1552 4041 1803 4109 συνήγει-

227 4157 347 4202 auc,
375 4137 623 4192 καθελὼν
652 4135 748 4188 τοῦ
776 4134 1006 4189 θανάτου
1033 4136 1100 4189 τὰ
1133 4134 1399 4204 βασίλεια.

304 4226 576 4295 Ῥομῳαία
598 4222 695 4295 τὴν
715 4222 896 4292 ψυχήν
927 4238 1041 4282 σου,
1070 4221 1254 4294 Ἀγνὴ,
1284 4220 1519 4292 διῆλθεν,
1543 4220 1799 4289 άχραντε,

214 4318 310 4371 ὅτε
341 4316 577 4384 Χριστὸν
607 4313 1011 4386 σταυρούμενον
1038 4312 1272 4368 ἐθεάσω⁸
1308 4314 1481 4383 χαρᾶς
1526 4311 1801 4383 ἐπλήσθης

217 4408 277 4462 δὲ
308 4406 603 4478 ἐγερθέντα
630 4407 693 4459 ἐκ
721 4405 896 4473 τάφου
930 4403 1117 4459 τοῦτον
1147 4403 1412 4474 βλέψασα.

414 4495 705 4565 ,Κόμινὸς
741 4512 885 4550 ποτε
920 4495 1111 4564 πυρὸς
1149 4496 1219 4549 ἐν
1255 4495 1586 4551 Βαϐυλῶνι.

291 4588 561 4659 Θνήσκεις
599 4588 656 4639 ἐν
690 4586 907 4657 σταυρῴ
954 4586 1067 4658 ζωὴ
1122 4587 1381 4658 ὑπάρχων
1412 4587 1665 4653 πάντων,
1702 4588 1798 4641 καὶ

216 4678 294 4740 ὡς
329 4677 524 4747 νεκρὸς
554 4677 757 4739 ἄπνους
785 4677 845 4729 ἐν
888 4676 1133 4745 μνήματι
1177 4675 1391 4745 ἐτέθης,
1441 4677 1757 4747 μακρόθυμε
1779 4693 1795 4709 .

219 4770 318 4823 καὶ
363 4769 667 4839 τριήμερος
714 4767 1015 4836 ἐγήγερσαι
1053 4768 1133 4829 εἰς
1166 4765 1371 4837 κόσμου
1405 4766 1754 4831 ἐξανάστασιν
1779 4785 1794 4800 ο

219 4860 344 4914 ὅθεν
366 4860 426 4911 ἐν
461 4856 772 4928 εὐφροσύνῃ
798 4856 1182 4926 δοξολογοῢμεν
1204 4858 1266 4910 τὸ
1296 4857 1495 4929 κράτος
1524 4875 1638 4911 σου.

296 4946 539 4999 Ἤκουσε
573 4942 712 4996 Σιὼν
756 4944 855 5013 τὴν
890 4942 1110 5016 ἔγερσιν
1144 4946 1375 5016 Κυρίου,
1402 4945 1497 4998 καὶ
1531 4946 1801 5017 εὐφροσύο

221 5050 319 5106 γης
348 5032 444 5087 νῦν
478 5032 871 5103 πεπλήρωται’
908 5031 1204 5104 θυγατέρες
1234 5033 1437 5105 ταύτης
1480 5035 1537 5088 δὲ
1585 5053 1800 5107 προφα-

222 5125 329 5189 νῶς
350 5123 771 5193 ἡγαλλιάσαντο,
795 5124 889 5177 καὶ
915 5124 1182 5194 μαθηταῖς
1207 5125 1500 5195 ἐκήρυττον
1523 5126 1795 5194 λέγουσαν

220 5216 314 5287 Μὴ
344 5214 621 5281 λυπεῖσθε,
647 5216 676 5267 6
703 5213 966 5285 ξωοδότης
997 5216 1313 5286 ἐγήγερται.

294 5307 552 5379 Ὄρθριαι
576 5307 781 5379 σπουδῇ
802 5308 1091 5376 γενόμεναι
1117 5310 1373 5376 γυναῖκες
1400 5308 1489 5362 ἐπὶ
1520 5309 1610 5362 τὸν
1630 5309 1800 5378 τάφον

223 5400 613 5472 παρεγένοντο,
643 5401 738 5452 καὶ
763 5399 911 5453 ἔνδον
938 5400 1309 5471 προκύψασαι,
1336 5402 1394 5455 ἐν
1415 5401 1625 5465 λευκοῖς
1649 5403 1801 5455 ἔϐλε-

220 5493 330 5565 ψαν
362 5490 597 5561 ἄγγελον
616 5507 631 5522 ο
664 5491 761 5545 καὶ
792 5491 942 5562 φέδῳ
965 5493 1550 5563 συνεχόμεναιήκουον·
1578 5495 1670 5564 Μὴ
1704 5511 1801 5562 φο·

220 5582 428 5650 ὁεῖσθε,
458 5582 628 5646 ὅντως
655 5581 856 5653 ἀνέστη
884 5583 915 5634 6
953 5583 1176 5653 Κύριος.

280 5756 361 5844 .Σὶ
417 5756 517 5829 τὴν
566 5759 835 5831 φωτεινὴν
862 5760 1091 5830 νεφέλην
1114 5761 1207 5814 τοῦ
1243 5761 1395 5831 ἥλιον
1443 5762 1535 5817 τοῦ
1583 5762 1795 5834 νοητοῦ,

1913 582 2040 637 dine
2063 590 2155 637 tua
2189 584 2453 648 eduxisti,
2479 600 2512 638 ο
2547 589 2700 660 salus
2729 591 2994 644 omnium.

1982 674 2146 731 Visus
2175 691 2232 730 es
2263 677 2552 746 discipulis
2599 680 2708 731 tuis
2742 681 3172 736 misericorditer
3214 698 3490 752 apparens

1910 765 1991 821 eis
2050 767 2102 819 iu
2158 767 2346 821 multis
2400 770 2708 835 augmentis
2760 784 2856 837 per
2903 770 3019 825 dies
3075 773 3487 844 quadraginta,

1910 855 2197 909 hortantes
2237 872 2332 911 eos
2370 858 2436 910 ad
2484 859 2923 914 annuntiandum
2957 876 3053 930 per
3082 876 3297 917 omnem
3330 879 3487 918 mun-

1910 946 2038 999 dum
2067 947 2524 1001 resurrectionem
2559 956 2732 1003 tuam.

1981 1036 2060 1090 Tu
2106 1053 2188 1097 es.
2232 1036 2490 1105 Verbum,
2527 1042 2771 1093 ouinium
2801 1040 2934 1107 vita,
2983 1044 3288 1097 consolatio
3329 1044 3485 1100 vivo-

1910 1143 2025 1180 rum
2058 1137 2112 1181 et
2152 1136 2495 1183 mortuorum
2532 1141 2583 1185 et
2610 1132 2872 1201 jubilatio
2902 1142 2956 1187 et
2985 1133 3074 1187 lux
3103 1136 3263 1188 nobis
3299 1148 3489 1192 exorta

1907 1232 1966 1271 es
1994 1219 2061 1273 de
2092 1219 2314 1291 Virgine
2362 1229 2415 1273 et
2464 1237 2561 1291 pro
2596 1224 2841 1278 omnium
2898 1227 3075 1280 salute
3122 1230 3409 1282 surrexisti
3459 1246 3491 1285 e

1908 1311 2140 1361 tumulo.

2118 1399 2247 1465 Quis
2286 1402 2587 1455 mortalium
2622 1421 2852 1473 unquam
2879 1407 3079 1459 audivit
3129 1411 3252 1463 tale.

1976 1486 2284 1543 Cruciﬁxus
2308 1504 2337 1541 a
2381 1494 2612 1545 mortuis
2636 1495 2990 1549 resnrrexisti
3021 1498 3178 1550 tertia
3210 1498 3318 1561 die,
3346 1500 3487 1554 sicut

1908 1578 2371 1646 pranlixeras,sic
2434 1583 2697 1635 mundum
2765 1588 3099 1640 resnscitans
3152 1603 3214 1640 ac
3250 1588 3483 1656 primum

1906 1670 2202 1738 apparuisti
2233 1673 2558 1727 mulieribus
2610 1687 2856 1730 aromata
2891 1676 3213 1741 ferentibus,
3251 1682 3482 1734 salutem

1904 1761 2041 1814 dans
2080 1761 2208 1824 illis,
2242 1771 2297 1815 tu
2330 1765 2421 1832 qui
2464 1780 2523 1820 es
2548 1766 2701 1821 valde
2735 1768 3077 1832 misericors,
3104 1772 3359 1840 gaudium
3392 1788 3487 1826 eo-

1836 1856 1877 1910 B
1907 1866 2025 1903 rum
2049 1851 2142 1919 qui
2192 1860 2243 1905 te
2282 1862 2396 1906 toto
2427 1855 2661 1925 diligunt
2695 1858 2882 1914 corde.

1974 1941 2129 1995 Nune
2153 1943 2365 1995 suhlata
2397 1947 2801 2016 csteorruptio;
2825 1948 3233 2003 Christusenitn
3262 1948 3487 2004 immor-

1903 2031 2086 2084 talitas
2106 2039 2158 2084 et
2183 2035 2288 2084 vita
2316 2036 2555 2088 surrexit
2581 2050 2609 2087 a
2644 2036 2898 2099 mortuis,
2931 2046 2985 2091 et
3010 2052 3150 2107 quos
3183 2052 3484 2106 congrega-

1900 2124 1976 2173 vit
2006 2124 2306 2192 discipulos
2326 2128 2551 2179 meliora
2588 2134 2643 2180 et
2671 2128 2918 2182 emlcstia
2948 2129 3107 2184 docet
3139 2129 3483 2199 injungitque

1898 2213 1978 2267 eis
2012 2230 2080 2267 ne
2112 2216 2179 2268 ab
2216 2213 2613 2287 Hierosolymis
2642 2218 3018 2274 discederent.

1968 2408 2107 2463 Olim
2128 2411 2516 2480 Angelusdixit
2536 2415 2837 2471 ferentibus
2860 2426 3101 2470 aromata
3128 2420 3480 2473 mulieribus:

1901 2500 1980 2553 Ad
2010 2502 2137 2570 quid
2175 2504 2313 2558 inter
2350 2516 2593 2560 mortuos
2613 2509 2856 2575 qmerilis
2892 2510 3199 2564 viventem?
3226 2510 3482 2566 Christus

1904 2608 2007 2646 non
2027 2605 2110 2648 est
2138 2596 2267 2660 hic;
2306 2596 2489 2662 hodie,
2519 2600 2657 2653 sicut
2682 2600 3028 2668 praedixerat,
3062 2604 3323 2667 surrexit,
3353 2618 3482 2657 eva-

1902 2698 2071 2737 cuaus
2102 2687 2439 2752 sepulcrum,
2487 2689 2718 2742 mortuis
2770 2690 3055 2746 insulﬂans
3085 2700 3268 2760 utpote
3297 2702 3482 2748 noster

1904 2788 2115 2839 amans,
2153 2777 2647 2831 immortalitatem.

1974 2863 2174 2919 Videas
2194 2866 2283 2921 Dei
2306 2868 2495 2934 Mater,
2524 2862 2715 2923 Filium
2743 2880 2894 2925 tuum
2915 2881 2969 2927 et
2992 2872 3156 2927 Deum
3176 2876 3483 2931 surrexisse

1904 2969 1933 3007 a
1964 2958 2215 3021 mortuis,
2247 2959 2453 3027 repleta
2500 2976 2558 3014 es
2588 2963 2814 3030 gaudio,
2842 2978 2965 3017 cum
2992 2964 3071 3018 sis
3105 2964 3303 3020 lauitia-
3330 2968 3484 3019 volu-

1908 3048 2175 3116 ptatisque
2203 3059 2403 3103 nostrae
2432 3066 2618 3116 causa,
2645 3054 2868 3117 idcirco,
2888 3069 2919 3107 ο
2945 3071 3161 3124 semper
3196 3055 3382 3127 Virgo,
3415 3058 3483 3112 ab

1907 3140 2055 3192 onmi
2106 3142 2321 3195 vivente
2357 3144 2590 3213 hymnos
2647 3144 2701 3198 in
2736 3146 2816 3199 tui
2854 3149 3118 3201 honorem
3166 3148 3484 3205 decantanti

1909 3232 2255 3302 gloriticaris.

2253 3325 2492 3394 Eﬂloruit
2515 3330 2647 3381 sicut
2685 3329 2855 3383 lilium
2884 3331 2938 3382 in
2968 3330 3198 3384 deserto.

1978 3412 2242 3469 Creatura
2261 3431 2492 3471 cernens
2528 3429 2599 3480 te,
2632 3420 2881 3486 Domine,
2931 3424 3242 3478 voluntarie
3272 3426 3484 3493 patien-

1910 3514 2014 3558 tem
2048 3507 2100 3559 iu
2133 3522 2295 3561 cruce
2330 3547 2343 3571 ,
2373 3508 2657 3562 immutata
2699 3511 2799 3565 fuit
2837 3522 2890 3566 et
2940 3513 3165 3582 agitata,
3199 3524 3253 3568 et
3278 3516 3481 3571 mortui

1906 3596 2113 3665 egressi
2167 3608 2293 3651 sunt
2324 3614 2352 3652 e
2381 3601 2672 3669 sepulcris.

1979 3684 2174 3742 Omnia
2224 3689 2528 3747 absorbens
2578 3707 2728 3747 mors
2764 3696 3057 3751 conterrita
3087 3706 3172 3752 est
3209 3697 3392 3752 statim
3423 3704 3483 3751 ut

1905 3779 2120 3848 aspexit
2164 3789 2215 3834 te
2247 3781 2371 3835 vitae
2423 3780 2667 3836 datorem
2692 3798 2815 3837 cum
2863 3786 3045 3839 anima
3084 3789 3392 3843 vcnientem
3424 3789 3481 3842 in

1904 3864 2202 3931 infernum,
2230 3868 2521 3938 emisitque
2551 3885 2691 3939 quos
2723 3882 3009 3927 voraverat
3043 3877 3312 3945 captivos.

1974 3954 2332 4012 RtisurreCtio
2360 3967 2448 4012 tua
2466 3975 2533 4015 ex
2547 3964 2800 4028 mortuis,
2833 3965 3150 4022 misericors
3169 3967 3330 4035 Dens,
3359 3984 3446 4022 om
3462 3999 3481 4011 -

1904 4063 2029 4102 nem
2077 4048 2322 4117 implevit
2364 4059 2673 4107 creaturam
2727 4055 2934 4121 laetitia,
2977 4057 3030 4112 in
3066 4060 3169 4115 hac
3208 4062 3351 4115 enim
3391 4061 3483 4118 die

1903 4139 2243 4196 resuscitasti
2276 4142 2539 4197 mundum
2569 4145 2763 4202 mortis
2802 4148 3095 4205 destruens
3128 4152 3436 4221 imperium.

1969 4228 2195 4283 Gladius
2220 4229 2616 4288 oimmaculata
2647 4241 2799 4289 tuum
2829 4239 3182 4306 pertransivit
3204 4240 3475 4308 animam,

1902 4329 2025 4370 cum
2086 4316 2269 4371 vidisti
2318 4318 2596 4374 Christum
2645 4323 2794 4378 cruci
2848 4324 3097 4393 atlixum;
3133 4329 3228 4383 sed
3274 4327 3475 4399 gaudio

1901 4407 2123 4478 impleta
2153 4424 2234 4473 es,
2267 4411 2385 4465 viso
2411 4410 2506 4467 illo
2536 4427 2566 4468 e
2601 4415 2811 4470 tumulo
2837 4426 3119 4487 surgente.

2116 4496 2366 4553 Cominus
2396 4501 2533 4570 ignis
2566 4502 2691 4555 olim
2726 4505 2778 4556 in
2806 4504 3093 4575 Babylone.

1968 4586 2091 4642 Vita
2120 4589 2364 4643 omnium
2424 4592 2658 4647 moreris
2693 4594 2748 4647 in
2805 4609 2995 4660 cruce,
3045 4604 3099 4652 et
3146 4599 3357 4668 positus
3410 4616 3477 4654 es

1900 4686 1957 4731 ut
1984 4686 2230 4733 mortuus
2262 4680 2471 4748 absque
2527 4681 2700 4735 halitu
2752 4683 2807 4736 in
2866 4685 3143 4753 sepulcro,
3179 4684 3319 4741 Deus
3350 4686 3473 4740 Ion-

1898 4768 2154 4837 ganimis,
2194 4778 2248 4822 et
2287 4770 2444 4823 tertia
2488 4770 2601 4836 die,
2637 4780 2696 4824 ut
2728 4781 3043 4842 resurgeret
3084 4775 3339 4832 mundus.
3375 4794 3462 4829 rc-

1900 4863 2195 4917 surrcxisti
2235 4881 2247 4917 :
2292 4863 2411 4918 ideo
2446 4873 2596 4918 tuam
2628 4865 2736 4920 lzeti
2770 4867 3111 4923 celebramus
3151 4868 3472 4937 potentiam.

1969 4952 2190 5006 Audivit
2213 4951 2345 5009 Sion
2378 4955 2504 5025 quia
2526 4957 2823 5011 resurrexit
2846 4957 3135 5024 Dominus,
3162 4966 3216 5011 et
3242 4974 3467 5028 supera-

1900 5042 2103 5098 bundat
2133 5060 2281 5099 nunc
2310 5046 2507 5115 gaudio
2539 5064 2552 5111 ;
2593 5047 2714 5101 tilia:
2744 5049 2865 5117 ejus
2898 5057 3083 5117 aperte
3125 5049 3316 5103 laetata:
3344 5056 3473 5104 sunt

1902 5133 2398 5205 nuntiaveruntque
2436 5137 2750 5208 discipulis,
2782 5141 3032 5195 dicentes
3072 5157 3086 5195 :
3116 5137 3297 5196 Nolite
3329 5155 3470 5196 con-

1900 5223 2133 5288 tristari,
2166 5224 2432 5280 Dominus
2462 5228 2583 5282 vita:
2613 5230 2944 5285 resurrexit.

1970 5312 2316 5371 Festinantes
2366 5328 2635 5372 venerunt
2685 5334 2845 5374 mane
2882 5319 3136 5376 mulieres
3170 5322 3239 5377 ad
3269 5336 3469 5380 manu.

1899 5411 2142 5457 mentum
2164 5413 2219 5459 et
2250 5405 2584 5461 inclinantes
2616 5423 2675 5462 se
2716 5418 2772 5461 ut
2814 5408 3063 5464 viderent
3094 5410 3261 5473 intus,
3282 5412 3470 5484 Ange-

1897 5495 2010 5548 lum
2041 5507 2450 5565 conspexerunt
2493 5499 2633 5553 albis
2669 5501 2925 5554 vestitum
2957 5517 3117 5571 quem
3151 5504 3474 5573 Stupefactze

1900 5584 2189 5639 audierunt
2218 5587 2490 5644 dicentem
2528 5589 2743 5646 :Nolite
2808 5592 3018 5657 timere,
3064 5610 3188 5648 vere
3230 5595 3473 5652 surrexit

1904 5673 2189 5731 Donﬁnus.

1965 5762 2177 5821 Nostris
2211 5767 2584 5837 glorificamus
2625 5780 2676 5827 te
2710 5771 2947 5842 hymnis,
2984 5770 3150 5843 Virgo
3195 5771 3304 5828 Dco
3339 5772 3465 5835 alia-
