4250 6442
721 396 863 464 3943

714 603 923 664 nantis,
952 599 1199 654 illumina
1233 599 1402 653 corda
1439 605 1650 661 nostra,
1675 611 1878 664 sponsa
1908 594 2023 659 Dei,
2058 592 2287 664 ignavia:

714 704 921 748 nostra!
947 690 1350 759 libidinumque
1383 690 1640 744 tenebras
1672 689 1967 755 dissipans.

1242 781 1449 836 /Elerni
1488 779 1694 832 Patris.

779 873 974 928 Statim
1015 880 1077 928 ut
1106 875 1187 929 Sui
1213 875 1341 928 vidit
1368 882 1420 927 te
1476 871 1657 926 Solem
1701 870 1930 940 justitia:
1982 883 2286 939 expansum

712 964 768 1019 in
796 980 992 1033 cruce,
1026 967 1267 1021 contexit
1300 965 1498 1030 lucem,
1533 975 1702 1034 petra:
1735 964 1920 1018 scissa:
1940 972 2066 1018 sunt
2098 969 2287 1029 stupe-

712 1057 893 1118 factae.
950 1057 1199 1112 infernus
1263 1058 1473 1127 absque
1535 1071 1690 1110 mora
1733 1072 1869 1125 quos
1928 1053 2290 1109 absorbuerat

711 1147 971 1212 reddidit,
1006 1158 1150 1200 tuam
1183 1148 1523 1201 celebrantes
1565 1144 1970 1209 fortitudinem,
2001 1158 2095 1214 per
2123 1157 2285 1214 quam

710 1237 898 1290 vivunt
924 1251 1134 1302 omnes,
1164 1238 1536 1305 omnipotens.
1920 1304 1923 1307 _

778 1326 1070 1382 Evacuatis
1128 1326 1529 1396 omnipotentia
1586 1340 1687 1380 sua
1719 1322 2044 1379 insatiabilis
2085 1319 2284 1375 inferni

709 1416 1045 1486 gurgitibus,
1077 1417 1384 1470 resurrexit
1408 1417 1460 1469 in
1506 1416 1678 1485 gloria
1710 1416 1803 1483 qui
1859 1422 1943 1467 est
1973 1428 2139 1481 super
2165 1426 2286 1464 om-

707 1524 801 1562 nes
828 1507 982 1575 deos,
1023 1516 1077 1563 et
1108 1508 1261 1562 visus
1309 1515 1392 1561 est
1423 1506 1708 1578 discipulis
1736 1523 1751 1571 ;
1789 1506 1931 1559 hunc
1964 1520 2088 1558 cum
2126 1500 2287 1556 Patre

705 1598 1000 1666 divinaque
1036 1597 1239 1665 Spiritu
1267 1596 1580 1651 adoremus.

770 1687 1021 1740 Surrexit
1075 1686 1337 1741 Dominus
1400 1700 1779 1756 apparensquc
1823 1686 1877 1738 in
1910 1685 2119 1739 tumulo
2153 1698 2284 1736 sau-

700 1790 823 1830 cms
852 1777 1093 1846 Angelus
1126 1787 1369 1831 aromata
1404 1776 1702 1831 ferentibus
1735 1775 1906 1828 dixit:
1937 1773 2097 1828 Abite
2116 1781 2168 1827 ct
2197 1772 2281 1826 di-

1540 400 1598 456 S.
1636 398 2055 458 SUPHRUNII
2098 395 2606 455 PATRIARCII:E
2646 397 3047 459 iliEI’tOSOL.

719 511 956 574 tissima,
986 509 1380 579 splendidaque
1419 507 1591 560 nubes
1639 506 1771 561 solis
1831 513 2041 559 mentes
2097 501 2301 555 illumi-
2331 506 2373 562 Α

1147 509 1380 576 didaque
1419 507 1591 560 nubes
1639 506 1771 561 solis
1831 513 2041 559 mentes
2097 501 2301 555 illumi-
2331 506 2373 562 Α
2405 501 2775 572 Θεοχαρίτωτε
2802 545 2815 568 ,

3832 403 3977 469 εοιι

2891 503 3184 573 ὑμνοῦντες
3239 505 3571 574 δοξάζομεν
3624 508 3721 566 τὰς
3748 508 3981 577 καρδίας

2394 594 2426 657 ἡ
2439 592 2554 659 μῶν
2597 590 2830 659 φώτισον
2850 594 2983 659 κτὸν
3016 595 3323 665 σκοτασμδν
3353 596 3625 650 διώκουσα
3656 597 3831 650 πάντα
3875 598 3979 666 τῆς

2397 679 2666 751 ρρϐυμίας
2694 682 2784 734 καὶ
2807 681 2916 734 τῶν
2943 683 3152 748 παθῶν,
3174 684 3577 755 θεονύμφευτε.

2827 772 3118 843 Ἀνάρχηυ
3154 778 3204 829 Γ
3206 776 3351 842 εννή
3360 793 3549 846 τορυς.

2447 861 2532 924 Ὦς
2547 857 2651 915 εἶδέ
2669 879 2729 916 σε
2747 863 2917 933 ἥλιος,
2929 864 3275 935 δικαιοσύνης
3293 866 3476 931 Ἥλιε,
3494 868 3551 920 ὲν
3569 884 3704 920 σταυ
3714 866 3978 938 ρῷήπλω-

2397 952 2579 1021 μένον,
2606 953 2666 1005 τὸ
2695 955 2809 1022 φῶς
2845 954 3149 1008 συνέστειλε
3169 995 3185 1022 ,
3218 958 3412 1027 πέτραι
3435 958 3491 1010 δὲ
3523 959 3862 1030 ἐρρήγνυντο
3888 958 4004 1025 (per

2395 1043 2493 1113 σῳ,
2524 1043 2658 1114 ᾅδης
2696 1047 2922 1116 νεκροὺς
2940 1047 3107 1119 τάχος
3137 1049 3390 1103 ἀπεδίδου
3423 1050 3729 1121 ὑμνοῦντας
3756 1049 3817 1103 τὸ
3840 1052 3978 1120 κρά-

2393 1151 2484 1198 τος
2517 1152 2631 1198 σου,
2657 1137 2907 1192 Ζωοδότα
2933 1138 3333 1210 παντοδύναμε.

2465 1310 2569 1369 Ἰὀῖι⁹
2599 1315 2726 1388 ᾅδου
2754 1317 2852 1386 τὴν
2878 1318 3152 1390 ἄπληστον
3182 1316 3426 1390 γαστέρα
3465 1322 3494 1373 ὁ
3528 1320 3824 1391 ’Υπέρθεος
3864 1340 3974 1376 παι

2393 1407 2630 1475 ραδόξως
2657 1407 2903 1473 κενώσας
2929 1410 3006 1474 ὡς
3034 1410 3463 1481 παντοδύναμος,
3491 1412 3590 1482 ἤδη
3621 1412 3883 1482 ἐξανέστη
3913 1414 3975 1464 ἐν

2390 1497 2536 1568 δόξῃ,
2571 1500 2666 1551 καὶ
2692 1500 2960 1570 μαθηταῖς
2987 1501 3152 1566 θείοις
3191 1502 3485 1573 καθωράοη
3503 1517 3515 1530 ’
3541 1502 3702 1556 αὐτὸν
3734 1519 3976 1572 προσκυ-

2391 1591 2646 1660 νήσωμεν
2676 1593 2774 1645 σὺν
2808 1592 2984 1661 Πατρὶ
3013 1594 3107 1646 καὶ
3136 1593 3266 1664 θείῳ
3293 1594 3572 1664 Πνεύματι

2461 1681 2701 1753 Ἠγέρθη
2730 1685 2761 1736 ὁ
2792 1682 3017 1753 Κύριος,
3040 1685 3160 1747 ταῖς
3198 1686 3525 1756 μυροφόροις
3555 1686 3759 1756 ἔφησεν
3795 1688 3824 1738 ό
3868 1703 3976 1753 φα-

2392 1776 2502 1838 νεὶς
2538 1776 2594 1827 ὲν
2620 1774 2697 1843 τῷ
2722 1775 2878 1843 τάφῳ
2910 1775 3064 1841 ἅγιος
3098 1777 3350 1844 ἄγγελος
3390 1778 3608 1839 Ἀπιτε,
3658 1778 3756 1829 καὶ
3790 1779 3973 1830 εἶτ-,ετε

703 1869 934 1937 si-ipulis
974 1869 1227 1923 tristibus
1252 1866 1619 1933 dentibusque
1662 1867 1889 1921 nuncin
1939 1866 2161 1921 Galilaea
2192 1865 2276 1918 di-
2312 1862 2356 1921 Β

2312 1862 2356 1921 Β
2383 1866 2541 1920 τοῦτο
2587 1867 2699 1928 τοῖς
2748 1864 3019 1935 μαθηταῖς
3065 1867 3124 1918 ὲν
3154 1869 3220 1937 τῇ
3267 1865 3524 1938 Γαλιλαίᾳ
3570 1867 3829 1922 πενθοῦσι
3873 1868 3974 1921 καὶ

701 1959 956 2027 citequia
986 1959 1059 2014 ibi
1100 1966 1227 2013 sunt
1268 1959 1422 2013 illum
1457 1958 1834 2027 conspecturi.

766 2050 812 2103 0
862 2048 1241 2115 Immaculata,
1275 2050 1445 2104 libera
1485 2064 1589 2103 nos
1614 2064 1643 2100 a
1679 2051 2067 2115 tentationum,
2103 2047 2278 2101 tribu-

704 2140 970 2193 lationum
998 2139 1397 2208 libidinumque
1428 2140 1685 2209 procellis
1714 2156 1729 2202 ;
1772 2139 1939 2193 libera
1971 2153 2000 2191 a
2028 2137 2276 2192 tenebris

700 2234 730 2282 τι
795 2231 1193 2301 multiplicibus
1255 2231 1460 2286 diaboli
1522 2230 1841 2298 tendiculis,
1892 2242 1945 2285 ct
1993 2230 2276 2284 Christum

698 2322 869 2376 Deum
901 2332 1149 2378 uostrmn
1186 2323 1561 2378 indesinenter
1618 2324 1916 2393 deprecare
1976 2338 2075 2392 pro
2120 2321 2279 2377 nobis

697 2415 790 2483 qui
828 2422 879 2468 te
904 2430 1121 2483 semper
1150 2425 1201 2469 ut
1236 2414 1450 2469 beatam
1496 2415 1860 2469 celebramus.

850 2500 1097 2563 Cleri/ica
1129 2512 1196 2567 te,
1228 2500 1468 2566 Domine,
1500 2503 1628 2571 qu't'a
1667 2500 1983 2555 exaudiviin
2015 2515 2116 2553 me.

766 2586 905 2642 Cum
929 2589 983 2641 in
1021 2603 1241 2642 crurem
1265 2588 1589 2651 ascendisti,
1611 2587 1860 2650 Domine,
1883 2602 1988 2639 non
2011 2585 2279 2640 amiseras

700 2686 1043 2749 potestatem,
1077 2685 1133 2734 et
1168 2677 1515 2734 descendens
1574 2694 1697 2749 cum
1739 2679 1920 2731 anima
1958 2680 2013 2732 in
2070 2676 2279 2731 inferos

696 2770 948 2822 exemisti
982 2770 1197 2823 animas
1227 2784 1256 2820 a
1286 2769 1525 2824 vinculis
1557 2754 1779 2825 aiternis
1807 2783 1944 2840 quas
1967 2778 2147 2825 tecum
2179 2771 2280 2823 tui-

697 2861 936 2914 sericors
962 2861 1340 2916 exsuscitasti.

759 2950 951 3005 Vectcs
968 2962 1021 3005 et
1047 2962 1233 3020 portas
1256 2951 1455 3007 inferni
1477 2952 1803 3009 mirabiliter
1823 2952 1871 3005 vi
1895 2952 2116 3022 prepria
2140 2967 2278 3007 eon-

696 3042 939 3112 fregisti,
972 3040 1226 3110 Domine,
1262 3045 1317 3097 in
1350 3043 1629 3099 desertum
1670 3043 1991 3098 convertisti
2046 3042 2275 3105 inferos.

696 3134 881 3203 itaque
906 3134 1342 3190 misericordiam
1373 3143 1524 3190 tuam
1546 3134 2125 3203 resurrectionemque
2151 3135 2270 3205 glo-

695 3228 898 3280 riosam
931 3226 1432 3295 eonglorilicanms.

758 3314 1015 3369 Mulieres
1073 3323 1343 3370 venerunt
1396 3316 1461 3370 ad
1513 3315 1825 3386 ungendum
1858 3330 2062 3386 corpus
2119 3326 2272 3371 tuum

695 3407 991 3476 gloriosum
1023 3407 1077 3459 in
1119 3415 1494 3472 monumento,
1527 3407 1619 3461 ubi
1672 3407 1895 3461 invento
1926 3409 2123 3477 angelo
2173 3424 2276 3463 se-

694 3499 859 3550 dente
908 3498 1105 3551 tin‘tore
1138 3499 1590 3565 obstupuerunt;
1626 3512 1733 3552 una
1755 3513 1880 3551 cum
1923 3499 1991 3553 iis
2026 3500 2276 3554 celebra-

695 3603 816 3639 mus
847 3596 899 3640 te
932 3605 960 3640 a
992 3588 1244 3656 sepulcro
1267 3590 1620 3643 suscitatutn.

772 3680 1032 3734 Sanctum
1068 3684 1160 3750 qui
1205 3691 1433 3737 sanctos
1475 3691 1699 3752 superat
1758 3682 1898 3736 ultra
1932 3683 2080 3752 quod
2112 3698 2275 3738 exeo-

696 3773 858 3843 gitari
909 3781 1086 3842 petest
1134 3775 1423 3843 peperisti,
1466 3774 1721 3842 lieipara,
1762 3774 1969 3842 quique
2004 3773 2277 3827 mediante

700 3875 773 3925 te,
809 3871 1160 3931 peccatorum
1188 3863 1329 3917 dans
1376 3863 1756 3917 remissionem
1792 3862 2047 3916 liberavit
2072 3864 2273 3917 sancti-

695 3954 876 4009 ticavit
910 3950 1096 4009 ﬁdeles
1128 3962 1277 4009 tuam
1316 3955 1663 4009 celebrantes
1697 3955 2178 4010 resurrectionem.

1256 4065 1445 4138 Reguli
1470 4066 1708 4122 decreto.

766 4184 1151 4242 Exsultationc
1177 4195 1268 4239 tua
1293 4199 1461 4254 super
1488 4199 1708 4239 crucem
1744 4192 1995 4239 naturam
2022 4185 2275 4240 exaltasti

694 4277 1011 4343 humanam,
1038 4277 1281 4340 Christe,
1304 4285 1360 4330 et
1383 4277 1437 4329 in
1464 4276 1817 4332 tenebrosum
1868 4291 2058 4331 orcum
2087 4276 2276 4332 detru-

694 4369 823 4421 disti
854 4366 1024 4421 Satan
1050 4366 1333 4434 delapsum
1368 4366 1440 4420 ab
1473 4366 1762 4422 altitudine
1805 4367 1953 4434 caeli,
1978 4374 2033 4422 et
2082 4382 2277 4423 exsur-

694 4474 829 4527 gens
866 4473 897 4512 e
924 4458 1137 4512 tumulo
1172 4467 1404 4513 mortem
1440 4458 1716 4528 spoliasti.

2380 1956 2650 2023 κλαίουσι,
2687 1955 2782 2009 τοῦ
2820 1956 2986 2010 αὑτὸν
3019 1958 3136 2010 ἐκεῖ
3164 1957 3485 2013 Θεάσασθαι.

2461 2045 3128 2115 Ῥυσθῆναι,ῐ1ανάμωμε,
3154 2048 3219 2101 ὲκ
3243 2048 3583 2118 πειρασμῶν,
3601 2049 3690 2104 καὶ
3711 2048 3970 2118 θλίψεων,

2379 2135 2474 2188 καὶ
2505 2134 2695 2188 παθῶν
2738 2137 3088 2203 καταιγίδος,
3136 2139 3233 2190 καὶ
3276 2139 3688 2208 ἀμαυρώσεως,
3723 2141 3819 2193 καὶ
3856 2141 3972 2191 τῶν

2379 2225 2734 2279 πολυπλόκων
2784 2226 3031 2293 παγίδων
3077 2227 3170 2281 τοῦ
3210 2228 3481 2299 Πονηροῢ,
3517 2229 3758 2283 δυσὼπει
3785 2230 3971 2283 ἀπαύ-

2379 2330 2520 2375 στως
2548 2313 2786 2384 Χριστὸν
2808 2315 2898 2368 τὸν
2924 2315 3054 2369 Θεὸν
3080 2318 3113 2386 ἡ
3124 2316 3261 2387 μῶν,
3287 2317 3395 2371 τῶν
3421 2319 3508 2372 ἀεί
3536 2336 3596 2372 σε
3630 2320 3973 2390 μακαριζόν-

2377 2420 2509 2458 των.

2705 2495 2903 2565 ’Υμνῶ
2939 2512 3040 2552 σε’
3077 2498 3273 2566 ἀκοὴν
3299 2500 3642 2571 γὰρ,Κύριε.

2450 2585 2706 2657 Ἀνῆλθες
2734 2589 2792 2642 ἑν
2823 2588 3061 2659 σταυρῷ,
3091 2591 3287 2661 Κύριε,
3314 2592 3633 2646 δυναστείαν
3662 2594 3969 2664 cremant-

2378 2693 2488 2740 νος,
2517 2676 2612 2729 καὶ
2642 2677 2916 2730 κατελθὼν
2943 2677 3287 2748 εὓσπ).αγχνε
3316 2683 3454 2750 μετά
3472 2680 3653 2751 ψυχῆς
3682 2683 3844 2751 μέχρι
3868 2681 3972 2735 τοῦ

2379 2768 2531 2837 ᾅδου,
2560 2768 2739 2838 ψυχὰς
2791 2770 3026 2823 αἰωνίων
3077 2771 3291 2840 δεσμῶν
3336 2772 3558 2839 ἔλυσας,
3587 2775 3684 2826 καὶ
3730 2772 3971 2842 σεαυτῷ,

2374 2861 2682 2930 οἱκτίρμον,
2715 2864 3137 2933 συνανέστησας.

2448 2952 2756 3021 Συντρίψας
2801 2954 2926 3017 τοὺς
2980 2955 3241 3025 μοχλοὺς,
3274 2955 3484 3026 Κύριε,
3516 2957 3610 3010 καὶ
3657 2955 3755 3018 τὰς
3792 2955 3974 3018 πύλας

2378 3044 2621 3115 φρικτῶς
2657 3044 2751 3097 τοῦ
2787 3044 2916 3116 ᾅδου
2954 3046 3101 3115 ἰσχύϊ
3130 3064 3245 3106 σου.
3269 3048 3537 3111 Δέσποτα,
3557 3048 3833 3109 ἐκένωσας
3870 3049 3976 3101 αὐ-

2380 3135 2475 3188 τοῦ
2513 3134 2604 3187 τδν
2633 3134 2893 3188 πλοῦτον·
2935 3135 3014 3187 διὸ
3043 3135 3140 3204 τὴν
3179 3136 3384 3206 πολλήν
3417 3153 3511 3189 σου
3540 3136 3964 3204 συγκατάϐασιν

2301 3199 2345 3256 c
2378 3226 2472 3279 καὶ
2501 3227 2601 3297 τὴν
2630 3218 2832 3295 σεπτὴν
2863 3226 3159 3279 ἀνάστασιν
3195 3227 3512 3296 δοξάζομεν.

2448 3320 2692 3391 Μυρίσαι
2738 3319 2799 3372 τὸ
2848 3320 3044 3375 σεπτὸν
3088 3320 3251 3389 σῶμά
3283 3337 3379 3372 σου
3412 3321 3470 3372 ὲν
3499 3319 3577 3389 τῷ
3602 3320 3762 3390 τάφῳ
3801 3317 3977 3391 ἦλθον

2379 3414 2668 3480 γυναῖκες’
2721 3412 2981 3481 εὑροῦσαι
3024 3412 3081 3465 δὲ
3129 3411 3364 3480 ἄγγελον
3400 3411 3710 3481 καθήμενον
3740 3413 3836 3464 ἐπὶ
3873 3406 3975 3464 τοῦ

2377 3505 2571 3572 τάφου,
2623 3502 2848 3573 Χριστὲ,
2897 3502 3170 3556 δειλιῶσαι
3223 3502 3680 3573 κατεπλάγησαν
3733 3501 3856 3573 μεθ’
3893 3496 3976 3557 ὧν

2366 3594 2784 3665 -ὑμνολογοῦμέν
2812 3611 2905 3647 σου
2934 3592 3030 3664 τὴν
3059 3594 3299 3664 ἔγερσιν.

2460 3685 2661 3753 ’Δγίων
2697 3686 2839 3754 ὑπὲρ
2869 3683 2994 3737 νοῦν
3024 3684 3117 3737 τὸν
3131 3687 3319 3751 Ἂγιον
3343 3684 3687 3756 ἀπεκύησας,
3709 3684 3972 3749 Θεοτόκε,

2379 3777 2651 3847 ἁγιασμόν
2676 3776 2946 3847 λύτρωσιν
2976 3777 3069 3829 καὶ
3090 3777 3285 3844 ἄφεσιν
3304 3777 3726 3848 ἁμαρτημάτων
3754 3778 3974 3839 πιστοῖς

2383 3870 2631 3939 μεσιτεὲᾳ
2678 3884 2773 3920 σου
2822 3866 3134 3936 παρέχοντα
3164 3868 3279 3929 τοῖς
3322 3867 3420 3937 τὴν
3448 3866 3613 3920 αὐτοῦ
3645 3866 3972 3932 δοξάζουσιν

2382 3960 2701 4014 ἀνάστασιν.

2738 4072 2822 4137 Τῷ
2853 4070 3097 4142 δόγματι
3134 4070 3216 4137 τῷ
3249 4070 3604 4139 τυραννικῷ.

2447 4184 2766 4255 Ἀνύψωσας
2796 4184 2954 4252 φύσιν
2978 4184 3088 4236 τῶν
3116 4183 3343 4255 βροτῶν,
3372 4183 3598 4253 Χριστὲ,
3624 4185 3691 4253 τῇ
3724 4183 3785 4234 ὲν
3806 4197 3977 4236 σταυ-

2379 4277 2459 4348 ρῷ
2493 4293 2586 4329 σου
2620 4274 2915 4344 ἁνυψώσει,
2945 4276 3039 4329 καὶ
3068 4276 3158 4328 τὸν
3186 4276 3244 4342 ἐξ
3278 4274 3449 4345 ὕψους
3476 4273 3714 4326 πεσόντα
3736 4273 3973 4346 Ἐχθρδν

2377 4373 2457 4433 εἰς
2478 4370 2609 4439 χάος
2635 4368 2967 4440 ἀπέρριψας,
2996 4368 3089 4421 καὶ
3114 4368 3305 4436 ταφεὶς
3334 4362 3635 4435 ἔξηγέροης
3662 4363 3973 4427 σκυλεύσας

2377 4463 2469 4515 τὸν
2498 4462 2748 4516 θάνατον.

767 4550 1084 4606 Contrivisli
1114 4561 1298 4606 vectes
1342 4550 1540 4606 inferni
1580 4560 1636 4606 et
1693 4553 1749 4607 in
1806 4553 2128 4608 fortitudine
2179 4562 2272 4610 tua
2306 4529 2352 4588 θ

2306 4529 2352 4588 D
2447 4553 2780 4625 Συνέτριψας
2813 4554 2940 4625 ᾇδου
2975 4554 3101 4618 τοὺς
3135 4555 3387 4623 μοχλοὺς,
3423 4550 3519 4605 καί
3555 4552 3682 4615 τοὺς
3716 4551 3969 4621 πεπεδη-

693 4644 906 4698 vinclos
932 4644 1170 4699 suscitas
1221 4644 1386 4699 simul
1443 4644 1838 4714 gloriﬁcantes,
1866 4660 2015 4702 tuam
2072 4657 2269 4719 poten-

695 4736 824 4790 tiam
848 4745 901 4790 et
922 4745 1068 4791 tuam
1097 4751 1126 4788 a
1144 4745 1496 4792 monumento
1524 4739 1989 4795 resurrectionem
2015 4750 2137 4811 post
2160 4750 2271 4798 tres

692 4828 831 4882 dies.

765 4917 953 4972 Sancti
993 4933 1117 4973 cum
1152 4918 1408 4974 viderunt
1458 4928 1513 4975 te
1580 4920 1734 4986 olim,
1764 4919 2005 4984 Christe,
2036 4922 2270 4991 apostoli

690 5021 1004 5078 surgentem
1027 5024 1057 5063 e
1081 5012 1332 5080 sepulcm
1360 5026 1483 5065 cum
1501 5010 1698 5082 gloria,
1715 5012 1905 5083 repleti
1923 5021 2053 5067 sunt
2069 5014 2270 5083 gaudio

693 5102 1175 5174 clamaveruntque
1206 5123 1218 5158 :
1250 5104 1567 5162 Benedicite
1604 5103 1861 5160 Domino.

761 5193 962 5249 Luctus
1017 5204 1164 5259 tuus,
1199 5196 1550 5251 immaculata
1598 5195 1787 5266 Virgo,
1847 5212 2041 5252 versus
2076 5204 2161 5252 est
2213 5199 2269 5254 in

688 5287 974 5357 gaudium,
1006 5304 1128 5343 cum
1156 5290 1343 5346 vidisti
1366 5289 1645 5346 Christum
1672 5290 1869 5345 Filium
1897 5301 2048 5346 tuum
2076 5307 2141 5345 ac
2162 5291 2267 5347 Do-

689 5378 899 5430 minum
928 5380 1083 5432 tertia
1126 5379 1211 5436 die
1243 5393 1616 5451 resurgentem
1672 5382 1726 5436 in
1762 5383 1936 5453 gloria
1971 5383 2268 5437 mundum—

687 5483 794 5539 que
829 5469 1255 5527 illuminantcm.

1225 5586 1328 5651 Qui
1358 5597 1480 5642 ante
1499 5587 1699 5643 Solem.

748 5693 1060 5753 Misericors
1093 5697 1259 5765 Deus,
1297 5700 1448 5755 visus
1473 5717 1534 5761 es
1571 5699 1765 5756 aflixus
1792 5701 1946 5755 cruci
2002 5698 2143 5754 duos
2179 5699 2265 5754 in-

689 5793 771 5839 ter
804 5785 1074 5843 latrones:
1110 5793 1321 5859 positus
1351 5806 1481 5845 vero
1516 5791 1567 5845 in
1602 5791 1719 5847 lacu
1754 5790 2000 5848 inferiori
2029 5804 2264 5845 consur-

2376 4646 2571 4716 μένους
2621 4647 2679 4698 ὲν
2729 4645 2973 4717 ἀνδρείᾳ,
3006 4643 3231 4716 Χριστὲ,
3260 4641 3543 4713 δεσμώτας
3574 4643 3831 4712 ἐγείρεις,
3870 4644 3972 4710 τὴν

2374 4739 2473 4810 σὴν
2504 4738 2823 4804 δοξάζοντας
2846 4739 3110 4809 δύναμιν,
3147 4736 3243 4790 καὶ
3285 4735 3383 4808 τὴν
3433 4736 3499 4790 ὲκ
3541 4733 3639 4788 τοῦ
3690 4737 3968 4807 μνημείου

2371 4830 2670 4900 τριήμερον
2695 4831 2932 4899 ἔγερσιν.

2450 4920 2541 4982 Ὦς
2586 4918 2779 4989 ἐόλεψε
2833 4920 2999 4975 πάλαι
3050 4938 3110 4974 σε
3159 4919 3317 4991 χορὸς
3346 4918 3516 4986 ἁγῑων
3543 4914 3872 4970 ἀποστόλων
3903 4916 3967 4967 ἐκ

2370 5012 2464 5065 τού
2515 5012 2684 5081 τάφου
2734 5012 3106 5082 ἐγηγερμένον
3157 5014 3215 5066 ὲν
3243 5012 3393 5084 δόξῃ,
3425 5009 3652 5080 Χριστὲ,
3688 5007 3966 5079 θυμηδέας

2370 5102 2606 5173 ἔμπλεως
2640 5100 2900 5172 γεγονὼς,
2928 5102 3242 5170 Εὐλογεῖτε,
3271 5101 3427 5167 ἐϐόα,
3454 5100 3546 5153 τὸν
3575 5099 3805 5162 Κύριον.

2441 5196 2515 5249 Τὸ
2546 5194 2738 5256 πένθος
2774 5212 2877 5259 σοι,
2906 5197 3177 5264 Ἀχραντε
3210 5192 3369 5263 ἁγνὴ,
3400 5192 3611 5262 ἐτράπη
3646 5192 3727 5252 είς
3762 5189 3963 5260 χαρὰν,

2371 5289 2532 5358 ἡνίκα
2566 5284 2707 5351 εἶδες
2752 5289 2842 5340 τὸν
2891 5288 2981 5340 σὺν
3012 5287 3137 5340 Υίδν
3186 5286 3279 5339 καὶ
3319 5285 3595 5353 Δεσπότην
3629 5282 3872 5352 Χριστὸν
3901 5283 3964 5333 ἐκ

2368 5379 2578 5449 νεκρῶν
2628 5382 2925 5450 τριήμερον
2973 5378 3282 5432 ἀναστάντα
3329 5378 3387 5429 ὲν
3430 5374 3579 5445 δόξῃ,
3612 5374 3709 5426 καὶ
3754 5374 3964 5442 κόσμον

2370 5488 2705 5538 φωτισαντα.

2869 5584 2934 5639 ’11
2967 5582 3075 5637 τὸν
3113 5582 3228 5651 πρὸ
3264 5582 3468 5649 ἡλίου.

2443 5698 2649 5765 Ὠεροης
2674 5697 2836 5767 μέσον
2858 5696 2952 5750 δύο
2971 5695 3185 5767 λῃστῶν
3207 5696 3650 5765 ἐσταυρωμένος,
3677 5688 3952 5744 πολυέλει·

2369 5788 2688 5850 κατατεῧεῖς
2719 5789 2776 5841 ἐν
2808 5788 2997 5861 λάκκῳ
3022 5788 3321 5858 κατωτάτῳ
3341 5785 3396 5839 δὲ
3421 5788 3548 5849 τοὺς
3570 5787 3628 5837 ἐν
3659 5782 3843 5836 σκότιι
3866 5782 3955 5833 καὶ
