4250 6442
255 393 399 466 3345

1701 393 1799 452 TR
1809 392 2084 453 [ODIUM
2100 437 2113 452 .

3400 395 3542 465 39:26

261 513 320 565 ἐν
373 510 503 579 σκιᾷ
558 506 792 568 θανάτου
847 502 1236 573 ἐξανέστησας,
1287 499 1852 572 ὑμνολογοῦντας,εὓ-

1956 518 2084 573 gere
2114 499 2291 556 fecisti
2331 509 2511 556 tecum
2540 500 2878 559 dormientes
2928 503 2984 558 in
3045 502 3286 559 tenebris
3338 514 3393 559 et
3422 523 3542 561 unt-

262 602 564 670 σπλαγχνε,
600 600 699 671 τὴν
732 600 831 671 σὴν
857 599 1155 669 τριήμερόν
1176 597 1494 651 ἀνάστασιν.

326 780 571 842 Θάνατος
604 775 909 847 ἀνθρώπων
959 775 1058 828 οὐκ
1106 774 1186 827 ἔτι
1230 773 1494 846 κυριεύει,
1530 773 1711 838 καθὼς
1761 777 1849 843 γέ-

255 887 499 941 γραπται
524 909 538 932 ,
572 869 666 936 ἀφ’
692 862 752 920 οὗ
784 866 1017 935 Χριστὸς
1044 863 1242 933 ἀνέστη
1278 865 1307 915 6
1340 864 1631 926 ἀθάνατος,
1660 864 1725 915 τά
1754 864 1847 916 τοῦ

256 964 384 1038 ᾅδου
441 960 797 1022 άποκενώσας
848 959 1104 1027 ἄπληστοι
1160 957 1441 1026 βασίλειαο
1495 956 1847 1023 άγαλλιάσθω

256 1057 443 1117 ἅπασα
472 1056 505 1121 ἡ
534 1052 829 1123 οἰκουμένη
856 1051 1213 1120 ἑορτάζουσα.

268 1130 273 1135 ’
330 1146 475 1214 Ἔφη
521 1144 858 1215 μυροφόροις
906 1144 934 1194 6
980 1141 1214 1208 ἄγγελος
1248 1141 1578 1212 ἀστράπτων
1613 1141 1718 1211 πρὸ
1751 1139 1845 1193 τοῦ

257 1243 564 1309 μνήματος,
600 1240 703 1291 Τὸν
735 1239 794 1289 ἐν
827 1238 1043 1306 νεκροῖς
1073 1235 1358 1305 ἐλεύθερον
1404 1236 1455 1287 τί
1506 1236 1723 1310 κλαίετε
1754 1237 1846 1303 ἐκ-

255 1329 519 1399 ζητοῦσαι
546 1346 559 1391 ;
588 1327 783 1390 Καθὼς
816 1328 1077 1396 προεῖπεν
1108 1326 1208 1397 ήδη
1243 1326 1602 1396 ἐξεγήγερται
1625 1344 1637 1357 ·
1688 1327 1847 1380 ἄπιτε

255 1422 410 1475 ἔνθεν
442 1423 751 1492 χαίρουσαι,
786 1422 878 1473 καὶ
914 1420 1239 1483 ἀποστόλοις
1269 1419 1667 1488 ἀπαγγείλατε.

328 1514 540 1583 Ὠφθης
570 1514 904 1583 πλατυτέρα,
938 1511 1200 1582 Παρθένε,
1226 1510 1469 1581 οὐρανῶν
1501 1510 1633 1563 Θεὸν
1665 1512 1840 1581 χωρή·

253 1624 416 1668 σασα,
452 1607 543 1658 τὸν
573 1607 678 1658 ὑπὸ
720 1605 813 1657 σσῦ
859 1602 1122 1673 τεχθέντα
1156 1602 1475 1672 ἀγαθότητι,
1512 1602 1605 1653 καὶ
1634 1601 1849 1671 θανάτῳ

250 1699 556 1754 ἀθανασίαν
598 1701 731 1751 πάσι
775 1698 1164 1769 δωρησάμενον
1188 1714 1201 1727 ·
1237 1697 1295 1749 ὃν
1330 1695 1572 1765 εὐσεϐῶς
1601 1692 1849 1759 δοξάζονο

251 1809 365 1857 τες,
396 1793 457 1846 σέ
489 1793 629 1846 κατὰ
657 1792 814 1861 χρέος
855 1790 1255 1861 μακαρίζομεν.

716 1904 1107 1974 Ἰνδάλμιιτος
1146 1903 1404 1972 χρυσοῦ.

319 2018 454 2081 Θεὸς
480 2017 794 2087 ὣνάγαθὸς,
830 2019 1181 2085 κατηξίωσας
1203 2018 1298 2069 καὶ
1328 2012 1615 2085 ἄνθρωπος
1643 2032 1859 2085 χρημα-

248 2111 420 2175 τίσαι,
454 2112 548 2164 καὶ
602 2110 985 2179 σταυρωθῆναι
1032 2109 1125 2162 ἐπὶ
1176 2108 1334 2173 ξύλου
1385 2106 1747 2171 ἐθελουσίως,
1778 2108 1858 2167 είς

250 2204 528 2274 σωτηρίαν
571 2202 681 2255 τῶν
715 2200 1073 2255 ἀναϐοώντων
1125 2203 1358 2253 πάντοτε
1381 2213 1396 2227 ·
1431 2198 1499 2252 Ἥ
1538 2198 1859 2252 ούσιωθεῖσα

250 2296 490 2366 ὑμνείτω
522 2294 614 2348 τὸν
657 2295 863 2366 Κύριον
904 2295 1054 2347 πᾶσα
1093 2293 1291 2356 κτίσις.

332 2386 421 2440 Ἐν
448 2386 638 2457 λάκκῳ
676 2385 876 2457 Ἰωσὴφ
913 2387 1222 2455 κατωτάτω
1258 2402 1317 2437 σε
1356 2382 1618 2438 κατέθετο
1650 2382 1858 2453 ἐνειλή-

249 2496 348 2543 σας
373 2480 431 2532 ἐν
453 2479 682 2542 ὀθονίοις
716 2496 775 2531 τε
805 2478 901 2531 καὶ
936 2477 1150 2548 σμύρνῃ
1193 2477 1289 2530 καὶ
1327 2478 1385 2529 ἐν
1412 2477 1547 2547 άλόῃ
1571 2491 1584 2506 ·
1623 2474 1739 2527 ἀλλ’
1768 2475 1857 2539 ἐξα

249 2572 483 2643 ανέστης
522 2570 710 2636 σώζων
738 2573 863 2634 τοὺς
876 2569 1083 2630 πιστῶς
1113 2568 1546 2643 κραυγάζονταςο
1569 2568 1634 2619 Ἣ
1657 2568 1853 2621 οὐσιω-

250 2662 429 2727 θεῖσα,
462 2681 516 2718 κ.
550 2682 599 2715 τ.
621 2662 672 2716 λ.

339 2752 574 2824 Ὠράθης
604 2752 895 2823 μαθηταῖς,
915 2751 1314 2821 παντοδύναμε,
1336 2753 1398 2804 ἐκ
1416 2750 1588 2820 τάφου
1612 2750 1848 2819 ἐγηγερ·

255 2843 439 2915 μένος,
473 2844 568 2897 καὶ
595 2842 804 2905 τούτοις
834 2840 991 2912 ἔφης,
1019 2839 1329 2912 Πορεύεσθε
1377 2840 1458 2902 είς
1493 2839 1585 2891 τὸν
1620 2837 1848 2906 κόσμον,

252 2934 532 3007 κηρύξατέ
563 2951 665 3005 μου
724 2934 821 3003 τὴν
842 2933 1159 3002 οἰκονομίαν
1193 2929 1485 3002 κράζοντες
1515 2944 1527 2957 ·
1550 2928 1615 2982 Ἠ
1661 2928 1857 2983 οὺσιω-

253 3031 434 3092 θεῖσα,
474 3047 530 3082 κ.
564 3045 612 3083 τ.
649 3028 701 3081 λ.

340 3120 593 3189 ’Λγίασον
606 3120 784 3190 ἡμῶν,
804 3118 1048 3186 παναγία
1063 3116 1227 3170 θεονύ
1239 3132 1464 3188 μςρευτε,
1484 3113 1582 3176 τάς
1605 3131 1673 3167 κα
1684 3112 1856 3183 ρδίαζ,

1955 595 2051 649 bra
2087 595 2303 659 mortis,
2338 604 2389 648 et
2414 593 2761 651 celebrantes
2800 612 2947 651 ttunc
2983 595 3203 668 hymnis
3238 604 3388 649 tuam
3412 610 3535 667 post

1955 695 2068 740 tres
2108 684 2226 740 dies
2262 687 2752 740 resurrectionetn.

2012 779 2160 834 Mors
2186 779 2300 848 jam
2328 796 2436 834 non
2464 779 2785 834 dominatur
2844 779 3182 844 hominibus,
3220 782 3363 835 sicut
3406 780 3548 834 scri-

1953 879 2103 941 ptum
2155 880 2261 933 est,
2290 888 2353 926 ex
2392 888 2503 943 quo
2541 872 2801 927 Christus
2856 886 2962 924 non
3015 871 3274 941 deinceps
3306 874 3541 925 moriun-

1955 980 2049 1018 rns
2083 966 2389 1019 resurrexit
2416 966 2868 1032 insatiabilesqne
2902 962 3109 1027 inferos
3141 980 3342 1021 vacuos
3375 966 3541 1029 fecit;

1950 1056 2132 1109 omnis
2166 1056 2334 1125 igitur
2361 1064 2504 1109 terra
2539 1057 2756 1110 lauetur
2787 1055 3018 1124 diesque
3066 1055 3236 1117 festos
3276 1068 3418 1125 agat.

2013 1144 2391 1213 Resplendclts
2432 1146 2659 1214 angelus
2689 1160 2875 1223 curant
2909 1155 3268 1197 ltiOltIItlH‘lllO
3301 1157 3546 1198 aromata

1953 1238 2256 1293 ferentibus
2275 1237 2412 1291 dixit
2442 1236 2611 1304 :Qnid
2642 1238 2890 1307 ploratis,
2911 1246 3218 1307 quarrentes
3237 1237 3379 1290 inter
3408 1254 3548 1290 ntnr-

1952 1336 2076 1382 tttos
2128 1328 2315 1397 quise
2365 1329 2597 1382 liberum
2655 1327 2821 1381 fecit?
2875 1328 3178 1380 resurrexit
3209 1327 3352 1380 sicut
3408 1342 3549 1395 prae-

1952 1420 2123 1486 dixit;
2164 1422 2308 1475 abite
2340 1421 2467 1474 hinc
2501 1420 2748 1474 laetantes
2791 1429 2843 1472 et
2876 1422 3122 1473 nuntiate
3152 1423 3439 1489 apustolis.

2025 1512 2151 1570 Yisa
2202 1528 2283 1575 es,
2322 1512 2507 1582 Virgo,
2533 1514 2695 1576 latior
2761 1513 2917 1565 t-mlis
2968 1511 3339 1579 complectens
3379 1510 3548 1576 Deum

1951 1603 2131 1673 quide
2162 1613 2213 1671 te
2247 1603 2517 1671 cltaritate
2578 1612 2743 1656 natus
2771 1611 2876 1666 est,
2925 1604 3274 1669 moriensque
3328 1602 3552 1653 donavit

1956 1711 2059 1749 nos
2093 1694 2547 1759 immortalitate;
2578 1695 2725 1747 ltunc
2786 1694 2873 1763 pic
2926 1696 3289 1761 celebrantes,
3328 1702 3400 1756 te,
3440 1708 3550 1744 tne-

1962 1801 2157 1850 ntores
2188 1788 2666 1860 congratulantur.

2511 1899 2805 1954 Simularri
2829 1901 3002 1953 aurci.

2026 2015 2162 2072 Cum
2195 2029 2346 2070 esses
2375 2013 2539 2081 Deus,
2574 2015 2833 2085 dignatus
2871 2031 2953 2077 es,
3002 2014 3336 2075 misericors,
3387 2014 3551 2067 homo

1963 2108 2080 2163 lieri
2103 2116 2157 2163 et
2195 2108 2499 2164 voluntarie
2528 2109 2680 2163 cruci
2706 2107 2896 2163 afﬁxus
2950 2122 3010 2163 es
3052 2119 3275 2177 prepter
3318 2106 3550 2161 salutem

1962 2218 2178 2272 semper
2197 2203 2548 2257 clamantium
2571 2202 2793 2257 :Omnis
2816 2210 3069 2257 creatura
3110 2202 3177 2256 de
3215 2202 3385 2255 nihilo
3427 2214 3552 2270 pro-

1963 2294 2126 2349 ducta
2161 2293 2344 2349 laudet
2373 2293 2687 2349 Dominum.

2038 2386 2346 2441 lnvolutunt
2372 2395 2425 2442 te
2450 2386 2684 2442 sindone
2713 2402 2839 2441 eum
2874 2387 3217 2442 aromatibus
3248 2395 3298 2441 et
3328 2385 3550 2458 myrrlta

1964 2478 2457 2551 deposuittloseplt
2506 2479 2559 2531 itt
2600 2479 2719 2533 lacu
2766 2470 3038 2551 profundo
3070 2495 3083 2543 ;
3117 2479 3406 2533 surrexisti
3453 2464 3553 2531 an?

1968 2584 2069 2627 tem
2134 2587 2330 2626 omnes
2370 2571 2592 2626 salvans
2634 2570 2821 2625 lideles
2877 2571 3330 2625 conclamanlcs:
3362 2569 3553 2625 Omnis

1964 2673 2216 2720 creatura
2257 2664 2325 2719 de
2356 2663 2528 2716 nihilo
2555 2666 2816 2733 producta
2848 2663 3032 2718 laudet
3062 2662 3377 2717 Dominum.

2036 2757 2203 2812 Visus
2229 2771 2290 2811 es
2321 2770 2352 2809 a
2380 2746 2695 2826 discipulis,
2726 2757 3073 2827 omnipotens
3106 2756 3270 2819 Dens,
3299 2772 3327 2809 a
3360 2769 3551 2809 monu-

1968 2837 2155 2906 mento
2180 2850 2505 2911 suscitatus,
2539 2856 2594 2903 et
2656 2847 2845 2902 dixisti
2898 2849 3018 2904 eis:
3078 2849 3154 2903 lte
3204 2863 3300 2918 per
3332 2860 3551 2901 omnem

1967 2945 2230 3001 mundum
2264 2943 2668 3001 incarnationis
2699 2958 2835 2999 meae
2859 2944 3179 3016 mysterium
3211 2943 3552 3007 nuntiantes,

1966 3038 2372 3109 clamantesque
2395 3057 2409 3093 :
2432 3034 2632 3096 Omnis
2645 3044 2896 3093 creatura
2922 3036 3105 3091 laudet
3132 3035 3444 3089 Dominum.
3537 3023 3541 3043 δ

2034 3128 2079 3185 O
2114 3133 2469 3189 sanctissima
2500 3133 2594 3190 Dei
2631 3133 2871 3203 Sponsa,
2904 3130 3071 3185 corda
3118 3137 3307 3184 nostra
3348 3127 3554 3181 sancti-

252 3216 288 3285 ἡ
322 3214 621 3269 κατιδοῦσα
652 3214 743 3266 τὸν
783 3212 1047 3279 πανᾴγιον
1088 3210 1223 3263 Θεὸν
1255 3208 1428 3277 Λόγον
1455 3208 1852 3277 ἐγηγερμένον,

1962 3223 2085 3290 lica,
2110 3233 2191 3291 tu,
2214 3240 2337 3295 qua:
2389 3226 2578 3281 vidisti
2614 3197 2867 3281 verbum
2891 3223 3059 3278 Deum
3118 3223 3290 3278 totius
3348 3218 3557 3274 sancti-

253 3311 349 3375 καὶ
370 3311 426 3364 ἐν
455 3307 766 3380 εὐφροσύνῃ
791 3306 1092 3377 κράζουσα.
1112 3304 1172 3367 Ἡ
1198 3302 1545 3365 ούσιωθεῖσα,
1572 3319 1627 3355 κ.
1648 3318 1702 3355 τ.
1724 3299 1775 3353 λ.

693 3505 921 3575 Ἀπορεῖ
942 3504 1113 3561 πᾶσα
1141 3502 1416 3573 γλῶσσα.

325 3601 504 3656 Μόνον
530 3599 735 3669 ἐπάγη,
758 3597 965 3668 Σῶτερ,
984 3598 1077 3649 ἐπί
1098 3598 1200 3665 γῆς
1224 3597 1252 3647 6
1270 3595 1508 3667 σταυρός
1535 3611 1653 3660 σου,
1670 3596 1731 3647 τὸ
1755 3595 1849 3648 τοῦ

257 3692 497 3748 Θανάτου
528 3691 650 3745 ὅλον
684 3690 1004 3761 οἰκητήριον
1032 3689 1097 3741 ἐκ
1133 3687 1350 3758 βάθρων
1380 3688 1647 3757 ἐσαλεύθη
1672 3704 1687 3720 ⁸
1711 3688 1761 3741 οἱ
1794 3688 1851 3741 δὲ

250 3789 313 3840 ἐν
338 3785 468 3855 σκιᾷ
498 3783 803 3853 καθήμενοι
862 3782 927 3851 τῇ
980 3778 1074 3833 τοῦ
1124 3778 1381 3842 θανάτου,
1421 3777 1639 3846 δεσμῶν
1680 3776 1850 3839 ὅντως

251 3880 526 3950 ἐλύθησαν
547 3877 771 3939 πάντες,
799 3874 961 3939 Δόξα,
997 3871 1362 3935 ἀναϐοῶντες,
1390 3869 1467 3940 τῷ
1525 3869 1718 3940 κράτει
1750 3868 1849 3936 τῆς

248 3972 573 4033 δυναστείας
600 3987 719 4023 σου.

339 4064 404 4116 Ἦ
434 4064 504 4131 γῆ
537 4060 782 4129 ἐσείσθη,
825 4058 1022 4127 πέτραι
1058 4056 1430 4127 διερράγησαν
1465 4052 1636 4120 φόϐῳ,
1672 4051 1850 4121 βουνοί

249 4161 348 4231 καὶ
380 4158 482 4229 ὅρη
514 4156 693 4213 πάντα
726 4153 1116 4222 ἐσαλεύθησαν,
1143 4151 1238 4204 καὶ
1262 4149 1418 4219 ἥλιος
1458 4146 1692 4216 ἐσϐέσθη
1731 4145 1849 4216 βλέ-

250 4251 359 4321 ψας
420 4251 478 4302 ἐν
537 4246 761 4318 σταυρῷ
806 4246 1178 4317 κρεμάμενον,
1240 4241 1432 4311 μοχλοὶ
1466 4240 1562 4294 καὶ
1589 4239 1756 4291 πύλαι
1790 4242 1849 4292 αι

252 4340 478 4409 σιδηραῖ
535 4337 631 4390 τοῦ
686 4336 814 4408 ᾅδου
854 4333 1217 4403 ἐθλάσθησαν,
1272 4330 1504 4403 Χριστὲ,
1546 4328 1630 4395 ὃτι
1678 4331 1748 4399 τῇ
1776 4330 1852 4395 ,ἐκ

249 4431 468 4501 νεκρῶν
501 4446 597 4483 σου
626 4430 846 4498 ἐγέρσει
884 4426 1093 4496 κόσμον
1121 4425 1476 4496 συνήγειρας.

1960 3316 2095 3371 tatis
2149 3316 2339 3372 vidisti
2364 3325 2745 3387 resurgentem
2773 3312 3270 3381 clamastiquecum
3312 3312 3554 3368 exsulta-

1955 3409 2106 3461 tione
2138 3424 2151 3459 :
2177 3405 2369 3467 Omnis
2396 3417 2648 3462 creatura
2673 3404 2855 3460 laudet
2884 3404 3198 3459 Dontinuttt.

2285 3520 2618 3591 Insufﬁct'ens
2647 3530 2720 3576 est
2754 3520 2923 3574 omnis
2956 3518 3159 3588 lingua.

2027 3613 2155 3668 Sola
2176 3612 2372 3669 inﬁxio
2393 3616 2578 3669 crucis
2597 3612 3015 3679 tuae,Salvator,
3036 3611 3092 3665 in
3113 3604 3254 3666 terra
3284 3609 3422 3664 satis
3454 3608 3553 3663 fuit

1956 3708 2026 3763 ad
2064 3706 2316 3763 funditus
2340 3707 2696 3763 evertendum
2735 3707 2935 3760 mortis
2988 3703 3281 3775 imperium
3310 3718 3542 3769 ;omnes

1952 3816 2085 3855 vero
2138 3801 2192 3854 in
2236 3800 2432 3855 umbra
2481 3799 2675 3855 mortis
2725 3797 3001 3861 sedentes,
3054 3795 3268 3851 liberati
3308 3804 3460 3859 sunt,
3502 3796 3551 3862 vi

1956 3893 2250 3965 potestatis
2302 3900 2412 3949 tuae
2449 3891 2686 3963 gloriam
2726 3891 2946 3947 dantes.

2012 4071 2304 4126 Commota
2335 4077 2425 4125 est
2453 4078 2623 4135 terra,
2659 4082 2790 4124 saxa
2814 4083 2926 4139 prae
2951 4078 3175 4139 stupore
3200 4070 3374 4126 scissa
3400 4079 3549 4144 sunt,

1957 4158 2136 4215 colles
2164 4167 2220 4212 et
2266 4172 2461 4212 omnes
2503 4167 2722 4212 montes
2778 4156 3038 4212 excussi:
3089 4157 3169 4212 sol
3220 4161 3553 4213 obscuratus

1958 4258 2065 4315 est,
2093 4249 2286 4303 videns
2314 4255 2366 4302 te
2388 4246 2722 4318 pendentem
2753 4261 2784 4301 a
2826 4248 2979 4318 tigno
3008 4258 3232 4314 ;vectes
3283 4255 3338 4303 et
3384 4257 3553 4318 portat

1957 4342 2149 4397 ferreae
2179 4338 2383 4395 inl‘erni
2433 4340 2717 4395 confracta
2779 4346 2929 4405 sunt,
2988 4340 3210 4409 quando
3256 4354 3551 4410 resurgens

1956 4448 1986 4486 a
2024 4432 2260 4487 mortuis
2282 4440 2463 4487 tecum
2496 4446 2787 4502 resurgere
2812 4429 2995 4486 fecisti
3020 4430 3305 4485 mundum.

326 4523 542 4591 Νεκρόν
572 4539 629 4558 ν·
693 4520 897 4592 βλέψας
928 4519 1095 4573 πάλαι
1143 4519 1201 4571 ἐν
1232 4515 1452 4586 σταυρῷ
1492 4516 1521 4568 6
1557 4513 1851 4584 εὐσχήμων

2036 4521 2178 4575 Olim
2214 4536 2451 4577 cernens
2469 4529 2542 4586 te,
2581 4520 2831 4585 Domine,
2856 4529 3137 4575 mortuum
3158 4522 3211 4574 in
3237 4536 3401 4575 cruce
3450 4521 3550 4576 lto-

262 4612 617 4684 Ἀριμαθίας,
670 4609 941 4676 Δέσποτα,
992 4607 1249 4662 καθεῖλεν
1301 4606 1368 4659 ἐκ
1390 4604 1483 4665 τοῦ
1515 4603 1699 4669 ξύλου,
1760 4603 1858 4656 καὶ

251 4702 456 4757 σινδόνι
484 4701 606 4763 τότε
640 4700 858 4771 καθαρᾷ
883 4698 1154 4768 ἐνείλησε,
1184 4696 1281 4751 καὶ
1316 4699 1373 4749 ἐν
1408 4695 1660 4766 μνημείῳ
1687 4693 1862 4765 καινῷ

252 4794 440 4864 πολλῷ
474 4796 572 4846 σὺν
598 4792 749 4863 φόϐῳ
772 4791 1007 4846 ἀπέθετο
1048 4790 1254 4861 σπουδῇ
1274 4804 1288 4819 ’
1316 4789 1381 4843 σὺ
1403 4788 1479 4854 δὲ,
1515 4786 1695 4851 καθὼς
1724 4804 1863 4859 προ-

255 4892 443 4952 εῖπας,
478 4886 735 4955 ἀνέστης,
765 4885 929 4953 ᾼόγε,
956 4885 1274 4955 τριήμερος.

328 4978 600 5049 Νομίμων
631 4978 755 5048 δίχα
782 4976 1015 5040 τέτοκας
1044 4977 1303 5045 ἀρρήτως
1332 4974 1425 5026 τὸν
1462 4973 1657 5040 Λογον,
1682 4971 1740 5023 ὃν
1767 4971 1859 5025 ὑπ’

256 5070 502 5141 ἀνόμων,
534 5064 806 5124 Δέσποινα
829 5069 1164 5139 πανάμωμε,
1189 5065 1441 5137 βουλήσει
1456 5063 1859 5133 σταυρωθέντα,

258 5167 354 5217 καί
389 5163 766 5217 κατατεθέντα
793 5162 1061 5232 μνήματι,
1095 5160 1190 5213 καὶ
1227 5157 1520 5229 ἐγερθέντα
1554 5159 1616 5210 ἐκ
1644 5158 1753 5210 τῶν
1779 5173 1861 5209 νε-

260 5256 411 5326 κρῶν
434 5255 509 5318 ὠς
555 5250 714 5318 εἶδες,
771 5242 1051 5325 ἐπλήσθης
1097 5250 1381 5322 χαρμονῆς
1410 5266 1423 5280 ο
1487 5248 1673 5302 τοῦτον
1718 5248 1860 5318 ὑπὲρ

262 5348 423 5420 ἡμῶν
449 5347 778 5402 δυσωποῦσα
802 5348 908 5401 τῶν
936 5346 1324 5415 άνυμνούντων
1353 5360 1431 5396 σε.

470 5463 852 5535 Τεμνομένην
880 5464 1204 5519 θάλασσαν
1226 5462 1428 5530 ῥάϐδῳ
1455 5460 1662 5513 πάλιν.

345 5557 579 5621 ’Δναϐάς
610 5557 688 5620 είς
713 5555 849 5625 ὖψος
871 5552 1252 5625 αίχμαὶωσίαν
1266 5551 1365 5621 τὴν
1381 5554 1439 5604 ἐν
1464 5550 1540 5620 τῷ
1560 5549 1661 5621 ᾄδῃ
1693 5549 1881 5603 πάλαι

266 5653 661 5731 συνεχομένην,
711 5652 788 5716 ὡς
818 5650 1077 5721 κραταιὸς
1111 5648 1323 5710 ἔλαϐες,
1374 5647 1579 5717 Σῶτερ,
1611 5645 1707 5698 καὶ
1738 5662 1860 5697 συν-

261 5745 568 5815 ανέστησας
597 5744 797 5814 ἐαυτῷ,
840 5743 1144 5815 τριήμερος
1196 5741 1260 5810 ἐκ
1292 5738 1385 5793 τοῦ
1442 5739 1615 5806 τάφου
1672 5738 1863 5803 ἐξανα-

267 5836 417 5900 στὰς,
443 5836 815 5905 φιλάνθρωπε,
831 5835 905 5897 ὼς
926 5832 1307 5899 παντοδύναμο
1322 5851 1359 5890 :.

588 5933 860 5993 Parnm.
911 5932 1027 5990 Gn.
1087 5929 1455 5990 LXXXVII-

1966 4618 2158 4665 nestus
2180 4610 2505 4664 Arimatltia:
2538 4611 2699 4673 civis,
2726 4604 2959 4664 sustulit
3003 4611 3130 4665 inde
3158 4625 3360 4679 corpus
3393 4619 3547 4665 tuum

1967 4698 2245 4768 linteoque
2304 4698 2613 4753 involutum
2675 4698 2884 4753 mundo
2923 4710 3245 4754 reverenter
3293 4699 3546 4770 deposuit

1966 4792 2019 4844 in
2052 4797 2414 4844 monumento
2458 4804 2601 4844 novo
2634 4805 2648 4853 ;
2692 4798 2749 4843 ttt
2784 4804 2917 4845 vero
2962 4800 3087 4859 post
3140 4802 3252 4850 tres
3284 4790 3403 4845 die‘s
3424 4808 3545 4846 sur-

1965 4878 2179 4939 rexisti,
2206 4879 2352 4930 sicut
2387 4876 2743 4944 praedixeras.

2030 4965 2193 5021 Modo
2246 4967 2470 5021 insolito
2535 4980 2600 5021 ac
2647 4966 2913 5021 ineﬂ‘abili
2952 4983 3243 5039 pepereras
3280 4968 3543 5034 Veritum,

1965 5061 2319 5116 immaculata
2342 5059 2595 5124 Domina,
2649 5062 2793 5132 quod
2833 5062 3067 5116 consilio
3098 5062 3388 5151 impiorum
3419 5080 3548 5119 cru-

1965 5157 2279 5220 cilixerunt,
2314 5165 2367 5210 et
2394 5155 2706 5228 depositunt
2737 5156 2792 5209 in
2826 5167 3179 5215 monumento
3209 5171 3336 5212 cuin
3360 5158 3541 5212 vidisti

1968 5265 1997 5302 a
2027 5248 2259 5303 mortuis
2285 5264 2599 5320 resurgens,
2633 5249 2837 5317 repleta
2870 5266 2928 5305 es
2957 5251 3157 5320 gaudio
3186 5269 3200 5305 :
3262 5252 3408 5306 istud
3449 5253 3541 5305 de-

1966 5356 2191 5412 precare
2219 5358 2318 5413 pro
2341 5335 2500 5397 nobis
2526 5350 2578 5396 te
2605 5342 2974 5397 laudantibus.

2248 5454 2483 5511 Rursum
2505 5457 2688 5511 divisa:
2711 5467 2836 5509 sunt
2867 5474 3017 5526 aqua:
3040 5457 3227 5517 maris.

2038 5547 2359 5604 Ascendens
2383 5549 2436 5601 in
2462 5549 2631 5601 altum
2657 5546 2932 5602 detentant
2970 5547 3023 5600 itt
3050 5547 3268 5607 inferno
3312 5547 3545 5624 captivi-

1964 5652 2133 5696 tatem
2206 5642 2401 5710 cepisti
2460 5650 2518 5693 ut
2572 5639 2991 5708 potentissimus
3060 5638 3331 5706 Salvator,
3386 5641 3545 5694 terti.

1968 5733 2056 5793 die
2084 5743 2399 5798 tesurgens,
2427 5744 2659 5799 eamque
2684 5743 2911 5808 surgere
2942 5726 3119 5805 fecisti
3154 5736 3355 5790 tecum,
3391 5725 3546 5780 ama?-

1967 5838 2051 5878 lUl'
2080 5831 2287 5876 liUﬂCl'.

3107 5916 3217 5975 1‘24
