4250 6442
302 427 441 493 3949
1732 419 1980 484 ΤΒΙΟΒΪ

1904 419 2147 482 >DIUM.
3443 433 3582 499 3950

381 538 471 603 Ὠς
508 537 705 611 ὖρθρος
756 536 847 591 τὸν
904 536 1056 607 ἣλιον
1108 535 1483 608 προφέρουσα,
1517 532 1780 607 Παρθένε,
1840 534 1896 585 ὲν
1926 543 1970 601 Α

1926 543 1970 601 Α
2071 527 2226 584 Sicut
2270 539 2395 586 ante
2439 530 2741 588 diluculum
2787 535 3072 607 proferens
3124 538 3318 605 solem,
3352 542 3404 595 in
3438 544 3582 602 ulnis

300 633 570 704 ἀγκάλαις
591 632 937 698 ἐξανέτειλας
970 632 1105 703 ἡμῖν
1127 631 1239 694 τοῖς
1276 630 1335 682 ὲν
1360 628 1437 699 τῷ
1471 627 1670 681 σκότει.

1992 625 2178 680 lumen
2234 625 2369 680 oriri
2427 624 2604 683 fecisti
2653 643 2821 700 super
2871 645 2972 688 nos
3031 631 3287 688 sedentes
3329 633 3384 689 in
3431 643 3581 692 tene.

650 813 763 866 Τὸν
801 813 902 867 ὑπ’
936 811 1211 882 ἀγγέλων
1232 809 1553 879 ἀσιγήτως.

369 927 555 997 Δῆμος
580 928 899 1000 παράνομος
936 926 1207 1000 Ἐϐραίων
1264 926 1357 980 ἐπὶ
1403 925 1562 994 ξύλου
1598 942 1657 978 σε
1688 925 1880 978 ἐσταύ-

298 1036 466 1090 ρωσε,
498 1022 595 1091 τὴν
618 1020 710 1073 διὰ
740 1020 900 1087 ξύλον
923 1021 1036 1083 τοῖς
1076 1018 1286 1090 βροτοῖς
1327 1017 1619 1089 γενομένην
1655 1015 1883 1086 βλάϐην,

296 1112 569 1175 Δέσποτα,
601 1108 831 1179 ἰώμενον
860 1107 1058 1171 ἐνθέως
1080 1122 1095 1139 ο
1116 1105 1239 1161 ὅθεν
1270 1108 1477 1176 φωναῖς
1506 1102 1882 1175 χαριστηρίοις

293 1202 379 1257 ἀεί
402 1219 461 1255 σε
492 1203 521 1256 ὁ
530 1200 663 1271 μνοῦ
672 1219 793 1269 μεν.

374 1295 529 1354 "leo;
556 1291 752 1362 Πατρὶ,
774 1287 1001 1360 Χριστὲ,
1022 1286 1116 1341 καὶ
1141 1284 1419 1355 Πνεῦματι
1439 1283 1698 1353 πεφυκὼς
1719 1302 1882 1340 σταυ-

295 1384 387 1453 ρὸν
414 1384 738 1453 ὑπέμεινας,
816 1383 910 1435 καὶ
952 1377 1228 1448 λογισθεὶς
1284 1379 1343 1430 ὲν
1398 1379 1509 1440 τοῖς
1550 1379 1764 1448 νεκροῖς
1815 1379 1883 1431 τὰ

292 1476 542 1547 βασίλεια
567 1477 842 1538 ὲκὲνωσας
868 1472 960 1527 τοῦ
996 1472 1123 1544 ᾆδον
1153 1469 1496 1543 παραδόξως,
1518 1469 1608 1523 καὶ
1644 1468 1884 1534 ἀναστὰς

294 1567 623 1638 σννήγειρας
646 1563 824 1636 ἑαυτῷ
856 1565 1036 1617 πᾶσαν
1068 1560 1268 1616 κτίσιν.

365 1659 500 1730 ’ᾼὸη
528 1658 820 1729 παμφάγε,
862 1655 964 1709 ποῦ
995 1655 1053 1707 τὸ
1081 1655 1309 1726 κέντρου
1340 1671 1434 1707 σου
1463 1671 1477 1720 ;
1508 1651 1611 1706 ποῦ
1636 1670 1750 1717 σου,
1788 1651 1883 1707 θά-

292 1768 449 1817 νατε,
476 1750 539 1803 τὸ
570 1752 754 1814 νῖκοςς
801 1746 875 1818 τῷ
901 1746 1195 1800 ἀναστάντι
1236 1747 1300 1799 ἐκ
1339 1745 1547 1814 νεκρῶν
1578 1743 1883 1798 τεθανατω-

289 1857 403 1903 σαι,
429 1840 771 1910 νενέκρωσαι
805 1837 885 1909 τῷ
938 1838 1086 1907 μόνῳ
1142 1834 1411 1906 ζωοὸὁτη’
1455 1834 1513 1887 ὃν
1573 1835 1670 1888 σὺν
1706 1834 1881 1906 Πατρὶ

286 1936 381 1987 καὶ
413 1934 697 2003 Πνεύματι
717 1934 766 1985 οἱ
788 1931 970 1985 πιστοὶ
998 1928 1433 2000 προσκυνοῦμεν.

360 2026 478 2079 Ἷνα
504 2024 686 2099 θεὼσῃ
718 2025 780 2079 τὸ
813 2022 1176 2094 ἀνθρώπινον,
1218 2024 1247 2075 ὁ
1276 2019 1410 2084 Θεὸς
1462 2017 1751 2091 ἄνθρωπος
1780 2018 1874 2087 γέ-

284 2136 466 2187 γονεν,
488 2120 552 2172 ἐκ
574 2116 690 2183 σοῦ,
724 2117 1035 2186 πανάμωμε
1050 2115 1189 2186 ἁγνή
1208 2129 1222 2144 ο
1254 2113 1313 2167 ὃν
1335 2115 1399 2166 ἐκ
1422 2112 1596 2181 τάιρου
1619 2112 1880 2183 ὡραιότα-

282 2226 376 2263 τον
409 2209 655 2273 κατεῖδες
685 2208 1018 2281 προελθόντα
1066 2208 1144 2272 ὡς
1191 2206 1421 2279 νικητὴν
1475 2205 1571 2261 τοῦ
1603 2204 1753 2275 ᾅδου,
1785 2204 1878 2258 καὶ

281 2302 570 2373 χαρμονῆς
608 2301 955 2373 ὲπληρὼθης.

586 2413 683 2466 Ἐν
705 2413 922 2481 Σιναίῳ
952 2413 1030 2479 τῷ
1063 2412 1185 2481 ὄρει
1225 2409 1461 2466 κατεῖδέ
1494 2426 1588 2464 σε.

365 2529 456 2591 Ὠς
489 2528 661 2598 ἀμνὸς
684 2529 821 2601 πρὸς
839 2528 1054 2600 σφαγὴν
1081 2527 1563 2601 ἡχθης,,Δέσποτα,
1591 2525 1875 2589 ἑκουσίως,

297 2621 500 2693 Ἰησοῦ,
530 2623 633 2675 οὐκ
683 2623 905 2693 ἐρίζων,
933 2622 996 2675 οὐ
1030 2622 1276 2692 κράζων,
1303 2621 1379 2684 ὠς
1420 2620 1767 2691 γέγραπται·
1802 2617 1878 2688 τῷ

284 2692 507 2781 θανάτῳ
530 2727 623 2763 σου
652 2713 684 2780 ἡ
695 2713 825 2780 μᾶς,
843 2711 1007 2779 Δόγε,
1025 2709 1364 2774 ἀθανατίζων
1380 2711 1506 2773 τοὺς
1518 2708 1880 2778 ὑμνολογοῦν-

281 2804 385 2866 τάς
421 2819 517 2856 σου
555 2802 728 2867 πάθος
753 2804 1044 2874 ἄχραντον,
1080 2802 1178 2856 καὶ
1227 2802 1326 2871 τὴν
1368 2804 1431 2854 ὲκ
1467 2801 1561 2855 τοῦ
1596 2801 1720 2873 ᾅδου
1748 2817 1877 2870 φρι-

286 2898 423 2968 κτὴν
454 2895 775 2951 ἀναϐίωσιν.

357 2990 755 3062 Συντριϐέντας
783 2991 928 3058 ἡμᾶς
963 2991 1422 3064 ἑκαινούργησας,
1440 2988 1618 3057 Ἰησοῦ
1644 2986 1873 3058 παμϐα-

283 3082 458 3144 σιλεῦ,
507 3084 573 3152 τῇ
604 3084 775 3152 σεπτῇ
800 3082 1109 3153 καὶφρικτῇ
1134 3084 1428 3136 ἀναστάσει
1451 3099 1545 3135 σου
1566 3096 1579 3112 ⁸
1609 3079 1877 3151 μαθηταῖς

280 3175 340 3228 δὲ
366 3173 587 3245 ὁραθείς
634 3173 733 3245 τὴν
777 3173 1003 3242 εἰρήνην
1040 3190 1134 3228 σου
1171 3176 1381 3238 τούτοις
1411 3174 1716 3245 παρέσχον,
1756 3171 1878 3240 φιλ-

1991 714 2128 767 bris.

2453 810 2618 877 Quem
2666 813 2888 866 laudant
2922 816 3115 884 angeli.

2060 920 2303 991 lnjustus
2336 922 2686 979 llebrteorum
2731 923 2969 995 populus
2994 922 3163 978 affuit
3189 937 3242 980 te
3285 925 3436 980 cruci
3485 925 3579 995 qui

1989 1026 2155 1068 sanas
2201 1012 2387 1083 plagas
2433 1014 2500 1068 ab
2548 1013 2768 1070 arboris
2810 1015 2959 1086 ligno
3002 1015 3184 1072 illatas
3228 1020 3575 1077 mortalibus.

1990 1101 2137 1157 unde
2166 1111 2218 1156 te
2256 1104 2398 1174 grati
2425 1103 2806 1160 indesinenter
2831 1106 3238 1164 collaudamus.

2061 1278 2142 1336 Tu
2178 1284 2270 1353 qui
2310 1293 2508 1339 natura
2545 1285 2776 1355 aequalis
2805 1301 2865 1342 es
2893 1285 3042 1343 Patri
3077 1297 3132 1345 et
3164 1288 3395 1360 Spiritui
3446 1305 3576 1348 san—

1987 1382 2076 1429 cto
2115 1390 2334 1432 crucem
2384 1376 2653 1445 sustines,
2680 1389 2735 1434 et
2776 1389 3107 1438 numeratus
3135 1381 3280 1437 inter
3325 1397 3574 1440 mortuus

1985 1467 2267 1521 evacuasti
2297 1467 2604 1525 inferorum
2642 1469 2762 1526 loca
2804 1472 2968 1527 modo
2996 1488 3228 1543 prorsus
3255 1476 3575 1545 mirabili,rt

1986 1571 2218 1628 surgens
2244 1557 2422 1615 fecisti
2456 1569 2635 1617 tecum
2660 1576 2890 1634 surgere
2922 1576 3144 1618 onmem
3189 1575 3520 1621 creaturam.

2056 1649 2253 1707 Omnia
2289 1653 2591 1723 deglutiens
2617 1653 2889 1720 infernus,
2923 1665 3053 1712 tuus
3071 1656 3164 1712 ubi
3194 1665 3279 1713 est
3312 1658 3576 1713 aculeus?

1984 1758 2018 1799 ο
2039 1759 2208 1812 mors,
2232 1745 2325 1801 ubi
2359 1745 2590 1802 victoria
2623 1747 2755 1803 tua?
2779 1746 2987 1803 Auctor
3017 1750 3142 1803 vita:
3175 1764 3472 1821 resurgens
3503 1766 3573 1807 ex

1984 1838 2219 1895 mortuis
2239 1838 2354 1894 sola
2386 1838 2588 1894 occidit
2604 1846 2659 1895 te
2687 1841 2928 1910 potentia
2946 1853 3068 1907 sua,
3084 1855 3244 1911 quem
3267 1856 3390 1897 cum
3412 1841 3571 1895 l‘atre

1982 1938 2036 1983 et
2066 1928 2269 1999 Spiritu
2312 1941 2507 1987 sancto
2530 1930 2718 1988 fideles
2746 1932 3062 1988 adoramus.

2055 2017 2228 2087 Quem
2277 2021 2572 2093 peperisti,
2618 2037 2652 2078 o
2685 2022 3038 2078 immaculata
3066 2020 3255 2092 Virgo,
3287 2021 3451 2078 homo
3491 2021 3570 2077 fa-

1983 2117 2107 2167 ctus
2139 2119 2224 2168 cst
2257 2120 2316 2167 ut
2344 2127 2444 2167 nos
2477 2109 2687 2170 faceret
2717 2114 2889 2177 deos;
2934 2112 3080 2169 bune
3111 2112 3301 2169 vidiSti
3338 2128 3569 2183 surgen-

1981 2212 2088 2260 tem
2141 2220 2171 2261 e
2206 2205 2463 2275 sepulcro
2502 2203 2702 2260 inferni
2763 2204 3121 2267 «lex-ictorem,
3177 2214 3227 2260 et
3267 2206 3477 2277 repleta
3509 2221 3570 2261 es

1981 2296 2199 2364 gaudio.

2419 2409 2559 2465 l'idit
2597 2421 2643 2465 lc
2671 2414 2724 2467 in
2761 2424 2933 2470 mante
2960 2416 3134 2471 Sirmi.

2054 2523 2210 2580 Sicut
2236 2540 2415 2596 agnus
2449 2527 2759 2583 voluntarie
2776 2529 2977 2586 ductus
3005 2544 3068 2586 es
3099 2531 3165 2586 ad
3190 2540 3447 2597 mortem,
3481 2548 3569 2587 ne-

1978 2636 2088 2690 que
2120 2620 2400 2676 reluctans
2440 2635 2620 2691 neque
2646 2622 2809 2676 ullam
2853 2625 3139 2693 proferens
3187 2627 3467 2696 querelam
3508 2630 3568 2681 ut

1980 2711 2248 2781 scriptum
2285 2720 2374 2766 est
2415 2728 2429 2765 :
2479 2712 2762 2771 virifleans
2808 2729 2911 2769 nos
2966 2730 3180 2780 omnes,
3230 2730 3265 2772 ο
3304 2715 3563 2777 Verbum.

1982 2807 2160 2854 morte
2187 2809 2303 2864 tua,
2336 2808 2488 2856 tuam
2523 2803 2871 2861 celebrantes
2901 2806 3231 2862 cbaritatem
3266 2808 3564 2878 gratuitam

1981 2890 2422 2961 stupendamque
2452 2894 2937 2949 resurrectionem.

2050 2980 2309 3035 Gloriosa
2337 2982 2720 3052 stupendaque
2749 2986 3162 3043 resurrectione
3203 2997 3296 3043 tua
3340 2988 3564 3045 confra-

1981 3080 2102 3126 etos
2141 3085 2245 3126 nos
2288 3073 2943 3139 renovasti,dominator
2980 3079 3255 3142 omnium,
3284 3078 3468 3146 Jesus,
3509 3090 3564 3137 et

1980 3174 2251 3233 apparens
2281 3162 2574 3235 discipulis
2610 3173 2785 3235 tuam,
2817 3182 2851 3223 o
2887 3179 3104 3226 amator
3135 3171 3441 3240 hominum,
3469 3174 3566 3229 de-

281 3266 541 3337 άνθρωπε
559 3282 573 3296 ⁸
605 3267 674 3338 ἢν
696 3268 831 3336 ἡμῖν
856 3265 1101 3338 δὼρησαι
1130 3270 1245 3331 τοῖς
1268 3266 1627 3336 ὑμνολογοῡσι
1653 3265 1752 3336 τὴν
1773 3264 1871 3337 σὴν
1900 3247 1940 3304 c

1900 3247 1940 3304 C
1974 3253 2103 3310 disti
2139 3269 2355 3325 pacem,
2389 3271 2557 3328 quam
2583 3257 2793 3315 donare
2822 3259 2982 3317 nobis
3030 3260 3274 3334 digneris
3309 3273 3457 3321 tuam
3486 3281 3565 3322 eeo

283 3359 437 3413 θείαν
470 3360 709 3432 ἔγερσιν.

365 3453 430 3505 Ἦ
485 3454 660 3523 σεπτὴ
738 3454 1068 3526 μυροφόρων
1135 3452 1480 3522 συνάθροισις
1542 3451 1875 3522 παρεγένετο

281 3543 489 3615 σπονδῇ
524 3544 662 3616 πρὸς
688 3545 748 3598 τὸ
785 3546 961 3614 ἅγιον,
1001 3543 1271 3612 Δέσποτα,
1296 3545 1485 3615 μνῆμά
1503 3560 1619 3609 σου,
1649 3541 1746 3596 τοῦ
1776 3560 1874 3613 μν-

283 3637 435 3711 ρίσαι
470 3654 557 3703 σε,
588 3637 795 3709 Χριστέ
821 3655 836 3669 ·
861 3641 922 3692 ὲν
947 3636 1160 3705 λευκοῖς
1181 3638 1239 3693 δὲ
1277 3640 1521 3693 κατεῖδον
1561 3637 1872 3707 καθήμενον

277 3728 536 3797 ἄγγελον,
565 3728 797 3792 ταύταις
827 3728 1233 3799 φθεγγόμενον
1260 3729 1322 3780 Τί
1354 3728 1494 3798 μετὰ
1521 3727 1732 3799 νεκρῶν
1772 3727 1873 3796 τὴν

277 3816 429 3887 ζωὴν
465 3817 688 3886 βλέπειν
723 3816 906 3871 Θέλετε
931 3835 946 3884 ;

350 3909 669 3980 Φωτοδοτην
696 3911 940 3981 ἑκύησας
987 3911 1192 3981 Κύριον
1231 3910 1374 3979 πύλη
1391 3905 1527 3963 οὖσα
1547 3908 1642 3962 τοῦ
1673 3909 1871 3978 ιςωτος,

277 4002 344 4052 ἐκ
375 4005 547 4069 ταςου
576 4000 935 4071 ἀστράψαντα
954 4000 1194 4071 βλέψασα
1216 3999 1544 4071 ὲπληρώθης
1560 4000 1840 4071 χαρμονῆς
1857 4016 1869 4028 ·

273 4091 393 4146 ἀλλ’
426 4091 591 4146 αὐτὸν
614 4091 921 4146 ἑκδυσώπει
957 4092 1153 4156 πένθος
1182 4110 1274 4163 μοι
1289 4092 1668 4164 δωρήσασθαι,
1698 4092 1869 4161 Κόρη.

276 4186 648 4257 χαρμόσννον,
680 4185 966 4256 πρόξενον,
999 4186 1195 4257 σεμνὴ,
1238 4186 1339 4254 τῆς
1390 4186 1508 4239 ἐκεῖ
1560 4184 1818 4254 παρακ).ή
1841 4214 1863 4226 ο

277 4292 440 4339 σεως.

541 4446 611 4500 Τὸ
640 4447 973 4502 κατάσκιον
1002 4447 1138 4516 ὄρος
1179 4450 1214 4502 ὁ
1254 4446 1616 4516 Ἀμϐακούμ.

361 4538 685 4610 Ἀπορῤἡτῳ
718 4538 910 4593 ὲνώσει
969 4538 1259 4610 ὀμοιωθεὶς
1314 4540 1428 4603 τοῖς
1469 4536 1799 4609 ἀνθρώποις.
1838 4539 1868 4591 ὀ

1979 3344 2327 3403 lebrantibus
2361 3351 2826 3407 resurreetionem
2857 3352 3123 3409 divinam.

2049 3432 2396 3495 Venerabilis
2428 3436 2721 3494 ferentium
2762 3451 3008 3509 aromata
3039 3452 3219 3502 coetus
3243 3445 3567 3503 festinanter

1980 3525 2045 3579 ad
2079 3534 2336 3581 sanctum
2386 3536 2541 3582 tuum
2573 3539 2847 3586 venerunt
2874 3533 3191 3603 sepulcrum
3219 3544 3281 3590 ut
3313 3545 3365 3590 te
3392 3550 3566 3605 unge-

1980 3625 2137 3684 rent;
2168 3628 2584 3689 couspexerunt
2644 3629 2827 3679 autem
2876 3625 2930 3679 in
2972 3637 3329 3682 monumento
3370 3626 3567 3682 seden-

1979 3717 2088 3763 tem
2129 3709 2382 3779 angelum
2419 3710 2563 3766 albis
2614 3712 2878 3767 vestitum
2919 3714 3013 3784 qui
3049 3714 3190 3769 dixit
3227 3715 3337 3772 illis
3368 3732 3381 3770 :
3423 3714 3563 3782 Quid

1977 3800 2222 3869 quaeritis
2247 3801 2433 3859 videre
2466 3804 2635 3859 vitam
2666 3805 2812 3861 inter
2838 3807 3111 3862 mortuos?

2048 3891 2214 3949 Facta
2248 3909 2311 3949 es
2348 3894 2491 3951 lucis
2525 3896 2732 3954 ostium
2782 3912 2850 3954 eo
2888 3899 3035 3969 quod
3068 3901 3331 3972 peperisti
3378 3901 3565 3959 Domi-

1978 4000 2109 4039 num
2138 3985 2386 4041 datorem
2430 3987 2591 4053 lucis,
2619 3998 2673 4045 et
2701 4004 2827 4045 cum
2856 3992 3042 4047 vidisti
3069 3992 3222 4047 illum
3245 4007 3370 4049 cum
3389 3995 3565 4065 Splen-

1977 4078 2111 4131 tlore
2140 4088 2498 4135 monumento
2521 4090 2858 4152 surgentem,
2883 4084 3086 4154 gaudio
3107 4084 3314 4156 repleta
3344 4100 3426 4140 es.
3453 4084 3560 4143 Sed

1977 4168 2278 4237 deprecare
2303 4170 2529 4237 illum,o
2561 4169 2747 4243 Virgo,
2775 4182 2835 4227 ut
2853 4174 2945 4230 det
2974 4174 3375 4233 mihidolorem
3399 4194 3560 4248 quem

1977 4257 2147 4312 leniat
2196 4259 2387 4315 laetitia
2426 4262 2712 4332 pariatque
2746 4264 2880 4318 milii
2909 4266 2964 4319 in
2994 4266 3098 4321 hae
3124 4276 3271 4323 terra
3301 4272 3561 4327 consola-

1975 4348 2199 4405 tionem.

2353 4441 2505 4498 Mons
2538 4443 2888 4503 adumbratas
2912 4448 3189 4508 Habacuc.

2048 4531 2317 4590 ineffabili
2345 4535 2551 4592 unione
2582 4544 2675 4591 tua
2713 4551 2841 4593 cum
2867 4550 3063 4595 natura
3096 4549 3282 4598 nostra
3322 4543 3560 4601 homini-

277 4628 444 4700 μόνος
473 4629 798 4701 ὑπερούσιος
826 4631 1062 4703 σταυρὸν
1081 4630 1247 4701 σαρκὶ
1274 4628 1599 4699 ὑπέμεινας,
1633 4629 1729 4684 καὶ
1749 4629 1867 4683 ἐλο-
1894 4655 1947 4715 D

1894 4655 1947 4715 Β
1976 4625 2078 4682 bus
2107 4625 2307 4683 similis
2351 4626 2604 4695 effectus,
2650 4631 2903 4699 quamvis
2951 4646 3119 4703 super
3155 4648 3374 4692 onmem
3417 4638 3554 4693 sub-

271 4718 474 4791 γίσθης
503 4722 563 4774 ὲν
597 4725 714 4786 τοῖς
743 4725 982 4794 νεκροῖς,
1046 4723 1141 4777 καὶ
1195 4722 1496 4795 τριήμερος
1551 4722 1783 4793 ἀνέστης
1830 4723 1864 4794 ἡ

272 4810 393 4884 ζωὴ
426 4811 538 4866 τῶν
562 4813 845 4867 ἁπάντων.

359 4984 536 5056 ἰησοῦ
559 4986 588 5039 ὀ
620 4986 755 5051 Berl;
786 5003 912 5055 μου,
945 4986 1091 5059 ὕδωρ
1119 4986 1269 5060 ζωῆς
1312 4987 1691 5062 χρηματίζων,
1719 4990 1866 5061 βαδί-

270 5076 389 5142 ζεις
410 5077 623 5133 κοπιῶν
652 5079 711 5131 ὲν
736 5079 926 5151 σαρκὶ,
954 5080 1093 5151 πρὸς
1118 5083 1184 5153 τῇ
1206 5085 1355 5153 πηγῇ
1377 5100 1392 5116 ο
1426 5082 1636 5155 καθέζῃ
1666 5084 1744 5151 δὲ,
1773 5085 1866 5139 καὶ

271 5170 633 5241 Σαμαρείτιδι
661 5171 884 5240 γυναικὶ
922 5173 1021 5245 τῆς
1051 5174 1241 5244 σοφίας
1273 5191 1367 5228 σου
1401 5177 1463 5229 τὸ
1493 5177 1644 5249 νᾶμα
1674 5194 1865 5249 μυστι-

272 5259 385 5324 κῶς
398 5262 583 5331 ἐπιχέε
593 5278 663 5325 ις.

346 5348 697 5421 Νοσημάτων
731 5354 996 5409 ποικίλων
1028 5358 1153 5422 τοὺς
1207 5360 1532 5429 προσιόντας
1563 5377 1667 5425 σοι,
1701 5363 1862 5432 Λὸγε,

269 5443 558 5517 καθαίρων
590 5447 658 5517 τῇ
692 5447 989 5519 προστάξει
1016 5467 1132 5517 σου,
1183 5454 1417 5524 σταυρὸν
1458 5453 1600 5508 ἑκὼν
1629 5455 1865 5525 ὑπέμει-

269 5553 371 5601 νας
397 5554 411 5569 ⁸
452 5538 549 5592 καὶ
575 5538 636 5592 ἐν
675 5542 931 5615 μνημείῳ
969 5545 1312 5612 κατατεθεὶς,
1359 5547 1733 5620 ἐξανέστησας
1766 5549 1864 5620 τὴν

270 5627 440 5698 φύσιν
469 5629 581 5685 τῶν
612 5631 918 5705 ἀνθρώπων
952 5636 1272 5709 φθαρεῖσαν.

355 5804 482 5858 Ἐπὶ
546 5805 609 5862 σὲ
661 5809 694 5878 ἡ
730 5807 892 5878 σοφία
951 5810 1161 5883 Πατρὸς
1191 5814 1428 5886 ἀνάρχου
1467 5815 1756 5887 κατῆλθεν,
1787 5819 1863 5884 ὡς

267 5889 426 5957 ὑετὸς
459 5895 552 5948 ἐπὶ
578 5894 768 5964 πόκον,
808 5898 946 5967 ἁγνὴ
987 5899 1082 5953 καὶ
1110 5903 1452 5970 σαρκωθεῖσα
1475 5904 1597 5973 δὲγα
1628 5908 1858 5979 τροπῆς,

1972 4719 2232 4777 stantiam
2285 4718 2341 4774 in
2384 4734 2553 4776 carne
2598 4736 2800 4792 passus
2842 4739 2906 4781 es
2957 4725 3278 4794 crucifixus,
3326 4736 3384 4784 et
3414 4731 3558 4786 inter

1971 4823 2224 4870 mortuos
2247 4823 2649 4871 annumeratus
2674 4830 2758 4882 es,
2785 4825 2985 4887 etpost
3014 4818 3136 4875 dies
3165 4829 3279 4877 tres
3310 4836 3555 4878 resurre-

1971 4901 2099 4958 xisti
2129 4904 2239 4958 vita
2275 4903 2548 4959 omnium.

2041 4991 2086 5048 0
2108 4991 2258 5057 Jesu,
2289 4991 2436 5048 Deus
2468 5008 2643 5061 meus,
2658 5003 2811 5067 aqua
2842 4995 2965 5052 vita:
3012 5007 3218 5054 nostra:
3267 5001 3558 5072 negetians

1971 5085 2239 5149 salutem,
2263 5084 2474 5141 incedis
2510 5083 2776 5156 fatigatus
2805 5089 2860 5142 in
2908 5102 3094 5152 carne,
3136 5087 3294 5159 juxta
3332 5101 3556 5163 puteum

1970 5177 2152 5241 sedes,
2196 5178 2591 5250 sapientiaeque
2634 5188 2743 5235 tua:
2790 5180 2995 5239 ﬂuenta
3048 5182 3284 5238 edundis
3337 5185 3557 5241 mulieri

1972 5267 2354 5327 Satnaritame.

2032 5364 2264 5419 Crucem
2287 5364 2520 5420 libenter
2547 5365 2889 5428 sustinuisti,
2933 5365 3193 5433 Verbum,
3228 5378 3288 5423 ut
3313 5370 3558 5423 vulneri-

1968 5453 2071 5510 bus
2100 5454 2210 5510 tuis
2243 5455 2627 5512 accedentium
2654 5456 2721 5512 ad
2740 5464 2793 5513 te
2832 5458 3556 5530 multimodasiuiquitatum

1972 5543 2168 5601 sordes
2217 5559 2469 5614 sanares,
2502 5555 2559 5603 et
2586 5547 2876 5618 depositus
2924 5550 2979 5604 in
3016 5561 3375 5606 monumento
3397 5550 3552 5606 eoin-

1969 5637 2252 5707 quinatam
2286 5639 2574 5695 hominum
2608 5649 2867 5697 naturam
2901 5656 3132 5713 surgere
3161 5641 3343 5701 fecisti
3383 5643 3554 5699 alabe

1968 5728 2201 5797 peccati.

2041 5819 2198 5875 Sicut
2231 5822 2406 5879 imber
2449 5824 2506 5878 in
2550 5825 2748 5894 vellus,
2781 5825 3071 5884 descendit
3103 5830 3158 5885 tn
3190 5837 3244 5884 te
3280 5827 3546 5883 immacu-

1969 5914 2079 5971 lata
2136 5918 2324 5974 aeterni
2377 5917 2553 5977 Patris
2614 5921 2887 5993 sapientia
2927 5922 3136 5996 absque
3190 5922 3552 5980 conversione
