4250 6442
703 390 838 456 31351

1553 392 1612 448 ὃ.
1657 380 2071 448 Stil'lIRUNll
2114 376 2618 439 PATllIARCﬂ/E
2654 374 3062 438 lllEROSOL.

3839 368 3993 433 3952

704 518 838 557 caro
891 502 1055 564 facta,
1095 516 1213 569 qua:
1262 499 1469 554 ducunt
1523 499 1586 553 ad
1632 501 1798 555 vitam
1839 495 2088 555 ostendit
2131 494 2291 548 nobis

2429 490 2549 551 Boii;
2583 489 2730 558 ζωῆς
2764 488 2965 554 ἔδειξεν
3000 491 3130 558 ἡμῖν
3171 485 3279 548 τεῖς
3309 483 3478 537 εἰδόσι
3504 499 3560 538 σε
3607 483 3820 556 μητέρα
3847 486 3997 554 μετὰ

703 595 929 648 st-mitas
963 589 1357 646 conﬁtent'bus
1387 603 1436 645 te
1473 601 1590 660 post
1642 601 1861 660 partum
1911 595 2142 642 matrem
2185 585 2292 636 vir-

707 687 912 756 ginem.

1014 773 1207 827 Pueris
1250 772 1591 826 Hebra'orum
1635 773 1687 825 in
1737 772 1968 825 camino.

775 866 1092 920 [Imitatum
1157 869 1208 920 in
1242 880 1408 919 cruce
1438 881 1656 919 omm-m
1687 864 1943 918 cxallasti
1974 872 2155 917 tecum
2198 858 2294 913 ho-

709 961 912 1014 minum
949 968 1227 1022 naturam,
1277 958 1539 1023 Verbum,
1573 967 1626 1012 et
1659 959 1713 1012 in
1744 957 1958 1011 tumulo
1982 955 2294 1024 depositum

709 1049 1148 1105 misericorditer
1201 1048 1485 1103 suseitasti
1522 1047 1709 1101 divina
1749 1047 2161 1102 resurrectione
2205 1051 2297 1094 tua

708 1141 1045 1194 dormientes
1080 1140 1134 1190 in
1173 1140 1474 1207 sepulcris.

778 1232 898 1286 Non
930 1234 1085 1302 longe
1114 1232 1184 1285 ab
1205 1230 1428 1284 .lcricho
1468 1239 1523 1284 et
1556 1227 1742 1283 Salem
1774 1229 1866 1299 qui
1897 1227 2095 1282 salutis
2127 1241 2301 1297 aquas

709 1325 988 1379 distribuit
1031 1322 1419 1387 Samaritana},
1474 1323 1680 1392 quique
1727 1321 1854 1376 fons
1883 1330 1968 1376 cst
2013 1321 2302 1381 sapientia:

708 1419 859 1471 venit
893 1418 956 1471 ad
992 1426 1212 1486 puteum
1239 1414 1431 1470 Jacob.

786 1507 960 1562 Verbo
1001 1519 1094 1561 tuo
1134 1508 1264 1562 caeci
1301 1507 1476 1560 visum
1509 1511 1928 1576 recuperarunt,
1961 1513 2017 1560 ct
2063 1505 2304 1559 constri-

711 1604 892 1656 ctione
920 1602 1080 1656 soluti
1110 1611 1236 1656 sunt
1267 1599 1594 1670 paralytici,
1627 1610 1682 1653 et
1722 1598 2016 1653 triduanus
2052 1606 2306 1652 mortuus

712 1696 1001 1751 surrexisti
1062 1709 1092 1750 c
1141 1677 1440 1765 sepulcro,
1502 1692 1790 1749 exsuscita
1837 1692 2080 1746 animam
2126 1707 2304 1746 meam

714 1798 1010 1845 mortuam.

2401 943 2565 1011 φύσιν
2608 942 3024 1012 συνανὺψωσας,

2401 1037 2526 1098 τοὺς
2562 1037 2622 1088 ἐν
2687 1035 2878 1106 τάφοις
2923 1035 3225 1098 ὑπνοῦντας
3261 1036 3488 1105 ἤγειρας
3523 1037 3585 1105 τῇ
3613 1035 3731 1106 θείᾳ
3777 1036 4000 1105 ἐγέρσει

2397 581 2554 632 τόκον
2580 581 2872 647 παρθένον.

2559 753 2672 808 Τὸν
2695 753 2766 805 ἐν
2799 751 2983 820 φλογὶ
3012 751 3140 818 τοῖς
3172 751 3350 804 παισὶ
3372 752 3491 806 τῶν
3527 753 3827 820 Ἐϐραίων.

2470 848 2542 900 Σὺ
2575 848 2632 898 ἐν
2657 846 2876 916 σταυρῷ
2905 845 3165 916 ὑψωθεὶς,
3201 845 3314 898 τῶν
3347 844 3656 916 ἀνθρώπων
3685 849 3865 899 πᾶσαν
3895 848 3998 917 τὴν

3095 942 3256 1010 Λόγε,
3295 944 3388 995 καὶ
3421 940 3592 1003 τεθετς
3644 944 3699 992 ἐν
3747 943 3997 1012 μνήματι

2405 1145 2522 1193 σου,
2548 1129 2852 1199 οίκτίρμον.

2486 1221 2698 1292 Ίεριχὼ
2729 1221 2822 1273 καὶ
2871 1219 3060 1291 Σαλήμ
3098 1221 3167 1272 τα
3219 1219 3448 1292 πλησίον
3488 1221 3624 1289 μετά
3653 1219 3859 1271 ὑδάτων
3896 1220 3998 1270 ἐπ-

2406 1311 2578 1365 ελθὼν
2607 1312 2746 1382 πρὸς
2779 1312 2841 1364 τὸ
2884 1311 3064 1382 φρέαρ
3100 1310 3292 1364 Ἰακὼϐ
3342 1311 3570 1379 ἀςίκετο
3609 1313 3641 1379 ἡ
3692 1312 3843 1380 πηγη
3902 1311 4006 1380 τῆς

2407 1406 2622 1472 σοφίας,
2656 1405 2800 1475 ὕδωρ
2829 1403 3101 1476 σωτηρίας
3127 1404 3484 1474 Σαμαρείτιδι
3513 1406 3714 1472 νέμων.

2479 1498 2550 1550 ΣΞ)
2581 1497 2608 1548 ὁ
2639 1497 2873 1564 τυφλοὺς
2924 1494 3264 1566 ὀμματώσας
3308 1495 3581 1566 τῷλόγῳ,
3620 1498 3713 1546 καὶ
3751 1493 4005 1565 παραλύ-

2407 1606 2535 1650 τους
2563 1592 2627 1658 τῇ
2661 1587 2957 1658 προστάξει
2991 1604 3082 1639 σου
3129 1587 3382 1655 σφίγξας,
3417 1588 3513 1640 καὶ
3543 1586 3734 1656 νεκρὸς
3773 1589 4009 1658 τριήμε-

2414 1700 2502 1752 ρος
2531 1681 2820 1744 ἀνατείλας
2855 1683 2920 1734 ἐκ
2951 1680 3150 1748 τάςου,
3178 1681 3279 1750 τὴν
3313 1679 3735 1750 νενεκρωμένην
3770 1680 4009 1749 ἀνάστη-

2413 1791 2506 1826 σον
2533 1775 2715 1844 ψυχήν
2748 1790 2875 1843 μου.

784 1881 828 1936 Ο
862 1881 1048 1951 Virgo,
1098 1878 1242 1933 facta
1295 1878 1447 1934 salus
1485 1878 1655 1933 totius
1686 1877 1900 1943 mundi,
1944 1877 2116 1933 libera
2153 1891 2238 1931 me
2277 1889 2306 1930 a

2486 1866 2708 1935 Κόσμου
2739 1865 2941 1928 παντὸς
2998 1863 3267 1937 σωτηρία,
3296 1863 3562 1935 Πιρθένε,
3629 1863 4010 1933 γεγενημένη,

714 1972 994 2028 scandalis
1043 1971 1233 2027 mundi
1273 1979 1327 2026 et
1357 1971 1614 2041 corporis
1667 1968 2090 2026 inﬁrmitatibus
2131 1976 2186 2024 et
2213 1983 2308 2039 ge-

717 2065 897 2119 henua
946 2064 1000 2118 in
1059 2071 1325 2118 :eternum
1361 2062 1648 2128 duratura,
1704 2072 1762 2117 ut
1804 2072 2022 2117 cantem
2076 2060 2308 2132 gloriam

719 2166 889 2213 tuam.

1088 2248 1160 2304 Te
1184 2248 1372 2302 rubum
1403 2246 1916 2303 iucombustibilem.

791 2341 1028 2396 Brachia
1065 2342 1371 2397 extendens
1406 2341 1459 2394 in
1503 2356 1669 2396 cruce
1717 2340 1992 2404 delevisti,
2027 2353 2060 2394 ο
2098 2338 2315 2394 Christe

722 2436 1061 2499 misericors,
1107 2435 1376 2489 maculam
1410 2449 1518 2504 qua
1542 2448 1642 2489 nos
1683 2431 2086 2488 contaminarat
2122 2431 2299 2501 prima

719 2540 920 2596 parcns
949 2532 1162 2588 nostra,
1210 2540 1431 2578 manum
1463 2524 1530 2579 ad
1557 2522 1794 2578 fructum
1837 2522 2052 2577 arboris
2087 2521 2314 2576 vetitum

723 2616 935 2672 nefarie
959 2613 1286 2670 extendens.

783 2708 887 2774 Qui
916 2708 1083 2762 verbo
1119 2722 1284 2774 super
1315 2705 1529 2775 plantas
1554 2703 1916 2758 consolidain
1951 2701 2316 2772 paralyticqu

725 2800 1067 2868 dandosque
1094 2797 1348 2862 erexisti,
1379 2796 1532 2850 cruci
1558 2793 1751 2849 allixus
1767 2809 1849 2856 es,
1867 2791 2106 2858 Christe,
2125 2802 2179 2846 et
2198 2806 2324 2846 sur-

731 2891 930 2944 rt-xisti
969 2905 1066 2959 per
1097 2887 1366 2958 plurimos
1387 2887 1505 2942 dies
1537 2900 1812 2955 apparens
1834 2884 2147 2953 discipulis.

805 2980 952 3034 Vidit
979 2991 1030 3035 te
1063 2979 1423 3034 Samaritana
1473 2979 1671 3032 mulier
1711 2990 1835 3046 qua:
1860 2983 1988 3030 ante
2011 2983 2065 3028 te
2097 2981 2321 3029 venerat

729 3081 787 3125 ut
835 3087 1032 3142 aquam
1070 3071 1318 3142 hauriret
1368 3078 1423 3124 et
1470 3068 1751 3140 accipiens
1783 3081 1814 3122 a
1856 3077 1910 3123 te
1957 3081 2152 3137 aquam
2201 3066 2324 3120 vitae

723 3164 860 3219 abiit
892 3163 1108 3228 satiata,
1131 3161 1358 3217 laudans
1393 3170 1513 3226 te,o
1533 3160 1753 3215 Christe
1770 3157 1932 3214 Deus.

794 3255 838 3311 Ο
863 3256 1024 3326 Virgo
1047 3256 1396 3310 sanctissima
1422 3294 1436 3319 ,
1472 3262 1529 3307 tu
1559 3267 1620 3308 es
1651 3251 1960 3323 prodigium
1987 3252 2154 3306 menti
2191 3263 2319 3304 nos-

730 3354 828 3402 tra:
859 3347 1227 3415 impervium;
1267 3359 1390 3398 nam
1424 3343 1592 3397 Deum
1627 3357 1758 3397 caro
1791 3342 1991 3398 factum
2029 3339 2316 3410 peperisti,

730 3439 821 3507 qui
856 3436 1264 3492 resurrectione
1314 3451 1414 3494 sua
1450 3434 1633 3489 salvos
1658 3446 1756 3486 nos
1786 3447 1981 3486 omnes
2023 3430 2173 3485 fecit.

1246 3526 1398 3581 Sicut
1444 3526 1570 3580 vidit
1605 3526 1806 3578 Isaias.

807 3620 1036 3676 Vinctus
1071 3630 1124 3675 et
1145 3619 1317 3675 clavis
1355 3619 1664 3673 voluntarie
1681 3617 1875 3673 allixus
1901 3618 2129 3683 cruei,o
2162 3617 2324 3671 mise-

736 3717 931 3780 ricors,
987 3713 1231 3768 liberasti
1257 3713 1572 3766 devinctum
1599 3711 1726 3766 olim
1781 3710 2016 3765 vinculis
2067 3709 2328 3779 iniquita-

736 3817 847 3860 tum
868 3825 886 3873 ;-
910 3806 1120 3877 positus
1133 3820 1260 3860 vero
1282 3807 1332 3858 in
1351 3804 1603 3874 sepulcro
1619 3801 1971 3858 exsuscitasti
1989 3801 2328 3856 dormientes

739 3909 987 3953 mortuos
1005 3898 1096 3967 qui
1131 3905 1278 3953 tuam
1307 3897 1584 3951 celebrant
1605 3894 1930 3965 stupendant
1967 3894 2330 3950 resurrectio-

740 4004 884 4043 nem.

815 4078 1077 4132 ltmninus
1096 4078 1398 4132 resurrexit
1420 4083 1542 4144 post
1564 4083 1678 4130 tres
1700 4075 1840 4139 dies,
1872 4076 2018 4130 sicut
2037 4077 2248 4130 dixerat
2273 4085 2328 4132 et

739 4171 1084 4242 congregatis
1098 4170 1371 4224 clantabat
1387 4169 1649 4239 apostolis
1671 4186 1685 4222 :
1715 4168 1922 4224 Euntes
1947 4185 2042 4238 per
2064 4171 2326 4225 mundum

743 4265 1061 4319 universum
1107 4267 1430 4316 attnuntiate
1474 4277 1595 4332 quae
1627 4261 1731 4316 t'eci
1763 4263 2058 4332 magnalia,
2091 4277 2326 4333 quorum

745 4366 913 4412 testes
937 4354 1140 4408 fuistis.

820 4447 1059 4517 Stupore
1099 4447 1476 4516 percelluntur
1525 4461 1690 4502 aures
1722 4456 1776 4502 et
1814 4446 1986 4502 corda
2030 4447 2097 4501 ad
2128 4461 2330 4518 opera-

2413 1955 2696 2028 κοσμικῶν
2733 1974 2801 2026 με
2827 1955 3143 2010 σκανδάλων
3169 1956 3262 2008 καὶ
3293 1954 3484 2009 παθῶν
3511 1954 3604 2009 τοῦ
3636 1955 3887 2024 σώματος
3913 1955 4014 2005 καὶ

2412 2048 2510 2117 τῆς
2558 2045 2918 2116 αίωνιζοὺσης
2989 2046 3267 2117 λύτρωσαι
3329 2043 3590 2115 γεέννης,
3640 2045 3791 2108 ὅπως
3838 2045 4014 2114 ὑμνο-

2413 2137 2558 2206 λογῶ
2587 2154 2667 2192 σε.

2729 2230 2808 2285 Σὲ
2832 2229 2948 2299 τὴν
2977 2229 3441 2299 ἀκατάφλεκτον
3457 2229 3674 2296 βάτον.

2488 2322 2753 2390 ’Υψωσας
2787 2324 3048 2393 παλάμας
3074 2325 3132 2376 ἐν
3167 2323 3308 2394 ξύλῳ
3327 2323 3427 2393 τῆς
3467 2325 3654 2385 manu};
3686 2321 4024 2392 ἐκταθείσης

2415 2416 2511 2469 τοῦ
2544 2417 2890 2488 προπάτορος
2913 2417 3096 2488 χειρὸς
3137 2417 3274 2485 πρὸς
3303 2415 3464 2480 ξύλου
3507 2416 3714 2487 βρῶσιν
3743 2416 4025 2470 ἀναστέλ-

2418 2508 2527 2562 λων
2559 2508 2657 2578 τὴν
2690 2507 2916 2581 βλάϐην,
2958 2507 3163 2578 Χριστὲ
3197 2507 3474 2561 πολυέλεε.

2501 2694 2734 2767 Ῥήματι
2763 2693 3074 2765 παράλυτον
3107 2694 3343 2764 σφίγξας
3371 2694 3465 2748 καὶ
3508 2695 3718 2764 χωλοὺς
3767 2695 4028 2766 ἀνορθώ-

2423 2807 2544 2855 σας,
2576 2787 2948 2859 ἐσταυρώθης,
2967 2787 3165 2858 Ἰησοῦ,
3187 2789 3283 2842 καὶ
3313 2788 3631 2858 ἐξανέστης,
3664 2788 3940 2858 μαθηταῖς
3968 2793 4032 2842 ἐν

2421 2880 2662 2950 ἡμέραις
2699 2880 2923 2943 πολλαῖς
2960 2881 3350 2950 ὀπτανόμενος.

2497 2972 2622 3036 Ἴδε,
2657 2971 2985 3042 Σαμαρεῖτις
3008 2972 3143 3042 γυνή
3167 2989 3222 3023 σε
3249 2969 3586 3040 προελθοῦσα
3605 2972 3890 3043 ἀντλῆσαι,
3924 2977 4033 3029 καὶ

2422 3065 2485 3118 τὸ
2511 3063 2655 3134 ὕδωρ
2683 3064 2783 3133 τῆς
2815 3061 2962 3133 ζωῆς
2991 3063 3055 3116 ἐκ
3081 3063 3174 3116 σοῦ
3212 3063 3470 3129 λαόοῦσα,
3495 3064 3784 3135 ἐκορέσθη,
3812 3066 4031 3136 Χριστὲ

2349 3192 2394 3253 C
2425 3155 2622 3220 όΘεὸς,
2645 3155 2962 3224 ἀνυμνοῦσά
2991 3171 3073 3209 σε.

2504 3249 2567 3300 Ὢ
2603 3248 2714 3300 τῶν
2749 3248 2890 3318 ὑπὲρ
2922 3245 3048 3301 νοῦν
3080 3264 3171 3300 σου
3213 3246 3531 3318 θαυμάτων,
3579 3249 3823 3318 παναγία
3867 3251 4027 3322 Παρο

2427 3339 2580 3392 θένε-⁸
2615 3340 2678 3392 σὺ
2707 3339 2816 3409 γὰρ
2845 3340 3073 3401 τέτοκας
3116 3338 3252 3392 Θεὸν
3312 3345 3756 3412 σεσαρκωμὲνον,
3807 3343 3905 3396 τὸν
3959 3346 4030 3414 τῇ

2430 3433 2550 3502 θεία
2579 3432 2789 3503 ἐγέρσει
2815 3431 2979 3483 αὑτοῦ
3006 3432 3214 3493 πάντας
3254 3430 3531 3487 σώσαντα.

2935 3522 3030 3588 Ὠς
3056 3520 3217 3577 εἶδεν
3255 3523 3518 3590 Ἡσαΐας.

2502 3617 2904 3688 Δεσμοὺμενος,
2935 3617 3247 3687 οἰκτίρμον,
3279 3618 3373 3670 καὶ
3389 3618 3652 3681 ἑκουσίως
3678 3618 3822 3689 ξύλῳ
3852 3638 4035 3691 προσ-

2431 3710 2752 3780 ηλούμενος,
2791 3709 2884 3761 τὸν
2939 3708 3165 3761 δεθέντα
3193 3709 3361 3762 πάλαι
3388 3711 3510 3773 ταῖς
3543 3711 3894 3781 παραῦάσεσι
3937 3714 4032 3766 λυ-

2433 3800 2691 3871 τροῦσαι·
2720 3800 2895 3862 τεθεὶς
2950 3801 3005 3853 δὲ
3046 3802 3202 3870 τάφῳ
3251 3802 3376 3864 τοὺς
3415 3801 3474 3854 ἐν
3513 3802 3708 3870 τάφοις
3757 3805 4033 3870 deosmu-

2437 3912 2634 3958 σαντας
2674 3895 2899 3964 νεκροὺς
2927 3896 3157 3966 ἧγειρας
3190 3894 3497 3965 ὑμνοῦντας
3535 3896 3635 3965 τὴν
3663 3895 3760 3966 σὴν
3789 3901 4035 3971 φρικτὴν

2434 3993 2752 4046 ἀνάστασιν.

2520 4084 2579 4136 '0
2619 4082 2822 4154 Κύριος
2844 4081 3042 4152 ἀνέστη
3070 4083 3134 4134 ὲκ
3167 4080 3276 4134 τῶν
3295 4081 3530 4144 νεκρῶν,
3562 4083 3639 4144 ώς
3667 4083 3841 4152 ἔφησε
3913 4103 4036 4156 τρε-

2437 4176 2666 4245 ήμερος,
2695 4174 2789 4227 καὶ
2809 4174 2922 4235 τοῖς
2953 4172 3275 4244 ἀποστόλοις
3307 4173 3729 4242 συναλιζόμενος
3751 4175 3909 4239 ἐθόα,
3943 4178 4040 4238 Εἰς

2438 4265 2612 4319 πάντα
2636 4265 2839 4334 κόσμον
2866 4263 3216 4329 ἀπελθόντες,
3245 4263 3592 4333 διαγγείλατε
3631 4265 3849 4333 τρανῶς
3886 4270 4040 4337 ειπερ

2437 4358 2706 4429 καθορᾶτε
2739 4356 2952 4426 μεγάλα
2983 4374 3084 4428 μου
3113 4356 3418 4426 θαυμάσια.

2506 4451 2783 4516 Ξενίζεται
2815 4449 3011 4520 καρδία
3041 4451 3137 4503 καὶ
3169 4449 3329 4521 ἀκοὴ,
3361 4451 3571 4521 Σῶτερ,
3603 4449 3706 4522 τὴν
3749 4452 4037 4520 εὐσπλαγ-

745 4540 924 4594 tiones
974 4539 1266 4594 charitatis
1315 4546 1371 4593 et
1413 4538 1812 4594 misericordiae
1861 4549 1988 4603 tute,
2038 4540 2313 4595 ambulant

2437 4547 2593 4616 χνίαν
2629 4561 2723 4596 σου
2751 4543 2849 4596 καὶ
2887 4542 3204 4611 οἰκονομίαν
3233 4544 3329 4595 καὶ
3359 4543 3780 4610 συγκατάὸασιν
3812 4562 3826 4576 ·
3868 4548 4040 4616 σαρκὶ

745 4632 892 4684 enim
938 4631 992 4683 in
1043 4645 1210 4684 carne
1259 4645 1425 4699 super
1467 4638 1671 4684 terram
1701 4630 1916 4686 dedisti
1969 4628 2333 4685 Samaritana:

748 4721 967 4777 mulieri
1002 4737 1197 4791 aquam
1239 4723 1416 4777 vivam
1450 4724 1714 4792 querenti
1747 4737 2048 4794 agnoscere
2080 4733 2153 4780 te.

816 4817 1019 4869 Sancta
1047 4815 1138 4869 Dei
1172 4815 1362 4880 Mater,
1383 4831 1505 4885 qua:
1532 4826 1786 4870 sanctum
1818 4825 2136 4870 sanctorum
2171 4830 2335 4886 pepe-

752 4908 898 4961 risti.
934 4905 1173 4961 Verbum
1207 4907 1398 4961 :eterni
1434 4907 1613 4961 Patris
1640 4907 2002 4976 splendidum
2041 4909 2339 4976 deprecare

752 5014 971 5066 seumer
1000 5007 1056 5051 ut
1080 4996 1387 5054 sanctiﬁcat
1420 4998 1808 5067 illuminetque
1857 4999 2072 5053 animas
2098 5007 2153 5054 et
2170 4999 2339 5055 corda

753 5088 1101 5144 credentium
1138 5090 1197 5143 in
1235 5096 1292 5143 te
1321 5097 1370 5143 et
1402 5088 1596 5142 laudes
1622 5099 1741 5143 tuas
1772 5088 2194 5143 celebrantium.

1069 5180 1135 5234 lu
1178 5183 1367 5250 ignem.
1386 5180 1774 5235 intolerabilem
1802 5181 2028 5235 detrusi.

830 5274 1113 5329 Exaltatus
1175 5273 1486 5328 voluntarie
1540 5273 1595 5326 in
1652 5288 1813 5327 cruce
1865 5288 2086 5327 onmem
2160 5282 2338 5328 tecum

754 5367 1008 5421 exaltasti
1043 5373 1293 5420 naturam
1329 5365 1638 5430 hominum,
1663 5375 2172 5431 annumeratusque
2198 5366 2340 5418 inter

759 5469 1010 5514 mortuos
1036 5468 1090 5514 tu
1139 5459 1229 5529 qui
1277 5459 1386 5513 vita
1420 5474 1505 5522 es,
1536 5457 1849 5522 viviﬁcasti,
1885 5456 2140 5512 Salvator
2177 5457 2343 5511 mise-

759 5555 957 5616 ricors,
1004 5561 1250 5607 mortuos
1312 5553 1406 5622 qui
1449 5552 1919 5621 dispensationem
1952 5559 2100 5605 tuam
2134 5551 2339 5621 glorio-

761 5661 988 5715 samque
1024 5646 1250 5700 laudant
1295 5645 1780 5701 resurrectionem.

814 5737 866 5791 0
897 5740 1053 5792 dator
1080 5738 1224 5804 vita},
1252 5739 1487 5795 mundus
1517 5753 1628 5810 pra:
1659 5737 1851 5792 laetitia
1889 5738 2130 5792 exsultat
2150 5735 2202 5790 in
2240 5736 2343 5790 hac

761 5842 948 5886 saucia
989 5832 1075 5886 die
1127 5833 1551 5888 resurrectionis
1617 5840 1723 5888 tua:
1773 5831 1826 5886 in
1874 5845 1980 5901 qua
2029 5829 2338 5886 contrivisti

2436 4639 2545 4708 γάρ
2565 4637 2624 4688 ὲν
2643 4638 2712 4706 γῇ
2742 4635 2975 4705 βαδίζων
3001 4634 3353 4704 Σαμαρείτιδι
3377 4635 3606 4708 αἰτούσῃ
3633 4636 3861 4702 γυναωὰ⁸
3887 4637 4040 4708 ὕδωρ

2438 4729 2547 4794 ζῶν
2575 4728 2847 4797 παρέσχες
2874 4725 3060 4779 ἐνθέου
3096 4725 3466 4794 ἐπιγνώσεως.

2523 4819 2681 4887 Ἀγία
2709 4817 2964 4882 θεοτόκε,
2999 4818 3090 4870 τὸν
3121 4819 3180 4870 ἐν
3203 4817 3378 4885 ἁγίοις
3402 4819 3556 4885 ἀγιον
3578 4818 3836 4888 κυήσασα
3859 4819 4038 4888 Λόγον

2441 4911 2787 4980 προανάρχου
2847 4909 3063 4978 Πατρός
3112 4907 3503 4978 ἐκλάμψαντα,
3563 4909 3811 4962 δυσώπει
3869 4912 4037 4964 αὑτὸν

2439 4999 2737 5060 ἀπαύστως
2760 4999 2988 5066 ἁγιάσαι
3018 4998 3107 5051 καὶ
3139 4999 3374 5066 φωτίσαι
3399 4998 3500 5060 τάς
3536 4999 3695 5068 ἡμῶν
3715 4998 3903 5070 ψυχὰς
3942 5003 4037 5054 καὶ

2441 5088 2666 5160 καρδίας
2693 5087 2803 5141 τῶν
2836 5089 3019 5141 πίστει
3046 5092 3430 5158 ἀνυμνούντων
3464 5107 3544 5143 σε.

2830 5181 3117 5244 Ἀστέκτῳ
3141 5181 3285 5250 πυρί
3320 5182 3662 5248 ἐνωθέφτες.

2517 5272 2744 5342 Σταυρῴ
2788 5273 3024 5342 ὑψωθεὶς
3085 5273 3349 5338 ἑκουσίως
3402 5277 3583 5330 πᾶσαν
3639 5277 4037 5348 συνανόψωσας

2442 5364 2748 5433 ἀνθρώπων
2783 5365 2882 5433 τὴν
2908 5365 3098 5419 οὐσίαν
3123 5382 3136 5397 ο
3169 5367 3229 5419 ἐν
3260 5370 3476 5437 νεκροῖς
3506 5367 3563 5420 δὲ
3611 5367 3726 5439 ζωὴ
3771 5370 4038 5442 ὑπάρχων

2442 5462 2714 5529 λογισθεὶς
2762 5461 3022 5526 ἐζώωσας
3084 5461 3422 5532 ὑμνοῦντας,
3476 5462 3683 5534 Σῶτερ,
3738 5464 3842 5536 τὴν
3888 5468 4036 5518 οἰκο-

2444 5553 2637 5623 νομίαν
2677 5569 2794 5617 σου,
2857 5553 2953 5604 κα¹ι
3017 5552 3118 5622 την
3171 5552 3308 5622 μετά
3371 5552 3530 5622 δόξης
3577 5553 3910 5618 ἀνάστασιν,
3959 5556 4037 5608 ci-

2445 5647 2693 5716 κτίρμον.

2530 5739 2588 5791 '0
2616 5740 2820 5808 κόσμος
2850 5741 2995 5810 χαρᾷ
3025 5738 3273 5808 ἑορτάζει
3304 5739 3362 5790 ἐν
3390 5740 3455 5808 τῇ
3475 5738 3723 5808 παναγία
3757 5756 3854 5791 σου
3881 5739 4037 5806 ἐγέρ-

2450 5848 2550 5896 σει,
2571 5830 2823 5899 ςωοδότα,
2856 5824 2962 5904 ἐνῇ
2984 5831 3164 5886 πᾶσαν
3185 5830 3283 5902 τὴν
3300 5828 3616 5885 δυναστείαν
3638 5828 3766 5900 ᾆδον
3792 5845 3922 5881 κατε
3934 5831 4032 5880 τά·
