4250 6442
709 410 851 477 3955

1563 415 1621 474 S.
1651 410 2067 473 SOl’llllClNlI
2107 408 2614 471 PATIUARCILE
2657 404 3059 466 illEllOSOL.

3835 383 3983 448 39:36

709 528 1007 579 minantem
1038 535 1214 578 czccos
1244 521 1456 587 videns,
1489 537 1621 592 gens
1680 521 1945 578 llebraica
1980 522 2207 577 damnat
2240 530 2289 575 tr.
2316 521 2367 580 Α

2316 521 2367 580 Α
2391 517 2747 590 ὀμματοῦντα
2790 515 2869 585 τῷ
2902 514 3131 585 ῥήματι,
3174 504 3635 579 δῆμοςἘϐραίων
3678 500 3880 572 βλέᾲας
3926 516 3988 551 σε

708 618 799 686 qui
830 627 1004 672 morte
1031 625 1123 670 tua
1155 616 1452 686 negotiaris
1480 630 1579 686 pro
1629 616 1873 671 omnium
1904 617 2038 682 vita,
2070 630 2105 671 o
2134 612 2291 669 valde

710 710 1022 765 misericors
1049 708 1297 764 Domine.

779 802 1151 859 Conversatus
1175 817 1272 872 per
1302 800 1421 856 dies
1445 799 1813 872 quadraginta
1847 814 1972 856 cum
2022 798 2291 870 apostolis

712 897 1114 953 venerabilibus
1147 906 1201 952 et
1263 896 1492 964 sanctis,
1527 905 1652 951 nota
1688 893 1866 951 fecisti
1899 894 1978 950 eis
2019 909 2142 964 quae
2195 907 2293 962 pro

712 987 978 1042 salvando
1007 987 1363 1058 disposueras
1404 986 1634 1051 mundo,
1670 987 1763 1056 qui
1787 984 2042 1041 laudibus
2079 993 2133 1039 te
2161 998 2294 1037 cun-

711 1078 972 1135 celebrat.

787 1168 1021 1241 anam
1082 1174 1352 1242 stupenda
1408 1190 1495 1229 res
1551 1182 1704 1238 tuus,
1737 1188 1768 1224 ο
1835 1169 1997 1238 Virgo
2053 1165 2294 1222 sanctis-

714 1266 876 1329 sima,
922 1271 1135 1336 partus,
1167 1282 1264 1337 per
1295 1282 1457 1336 quem
1488 1281 1683 1321 omnes
1718 1264 1888 1333 erepti
1925 1276 2119 1317 sumus
2164 1262 2296 1312 lior-

715 1358 898 1412 renda:
926 1358 1291 1423 damnationi,
1312 1361 1616 1414 clamantes
1643 1378 1656 1413 :
1679 1357 1839 1411 Salve
1868 1356 2111 1408 omnium
2148 1353 2296 1406 salus

717 1451 997 1521 totiusque
1040 1453 1373 1507 resurrectio
1404 1449 1618 1507 mundi.

952 1541 1321 1597 lnobedientia
1352 1559 1451 1597 sua
1473 1541 1775 1613 perdiderat
1804 1558 1897 1596 nos
1931 1538 2060 1593 Eva.

780 1634 1101 1691 Voluntarie
1150 1635 1343 1692 afﬁxus
1401 1651 1460 1691 es
1496 1638 1672 1700 cruci,
1709 1636 2008 1704 vidensque
2049 1632 2131 1687 sol
2192 1647 2300 1701 pra!

715 1737 941 1799 stupore
966 1729 1174 1784 abdidit
1204 1730 1403 1793 lucem;
1437 1728 1683 1782 funditus
1712 1735 1986 1782 commota
2015 1734 2099 1781 est
2132 1733 2299 1787 terra,

715 1837 847 1876 saxa
881 1824 1169 1893 velumque
1192 1821 1376 1892 templi
1403 1821 1575 1876 scissa
1608 1828 1756 1875 sunt.

792 1997 1030 2055 chtum
1070 2007 1122 2052 te
1154 1996 1356 2066 Joscph
1402 1996 1823 2065 involutumqne
1863 1994 2096 2050 sindone
2131 1994 2297 2064 θυρο-

720 2094 829 2148 suit
861 2092 914 2145 in
963 2098 1322 2143 monumento
1369 2102 1564 2143 novo:
1611 2095 1666 2140 at
1698 2102 1828 2140 vero
1867 2101 1991 2139 cum
2040 2087 2119 2142 sis
2179 2100 2299 2140 om-

721 2183 867 2234 nium
910 2179 1042 2244 vita,
1076 2178 1237 2230 tertia
1286 2176 1375 2231 die
1411 2174 1783 2241 resurrexisti,
1827 2175 2061 2230 desertis
2110 2184 2300 2245 poten-

716 2273 792 2325 tia
827 2280 917 2324 tua
945 2268 1107 2322 factis
1138 2265 1439 2322 inferorum
1472 2265 1630 2323 locis.

791 2362 976 2417 Tertia
1008 2360 1098 2415 die
1135 2360 1292 2416 visus
1320 2375 1382 2415 es
1417 2371 1717 2430 resurgens
1764 2356 1834 2412 ab
1890 2355 2158 2426 apostolis
2189 2355 2305 2409 cla-

723 2468 974 2522 masque,
1006 2450 1183 2506 Amici
1214 2457 1269 2505 et
1313 2449 1570 2520 discipuli
1603 2449 1731 2514 mei,
1756 2459 1951 2504 euntes
1986 2448 2308 2501 annuntiate

723 2546 870 2602 omni
895 2545 1041 2617 genti
1071 2559 1197 2616 quae
1223 2542 1432 2610 vidisti,
1462 2550 1517 2599 et
1539 2551 1671 2600 nota
1716 2541 1881 2598 facile
1910 2540 2179 2605 mirabilia
2209 2555 2309 2611 po-

724 2642 909 2695 tentiae.
939 2653 1075 2693 mea:
1103 2653 1226 2708 quae
1277 2646 1515 2691 mentem
1560 2642 1848 2707 superant.

795 2730 933 2786 Cum
962 2731 1167 2794 vidisti.
1204 2744 1238 2787 ο
1266 2729 1606 2793 castissima,
1672 2736 1992 2799 surgentem
2037 2742 2070 2783 e
2099 2728 2311 2782 tumulo

727 2835 852 2876 cum
886 2818 1057 2891 gloria
1084 2819 1178 2891 qui
1214 2818 1452 2875 mortuis
1494 2804 1735 2874 insumat
1761 2818 1956 2885 vitam,
1987 2818 2195 2889 repleta
2251 2833 2311 2873 es

728 2912 928 2984 gaudio
954 2923 1009 2969 et
1038 2912 1395 2969 exclamasti:
1425 2910 1685 2967 Gloritico
1710 2919 1783 2978 te,
1816 2909 1942 2977 Fili,
1966 2917 2024 2968 et
2050 2918 2197 2966 tuam
2230 2910 2312 2965 in-

731 3003 1285 3076 comprehensibilem
1311 3000 1773 3058 misericordiam.

1050 3115 1129 3171 Eo
1155 3117 1295 3188 quod
1334 3118 1438 3172 sim
1462 3132 1557 3186 ego
1591 3114 1729 3170 Deus
1770 3114 2018 3169 Verbum.

815 3232 994 3288 Moses
1026 3229 1362 3286 adumbrans
1390 3229 1834 3295 crucifixionem,
1866 3228 1984 3284 sole
2012 3227 2156 3283 Deus
2188 3242 2316 3282 rex-
2345 3204 2391 3264 (ἶ

734 3342 843 3397 que
895 3324 1266 3393 omnipotens,
1306 3332 1615 3392 serpentem
1661 3315 1874 3388 erexit;
1941 3329 2165 3391 propter
2218 3336 2320 3376 nos

736 3416 1037 3473 crucifixus
1058 3415 1305 3471 liberasti
1342 3429 1446 3471 nos
1484 3415 1762 3483 homines,
1795 3424 1851 3469 et
1879 3412 2153 3468 abstulisti
2186 3427 2321 3483 gau—

736 3511 889 3568 dium
926 3509 993 3567 ab
1026 3510 1187 3565 hoste
1221 3509 1482 3579 maligno.

2391 611 2712 680 κατακρίνει
2758 607 2973 675 θανάτῳ
3020 602 3164 672 ζωὴν
3205 598 3318 654 τῶν
3365 596 3504 651 ὅλων
3546 592 3987 666 χρηματίζοντα,

2392 704 2733 772 εὔσπλαγχ-ιε
2763 700 2956 768 Κύριε.

2475 798 2563 849 Ἐν
2598 795 2853 865 ἡμέραις,
2886 788 3112 860 Χριστὲ,
3146 783 3561 856 τεσσαράκοντα
3602 782 3717 844 τοῖς
3762 778 3988 840 σεπτοῖς

2394 889 2489 944 καὶ
2544 889 2727 956 σοφοῖς
2760 883 3083 944 ἀποστόλοις
3137 897 3232 934 σου
3286 876 3473 947 σαφῶς
3526 871 3985 940 συναλιζόμενος,

2394 975 2683 1034 ἐπιστώσω
2703 977 2801 1047 τὴν
2826 976 2977 1030 θείαν
3001 971 3339 1043 οἰκονομίαν,
3364 968 3431 1022 δι’
3455 962 3525 1039 ἦς
3547 966 3755 1027 ἔσωσας
3778 963 3988 1031 κόσμον

2397 1069 2671 1144 ὑμνοῦντά
2710 1085 2789 1124 σε.

2478 1167 2564 1227 Ὠς
2596 1162 2822 1235 φρικτός
2840 1178 2932 1213 σου
2954 1163 2983 1213 ὁ
3007 1158 3186 1222 τόκος,
3214 1153 3563 1224 πανάμωμει
3591 1151 3657 1204 δι’
3690 1143 3750 1202 οὗ
3783 1148 3987 1206 πάντες

2399 1256 2625 1327 φρικτοῦ
2693 1254 3105 1324 κατακρίματος
3184 1245 3589 1324 λελυτρωμένοι
3664 1239 3987 1312 κράζομεν

2399 1350 2593 1417 Χαῖρε,
2631 1347 2847 1401 πάντων
2883 1346 2916 1415 ἡ
2952 1339 3195 1411 σωτηρία
3218 1356 3234 1371 ο
3267 1339 3448 1408 χαῖρε,
3478 1334 3686 1387 κόσμου
3716 1329 3924 1390 παντὸς
3954 1329 3988 1397 ὴ

2399 1441 2718 1507 ἀνάκλησις.

2580 1532 2704 1585 Εὕα
2728 1529 2845 1600 μὲν
2875 1526 2953 1592 τῷ
2997 1524 3102 1591 τῆς
3137 1519 3449 1591 παρακοῆς
3485 1515 3798 1581 νοσήματι.

2482 1622 2771 1689 ’ίῐπλώθης
2804 1619 3020 1689 θελήσει
3052 1619 3109 1670 ἐν
3151 1614 3391 1685 σταυρῷ,
3428 1612 3522 1665 καὶ
3571 1610 3722 1680 ἥλιος
3763 1608 3995 1679 Θεωρῶν

2405 1736 2486 1780 σε,
2506 1713 2843 1785 ὑπεράγαθε,
2869 1711 3018 1780 φόϐῳ
3047 1708 3382 1763 συνέστειλεν
3404 1707 3648 1766 ἀκτῖνας·
3669 1702 3997 1770 ἐσείσθησαν

2405 1809 2502 1877 τῆς
2531 1807 2636 1875 γῆς
2677 1803 2747 1856 τὰ
2786 1802 3035 1871 θεμέλια,
3079 1799 3176 1852 καὶ
3214 1798 3412 1866 πέτραι
3459 1792 3865 1863 διεσχίσθηπανν
3897 1792 3991 1844 λέο

2338 1870 2376 1924 Β
2411 1913 2605 1958 σποτα,
2642 1895 2736 1949 καὶ
2762 1893 2856 1946 τοῦ
2889 1890 3018 1944 ναοῦ
3052 1890 3113 1942 τὸ
3144 1888 3568 1954 καταπέτασμα.

2474 1986 2724 2059 ὶιυρίσας
2775 2002 2836 2038 σε
2879 1983 3047 2037 παλαι
3086 1980 3309 2050 Ἰωσὴφ,
3346 1977 3543 2031 σινδόνι
3572 1993 3630 2030 τε
3688 1975 3996 2044 ἐνειλήσας,

2404 2079 2698 2133 ἐναπέθετο
2747 2078 2903 2145 τάφῳ
2940 2072 3147 2144 καινῷ·
3210 2070 3326 2138 ζωὴ
3366 2069 3423 2122 δὲ
3462 2069 3680 2122 πάντων
3737 2068 3999 2134 ὑπάρχων

2406 2171 2701 2238 ἐξανέστης
2757 2167 3082 2237 τριήμερος,
3135 2161 3383 2224 κενώσας
3421 2158 3516 2212 τοῦ
3576 2156 3706 2228 ᾅδου
3750 2156 4001 2227 βασίλεια

2407 2263 2528 2333 θείᾳ
2560 2261 2808 2330 δυνάμει,
2843 2255 3151 2311 παντοδὺνα
3161 2272 3249 2325 με.

2491 2354 2725 2423 Ὠράθης
2752 2354 2814 2405 έκ
2840 2352 3014 2419 τάφου
3047 2348 3293 2413 ἀναστὰς
3318 2346 3613 2417 τριήμερος
3647 2342 4001 2405 αποστόλοις,

2410 2448 2506 2501 καὶ
2543 2445 2800 2516 ἐϐόησας·
2838 2443 3058 2507 Ἀπιτε,
3088 2440 3233 2509 φίλοι
3271 2436 3514 2509 μαθηταί
3547 2453 3671 2505 μου,
3723 2431 4005 2504 κηρύξατε

2410 2541 2469 2592 ὲν
2509 2539 2647 2592 πᾶσι
2675 2538 2789 2598 τοῖς
2826 2534 3038 2589 ἔθνεσιν
3089 2532 3126 2587 ἃ
3173 2528 3454 2595 ίδετε,καὶ
3493 2528 3697 2596 ἔγνωτε
3743 2525 4008 2594 θαύματα

2412 2631 2508 2700 τῆς
2539 2630 2680 2700 ὑπὲρ
2708 2626 2866 2696 λόγον
2902 2624 3229 2686 δυναστείας
3262 2638 3384 2693 μου.

2483 2724 2715 2793 Νεκροῖς
2745 2720 2837 2773 τὸν
2884 2717 3192 2788 ἐμπνέοντα
3238 2713 3384 2783 ζωὴν
3411 2712 3488 2775 ὼς
3537 2709 3771 2779 ἓϐλεψας
3801 2708 3871 2759 ὲκ
3908 2704 4010 2760 τοῦ

2413 2819 2611 2886 τάφου,
2644 2811 3049 2883 παναμώμητε,
3068 2806 3441 2877 ἐγηγερμένον
3473 2801 3613 2874 μετὰ
3643 2799 4020 2868 δόξης,ὲπλὴ-

2419 2911 2552 2979 σθης
2577 2906 2845 2978 θυμηδίας
2879 2900 3302 2975 κραυγάζουσα·
3345 2898 3438 2951 Υίέ
3478 2912 3579 2966 μου
3617 2893 3713 2947 καὶ
3751 2890 3875 2955 Θεὲ,
3914 2905 4020 2959 με·

2417 3002 2636 3072 γαλὺνω
2665 3016 2759 3054 σου
2788 2998 2888 3069 τὴν
2927 2995 3071 3067 ὑπὲρ
3099 2994 3258 3061 λόγον
3290 2988 3723 3057 συγκατάθεσιν.

2737 3113 2869 3166 Ὀτι
2900 3109 3016 3179 ἐγώ
3047 3109 3165 3178 ειμι
3197 3109 3230 3161 ό
3260 3106 3404 3170 Θεὸς
3426 3107 3459 3158 ό
3489 3103 3701 3171 Λόγος.

2496 3231 2720 3300 ’Ύψωσε
2754 3227 3063 3296 σταύρωσιν
3085 3224 3182 3293 τὴν
3208 3221 3307 3292 σὴν
3337 3217 3621 3284 εἰκονίζων
3651 3217 3786 3270 Mori)
3800 3216 3895 3285 τῆς
3925 3214 4024 3267 τὸν

2421 3325 2565 3393 ὅφιν,
2597 3322 2727 3391 μόνε
2766 3318 2865 3371 Θεὲ
2897 3312 3271 3387 παμϐασιλεῧ,
3303 3314 3331 3366 ὁ
3371 3308 3708 3379 σταυρωθεὶς
3742 3306 3814 3358 δι’
3842 3308 4022 3375 ἡμᾶς,

2423 3415 2519 3469 καὶ
2550 3413 2729 3482 δ’,οεως
2771 3406 3072 3479 δυσμενοῦς
3106 3403 3311 3457 ἰοϐόλον
3352 3398 3571 3469 ἀφελὼν
3602 3396 3661 3462 ἐξ
3706 3395 4027 3466 ἀνθρώπων

2426 3504 2648 3567 κακίαν,
2676 3502 2771 3555 καὶ
2802 3497 3103 3570 συντρίψας
3137 3495 3318 3566 κάραν
3347 3494 3447 3561 τὴν
3479 3489 3747 3561 ὀλέθριον.

2497 3597 2663 3667 Μύρα
2685 3594 2782 3648 σὺν
2800 3592 2973 3662 δακρυ
2988 3608 3040 3645 σι
3072 3590 3335 3661 φέρουσαι
3361 3585 3597 3656 ἔδραμον
3626 3580 3766 3650 πρὸς
3791 3580 3855 3632 τὸ
3884 3578 4030 3632 θεῖον

2432 3689 2643 3760 μνῆμα,
2669 3688 2724 3740 αἱ
2760 3683 3059 3755 μυροφόροι
3090 3681 3149 3733 έν
3182 3677 3389 3747 σπουδῇ
3434 3674 3636 3745 ὄρθρου
3669 3672 3888 3742 βαθέος,
3920 3689 4031 3724 κα-

2430 3779 2539 3841 θὼς
2572 3778 2599 3829 ὁ
2629 3775 2905 3845 Θεηγόρος
2939 3770 3100 3840 φησι,
3134 3768 3228 3822 καὶ
3277 3765 3666 3837 ἀστράπτοντα
3707 3765 3896 3832 μορφῇ
3936 3762 4034 3814 καὶ

2432 3870 2592 3940 στολῇ
2621 3865 2941 3922 κατιδοῦσαι
2972 3861 3194 3915 νεανίαν
3232 3858 3383 3929 φόϐῳ
3419 3856 3884 3925 κατεπλήττοντο.

2502 3962 2709 4024 Νάσους
2732 3959 2985 4028 ἰώμενον,
3003 3954 3147 4024 λόγῳ
3164 3949 3511 4022 παραλύτους
3526 3946 3887 4020 ἀνορθοῦντα,
3935 3947 4041 4000 Λό-

2433 4072 2520 4125 γε,
2556 4052 2653 4106 καὶ
2673 4050 2979 4105 ἀνιστῶντα
3001 4047 3128 4109 τοὺς
3151 4044 3378 4113 νεκροὺς
3411 4045 3440 4096 ὁ
3470 4042 3580 4096 τῶν
3595 4040 3869 4110 Ἐϐραίων
3901 4040 4039 4101 λαός

2438 4165 2496 4201 σε
2527 4142 2846 4215 κατακρίνει
2872 4142 3054 4194 θανεῖν
3072 4155 3088 4171 ⁸
3110 4137 3225 4191 ἀλλ’
3256 4136 3487 4204 ἀνέστης
3517 4133 3593 4195 ὡς
3618 4132 3751 4196 Θεὸς
3773 4131 4044 4201 κραταιὸς

2438 4241 2497 4292 ὲν
2526 4236 2777 4305 δυνάμει,
2804 4232 2866 4286 τὸ
2899 4232 2993 4285 τοῦ
3022 4230 3152 4302 ᾅδου
3187 4225 3440 4281 καθελὼν
3465 4223 3763 4295 βασίλειον.

836 4341 940 4407 Qui
979 4342 1120 4395 Deus
1146 4348 1229 4394 est
1273 4352 1439 4406 super
1473 4350 1663 4390 omnes
1714 4333 1850 4389 deos
1898 4333 2050 4389 visus
2101 4340 2186 4387 est
2248 4333 2335 4386 in-
2511 4334 2514 4350 ¹

2511 4328 2688 4398 Ὠφθη
2746 4323 3147 4397 σαρκούμενος,
3198 4319 3464 4385 πάναγνε,
3504 4316 3764 4387 ἀρρήτως
3817 4316 3888 4368 ὲκ
3928 4313 4046 4367 τῶν

755 4433 942 4488 duisse
989 4446 1211 4485 carnem
1252 4445 1317 4484 ex
1360 4428 1628 4498 sanguine
1680 4433 1795 4490 tuo,
1855 4423 2227 4487 immaculata,
2285 4430 2340 4477 et

2443 4422 2552 4475 σῶν
2580 4420 2830 4490 αἱμάτων
2863 4418 2893 4469 ὁ
2944 4412 3269 4487 ὑπερούσιος
3299 4409 3455 4474 Θεὸς,
3510 4408 3604 4461 καὶ
3651 4404 3935 4473 λογισθεὶς
3987 4407 4048 4457 ὲν

758 4521 903 4578 inter
940 4530 1186 4575 mortuos
1236 4497 1638 4572 annumeratus
1686 4514 1780 4583 qui
1827 4520 1913 4569 est
1947 4512 2082 4578 vita,
2114 4511 2336 4581 propria
2372 4551 2416 4607 Β

2372 4551 2416 4607 D
2445 4514 2658 4585 νεκροῖς
2686 4510 2908 4564 πάντων
2946 4507 3209 4578 ὑπαρχων
3250 4503 3367 4572 ζωὴ
3412 4499 3677 4568 ἐξανέστη
3718 4497 4046 4567 κραταιῶς-

760 4613 999 4670 surrexit
1026 4612 1263 4667 virtute:
1291 4606 1439 4679 quod
1470 4606 1686 4670 videns,
1712 4604 1916 4675 repleta
1958 4603 2156 4675 gaudio
2189 4602 2341 4656 illum
2372 4588 2415 4607 ν

2372 4588 2415 4607 ν
2444 4605 2504 4659 όν
2541 4603 2724 4659 ἰδοῦσα
2772 4599 3049 4671 ἐπλήσθης
3079 4595 3346 4668 θυμηδίας
3393 4592 3580 4645 τοῦτον
3632 4588 4045 4660 μεγαλύνουσα.

762 4708 1019 4763 laudibus
1052 4703 1441 4775 magnificasti.

827 3602 1048 3659 Flentes
1073 3602 1423 3672 l‘ercntesque
1456 3608 1703 3657 aromata
1736 3601 2059 3657 festinanter
2091 3611 2144 3656 ct
2174 3616 2326 3655 sum-

743 3713 833 3750 mo
865 3710 1023 3750 mane
1052 3700 1321 3749 venerunt
1352 3694 1417 3748 ad
1448 3704 1895 3758 monumentum,
1928 3693 2073 3748 sicut
2103 3702 2327 3746 enarrat

746 3788 1104 3859 evangelista,
1176 3794 1231 3841 ct
1293 3786 1627 3856 aspicientes
1713 3786 1971 3856 juvenem
2038 3783 2211 3838 forma
2276 3796 2330 3840 et

749 3882 944 3937 vestitu
975 3887 1379 3944 coruscantem,
1406 3894 1517 3949 ιιι-ω
1546 3879 1743 3933 timore
1769 3879 2190 3947 obstupuerunt.

827 3973 1068 4030 Verbum
1111 3974 1275 4029 verbo
1324 3988 1527 4027 curans
1564 3972 1789 4025 morbos
1848 3970 2176 4042 crigensque
2236 3982 2332 4038 pa-

751 4068 1012 4137 ralyticos
1047 4075 1104 4121 et
1143 4074 1392 4121 mortuos
1422 4064 1734 4129 suscitans,
1780 4074 1831 4118 te
1866 4079 2000 4133 gens
2071 4061 2331 4116 lleliraica

752 4160 914 4215 morti
960 4158 1201 4226 addicit;
1238 4157 1331 4213 sed
1365 4172 1395 4211 a
1431 4156 1643 4210 tumulo
1680 4154 1969 4210 surrexisti
2019 4154 2203 4208 divina
2240 4166 2337 4222 po»

752 4251 923 4304 tentia
958 4259 1075 4317 tua,
1110 4264 1278 4319 regna
1304 4259 1522 4303 vertens
1562 4246 1887 4301 inferorum.

2695 4801 2800 4853 Ἑν
2830 4795 2976 4864 πυρὶ
3008 4793 3236 4864 φλογὸς
3263 4783 3671 4857 παρίστανταὶ
3691 4798 3816 4837 σοι.

2520 4914 2833 4987 Διαρῤήξας
2862 4911 2924 4965 τὺ
2956 4908 3323 4981 χειρόγραφον
3353 4902 3449 4956 τοῦ
3497 4898 3669 4969 ’Δδάμ
3693 4896 3774 4967 τῷ
3804 4896 4051 4966 σταυρῷ,

2452 5009 2648 5080 Κύριε,
2695 5006 2795 5076 τὴν
2819 5002 3071 5069 εὐλογίαν
3117 4997 3211 5051 νῦν
3266 4995 3556 5066 έπήγασας
3606 4991 3767 5059 ἡμῖν,
3828 4989 4051 5057 κατάρα

2453 5079 2736 5164 ἑκουσίως,
2774 5094 2999 5168 Χριστὲ,
3044 5086 3446 5160 γεγενημένος·
3491 5083 3573 5136 διό
3609 5098 3669 5134 σε
3711 5079 4055 5149 εὐλογοῦμεν

2455 5196 2542 5250 ἀεὶ
2575 5194 2657 5257 εἰς
2687 5192 2891 5252 πάντας
2919 5189 3045 5249 τοὺς
3080 5183 3304 5244 αἰῶνας.

2530 5287 2671 5340 Ἱδεν
2699 5284 2869 5354 δῆμος
2898 5281 3211 5333 ἀναστάντα
3241 5290 3301 5325 σε
3330 5268 3493 5341 ἱερῶν
3535 5264 3822 5339 μαθητῶν,
3857 5262 4057 5333 Κύριε,

2458 5379 2554 5432 καὶ
2584 5374 2853 5446 θυμηδίας
2891 5367 3186 5438 ἐπληρώθη
3227 5360 3531 5435 μυστικῆς
3566 5356 3703 5428 πρὸς
3735 5354 3834 5417 οὓς
3875 5354 4059 5415 sese;-

2460 5472 2684 5533 Γνόντες
2706 5466 2839 5522 θεόν
2873 5481 2938 5535 με
2961 5461 3253 5530 ζωοδότην,
3291 5451 3617 5528 πορεύεσθε,
3661 5447 3951 5521 κηρύξατε
3992 5461 4058 5516 με

2463 5562 2718 5619 ἁπάντων
2749 5556 2993 5630 βασιλέα.

1057 4820 1123 4874 In
1148 4818 1381 4888 ﬂammis
1406 4817 1543 4887 ignis
1577 4815 1671 4868 tibi
1703 4824 1897 4884 praesto
1916 4820 2059 4867 sunt.

839 4941 1024 4997 Delcto
1047 4935 1245 4993 Adami
1270 4931 1642 5003 chirographo
1673 4942 1841 4985 cruce
1872 4941 2039 4998 quam
2074 4924 2348 4983 sustulisti

770 5030 1085 5096 l'ai-iensque
1103 5032 1156 5079 te
1183 5020 1493 5077 voluntarie
1530 5017 1993 5076 maledictionem,
2018 5014 2352 5070 benedictio-

772 5131 894 5173 nem
928 5114 1086 5169 nobis
1114 5109 1383 5169 scaturire
1412 5106 1614 5169 fecisti,
1649 5104 1903 5171 Christe;
1936 5103 2058 5157 ideo
2078 5099 2354 5157 benedici-

773 5226 896 5265 mus
929 5218 981 5263 te
1006 5204 1270 5264 smculum
1300 5217 1397 5273 per
1427 5214 1611 5256 onme.

843 5297 1031 5354 Sancti
1069 5303 1124 5351 te
1148 5292 1407 5350 viderunt
1456 5289 1714 5360 discipuli
1782 5294 2184 5358 resurgentem,
2250 5283 2356 5339 Do-

777 5394 945 5457 mine,
974 5400 1027 5447 ct
1058 5388 1266 5445 cmlcsti
1305 5385 1497 5456 repleti
1530 5389 1659 5438 sunt
1701 5378 1940 5451 gaudio;
1970 5378 2036 5433 ad
2070 5378 2194 5433 illos
2245 5376 2358 5430 cla-

780 5502 933 5543 mas:
961 5483 1212 5539 Scientes
1238 5479 1367 5551 quia
1393 5490 1495 5549 ego
1527 5491 1648 5531 sum
1673 5473 1819 5529 Deus
1851 5486 1947 5541 per
1982 5484 2144 5539 quem
2169 5469 2361 5524 vivunt

779 5593 997 5645 omnes,
1056 5574 1200 5631 abite
1242 5579 1297 5627 et
1359 5566 1683 5626 annuntiate
1712 5579 1800 5620 me
1855 5577 2037 5634 regem
2073 5561 2363 5615 universo-

781 5686 926 5726 rum.

855 5759 1029 5816 Tuam
1059 5759 1366 5826 laudamus,
1393 5756 1523 5814 Jesu
1555 5752 1889 5816 misericors,
1922 5746 2215 5821 gloriosam
2243 5757 2367 5799 cru-

787 5854 1121 5924 ciﬁxioncm,
1147 5854 1483 5926 sepulturam
1516 5859 1668 5909 tuam
1706 5846 2148 5919 stupendamque
2182 5854 2366 5896 resur-

2548 5735 2920 5810 ’Δνυμνοῦμέν
2942 5750 3037 5788 σου
3072 5731 3172 5802 τὴν
3205 5725 3518 5798 σταύρωσιν
3548 5721 3646 5792 τὴν
3674 5717 3915 5788 σεπτὴν,
3956 5714 4059 5785 Ἰη-

2470 5834 2565 5893 σοῦ
2622 5806 3002 5901 εὔσπλαγχνεο
3031 5820 3420 5893 δοξο).ογοῦμεν
3464 5814 3566 5888 τὴν
3609 5810 3790 5885 ταφὴν
3832 5808 3933 5866 καὶ
3962 5806 4058 5877 τὴν
