  <div class='ocr_page' id='page_1' title='image "/cluster/home/n/w/nwhite01/storage/ocr_20150623/87 tp.3/nnc1.0046980288/606.png"; bbox 0 0 4250 6442; ppageno 0'>
   <div class='ocr_carea' id='block_1_1' title="bbox 308 401 451 466">
    <p class='ocr_par' dir='ltr' id='par_1_1' title="bbox 308 401 451 466">
     <span class='ocr_line' id='line_1_1' title="bbox 308 401 451 466; baseline 0.021 -3"><span class='ocrx_word' id='word_1_1' title='bbox 308 401 451 466; x_wconf 59' lang='grc' dir='ltr'><strong>3θ57</strong></span> 
     </span>
    </p>
   </div>
   <div class='ocr_carea' id='block_1_2' title="bbox 1714 414 2118 474">
    <p class='ocr_par' dir='ltr' id='par_1_2' title="bbox 1714 414 2118 474">
     <span class='ocr_line' id='line_1_2' title="bbox 1714 414 2118 474; baseline 0 -1"><span class='ocrx_word' id='word_1_2' title='bbox 1714 414 2118 474; x_wconf 67' lang='grc' dir='ltr'>Τηιουιωι.</span> 
     </span>
    </p>
   </div>
   <div class='ocr_carea' id='block_1_3' title="bbox 3409 423 3546 488">
    <p class='ocr_par' dir='ltr' id='par_1_3' title="bbox 3409 423 3546 488">
     <span class='ocr_line' id='line_1_3' title="bbox 3409 423 3546 488; baseline 0.015 -4"><span class='ocrx_word' id='word_1_3' title='bbox 3409 423 3546 488; x_wconf 78' lang='lat'><strong>3958</strong></span> 
     </span>
    </p>
   </div>
   <div class='ocr_carea' id='block_1_4' title="bbox 304 514 1833 591">
    <p class='ocr_par' dir='ltr' id='par_1_4' title="bbox 304 514 1833 591">
     <span class='ocr_line' id='line_1_4' title="bbox 304 514 1833 591; baseline 0.007 -27"><span class='ocrx_word' id='word_1_4' title='bbox 304 514 538 583; x_wconf 75' lang='grc' dir='ltr'>φρικτὴν</span> <span class='ocrx_word' id='word_1_5' title='bbox 568 514 859 569; x_wconf 74' lang='grc' dir='ltr'>ἀνάστασιν</span> <span class='ocrx_word' id='word_1_6' title='bbox 893 517 950 568; x_wconf 84' lang='grc' dir='ltr'><strong>ἐν</strong></span> <span class='ocrx_word' id='word_1_7' title='bbox 975 514 1176 579; x_wconf 80' lang='grc' dir='ltr'>πίστει,</span> <span class='ocrx_word' id='word_1_8' title='bbox 1206 516 1272 570; x_wconf 86' lang='grc' dir='ltr'>δι’</span> <span class='ocrx_word' id='word_1_9' title='bbox 1300 514 1365 589; x_wconf 76' lang='grc' dir='ltr'>ἧς</span> <span class='ocrx_word' id='word_1_10' title='bbox 1396 520 1458 572; x_wconf 85' lang='grc' dir='ltr'><strong>ἐκ</strong></span> <span class='ocrx_word' id='word_1_11' title='bbox 1487 520 1594 573; x_wconf 89' lang='grc' dir='ltr'><strong>τῶν</strong></span> <span class='ocrx_word' id='word_1_12' title='bbox 1634 520 1833 591; x_wconf 52' lang='lat' dir='ltr'><strong>“ro-3613c</strong></span> 
     </span>
    </p>
   </div>
   <div class='ocr_carea' id='block_1_5' title="bbox 1844 514 3554 591">
    <p class='ocr_par' dir='ltr' id='par_1_5' title="bbox 1846 522 3554 591">
     <span class='ocr_line' id='line_1_5' title="bbox 1846 522 3554 591; baseline 0.006 -17"><span class='ocrx_word' id='word_1_13' title='bbox 1846 540 1875 574; x_wconf 90' lang='grc' dir='ltr'><strong>υ</strong></span> <span class='ocrx_word' id='word_1_14' title='bbox 1908 528 1948 583; x_wconf 73' lang='grc' dir='ltr'><strong>Α</strong></span> <span class='ocrx_word' id='word_1_15' title='bbox 1981 522 2298 588; x_wconf 82' lang='lat' dir='ltr'><strong>reetionem,</strong></span> <span class='ocrx_word' id='word_1_16' title='bbox 2351 538 2446 591; x_wconf 81' lang='lat' dir='ltr'><strong>per</strong></span> <span class='ocrx_word' id='word_1_17' title='bbox 2495 538 2658 591; x_wconf 77' lang='lat' dir='ltr'><strong>quam</strong></span> <span class='ocrx_word' id='word_1_18' title='bbox 2720 524 2786 575; x_wconf 84' lang='lat' dir='ltr'><strong>ab</strong></span> <span class='ocrx_word' id='word_1_19' title='bbox 2834 524 3304 581; x_wconf 66' lang='lat' dir='ltr'><strong>indisso&#39;ubilihus</strong></span> <span class='ocrx_word' id='word_1_20' title='bbox 3359 527 3554 584; x_wconf 80' lang='lat' dir='ltr'><strong>inferni</strong></span> 
     </span>
    </p>
   </div>
   <div class='ocr_carea' id='block_1_6' title="bbox 302 603 1780 679">
    <p class='ocr_par' dir='ltr' id='par_1_6' title="bbox 302 603 1780 679">
     <span class='ocr_line' id='line_1_6' title="bbox 302 603 1780 679; baseline 0.006 -21"><span class='ocrx_word' id='word_1_21' title='bbox 302 603 574 676; x_wconf 81' lang='grc' dir='ltr'>ἐλύθημεν</span> <span class='ocrx_word' id='word_1_22' title='bbox 599 605 809 660; x_wconf 76' lang='grc' dir='ltr'>ἀλύτων</span> <span class='ocrx_word' id='word_1_23' title='bbox 842 607 1079 676; x_wconf 83' lang='grc' dir='ltr'>δεσμῶν,</span> <span class='ocrx_word' id='word_1_24' title='bbox 1120 609 1324 679; x_wconf 75' lang='grc' dir='ltr'>Χριστὲ</span> <span class='ocrx_word' id='word_1_25' title='bbox 1358 610 1457 664; x_wconf 78' lang='grc' dir='ltr'>Θεὲ</span> <span class='ocrx_word' id='word_1_26' title='bbox 1488 611 1596 664; x_wconf 84' lang='grc' dir='ltr'><strong>τῶν</strong></span> <span class='ocrx_word' id='word_1_27' title='bbox 1622 611 1780 667; x_wconf 80' lang='grc' dir='ltr'>ὅλων.</span> 
     </span>
    </p>
   </div>
   <div class='ocr_carea' id='block_1_7' title="bbox 381 790 1875 865">
    <p class='ocr_par' dir='ltr' id='par_1_7' title="bbox 381 790 1875 865">
     <span class='ocr_line' id='line_1_7' title="bbox 381 790 1875 865; baseline 0.003 -21"><span class='ocrx_word' id='word_1_28' title='bbox 381 790 590 862; x_wconf 78' lang='grc' dir='ltr'><strong>Ἰησοῦν</strong></span> <span class='ocrx_word' id='word_1_29' title='bbox 609 792 667 846; x_wconf 77' lang='grc' dir='ltr'>ὃν</span> <span class='ocrx_word' id='word_1_30' title='bbox 685 793 1055 863; x_wconf 80' lang='grc' dir='ltr'>ἐσωμάτωσας</span> <span class='ocrx_word' id='word_1_31' title='bbox 1075 793 1177 848; x_wconf 85' lang='grc' dir='ltr'><strong>ύπέ</strong></span> <span class='ocrx_word' id='word_1_32' title='bbox 1185 814 1215 865; x_wconf 88' lang='grc' dir='ltr'><strong>ρ</strong></span> <span class='ocrx_word' id='word_1_33' title='bbox 1237 794 1413 862; x_wconf 74' lang='grc' dir='ltr'>λόγον,</span> <span class='ocrx_word' id='word_1_34' title='bbox 1433 797 1570 864; x_wconf 86' lang='grc' dir='ltr'>ἀγνὴ</span> <span class='ocrx_word' id='word_1_35' title='bbox 1590 797 1875 862; x_wconf 73' lang='grc' dir='ltr'>Δέσποινα,</span> 
     </span>
    </p>
   </div>
   <div class='ocr_carea' id='block_1_8' title="bbox 297 882 1877 957">
    <p class='ocr_par' dir='ltr' id='par_1_8' title="bbox 297 882 1877 957">
     <span class='ocr_line' id='line_1_8' title="bbox 297 882 1877 957; baseline 0.004 -23"><span class='ocrx_word' id='word_1_36' title='bbox 297 882 671 953; x_wconf 71' lang='grc' dir='ltr'><strong>ἐγηγερμένον</strong></span> <span class='ocrx_word' id='word_1_37' title='bbox 708 884 1000 937; x_wconf 74' lang='grc' dir='ltr'><strong>κατιδοῦσα</strong></span> <span class='ocrx_word' id='word_1_38' title='bbox 1029 887 1093 939; x_wconf 83' lang='grc' dir='ltr'><strong>ἐκ</strong></span> <span class='ocrx_word' id='word_1_39' title='bbox 1125 887 1335 956; x_wconf 78' lang='grc' dir='ltr'>νεκρῶν</span> <span class='ocrx_word' id='word_1_40' title='bbox 1364 887 1542 952; x_wconf 76' lang='grc' dir='ltr'>ἐὸόας,</span> <span class='ocrx_word' id='word_1_41' title='bbox 1582 888 1645 941; x_wconf 85' lang='grc' dir='ltr'>Τί</span> <span class='ocrx_word' id='word_1_42' title='bbox 1681 888 1877 957; x_wconf 77' lang='grc' dir='ltr'>ὡραῖον</span> 
     </span>
    </p>
   </div>
   <div class='ocr_carea' id='block_1_9' title="bbox 295 972 1876 1051">
    <p class='ocr_par' dir='ltr' id='par_1_9' title="bbox 295 972 1876 1051">
     <span class='ocr_line' id='line_1_9' title="bbox 295 972 1876 1051; baseline 0.005 -26"><span class='ocrx_word' id='word_1_43' title='bbox 295 974 356 1026; x_wconf 75' lang='grc' dir='ltr'>τὸ</span> <span class='ocrx_word' id='word_1_44' title='bbox 381 975 576 1038; x_wconf 77' lang='grc' dir='ltr'>κάλλος</span> <span class='ocrx_word' id='word_1_45' title='bbox 608 994 727 1041; x_wconf 84' lang='grc' dir='ltr'>σου,</span> <span class='ocrx_word' id='word_1_46' title='bbox 758 977 850 1028; x_wconf 77' lang='grc' dir='ltr'><strong>Υίέ</strong></span> <span class='ocrx_word' id='word_1_47' title='bbox 881 994 1002 1046; x_wconf 85' lang='grc' dir='ltr'>μου.</span> <span class='ocrx_word' id='word_1_48' title='bbox 1032 977 1100 1030; x_wconf 79' lang='grc' dir='ltr'>δι’</span> <span class='ocrx_word' id='word_1_49' title='bbox 1128 972 1188 1030; x_wconf 70' lang='grc' dir='ltr'><strong>οῦ</strong></span> <span class='ocrx_word' id='word_1_50' title='bbox 1223 980 1358 1046; x_wconf 70' lang='grc' dir='ltr'>πρὸς</span> <span class='ocrx_word' id='word_1_51' title='bbox 1381 977 1440 1032; x_wconf 75' lang='grc' dir='ltr'>τὸ</span> <span class='ocrx_word' id='word_1_52' title='bbox 1467 979 1692 1051; x_wconf 84' lang='grc' dir='ltr'>ἀρχαῖον</span> <span class='ocrx_word' id='word_1_53' title='bbox 1707 980 1876 1050; x_wconf 71' lang='grc' dir='ltr'>Ἀδὰμ</span> 
     </span>
    </p>
   </div>
   <div class='ocr_carea' id='block_1_10' title="bbox 294 1063 946 1133">
    <p class='ocr_par' dir='ltr' id='par_1_10' title="bbox 294 1063 946 1133">
     <span class='ocr_line' id='line_1_10' title="bbox 294 1063 946 1133; baseline 0.005 -19"><span class='ocrx_word' id='word_1_54' title='bbox 294 1063 390 1114; x_wconf 77' lang='grc' dir='ltr'><strong>νῦν</strong></span> <span class='ocrx_word' id='word_1_55' title='bbox 422 1063 692 1133; x_wconf 76' lang='grc' dir='ltr'>ἐπανῆλθε</span> <span class='ocrx_word' id='word_1_56' title='bbox 733 1065 946 1128; x_wconf 70' lang='grc' dir='ltr'>κάλλος.</span> 
     </span>
    </p>
   </div>
   <div class='ocr_carea' id='block_1_11' title="bbox 674 1155 1485 1229">
    <p class='ocr_par' dir='ltr' id='par_1_11' title="bbox 674 1155 1485 1229">
     <span class='ocr_line' id='line_1_11' title="bbox 674 1155 1485 1229; baseline 0.011 -23"><span class='ocrx_word' id='word_1_57' title='bbox 674 1155 801 1207; x_wconf 80' lang='grc' dir='ltr'>’Ὁτι</span> <span class='ocrx_word' id='word_1_58' title='bbox 836 1155 1089 1221; x_wconf 75' lang='grc' dir='ltr'>ἐποίησέ</span> <span class='ocrx_word' id='word_1_59' title='bbox 1113 1176 1214 1226; x_wconf 80' lang='grc' dir='ltr'><strong>μοι</strong></span> <span class='ocrx_word' id='word_1_60' title='bbox 1232 1159 1485 1229; x_wconf 61' lang='grc' dir='ltr'>μεγάλα.</span> 
     </span>
    </p>
   </div>
   <div class='ocr_carea' id='block_1_12' title="bbox 374 1253 1867 1331">
    <p class='ocr_par' dir='ltr' id='par_1_12' title="bbox 374 1253 1867 1331">
     <span class='ocr_line' id='line_1_12' title="bbox 374 1253 1867 1331; baseline 0.005 -24"><span class='ocrx_word' id='word_1_61' title='bbox 374 1253 462 1317; x_wconf 82' lang='grc' dir='ltr'>Ὠς</span> <span class='ocrx_word' id='word_1_62' title='bbox 492 1253 666 1325; x_wconf 75' lang='grc' dir='ltr'>ἤρθης</span> <span class='ocrx_word' id='word_1_63' title='bbox 682 1256 787 1308; x_wconf 79' lang='grc' dir='ltr'>’ἐπὶ</span> <span class='ocrx_word' id='word_1_64' title='bbox 818 1255 975 1321; x_wconf 77' lang='grc' dir='ltr'>ξύλου</span> <span class='ocrx_word' id='word_1_65' title='bbox 1010 1257 1451 1329; x_wconf 82' lang='grc' dir='ltr'>προσηλούμενος</span> <span class='ocrx_word' id='word_1_66' title='bbox 1487 1259 1581 1314; x_wconf 87' lang='grc' dir='ltr'><strong>τοῦ</strong></span> <span class='ocrx_word' id='word_1_67' title='bbox 1614 1261 1867 1331; x_wconf 87' lang='grc' dir='ltr'>σταυροῦ,</span> 
     </span>
    </p>
   </div>
   <div class='ocr_carea' id='block_1_13' title="bbox 290 1346 1865 1422">
    <p class='ocr_par' dir='ltr' id='par_1_13' title="bbox 290 1346 1865 1422">
     <span class='ocr_line' id='line_1_13' title="bbox 290 1346 1865 1422; baseline 0.004 -25"><span class='ocrx_word' id='word_1_68' title='bbox 290 1346 580 1415; x_wconf 75' lang='grc' dir='ltr'>φωστῆρες</span> <span class='ocrx_word' id='word_1_69' title='bbox 632 1348 1020 1417; x_wconf 64' lang='grc' dir='ltr'>ἐναπέκρυψαν</span> <span class='ocrx_word' id='word_1_70' title='bbox 1061 1349 1123 1402; x_wconf 80' lang='grc' dir='ltr'><strong>τὸ</strong></span> <span class='ocrx_word' id='word_1_71' title='bbox 1151 1348 1286 1418; x_wconf 75' lang='grc' dir='ltr'>φῶς,</span> <span class='ocrx_word' id='word_1_72' title='bbox 1332 1352 1428 1404; x_wconf 78' lang='grc' dir='ltr'><strong>καὶ</strong></span> <span class='ocrx_word' id='word_1_73' title='bbox 1474 1351 1737 1422; x_wconf 82' lang='grc' dir='ltr'>ἐσείετοή</span> <span class='ocrx_word' id='word_1_74' title='bbox 1771 1354 1865 1421; x_wconf 80' lang='grc' dir='ltr'>γῆ,</span> 
     </span>
    </p>
   </div>
   <div class='ocr_carea' id='block_1_14' title="bbox 290 1436 1757 1512">
    <p class='ocr_par' dir='ltr' id='par_1_14' title="bbox 290 1436 1757 1512">
     <span class='ocr_line' id='line_1_14' title="bbox 290 1436 1757 1512; baseline 0.005 -25"><span class='ocrx_word' id='word_1_75' title='bbox 290 1436 381 1488; x_wconf 74' lang='grc' dir='ltr'><strong>καὶ</strong></span> <span class='ocrx_word' id='word_1_76' title='bbox 412 1437 462 1489; x_wconf 86' lang='grc' dir='ltr'><strong>οί</strong></span> <span class='ocrx_word' id='word_1_77' title='bbox 490 1438 548 1489; x_wconf 88' lang='grc' dir='ltr'><strong>ἐν</strong></span> <span class='ocrx_word' id='word_1_78' title='bbox 580 1436 707 1508; x_wconf 78' lang='grc' dir='ltr'>ᾅδου</span> <span class='ocrx_word' id='word_1_79' title='bbox 735 1438 842 1491; x_wconf 89' lang='grc' dir='ltr'><strong>τῶν</strong></span> <span class='ocrx_word' id='word_1_80' title='bbox 874 1439 1092 1510; x_wconf 90' lang='grc' dir='ltr'>δεσμῶν</span> <span class='ocrx_word' id='word_1_81' title='bbox 1120 1439 1527 1512; x_wconf 66' lang='grc' dir='ltr'><strong>ἐλευθεροῦντο,</strong></span> <span class='ocrx_word' id='word_1_82' title='bbox 1554 1441 1757 1512; x_wconf 82' lang='grc' dir='ltr'>Σῶτερ.</span> 
     </span>
    </p>
   </div>
   <div class='ocr_carea' id='block_1_15' title="bbox 359 1612 1864 1687">
    <p class='ocr_par' dir='ltr' id='par_1_15' title="bbox 359 1612 1864 1687">
     <span class='ocr_line' id='line_1_15' title="bbox 359 1612 1864 1687; baseline 0.005 -23"><span class='ocrx_word' id='word_1_83' title='bbox 359 1612 665 1682; x_wconf 61' lang='grc' dir='ltr'>Συντρίψας</span> <span class='ocrx_word' id='word_1_84' title='bbox 698 1614 793 1667; x_wconf 90' lang='grc' dir='ltr'><strong>τοῦ</strong></span> <span class='ocrx_word' id='word_1_85' title='bbox 816 1615 895 1668; x_wconf 68' lang='grc' dir='ltr'><strong>θα</strong></span> <span class='ocrx_word' id='word_1_86' title='bbox 917 1617 1048 1671; x_wconf 83' lang='grc' dir='ltr'>ἀτου</span> <span class='ocrx_word' id='word_1_87' title='bbox 1076 1617 1270 1682; x_wconf 85' lang='grc' dir='ltr'>πύλας,</span> <span class='ocrx_word' id='word_1_88' title='bbox 1299 1618 1459 1685; x_wconf 78' lang='grc' dir='ltr'>Λόγε,</span> <span class='ocrx_word' id='word_1_89' title='bbox 1490 1619 1584 1671; x_wconf 74' lang='grc' dir='ltr'>καὶ</span> <span class='ocrx_word' id='word_1_90' title='bbox 1614 1619 1737 1681; x_wconf 73' lang='grc' dir='ltr'>τοὺς</span> <span class='ocrx_word' id='word_1_91' title='bbox 1767 1635 1864 1687; x_wconf 87' lang='grc' dir='ltr'>μο-</span> 
     </span>
    </p>
   </div>
   <div class='ocr_carea' id='block_1_16' title="bbox 287 1702 1864 1781">
    <p class='ocr_par' dir='ltr' id='par_1_16' title="bbox 287 1702 1864 1781">
     <span class='ocr_line' id='line_1_16' title="bbox 287 1702 1864 1781; baseline 0.005 -27"><span class='ocrx_word' id='word_1_92' title='bbox 287 1702 472 1772; x_wconf 74' lang='grc' dir='ltr'>χλοὺς,</span> <span class='ocrx_word' id='word_1_93' title='bbox 512 1704 742 1771; x_wconf 75' lang='grc' dir='ltr'><strong>ἀνέστης</strong></span> <span class='ocrx_word' id='word_1_94' title='bbox 776 1707 913 1774; x_wconf 85' lang='grc' dir='ltr'><strong>μετά</strong></span> <span class='ocrx_word' id='word_1_95' title='bbox 941 1708 1098 1776; x_wconf 75' lang='grc' dir='ltr'>δόξης</span> <span class='ocrx_word' id='word_1_96' title='bbox 1126 1751 1141 1773; x_wconf 86' lang='grc'><strong>,</strong></span> <span class='ocrx_word' id='word_1_97' title='bbox 1172 1710 1447 1780; x_wconf 79' lang='grc' dir='ltr'>κραταιῶς</span> <span class='ocrx_word' id='word_1_98' title='bbox 1489 1709 1697 1780; x_wconf 74' lang='grc' dir='ltr'>οὕσπερ</span> <span class='ocrx_word' id='word_1_99' title='bbox 1733 1720 1864 1781; x_wconf 73' lang='grc' dir='ltr'>πρὶν</span> 
     </span>
    </p>
   </div>
   <div class='ocr_carea' id='block_1_17' title="bbox 282 1790 1587 1868">
    <p class='ocr_par' dir='ltr' id='par_1_17' title="bbox 282 1790 1587 1868">
     <span class='ocr_line' id='line_1_17' title="bbox 282 1790 1587 1868; baseline 0.007 -22"><span class='ocrx_word' id='word_1_100' title='bbox 282 1790 428 1865; x_wconf 81' lang='grc' dir='ltr'>εἶχεν</span> <span class='ocrx_word' id='word_1_101' title='bbox 456 1794 762 1865; x_wconf 78' lang='grc' dir='ltr'><strong>δεσμώτας,</strong></span> <span class='ocrx_word' id='word_1_102' title='bbox 796 1800 872 1861; x_wconf 87' lang='grc' dir='ltr'><strong>ώς</strong></span> <span class='ocrx_word' id='word_1_103' title='bbox 897 1800 1029 1853; x_wconf 81' lang='grc' dir='ltr'>Θεὸν</span> <span class='ocrx_word' id='word_1_104' title='bbox 1058 1800 1470 1868; x_wconf 74' lang='grc' dir='ltr'>δοξολογοῦντάς</span> <span class='ocrx_word' id='word_1_105' title='bbox 1506 1819 1587 1856; x_wconf 92' lang='grc' dir='ltr'><strong>σε.</strong></span> 
     </span>
    </p>
   </div>
   <div class='ocr_carea' id='block_1_18' title="bbox 1987 612 3559 687">
    <p class='ocr_par' dir='ltr' id='par_1_18' title="bbox 1987 612 3559 687">
     <span class='ocr_line' id='line_1_18' title="bbox 1987 612 3559 687; baseline 0.006 -20"><span class='ocrx_word' id='word_1_106' title='bbox 1987 612 2215 668; x_wconf 73' lang='lat' dir='ltr'><strong>vinculis</strong></span> <span class='ocrx_word' id='word_1_107' title='bbox 2273 615 2435 669; x_wconf 90' lang='lat' dir='ltr'><strong>soluti</strong></span> <span class='ocrx_word' id='word_1_108' title='bbox 2485 629 2694 679; x_wconf 87' lang='lat' dir='ltr'><strong>sumus,</strong></span> <span class='ocrx_word' id='word_1_109' title='bbox 2730 630 2762 669; x_wconf 90' lang='grc' dir='ltr'><strong>ο</strong></span> <span class='ocrx_word' id='word_1_110' title='bbox 2816 614 3031 672; x_wconf 84' lang='lat' dir='ltr'><strong>Christe</strong></span> <span class='ocrx_word' id='word_1_111' title='bbox 3091 617 3252 687; x_wconf 87' lang='lat' dir='ltr'><strong>Deus,</strong></span> <span class='ocrx_word' id='word_1_112' title='bbox 3286 636 3409 673; x_wconf 81' lang='lat' dir='ltr'><strong>cum</strong></span> <span class='ocrx_word' id='word_1_113' title='bbox 3454 621 3559 676; x_wconf 83' lang='lat' dir='ltr'><strong>ﬁde</strong></span> 
     </span>
    </p>
   </div>
   <div class='ocr_carea' id='block_1_19' title="bbox 1982 706 2345 762">
    <p class='ocr_par' dir='ltr' id='par_1_19' title="bbox 1982 706 2345 762">
     <span class='ocr_line' id='line_1_19' title="bbox 1982 706 2345 762; baseline 0 -2"><span class='ocrx_word' id='word_1_114' title='bbox 1982 706 2345 762; x_wconf 72' lang='lat' dir='ltr'><strong>celebramus.</strong></span> 
     </span>
    </p>
   </div>
   <div class='ocr_carea' id='block_1_20' title="bbox 2053 794 3542 876">
    <p class='ocr_par' dir='ltr' id='par_1_20' title="bbox 2053 794 3542 876">
     <span class='ocr_line' id='line_1_20' title="bbox 2053 794 3542 876; baseline 0.009 -29"><span class='ocrx_word' id='word_1_115' title='bbox 2053 794 2253 851; x_wconf 78' lang='lat' dir='ltr'><strong>\‘idens</strong></span> <span class='ocrx_word' id='word_1_116' title='bbox 2273 796 2364 867; x_wconf 87' lang='lat' dir='ltr'><strong>qui</strong></span> <span class='ocrx_word' id='word_1_117' title='bbox 2384 798 2450 852; x_wconf 87' lang='lat' dir='ltr'><strong>de</strong></span> <span class='ocrx_word' id='word_1_118' title='bbox 2484 809 2554 864; x_wconf 91' lang='lat' dir='ltr'><strong>te,</strong></span> <span class='ocrx_word' id='word_1_119' title='bbox 2587 798 2961 865; x_wconf 83' lang='lat' dir='ltr'><strong>immaculata,</strong></span> <span class='ocrx_word' id='word_1_120' title='bbox 2990 814 3207 855; x_wconf 73' lang='lat' dir='ltr'><strong>carnem</strong></span> <span class='ocrx_word' id='word_1_121' title='bbox 3229 819 3542 876; x_wconf 74' lang='lat' dir='ltr'><strong>assumpse-</strong></span> 
     </span>
    </p>
   </div>
   <div class='ocr_carea' id='block_1_21' title="bbox 1992 882 3549 961">
    <p class='ocr_par' dir='ltr' id='par_1_21' title="bbox 1992 882 3549 961">
     <span class='ocr_line' id='line_1_21' title="bbox 1992 882 3549 961; baseline 0.01 -26"><span class='ocrx_word' id='word_1_122' title='bbox 1992 894 2073 936; x_wconf 87' lang='lat' dir='ltr'><strong>rat</strong></span> <span class='ocrx_word' id='word_1_123' title='bbox 2108 882 2293 939; x_wconf 82' lang='lat' dir='ltr'><strong>Jesum</strong></span> <span class='ocrx_word' id='word_1_124' title='bbox 2326 900 2355 940; x_wconf 91' lang='lat' dir='ltr'><strong>a</strong></span> <span class='ocrx_word' id='word_1_125' title='bbox 2389 888 2621 943; x_wconf 88' lang='lat' dir='ltr'><strong>mortuis</strong></span> <span class='ocrx_word' id='word_1_126' title='bbox 2673 899 3073 959; x_wconf 78' lang='lat' dir='ltr'><strong>resurgentem,</strong></span> <span class='ocrx_word' id='word_1_127' title='bbox 3122 892 3327 947; x_wconf 78' lang='lat' dir='ltr'><strong>ciamas</strong></span> <span class='ocrx_word' id='word_1_128' title='bbox 3357 914 3368 949; x_wconf 94' lang='lat'>:</span> <span class='ocrx_word' id='word_1_129' title='bbox 3405 895 3549 961; x_wconf 81' lang='lat' dir='ltr'><strong>Quid</strong></span> 
     </span>
    </p>
   </div>
   <div class='ocr_carea' id='block_1_22' title="bbox 1974 975 3548 1058">
    <p class='ocr_par' dir='ltr' id='par_1_22' title="bbox 1974 975 3548 1058">
     <span class='ocr_line' id='line_1_22' title="bbox 1974 975 3548 1058; baseline 0.01 -30"><span class='ocrx_word' id='word_1_130' title='bbox 1974 975 2141 1029; x_wconf 83' lang='lat' dir='ltr'><strong>decor</strong></span> <span class='ocrx_word' id='word_1_131' title='bbox 2171 984 2318 1042; x_wconf 91' lang='lat' dir='ltr'><strong>tuus,</strong></span> <span class='ocrx_word' id='word_1_132' title='bbox 2357 993 2391 1031; x_wconf 95' lang='lat' dir='ltr'><strong>o</strong></span> <span class='ocrx_word' id='word_1_133' title='bbox 2434 976 2534 1031; x_wconf 86' lang='lat' dir='ltr'><strong>Fili</strong></span> <span class='ocrx_word' id='word_1_134' title='bbox 2571 981 2662 1043; x_wconf 84' lang='lat' dir='ltr'><strong>mi,</strong></span> <span class='ocrx_word' id='word_1_135' title='bbox 2712 996 2805 1049; x_wconf 87' lang='lat' dir='ltr'><strong>per</strong></span> <span class='ocrx_word' id='word_1_136' title='bbox 2839 996 2997 1049; x_wconf 88' lang='lat' dir='ltr'><strong>quem</strong></span> <span class='ocrx_word' id='word_1_137' title='bbox 3044 983 3393 1052; x_wconf 72' lang='lat' dir='ltr'><strong>pulchritudo</strong></span> <span class='ocrx_word' id='word_1_138' title='bbox 3434 989 3548 1058; x_wconf 84' lang='lat' dir='ltr'><strong>pri-</strong></span> 
     </span>
    </p>
   </div>
   <div class='ocr_carea' id='block_1_23' title="bbox 1975 1066 3152 1142">
    <p class='ocr_par' dir='ltr' id='par_1_23' title="bbox 1975 1066 3152 1142">
     <span class='ocr_line' id='line_1_23' title="bbox 1975 1066 3152 1142; baseline 0.005 -20"><span class='ocrx_word' id='word_1_139' title='bbox 1975 1066 2120 1122; x_wconf 84' lang='lat' dir='ltr'><strong>Stiua</strong></span> <span class='ocrx_word' id='word_1_140' title='bbox 2148 1066 2202 1122; x_wconf 90' lang='lat' dir='ltr'><strong>in</strong></span> <span class='ocrx_word' id='word_1_141' title='bbox 2234 1076 2468 1124; x_wconf 89' lang='lat' dir='ltr'><strong>veterem</strong></span> <span class='ocrx_word' id='word_1_142' title='bbox 2498 1068 2767 1124; x_wconf 83' lang='lat' dir='ltr'><strong>Adamum</strong></span> <span class='ocrx_word' id='word_1_143' title='bbox 2798 1074 3152 1142; x_wconf 69' lang='lat' dir='ltr'><strong>supervenit?</strong></span> 
     </span>
    </p>
   </div>
   <div class='ocr_carea' id='block_1_24' title="bbox 2394 1159 3123 1236">
    <p class='ocr_par' dir='ltr' id='par_1_24' title="bbox 2394 1159 3123 1236">
     <span class='ocr_line' id='line_1_24' title="bbox 2394 1159 3123 1236; baseline 0.012 -24"><span class='ocrx_word' id='word_1_144' title='bbox 2394 1159 2535 1225; x_wconf 83' lang='lat' dir='ltr'><strong>Quia</strong></span> <span class='ocrx_word' id='word_1_145' title='bbox 2575 1160 2700 1231; x_wconf 78' lang='lat' dir='ltr'><strong>fecit</strong></span> <span class='ocrx_word' id='word_1_146' title='bbox 2748 1164 2877 1217; x_wconf 83' lang='lat' dir='ltr'><strong>mihi</strong></span> <span class='ocrx_word' id='word_1_147' title='bbox 2908 1182 3123 1236; x_wconf 79' lang='lat' dir='ltr'><strong>magna.</strong></span> 
     </span>
    </p>
   </div>
   <div class='ocr_carea' id='block_1_25' title="bbox 2040 1248 3548 1325">
    <p class='ocr_par' dir='ltr' id='par_1_25' title="bbox 2040 1248 3548 1325">
     <span class='ocr_line' id='line_1_25' title="bbox 2040 1248 3548 1325; baseline 0.007 -21"><span class='ocrx_word' id='word_1_148' title='bbox 2040 1248 2271 1316; x_wconf 86' lang='lat' dir='ltr'><strong>Quando</strong></span> <span class='ocrx_word' id='word_1_149' title='bbox 2303 1252 2486 1307; x_wconf 90' lang='lat' dir='ltr'><strong>crucis</strong></span> <span class='ocrx_word' id='word_1_150' title='bbox 2510 1251 2661 1322; x_wconf 81' lang='lat' dir='ltr'><strong>ligno</strong></span> <span class='ocrx_word' id='word_1_151' title='bbox 2690 1251 2885 1309; x_wconf 74' lang='lat' dir='ltr'><strong>aﬂixus</strong></span> <span class='ocrx_word' id='word_1_152' title='bbox 2918 1258 3246 1325; x_wconf 85' lang='lat' dir='ltr'><strong>pependisli,</strong></span> <span class='ocrx_word' id='word_1_153' title='bbox 3285 1268 3430 1315; x_wconf 83' lang='lat' dir='ltr'><strong>astra</strong></span> <span class='ocrx_word' id='word_1_154' title='bbox 3466 1260 3548 1314; x_wconf 89' lang='lat' dir='ltr'><strong>lu-</strong></span> 
     </span>
    </p>
   </div>
   <div class='ocr_carea' id='block_1_26' title="bbox 1971 1340 3542 1414">
    <p class='ocr_par' dir='ltr' id='par_1_26' title="bbox 1971 1340 3542 1414">
     <span class='ocr_line' id='line_1_26' title="bbox 1971 1340 3542 1414; baseline 0.007 -20"><span class='ocrx_word' id='word_1_155' title='bbox 1971 1357 2094 1394; x_wconf 87' lang='lat' dir='ltr'><strong>men</strong></span> <span class='ocrx_word' id='word_1_156' title='bbox 2125 1356 2283 1397; x_wconf 90' lang='lat' dir='ltr'><strong>sttum</strong></span> <span class='ocrx_word' id='word_1_157' title='bbox 2324 1340 2673 1409; x_wconf 89' lang='lat' dir='ltr'><strong>abdiderunt,</strong></span> <span class='ocrx_word' id='word_1_158' title='bbox 2720 1351 2866 1398; x_wconf 88' lang='lat' dir='ltr'><strong>terra</strong></span> <span class='ocrx_word' id='word_1_159' title='bbox 2915 1359 3184 1401; x_wconf 85' lang='lat' dir='ltr'><strong>concussa</strong></span> <span class='ocrx_word' id='word_1_160' title='bbox 3212 1357 3319 1414; x_wconf 90' lang='lat' dir='ltr'><strong>est,</strong></span> <span class='ocrx_word' id='word_1_161' title='bbox 3373 1360 3427 1404; x_wconf 89' lang='lat' dir='ltr'><strong>et</strong></span> <span class='ocrx_word' id='word_1_162' title='bbox 3457 1351 3542 1405; x_wconf 85' lang='lat' dir='ltr'><strong>iu-</strong></span> 
     </span>
    </p>
   </div>
   <div class='ocr_carea' id='block_1_27' title="bbox 1970 1432 3538 1510">
    <p class='ocr_par' dir='ltr' id='par_1_27' title="bbox 1970 1432 3538 1510">
     <span class='ocr_line' id='line_1_27' title="bbox 1970 1432 3538 1510; baseline 0.007 -24"><span class='ocrx_word' id='word_1_163' title='bbox 1970 1434 2206 1487; x_wconf 80' lang='lat' dir='ltr'><strong>t‘erorum</strong></span> <span class='ocrx_word' id='word_1_164' title='bbox 2263 1432 2460 1488; x_wconf 74' lang='lat' dir='ltr'><strong>animae</strong></span> <span class='ocrx_word' id='word_1_165' title='bbox 2480 1435 2597 1492; x_wconf 84' lang='lat' dir='ltr'><strong>suis</strong></span> <span class='ocrx_word' id='word_1_166' title='bbox 2639 1450 2671 1493; x_wconf 92' lang='lat' dir='ltr'><strong>e</strong></span> <span class='ocrx_word' id='word_1_167' title='bbox 2714 1435 2945 1492; x_wconf 88' lang='lat' dir='ltr'><strong>vinculis</strong></span> <span class='ocrx_word' id='word_1_168' title='bbox 3006 1436 3230 1493; x_wconf 78' lang='lat' dir='ltr'><strong>fuerunt</strong></span> <span class='ocrx_word' id='word_1_169' title='bbox 3278 1441 3538 1510; x_wconf 69' lang='lat' dir='ltr'><strong>liberatae,</strong></span> 
     </span>
    </p>
   </div>
   <div class='ocr_carea' id='block_1_28' title="bbox 1969 1522 2238 1579">
    <p class='ocr_par' dir='ltr' id='par_1_28' title="bbox 1969 1522 2238 1579">
     <span class='ocr_line' id='line_1_28' title="bbox 1969 1522 2238 1579; baseline 0.007 -2"><span class='ocrx_word' id='word_1_170' title='bbox 1969 1522 2238 1579; x_wconf 82' lang='lat' dir='ltr'><strong>Salvator.</strong></span> 
     </span>
    </p>
   </div>
   <div class='ocr_carea' id='block_1_29' title="bbox 2037 1614 3538 1695">
    <p class='ocr_par' dir='ltr' id='par_1_29' title="bbox 2037 1614 3538 1695">
     <span class='ocr_line' id='line_1_29' title="bbox 2037 1614 3538 1695; baseline 0.009 -28"><span class='ocrx_word' id='word_1_171' title='bbox 2037 1614 2300 1669; x_wconf 90' lang='lat' dir='ltr'><strong>Contritis</strong></span> <span class='ocrx_word' id='word_1_172' title='bbox 2335 1616 2510 1684; x_wconf 91' lang='lat' dir='ltr'><strong>portis</strong></span> <span class='ocrx_word' id='word_1_173' title='bbox 2543 1617 2901 1695; x_wconf 80' lang='lat' dir='ltr'><strong>vectibusque</strong></span> <span class='ocrx_word' id='word_1_174' title='bbox 2947 1623 3160 1687; x_wconf 88' lang='lat' dir='ltr'><strong>mortis,</strong></span> <span class='ocrx_word' id='word_1_175' title='bbox 3193 1639 3318 1677; x_wconf 91' lang='lat' dir='ltr'><strong>cum</strong></span> <span class='ocrx_word' id='word_1_176' title='bbox 3365 1624 3538 1695; x_wconf 79' lang='lat' dir='ltr'><strong>gloria</strong></span> 
     </span>
    </p>
   </div>
   <div class='ocr_carea' id='block_1_30' title="bbox 1963 1704 3538 1783">
    <p class='ocr_par' dir='ltr' id='par_1_30' title="bbox 1963 1704 3538 1783">
     <span class='ocr_line' id='line_1_30' title="bbox 1963 1704 3538 1783; baseline 0.006 -24"><span class='ocrx_word' id='word_1_177' title='bbox 1963 1704 2274 1767; x_wconf 74' lang='lat' dir='ltr'><strong>surrexisti,</strong></span> <span class='ocrx_word' id='word_1_178' title='bbox 2336 1705 2550 1761; x_wconf 77' lang='lat' dir='ltr'><strong>fortiter</strong></span> <span class='ocrx_word' id='word_1_179' title='bbox 2576 1709 2861 1764; x_wconf 81' lang='lat' dir='ltr'><strong>extraxisti</strong></span> <span class='ocrx_word' id='word_1_180' title='bbox 2911 1711 3036 1766; x_wconf 90' lang='lat' dir='ltr'><strong>inde</strong></span> <span class='ocrx_word' id='word_1_181' title='bbox 3067 1712 3159 1783; x_wconf 85' lang='lat' dir='ltr'><strong>qui</strong></span> <span class='ocrx_word' id='word_1_182' title='bbox 3215 1714 3538 1771; x_wconf 80' lang='lat' dir='ltr'><strong>detineban-</strong></span> 
     </span>
    </p>
   </div>
   <div class='ocr_carea' id='block_1_31' title="bbox 1964 1794 3176 1868">
    <p class='ocr_par' dir='ltr' id='par_1_31' title="bbox 1964 1794 3176 1868">
     <span class='ocr_line' id='line_1_31' title="bbox 1964 1794 3176 1868; baseline 0.007 -19"><span class='ocrx_word' id='word_1_183' title='bbox 1964 1806 2052 1850; x_wconf 89' lang='lat' dir='ltr'><strong>tur</strong></span> <span class='ocrx_word' id='word_1_184' title='bbox 2079 1795 2303 1866; x_wconf 79' lang='lat' dir='ltr'><strong>captivi,</strong></span> <span class='ocrx_word' id='word_1_185' title='bbox 2329 1794 2530 1868; x_wconf 82' lang='lat' dir='ltr'><strong>quique</strong></span> <span class='ocrx_word' id='word_1_186' title='bbox 2561 1809 2615 1855; x_wconf 86' lang='lat' dir='ltr'><strong>te</strong></span> <span class='ocrx_word' id='word_1_187' title='bbox 2648 1808 2706 1854; x_wconf 92' lang='lat' dir='ltr'><strong>ut</strong></span> <span class='ocrx_word' id='word_1_188' title='bbox 2738 1799 2907 1856; x_wconf 89' lang='lat' dir='ltr'><strong>Deum</strong></span> <span class='ocrx_word' id='word_1_189' title='bbox 2930 1801 3176 1858; x_wconf 84' lang='lat' dir='ltr'><strong>laudant.</strong></span> 
     </span>
    </p>
   </div>
   <div class='ocr_carea' id='block_1_32' title="bbox 361 1870 1833 1963">
    <p class='ocr_par' dir='ltr' id='par_1_32' title="bbox 361 1888 1829 1963">
     <span class='ocr_line' id='line_1_32' title="bbox 361 1888 1829 1963; baseline 0.005 -24"><span class='ocrx_word' id='word_1_190' title='bbox 361 1888 426 1939; x_wconf 84' lang='lat' dir='ltr'><strong>&#39;H</strong></span> <span class='ocrx_word' id='word_1_191' title='bbox 453 1888 527 1957; x_wconf 80' lang='grc' dir='ltr'>γῆ</span> <span class='ocrx_word' id='word_1_192' title='bbox 556 1890 941 1957; x_wconf 75' lang='grc' dir='ltr'>πανηγυρίζει,</span> <span class='ocrx_word' id='word_1_193' title='bbox 963 1893 1210 1961; x_wconf 75' lang='grc' dir='ltr'>ἑορτάζει</span> <span class='ocrx_word' id='word_1_194' title='bbox 1232 1895 1259 1946; x_wconf 82' lang='grc' dir='ltr'><strong>ὁ</strong></span> <span class='ocrx_word' id='word_1_195' title='bbox 1286 1893 1511 1962; x_wconf 63' lang='grc' dir='ltr'>ούρανος</span> <span class='ocrx_word' id='word_1_196' title='bbox 1528 1893 1626 1962; x_wconf 84' lang='grc' dir='ltr'>τὴν</span> <span class='ocrx_word' id='word_1_197' title='bbox 1646 1892 1829 1963; x_wconf 82' lang='grc' dir='ltr'>ἔγερσι</span> 
     </span>
    </p>
   </div>
   <div class='ocr_carea' id='block_1_33' title="bbox 1844 1870 3536 1963">
    <p class='ocr_par' dir='ltr' id='par_1_33' title="bbox 1844 1870 3536 1959">
     <span class='ocr_line' id='line_1_33' title="bbox 1844 1870 3536 1959; baseline 0.007 -19"><span class='ocrx_word' id='word_1_198' title='bbox 1844 1914 1862 1947; x_wconf 71' lang='grc' dir='ltr'><strong>ν</strong></span> <span class='ocrx_word' id='word_1_199' title='bbox 1895 1870 1933 1925; x_wconf 75' lang='grc' dir='ltr'><strong>Β</strong></span> <span class='ocrx_word' id='word_1_200' title='bbox 2032 1887 2200 1942; x_wconf 87' lang='lat' dir='ltr'><strong>Terra</strong></span> <span class='ocrx_word' id='word_1_201' title='bbox 2244 1890 2468 1959; x_wconf 78' lang='lat' dir='ltr'><strong>gaudet,</strong></span> <span class='ocrx_word' id='word_1_202' title='bbox 2522 1892 2724 1946; x_wconf 71' lang='lat' dir='ltr'><strong>emtum</strong></span> <span class='ocrx_word' id='word_1_203' title='bbox 2792 1895 3253 1950; x_wconf 85' lang='lat' dir='ltr'><strong>resurrectionem</strong></span> <span class='ocrx_word' id='word_1_204' title='bbox 3291 1897 3536 1952; x_wconf 89' lang='lat' dir='ltr'><strong>omnium</strong></span> 
     </span>
    </p>
   </div>
   <div class='ocr_carea' id='block_1_34' title="bbox 278 1977 1857 2055">
    <p class='ocr_par' dir='ltr' id='par_1_34' title="bbox 278 1977 1857 2055">
     <span class='ocr_line' id='line_1_34' title="bbox 278 1977 1857 2055; baseline 0.006 -25"><span class='ocrx_word' id='word_1_205' title='bbox 278 1977 375 2031; x_wconf 87' lang='grc' dir='ltr'><strong>τοῦ</strong></span> <span class='ocrx_word' id='word_1_206' title='bbox 431 1981 651 2033; x_wconf 72' lang='grc' dir='ltr'>πάντων</span> <span class='ocrx_word' id='word_1_207' title='bbox 698 1980 953 2050; x_wconf 80' lang='grc' dir='ltr'>Ποιητοῦ,</span> <span class='ocrx_word' id='word_1_208' title='bbox 998 1982 1066 2036; x_wconf 81' lang='grc' dir='ltr'>δι’</span> <span class='ocrx_word' id='word_1_209' title='bbox 1093 1978 1161 2055; x_wconf 86' lang='grc' dir='ltr'>ἦς</span> <span class='ocrx_word' id='word_1_210' title='bbox 1209 1984 1414 2038; x_wconf 78' lang='grc' dir='ltr'>ἔσωσεν</span> <span class='ocrx_word' id='word_1_211' title='bbox 1446 1987 1593 2055; x_wconf 78' lang='grc' dir='ltr'>ἡμᾶς</span> <span class='ocrx_word' id='word_1_212' title='bbox 1643 1987 1707 2040; x_wconf 82' lang='grc' dir='ltr'><strong>ἐκ</strong></span> <span class='ocrx_word' id='word_1_213' title='bbox 1749 1985 1857 2039; x_wconf 86' lang='grc' dir='ltr'><strong>τῶν</strong></span> 
     </span>
    </p>
   </div>
   <div class='ocr_carea' id='block_1_35' title="bbox 276 2057 1642 2144">
    <p class='ocr_par' dir='ltr' id='par_1_35' title="bbox 276 2057 1642 2144">
     <span class='ocr_line' id='line_1_35' title="bbox 276 2057 1642 2144; baseline 0.004 -19"><span class='ocrx_word' id='word_1_214' title='bbox 276 2057 496 2142; x_wconf 75' lang='grc' dir='ltr'>δεσμῶν</span> <span class='ocrx_word' id='word_1_215' title='bbox 530 2075 625 2127; x_wconf 72' lang='grc' dir='ltr'>καὶ</span> <span class='ocrx_word' id='word_1_216' title='bbox 656 2072 756 2143; x_wconf 83' lang='grc' dir='ltr'><strong>τῆς</strong></span> <span class='ocrx_word' id='word_1_217' title='bbox 786 2072 994 2144; x_wconf 77' lang='grc' dir='ltr'>φθορᾶς</span> <span class='ocrx_word' id='word_1_218' title='bbox 1016 2074 1433 2143; x_wconf 79' lang='grc' dir='ltr'>δοξολογοῦντας</span> <span class='ocrx_word' id='word_1_219' title='bbox 1460 2076 1642 2131; x_wconf 86' lang='grc' dir='ltr'>αὐτόν.</span> 
     </span>
    </p>
   </div>
   <div class='ocr_carea' id='block_1_36' title="bbox 346 2249 1852 2323">
    <p class='ocr_par' dir='ltr' id='par_1_36' title="bbox 346 2249 1852 2323">
     <span class='ocr_line' id='line_1_36' title="bbox 346 2249 1852 2323; baseline 0.002 -22"><span class='ocrx_word' id='word_1_220' title='bbox 346 2249 531 2312; x_wconf 77' lang='grc' dir='ltr'>Φωτός</span> <span class='ocrx_word' id='word_1_221' title='bbox 585 2265 679 2302; x_wconf 91' lang='grc' dir='ltr'><strong>σου</strong></span> <span class='ocrx_word' id='word_1_222' title='bbox 737 2251 860 2313; x_wconf 86' lang='grc' dir='ltr'>ταῖς</span> <span class='ocrx_word' id='word_1_223' title='bbox 913 2251 1097 2305; x_wconf 83' lang='grc' dir='ltr'><strong>ἀκτῖσι</strong></span> <span class='ocrx_word' id='word_1_224' title='bbox 1157 2250 1509 2305; x_wconf 80' lang='grc' dir='ltr'>διασκέδασον</span> <span class='ocrx_word' id='word_1_225' title='bbox 1559 2252 1660 2323; x_wconf 80' lang='grc' dir='ltr'>τῆς</span> <span class='ocrx_word' id='word_1_226' title='bbox 1714 2254 1852 2323; x_wconf 72' lang='grc' dir='ltr'>ἐμῆς</span> 
     </span>
    </p>
   </div>
   <div class='ocr_carea' id='block_1_37' title="bbox 270 2342 1852 2416">
    <p class='ocr_par' dir='ltr' id='par_1_37' title="bbox 270 2342 1852 2416">
     <span class='ocr_line' id='line_1_37' title="bbox 270 2342 1852 2416; baseline 0.002 -20"><span class='ocrx_word' id='word_1_227' title='bbox 270 2342 517 2410; x_wconf 83' lang='grc' dir='ltr'>ἀγνοίας,</span> <span class='ocrx_word' id='word_1_228' title='bbox 554 2343 809 2409; x_wconf 80' lang='grc' dir='ltr'>Θεοτόκε,</span> <span class='ocrx_word' id='word_1_229' title='bbox 834 2343 936 2414; x_wconf 83' lang='grc' dir='ltr'>τὴν</span> <span class='ocrx_word' id='word_1_230' title='bbox 971 2343 1162 2413; x_wconf 84' lang='grc' dir='ltr'>ἀχλὺν,</span> <span class='ocrx_word' id='word_1_231' title='bbox 1207 2346 1356 2407; x_wconf 80' lang='grc' dir='ltr'>ὅπως</span> <span class='ocrx_word' id='word_1_232' title='bbox 1384 2345 1619 2410; x_wconf 83' lang='grc' dir='ltr'>πίστεως</span> <span class='ocrx_word' id='word_1_233' title='bbox 1648 2350 1852 2416; x_wconf 69' lang='grc' dir='ltr'>φωναῖς</span> 
     </span>
    </p>
   </div>
   <div class='ocr_carea' id='block_1_38' title="bbox 269 2432 1285 2504">
    <p class='ocr_par' dir='ltr' id='par_1_38' title="bbox 269 2432 1285 2504">
     <span class='ocr_line' id='line_1_38' title="bbox 269 2432 1285 2504; baseline 0.001 -18"><span class='ocrx_word' id='word_1_234' title='bbox 269 2432 556 2503; x_wconf 82' lang='grc' dir='ltr'>ύμνολογῶ</span> <span class='ocrx_word' id='word_1_235' title='bbox 584 2433 848 2502; x_wconf 78' lang='grc' dir='ltr'>διηνεκῶς</span> <span class='ocrx_word' id='word_1_236' title='bbox 885 2434 953 2486; x_wconf 72' lang='grc' dir='ltr'>τὰ</span> <span class='ocrx_word' id='word_1_237' title='bbox 984 2435 1285 2504; x_wconf 81' lang='grc' dir='ltr'>θαυμάσια.</span> 
     </span>
    </p>
   </div>
   <div class='ocr_carea' id='block_1_39' title="bbox 625 2526 1493 2597">
    <p class='ocr_par' dir='ltr' id='par_1_39' title="bbox 625 2526 1493 2597">
     <span class='ocr_line' id='line_1_39' title="bbox 625 2526 1493 2597; baseline 0.006 -18"><span class='ocrx_word' id='word_1_238' title='bbox 625 2529 748 2580; x_wconf 76' lang='grc' dir='ltr'><strong>Οὐκ</strong></span> <span class='ocrx_word' id='word_1_239' title='bbox 773 2526 843 2580; x_wconf 68' lang='grc' dir='ltr'><strong>ἐν</strong></span> <span class='ocrx_word' id='word_1_240' title='bbox 874 2528 1061 2596; x_wconf 55' lang='grc' dir='ltr'>σοφίᾳ</span> <span class='ocrx_word' id='word_1_241' title='bbox 1099 2527 1196 2582; x_wconf 76' lang='grc' dir='ltr'><strong>καί</strong></span> <span class='ocrx_word' id='word_1_242' title='bbox 1223 2527 1493 2597; x_wconf 78' lang='grc' dir='ltr'><strong>δυνάμει.</strong></span> 
     </span>
    </p>
   </div>
   <div class='ocr_carea' id='block_1_40' title="bbox 348 2617 1846 2691">
    <p class='ocr_par' dir='ltr' id='par_1_40' title="bbox 348 2617 1846 2691">
     <span class='ocr_line' id='line_1_40' title="bbox 348 2617 1846 2691; baseline 0.004 -21"><span class='ocrx_word' id='word_1_243' title='bbox 348 2617 630 2687; x_wconf 52' lang='lat' dir='ltr'><strong>Div-73102;,</strong></span> <span class='ocrx_word' id='word_1_244' title='bbox 665 2617 826 2685; x_wconf 73' lang='grc' dir='ltr'>Λὸγε,</span> <span class='ocrx_word' id='word_1_245' title='bbox 859 2619 917 2670; x_wconf 83' lang='grc' dir='ltr'><strong>ἐν</strong></span> <span class='ocrx_word' id='word_1_246' title='bbox 950 2617 1170 2689; x_wconf 81' lang='grc' dir='ltr'>σταυρῷ</span> <span class='ocrx_word' id='word_1_247' title='bbox 1207 2620 1343 2690; x_wconf 70' lang='grc' dir='ltr'>πρὸς</span> <span class='ocrx_word' id='word_1_248' title='bbox 1371 2620 1514 2691; x_wconf 79' lang='grc' dir='ltr'>ζωὴν</span> <span class='ocrx_word' id='word_1_249' title='bbox 1557 2622 1846 2691; x_wconf 77' lang='grc' dir='ltr'>ἐπανάγων</span> 
     </span>
    </p>
   </div>
   <div class='ocr_carea' id='block_1_41' title="bbox 266 2707 1844 2785">
    <p class='ocr_par' dir='ltr' id='par_1_41' title="bbox 266 2707 1844 2785">
     <span class='ocr_line' id='line_1_41' title="bbox 266 2707 1844 2785; baseline 0.016 -37"><span class='ocrx_word' id='word_1_250' title='bbox 266 2723 369 2778; x_wconf 81' lang='grc' dir='ltr'>με·</span> <span class='ocrx_word' id='word_1_251' title='bbox 413 2707 741 2777; x_wconf 72' lang='grc' dir='ltr'>ἐλογχεύθης</span> <span class='ocrx_word' id='word_1_252' title='bbox 785 2709 887 2778; x_wconf 78' lang='grc' dir='ltr'><strong>τὴν</strong></span> <span class='ocrx_word' id='word_1_253' title='bbox 934 2709 1195 2778; x_wconf 78' lang='grc' dir='ltr'>πλευρὰν,</span> <span class='ocrx_word' id='word_1_254' title='bbox 1244 2711 1544 2775; x_wconf 74' lang='grc' dir='ltr'>ἀθανασίας</span> <span class='ocrx_word' id='word_1_255' title='bbox 1590 2715 1844 2785; x_wconf 81' lang='grc' dir='ltr'><strong>παρέχων</strong></span> 
     </span>
    </p>
   </div>
   <div class='ocr_carea' id='block_1_42' title="bbox 265 2801 1631 2876">
    <p class='ocr_par' dir='ltr' id='par_1_42' title="bbox 265 2801 1631 2876">
     <span class='ocr_line' id='line_1_42' title="bbox 265 2801 1631 2876; baseline 0.007 -24"><span class='ocrx_word' id='word_1_256' title='bbox 265 2817 356 2870; x_wconf 90' lang='grc' dir='ltr'><strong>μοι</strong></span> <span class='ocrx_word' id='word_1_257' title='bbox 385 2803 648 2871; x_wconf 73' lang='grc' dir='ltr'>κρουνοὺς</span> <span class='ocrx_word' id='word_1_258' title='bbox 678 2801 1004 2872; x_wconf 85' lang='grc' dir='ltr'>ἀνυμνοῦντί</span> <span class='ocrx_word' id='word_1_259' title='bbox 1047 2820 1142 2857; x_wconf 88' lang='grc' dir='ltr'><strong>σου</strong></span> <span class='ocrx_word' id='word_1_260' title='bbox 1172 2803 1272 2875; x_wconf 76' lang='grc' dir='ltr'>τὴν</span> <span class='ocrx_word' id='word_1_261' title='bbox 1298 2805 1631 2876; x_wconf 85' lang='grc' dir='ltr'>ἀγαθὸτητα.</span> 
     </span>
    </p>
   </div>
   <div class='ocr_carea' id='block_1_43' title="bbox 329 2978 1838 3052">
    <p class='ocr_par' dir='ltr' id='par_1_43' title="bbox 329 2978 1838 3052">
     <span class='ocr_line' id='line_1_43' title="bbox 329 2978 1838 3052; baseline 0.006 -22"><span class='ocrx_word' id='word_1_262' title='bbox 329 2979 451 3031; x_wconf 84' lang='grc' dir='ltr'>’ῐνα</span> <span class='ocrx_word' id='word_1_263' title='bbox 479 2978 698 3050; x_wconf 76' lang='grc' dir='ltr'>ἐγείρῃς</span> <span class='ocrx_word' id='word_1_264' title='bbox 717 2979 844 3041; x_wconf 77' lang='grc' dir='ltr'>τοὺς</span> <span class='ocrx_word' id='word_1_265' title='bbox 863 2978 921 3031; x_wconf 86' lang='grc' dir='ltr'><strong>ἐν</strong></span> <span class='ocrx_word' id='word_1_266' title='bbox 946 2978 1141 3046; x_wconf 62' lang='grc' dir='ltr'>τάφοις</span> <span class='ocrx_word' id='word_1_267' title='bbox 1178 2980 1507 3048; x_wconf 79' lang='grc' dir='ltr'>ὑπνοῦντας,</span> <span class='ocrx_word' id='word_1_268' title='bbox 1553 2985 1838 3052; x_wconf 55' lang='grc' dir='ltr'>Ἀθάναις,</span> 
     </span>
    </p>
   </div>
   <div class='ocr_carea' id='block_1_44' title="bbox 257 3064 1835 3145">
    <p class='ocr_par' dir='ltr' id='par_1_44' title="bbox 257 3064 1835 3145">
     <span class='ocr_line' id='line_1_44' title="bbox 257 3064 1835 3145; baseline 0.007 -26"><span class='ocrx_word' id='word_1_269' title='bbox 257 3064 547 3137; x_wconf 85' lang='grc' dir='ltr'>ἐλογίσθης</span> <span class='ocrx_word' id='word_1_270' title='bbox 587 3068 645 3120; x_wconf 89' lang='grc' dir='ltr'><strong>ἐν</strong></span> <span class='ocrx_word' id='word_1_271' title='bbox 674 3069 921 3136; x_wconf 82' lang='grc' dir='ltr'>νεκροῖς·</span> <span class='ocrx_word' id='word_1_272' title='bbox 964 3066 1170 3139; x_wconf 79' lang='grc' dir='ltr'>φθορᾶς</span> <span class='ocrx_word' id='word_1_273' title='bbox 1218 3070 1274 3124; x_wconf 75' lang='grc' dir='ltr'>δὲ</span> <span class='ocrx_word' id='word_1_274' title='bbox 1316 3073 1505 3137; x_wconf 82' lang='grc' dir='ltr'>μείνας</span> <span class='ocrx_word' id='word_1_275' title='bbox 1550 3074 1835 3145; x_wconf 84' lang='grc' dir='ltr'>ἀμέτοχος,</span> 
     </span>
    </p>
   </div>
   <div class='ocr_carea' id='block_1_45' title="bbox 256 3158 1387 3233">
    <p class='ocr_par' dir='ltr' id='par_1_45' title="bbox 256 3158 1387 3233">
     <span class='ocr_line' id='line_1_45' title="bbox 256 3158 1387 3233; baseline 0.006 -23"><span class='ocrx_word' id='word_1_276' title='bbox 256 3158 492 3228; x_wconf 79' lang='grc' dir='ltr'>ἀνέστης</span> <span class='ocrx_word' id='word_1_277' title='bbox 514 3159 818 3230; x_wconf 84' lang='grc' dir='ltr'>τριήμερος</span> <span class='ocrx_word' id='word_1_278' title='bbox 848 3159 924 3225; x_wconf 85' lang='grc' dir='ltr'>ὡς</span> <span class='ocrx_word' id='word_1_279' title='bbox 959 3162 1387 3233; x_wconf 81' lang='grc' dir='ltr'>παντοδύναμος.</span> 
     </span>
    </p>
   </div>
   <div class='ocr_carea' id='block_1_46' title="bbox 326 3328 1835 3405">
    <p class='ocr_par' dir='ltr' id='par_1_46' title="bbox 326 3328 1835 3405">
     <span class='ocr_line' id='line_1_46' title="bbox 326 3328 1835 3405; baseline 0.006 -25"><span class='ocrx_word' id='word_1_280' title='bbox 326 3328 541 3398; x_wconf 80' lang='grc' dir='ltr'>Νεκρὸν</span> <span class='ocrx_word' id='word_1_281' title='bbox 572 3329 776 3383; x_wconf 75' lang='grc' dir='ltr'>ἰδοῦσαι</span> <span class='ocrx_word' id='word_1_282' title='bbox 798 3329 890 3383; x_wconf 81' lang='grc' dir='ltr'><strong>τὸν</strong></span> <span class='ocrx_word' id='word_1_283' title='bbox 920 3330 1065 3401; x_wconf 77' lang='grc' dir='ltr'>ζωὴν</span> <span class='ocrx_word' id='word_1_284' title='bbox 1089 3334 1200 3394; x_wconf 85' lang='grc' dir='ltr'>τοῖς</span> <span class='ocrx_word' id='word_1_285' title='bbox 1224 3336 1436 3403; x_wconf 80' lang='grc' dir='ltr'>νεκροῖς</span> <span class='ocrx_word' id='word_1_286' title='bbox 1461 3337 1835 3405; x_wconf 76' lang='grc' dir='ltr'>παρεχόμενον</span> 
     </span>
    </p>
   </div>
   <div class='ocr_carea' id='block_1_47' title="bbox 180 3412 1833 3494">
    <p class='ocr_par' dir='ltr' id='par_1_47' title="bbox 180 3412 1833 3494">
     <span class='ocr_line' id='line_1_47' title="bbox 180 3412 1833 3494; baseline 0.005 -22"><span class='ocrx_word' id='word_1_287' title='bbox 180 3412 201 3437; x_wconf 78' lang='grc'>⁸</span> <span class='ocrx_word' id='word_1_288' title='bbox 257 3420 581 3490; x_wconf 83' lang='grc' dir='ltr'>μυροφόροι,</span> <span class='ocrx_word' id='word_1_289' title='bbox 613 3420 673 3473; x_wconf 89' lang='grc' dir='ltr'><strong>ἐν</strong></span> <span class='ocrx_word' id='word_1_290' title='bbox 724 3420 924 3492; x_wconf 82' lang='grc' dir='ltr'>σπουδῇ</span> <span class='ocrx_word' id='word_1_291' title='bbox 981 3423 1207 3493; x_wconf 84' lang='grc' dir='ltr'>μυρίσαι</span> <span class='ocrx_word' id='word_1_292' title='bbox 1236 3424 1467 3494; x_wconf 68' lang='grc' dir='ltr'>ἤρχοντο</span> <span class='ocrx_word' id='word_1_293' title='bbox 1513 3426 1833 3481; x_wconf 71' lang='grc' dir='ltr'><strong>κλαίουσαι⁸</strong></span> 
     </span>
    </p>
   </div>
   <div class='ocr_carea' id='block_1_48' title="bbox 250 3510 1370 3584">
    <p class='ocr_par' dir='ltr' id='par_1_48' title="bbox 250 3510 1370 3584">
     <span class='ocr_line' id='line_1_48' title="bbox 250 3510 1370 3584; baseline 0.005 -21"><span class='ocrx_word' id='word_1_294' title='bbox 250 3510 691 3582; x_wconf 78' lang='grc' dir='ltr'>ἐξεγηγερμένον</span> <span class='ocrx_word' id='word_1_295' title='bbox 724 3511 783 3564; x_wconf 76' lang='grc' dir='ltr'>δὲ</span> <span class='ocrx_word' id='word_1_296' title='bbox 810 3512 1103 3583; x_wconf 81' lang='grc' dir='ltr'>μαθοῦσαι,</span> <span class='ocrx_word' id='word_1_297' title='bbox 1132 3514 1370 3584; x_wconf 76' lang='grc' dir='ltr'>ἔχαιρον.</span> 
     </span>
    </p>
   </div>
   <div class='ocr_carea' id='block_1_49' title="bbox 332 3684 1832 3759">
    <p class='ocr_par' dir='ltr' id='par_1_49' title="bbox 332 3684 1832 3759">
     <span class='ocr_line' id='line_1_49' title="bbox 332 3684 1832 3759; baseline 0.001 -17"><span class='ocrx_word' id='word_1_298' title='bbox 332 3688 394 3742; x_wconf 89' lang='grc' dir='ltr'>Ὀ</span> <span class='ocrx_word' id='word_1_299' title='bbox 422 3688 566 3742; x_wconf 78' lang='grc' dir='ltr'><strong>κατά</strong></span> <span class='ocrx_word' id='word_1_300' title='bbox 597 3685 760 3754; x_wconf 84' lang='grc' dir='ltr'>φύσιν</span> <span class='ocrx_word' id='word_1_301' title='bbox 787 3684 888 3757; x_wconf 84' lang='grc' dir='ltr'>τὴν</span> <span class='ocrx_word' id='word_1_302' title='bbox 911 3686 1116 3739; x_wconf 76' lang='grc' dir='ltr'>οἰκείαν</span> <span class='ocrx_word' id='word_1_303' title='bbox 1144 3687 1404 3757; x_wconf 80' lang='grc' dir='ltr'>ὑπάρχων</span> <span class='ocrx_word' id='word_1_304' title='bbox 1421 3687 1674 3759; x_wconf 76' lang='grc' dir='ltr'>ἀόρατος,</span> <span class='ocrx_word' id='word_1_305' title='bbox 1707 3688 1832 3743; x_wconf 85' lang='grc' dir='ltr'>καθ-</span> 
     </span>
    </p>
   </div>
   <div class='ocr_carea' id='block_1_50' title="bbox 245 3776 1831 3848">
    <p class='ocr_par' dir='ltr' id='par_1_50' title="bbox 245 3776 1831 3848">
     <span class='ocr_line' id='line_1_50' title="bbox 245 3776 1831 3848; baseline 0.002 -16"><span class='ocrx_word' id='word_1_306' title='bbox 245 3776 437 3847; x_wconf 80' lang='grc' dir='ltr'>ωράθη</span> <span class='ocrx_word' id='word_1_307' title='bbox 470 3776 775 3846; x_wconf 81' lang='grc' dir='ltr'>σαρκωθεὶς</span> <span class='ocrx_word' id='word_1_308' title='bbox 833 3777 899 3830; x_wconf 90' lang='grc' dir='ltr'><strong>ἐκ</strong></span> <span class='ocrx_word' id='word_1_309' title='bbox 925 3776 1040 3839; x_wconf 82' lang='grc' dir='ltr'>σοῦ,</span> <span class='ocrx_word' id='word_1_310' title='bbox 1076 3779 1389 3848; x_wconf 76' lang='grc' dir='ltr'>πανάμωμε</span> <span class='ocrx_word' id='word_1_311' title='bbox 1418 3780 1711 3846; x_wconf 80' lang='grc' dir='ltr'>Δέσποινα,</span> <span class='ocrx_word' id='word_1_312' title='bbox 1736 3782 1831 3835; x_wconf 67' lang='grc' dir='ltr'><strong>καὶ¹</strong></span> 
     </span>
    </p>
   </div>
   <div class='ocr_carea' id='block_1_51' title="bbox 246 3868 1402 3939">
    <p class='ocr_par' dir='ltr' id='par_1_51' title="bbox 246 3868 1402 3939">
     <span class='ocr_line' id='line_1_51' title="bbox 246 3868 1402 3939; baseline 0.003 -16"><span class='ocrx_word' id='word_1_313' title='bbox 246 3870 485 3939; x_wconf 72' lang='grc' dir='ltr'>σταυρὸν</span> <span class='ocrx_word' id='word_1_314' title='bbox 507 3871 600 3922; x_wconf 72' lang='grc' dir='ltr'><strong>καὶ</strong></span> <span class='ocrx_word' id='word_1_315' title='bbox 627 3868 857 3923; x_wconf 74' lang='grc' dir='ltr'>θάνατον</span> <span class='ocrx_word' id='word_1_316' title='bbox 892 3868 1061 3923; x_wconf 81' lang='grc' dir='ltr'>θέλων</span> <span class='ocrx_word' id='word_1_317' title='bbox 1087 3871 1402 3939; x_wconf 78' lang='grc' dir='ltr'>ὑπέμεινεν.</span> 
     </span>
    </p>
   </div>
   <div class='ocr_carea' id='block_1_52' title="bbox 381 3979 1689 4051">
    <p class='ocr_par' dir='ltr' id='par_1_52' title="bbox 381 3979 1689 4051">
     <span class='ocr_line' id='line_1_52' title="bbox 381 3979 1689 4051; baseline 0.004 -17"><span class='ocrx_word' id='word_1_318' title='bbox 381 3980 495 4035; x_wconf 78' lang='grc' dir='ltr'><strong>Τὸν</strong></span> <span class='ocrx_word' id='word_1_319' title='bbox 514 3980 586 4035; x_wconf 80' lang='grc' dir='ltr'>ἐν</span> <span class='ocrx_word' id='word_1_320' title='bbox 611 3979 694 4045; x_wconf 83' lang='grc' dir='ltr'>τῷ</span> <span class='ocrx_word' id='word_1_321' title='bbox 719 3981 961 4049; x_wconf 82' lang='grc' dir='ltr'>σταυρῷ</span> <span class='ocrx_word' id='word_1_322' title='bbox 986 3981 1167 4051; x_wconf 79' lang='grc' dir='ltr'>σαρκὶ</span> <span class='ocrx_word' id='word_1_323' title='bbox 1197 3985 1689 4050; x_wconf 75' lang='grc' dir='ltr'>προσηλωθέντα.</span> 
     </span>
    </p>
   </div>
   <div class='ocr_carea' id='block_1_53' title="bbox 315 4070 1823 4143">
    <p class='ocr_par' dir='ltr' id='par_1_53' title="bbox 315 4070 1823 4143">
     <span class='ocr_line' id='line_1_53' title="bbox 315 4070 1823 4143; baseline 0.004 -18"><span class='ocrx_word' id='word_1_324' title='bbox 315 4072 632 4141; x_wconf 86' lang='grc' dir='ltr'>Σταύρωσιν</span> <span class='ocrx_word' id='word_1_325' title='bbox 660 4070 802 4126; x_wconf 82' lang='grc' dir='ltr'>ἑκὼν</span> <span class='ocrx_word' id='word_1_326' title='bbox 834 4073 1095 4141; x_wconf 82' lang='grc' dir='ltr'>ὑπέστης,</span> <span class='ocrx_word' id='word_1_327' title='bbox 1126 4075 1285 4141; x_wconf 76' lang='grc' dir='ltr'>Λόγε,</span> <span class='ocrx_word' id='word_1_328' title='bbox 1321 4076 1414 4127; x_wconf 73' lang='grc' dir='ltr'>καὶ</span> <span class='ocrx_word' id='word_1_329' title='bbox 1458 4077 1730 4143; x_wconf 74' lang='grc' dir='ltr'>λογισθεὶς</span> <span class='ocrx_word' id='word_1_330' title='bbox 1763 4078 1823 4132; x_wconf 83' lang='grc' dir='ltr'><strong>ἐν</strong></span> 
     </span>
    </p>
   </div>
   <div class='ocr_carea' id='block_1_54' title="bbox 235 4163 1819 4233">
    <p class='ocr_par' dir='ltr' id='par_1_54' title="bbox 235 4163 1819 4233">
     <span class='ocr_line' id='line_1_54' title="bbox 235 4163 1819 4233; baseline 0.004 -17"><span class='ocrx_word' id='word_1_331' title='bbox 235 4165 353 4225; x_wconf 79' lang='grc' dir='ltr'>τοῖς</span> <span class='ocrx_word' id='word_1_332' title='bbox 392 4166 606 4233; x_wconf 85' lang='grc' dir='ltr'>νεκροῖς</span> <span class='ocrx_word' id='word_1_333' title='bbox 638 4164 938 4232; x_wconf 86' lang='grc' dir='ltr'>τριήμερος</span> <span class='ocrx_word' id='word_1_334' title='bbox 960 4163 1213 4233; x_wconf 83' lang='grc' dir='ltr'>ἀνέστης,</span> <span class='ocrx_word' id='word_1_335' title='bbox 1246 4165 1668 4231; x_wconf 79' lang='grc' dir='ltr'>ἀπαθανατίζων</span> <span class='ocrx_word' id='word_1_336' title='bbox 1693 4169 1819 4230; x_wconf 84' lang='grc' dir='ltr'>τοὺς</span> 
     </span>
    </p>
   </div>
   <div class='ocr_carea' id='block_1_55' title="bbox 239 4253 1469 4325">
    <p class='ocr_par' dir='ltr' id='par_1_55' title="bbox 239 4253 1469 4325">
     <span class='ocr_line' id='line_1_55' title="bbox 239 4253 1469 4325; baseline 0.002 -18"><span class='ocrx_word' id='word_1_337' title='bbox 239 4254 488 4325; x_wconf 66' lang='grc' dir='ltr'>βροτοὺς,</span> <span class='ocrx_word' id='word_1_338' title='bbox 520 4253 838 4322; x_wconf 68' lang='grc' dir='ltr'>ἐπιγνόντας</span> <span class='ocrx_word' id='word_1_339' title='bbox 873 4270 967 4306; x_wconf 90' lang='grc' dir='ltr'><strong>σου</strong></span> <span class='ocrx_word' id='word_1_340' title='bbox 999 4254 1098 4325; x_wconf 82' lang='grc' dir='ltr'>τὴν</span> <span class='ocrx_word' id='word_1_341' title='bbox 1129 4254 1469 4310; x_wconf 77' lang='grc' dir='ltr'>δυναστείαν.</span> 
     </span>
    </p>
   </div>
   <div class='ocr_carea' id='block_1_56' title="bbox 306 4423 1818 4503">
    <p class='ocr_par' dir='ltr' id='par_1_56' title="bbox 306 4423 1818 4503">
     <span class='ocr_line' id='line_1_56' title="bbox 306 4423 1818 4503; baseline 0.009 -28"><span class='ocrx_word' id='word_1_342' title='bbox 306 4423 374 4476; x_wconf 85' lang='grc' dir='ltr'><strong>Τί</strong></span> <span class='ocrx_word' id='word_1_343' title='bbox 406 4423 545 4494; x_wconf 84' lang='grc' dir='ltr'><strong>μετά</strong></span> <span class='ocrx_word' id='word_1_344' title='bbox 563 4425 772 4494; x_wconf 87' lang='grc' dir='ltr'>νεκρῶν</span> <span class='ocrx_word' id='word_1_345' title='bbox 795 4426 1102 4497; x_wconf 74' lang='grc' dir='ltr'>ἐπιζητεῖτε</span> <span class='ocrx_word' id='word_1_346' title='bbox 1130 4428 1223 4482; x_wconf 78' lang='grc' dir='ltr'><strong>τὸν</strong></span> <span class='ocrx_word' id='word_1_347' title='bbox 1245 4429 1516 4503; x_wconf 82' lang='grc' dir='ltr'>ξωοδότην</span> <span class='ocrx_word' id='word_1_348' title='bbox 1534 4434 1625 4486; x_wconf 76' lang='grc' dir='ltr'><strong>καὶ</strong></span> <span class='ocrx_word' id='word_1_349' title='bbox 1648 4433 1818 4503; x_wconf 74' lang='grc' dir='ltr'>Θεόνς</span> 
     </span>
    </p>
   </div>
   <div class='ocr_carea' id='block_1_57' title="bbox 246 4513 1818 4594">
    <p class='ocr_par' dir='ltr' id='par_1_57' title="bbox 246 4513 1818 4594">
     <span class='ocr_line' id='line_1_57' title="bbox 246 4513 1818 4594; baseline 0.01 -28"><span class='ocrx_word' id='word_1_350' title='bbox 246 4514 500 4585; x_wconf 82' lang='grc' dir='ltr'>Ἀνέστη,</span> <span class='ocrx_word' id='word_1_351' title='bbox 536 4514 720 4579; x_wconf 86' lang='grc' dir='ltr'>καθὼς</span> <span class='ocrx_word' id='word_1_352' title='bbox 753 4513 931 4583; x_wconf 75' lang='grc' dir='ltr'>εἶπεν,</span> <span class='ocrx_word' id='word_1_353' title='bbox 981 4519 1084 4591; x_wconf 62' lang='grc' dir='ltr'><strong>εφη</strong></span> <span class='ocrx_word' id='word_1_354' title='bbox 1120 4522 1450 4593; x_wconf 59' lang='grc' dir='ltr'>μυῳφὸροις</span> <span class='ocrx_word' id='word_1_355' title='bbox 1499 4526 1749 4594; x_wconf 75' lang='grc' dir='ltr'>γυναιξὶν</span> <span class='ocrx_word' id='word_1_356' title='bbox 1790 4530 1818 4582; x_wconf 80' lang='grc' dir='ltr'><strong><em>ὁ</em></strong></span> 
     </span>
    </p>
   </div>
   <div class='ocr_carea' id='block_1_58' title="bbox 229 4604 1134 4681">
    <p class='ocr_par' dir='ltr' id='par_1_58' title="bbox 229 4604 1134 4681">
     <span class='ocr_line' id='line_1_58' title="bbox 229 4604 1134 4681; baseline 0.006 -21"><span class='ocrx_word' id='word_1_357' title='bbox 229 4604 527 4674; x_wconf 81' lang='grc' dir='ltr'>ἀσώματος</span> <span class='ocrx_word' id='word_1_358' title='bbox 555 4609 748 4677; x_wconf 72' lang='grc' dir='ltr'>φανεὶς</span> <span class='ocrx_word' id='word_1_359' title='bbox 781 4611 1134 4681; x_wconf 74' lang='grc' dir='ltr'>ἀστράπτων.</span> 
     </span>
    </p>
   </div>
   <div class='ocr_carea' id='block_1_59' title="bbox 307 4697 1813 4775">
    <p class='ocr_par' dir='ltr' id='par_1_59' title="bbox 307 4697 1813 4775">
     <span class='ocr_line' id='line_1_59' title="bbox 307 4697 1813 4775; baseline 0.011 -26"><span class='ocrx_word' id='word_1_360' title='bbox 307 4697 517 4768; x_wconf 76' lang='grc' dir='ltr'>Ὠερθης</span> <span class='ocrx_word' id='word_1_361' title='bbox 571 4699 844 4771; x_wconf 83' lang='grc' dir='ltr'>μαθηταῖς</span> <span class='ocrx_word' id='word_1_362' title='bbox 890 4705 1285 4775; x_wconf 81' lang='grc' dir='ltr'>ἐγηγερμένος,</span> <span class='ocrx_word' id='word_1_363' title='bbox 1328 4708 1425 4761; x_wconf 77' lang='grc' dir='ltr'>καὶ</span> <span class='ocrx_word' id='word_1_364' title='bbox 1459 4710 1552 4763; x_wconf 71' lang='grc' dir='ltr'><strong>ἐπὶ</strong></span> <span class='ocrx_word' id='word_1_365' title='bbox 1571 4710 1813 4766; x_wconf 84' lang='grc' dir='ltr'>πλείοσιν</span> 
     </span>
    </p>
   </div>
   <div class='ocr_carea' id='block_1_60' title="bbox 224 4787 1812 4875">
    <p class='ocr_par' dir='ltr' id='par_1_60' title="bbox 224 4787 1812 4875">
     <span class='ocr_line' id='line_1_60' title="bbox 224 4787 1812 4875; baseline 0.01 -33"><span class='ocrx_word' id='word_1_366' title='bbox 224 4787 413 4851; x_wconf 77' lang='grc' dir='ltr'>αὐτοῖς</span> <span class='ocrx_word' id='word_1_367' title='bbox 460 4789 694 4860; x_wconf 75' lang='grc' dir='ltr'>ἡμέραις</span> <span class='ocrx_word' id='word_1_368' title='bbox 749 4793 1058 4865; x_wconf 79' lang='grc' dir='ltr'>συνηλίζου,</span> <span class='ocrx_word' id='word_1_369' title='bbox 1091 4797 1313 4860; x_wconf 78' lang='grc' dir='ltr'>τούτους</span> <span class='ocrx_word' id='word_1_370' title='bbox 1371 4801 1452 4864; x_wconf 81' lang='grc' dir='ltr'>εἰς</span> <span class='ocrx_word' id='word_1_371' title='bbox 1495 4801 1563 4855; x_wconf 72' lang='grc' dir='ltr'>τὰ</span> <span class='ocrx_word' id='word_1_372' title='bbox 1597 4803 1812 4875; x_wconf 82' lang='grc' dir='ltr'>πέρατα</span> 
     </span>
    </p>
   </div>
   <div class='ocr_carea' id='block_1_61' title="bbox 222 4880 1410 4952">
    <p class='ocr_par' dir='ltr' id='par_1_61' title="bbox 222 4880 1410 4952">
     <span class='ocr_line' id='line_1_61' title="bbox 222 4880 1410 4952; baseline 0.012 -21"><span class='ocrx_word' id='word_1_373' title='bbox 222 4881 327 4948; x_wconf 81' lang='grc' dir='ltr'><strong>τῆς</strong></span> <span class='ocrx_word' id='word_1_374' title='bbox 354 4880 480 4949; x_wconf 83' lang='grc' dir='ltr'>γῆς,</span> <span class='ocrx_word' id='word_1_375' title='bbox 512 4881 674 4949; x_wconf 82' lang='grc' dir='ltr'>Λόγε,</span> <span class='ocrx_word' id='word_1_376' title='bbox 705 4885 953 4952; x_wconf 83' lang='grc' dir='ltr'>κήρυκας</span> <span class='ocrx_word' id='word_1_377' title='bbox 983 4885 1410 4951; x_wconf 81' lang='grc' dir='ltr'>ἐξαποστέλλων.</span> 
     </span>
    </p>
   </div>
   <div class='ocr_carea' id='block_1_62' title="bbox 297 4971 1805 5061">
    <p class='ocr_par' dir='ltr' id='par_1_62' title="bbox 297 4971 1805 5061">
     <span class='ocr_line' id='line_1_62' title="bbox 297 4971 1805 5061; baseline 0.013 -38"><span class='ocrx_word' id='word_1_378' title='bbox 297 4971 506 5043; x_wconf 83' lang='grc' dir='ltr'>Κύριον</span> <span class='ocrx_word' id='word_1_379' title='bbox 545 4973 675 5028; x_wconf 82' lang='grc' dir='ltr'>Θεὸν</span> <span class='ocrx_word' id='word_1_380' title='bbox 706 4977 1050 5033; x_wconf 81' lang='grc' dir='ltr'>ἀποτεκοῦσα</span> <span class='ocrx_word' id='word_1_381' title='bbox 1096 4980 1189 5035; x_wconf 80' lang='grc' dir='ltr'><strong>τὸν</strong></span> <span class='ocrx_word' id='word_1_382' title='bbox 1233 4983 1577 5056; x_wconf 84' lang='grc' dir='ltr'>κυριεύοντα,</span> <span class='ocrx_word' id='word_1_383' title='bbox 1619 4987 1805 5061; x_wconf 73' lang='grc' dir='ltr'>Ἁγνὴ,</span> 
     </span>
    </p>
   </div>
   <div class='ocr_carea' id='block_1_63' title="bbox 218 5062 1807 5152">
    <p class='ocr_par' dir='ltr' id='par_1_63' title="bbox 218 5062 1807 5152">
     <span class='ocr_line' id='line_1_63' title="bbox 218 5062 1807 5152; baseline 0.013 -37"><span class='ocrx_word' id='word_1_384' title='bbox 218 5062 373 5132; x_wconf 82' lang='grc' dir='ltr'><strong>ζωῆς</strong></span> <span class='ocrx_word' id='word_1_385' title='bbox 425 5065 516 5118; x_wconf 74' lang='grc' dir='ltr'>καὶ</span> <span class='ocrx_word' id='word_1_386' title='bbox 570 5065 665 5119; x_wconf 78' lang='grc' dir='ltr'><strong>τοῦ</strong></span> <span class='ocrx_word' id='word_1_387' title='bbox 716 5067 970 5134; x_wconf 75' lang='grc' dir='ltr'>θανάτου,</span> <span class='ocrx_word' id='word_1_388' title='bbox 1018 5070 1192 5136; x_wconf 80' lang='grc' dir='ltr'>δεῖξον</span> <span class='ocrx_word' id='word_1_389' title='bbox 1246 5075 1606 5147; x_wconf 84' lang='grc' dir='ltr'>ἀκυριεύτους</span> <span class='ocrx_word' id='word_1_390' title='bbox 1659 5083 1807 5152; x_wconf 79' lang='grc' dir='ltr'>ἡμᾶς</span> 
     </span>
    </p>
   </div>
   <div class='ocr_carea' id='block_1_64' title="bbox 216 5154 1058 5229">
    <p class='ocr_par' dir='ltr' id='par_1_64' title="bbox 216 5154 1058 5229">
     <span class='ocr_line' id='line_1_64' title="bbox 216 5154 1058 5229; baseline 0.01 -21"><span class='ocrx_word' id='word_1_391' title='bbox 216 5154 600 5226; x_wconf 80' lang='grc' dir='ltr'>ἐνεδρεύοντος</span> <span class='ocrx_word' id='word_1_392' title='bbox 632 5157 832 5229; x_wconf 80' lang='grc' dir='ltr'>ἐχθροῦ</span> <span class='ocrx_word' id='word_1_393' title='bbox 863 5160 1058 5216; x_wconf 81' lang='grc' dir='ltr'>δολίου.</span> 
     </span>
    </p>
   </div>
   <div class='ocr_carea' id='block_1_65' title="bbox 227 5271 1804 5357">
    <p class='ocr_par' dir='ltr' id='par_1_65' title="bbox 227 5271 1804 5357">
     <span class='ocr_line' id='line_1_65' title="bbox 227 5271 1804 5357; baseline 0.011 -33"><span class='ocrx_word' id='word_1_394' title='bbox 227 5271 295 5325; x_wconf 89' lang='lat'><strong>&#39;0</strong></span> <span class='ocrx_word' id='word_1_395' title='bbox 320 5271 495 5339; x_wconf 75' lang='grc' dir='ltr'>τόκος</span> <span class='ocrx_word' id='word_1_396' title='bbox 524 5287 641 5328; x_wconf 87' lang='grc' dir='ltr'><strong>σου</strong></span> <span class='ocrx_word' id='word_1_397' title='bbox 667 5275 929 5344; x_wconf 57' lang='grc' dir='ltr'>ἅρθορος</span> <span class='ocrx_word' id='word_1_398' title='bbox 967 5278 1207 5357; x_wconf 57' lang='grc' dir='ltr'>ἐδείχθη</span> <span class='ocrx_word' id='word_1_399' title='bbox 1253 5285 1397 5350; x_wconf 86' lang='grc' dir='ltr'>Θεὸς</span> <span class='ocrx_word' id='word_1_400' title='bbox 1425 5284 1494 5339; x_wconf 79' lang='grc' dir='ltr'><strong>ἐκ</strong></span> <span class='ocrx_word' id='word_1_401' title='bbox 1524 5286 1804 5357; x_wconf 73' lang='grc' dir='ltr'>λαγόνων</span> 
     </span>
    </p>
   </div>
   <div class='ocr_carea' id='block_1_66' title="bbox 768 5353 1242 5416">
    <p class='ocr_par' dir='ltr' id='par_1_66' title="bbox 768 5353 1242 5416">
     <span class='ocr_line' id='line_1_66' title="bbox 768 5353 1242 5416; baseline 0.011 -16"><span class='ocrx_word' id='word_1_402' title='bbox 768 5363 886 5402; x_wconf 89' lang='grc' dir='ltr'><strong>σου</strong></span> <span class='ocrx_word' id='word_1_403' title='bbox 915 5353 1242 5416; x_wconf 77' lang='grc' dir='ltr'>προελθὼν.</span> 
     </span>
    </p>
   </div>
   <div class='ocr_carea' id='block_1_67' title="bbox 301 5451 1801 5548">
    <p class='ocr_par' dir='ltr' id='par_1_67' title="bbox 301 5451 1801 5548">
     <span class='ocr_line' id='line_1_67' title="bbox 301 5451 1801 5548; baseline 0.017 -43"><span class='ocrx_word' id='word_1_404' title='bbox 301 5451 555 5525; x_wconf 69' lang='grc' dir='ltr'>’Υψώθης</span> <span class='ocrx_word' id='word_1_405' title='bbox 584 5460 746 5529; x_wconf 71' lang='grc' dir='ltr'>σαρκὶ</span> <span class='ocrx_word' id='word_1_406' title='bbox 793 5461 884 5514; x_wconf 74' lang='grc' dir='ltr'><strong>ἐπὶ</strong></span> <span class='ocrx_word' id='word_1_407' title='bbox 918 5461 1013 5516; x_wconf 85' lang='grc' dir='ltr'><strong>τοῦ</strong></span> <span class='ocrx_word' id='word_1_408' title='bbox 1056 5462 1235 5529; x_wconf 78' lang='grc' dir='ltr'>ξύλου,</span> <span class='ocrx_word' id='word_1_409' title='bbox 1280 5468 1337 5520; x_wconf 86' lang='grc' dir='ltr'><strong>ἐν</strong></span> <span class='ocrx_word' id='word_1_410' title='bbox 1377 5470 1567 5543; x_wconf 79' lang='grc' dir='ltr'>λάκκῳ</span> <span class='ocrx_word' id='word_1_411' title='bbox 1607 5475 1801 5548; x_wconf 84' lang='grc' dir='ltr'>ἐτέθης</span> 
     </span>
    </p>
   </div>
   <div class='ocr_carea' id='block_1_68' title="bbox 207 5546 1796 5637">
    <p class='ocr_par' dir='ltr' id='par_1_68' title="bbox 207 5546 1796 5637">
     <span class='ocr_line' id='line_1_68' title="bbox 207 5546 1796 5637; baseline 0.016 -39"><span class='ocrx_word' id='word_1_412' title='bbox 207 5546 535 5617; x_wconf 71' lang='grc' dir='ltr'>κατωτάτω,</span> <span class='ocrx_word' id='word_1_413' title='bbox 554 5549 646 5602; x_wconf 75' lang='grc' dir='ltr'>καὶ</span> <span class='ocrx_word' id='word_1_414' title='bbox 663 5550 895 5621; x_wconf 88' lang='grc' dir='ltr'>ἀνέστης</span> <span class='ocrx_word' id='word_1_415' title='bbox 908 5554 1055 5627; x_wconf 81' lang='grc' dir='ltr'>δόξῃ,</span> <span class='ocrx_word' id='word_1_416' title='bbox 1077 5560 1394 5631; x_wconf 82' lang='grc' dir='ltr'>συνεγείρας</span> <span class='ocrx_word' id='word_1_417' title='bbox 1417 5564 1596 5637; x_wconf 82' lang='grc' dir='ltr'>ἐαυτῷ</span> <span class='ocrx_word' id='word_1_418' title='bbox 1615 5546 1796 5624; x_wconf 79' lang='grc' dir='ltr'>πάντα</span> 
     </span>
    </p>
   </div>
   <div class='ocr_carea' id='block_1_69' title="bbox 203 5632 1794 5727">
    <p class='ocr_par' dir='ltr' id='par_1_69' title="bbox 203 5632 1794 5727">
     <span class='ocr_line' id='line_1_69' title="bbox 203 5632 1794 5727; baseline 0.019 -43"><span class='ocrx_word' id='word_1_419' title='bbox 203 5632 302 5688; x_wconf 61' lang='grc' dir='ltr'><strong>τὸν</strong></span> <span class='ocrx_word' id='word_1_420' title='bbox 318 5634 544 5727; x_wconf 72' lang='grc' dir='ltr'>κόσμον·</span> <span class='ocrx_word' id='word_1_421' title='bbox 566 5637 687 5691; x_wconf 85' lang='grc' dir='ltr'>ὅθεν</span> <span class='ocrx_word' id='word_1_422' title='bbox 703 5641 1026 5711; x_wconf 68' lang='grc' dir='ltr'>συμφώνως,</span> <span class='ocrx_word' id='word_1_423' title='bbox 1049 5647 1332 5717; x_wconf 81' lang='grc' dir='ltr'>εύεργέτα,</span> <span class='ocrx_word' id='word_1_424' title='bbox 1355 5632 1701 5727; x_wconf 81' lang='grc' dir='ltr'>ἀνυμνοῦμέν</span> <span class='ocrx_word' id='word_1_425' title='bbox 1716 5677 1794 5715; x_wconf 88' lang='grc' dir='ltr'><strong>σε.</strong></span> 
     </span>
    </p>
   </div>
   <div class='ocr_carea' id='block_1_70' title="bbox 291 5724 1793 5822">
    <p class='ocr_par' dir='ltr' id='par_1_70' title="bbox 291 5724 1793 5822">
     <span class='ocr_line' id='line_1_70' title="bbox 291 5724 1793 5822; baseline 0.027 -46"><span class='ocrx_word' id='word_1_426' title='bbox 291 5724 639 5793; x_wconf 85' lang='grc' dir='ltr'>Ῥαινούσαις</span> <span class='ocrx_word' id='word_1_427' title='bbox 660 5731 729 5784; x_wconf 60' lang='lat' dir='ltr'><strong>cs</strong></span> <span class='ocrx_word' id='word_1_428' title='bbox 783 5732 993 5804; x_wconf 75' lang='grc' dir='ltr'>δάκρυα</span> <span class='ocrx_word' id='word_1_429' title='bbox 1034 5736 1111 5801; x_wconf 86' lang='grc' dir='ltr'>ὡς</span> <span class='ocrx_word' id='word_1_430' title='bbox 1153 5738 1301 5808; x_wconf 82' lang='grc' dir='ltr'>μύρα</span> <span class='ocrx_word' id='word_1_431' title='bbox 1343 5744 1371 5795; x_wconf 86' lang='grc' dir='ltr'><strong>ὀ</strong></span> <span class='ocrx_word' id='word_1_432' title='bbox 1419 5724 1651 5812; x_wconf 69' lang='grc' dir='ltr'>ἄγγελος</span> <span class='ocrx_word' id='word_1_433' title='bbox 1689 5749 1793 5822; x_wconf 70' lang='grc' dir='ltr'><strong>ἔφη</strong></span> 
     </span>
    </p>
   </div>
   <div class='ocr_carea' id='block_1_71' title="bbox 208 5818 1794 5911">
    <p class='ocr_par' dir='ltr' id='par_1_71' title="bbox 208 5818 1794 5911">
     <span class='ocr_line' id='line_1_71' title="bbox 208 5818 1794 5911; baseline 0.018 -44"><span class='ocrx_word' id='word_1_434' title='bbox 208 5818 568 5892; x_wconf 71' lang='grc' dir='ltr'>ρυροφόροιςο</span> <span class='ocrx_word' id='word_1_435' title='bbox 588 5821 654 5877; x_wconf 84' lang='grc' dir='ltr'><strong>Τί</strong></span> <span class='ocrx_word' id='word_1_436' title='bbox 676 5823 768 5880; x_wconf 80' lang='grc' dir='ltr'>τὸν</span> <span class='ocrx_word' id='word_1_437' title='bbox 794 5824 973 5891; x_wconf 79' lang='grc' dir='ltr'>ζῶντα</span> <span class='ocrx_word' id='word_1_438' title='bbox 1004 5829 1062 5883; x_wconf 78' lang='grc' dir='ltr'><strong>ἐν</strong></span> <span class='ocrx_word' id='word_1_439' title='bbox 1087 5831 1242 5903; x_wconf 74' lang='grc' dir='ltr'><strong>τάφῳ</strong></span> <span class='ocrx_word' id='word_1_440' title='bbox 1270 5835 1410 5904; x_wconf 81' lang='grc' dir='ltr'><strong>μετά</strong></span> <span class='ocrx_word' id='word_1_441' title='bbox 1433 5839 1644 5911; x_wconf 83' lang='grc' dir='ltr'>νεκρῶν</span> <span class='ocrx_word' id='word_1_442' title='bbox 1676 5818 1794 5895; x_wconf 57' lang='grc' dir='ltr'>ἐπιλ</span> 
     </span>
    </p>
   </div>
   <div class='ocr_carea' id='block_1_72' title="bbox 1965 1978 3540 2056">
    <p class='ocr_par' dir='ltr' id='par_1_72' title="bbox 1965 1978 3540 2056">
     <span class='ocr_line' id='line_1_72' title="bbox 1965 1978 3540 2056; baseline 0.007 -23"><span class='ocrx_word' id='word_1_443' title='bbox 1965 1994 2148 2033; x_wconf 85' lang='lat' dir='ltr'><strong>rerum</strong></span> <span class='ocrx_word' id='word_1_444' title='bbox 2205 1978 2483 2035; x_wconf 86' lang='lat' dir='ltr'><strong>Creatoris</strong></span> <span class='ocrx_word' id='word_1_445' title='bbox 2541 1982 2911 2047; x_wconf 79' lang='lat' dir='ltr'><strong>concelebrat,</strong></span> <span class='ocrx_word' id='word_1_446' title='bbox 2943 1984 3035 2054; x_wconf 81' lang='lat' dir='ltr'><strong>qui</strong></span> <span class='ocrx_word' id='word_1_447' title='bbox 3096 1987 3317 2056; x_wconf 84' lang='lat' dir='ltr'><strong>quidem</strong></span> <span class='ocrx_word' id='word_1_448' title='bbox 3367 2004 3468 2044; x_wconf 91' lang='lat' dir='ltr'><strong>nos</strong></span> <span class='ocrx_word' id='word_1_449' title='bbox 3507 2006 3540 2043; x_wconf 83' lang='lat' dir='ltr'><strong>e</strong></span> 
     </span>
    </p>
   </div>
   <div class='ocr_carea' id='block_1_73' title="bbox 1965 2072 3535 2148">
    <p class='ocr_par' dir='ltr' id='par_1_73' title="bbox 1965 2072 3535 2148">
     <span class='ocr_line' id='line_1_73' title="bbox 1965 2072 3535 2148; baseline 0.008 -25"><span class='ocrx_word' id='word_1_450' title='bbox 1965 2072 2192 2127; x_wconf 73' lang='lat' dir='ltr'><strong>vinculis</strong></span> <span class='ocrx_word' id='word_1_451' title='bbox 2221 2078 2275 2126; x_wconf 87' lang='lat' dir='ltr'><strong>et</strong></span> <span class='ocrx_word' id='word_1_452' title='bbox 2300 2081 2477 2128; x_wconf 86' lang='lat' dir='ltr'><strong>morte</strong></span> <span class='ocrx_word' id='word_1_453' title='bbox 2506 2089 2704 2129; x_wconf 89' lang='lat' dir='ltr'><strong>nomen</strong></span> <span class='ocrx_word' id='word_1_454' title='bbox 2732 2075 2852 2146; x_wconf 87' lang='lat' dir='ltr'><strong>ejus</strong></span> <span class='ocrx_word' id='word_1_455' title='bbox 2881 2090 3002 2130; x_wconf 93' lang='lat' dir='ltr'><strong>cum</strong></span> <span class='ocrx_word' id='word_1_456' title='bbox 3037 2078 3228 2148; x_wconf 86' lang='lat' dir='ltr'><strong>gratiis</strong></span> <span class='ocrx_word' id='word_1_457' title='bbox 3250 2080 3535 2135; x_wconf 82' lang='lat' dir='ltr'><strong>laudantes</strong></span> 
     </span>
    </p>
   </div>
   <div class='ocr_carea' id='block_1_74' title="bbox 1963 2168 2224 2224">
    <p class='ocr_par' dir='ltr' id='par_1_74' title="bbox 1963 2168 2224 2224">
     <span class='ocr_line' id='line_1_74' title="bbox 1963 2168 2224 2224; baseline 0.015 -5"><span class='ocrx_word' id='word_1_458' title='bbox 1963 2168 2224 2224; x_wconf 77' lang='lat' dir='ltr'><strong>servavit.</strong></span> 
     </span>
    </p>
   </div>
   <div class='ocr_carea' id='block_1_75' title="bbox 2030 2259 3530 2330">
    <p class='ocr_par' dir='ltr' id='par_1_75' title="bbox 2030 2259 3530 2330">
     <span class='ocr_line' id='line_1_75' title="bbox 2030 2259 3530 2330; baseline 0.003 -16"><span class='ocrx_word' id='word_1_459' title='bbox 2030 2259 2274 2319; x_wconf 89' lang='lat' dir='ltr'><strong>Luminis</strong></span> <span class='ocrx_word' id='word_1_460' title='bbox 2329 2262 2409 2318; x_wconf 92' lang='lat' dir='ltr'><strong>tui</strong></span> <span class='ocrx_word' id='word_1_461' title='bbox 2470 2261 2638 2318; x_wconf 89' lang='lat' dir='ltr'><strong>radiis</strong></span> <span class='ocrx_word' id='word_1_462' title='bbox 2689 2261 2890 2317; x_wconf 86' lang='lat' dir='ltr'><strong>mentis</strong></span> <span class='ocrx_word' id='word_1_463' title='bbox 2950 2278 3082 2317; x_wconf 74' lang='lat' dir='ltr'><strong>mea:</strong></span> <span class='ocrx_word' id='word_1_464' title='bbox 3110 2263 3384 2330; x_wconf 87' lang='lat' dir='ltr'><strong>tenebras,</strong></span> <span class='ocrx_word' id='word_1_465' title='bbox 3435 2261 3530 2319; x_wconf 89' lang='lat' dir='ltr'><strong>Dei</strong></span> 
     </span>
    </p>
   </div>
   <div class='ocr_carea' id='block_1_76' title="bbox 1958 2351 3535 2423">
    <p class='ocr_par' dir='ltr' id='par_1_76' title="bbox 1958 2351 3535 2423">
     <span class='ocr_line' id='line_1_76' title="bbox 1958 2351 3535 2423; baseline 0.001 -19"><span class='ocrx_word' id='word_1_466' title='bbox 1958 2351 2147 2417; x_wconf 79' lang='lat' dir='ltr'><strong>Mater,</strong></span> <span class='ocrx_word' id='word_1_467' title='bbox 2177 2354 2409 2423; x_wconf 76' lang='lat' dir='ltr'><strong>expelle,</strong></span> <span class='ocrx_word' id='word_1_468' title='bbox 2444 2359 2503 2407; x_wconf 92' lang='lat' dir='ltr'><strong>ut</strong></span> <span class='ocrx_word' id='word_1_469' title='bbox 2532 2351 2653 2408; x_wconf 86' lang='lat' dir='ltr'><strong>lidei</strong></span> <span class='ocrx_word' id='word_1_470' title='bbox 2686 2351 2939 2408; x_wconf 86' lang='lat' dir='ltr'><strong>cantibus</strong></span> <span class='ocrx_word' id='word_1_471' title='bbox 2973 2360 3095 2408; x_wconf 88' lang='lat' dir='ltr'><strong>tuas</strong></span> <span class='ocrx_word' id='word_1_472' title='bbox 3128 2352 3246 2407; x_wconf 87' lang='lat' dir='ltr'><strong>sine</strong></span> <span class='ocrx_word' id='word_1_473' title='bbox 3280 2352 3387 2407; x_wconf 79' lang='lat' dir='ltr'><strong>[ine</strong></span> <span class='ocrx_word' id='word_1_474' title='bbox 3438 2369 3535 2408; x_wconf 86' lang='lat' dir='ltr'><strong>ce-</strong></span> 
     </span>
    </p>
   </div>
   <div class='ocr_carea' id='block_1_77' title="bbox 1956 2445 2411 2503">
    <p class='ocr_par' dir='ltr' id='par_1_77' title="bbox 1956 2445 2411 2503">
     <span class='ocr_line' id='line_1_77' title="bbox 1956 2445 2411 2503; baseline 0.004 -5"><span class='ocrx_word' id='word_1_475' title='bbox 1956 2445 2161 2499; x_wconf 69' lang='lat' dir='ltr'><strong>lebrem</strong></span> <span class='ocrx_word' id='word_1_476' title='bbox 2199 2446 2411 2503; x_wconf 86' lang='lat' dir='ltr'><strong>laudes.</strong></span> 
     </span>
    </p>
   </div>
   <div class='ocr_carea' id='block_1_78' title="bbox 2167 2537 3312 2607">
    <p class='ocr_par' dir='ltr' id='par_1_78' title="bbox 2167 2537 3312 2607">
     <span class='ocr_line' id='line_1_78' title="bbox 2167 2537 3312 2607; baseline 0 -15"><span class='ocrx_word' id='word_1_477' title='bbox 2167 2537 2292 2593; x_wconf 82' lang='lat' dir='ltr'><strong>Non</strong></span> <span class='ocrx_word' id='word_1_478' title='bbox 2328 2539 2383 2594; x_wconf 79' lang='lat' dir='ltr'><strong>in</strong></span> <span class='ocrx_word' id='word_1_479' title='bbox 2432 2539 2718 2607; x_wconf 79' lang='lat' dir='ltr'><strong>sapientia,</strong></span> <span class='ocrx_word' id='word_1_480' title='bbox 2754 2553 2916 2607; x_wconf 79' lang='lat' dir='ltr'><strong>neque</strong></span> <span class='ocrx_word' id='word_1_481' title='bbox 2944 2537 2997 2592; x_wconf 80' lang='lat' dir='ltr'><strong>in</strong></span> <span class='ocrx_word' id='word_1_482' title='bbox 3034 2546 3312 2607; x_wconf 76' lang='lat' dir='ltr'><strong>potestate.</strong></span> 
     </span>
    </p>
   </div>
   <div class='ocr_carea' id='block_1_79' title="bbox 2034 2628 3528 2696">
    <p class='ocr_par' dir='ltr' id='par_1_79' title="bbox 2034 2628 3528 2696">
     <span class='ocr_line' id='line_1_79' title="bbox 2034 2628 3528 2696; baseline 0.001 -14"><span class='ocrx_word' id='word_1_483' title='bbox 2034 2628 2368 2696; x_wconf 85' lang='lat' dir='ltr'><strong>Ascendisti,</strong></span> <span class='ocrx_word' id='word_1_484' title='bbox 2418 2628 2680 2694; x_wconf 80' lang='lat' dir='ltr'><strong>Verbum,</strong></span> <span class='ocrx_word' id='word_1_485' title='bbox 2719 2629 2772 2684; x_wconf 93' lang='lat' dir='ltr'><strong>in</strong></span> <span class='ocrx_word' id='word_1_486' title='bbox 2830 2644 3070 2694; x_wconf 89' lang='lat' dir='ltr'><strong>crucem,</strong></span> <span class='ocrx_word' id='word_1_487' title='bbox 3107 2630 3174 2684; x_wconf 82' lang='lat' dir='ltr'><strong>ad</strong></span> <span class='ocrx_word' id='word_1_488' title='bbox 3235 2630 3404 2684; x_wconf 84' lang='lat' dir='ltr'><strong>vitam</strong></span> <span class='ocrx_word' id='word_1_489' title='bbox 3442 2645 3528 2684; x_wconf 85' lang='lat' dir='ltr'><strong>me</strong></span> 
     </span>
    </p>
   </div>
   <div class='ocr_carea' id='block_1_80' title="bbox 1951 2718 3528 2789">
    <p class='ocr_par' dir='ltr' id='par_1_80' title="bbox 1951 2718 3528 2789">
     <span class='ocr_line' id='line_1_80' title="bbox 1951 2718 3528 2789; baseline 0.002 -15"><span class='ocrx_word' id='word_1_490' title='bbox 1951 2720 2259 2789; x_wconf 85' lang='lat' dir='ltr'><strong>reducens;</strong></span> <span class='ocrx_word' id='word_1_491' title='bbox 2310 2721 2457 2777; x_wconf 80' lang='lat' dir='ltr'><strong>latus</strong></span> <span class='ocrx_word' id='word_1_492' title='bbox 2536 2718 2860 2775; x_wconf 74' lang='lat' dir='ltr'><strong>transﬁxum</strong></span> <span class='ocrx_word' id='word_1_493' title='bbox 2918 2720 3184 2789; x_wconf 90' lang='lat' dir='ltr'><strong>habuisti,</strong></span> <span class='ocrx_word' id='word_1_494' title='bbox 3239 2721 3375 2776; x_wconf 87' lang='lat' dir='ltr'><strong>mihi</strong></span> <span class='ocrx_word' id='word_1_495' title='bbox 3429 2722 3528 2777; x_wconf 88' lang='lat' dir='ltr'><strong>bo-</strong></span> 
     </span>
    </p>
   </div>
   <div class='ocr_carea' id='block_1_81' title="bbox 1951 2811 3527 2883">
    <p class='ocr_par' dir='ltr' id='par_1_81' title="bbox 1951 2811 3527 2883">
     <span class='ocr_line' id='line_1_81' title="bbox 1951 2811 3527 2883; baseline 0.001 -17"><span class='ocrx_word' id='word_1_496' title='bbox 1951 2811 2174 2867; x_wconf 81' lang='lat' dir='ltr'><strong>nitatem</strong></span> <span class='ocrx_word' id='word_1_497' title='bbox 2208 2821 2356 2866; x_wconf 89' lang='lat' dir='ltr'><strong>tuam</strong></span> <span class='ocrx_word' id='word_1_498' title='bbox 2390 2811 2639 2867; x_wconf 85' lang='lat' dir='ltr'><strong>laudanti</strong></span> <span class='ocrx_word' id='word_1_499' title='bbox 2674 2811 2861 2867; x_wconf 79' lang='lat' dir='ltr'><strong>fontes</strong></span> <span class='ocrx_word' id='word_1_500' title='bbox 2890 2812 3148 2883; x_wconf 85' lang='lat' dir='ltr'><strong>aperiens</strong></span> <span class='ocrx_word' id='word_1_501' title='bbox 3198 2812 3527 2869; x_wconf 80' lang='lat' dir='ltr'><strong>immortali-</strong></span> 
     </span>
    </p>
   </div>
   <div class='ocr_carea' id='block_1_82' title="bbox 1949 2900 2099 2954">
    <p class='ocr_par' dir='ltr' id='par_1_82' title="bbox 1949 2900 2099 2954">
     <span class='ocr_line' id='line_1_82' title="bbox 1949 2900 2099 2954; baseline 0.02 -3"><span class='ocrx_word' id='word_1_502' title='bbox 1949 2900 2099 2954; x_wconf 85' lang='lat' dir='ltr'><strong>tatis.</strong></span> 
     </span>
    </p>
   </div>
   <div class='ocr_carea' id='block_1_83' title="bbox 2014 2988 3520 3061">
    <p class='ocr_par' dir='ltr' id='par_1_83' title="bbox 2014 2988 3520 3061">
     <span class='ocr_line' id='line_1_83' title="bbox 2014 2988 3520 3061; baseline -0.001 -18"><span class='ocrx_word' id='word_1_503' title='bbox 2014 2988 2082 3044; x_wconf 90' lang='lat' dir='ltr'><strong>Ut</strong></span> <span class='ocrx_word' id='word_1_504' title='bbox 2115 2991 2168 3045; x_wconf 91' lang='lat' dir='ltr'><strong>in</strong></span> <span class='ocrx_word' id='word_1_505' title='bbox 2201 2990 2452 3061; x_wconf 82' lang='lat' dir='ltr'><strong>sepulcro</strong></span> <span class='ocrx_word' id='word_1_506' title='bbox 2504 2989 2839 3047; x_wconf 88' lang='lat' dir='ltr'><strong>dormientes</strong></span> <span class='ocrx_word' id='word_1_507' title='bbox 2895 3005 3185 3047; x_wconf 81' lang='lat' dir='ltr'><strong>revocares</strong></span> <span class='ocrx_word' id='word_1_508' title='bbox 3218 2993 3284 3045; x_wconf 88' lang='lat' dir='ltr'><strong>ad</strong></span> <span class='ocrx_word' id='word_1_509' title='bbox 3334 2990 3520 3052; x_wconf 84' lang='lat' dir='ltr'><strong>vitam,</strong></span> 
     </span>
    </p>
   </div>
   <div class='ocr_carea' id='block_1_84' title="bbox 1945 3079 3524 3154">
    <p class='ocr_par' dir='ltr' id='par_1_84' title="bbox 1945 3079 3524 3154">
     <span class='ocr_line' id='line_1_84' title="bbox 1945 3079 3524 3154; baseline 0.001 -22"><span class='ocrx_word' id='word_1_510' title='bbox 1945 3079 2087 3136; x_wconf 90' lang='lat' dir='ltr'><strong>inter</strong></span> <span class='ocrx_word' id='word_1_511' title='bbox 2116 3089 2367 3138; x_wconf 90' lang='lat' dir='ltr'><strong>mortuos</strong></span> <span class='ocrx_word' id='word_1_512' title='bbox 2396 3091 2789 3139; x_wconf 88' lang='lat' dir='ltr'><strong>aunumeratus</strong></span> <span class='ocrx_word' id='word_1_513' title='bbox 2828 3098 2911 3141; x_wconf 89' lang='lat' dir='ltr'><strong>es.</strong></span> <span class='ocrx_word' id='word_1_514' title='bbox 2957 3083 3333 3154; x_wconf 86' lang='lat' dir='ltr'><strong>corruptionis</strong></span> <span class='ocrx_word' id='word_1_515' title='bbox 3392 3099 3524 3139; x_wconf 79' lang='lat' dir='ltr'><strong>vero</strong></span> 
     </span>
    </p>
   </div>
   <div class='ocr_carea' id='block_1_85' title="bbox 1944 3174 3520 3246">
    <p class='ocr_par' dir='ltr' id='par_1_85' title="bbox 1944 3174 3520 3246">
     <span class='ocr_line' id='line_1_85' title="bbox 1944 3174 3520 3246; baseline 0.004 -20"><span class='ocrx_word' id='word_1_516' title='bbox 1944 3180 2148 3229; x_wconf 71' lang='lat' dir='ltr'><strong>nostra:</strong></span> <span class='ocrx_word' id='word_1_517' title='bbox 2181 3174 2468 3241; x_wconf 88' lang='lat' dir='ltr'><strong>immunis,</strong></span> <span class='ocrx_word' id='word_1_518' title='bbox 2513 3174 2802 3231; x_wconf 82' lang='lat' dir='ltr'><strong>surrexisti</strong></span> <span class='ocrx_word' id='word_1_519' title='bbox 2842 3174 3021 3231; x_wconf 88' lang='lat' dir='ltr'><strong>tribus</strong></span> <span class='ocrx_word' id='word_1_520' title='bbox 3059 3174 3263 3246; x_wconf 80' lang='lat' dir='ltr'><strong>elapsis</strong></span> <span class='ocrx_word' id='word_1_521' title='bbox 3303 3175 3520 3243; x_wconf 85' lang='lat' dir='ltr'><strong>diebus,</strong></span> 
     </span>
    </p>
   </div>
   <div class='ocr_carea' id='block_1_86' title="bbox 1867 3242 2307 3334">
    <p class='ocr_par' dir='ltr' id='par_1_86' title="bbox 1867 3242 2307 3334">
     <span class='ocr_line' id='line_1_86' title="bbox 1867 3242 2307 3334; baseline 0.014 -19"><span class='ocrx_word' id='word_1_522' title='bbox 1867 3242 1907 3297; x_wconf 68' lang='grc' dir='ltr'><em>ε</em></span> <span class='ocrx_word' id='word_1_523' title='bbox 1942 3266 2307 3334; x_wconf 88' lang='lat' dir='ltr'><strong>omnipotens.</strong></span> 
     </span>
    </p>
   </div>
   <div class='ocr_carea' id='block_1_87' title="bbox 2014 3356 3523 3430">
    <p class='ocr_par' dir='ltr' id='par_1_87' title="bbox 2014 3356 3523 3430">
     <span class='ocr_line' id='line_1_87' title="bbox 2014 3356 3523 3430; baseline 0.004 -21"><span class='ocrx_word' id='word_1_524' title='bbox 2014 3356 2286 3412; x_wconf 84' lang='lat' dir='ltr'><strong>Mortnum</strong></span> <span class='ocrx_word' id='word_1_525' title='bbox 2335 3359 2532 3415; x_wconf 72' lang='lat' dir='ltr'><strong>visura:</strong></span> <span class='ocrx_word' id='word_1_526' title='bbox 2582 3357 2865 3413; x_wconf 88' lang='lat' dir='ltr'><strong>Christum</strong></span> <span class='ocrx_word' id='word_1_527' title='bbox 2912 3356 3141 3413; x_wconf 89' lang='lat' dir='ltr'><strong>mortuis</strong></span> <span class='ocrx_word' id='word_1_528' title='bbox 3173 3358 3337 3413; x_wconf 85' lang='lat' dir='ltr'><strong>vitam</strong></span> <span class='ocrx_word' id='word_1_529' title='bbox 3385 3374 3523 3430; x_wconf 74' lang='lat' dir='ltr'><strong>pra:-</strong></span> 
     </span>
    </p>
   </div>
   <div class='ocr_carea' id='block_1_88' title="bbox 1936 3448 3522 3511">
    <p class='ocr_par' dir='ltr' id='par_1_88' title="bbox 1936 3448 3522 3511">
     <span class='ocr_line' id='line_1_88' title="bbox 1936 3448 3522 3511; baseline 0.004 -8"><span class='ocrx_word' id='word_1_530' title='bbox 1936 3448 2151 3504; x_wconf 85' lang='lat' dir='ltr'><strong>lentem</strong></span> <span class='ocrx_word' id='word_1_531' title='bbox 2191 3460 2453 3505; x_wconf 85' lang='lat' dir='ltr'><strong>venerunt</strong></span> <span class='ocrx_word' id='word_1_532' title='bbox 2502 3460 2748 3505; x_wconf 88' lang='lat' dir='ltr'><strong>aromata</strong></span> <span class='ocrx_word' id='word_1_533' title='bbox 2803 3450 3041 3509; x_wconf 82' lang='lat' dir='ltr'><strong>iercnles</strong></span> <span class='ocrx_word' id='word_1_534' title='bbox 3104 3452 3429 3511; x_wconf 81' lang='lat' dir='ltr'><strong>festinantes</strong></span> <span class='ocrx_word' id='word_1_535' title='bbox 3461 3465 3522 3509; x_wconf 90' lang='lat' dir='ltr'><strong>ut</strong></span> 
     </span>
    </p>
   </div>
   <div class='ocr_carea' id='block_1_89' title="bbox 1935 3540 3517 3610">
    <p class='ocr_par' dir='ltr' id='par_1_89' title="bbox 1935 3540 3517 3610">
     <span class='ocr_line' id='line_1_89' title="bbox 1935 3540 3517 3610; baseline 0.004 -17"><span class='ocrx_word' id='word_1_536' title='bbox 1935 3552 2223 3607; x_wconf 67' lang='lat' dir='ltr'><strong>ungerent,</strong></span> <span class='ocrx_word' id='word_1_537' title='bbox 2242 3550 2295 3595; x_wconf 88' lang='lat' dir='ltr'><strong>et</strong></span> <span class='ocrx_word' id='word_1_538' title='bbox 2323 3540 2564 3610; x_wconf 81' lang='lat' dir='ltr'><strong>ﬂebant;</strong></span> <span class='ocrx_word' id='word_1_539' title='bbox 2595 3543 2692 3600; x_wconf 91' lang='lat' dir='ltr'><strong>sed</strong></span> <span class='ocrx_word' id='word_1_540' title='bbox 2721 3544 2872 3599; x_wconf 91' lang='lat' dir='ltr'><strong>illum</strong></span> <span class='ocrx_word' id='word_1_541' title='bbox 2906 3544 3193 3603; x_wconf 85' lang='lat' dir='ltr'><strong>audientes</strong></span> <span class='ocrx_word' id='word_1_542' title='bbox 3218 3547 3517 3603; x_wconf 86' lang='lat' dir='ltr'><strong>resuscita-</strong></span> 
     </span>
    </p>
   </div>
   <div class='ocr_carea' id='block_1_90' title="bbox 1933 3631 2465 3700">
    <p class='ocr_par' dir='ltr' id='par_1_90' title="bbox 1933 3631 2465 3700">
     <span class='ocr_line' id='line_1_90' title="bbox 1933 3631 2465 3700; baseline 0.011 -18"><span class='ocrx_word' id='word_1_543' title='bbox 1933 3635 2071 3693; x_wconf 86' lang='lat' dir='ltr'><strong>tnm,</strong></span> <span class='ocrx_word' id='word_1_544' title='bbox 2098 3631 2298 3700; x_wconf 73' lang='lat' dir='ltr'><strong>gavisae</strong></span> <span class='ocrx_word' id='word_1_545' title='bbox 2312 3639 2465 3688; x_wconf 86' lang='lat' dir='ltr'><strong>sunt.</strong></span> 
     </span>
    </p>
   </div>
   <div class='ocr_carea' id='block_1_91' title="bbox 2003 3719 3505 3790">
    <p class='ocr_par' dir='ltr' id='par_1_91' title="bbox 2003 3719 3505 3790">
     <span class='ocr_line' id='line_1_91' title="bbox 2003 3719 3505 3790; baseline 0.005 -19"><span class='ocrx_word' id='word_1_546' title='bbox 2003 3719 2105 3785; x_wconf 83' lang='lat' dir='ltr'><strong>Qui</strong></span> <span class='ocrx_word' id='word_1_547' title='bbox 2140 3722 2356 3790; x_wconf 84' lang='lat' dir='ltr'><strong>propria</strong></span> <span class='ocrx_word' id='word_1_548' title='bbox 2389 3721 2683 3778; x_wconf 85' lang='lat' dir='ltr'><strong>invisibilis</strong></span> <span class='ocrx_word' id='word_1_549' title='bbox 2717 3732 2800 3779; x_wconf 90' lang='lat' dir='ltr'><strong>est</strong></span> <span class='ocrx_word' id='word_1_550' title='bbox 2834 3731 3028 3779; x_wconf 89' lang='lat' dir='ltr'><strong>natura</strong></span> <span class='ocrx_word' id='word_1_551' title='bbox 3087 3725 3238 3782; x_wconf 79' lang='lat' dir='ltr'><strong>visus</strong></span> <span class='ocrx_word' id='word_1_552' title='bbox 3271 3733 3357 3780; x_wconf 87' lang='lat' dir='ltr'><strong>est</strong></span> <span class='ocrx_word' id='word_1_553' title='bbox 3414 3725 3505 3779; x_wconf 87' lang='lat' dir='ltr'><strong>in-</strong></span> 
     </span>
    </p>
   </div>
   <div class='ocr_carea' id='block_1_92' title="bbox 1931 3813 3495 3885">
    <p class='ocr_par' dir='ltr' id='par_1_92' title="bbox 1931 3813 3495 3885">
     <span class='ocr_line' id='line_1_92' title="bbox 1931 3813 3495 3885; baseline 0.004 -18"><span class='ocrx_word' id='word_1_554' title='bbox 1931 3821 2194 3869; x_wconf 88' lang='lat' dir='ltr'><strong>carnatus</strong></span> <span class='ocrx_word' id='word_1_555' title='bbox 2226 3813 2295 3868; x_wconf 90' lang='lat' dir='ltr'><strong>de</strong></span> <span class='ocrx_word' id='word_1_556' title='bbox 2327 3826 2398 3879; x_wconf 87' lang='lat' dir='ltr'><strong>te,</strong></span> <span class='ocrx_word' id='word_1_557' title='bbox 2452 3816 2800 3872; x_wconf 79' lang='lat' dir='ltr'><strong>immaculata</strong></span> <span class='ocrx_word' id='word_1_558' title='bbox 2861 3817 3107 3885; x_wconf 87' lang='lat' dir='ltr'><strong>Domina,</strong></span> <span class='ocrx_word' id='word_1_559' title='bbox 3170 3827 3224 3877; x_wconf 89' lang='lat' dir='ltr'><strong>et</strong></span> <span class='ocrx_word' id='word_1_560' title='bbox 3273 3834 3495 3875; x_wconf 88' lang='lat' dir='ltr'><strong>crucem</strong></span> 
     </span>
    </p>
   </div>
   <div class='ocr_carea' id='block_1_93' title="bbox 1935 3905 2841 3979">
    <p class='ocr_par' dir='ltr' id='par_1_93' title="bbox 1935 3905 2841 3979">
     <span class='ocr_line' id='line_1_93' title="bbox 1935 3905 2841 3979; baseline 0.006 -19"><span class='ocrx_word' id='word_1_561' title='bbox 1935 3913 2278 3976; x_wconf 84' lang='lat' dir='ltr'><strong>mortemque</strong></span> <span class='ocrx_word' id='word_1_562' title='bbox 2307 3905 2481 3961; x_wconf 90' lang='lat' dir='ltr'><strong>libens</strong></span> <span class='ocrx_word' id='word_1_563' title='bbox 2507 3922 2706 3979; x_wconf 85' lang='lat' dir='ltr'><strong>passus</strong></span> <span class='ocrx_word' id='word_1_564' title='bbox 2733 3917 2841 3965; x_wconf 89' lang='lat' dir='ltr'><strong>est.</strong></span> 
     </span>
    </p>
   </div>
   <div class='ocr_carea' id='block_1_94' title="bbox 2236 4014 3195 4094">
    <p class='ocr_par' dir='ltr' id='par_1_94' title="bbox 2236 4014 3195 4094">
     <span class='ocr_line' id='line_1_94' title="bbox 2236 4014 3195 4094; baseline 0.013 -25"><span class='ocrx_word' id='word_1_565' title='bbox 2236 4014 2394 4071; x_wconf 83' lang='lat' dir='ltr'><strong>Hunc</strong></span> <span class='ocrx_word' id='word_1_566' title='bbox 2424 4018 2479 4071; x_wconf 82' lang='lat' dir='ltr'><strong>in</strong></span> <span class='ocrx_word' id='word_1_567' title='bbox 2529 4035 2689 4073; x_wconf 83' lang='lat' dir='ltr'><strong>carne</strong></span> <span class='ocrx_word' id='word_1_568' title='bbox 2716 4038 2815 4075; x_wconf 84' lang='lat' dir='ltr'><strong>sua</strong></span> <span class='ocrx_word' id='word_1_569' title='bbox 2850 4025 3195 4094; x_wconf 75' lang='lat' dir='ltr'><strong>cruciﬁxum.</strong></span> 
     </span>
    </p>
   </div>
   <div class='ocr_carea' id='block_1_95' title="bbox 1996 4104 3514 4182">
    <p class='ocr_par' dir='ltr' id='par_1_95' title="bbox 1996 4104 3514 4182">
     <span class='ocr_line' id='line_1_95' title="bbox 1996 4104 3514 4182; baseline 0.013 -23"><span class='ocrx_word' id='word_1_570' title='bbox 1996 4104 2193 4161; x_wconf 89' lang='lat' dir='ltr'><strong>Crucis</strong></span> <span class='ocrx_word' id='word_1_571' title='bbox 2251 4107 2580 4175; x_wconf 82' lang='lat' dir='ltr'><strong>supplicium</strong></span> <span class='ocrx_word' id='word_1_572' title='bbox 2636 4110 2941 4168; x_wconf 82' lang='lat' dir='ltr'><strong>voluntarie</strong></span> <span class='ocrx_word' id='word_1_573' title='bbox 2996 4130 3213 4182; x_wconf 79' lang='lat' dir='ltr'><strong>passus,</strong></span> <span class='ocrx_word' id='word_1_574' title='bbox 3271 4136 3305 4175; x_wconf 88' lang='grc' dir='ltr'><strong>ο</strong></span> <span class='ocrx_word' id='word_1_575' title='bbox 3371 4121 3514 4178; x_wconf 82' lang='lat' dir='ltr'><strong>Deus</strong></span> 
     </span>
    </p>
   </div>
   <div class='ocr_carea' id='block_1_96' title="bbox 1928 4192 3514 4276">
    <p class='ocr_par' dir='ltr' id='par_1_96' title="bbox 1928 4192 3514 4276">
     <span class='ocr_line' id='line_1_96' title="bbox 1928 4192 3514 4276; baseline 0.013 -30"><span class='ocrx_word' id='word_1_576' title='bbox 1928 4192 2189 4260; x_wconf 87' lang='lat' dir='ltr'><strong>Verbum,</strong></span> <span class='ocrx_word' id='word_1_577' title='bbox 2211 4202 2265 4249; x_wconf 76' lang='lat' dir='ltr'><strong>et</strong></span> <span class='ocrx_word' id='word_1_578' title='bbox 2292 4205 2610 4251; x_wconf 89' lang='lat' dir='ltr'><strong>numeratus</strong></span> <span class='ocrx_word' id='word_1_579' title='bbox 2640 4198 2780 4254; x_wconf 90' lang='lat' dir='ltr'><strong>inter</strong></span> <span class='ocrx_word' id='word_1_580' title='bbox 2810 4212 3082 4270; x_wconf 84' lang='lat' dir='ltr'><strong>mortuos,</strong></span> <span class='ocrx_word' id='word_1_581' title='bbox 3105 4218 3226 4276; x_wconf 91' lang='lat' dir='ltr'><strong>post</strong></span> <span class='ocrx_word' id='word_1_582' title='bbox 3262 4219 3374 4268; x_wconf 86' lang='lat' dir='ltr'><strong>tres</strong></span> <span class='ocrx_word' id='word_1_583' title='bbox 3397 4213 3514 4268; x_wconf 89' lang='lat' dir='ltr'><strong>dies</strong></span> 
     </span>
    </p>
   </div>
   <div class='ocr_carea' id='block_1_97' title="bbox 1926 4282 3509 4364">
    <p class='ocr_par' dir='ltr' id='par_1_97' title="bbox 1926 4282 3509 4364">
     <span class='ocr_line' id='line_1_97' title="bbox 1926 4282 3509 4364; baseline 0.013 -27"><span class='ocrx_word' id='word_1_584' title='bbox 1926 4282 2238 4349; x_wconf 80' lang='lat' dir='ltr'><strong>surrexisti,</strong></span> <span class='ocrx_word' id='word_1_585' title='bbox 2271 4282 2604 4342; x_wconf 85' lang='lat' dir='ltr'><strong>immortales</strong></span> <span class='ocrx_word' id='word_1_586' title='bbox 2644 4287 2723 4342; x_wconf 91' lang='lat' dir='ltr'><strong>sic</strong></span> <span class='ocrx_word' id='word_1_587' title='bbox 2765 4289 2998 4347; x_wconf 88' lang='lat' dir='ltr'><strong>reddens</strong></span> <span class='ocrx_word' id='word_1_588' title='bbox 3041 4294 3311 4364; x_wconf 87' lang='lat' dir='ltr'><strong>homines,</strong></span> <span class='ocrx_word' id='word_1_589' title='bbox 3363 4311 3509 4357; x_wconf 89' lang='lat' dir='ltr'><strong>tuam</strong></span> 
     </span>
    </p>
   </div>
   <div class='ocr_carea' id='block_1_98' title="bbox 1925 4375 2637 4444">
    <p class='ocr_par' dir='ltr' id='par_1_98' title="bbox 1925 4375 2637 4444">
     <span class='ocr_line' id='line_1_98' title="bbox 1925 4375 2637 4444; baseline 0.008 -19"><span class='ocrx_word' id='word_1_590' title='bbox 1925 4381 2289 4443; x_wconf 75' lang='lat' dir='ltr'><strong>agnoscentes</strong></span> <span class='ocrx_word' id='word_1_591' title='bbox 2317 4375 2637 4444; x_wconf 90' lang='lat' dir='ltr'><strong>potentiam.</strong></span> 
     </span>
    </p>
   </div>
   <div class='ocr_carea' id='block_1_99' title="bbox 1994 4463 3509 4539">
    <p class='ocr_par' dir='ltr' id='par_1_99' title="bbox 1994 4463 3509 4539">
     <span class='ocr_line' id='line_1_99' title="bbox 1994 4463 3509 4539; baseline 0.013 -21"><span class='ocrx_word' id='word_1_592' title='bbox 1994 4463 2135 4531; x_wconf 88' lang='lat' dir='ltr'><strong>Quid</strong></span> <span class='ocrx_word' id='word_1_593' title='bbox 2167 4464 2311 4519; x_wconf 91' lang='lat' dir='ltr'><strong>inter</strong></span> <span class='ocrx_word' id='word_1_594' title='bbox 2361 4474 2609 4523; x_wconf 90' lang='lat' dir='ltr'><strong>mortuos</strong></span> <span class='ocrx_word' id='word_1_595' title='bbox 2640 4469 2887 4539; x_wconf 70' lang='lat' dir='ltr'><strong>quaeritis</strong></span> <span class='ocrx_word' id='word_1_596' title='bbox 2939 4474 3066 4530; x_wconf 53' lang='lat' dir='ltr'><strong>vita</strong></span> <span class='ocrx_word' id='word_1_597' title='bbox 3116 4486 3398 4535; x_wconf 86' lang='lat' dir='ltr'><strong>auctorem</strong></span> <span class='ocrx_word' id='word_1_598' title='bbox 3455 4492 3509 4538; x_wconf 91' lang='lat' dir='ltr'><strong>ct</strong></span> 
     </span>
    </p>
   </div>
   <div class='ocr_carea' id='block_1_100' title="bbox 1844 4554 3505 4644">
    <p class='ocr_par' dir='ltr' id='par_1_100' title="bbox 1844 4554 3505 4644">
     <span class='ocr_line' id='line_1_100' title="bbox 1844 4554 3505 4644; baseline 0.013 -37"><span class='ocrx_word' id='word_1_599' title='bbox 1844 4554 2412 4627; x_wconf 77' lang='lat' dir='ltr'><strong>DDeum?Surrexit</strong></span> <span class='ocrx_word' id='word_1_600' title='bbox 2465 4560 2609 4614; x_wconf 85' lang='lat' dir='ltr'><strong>sicut</strong></span> <span class='ocrx_word' id='word_1_601' title='bbox 2646 4560 2823 4627; x_wconf 78' lang='lat' dir='ltr'><strong>dixit,</strong></span> <span class='ocrx_word' id='word_1_602' title='bbox 2886 4564 2962 4619; x_wconf 88' lang='lat' dir='ltr'><strong>ait</strong></span> <span class='ocrx_word' id='word_1_603' title='bbox 3025 4570 3253 4638; x_wconf 81' lang='lat' dir='ltr'><strong>angelus</strong></span> <span class='ocrx_word' id='word_1_604' title='bbox 3335 4573 3505 4644; x_wconf 80' lang='lat' dir='ltr'><strong>gloria</strong></span> 
     </span>
    </p>
   </div>
   <div class='ocr_carea' id='block_1_101' title="bbox 1913 4647 3289 4718">
    <p class='ocr_par' dir='ltr' id='par_1_101' title="bbox 1913 4647 3289 4718">
     <span class='ocr_line' id='line_1_101' title="bbox 1913 4647 3289 4718; baseline 0.009 -14"><span class='ocrx_word' id='word_1_605' title='bbox 1913 4648 2299 4718; x_wconf 85' lang='lat' dir='ltr'><strong>splendescens</strong></span> <span class='ocrx_word' id='word_1_606' title='bbox 2335 4647 2636 4707; x_wconf 83' lang='lat' dir='ltr'><strong>ferentibus</strong></span> <span class='ocrx_word' id='word_1_607' title='bbox 2662 4664 2909 4709; x_wconf 81' lang='lat' dir='ltr'><strong>aromata</strong></span> <span class='ocrx_word' id='word_1_608' title='bbox 2945 4658 3289 4717; x_wconf 82' lang='lat' dir='ltr'><strong>mulieribus.</strong></span> 
     </span>
    </p>
   </div>
   <div class='ocr_carea' id='block_1_102' title="bbox 1985 4739 3505 4822">
    <p class='ocr_par' dir='ltr' id='par_1_102' title="bbox 1985 4739 3505 4822">
     <span class='ocr_line' id='line_1_102' title="bbox 1985 4739 3505 4822; baseline 0.014 -29"><span class='ocrx_word' id='word_1_609' title='bbox 1985 4739 2273 4810; x_wconf 89' lang='lat' dir='ltr'><strong>Discipulis</strong></span> <span class='ocrx_word' id='word_1_610' title='bbox 2296 4742 2487 4798; x_wconf 89' lang='lat' dir='ltr'><strong>vivens</strong></span> <span class='ocrx_word' id='word_1_611' title='bbox 2517 4748 2844 4815; x_wconf 80' lang='lat' dir='ltr'><strong>apparuisti,</strong></span> <span class='ocrx_word' id='word_1_612' title='bbox 2893 4759 2947 4804; x_wconf 90' lang='lat' dir='ltr'><strong>et</strong></span> <span class='ocrx_word' id='word_1_613' title='bbox 2973 4766 3069 4820; x_wconf 91' lang='lat' dir='ltr'><strong>per</strong></span> <span class='ocrx_word' id='word_1_614' title='bbox 3092 4754 3361 4822; x_wconf 84' lang='lat' dir='ltr'><strong>plurimos</strong></span> <span class='ocrx_word' id='word_1_615' title='bbox 3388 4757 3505 4815; x_wconf 84' lang='lat' dir='ltr'><strong>dies</strong></span> 
     </span>
    </p>
   </div>
   <div class='ocr_carea' id='block_1_103' title="bbox 1913 4836 3499 4917">
    <p class='ocr_par' dir='ltr' id='par_1_103' title="bbox 1913 4836 3499 4917">
     <span class='ocr_line' id='line_1_103' title="bbox 1913 4836 3499 4917; baseline 0.014 -34"><span class='ocrx_word' id='word_1_616' title='bbox 1913 4842 2266 4887; x_wconf 83' lang='lat' dir='ltr'><strong>conversatus</strong></span> <span class='ocrx_word' id='word_1_617' title='bbox 2297 4847 2356 4888; x_wconf 92' lang='lat' dir='ltr'><strong>es</strong></span> <span class='ocrx_word' id='word_1_618' title='bbox 2399 4848 2523 4888; x_wconf 91' lang='lat' dir='ltr'><strong>cum</strong></span> <span class='ocrx_word' id='word_1_619' title='bbox 2549 4836 2678 4903; x_wconf 90' lang='lat' dir='ltr'><strong>illis,</strong></span> <span class='ocrx_word' id='word_1_620' title='bbox 2713 4852 2810 4894; x_wconf 90' lang='lat' dir='ltr'><strong>eos</strong></span> <span class='ocrx_word' id='word_1_621' title='bbox 2842 4840 2911 4896; x_wconf 88' lang='lat' dir='ltr'><strong>ad</strong></span> <span class='ocrx_word' id='word_1_622' title='bbox 2951 4841 3090 4901; x_wconf 84' lang='lat' dir='ltr'><strong>ﬁnes</strong></span> <span class='ocrx_word' id='word_1_623' title='bbox 3143 4853 3326 4917; x_wconf 67' lang='lat' dir='ltr'><strong>terrae,</strong></span> <span class='ocrx_word' id='word_1_624' title='bbox 3364 4848 3499 4907; x_wconf 88' lang='lat' dir='ltr'><strong>Ver-</strong></span> 
     </span>
    </p>
   </div>
   <div class='ocr_carea' id='block_1_104' title="bbox 1913 4925 2653 4999">
    <p class='ocr_par' dir='ltr' id='par_1_104' title="bbox 1913 4925 2653 4999">
     <span class='ocr_line' id='line_1_104' title="bbox 1913 4925 2653 4999; baseline 0.008 -21"><span class='ocrx_word' id='word_1_625' title='bbox 1913 4925 2061 4987; x_wconf 80' lang='lat' dir='ltr'><strong>bum,</strong></span> <span class='ocrx_word' id='word_1_626' title='bbox 2096 4927 2320 4982; x_wconf 74' lang='lat' dir='ltr'><strong>mittens</strong></span> <span class='ocrx_word' id='word_1_627' title='bbox 2350 4930 2653 4999; x_wconf 87' lang='lat' dir='ltr'><strong>apostolos.</strong></span> 
     </span>
    </p>
   </div>
   <div class='ocr_carea' id='block_1_105' title="bbox 1985 5015 3497 5104">
    <p class='ocr_par' dir='ltr' id='par_1_105' title="bbox 1985 5015 3497 5104">
     <span class='ocr_line' id='line_1_105' title="bbox 1985 5015 3497 5104; baseline 0.017 -37"><span class='ocrx_word' id='word_1_628' title='bbox 1985 5015 2270 5073; x_wconf 90' lang='lat' dir='ltr'><strong>Dominum</strong></span> <span class='ocrx_word' id='word_1_629' title='bbox 2319 5018 2487 5074; x_wconf 85' lang='lat' dir='ltr'><strong>Deum</strong></span> <span class='ocrx_word' id='word_1_630' title='bbox 2533 5036 2654 5091; x_wconf 77' lang='lat' dir='ltr'><strong>quae</strong></span> <span class='ocrx_word' id='word_1_631' title='bbox 2711 5026 2992 5097; x_wconf 81' lang='lat' dir='ltr'><strong>peperisti,</strong></span> <span class='ocrx_word' id='word_1_632' title='bbox 3032 5043 3068 5085; x_wconf 94' lang='lat' dir='ltr'><strong>o</strong></span> <span class='ocrx_word' id='word_1_633' title='bbox 3123 5028 3313 5104; x_wconf 77' lang='lat' dir='ltr'><strong>Virgo,</strong></span> <span class='ocrx_word' id='word_1_634' title='bbox 3365 5035 3497 5091; x_wconf 66' lang='lat' dir='ltr'><strong>vita</strong></span> 
     </span>
    </p>
   </div>
   <div class='ocr_carea' id='block_1_106' title="bbox 1909 5108 3499 5184">
    <p class='ocr_par' dir='ltr' id='par_1_106' title="bbox 1909 5108 3499 5184">
     <span class='ocr_line' id='line_1_106' title="bbox 1909 5108 3499 5184; baseline 0.016 -25"><span class='ocrx_word' id='word_1_635' title='bbox 1909 5108 2214 5179; x_wconf 82' lang='lat' dir='ltr'><strong>mortisque</strong></span> <span class='ocrx_word' id='word_1_636' title='bbox 2256 5112 2604 5181; x_wconf 74' lang='lat' dir='ltr'><strong>magistrum,</strong></span> <span class='ocrx_word' id='word_1_637' title='bbox 2659 5115 2793 5172; x_wconf 84' lang='lat' dir='ltr'><strong>doce</strong></span> <span class='ocrx_word' id='word_1_638' title='bbox 2825 5132 2926 5175; x_wconf 90' lang='lat' dir='ltr'><strong>nos</strong></span> <span class='ocrx_word' id='word_1_639' title='bbox 2965 5119 3269 5180; x_wconf 88' lang='lat' dir='ltr'><strong>imbecilles</strong></span> <span class='ocrx_word' id='word_1_640' title='bbox 3322 5124 3499 5184; x_wconf 86' lang='lat' dir='ltr'><strong>hostis</strong></span> 
     </span>
    </p>
   </div>
   <div class='ocr_carea' id='block_1_107' title="bbox 1909 5195 2377 5266">
    <p class='ocr_par' dir='ltr' id='par_1_107' title="bbox 1909 5195 2377 5266">
     <span class='ocr_line' id='line_1_107' title="bbox 1909 5195 2377 5266; baseline 0.011 -17"><span class='ocrx_word' id='word_1_641' title='bbox 1909 5195 2095 5266; x_wconf 81' lang='lat' dir='ltr'><strong>fugere</strong></span> <span class='ocrx_word' id='word_1_642' title='bbox 2124 5196 2377 5254; x_wconf 85' lang='lat' dir='ltr'><strong>insidias.</strong></span> 
     </span>
    </p>
   </div>
   <div class='ocr_carea' id='block_1_108' title="bbox 1976 5305 3494 5438">
    <p class='ocr_par' dir='ltr' id='par_1_108' title="bbox 1976 5305 3494 5438">
     <span class='ocr_line' id='line_1_108' title="bbox 1976 5305 3494 5438; baseline 0.013 -76"><span class='ocrx_word' id='word_1_643' title='bbox 1976 5305 2204 5362; x_wconf 80' lang='lat' dir='ltr'><strong>Sanctus</strong></span> <span class='ocrx_word' id='word_1_644' title='bbox 2224 5322 2376 5378; x_wconf 79' lang='lat' dir='ltr'><strong>quem</strong></span> <span class='ocrx_word' id='word_1_645' title='bbox 2429 5309 2899 5438; x_wconf 47' lang='lat' dir='ltr'><strong>genuistiwlv‘itius</strong></span> <span class='ocrx_word' id='word_1_646' title='bbox 2934 5333 3047 5374; x_wconf 79' lang='lat' dir='ltr'><strong>sese</strong></span> <span class='ocrx_word' id='word_1_647' title='bbox 3080 5318 3249 5376; x_wconf 80' lang='lat' dir='ltr'><strong>Deum</strong></span> <span class='ocrx_word' id='word_1_648' title='bbox 3307 5331 3494 5380; x_wconf 80' lang='lat' dir='ltr'><strong>osten-</strong></span> 
     </span>
     <span class='ocr_line' id='line_1_109' title="bbox 2700 5396 2759 5438; baseline 0.034 -2"><span class='ocrx_word' id='word_1_649' title='bbox 2700 5396 2759 5438; x_wconf 84' lang='lat' dir='ltr'><strong>tt.</strong></span> 
     </span>
    </p>
   </div>
   <div class='ocr_carea' id='block_1_109' title="bbox 2700 5396 2759 5438">
    <p class='ocr_par' dir='ltr' id='par_1_109' title="bbox 2700 5396 2759 5438">
     <span class='ocr_line' id='line_1_110' title="bbox 2700 5396 2759 5438; baseline 0.034 -2"><span class='ocrx_word' id='word_1_650' title='bbox 2700 5396 2759 5438; x_wconf 76' lang='grc' dir='ltr'><strong>ιι.</strong></span> 
     </span>
    </p>
   </div>
   <div class='ocr_carea' id='block_1_110' title="bbox 1973 5488 3489 5577">
    <p class='ocr_par' dir='ltr' id='par_1_110' title="bbox 1973 5488 3489 5577">
     <span class='ocr_line' id='line_1_111' title="bbox 1973 5488 3489 5577; baseline 0.014 -36"><span class='ocrx_word' id='word_1_651' title='bbox 1973 5488 2255 5547; x_wconf 82' lang='lat' dir='ltr'><strong>Exaltatus</strong></span> <span class='ocrx_word' id='word_1_652' title='bbox 2289 5490 2441 5549; x_wconf 82' lang='lat' dir='ltr'><strong>fuisti</strong></span> <span class='ocrx_word' id='word_1_653' title='bbox 2474 5496 2527 5551; x_wconf 94' lang='lat' dir='ltr'><strong>in</strong></span> <span class='ocrx_word' id='word_1_654' title='bbox 2567 5513 2810 5562; x_wconf 88' lang='lat' dir='ltr'><strong>crucem,</strong></span> <span class='ocrx_word' id='word_1_655' title='bbox 2844 5500 2896 5554; x_wconf 90' lang='lat' dir='ltr'><strong>in</strong></span> <span class='ocrx_word' id='word_1_656' title='bbox 2925 5516 3035 5556; x_wconf 89' lang='lat' dir='ltr'><strong>uno</strong></span> <span class='ocrx_word' id='word_1_657' title='bbox 3066 5504 3281 5572; x_wconf 88' lang='lat' dir='ltr'><strong>positus</strong></span> <span class='ocrx_word' id='word_1_658' title='bbox 3304 5507 3489 5577; x_wconf 86' lang='lat' dir='ltr'><strong>sepul-</strong></span> 
     </span>
    </p>
   </div>
   <div class='ocr_carea' id='block_1_111' title="bbox 1901 5580 3492 5658">
    <p class='ocr_par' dir='ltr' id='par_1_111' title="bbox 1901 5580 3492 5658">
     <span class='ocr_line' id='line_1_112' title="bbox 1901 5580 3492 5658; baseline 0.014 -25"><span class='ocrx_word' id='word_1_659' title='bbox 1901 5594 2017 5643; x_wconf 85' lang='lat' dir='ltr'><strong>cro,</strong></span> <span class='ocrx_word' id='word_1_660' title='bbox 2054 5580 2178 5636; x_wconf 90' lang='lat' dir='ltr'><strong>inde</strong></span> <span class='ocrx_word' id='word_1_661' title='bbox 2196 5596 2320 5637; x_wconf 89' lang='lat' dir='ltr'><strong>cum</strong></span> <span class='ocrx_word' id='word_1_662' title='bbox 2352 5585 2525 5656; x_wconf 80' lang='lat' dir='ltr'><strong>gloria</strong></span> <span class='ocrx_word' id='word_1_663' title='bbox 2554 5603 2811 5658; x_wconf 82' lang='lat' dir='ltr'><strong>surgens,</strong></span> <span class='ocrx_word' id='word_1_664' title='bbox 2869 5593 3052 5648; x_wconf 90' lang='lat' dir='ltr'><strong>omnia</strong></span> <span class='ocrx_word' id='word_1_665' title='bbox 3083 5595 3301 5652; x_wconf 79' lang='lat' dir='ltr'><strong>traxisti</strong></span> <span class='ocrx_word' id='word_1_666' title='bbox 3335 5597 3402 5652; x_wconf 87' lang='lat' dir='ltr'><strong>ad</strong></span> <span class='ocrx_word' id='word_1_667' title='bbox 3438 5608 3492 5656; x_wconf 90' lang='lat' dir='ltr'><strong>te</strong></span> 
     </span>
    </p>
   </div>
   <div class='ocr_carea' id='block_1_112' title="bbox 1901 5666 3303 5741">
    <p class='ocr_par' dir='ltr' id='par_1_112' title="bbox 1901 5666 3303 5741">
     <span class='ocr_line' id='line_1_113' title="bbox 1901 5666 3303 5741; baseline 0.014 -21"><span class='ocrx_word' id='word_1_668' title='bbox 1901 5666 2078 5737; x_wconf 86' lang='lat' dir='ltr'><strong>ipsum</strong></span> <span class='ocrx_word' id='word_1_669' title='bbox 2110 5688 2125 5726; x_wconf 89' lang='lat'><strong>:</strong></span> <span class='ocrx_word' id='word_1_670' title='bbox 2160 5670 2367 5728; x_wconf 89' lang='lat' dir='ltr'><strong>idcirco</strong></span> <span class='ocrx_word' id='word_1_671' title='bbox 2397 5682 2451 5729; x_wconf 89' lang='lat' dir='ltr'><strong>te</strong></span> <span class='ocrx_word' id='word_1_672' title='bbox 2480 5677 2823 5736; x_wconf 82' lang='lat' dir='ltr'><strong>celebramus</strong></span> <span class='ocrx_word' id='word_1_673' title='bbox 2870 5681 3303 5741; x_wconf 78' lang='lat' dir='ltr'><strong>henel‘actorem.</strong></span> 
     </span>
    </p>
   </div>
   <div class='ocr_carea' id='block_1_113' title="bbox 1972 5755 3491 5844">
    <p class='ocr_par' dir='ltr' id='par_1_113' title="bbox 1972 5755 3491 5844">
     <span class='ocr_line' id='line_1_114' title="bbox 1972 5755 3491 5844; baseline 0.014 -35"><span class='ocrx_word' id='word_1_674' title='bbox 1972 5755 2267 5828; x_wconf 85' lang='lat' dir='ltr'><strong>Lacrymas</strong></span> <span class='ocrx_word' id='word_1_675' title='bbox 2302 5759 2659 5822; x_wconf 67' lang='lat' dir='ltr'><strong>tundentibus</strong></span> <span class='ocrx_word' id='word_1_676' title='bbox 2692 5769 2835 5822; x_wconf 84' lang='lat' dir='ltr'><strong>sicut</strong></span> <span class='ocrx_word' id='word_1_677' title='bbox 2858 5784 3128 5839; x_wconf 85' lang='lat' dir='ltr'><strong>aromata,</strong></span> <span class='ocrx_word' id='word_1_678' title='bbox 3161 5776 3491 5844; x_wconf 73' lang='lat' dir='ltr'><strong>angelusdi-</strong></span> 
     </span>
    </p>
   </div>
   <div class='ocr_carea' id='block_1_114' title="bbox 1902 5848 3477 5939">
    <p class='ocr_par' dir='ltr' id='par_1_114' title="bbox 1902 5848 3477 5939">
     <span class='ocr_line' id='line_1_115' title="bbox 1902 5848 3477 5939; baseline 0.014 -38"><span class='ocrx_word' id='word_1_679' title='bbox 1902 5848 1978 5902; x_wconf 78' lang='lat' dir='ltr'><strong>xit</strong></span> <span class='ocrx_word' id='word_1_680' title='bbox 2008 5850 2367 5910; x_wconf 86' lang='lat' dir='ltr'><strong>mulieribus:</strong></span> <span class='ocrx_word' id='word_1_681' title='bbox 2400 5853 2512 5911; x_wconf 90' lang='lat' dir='ltr'><strong>Cur</strong></span> <span class='ocrx_word' id='word_1_682' title='bbox 2540 5856 2721 5913; x_wconf 81' lang='lat' dir='ltr'><strong>vivunt</strong></span> <span class='ocrx_word' id='word_1_683' title='bbox 2753 5859 2895 5916; x_wconf 89' lang='lat' dir='ltr'><strong>inter</strong></span> <span class='ocrx_word' id='word_1_684' title='bbox 2919 5872 3167 5921; x_wconf 81' lang='lat' dir='ltr'><strong>mortuos</strong></span> <span class='ocrx_word' id='word_1_685' title='bbox 3201 5868 3255 5921; x_wconf 88' lang='lat' dir='ltr'><strong>in</strong></span> <span class='ocrx_word' id='word_1_686' title='bbox 3296 5868 3477 5939; x_wconf 82' lang='lat' dir='ltr'><strong>sepul-</strong></span> 
     </span>
    </p>
   </div>
  </div>
