4250 6442
350 340 455 402 3θύ
467 339 486 400 ι

785 451 1032 522 Ἐξέστη
1068 455 1138 510 τὰ
1177 457 1523 526 σύμπαντα.

418 548 819 618 Δεσμούμενος,
852 551 1120 616 Δέσποτα,
1176 555 1272 606 καὶ
1304 555 1446 626 ξύλῳ
1475 557 1940 628 προσηὶούμενος,

347 642 546 707 ἔλυσας
595 645 813 715 δεσμῶν
870 664 937 715 με
991 649 1289 719 ἁμαρτίας,
1325 652 1418 704 καὶ
1446 655 1510 722 τῇ
1563 655 1753 726 ἀγάπῃ
1775 657 1840 725 τῇ
1873 656 1940 724 σῇ

350 737 715 806 προσήλωσας
762 753 773 765 ·
804 737 927 790 ὅθεν
949 739 1289 810 εὐχαρίστως
1320 760 1413 796 σου
1446 744 1600 814 ὑμνῶ
1626 747 1725 814 τὴν
1762 761 1936 815 μεγα-

347 828 598 898 λειότητα
632 830 726 881 καὶ
757 833 857 899 τὴν
880 831 1156 902 ἄφραστον
1196 834 1445 903 δύναμιν.

429 920 490 972 ’0
525 921 693 974 πάλαι
723 922 1052 992 κατάκριτος
1085 923 1258 993 ’Δδὰμ
1291 926 1648 994 ἐπιφανέντος
1682 946 1798 995 σου,
1830 930 1944 984 Σῶ-

348 1029 465 1084 τερ,
501 1015 559 1066 ἐν
593 1015 672 1082 τῷ
708 1015 832 1087 ᾄδῃ,
881 1016 1130 1086 ἀπελύθη
1185 1019 1286 1087 τῆς
1334 1019 1634 1089 καταδίκης
1680 1021 1790 1075 τῶν
1840 1024 1938 1078 τοῦ

351 1103 584 1157 θανάτου
619 1106 834 1173 δεσμῶν
855 1125 866 1136 ·
895 1106 1032 1170 Δόξα
1056 1111 1118 1176 τῇ
1155 1108 1323 1176 πολλῇ
1351 1125 1467 1174 σου,
1503 1108 1733 1174 ἐκϐοῶν,
1766 1112 1930 1181 Λόγε,

349 1195 673 1266 ἀγαθότητι.
710 1198 888 1265 ’Ῑησσῦ
915 1199 1192 1251 πολυέλεε.

415 1289 650 1352 Ξενίζων
671 1291 963 1344 ὰπτάνεται
1008 1294 1125 1354 ταῖς
1176 1290 1419 1357 γυναιξὶν
1449 1294 1476 1345 ὀ
1515 1293 1745 1360 ἄγγελος
1796 1297 1942 1351 ἔνδον

349 1379 714 1448 καθεζόμενος
744 1381 837 1433 τοῦ
891 1383 1082 1449 τάφου,
1116 1383 1208 1434 καὶ
1246 1384 1610 1452 προσεφώνει,
1659 1387 1790 1439 Τίνα
1835 1391 1940 1456 ἀφ-

353 1468 536 1521 ίκεσθε
570 1470 788 1540 ὄρθριαι
823 1470 1082 1539 ζητοῦσαι
1116 1489 1130 1535 ;
1161 1475 1188 1525 ὁ
1237 1474 1471 1542 Χριστὸς
1503 1474 1603 1545 ἤδη
1645 1478 1942 1549 ἐξεγήγερ·

346 1573 438 1608 ται
480 1556 764 1610 θανατώσα
830 1561 920 1610 τὴν
949 1561 1191 1614 Γἀναιτον.

431 1649 587 1715 Ἃγία
621 1650 951 1719 πανάμωμε,
983 1651 1071 1704 τὸν
1106 1654 1162 1704 ἐν
1193 1653 1566 1722 ἁγίονςἋγιον
1593 1657 1941 1712 ἐπαναπαυόο

351 1757 513 1809 μενον
555 1743 808 1804 τεκοῦσα,
843 1741 1027 1794 τοῦτον
1056 1743 1132 1804 ὡς
1166 1739 1305 1807 εἶδες
1333 1747 1396 1798 ὲκ
1443 1749 1615 1818 τάφου
1650 1749 1942 1818 λάμψαντα

1799 357 2184 421 ΤΙὶΙΟΒΙΠΜ
2202 407 2217 422 .

1973 471 2022 526 Α

3497 369 3636 436 3062

2595 476 2691 531 Om
2701 478 2790 530 nia
2821 478 3081 532 abierunt.

2127 565 2357 621 Vinctus
2400 574 2455 621 et
2486 565 2680 622 allixus
2706 567 2882 629 cruci,
2922 568 3168 631 Domine,
3209 567 3453 623 liberasti
3482 585 3566 623 me
3602 583 3634 624 α

2055 659 2290 712 vinculis
2343 668 2717 727 peccatorum,
2777 659 3188 726 devinxistique
3247 659 3341 711 tibi
3407 661 3632 712 vinculo

2051 750 2338 806 cliaritatis
2358 761 2500 805 tum:
2536 766 2743 804 memor
2766 751 2974 804 ideirco
2995 749 3456 820 magniﬁcentiam
3483 763 3633 804 tuam

2053 841 2218 897 laudo
2256 848 2310 894 et
2372 839 2700 893 ineiTabilem
2737 839 3054 907 potentiam.

2127 935 2296 990 \‘etus
2327 935 2495 986 Adam
2527 933 2653 985 olim
2693 932 2981 984 damnatus
3039 939 3114 992 te,
3147 928 3434 992 Salvator,
3466 929 3632 980 σπινθη-

2051 1025 2236 1078 nieute
2267 1024 2320 1076 in
2352 1022 2557 1075 inferos
2600 1021 2817 1075 solutus
2852 1026 2936 1072 est
2966 1033 2994 1071 a
3028 1019 3266 1072 vinculis
3319 1018 3632 1070 d'anmatio-

2051 1117 2138 1170 nis
2183 1125 2236 1169 et
2274 1117 2491 1178 mortis,
2533 1127 2730 1181 magna
2770 1125 2902 1165 voce
2954 1110 3292 1179 gloriﬁcaus,
3333 1125 3366 1161 ο
3413 1109 3631 1163 Christe

2050 1207 2207 1262 valde
2237 1208 2572 1265 misericors,
2601 1203 2897 1257 bonitatem
2923 1210 3072 1256 luam
3107 1219 3383 1273 magnam.

2123 1298 2428 1368 Stupendus
2464 1297 2715 1366 apparuit
2755 1297 2980 1362 angelus
3014 1297 3334 1350 mulieribus
3392 1297 3442 1349 in
3488 1296 3632 1350 inte-

2051 1391 2179 1444 t'iori
2201 1391 2400 1445 sedens
2431 1396 2808 1444 monumento.
2847 1388 2938 1454 qui
2971 1385 3108 1437 dixit
3133 1387 3213 1438 eis
3257 1403 3271 1438 :
3316 1385 3486 1450 Quem
3536 1403 3631 1439 ve-

2051 1485 2210 1538 nistis
2256 1498 2414 1536 mane
2462 1478 2816 1550 quaerentes?
2849 1477 3140 1542 Christus,
3178 1477 3358 1531 occisa
3413 1486 3586 1532 morte
3613 1517 3628 1542 ,

2049 1575 2368 1630 resurrexit.

2123 1669 2324 1721 Sancta
2394 1665 2728 1732 omninoque
2769 1678 2927 1734 pura,
2976 1662 3238 1718 Sanctum
3306 1675 3629 1718 sanctorum

2048 1757 2306 1829 peperisti
2326 1756 2686 1810 dormientem
2719 1755 2770 1808 in
2802 1753 3087 1823 sepulcro;
3123 1770 3245 1807 cum
3277 1756 3418 1808 hunc
3447 1756 3632 1809 vidisti

349 1833 606 1904 καθάπερ
634 1835 866 1904 νυμφίον
894 1837 958 1888 ἐκ
989 1835 1221 1900 παστοῦ,
1252 1837 1443 1908 ὕμνοις
1473 1842 1811 1911 ἐμεγάλυνες
1843 1845 1942 1915 τὴν

2049 1861 2361 1920 surgentem
2407 1864 2439 1903 e
2497 1849 2708 1902 tumulo
2757 1848 2914 1916 quasi
2987 1863 3225 1916 sponsus
3287 1863 3316 1902 e
3358 1849 3626 1914 thalamo,

347 1925 514 1977 αὐτοῦ
543 1929 973 1994 συγκαταῦασιν.

651 2022 877 2087 Παῖδας
907 2025 1144 2093 εὐαγεῖς
1176 2025 1246 2080 ἐν
1273 2027 1346 2094 τῇ
1380 2029 1656 2094 καμι’νῴ.τ

419 2115 604 2185 Τὴνέν
637 2119 715 2187 τῷ
756 2120 928 2191 Ἀδὰμ
955 2123 1396 2194 ἅμαυρωθείσαν,
1436 2125 1811 2194 φιλάνθρευπε.
1841 2125 1943 2194 φῦο

348 2224 432 2263 σιν
463 2213 866 2284 ἀνακτώμενος,
899 2219 1107 2282 ἔτεινας
1139 2219 1401 2289 παλάμας
1431 2238 1523 2273 σου
1560 2221 1702 2292 ξύλῳ
1757 2240 1935 2292 προσ·-

348 2303 673 2373 ηλούμενος,
702 2309 795 2361 καὶ
828 2309 927 2380 τὴν
961 2311 1202 2379 πλευρὰν
1232 2313 1329 2380 τὴν
1356 2314 1624 2384 ἄχραντον
1659 2315 1939 2383 ἐξορυττό-

350 2412 509 2465 μενος
547 2416 560 2430 ·
585 2399 664 2452 διό
697 2419 790 2454 σου
821 2402 920 2474 τὴν
954 2404 1157 2473 πολλὴν
1201 2405 1604 2476 εύσπλαγχνίαν
1645 2406 1938 2477 ἀνυμνολο-

347 2488 552 2557 γοῦμεν
585 2494 667 2555 εἰς
695 2494 897 2557 πάντας
920 2497 1046 2559 τοὺς
1079 2497 1307 2560 αἰῶνας.

428 2579 517 2642 Ὧς
543 2582 737 2653 ἔϐλεψε
761 2586 912 2638 κάτω
943 2603 1000 2638 σε
1031 2587 1058 2638 ὀ
1090 2588 1224 2657 ᾅδης
1253 2588 1581 2643 σκυλεύοντα
1625 2590 1819 2643 τούτου
1872 2592 1940 2644 τὰ

350 2672 618 2741 βασίλεια,
653 2675 746 2738 οὓς
768 2678 933 2730 πάλαι
965 2680 1212 2739 κατέπιε.
1245 2681 1398 2751 φόϐῳ
1422 2699 1516 2734 σου
1557 2683 1938 2752 νεκρούμενος,

347 2769 577 2837 νεκροὺς
617 2770 788 2824 ἐδίδου
836 2771 1118 2839 ἅπαντας,
1169 2775 1331 2842 Λόγε,
1357 2776 1792 2846 κραυγάζοντας,
1828 2779 1935 2831 Τὸν

350 2859 555 2927 Κύριον
577 2862 818 2930 ὑμνεῖτε,
844 2867 910 2916 τὰ
930 2864 1086 2934 ἔργα.

420 2952 761 3022 Θρηνούσαις
795 2955 924 3008 ἐϐόα
964 2957 1297 3028 μυροφόροις
1334 2959 1414 3028 τῷ
1457 2959 1592 3028 λίθῳ
1635 2959 1943 3030 καθήμενος

345 3043 375 3094 ὁ
402 3034 660 3109 άγγελοςλ
679 3045 877 3115 Δρόμῳ
897 3047 1272 3114 ἀπαγγείλατε
1307 3050 1581 3120 μαθηταῖς
1607 3050 1705 3120 τὴν
1723 3050 1942 3118 ἔγερσιν

350 3134 441 3186 τοῦ
475 3128 736 3197 ξωοδότου
772 3137 910 3207 ’ἤδη
939 3140 1046 3208 γὰρ
1089 3140 1258 3202 ὅντως
1305 3136 1622 3210 ἐγήγερται,
1681 3141 1774 3194 τοῦ
1813 3134 1942 3212 ᾇδου

349 3225 596 3279 καθελὼν
621 3229 931 3297 τυραννίδα,
970 3231 1181 3286 καὶτοῦ
1215 3233 1463 3286 διαϐόλου
1501 3235 1798 3302 συντρίψας
1843 3235 1942 3304 τὴν

351 3334 572 3372 κακιαν.

422 3410 561 3465 Ἕνα
581 3413 680 3480 μὲν
709 3413 919 3476 δοξάζω
952 3415 1015 3484 τῇ
1051 3411 1214 3485 οὐσία
1247 3415 1476 3486 Τριάδα,
1511 3418 1768 3488 κηρύττω
1792 3417 1942 3488 τρισὶ

349 3503 668 3571 προσώποις
697 3506 751 3558 δὲ
776 3507 875 3577 τὴν
900 3508 1030 3576 μίαν
1047 3507 1297 3576 θεότητα,
1325 3509 1544 3581 Πατέρα
1573 3512 1666 3564 τὸν
1684 3513 1942 3582 ἄναρχον,

350 3595 503 3656 Υίδν,
533 3597 629 3648 καὶ
659 3596 885 3666 Πνεῦμα
906 3596 1063 3666 ἅγιον
1091 3613 1105 3628 ⁶
1137 3599 1276 3669 βοῶν
1304 3601 1586 3667 ἑκάστοτε,
1609 3603 1714 3656 Τὸν
1737 3604 1945 3674 Κύριον

353 3685 599 3752 ὑμνεῖτε,
627 3686 695 3739 τὰ
719 3686 878 3756 ἔργα.

435 3778 522 3838 Ὠς
558 3777 712 3846 ὤφθη
776 3779 910 3842 Θεὸς
970 3783 1036 3833 ἐκ
1072 3779 1190 3844 σοῦ,
1252 3781 1518 3851 Παρθένε,
1553 3781 1628 3851 μὴ
1654 3782 1821 3845 λύσας
1850 3784 1946 3848 τῆς

349 3868 651 3939 παρθενίας
681 3869 818 3933 ὅλως
843 3871 1158 3941 σήμαντρα,
1198 3870 1372 3933 οὕτως
1402 3873 1769 3942 ἐξεγήγερται
1797 3874 1945 3927 λίθου

347 3962 419 4012 τα
442 3962 838 4030 σφραγίσματα
865 3963 1184 4016 καταλιπὼν
1214 3962 1510 4028 άσάλευτα,
1542 3964 1602 4016 ὃν
1650 3965 1947 4018 κατιδοῦσα

350 4054 526 4121 χαρᾶς
559 4052 840 4122 ἐπλήσθης
866 4053 1164 4120 εὐλογοῦσα
1213 4057 1314 4124 τὴν
1357 4053 1548 4108 τούτου
1599 4056 1750 4109 Θείαν
1790 4057 1948 4111 δυνα⁴

351 4144 538 4197 στείαν
567 4146 648 4208 είς
678 4145 888 4211 πάντας
915 4147 1044 4209 τοὺς
1077 4145 1304 4209 αἰῶνας.

917 4237 1104 4304 Ἅπας
1133 4238 1415 4307 γηγενής.

425 4329 572 4380 Ἀνω
606 4327 845 4381 ἀνελθὼν
882 4329 963 4392 είς
1010 4328 1165 4398 ὕψος,
1213 4330 1563 4400 μακρόθυμε,
1630 4330 1952 4396 ἐθελουσίως

351 4427 610 4489 σταυροῦ,
644 4419 904 4483 εἱλκυσας
926 4419 1020 4472 τὸν
1045 4420 1332 4490 ἄνθρωπον
1372 4423 1438 4474 ἐκ
1493 4423 1601 4476 τῶν
1652 4423 1947 4495 βαράθρων

2049 1943 2381 2013 speciosum,
2421 1941 2654 2010 hymnos
2680 1937 2983 1991 decantasti
3013 1939 3404 1993 misericordia:
3435 1940 3576 2008 ejus.

2471 2032 2656 2088 Sancti
2688 2035 2838 2102 pueri
2866 2035 2916 2086 in
2944 2035 3174 2086 camino.

2108 2126 2400 2182 Hominum
2425 2126 2578 2180 valde
2605 2140 2795 2180 amans
2814 2125 3107 2181 extendisti
3141 2124 3432 2178 bracliiain
3468 2137 3634 2179 crure

2048 2221 2136 2274 cui
2175 2219 2348 2274 clavis
2380 2217 2570 2272 allixus
2591 2226 2643 2269 et
2673 2209 2819 2269 latus
2850 2215 3114 2286 perforari
3140 2217 3347 2280 sinens,
3386 2223 3631 2268 nostram

2050 2312 2314 2381 reparasti
2365 2319 2615 2364 naturam
2685 2308 2890 2375 peccati
2927 2307 3118 2363 Adami
3163 2307 3283 2361 labe
3327 2305 3630 2366 infectam;

2050 2405 2171 2460 ideo
2219 2419 2316 2473 per
2372 2418 2532 2458 omne
2575 2386 2800 2457 saec-lum
2855 2399 3146 2455 laudamus
3198 2399 3631 2454 misericordiam

2051 2506 2198 2551 tuam
2236 2510 2507 2566 magnam.

2119 2588 2256 2643 Cum
2291 2587 2425 2641 vidit
2455 2595 2506 2642 te
2554 2584 2806 2640 infernus
2849 2599 3009 2640 suum
3081 2591 3411 2638 avertentem
3457 2581 3632 2650 impe-

2050 2683 2216 2746 rium,
2252 2695 2394 2749 quos
2421 2679 2550 2732 olim
2609 2687 2898 2732 voraverat
2950 2684 3199 2730 mortuos
3239 2674 3496 2736 reddidit,
3547 2673 3634 2727 di-

2050 2780 2270 2831 centes:
2315 2772 2598 2842 Verbum;
2665 2769 2840 2841 Opera
2900 2768 3113 2824 Domini
3160 2767 3466 2823 benedicite
3528 2766 3634 2822 Do-

2052 2867 2224 2921 mino.

2120 2959 2358 3029 Angelus
2388 2971 2557 3026 super
2587 2954 2926 3010 monumenti
2953 2961 3161 3023 petram
3188 2951 3407 3015 sedens,
3437 2951 3636 3006 clama-

2050 3050 2144 3104 bat
2183 3049 2441 3104 ﬂentibus
2475 3063 2599 3118 quae
2625 3046 2872 3102 ferebant
2898 3054 3142 3100 aromata
3170 3042 3637 3098 mulieribitste-

2051 3144 2320 3198 stinantes
2350 3141 2674 3196 annuntiate
2717 3139 3002 3208 discipulis
3021 3135 3478 3192 resurrectionem
3513 3135 3636 3190 vitae

2046 3233 2321 3288 auctoris:
2367 3247 2490 3287 vere
2519 3231 2660 3285 enim
2677 3229 3000 3294 resurrexit,
3046 3225 3391 3299 tyrannidem
3434 3225 3634 3280 inferni

2046 3323 2420 3391 malitiamque
2454 3320 2657 3375 diaboli
2689 3328 3004 3375 conterens.

2118 3415 2444 3468 Trinitatem
2500 3428 2664 3468 unam
2722 3411 2962 3466 essentia
3033 3410 3305 3482 gloriﬁeo,
3353 3413 3404 3464 in
3461 3410 3637 3466 triluts

2045 3508 2296 3576 personis
2320 3521 2485 3559 unam
2514 3504 2782 3560 conﬁteor
2821 3504 3188 3569 divinitatem,
3222 3511 3486 3558 aeternum
3534 3501 3637 3555 Pa-

2047 3609 2209 3664 trem,
2237 3599 2432 3652 Filium
2478 3608 2532 3652 et
2566 3599 2836 3667 Spiritum
2875 3605 3163 3661 sanctum;
3205 3597 3450 3650 clamans
3480 3595 3636 3649 inde-

2047 3690 2322 3745 sinenter:
2357 3686 2539 3759 Opera
2569 3689 2806 3753 Domini,
2841 3688 3148 3743 benedieite
3169 3688 3420 3742 Domino.

2119 3781 2276 3836 Sicut
2309 3781 2462 3837 visus
2486 3791 2571 3836 est
2614 3781 2760 3836 Deus
2819 3796 2879 3835 ex
2919 3790 2969 3835 te
3017 3796 3276 3842 nascens,
3315 3778 3500 3848 Virgo,
3551 3778 3638 3832 in-

2052 3881 2196 3930 tacta
2223 3874 2539 3944 virginitate
2598 3881 2711 3939 tua,
2770 3873 2851 3927 sic
2905 3873 3210 3927 resurrexit
3260 3873 3466 3926 intacto
3501 3871 3640 3939 lapi-

2050 3966 2132 4021 dis
2162 3965 2379 4036 sigillo;
2419 3980 2582 4034 quem
2637 3977 2761 4019 cum
2801 3965 2986 4018 vidisti
3017 3964 3222 4032 repleta
3243 3962 3444 4032 gaudio
3472 3963 3638 4016 liene-

2050 4058 2238 4113 dixisti
2270 4059 2604 4126 saeclumque
2636 4071 2734 4125 per
2765 4071 2929 4110 omne
2975 4055 3263 4110 benediccs
3299 4053 3541 4108 divinam
3573 4054 3640 4107 il-

2052 4147 2162 4202 lius
2184 4147 2507 4216 potentiam.

2537 4238 2724 4292 Omnis
2750 4238 2897 4308 ﬁlius
2931 4247 3120 4293 terrm.

2054 4405 2056 4408 ν
2125 4330 2447 4386 Voluntaria
2499 4345 2667 4399 super
2725 4344 2950 4385 crucem
3011 4339 3252 4393 erectus,
3303 4326 3640 4396 longanimis

2059 4416 2224 4487 Deus,
2267 4423 2507 4479 eduxisti
2538 4423 2817 4478 hominem
2852 4421 2920 4477 de
2971 4422 3271 4477 tenebroso
3318 4419 3642 4488 perditionis

347 4510 446 4576 τῆς
480 4507 761 4572 ἀπωλείας
811 4509 944 4578 πρὸς
987 4510 1104 4578 φῶς
1134 4526 1148 4541 θ
1206 4513 1528 4573 κατατεθεὶς
1581 4514 1639 4566 δὲ
1697 4517 1945 4586 μνήματι

2055 4531 2278 4570 carcere
2299 4514 2364 4569 ad
2390 4517 2593 4580 lucem,
2615 4529 2670 4569 et
2697 4516 2980 4583 depositus
3023 4514 3076 4567 in
3107 4513 3317 4565 tumqu
3349 4521 3428 4577 tu,
3480 4511 3643 4565 Clui-

349 4600 462 4670 ζωὴ
495 4602 778 4672 ὑπάρχων,
817 4604 1044 4673 Χριστὲ,
1074 4604 1202 4666 τοὺς
1228 4606 1288 4657 ὲν
1319 4604 1514 4671 τάφοις
1541 4607 1772 4678 ἤγειρας
1805 4609 1940 4662 καθ-

347 4693 623 4756 εύδοντας,
660 4697 724 4764 τῇ
748 4697 922 4765 σεπτῇ
956 4695 1048 4747 καὶ
1080 4695 1280 4765 ἐνδόξῳ
1312 4698 1532 4766 ὲγὲρσει
1561 4716 1677 4752 σου.

422 4786 586 4857 Μύρα
630 4804 711 4838 σοι
761 4787 923 4856 χορὸς
964 4789 1206 4854 γυναίων
1258 4789 1483 4858 ἐκόμιζε
1529 4790 1607 4859 τῷ
1664 4791 1766 4860 τῆς
1800 4791 1946 4862 ζωῆς

348 4879 596 4951 χορηγῷ·
624 4881 717 4932 καὶ
757 4881 1102 4950 κατανοήσας
1155 4897 1214 4932 σε
1277 4882 1673 4951 ἐγηγερμένον,
1706 4883 1945 4954 εὐηγγε-

349 4970 535 5023 λίσατο
571 4973 683 5034 τοῖς
733 4972 1006 5040 μαθηταῖς
1039 4973 1136 5042 τὴν
1183 4972 1402 5041 ἔγερσίν
1455 4991 1549 5025 σου
1588 4977 1947 5046 συνηγμένοις

347 5060 484 5130 ὁμοῦ
526 5061 622 5114 καὶ
676 5062 983 5127 πενθοῦσιν,
1048 5063 1243 5125 οἵτινες
1298 5064 1498 5127 ἰδόντες
1545 5083 1627 5131 σε,
1664 5069 1947 5138 φωτισμοῦ

353 5155 445 5204 καὶ
477 5153 652 5222 χαρᾶς
678 5154 1110 5223 ἐπληρώθησαν.

420 5239 576 5292 ’Ἥλιε
604 5242 826 5311 Χριστὲ,
854 5243 909 5294 ἐν
959 5244 1057 5314 ᾄδῃ
1104 5245 1396 5313 γενόμενος
1454 5248 1592 5315 μετὰ
1638 5247 1819 5318 ψυχῆς
1866 5249 1939 5311 ὡς

348 5333 501 5397 0-6;,
571 5338 684 5396 τοῖς
735 5336 852 5388 ἐκεῖ
892 5337 1213 5389 καθεύδουσι
1289 5340 1690 5408 πεπεδημένοις
1739 5342 1804 5393 ἐκ
1854 5343 1947 5394 τοῦ

347 5426 544 5488 αἰῶνος
581 5427 642 5478 τὸ
673 5428 789 5496 φῶς
821 5428 881 5480 τὸ
907 5429 995 5482 σὸν
1023 5431 1264 5498 φαιδρῶς
1296 5431 1621 5500 ἐπέλαμψας
1654 5448 1666 5461 ο
1717 5432 1812 5484 καὶ
1861 5433 1950 5496 ἐξ·

347 5519 653 5588 ανέστησας
708 5523 774 5591 τῇ
833 5522 966 5592 ἁγία
1040 5523 1266 5586 τούτους
1339 5521 1634 5577 ἀναστάσει
1684 5541 1801 5588 σου,
1861 5525 1952 5578 ἅν-

348 5610 652 5678 υμνοῦντας
686 5612 782 5684 τὴν
823 5613 922 5684 σὴν
955 5615 1382 5683 συγκατάϐασιν.

422 5701 672 5772 Νεύματι
699 5705 760 5757 τὸ
781 5707 910 5765 πᾶν,
943 5707 1203 5777 Παρθένε,
1229 5708 1320 5759 τὸν
1352 5709 1585 5776 φέροντα
1619 5709 1752 5763 Θεὸν
1793 5710 1952 5780 ἐκύηο

348 5810 472 5860 σας,
501 5795 785 5866 ἄνθρωπον
823 5797 1116 5866 γενὸιιῖνον
1158 5797 1226 5851 δι’
1284 5800 1708 5870 εὐσπλαγχνίαν,
1749 5804 1950 5868 6:911-

2047 4616 2149 4673 ste,
2178 4608 2270 4677 qui
2302 4622 2362 4662 es
2401 4606 2534 4671 vita,
2603 4605 3010 4660 resurrectione
3047 4613 3138 4657 tua
3173 4604 3410 4670 gloriosa
3450 4616 3644 4656 omnes

2047 4698 2330 4752 suscitasti
2366 4698 2704 4752 dormientes
2739 4697 2791 4749 in
2825 4697 3114 4764 sepulcris.

2120 4789 2266 4854 Tibi,
2289 4804 2319 4841 a
2341 4802 2451 4858 quo
2477 4788 2638 4843 nobis
2663 4788 2794 4852 vita,
2815 4798 3067 4840 aromata
3104 4785 3208 4841 fert
3234 4787 3300 4840 ad
3327 4791 3640 4854 ungendum

2049 4878 2344 4932 mulierum
2409 4877 2640 4940 chorus,
2685 4876 3162 4943 consideransque
3224 4875 3353 4944 quia
3399 4890 3644 4929 resurre-

2050 4985 2228 5030 ιρι-τις,
2269 4967 2541 5022 nuntiavit
2576 4969 2860 5037 discipulis
2894 4968 2947 5019 in
2989 4982 3156 5019 llllllm
3201 4966 3548 5035 congregatis
3591 4977 3646 5020 et

2049 5056 2338 5122 desolatis,
2368 5057 2518 5127 quod
2543 5056 2832 5111 audientes
2869 5055 3163 5110 illuminati
3197 5065 3327 5110 sunt
3352 5070 3413 5108 ac
3449 5055 3642 5124 repleti

2051 5146 2271 5217 gaudio.

2119 5240 2338 5294 Christe
2372 5240 2455 5294 sol
2489 5254 2792 5302 vere,cum
2844 5240 2898 5294 in
2953 5239 3228 5294 infernum
3275 5254 3400 5293 cum
3458 5239 3638 5291 anima

2053 5331 2396 5399 pervenisses
2428 5338 2486 5382 ut
2528 5329 2692 5396 Deus,
2723 5331 2845 5384 luce
2889 5340 2979 5384 tua
3012 5331 3333 5383 illuminasti
3366 5329 3644 5382 dormien—

2058 5434 2141 5476 tes
2183 5421 2270 5477 ltic
2327 5422 2577 5492 captivos
2607 5437 2635 5475 a
2663 5423 2964 5486 smculis,et
3007 5429 3197 5475 sancta
3249 5431 3339 5474 tua
3392 5433 3641 5476 resurre-

2052 5515 2233 5569 ctione
2265 5515 2364 5569 ltos
2400 5513 2678 5570 suscitasti
2709 5522 2885 5569 tecum
2929 5521 3076 5565 tuam
3098 5512 3478 5566 eollaudantes
3541 5510 3644 5564 mi-

2056 5608 2438 5663 sericordiam.

2127 5694 2371 5754 AssenSu
2395 5707 2490 5754 tuo
2525 5700 2806 5769 peperisti,
2841 5699 3027 5770 Virgo,
3056 5699 3238 5755 omnia
3273 5699 3633 5754 sustinentem

2061 5795 2252 5862 lt‘cum,
2278 5795 2653 5852 misericordia
2676 5811 2772 5852 sua
2805 5797 3079 5852 hominem
3114 5795 3318 5852 factum
3343 5797 3636 5865 depremrc
