4250 6442
225 412 356 478 3969

1671 411 2081 473 Τιιιοοιωι.

3354 422 3501 487 3970

279 529 518 584 Συνοῦσα
567 531 680 593 τοῖς
735 528 896 594 θείοις
959 527 1230 600 μαθηταῖς
1286 529 1319 597 ἠ
1378 525 1657 594 [Iit-117w;
1709 527 1802 580 καὶ

1983 523 2277 597 Discipulis
2317 524 2505 581 aderat
2552 526 2904 583 sanctissima
2952 524 3162 597 Virgo,
3205 538 3260 582 ct
3309 531 3502 584 videns

215 625 385 695 ὁρῶσα
439 623 500 676 ὃν
529 622 787 692 ἐγέννησε
820 621 990 690 γῆθεν
1049 620 1355 690 ὑψοὺμενον
1384 618 1544 672 ἐϐόα·
1582 620 1807 690 ’Λνέρχῃ

217 717 341 786 πρὸς
373 715 593 787 Πατέρα
631 712 1116 784 συνάναρχον,τῆς
1154 711 1314 781 δόξης
1366 728 1460 763 σου
1511 709 1807 780 πληρώσας

213 809 275 862 τὰ
298 807 613 878 σύμπαντα,
656 806 1015 872 δεδοξασμένε
1055 805 1182 875 μὸνε
1211 805 1407 874 Κύριε.

478 902 596 966 Τὴν
626 899 839 965 δέησιν
864 897 1053 967 ἐκχεῶ
1087 898 1238 963 πρὲς
1283 896 1522 963 Κύριον.

277 990 584 1063 Πληρώσας
619 992 685 1044 τὲι
740 989 833 1042 ἐπὶ
867 993 968 1060 γῆς
998 991 1096 1058 τῆς
1146 988 1302 1057 δόξης
1329 1004 1447 1050 σου,
1499 988 1809 1058 ἀνελήφθης

217 1087 346 1156 μετὰ
376 1084 533 1154 δόξης
592 1083 898 1154 ἀφράστοιο,
934 1081 1029 1136 καὶ
1087 1081 1163 1149 τῷ
1203 1080 1413 1152 ιἸατρί·
1446 1081 1806 1153 προσηγάγου

215 1176 304 1246 τὴν
333 1178 513 1247 σάρκα
550 1177 614 1246 ἣν
647 1175 707 1240 ἐξ
731 1174 888 1244 ἡμῶν
919 1173 1006 1226 διὰ
1047 1173 1336 1242 σπλάγχνα
1389 1173 1676 1242 ὲφόρεσας,
1715 1173 1807 1226 καὶ

217 1267 459 1340 ὕμνησαν
489 1268 736 1338 οὐρανῶν
763 1267 815 1321 αἱ
845 1267 1106 1335 δυνάμεις
1131 1283 1212 1326 σε,
1243 1266 1370 1336 μόνε
1403 1265 1773 1335 φιλανθρωπε.

283 1447 612 1518 Ἐπάρθητε,
645 1447 958 1517 ἐπουράνιοι
991 1445 1178 1511 πύλαι,
1216 1444 1310 1498 καὶ
1333 1443 1642 1508 εἰσδέξασθε
1677 1443 1808 1496 Θεὸν

216 1543 572 1612 σαρκοφόρον,
604 1543 660 1595 αἱ
698 1541 884 1611 νοεραὶ
916 1540 1158 1594 ἀνεϐόων
1190 1539 1450 1609 δυνάμεις
1477 1543 1596 1602 ταῖς
1645 1540 1810 1592 πυθο-

216 1634 420 1702 μέναις,
453 1632 550 1694 Τίς
603 1625 760 1694 οὗτος
793 1632 851 1686 ὃν
875 1631 1094 1700 λέγετες
1127 1633 1218 1685 καὶ
1262 1633 1466 1686 αῐνεσιν
1498 1631 1572 1696 ὡς
1602 1633 1806 1704 Ποιητῇ

212 1722 314 1774 τῶν
341 1722 603 1775 ἁπάντων
632 1722 933 1784 ἀπαύστως
963 1721 1296 1793 προσάξατε.

281 1814 390 1883 Τὴν
443 1813 629 1867 ἄνοδον
662 1816 762 1884 τὴν
810 1816 1046 1884 φρικτὴν
1103 1813 1366 1884 θεώμενοι
1416 1814 1466 1866 οῖ
1501 1811 1594 1866 τυῦ
1627 1813 1802 1882 Λόγου

1913 629 2294 687 assurgentem
2319 617 2388 672 de
2425 629 2569 673 terra
2604 633 2767 688 quem
2802 629 3090 689 genuerat,
3116 620 3498 674 exclaumbat:

1910 709 1994 763 Ad
2034 708 2249 764 Patrem
2306 717 2591 764 revertens
2645 720 2954 766 coaeternus
3005 713 3128 773 illi,
3196 713 3497 781 illlplthSii

1913 801 2175 854 mundum
2209 802 2380 871 gloria
2407 811 2534 861 tua;
2577 800 2676 856 tibi
2711 803 2815 856 soli
2841 802 3009 856 decus
3049 811 3102 856 et
3131 803 3316 856 honor.

2230 891 2530 959 Drprecare
2557 911 2653 963 pro
2690 896 2843 947 nobis
2879 893 3182 950 Dominum.

1985 983 2152 1039 Terra
2197 999 2292 1054 per
2326 991 2379 1038 te
2420 987 2627 1056 repleta
2670 985 2867 1057 gloria,
2905 1000 3030 1040 cum
3083 987 3347 1043 ineﬂ'abili
3385 1004 3502 1040 tua-

1910 1075 2109 1145 jestatc
2150 1079 2203 1130 iu
2259 1077 2458 1131 cmlutu
2514 1093 2573 1132 es
2616 1087 2845 1134 evectus
2873 1118 2888 1142 ,
2940 1077 3125 1134 ferens
3166 1081 3232 1134 ad
3281 1081 3499 1135 Patrem

1912 1185 2076 1238 quant
2130 1169 2196 1224 de
2244 1171 2405 1224 nobis
2446 1171 2886 1226 misericorditer
2925 1186 3308 1240 assumpseras
3347 1186 3504 1226 natu-

1913 1269 2119 1322 l'ait;,t'l
2140 1267 2312 1326 luant,
2346 1276 2378 1315 ο
2409 1261 2563 1316 solus
2587 1261 2852 1328 clemens,
2885 1263 3257 1317 laudavetunt
3287 1265 3505 1320 miscri-

1912 1353 2154 1405 cordiam
2177 1353 2440 1423 angelicae
2469 1361 2793 1422 potestates.

1984 1445 2311 1513 Aperituini,
2337 1456 2506 1516 porta:
2528 1447 2810 1511 cmlestes,
2842 1455 2896 1500 et
2918 1447 3044 1502 date
3069 1447 3358 1502 introitum
3397 1450 3504 1503 Deo

1915 1537 2208 1593 incarnato
2251 1554 2263 1588 :
2301 1538 2476 1602 Quem
2515 1539 2724 1602 dicitis,
2748 1539 3132 1596 clantaverunt
3173 1543 3504 1609 postulanti-

1912 1628 2017 1683 bus
2045 1629 2303 1698 angelica:
2331 1629 2672 1696 l’otestates;
2704 1640 2758 1683 at
2799 1631 2906 1685 illa:
2931 1648 2944 1684 :
2979 1629 3365 1688 lndesinentcr
3393 1634 3506 1687 lau—

1911 1720 2034 1774 dcm
2075 1720 2245 1774 dicite
2273 1721 2399 1775 huic
2440 1736 2534 1790 per
2573 1738 2736 1791 quem
2784 1723 2971 1776 omnia
3005 1723 3150 1777 facta
3184 1735 3333 1778 sunt.

1980 1810 2243 1866 Videntes
2270 1813 2598 1880 stupendam
2628 1812 2790 1867 Verbi
2821 1814 3202 1869 ascensionem
3238 1816 3360 1885 ejus
3393 1817 3506 1872 dis-

215 1905 453 1977 μαθηταὶ
483 1906 721 1960 ἀνεϐόων
741 1922 755 1937 ·
793 1905 1017 1975 Πέμψον
1083 1907 1215 1975 ἡμῖν
1248 1911 1308 1958 τδ
1336 1906 1600 1973 πανάγιον
1633 1906 1800 1959 Πνεῦ-

1912 1903 2080 1972 cipuli
2111 1903 2493 1957 clatnaverunt
2521 1905 2705 1960 :Mitte
2732 1906 2893 1961 nobis
2917 1906 3185 1974 Spiritum
3216 1918 3498 1969 saneturu,

215 2016 312 2070 μα,
347 2002 441 2051 καὶ
465 1999 737 2069 ὀρφανοὺς
777 1998 853 2068 μὴ
888 1997 1055 2068 ἐάσῃς
1085 1999 1212 2060 τοὺς
1268 1995 1490 2060 δούλους
1520 2015 1612 2049 σου
1653 1997 1812 2064 γινώ-

214 2090 442 2152 σκοντας
500 2106 557 2142 σε
616 2088 791 2157 ἀληθῆ
840 2087 937 2140 καὶ
982 2087 1118 2140 Θεὸν
1168 2089 1262 2140 καὶ
1318 2087 1530 2158 βροτὸν,
1565 2089 1811 2156 ἀναμάρ-

211 2196 361 2250 τητε.

285 2270 556 2334 Ἐθέωσας
577 2269 686 2323 τῶν
726 2269 936 2340 βροτῶν
969 2271 1068 2340 τὴν
1104 2267 1313 2332 οὐσίαν,
1341 2269 1671 2339 ἀποῤῥήτως
1689 2285 1813 2336 γεν-

213 2363 395 2434 νηθεὶς
432 2363 498 2415 ὲκ
518 2363 819 2432 Παρθένου,
847 2363 876 2414 ὁ
903 2361 995 2416 τοῦ
1032 2363 1248 2434 [ἰατρὸς
1288 2361 1573 2432 ὁμοούσιος
1617 2362 1810 2428 Λόγος,

216 2437 307 2511 καὶ
337 2456 650 2528 ἀνελήφθης
680 2457 740 2510 ἐν
770 2456 897 2529 δόξῃ
923 2456 1270 2526 δωρούμενος
1307 2456 1532 2526 εἰρήνην
1580 2453 1674 2506 σοῦ
1698 2455 1812 2517 τοῖς

221 2547 512 2618 μαθηταῖς,
542 2549 637 2600 καὶ
658 2547 735 2617 τῷ
756 2548 949 2618 κόσμῳ
979 2548 1041 2601 τὸ
1068 2546 1323 2599 πλούσιον
1350 2545 1523 2609 ἔλεος.

560 2641 774 2706 Παῖδες
809 2641 1098 2707 Ἐὁζραίων
1127 2641 1197 2693 ἐν
1222 2640 1468 2709 καμίνῳ.

288 2735 468 2798 Πὰθος
500 2736 594 2787 καὶ
631 2733 863 2787 θάνατον
894 2731 1156 2802 ὑπέστης,
1189 2732 1280 2784 καὶ
1310 2732 1609 2801 τριήμερος
1635 2729 1711 2792 ὡς
1738 2724 1814 2780 εἷο

221 2846 327 2890 πας
375 2824 700 2896 ἐξηγέρθης,
737 2823 831 2878 καὶ
891 2823 1030 2892 πρὸς
1081 2823 1206 2891 τοὺς
1255 2822 1518 2892 οὐρανοὺς
1564 2820 1811 2891 ἀνῆλθες,

231 2919 620 2992 μελῳδούντων
651 2917 758 2969 τῶν
788 2914 1048 2988 μαθητῶν
1074 2931 1193 2980 σου,
1216 2912 1387 2984 Κύριε
1413 2915 1441 2980 ὁ
1479 2912 1630 2977 Θεὸς,
1661 2911 1813 2964 εὐλο-

219 3032 290 3084 γη
301 3013 385 3075 τὸς
413 3007 483 3065 εἷ.

292 3103 518 3174 Πνεῦμα
557 3103 692 3174 ἡμῖν
715 3103 791 3164 ὡς
816 3101 1129 3170 ὲπηγγείλω
1167 3099 1228 3152 τὸ
1264 3098 1529 3166 πανᾶγιον
1558 3097 1814 3149 ἀπόστει-

1913 2005 1969 2051 ct
1999 2009 2068 2050 ne
2104 2011 2204 2057 nos
2249 1995 2604 2062 derelinquas
2641 1997 2920 2065 orpltanos
2947 2013 3137 2052 servos
3179 2005 3306 2054 tuos
3336 1997 3508 2052 conti-

1915 2095 2092 2150 tCutes
2115 2096 2188 2152 te,
2220 2089 2593 2155 sanctissime,
2632 2104 2757 2144 vere
2779 2087 2950 2144 Deum
2985 2099 3038 2148 et
3060 2089 3358 2146 hominem.

1981 2269 2023 2321 Ο
2056 2267 2296 2326 Verbum
2331 2265 2510 2322 simile
2545 2266 2695 2321 Patri
2727 2274 2782 2323 et
2815 2267 3170 2324 ineﬂabiliter
3202 2280 3390 2324 natum
3437 2271 3507 2326 de

1914 2357 2162 2430 Virgine,
2187 2359 2474 2417 hominum
2495 2367 2749 2416 naturam
2767 2358 3064 2424 deiticasti.
3085 2369 3141 2415 et
3159 2371 3504 2430 assumptum

1914 2455 2170 2525 ingloria
2211 2470 2398 2523 pacem
2446 2454 2648 2508 dedisti
2688 2455 2980 2524 discipulis
3020 2455 3130 2511 tuis
3161 2464 3216 2512 et
3256 2464 3308 2511 te
3350 2458 3508 2512 valde

1914 2549 2230 2604 misericors
2268 2545 2574 2616 praestitisti
2601 2561 2728 2614 erga
2759 2546 3050 2601 mundum.

2251 2640 2412 2693 Pueri
2449 2638 2800 2693 Hebrreorum
2836 2639 2889 2698 in
2931 2639 3170 2707 fornace.

1987 2731 2283 2787 Tormenta
2333 2741 2682 2802 mortemque
2724 2747 2924 2803 passus
2975 2748 3056 2797 es,
3116 2743 3172 2787 et
3209 2733 3374 2787 tertia
3420 2733 3509 2788 die

1915 2823 2057 2878 sicut
2086 2824 2422 2894 prmdixeras
2455 2824 2812 2879 resurrexisti
2853 2833 2908 2880 et
2933 2839 3190 2880 reversus
3217 2841 3276 2880 es
3307 2825 3373 2880 ad
3407 2825 3510 2880 Pa-

1918 2926 2052 2970 trem
2080 2917 2134 2970 in
2170 2916 2396 2980 malum,
2423 2916 2776 2971 cantantibus
2810 2915 3106 2987 discipulis
3139 2915 3509 2973 :Benedictus

1915 3024 1996 3070 es,
2042 3006 2292 3063 Domine.

1990 3097 2190 3155 Emitte
2233 3100 2417 3162 nobis,
2449 3099 2843 3165 omisericors,
2878 3101 3292 3156 sanctissimum
3330 3099 3508 3169 Spiri-

217 3196 332 3259 λον,
371 3196 674 3265 οἰκτίρμον,
713 3195 763 3247 οἰ
802 3194 956 3261 σοφοὶ
993 3191 1234 3263 μαθηταὶ
1277 3191 1469 3252 ἐϐόων,
1499 3189 1557 3242 τὸ
1595 3189 1814 3258 σοφίζον

1921 3200 2032 3244 tum
2053 3192 2527 3262 tuum,sapientcs
2555 3191 2872 3246 clamabant
2896 3191 3287 3263 discipuli,qui
3314 3193 3507 3248 doceat

217 3290 312 3352 καὶ
336 3287 613 3351 συνετίζον
647 3287 914 3350 ἅπαντας,
939 3286 1066 3348 τοὺς
1095 3283 1275 3336 πίστει
1301 3299 1359 3334 σε
1385 3280 1705 3351 ὑμνοῦντας.

290 3464 496 3534 Χεῖρας
522 3463 851 3534 κροτήσατε,
884 3461 952 3514 τὰ
968 3461 1118 3530 ἔθνη,
1155 3459 1457 3526 ἀλαλάξατε
1491 3458 1609 3529 Θεῷ
1637 3459 1695 3511 ὲν
1725 3461 1818 3513 εὑ-

217 3556 498 3628 φροσὺνῃε
539 3554 821 3624 ἀνελήφθη
866 3553 974 3605 ἰδοὺ
1007 3552 1100 3605 καὶ
1141 3551 1378 3619 κάθηται
1403 3551 1460 3603 ὲν
1485 3549 1609 3623 δόξῃ
1643 3551 1700 3602 ἐν
1734 3551 1822 3603 δε-

218 3649 314 3718 ξιᾷ
353 3648 428 3710 ως
457 3644 743 3715 σύνθρονος
773 3643 865 3697 τοῦ
898 3643 1110 3712 ΙΙατρὸς
1138 3645 1216 3705 εἰς
1263 3643 1391 3705 τοὺς
1416 3641 1640 3704 αἰῶνας.

293 3827 546 3888 Κόλπους
577 3824 863 3893 πατρῴους
896 3821 970 3891 μὴ
998 3819 1243 3881 κενώσας
1269 3822 1326 3870 ὲν
1347 3820 1459 3878 τοῖς
1483 3817 1704 3880 κόλποις
1729 3833 1820 3873 σου

215 3923 438 3988 ὁΛόγος
459 3917 739 3987 ἁνεκλίθη,
771 3915 995 3983 ἀλογίας
1018 3914 1164 3983 ἡμᾶς
1198 3911 1523 3984 ῥυσάμενος,
1553 3911 1820 3982 ιιαρθένε,

216 4015 348 4076 τοὺς
372 4009 767 4082 μελῳδοῦντας,
802 4007 973 4077 Κύριε
993 4009 1019 4060 ὁ
1045 4007 1199 4071 Θεὸς,
1218 4003 1512 4074 εὐλογητὸς
1541 3997 1610 4056 εἶ.

639 4100 1106 4170 Ἔπταπλασίως
1147 4096 1425 4166 κάμινον.

310 4199 371 4252 't)
402 4193 733 4268 μορφωθεὶς,
779 4193 856 4256 ὡς
883 4192 1218 4261 γέγραπται,
1253 4189 1391 4259 ὑπὲρ
1424 4187 1548 4240 νοῦν
1571 4186 1632 4240 τὸ
1671 4185 1825 4240 ἀλλά-

218 4309 401 4364 τριον,
435 4291 531 4342 καὶ
559 4288 649 4341 διὰ
691 4285 882 4339 παθῶν
912 4285 1048 4336 πᾶσι
1082 4283 1294 4343 πιστοῖς
1327 4280 1597 4335 ἀπάθειαν
1639 4278 1827 4348 σαφῶς

217 4383 642 4454 δωρησάμενος,
676 4378 785 4432 ἀπὸ
818 4380 920 4446 τῆς
967 4377 1067 4444 γῆς
1127 4374 1418 4444 ἀνέρχεται
1448 4371 1541 4424 νῦν
1595 4373 1828 4443 ἐμφανι-

1920 3300 2112 3341 omnes
2140 3283 2194 3344 in
2232 3290 2285 3339 te
2313 3283 2602 3341 credentes
2629 3298 2816 3339 veram
2848 3284 3161 3339 doctrinam
3201 3295 3257 3341 et
3287 3288 3507 3356 sapien-

1921 3379 2076 3433 tiam.

1995 3466 2224 3533 Gentes,
2259 3467 2502 3536 plaudite
2520 3465 2799 3530 manibus,
2824 3474 3045 3521 cantate
3075 3468 3183 3522 Deo
3216 3468 3270 3521 iu
3299 3467 3504 3522 laetitia.

1924 3557 2060 3613 Ecce
2077 3559 2220 3612 enim
2239 3566 2568 3625 assumptus
2583 3565 2667 3612 est
2700 3555 2961 3626 sedetque
2987 3555 3241 3612 Christus
3267 3557 3508 3627 ingloria

1923 3652 1988 3703 ad
2037 3648 2318 3704 dexteram
2379 3646 2562 3705 Patris
2609 3647 2858 3717 ejusdem
2901 3649 3082 3703 throni
3130 3649 3404 3721 particeps
3452 3651 3507 3703 in

1921 3748 2210 3794 alternum.

1994 3833 2112 3886 Non
2139 3832 2437 3901 reliquerat
2462 3829 2652 3884 sinum
2690 3827 2873 3885 Patris
2921 3832 3249 3887 recumbens
3287 3834 3342 3886 in
3381 3834 3507 3887 sinu

1925 3932 2018 3977 tuo
2048 3921 2289 3977 Verbum
2320 3921 2467 3990 quod
2510 3936 2613 3976 nos
2637 3922 2706 3976 ab
2737 3923 2951 3977 insania
2984 3925 3346 3992 cupiditatum
3385 3925 3513 3979 libe-

1927 4017 2100 4078 tavit;
2129 4013 2250 4068 ideo
2281 4013 2592 4070 clamamus
2623 4030 2638 4068 :
2666 4013 2998 4068 Benedictus
3018 4029 3101 4077 es,
3139 4029 3172 4068 ο
3222 4013 3390 4068 Deus.

2195 4108 2448 4162 Camt'nus
2477 4109 2723 4174 septuplo
2754 4108 3034 4161 ardentior
3059 4109 3259 4176 factus.

1999 4198 2102 4266 Qui
2140 4197 2403 4252 ineﬂabili
2442 4197 2606 4250 modo
2637 4196 2873 4251 formam
2917 4207 2977 4251 ut
3019 4197 3282 4268 scriptum
3311 4206 3397 4252 est
3432 4201 3512 4252 in-

1926 4291 2120 4345 duerat
2146 4304 2254 4343 non
2292 4304 2472 4352 suam,
2509 4303 2679 4353 nunc,
2699 4290 2858 4343 nobis
2880 4304 2976 4358 per
3007 4291 3319 4358 passionem
3352 4306 3508 4344 suam

1928 4381 2200 4442 malorum
2233 4381 2550 4449 expertibus
2595 4379 2780 4442 factis,
2823 4380 3003 4448 surgit
3033 4379 3100 4434 de
3145 4388 3312 4443 terra,
3345 4383 3514 4448 glori-

219 4477 426 4545 σθῆναι
476 4473 571 4526 τοῦ
604 4470 817 4540 Ιιατρὸς
845 4468 923 4538 τῷ
949 4465 1247 4538 προσώπῳ,
1286 4464 1578 4532 Ἀγγέλων,
1606 4462 1825 4532 Θρόνων

1932 4471 2179 4527 ﬁcandus
2227 4483 2353 4524 ante
2407 4469 2601 4526 faciem
2669 4468 2885 4534 Patris,
2935 4470 3056 4540 ejus
3101 4472 3512 4528 celebrantibus

215 4567 589 4640 Κυριοτήτων
618 4563 781 4617 αὑτὸν
801 4559 1225 4629 δοξολογούντων
1258 4559 1336 4621 εἰς
1361 4558 1586 4617 πάντας.

301 4765 797 4849 Αευχειμονοῦντες
853 4762 1074 4831 ἄγγελοι
1133 4760 1451 4822 ἀποστόλοις
1500 4760 1826 4828 ἐπέστησαν,

223 4861 709 4931 ἒπαπορουμὲνοις
756 4857 833 4927 τῷ
886 4857 1058 4924 καινῷ
1089 4855 1325 4923 θεάματι
1352 4854 1451 4920 τῆς
1484 4854 1581 4922 σῆς
1629 4852 1831 4920 ἀναλή-

225 4959 404 5028 ψεως,
435 4954 710 5020 λέγοντες.
749 4951 938 5016 Ὑμεῖς
967 4947 1017 4999 τί
1044 4946 1385 5008 ἀτενίζοντες
1404 4944 1578 5007 οὕτως
1605 4942 1834 5013 θαμὸεἶ-

231 5050 330 5103 σθε
363 5051 440 5109 εἰς
472 5045 532 5099 τὸ
554 5044 727 5113 ὕψος
773 5042 980 5110 Ἰησοῦς
1040 5036 1196 5103 οὗτος
1221 5041 1380 5093 πάλιν
1431 5038 1732 5102 ἐλεύσεται,
1773 5036 1831 5090 ὃν

228 5140 437 5213 τρόπον
465 5138 652 5206 δρᾶτε,
686 5139 864 5204 κρῖναι
896 5133 1122 5201 κόσμον.

309 5314 502 5376 nam
562 5309 882 5380 πληρώσας,
931 5307 1127 5379 Κύριεν
1188 5308 1264 5371 ὡς
1304 5307 1435 5368 θεδς
1495 5306 1834 5369 ﬁmum"

219 5408 369 5482 πρὸς
399 5407 527 5468 τοὺς
575 5405 838 5473 οὐρανοὺς
885 5402 1023 5471 μετὰ
1061 5401 1261 5470 σαρκὸς
1328 5399 1656 5468 ἀνέδραμες,
1703 5399 1838 5452 καθ-

230 5497 632 5566 υποταγέντων
675 5513 753 5548 σοι
790 5492 1100 5562 ἀγγελικῶν
1128 5493 1432 5560 δυνάμεων,
1458 5491 1549 5543 καὶ
1573 5505 1839 5560 χαρμονι-

232 5598 359 5659 κῶς
383 5594 491 5646 τῶν
525 5590 788 5662 μαθητῶν
813 5587 1198 5657 ἁνυμνούντων
1229 5586 1321 5638 καὶ
1356 5582 1507 5654 φόϐῳ
1540 5580 1840 5653 μελῳδούν-

235 5706 356 5743 των
371 5703 384 5716 ⁸
403 5685 613 5755 Ἐρεῖς,
646 5681 938 5747 εὐλογεῖτε.

306 5791 636 5860 Θεοκυῆτορ
665 5789 930 5858 πάναγνε,
971 5785 1069 5855 τῆς
1100 5784 1278 5853 ψυχῆς
1307 5800 1410 5852 μου
1431 5782 1500 5834 τὰ
1531 5781 1842 5851 τραύματα,

236 5893 338 5943 καὶ
371 5885 468 5955 τῆς
498 5882 773 5955 ἁμαρτίας
818 5880 914 5940 τὰς
941 5879 1103 5937 nili;
1146 5875 1446 5944 ἐξαλείψω,
1481 5877 1680 5944 πηγαῖς
1713 5875 1848 5927 ἀπο-

1853 4571 1906 4630 D
1933 4565 2163 4636 gloriam
2195 4579 2291 4632 per
2319 4579 2481 4618 omne
2519 4565 2742 4617 saeclum
2769 4561 3034 4629 Thronis,
3069 4563 3294 4633 Angelis
3323 4573 3378 4618 ct
3412 4565 3515 4618 Do-

1934 4655 2346 4710 minationibus.

2008 4746 2172 4803 Yestc
2223 4746 2454 4800 candida
2490 4754 2868 4816 apparuerunt
2899 4746 3076 4816 angeli
3122 4747 3389 4815 apostolis
3421 4749 3513 4814 qui

1936 4837 2060 4890 novi
2094 4835 2436 4890 ascensionis
2475 4847 2580 4886 tua:
2610 4835 2910 4902 spectaculi
2944 4842 3134 4898 testes,
3167 4835 3285 4887 suis
3315 4850 3420 4887 non
3453 4835 3515 4886 ft-

1936 4929 2067 4983 derc
2107 4929 2285 4983 oculis
2316 4926 2662 4989 videbantur,
2709 4927 3078 4994 dixeruntque
3121 4927 3223 4987 eis,
3261 4927 3340 4980 Ad
3383 4928 3514 4996 quid

1937 5020 2151 5074 attoniti
2194 5019 2445 5087 aspicitis
2508 5020 2562 5072 in
2595 5019 2832 5073 coelun't‘!
2888 5019 3033 5071 sicut
3086 5018 3279 5072 videtis
3328 5017 3515 5073 Jesuut

1938 5111 2464 5174 aseentlcntetn,sic
2523 5125 2742 5164 rursum
2795 5109 2981 5164 veniet
3042 5109 3108 5163 ad
3155 5109 3515 5177 judicaudutn

1939 5203 2222 5256 mundum.

2011 5296 2220 5350 Cuncta
2245 5305 2303 5348 ttt
2336 5296 2476 5349 lleus
2507 5293 2753 5348 inﬁnitus
2771 5293 3010 5363 replens,
3043 5292 3288 5358 Domine,
3319 5292 3517 5346 emtum

1942 5404 2066 5445 cum
2126 5403 2293 5441 carne
2342 5395 2535 5440 nostra
2589 5386 2923 5441 conscentlis
2979 5384 3239 5440 demissis
3292 5397 3416 5438 autc
3467 5394 3520 5438 te

1942 5482 2185 5538 vultibus
2220 5480 2637 5535 ministratoriis
2669 5479 2934 5548 angelicis
2962 5479 3330 5548 potestatibus
3358 5477 3524 5532 laetis-

1947 5591 2055 5644 que
2109 5581 2163 5627 tc
2231 5572 2642 5627 celebrantibus
2709 5573 2976 5641 apostolis
3035 5583 3088 5627 et
3153 5571 3456 5627 dicentibus
3507 5588 3518 5622 :

1949 5662 2297 5729 Sacerdotes,
2330 5663 2638 5718 benedicue
2667 5660 2920 5717 Domino.

2023 5773 2384 5829 Sanctissitna
2410 5770 2501 5826 Dei
2525 5770 2716 5834 Mater,
2751 5772 2948 5825 anima:
2980 5786 3110 5826 mea:
3131 5770 3250 5826 dele
3276 5771 3526 5829 vulnera,

1952 5866 2066 5919 lava
2104 5879 2369 5934 aquarum
2434 5863 2582 5917 fonte
2613 5877 2734 5932 qua:
2763 5863 3069 5917 scaturiunt
3106 5863 3172 5918 de
3215 5862 3382 5919 latere
3411 5860 3527 5913 lilii
