4250 6442
248 376 389 443 3973

1697 368 2106 429 TRIODIUM.

3379 369 3524 435 3974

239 497 427 563 έστης,
459 492 487 546 ὁ
526 488 896 563 ύπεράγαθος,
951 487 1044 540 καὶ
1074 484 1375 552 ἐξαναστὰς
1407 484 1727 555 θεοπρεπῶς
1752 485 1845 537 ἀν·
1875 489 1915 545 Λ

1875 489 1915 545 Λ
1951 498 2058 552 que
2115 470 2338 550 propter
2392 495 2495 537 nos
2546 495 2744 552 passus
2784 496 2864 545 es,
2901 491 2956 539 et
2998 490 3056 538 nt
3099 484 3330 541 decebat
3359 490 3523 544 Deum

231 581 503 655 εληλυθας
548 580 683 651 πρὸς
715 579 807 633 τδν
831 579 1087 649 ἄναρχον,
1119 575 1282 642 Λὸγε,
1319 573 1541 644 Πατέρα
1593 589 1688 626 σου
1709 589 1722 602 ·
1757 572 1839 626 διό

234 692 328 731 σου
348 670 770 748 προσκυνοῦμεν
795 669 896 741 τὴν
919 667 1307 738 ἀκατάληπτον
1341 665 1595 735 θεότητα.

301 858 515 931 Κράζει
538 856 780 926 Μωῦσῆς
810 856 867 909 ἐν
902 851 1208 923 Πνεύματι,
1229 848 1546 919 ’Λγγελικαὶ
1577 844 1838 917 δυνάμεις

232 952 678 1023 ἔνισχυσάτωσαν
693 948 771 1019 τῷ
790 965 866 1001 πα
874 946 1126 1017 μ6ασιλεῖ
1143 941 1470 1014 σωματικῶς
1492 939 1836 995 ἀναϐαίνοντι

232 1047 343 1102 ἀπὸ
365 1046 469 1116 γῆς
494 1044 634 1115 πρὸς
663 1042 731 1096 τὰ
753 1041 867 1097 ἀνω
893 1038 1163 1111 βασίλεια,
1180 1035 1275 1090 καὶ
1302 1033 1480 1105 θρόνῳ
1506 1029 1836 1085 καθιστῶντι

233 1138 313 1212 τῷ
342 1135 603 1208 πατρικῷ
627 1134 791 1205 φύσιν
821 1132 921 1202 τὴν
954 1129 1256 1185 ἕκπτωτον.

309 1316 511 1385 Πύλαι,
543 1315 756 1386 νοητῶς
785 1306 1465 1384 ὲπάρθητε,προφητικῶς
1514 1301 1644 1357 ἐὸὁα
1676 1300 1838 1357 Δαυῖδ

235 1420 294 1472 ὲν
327 1415 648 1486 Πνεύματιο
693 1414 722 1466 ὁ
777 1405 1074 1481 μονογενὴς
1121 1402 1251 1465 Υίδς
1304 1397 1443 1452 Θεοῦ
1485 1394 1838 1450 ἐϐασίλευσεν

234 1511 328 1563 ἐπὶ
355 1508 537 1562 πάντα
559 1505 628 1559 τὰ
650 1505 798 1573 ἔθνη,
826 1501 919 1554 καὶ
937 1498 1113 1553 ἄνεισι
1137 1492 1303 1566 σαρκὶ
1332 1492 1470 1562 πρὸς
1492 1488 1582 1543 τὸν
1595 1487 1835 1559 Πατέρα,

233 1603 295 1656 ὃν
326 1599 736 1672 κατερχόμενος
765 1595 866 1648 οὐκ
897 1592 1104 1644 ἔλιπεν.

561 1692 692 1744 ’Ὅτι
738 1685 886 1756 Ἐγώ
910 1687 1027 1754 εἰμι
1058 1685 1089 1736 ό
1109 1680 1180 1734 ἐν
1204 1676 1515 1743 θαλάσσῃ.

306 1779 739 1849 Συναλιζόμενος
762 1776 819 1828 ὲν
836 1770 1242 1843 τεσσαράκοντα
1260 1767 1371 1829 τοῖς
1401 1762 1671 1835 μαθηταῖς
1704 1758 1838 1829 ἡμέ-

1952 588 2248 644 resurgens
2291 572 2358 626 ad
2400 581 2666 628 aeternum
2707 572 2923 628 Patrem
2955 584 3107 631 Imtm
3143 578 3526 641 reaseendisti,

1947 663 2213 732 Verbum,
2246 663 2455 719 idcirco
2485 663 3099 735 incomprehensibilcm
3142 676 3292 723 tuam
3334 670 3530 722 adora-

1947 774 2071 814 mus
2104 760 2476 816 divinitatem.

2013 851 2228 907 Clamat
2285 853 2465 910 Moses
2512 855 2565 909 in
2610 853 2817 925 Spiritu
2854 870 2869 911 :
2917 856 3189 928 Angelira:
3231 866 3529 927 potestates

1944 942 2336 1000 confortamini
2387 949 2441 1002 in
2482 962 2702 1002 summo
2734 964 2859 1017 rege
2898 948 2966 1004 de
3013 957 3161 1004 terra
3207 960 3531 1015 assurgi-nte

1946 1036 1999 1089 in
2052 1050 2220 1092 carne
2272 1037 2337 1092 ad
2388 1055 2624 1111 superna
2676 1055 2881 1111 regna,
2937 1050 2992 1098 et
3037 1052 3291 1097 naturam
3349 1043 3528 1095 itemi-

1946 1138 2075 1179 num
2121 1126 2331 1197 lapsam
2384 1129 2676 1187 considere
2732 1129 2967 1188 faciente
3038 1147 3206 1202 super
3265 1131 3528 1185 thronum

1944 1216 2147 1275 Patris.

2018 1313 2344 1383 Aperitnini,
2367 1323 2557 1384 porta',
2577 1314 2858 1370 clamabat
2883 1313 3049 1369 David
3079 1316 3134 1370 in
3157 1315 3365 1385 Spiritu
3400 1330 3531 1385 pro—

1946 1403 2168 1475 pbetico
2201 1422 2214 1460 :
2242 1404 2416 1461 Filius
2451 1406 2545 1463 Dei
2576 1406 2894 1478 unigenitus
2924 1409 3173 1476 regnavit
3204 1422 3372 1475 super
3408 1422 3529 1459 ont-

1946 1512 2046 1554 nes
2076 1508 2291 1569 gentes,
2321 1507 2376 1555 et
2401 1498 2456 1554 in
2485 1515 2657 1556 carne
2697 1500 2997 1555 revertitur
3026 1498 3093 1552 ad
3124 1497 3345 1553 Patrem
3368 1514 3532 1564 quem

1946 1588 2288 1647 descendens
2319 1591 2463 1661 apud
2496 1607 2599 1648 nos
2623 1608 2731 1648 non
2760 1591 3076 1662 reliquerat.

2208 1685 2349 1750 Quia
2395 1701 2488 1756 ego
2520 1701 2638 1739 sum
2672 1685 2760 1754 qui
2805 1685 3029 1751 imperat
3108 1683 3268 1737 mari.

2017 1773 2155 1829 Cum
2204 1775 2497 1846 discipulis
2560 1784 2924 1832 conversatus
2978 1789 3072 1844 per
3125 1774 3245 1829 dies
3288 1773 3530 1843 quadra-

238 1895 385 1952 ραις,
420 1873 560 1945 μετά
599 1870 698 1940 τὴν
745 1866 898 1919 θείαν
955 1865 1020 1916 ἐκ
1044 1861 1215 1929 τάφου
1237 1900 1253 1926 ,
1281 1856 1491 1926 Σῶτερ,
1529 1853 1847 1917 ἀνάστασιν,
1878 1852 1916 1912 1]

1878 1852 1925 1912 Β
1954 1864 2126 1936 ginta,
2167 1864 2443 1934 Salvator,
2477 1876 2602 1937 post
2637 1876 2787 1921 tuam
2819 1866 3282 1922 resurrectionem
3314 1873 3368 1922 et
3400 1882 3532 1936 pro-

236 1942 335 2024 ;tai.
354 1942 431 2020 τὸ.
446 1962 675 2031 Πνεῦμα
697 1961 759 2013 τὸ
789 1958 935 2011 θεῖον
967 1952 1293 2023 συνθέμενος
1318 1950 1504 2011 αὐτοῖς
1519 1942 1850 2013 ὲξαποστέλ-

237 2064 374 2126 λειν,
415 2061 475 2111 ὲν
518 2058 728 2126 φωναῖς
756 2049 1095 2121 ἀνελήφθης,
1134 2047 1194 2099 ὲν
1235 2042 1365 2116 δόξῃ
1392 2041 1482 2095 ἐπ’
1514 2038 1687 2111 ὤμοις
1743 2037 1850 2091 Χει-

242 2153 521 2227 ρουῦικοῖς
578 2145 825 2220 φρικτῶς
855 2140 1250 2212 ἐποχούμενος.

312 2243 498 2306 Πύλας
529 2240 801 2311 ἐπάρατε,
835 2234 1012 2305 γνῶτε
1046 2229 1351 2304 παράδοξα,
1376 2225 1565 2298 νοεραὶ
1589 2223 1848 2294 δυνάμεις

241 2343 363 2405 ταῖς
387 2336 691 2408 άνωτέραις
718 2331 911 2395 ἐϐόων,
958 2330 987 2382 ὁ
1020 2324 1276 2398 βασιλεὺς
1304 2321 1398 2376 τοῦ
1450 2319 1651 2383 παντὸς
1686 2317 1849 2386 σῶμα

240 2434 432 2503 γήϊνον
459 2428 640 2499 φέρων
679 2423 878 2493 ἀνῆλθε
924 2419 1063 2491 πρὸς
1120 2417 1271 2488 ἡμᾶς
1301 2417 1380 2478 εἰς
1429 2413 1848 2486 προανάπαυσιν

240 2502 433 2586 αύτοῦ,
466 2521 596 2582 τοὺς
618 2514 943 2586 ἀνθρώπους
976 2510 1187 2572 θεώσας
1207 2508 1276 2561 δι’
1299 2505 1702 2575 εύσπλαγχνίαν
1723 2502 1848 2556 πολ-

240 2617 342 2688 λὴν
381 2616 477 2669 καὶ
509 2611 748 2685 ἄμετρον
782 2608 952 2671 ἔλεος.

315 2789 669 2864 Ἀποκρυὸὴν
702 2783 868 2841 αὑτοῦ
904 2781 1094 2842 σκότος
1142 2779 1171 2832 ὁ
1203 2776 1431 2845 θέμενος
1463 2773 1531 2841 τῇ
1567 2767 1848 2837 ἀσωμάτῳ

246 2889 430 2962 φύσει,
459 2860 554 2940 ἐπὶ
585 2860 874 2951 πτερύγων
894 2874 1112 2943 ἀνέμων
1141 2872 1169 2924 ὁ
1199 2860 1679 2962 ὲπιϐαίνωνᾳθιεὸς,
1712 2874 1845 2962 σαρ-

246 2948 447 3043 κωθεὶς
479 2980 545 3030 ὲκ
569 2971 847 3040 Παρθένου
870 2965 1102 3036 νεφέλης
1152 2957 1444 3029 φωτεινῆς,
1502 2952 1590 3006 διὰ
1617 2948 1847 3019 νεφέλης

247 3074 359 3130 ἀπὸ
388 3041 491 3141 γῆς
541 3067 679 3136 πρὸς
716 3063 779 3116 τὺ
808 3059 943 3129 ὕψος
999 3054 1265 3126 ἀνῆλθεν,
1298 3049 1551 3120 ὁρώντων
1588 3041 1847 3115 μαθητῶν

249 3169 350 3236 τὴν
377 3161 591 3227 ἔνδοξον
624 3155 833 3212 ἄνοδον.
1406 3234 1416 3240 .
1579 3228 1603 3240 -

334 3260 400 3313 Ἠ
428 3225 784 3325 ἀγεώργητος
811 3247 885 3317 γῆ
925 3239 1335 3316 ήβλαστήσασα
1371 3234 1462 3287 τὸν
1482 3324 1489 3325 7
1511 3228 1607 3325 τού
1642 3225 1844 3325 παντὸς

1954 1957 2183 2012 missum
2221 1960 2287 2013 ad
2322 1974 2418 2013 eos
2461 1959 2712 2014 mittendi
2756 1959 3024 2029 Spiritum
3066 1969 3342 2025 sanctum,
3389 1961 3534 2013 inter

1951 2058 2260 2106 concentus
2294 2060 2620 2121 assumptus
2659 2066 2719 2107 cs
2760 2050 2818 2105 in
2850 2051 3021 2121 gloria
3065 2051 3340 2122 stupende
3368 2050 3536 2106 modo

1949 2154 2117 2208 super
2147 2142 2264 2197 alas
2289 2142 2585 2197 Cberubim
2610 2154 2822 2199 vectus.

2021 2232 2242 2303 Aperite
2305 2243 2515 2305 portas,
2596 2236 2796 2292 discite
2856 2236 3227 2301 incredibilia,
3273 2236 3537 2292 dicebant

1950 2323 2211 2392 angelica-
2253 2333 2554 2395 potestates
2593 2328 3083 2399 praeminentibus
3115 2328 3220 2384 sibi
3272 2329 3530 2394 caeteris;

1949 2417 2042 2485 qui
2076 2426 2266 2484 regnat
2299 2434 2466 2489 super
2490 2426 2677 2476 omnia
2706 2422 2955 2477 ascendit
2983 2424 3049 2477 ad
3075 2425 3252 2478 nosin
3288 2423 3533 2492 requiem

1950 2524 2107 2564 suam
2150 2519 2405 2566 naturam
2435 2512 2664 2571 indutus
2690 2515 3010 2580 humanam,
3041 2516 3235 2586 sicque
3269 2517 3534 2571 deilicans

1948 2601 2200 2658 homines
2232 2604 2302 2659 ob
2334 2605 2562 2660 nimiam
2623 2606 2948 2662 cltaritatem
2985 2607 3535 2678 misericordiamque

1950 2694 2245 2749 inﬁnitam.

2021 2787 2189 2841 Suam
2227 2788 2515 2843 involvens
2542 2790 2786 2845 tenebris
2820 2789 3227 2862 incorporalem
3273 2800 3534 2846 naturaet

1953 2876 2097 2933 Deus
2128 2880 2221 2949 qui
2264 2879 2506 2934 ambulat
2546 2895 2714 2951 super
2751 2898 2963 2952 pennas
3013 2894 3327 2945 ventorum,
3368 2899 3534 2939 carne

1950 2980 2166 3038 sumpta
2203 2984 2270 3023 ex
2299 2969 2520 3039 Virgine
2552 2972 2696 3026 nube
2740 2971 2946 3037 lucida,
2992 2974 3060 3028 de
3094 2982 3239 3029 terra
3271 2974 3327 3028 in
3362 2973 3532 3027 altum

1951 3057 2195 3112 ascendit
2243 3074 2411 3128 super
2451 3059 2675 3124 nubem,
2718 3061 3039 3119 videntibus
3081 3063 3371 3134 discipulis
3411 3064 3533 3134 glo-

1952 3150 2154 3203 riosam
2196 3150 2319 3219 ejus
2355 3154 2763 3210 ascensionem.

2021 3240 2191 3297 Terra
2227 3244 2314 3296 illa
2348 3259 2430 3309 es,
2456 3259 2489 3298 ο
2521 3245 2706 3316 Virgo,
2741 3261 2865 3317 quae
2894 3247 3015 3304 sine
3059 3247 3249 3305 labore
3275 3247 3535 3319 produxit

254 3315 601 3424 τροφέα-τὸν
630 3340 998 3407 ύπανοίγοντα
1034 3335 1214 3405 χεῖρα,
1275 3328 1369 3382 καὶ
1411 3322 1630 3393 εὐδοκία¹
1678 3315 1843 3424 αήύτοῦ

1946 3335 2189 3388 omnium
2223 3336 2569 3404 nutritorem,
2601 3337 2752 3393 illum
2788 3355 2986 3409 nempe
3021 3341 3114 3410 qui
3145 3357 3365 3396 manum
3398 3358 3532 3411 ape-

250 3412 617 3517 ὲμπιπλῶντα
643 3436 753 3490 πᾶν
797 3430 939 3497 ζῶον
975 3425 1119 3498 ἰσχύϊ
1164 3424 1352 3517 θεῖκῇ,
1399 3415 1650 3517 στηριςον
1695 3412 1846 3515 ἄρτῳ

251 3507 475 3604 ζωτικῷ
510 3528 854 3602 παρειμένας
880 3521 1109 3594 καρδίας
1137 3516 1215 3588 τῷ
1244 3516 1392 3585 κόρῳ
1416 3512 1523 3566 τῶν
1566 3507 1847 3578 δυσχερῶν

251 3632 288 3703 ἡ
295 3630 416 3703 μῶν
445 3621 883 3698 παραπτώσεων.
1321 3622 1332 3631 ’

723 3730 1109 3800 ἰνδάλματος
1146 3720 1407 3794 χρυσοῦ.

327 3856 443 3923 Τὴν
478 3849 645 3922 φύσιν
677 3844 773 3901 τοῦ
826 3841 1000 3912 Ἀδὰμ
1023 3834 1492 3910 προσλαϐόμενος,
1528 3829 1624 3882 καὶ
1641 3824 1848 3923 ταύτην

254 3921 499 4013 θεώσας,
549 3941 714 4009 Δόγε,
750 3936 890 4008 πρὸς
937 3933 1029 3988 τὸν
1081 3929 1393 4003 ἀρχίφωτον
1443 3921 1723 4013 ἀνήγαγες
1755 3935 1848 3971 σου

254 4011 504 4108 Πατέρα,
544 4027 997 4098 καταπλαγείσης
1040 4023 1224 4091 πάσης
1265 4011 1847 4108 ἀσωμάτωνᾼτάξεως,

254 4132 354 4188 καὶ
388 4104 1023 4196 ἀναεοώσης,’Υμνείτω
1057 4115 1149 4170 τὸν
1175 4109 1554 4184 Κύριον,πάσα
1582 4106 1617 4176 η
1652 4104 1848 4163 κτίσις.

340 4312 532 4374 Ἠλίας
572 4302 874 4377 προτυπῶν
897 4299 1000 4371 τὴν
1024 4294 1272 4370 φρικώδη
1301 4308 1395 4347 σου
1414 4287 1700 4350 ἀνάϐασιν,
1718 4285 1853 4377 Cmo-

252 4409 411 4473 δὸτα,
454 4402 586 4473 θείῳ
620 4376 690 4452 γὲν
731 4393 1015 4465 Ιῖνεύματι
1055 4388 1270 4460 ἐδείχθη
1303 4380 1724 4455 άρματηλάτης,
1760 4376 1855 4473 καὶ

255 4466 408 4567 πρὸς
430 4492 494 4546 τὸ
529 4466 665 4559 ﬁll/0:;
688 4487 811 4551 ὅλος
841 4483 951 4539 ἀπὸ
977 4482 1083 4553 γῆς
1108 4479 1361 4549 ἐφέρετο,
1400 4474 1744 4567 μέλπωνᾼσοι
1775 4466 1851 4539 τῷ

253 4564 785 4656 κτίστῃ,⁹Υμνείτω
806 4576 902 4632 τὸν
931 4574 1141 4649 Κύριον
1172 4572 1327 4626 πᾶσα
1353 4568 1532 4630 κτίσις
1564 4564 1659 4619 καὶ
1684 4564 1854 4633 ὕπερ-

256 4681 502 4752 mbo-31w.

336 4773 600 4828 Δίνέσατε
629 4766 784 4830 Θεὸν,
808 4761 1136 4827 ἀλαλάξατε,
1158 4757 1229 4812 τὰ
1255 4755 1407 4825 ἔθνη,
1457 4754 1704 4824 κροτεῐτε
1739 4749 1854 4818 χεῖ-

265 4888 390 4945 ρας,
429 4860 742 4935 συμφώνως
774 4855 1007 4928 ψάλατε,
1050 4854 1108 4906 έν
1134 4844 1536 4945 δδξῃηὶςριστδς
1566 4840 1814 4945 ’ἀνῆλθεν
1836 4875 1855 4905 ,

262 4930 293 5019 δ
329 4930 632 5034 βασιλεύων
652 4971 668 4985 ·
726 4951 851 5007 ὅθεν
881 4945 1019 5015 πρὸς
1076 4943 1226 5014 ἡμᾶς
1256 4937 1486 5034 ἐλήλυθε
1524 4934 1699 4988 σῶσαι
1729 4930 1857 4992 τοὺς

265 5028 537 5129 βοώντας
555 5043 828 5116 Ὑμνείτω
856 5040 949 5094 τὸν
973 5035 1177 5106 Κύριον
1209 5033 1360 5086 πᾶσα
1375 5028 1573 5129 κτίσιςζ

344 5143 566 5216 Κυρίως
603 5135 889 5204 σε,”Αγνὴ,
923 5125 1388 5197 καταγγέλλοντες
1410 5121 1700 5216 δοξάζομεν
1729 5117 1859 5169 θεο-

263 5210 472 5297 τὸκονλ
505 5234 571 5288 σὺ
603 5230 713 5302 γὰρ
738 5227 832 5282 τὸν
881 5224 979 5277 ἕνα
1006 5218 1331 5291 ἀπεκύησας
1358 5215 1458 5286 τῆς
1506 5210 1736 5282 Τριάδος
1771 5225 1860 5261 σε-

270 5299 757 5403 σαρκωμένονίὸν
788 5319 884 5372 σὺν
910 5314 988 5384 τῷ
1019 5312 1197 5380 Πατρὶ
1248 5308 1346 5362 καὶ
1398 5304 1680 5376 Πνεύματι
1730 5299 1863 5371 μελ-

266 5398 540 5495 etab-39w
559 5412 831 5487 ’Υμνείτω
855 5406 947 5462 τὸν
972 5404 1176 5475 Κύριον
1200 5403 1349 5454 πᾶσα
1382 5398 1576 5459 κτῐσις.

716 5519 948 5591 Ἀπορεῒ
970 5515 1141 5574 πᾶσα
1169 5512 1440 5585 γλῶσσα.

1948 3421 2021 3475 rit
2075 3423 2375 3493 impletque
2422 3440 2584 3482 omne
2659 3428 2865 3483 animal
2910 3430 3297 3486 benedictione
3343 3431 3530 3487 divina

1950 3530 2049 3569 sua
2084 3517 2320 3585 virtute;
2380 3519 2682 3574 corrobora
2742 3535 2880 3588 pane
2930 3524 3055 3579 vitae
3105 3525 3275 3579 corda
3341 3532 3532 3581 nostra

1947 3621 2063 3678 pra:
2090 3608 2317 3665 fastidio
2352 3609 2669 3682 languentia
2710 3614 2783 3669 ob
2821 3614 3068 3672 infelices
3102 3619 3313 3688 culpas.

2481 3723 2521 3776 Α
2536 3741 2565 3778 u
2574 3725 2653 3779 rei
2691 3725 2995 3782 simulacri.

2022 3830 2321 3901 Assumpta
2384 3832 2582 3889 Adami
2631 3844 2831 3891 natura
2874 3839 3139 3909 illamque
3176 3840 3464 3907 deilicans,
3499 3859 3535 3897 ο

1952 3918 2221 3985 Verbum,
2277 3924 2505 3981 deducis
2552 3926 2699 3982 illam
2754 3929 2820 3982 ad
2886 3928 3102 3986 Patrem
3143 3940 3320 3998 tuum,
3390 3936 3534 3992 locis

1953 4016 2370 4086 scalttrigitten‘t,
2406 4028 2664 4089 stupente
2696 4023 2845 4075 onmi
2892 4024 3201 4079 caelestium
3235 4027 3531 4097 spirituum

1951 4107 2145 4162 ordine
2182 4118 2240 4163 et
2268 4111 2691 4166 conclamante:
2725 4112 2978 4169 Celebrct
3010 4115 3302 4172 Dominum
3350 4120 3535 4177 omnis

1952 4207 2223 4253 creatura.

2027 4290 2200 4354 Elias.
2237 4292 2621 4349 ascensionem
2691 4304 2840 4349 tuam
2892 4299 3218 4365 stupendam
3280 4301 3538 4372 praeﬁgu-

1956 4398 2111 4450 rans,
2168 4382 2378 4455 Spiritu
2431 4387 2617 4442 divino
2673 4387 2874 4445 ductus
2946 4390 3099 4446 visus
3162 4400 3246 4447 est
3308 4409 3534 4449 currum

1958 4491 2149 4547 agens,
2196 4477 2487 4549 elatusque
2531 4479 2600 4536 de
2643 4490 2792 4535 terra
2842 4480 2899 4537 in
2939 4482 3291 4539 altitudinem
3322 4485 3445 4539 caeli
3485 4495 3540 4540 te

1960 4568 2246 4625 celebrans
2283 4579 2593 4624 creatorem
2628 4578 2683 4626 et
2725 4572 2918 4628 dicens
2955 4591 2969 4629 :
3002 4572 3213 4629 Landet
3243 4575 3537 4630 Dominum

1960 4670 2015 4717 et
2049 4662 2419 4731 superexaltet
2449 4663 2604 4719 illum
2638 4666 2822 4721 omnis
2855 4674 3135 4722 creatura.

2033 4753 2280 4811 Laudato
2309 4754 2507 4819 Deum,
2535 4756 2796 4826 jubilate,
2829 4766 3044 4829 gentes,
3078 4759 3323 4829 plaudite
3361 4761 3542 4814 mani-

1963 4842 2090 4908 bus,
2121 4857 2256 4899 voce
2286 4844 2551 4900 concordi
2588 4845 2809 4915 psallite
2844 4847 3134 4902 :Cbristus
3172 4864 3266 4903 rex
3301 4851 3544 4903 surrexit

1964 4935 2020 4991 in
2052 4935 2227 5007 gloria
2266 4936 2412 4992 unde.
2445 4948 2695 5003 venerat,
2721 4937 2791 4993 ad
2833 4937 3124 4995 salvandos
3157 4955 3259 4994 nos
3289 4941 3545 4995 claman-

1965 5035 2051 5084 tes
2080 5047 2092 5083 :
2126 5028 2321 5084 Omnis
2344 5036 2601 5085 creatura
2632 5029 2817 5085 laudet
2844 5029 3159 5085 Dominum.

2043 5121 2236 5176 Merito
2271 5121 2638 5192 praedicantes
2668 5130 2721 5177 te
2752 5121 2848 5179 Dei
2884 5120 3113 5178 Matrem
3147 5122 3545 5193 gloriﬁcamus,

1970 5230 2003 5269 ο
2038 5213 2203 5283 Virgo
2239 5214 2632 5282 immaculata;
2686 5214 2770 5271 sic
2809 5215 2957 5271 enim
3003 5231 3174 5271 unum
3213 5231 3242 5269 a
3281 5214 3551 5272 Trinitate

1972 5322 2194 5361 carnem
2234 5305 2439 5373 fecisti,
2476 5321 2641 5377 quem
2664 5320 2790 5361 cum
2839 5304 3001 5362 Patre
3028 5319 3082 5363 et
3115 5306 3325 5378 Spiritu
3358 5316 3551 5362 sancto

1974 5408 2033 5453 ut
2060 5397 2349 5454 Dominum
2384 5398 2625 5454 celebret
2653 5398 2837 5455 omnis
2868 5406 3141 5455 creatura.

2332 5509 2663 5582 Insuﬂiciem
2695 5521 2775 5567 est
2797 5512 2968 5567 omnis
2995 5511 3199 5582 lingua.

2049 5623 2185 5690 Quis
2234 5634 2319 5679 est
2356 5603 2463 5679 iste
2498 5626 2593 5695 qui
2636 5623 2802 5680 modo
2838 5623 3088 5680 ascendit
3126 5637 3251 5677 eum
3298 5621 3469 5691 gloria
3496 5619 3555 5675 in

1980 5715 2170 5770 nube?
2218 5714 2476 5771 dixerunt
2529 5717 2787 5772 cmlestes
2837 5717 3080 5788 legiones
3106 5715 3229 5768 aliis
3267 5713 3556 5768 clamanti-

1984 5806 2107 5869 bus,
2141 5805 2360 5874 Aperite
2409 5816 2631 5876 portas;
2682 5804 2826 5861 Dens
2869 5813 2951 5861 est
2997 5806 3146 5860 solus
3188 5814 3386 5860 terram
3417 5803 3557 5857 ewlo

365 5648 423 5702 '0
458 5641 597 5716 μετὰ
618 5638 775 5709 δόξης
802 5636 929 5707 ἄρτι
957 5630 1254 5685 ὲτιιὸαίνων
1271 5626 1492 5697 νεφέλῃ,
1524 5624 1608 5687 τίς
1641 5619 1870 5716 apag:-

272 5742 384 5806 λει,
415 5715 627 5808 ἔφησαν
654 5731 932 5799 ἀνώτεραι
962 5727 1017 5781 αί
1034 5723 1217 5790 τάξεις
1246 5723 1367 5784 ταῖς
1401 5717 1654 5790 βιώσαιςο
1689 5715 1871 5808 Πύλας

276 5804 479 5893 νοητὰς
508 5804 772 5892 διάρατεο
806 5815 939 5878 Θεὸς
980 5813 1009 5865 ὁ
1041 5811 1202 5881 μόνος
1242 5808 1309 5862 τὰ
1345 5808 1439 5862 ἐπὶ
1478 5808 1581 5878 γῆς
1629 5804 1872 5875 συνάψας
