4228 6442
1574 424 1620 483 Τ
1624 422 1814 482 ROPA
1827 419 2015 478 lllUM
2031 463 2043 477 .

3297 398 3447 464 4006

1163 644 1790 737 ΤΡΟΠΑΡΙΟΝ
1863 638 2091 726 ΤΩΝ
2169 632 2489 722 ΩΡΩΝ,

1218 812 1493 868 ΠΟΙΗΜΑ
1533 804 1915 864 ΣΩΦΡΟΝῘΟΥ
1952 797 2440 858 ΙΕΡΟΣΟΛΥΜΩΝ
2457 839 2463 851 .

1166 1011 1871 1108 TBOPABIUM
1947 1001 2530 1098 HORARUM

1062 1197 1256 1260 OPUS
1314 1190 1752 1256 SOPHRONII
1810 1178 2483 1248 HIEROSOLYMITA
2498 1177 2598 1238 Nl.

587 1323 659 1409 Ἥ
695 1351 893 1423 πρώτη
931 1349 1072 1416 ὥρα,
1112 1343 1263 1417 ἦχος
1300 1344 1416 1399 πδν.
1816 1338 1871 1397 Α

282 1450 553 1519 Βηθλεὲμ,
601 1446 916 1515 ὲτοιμάζου,
948 1438 1355 1513 εὐτρεπιζέσοω
1406 1438 1439 1504 ἡ
1470 1434 1680 1504 φάτνη·
1736 1430 1796 1484 τὸ

219 1544 479 1613 σπήλαιον
514 1538 790 1608 δεχέσθω·
824 1538 857 1605 ἡ
893 1533 1121 1603 ἀλήθεια
1152 1526 1337 1602 ἦλθεν,
1390 1529 1425 1598 ὴ
1474 1526 1601 1579 σκιὰ
1652 1539 1795 1613 παρ-

218 1612 481 1706 έδραμεν,
513 1631 606 1683 καὶ
635 1628 768 1689 Θεὸς
799 1625 1108 1696 ἀνθρώποις
1150 1624 1215 1675 ὲκ
1246 1618 1523 1689 Παρθένου
1557 1612 1798 1683 πεφανέ-

221 1705 386 1795 ρώται
450 1718 760 1791 μορφωθεὶς
814 1716 875 1770 τὸ
924 1715 1045 1769 καθ’
1103 1715 1280 1783 ἡμᾶς·
1333 1711 1431 1764 καὶ
1477 1707 1688 1769 θεώσας
1738 1705 1801 1758 τὸ

217 1813 555 1884 πρόσλημμα
577 1824 589 1837 ·
622 1808 702 1863 διὸ
739 1806 910 1876 Ἀδὰμ
931 1804 1251 1859 ἁνανεοῦται
1274 1803 1369 1854 σὺν
1395 1802 1462 1870 τῇ
1494 1796 1634 1867 Εὓᾳ·
1660 1795 1799 1865 κρά-

218 1903 577 1970 ζοντεςοἘπὶ
628 1902 732 1970 γῆς
779 1898 998 1952 εὐδοκία
1025 1896 1269 1965 ἐπεφάνη
1322 1893 1491 1945 σῶσαι
1542 1890 1604 1942 τὸ
1648 1888 1803 1957 γένος

219 1996 400 2066 ἡμῶν.

286 2083 421 2152 'Hx.
460 2091 527 2153 τ’.
566 2084 680 2137 Νῦν
730 2078 1049 2152 προφητικὴ
1095 2077 1403 2148 πρόρρησις
1453 2070 1803 2142 πληρωθῆναι

218 2175 503 2243 ἑπειγεται
544 2171 821 2242 μυστικῶς
874 2173 907 2240 ὴ
960 2171 1266 2237 φάσκουσα,
1300 2184 1319 2217 ι
1359 2165 1430 2216 Σὺ
1459 2162 1704 2233 Βηθλεὲμ
1732 2159 1803 2230 γῆ

231 2264 427 2330 Ἰούδα,
457 2262 708 2331 οὐδαεῶς
738 2261 1004 2330 ὑπάρχεις
1038 2258 1296 2327 ἐλαχίστη
1329 2256 1385 2307 ὲν
1414 2255 1524 2316 τοῖς
1551 2251 1805 2323 ἡγεμόσι,

220 2355 732 2427 προευτρεπίξουσα
777 2354 839 2405 τὸ
872 2351 1139 2422 σπήλαιον
1160 2366 1176 2382 ο
1207 2350 1272 2402 ἐκ
1322 2346 1417 2401 σοῦ
1446 2345 1557 2418 γάρ
1600 2363 1690 2415 μοι
1722 2344 1808 2409 ἑξ-

220 2447 503 2501 ελεύσεται
533 2444 834 2514 ἡγούμενος
862 2443 972 2495 τῶν
994 2441 1165 2495 ἐθνῶν
1193 2438 1282 2493 διὰ
1307 2439 1532 2508 σαρκὸς,
1565 2439 1630 2490 ὲκ
1661 2439 1810 2507 Παρ-

223 2533 384 2587 θένου
432 2532 601 2603 κόρης
650 2531 887 2602 Χριστὸς
916 2532 945 2583 6
974 2529 1127 2597 Θεὸς,
1160 2528 1219 2593 ὃς
1261 2531 1520 2599 ποιμανεῖ
1563 2526 1655 2579 τὸν
1685 2525 1811 2577 λαὸν

222 2623 393 2677 αὐτοῦ
415 2624 503 2677 τὸν
531 2624 648 2676 νέον
680 2622 915 2694 Ἰσραήλ·
948 2642 966 2675 ι
1004 2622 1186 2692 δῶμεν
1212 2621 1361 2691 αὐτῷ
1380 2623 1615 2683 ἅπαντες
1641 2634 1811 2688 μεγα-

222 2715 493 2784 λωσύνην.
530 2716 693 2781 Στιχ.
726 2715 919 2780 Κύριε,
956 2712 1306 2778 εἱσακήκοα,
1337 2712 1440 2776 δυ’,
1474 2707 1573 2782 ἦχ.
1620 2710 1720 2763 πὸ.

299 2801 439 2857 Τάδε
475 2802 622 2870 λέγει
658 2802 854 2871 Ἰωσὴφ
886 2801 1023 2872 πρὸς
1060 2803 1160 2872 τὴν
1195 2800 1505 2872 Παρθένονο
1540 2800 1727 2869 Μαρία
1761 2799 1814 2852 τί

224 2898 287 2948 τὶ
320 2896 505 2967 δρᾶμα
534 2894 714 2959 τοῦτο,
741 2893 769 2947 ὃ
798 2897 855 2948 ἐν
883 2895 965 2948 col
990 2893 1287 2962 τεθέαμαι;
1332 2891 1566 2964 Ἀπορῶ,
1603 2894 1694 2944 καὶ
1726 2890 1815 2957 ἐξ·

229 2986 479 3056 ίσταμαι,
506 2988 603 3039 καὶ⁵
634 2986 726 3038 τὸν
754 2985 880 3039 νοῦν
913 2987 1365 3055 καταπλήττομαι
1385 3002 1399 3015 ⁸
1432 2985 1607 3055 λάθρα
1639 2985 1817 3038 τοίνυν

226 3079 325 3132 ἀπ’
355 3076 492 3147 ἐμοῦ
522 3078 681 3146 γενοῦ
720 3081 777 3131 ὲν
807 3079 963 3147 τάχει
983 3094 997 3107 ⁸
1031 3080 1241 3149 Μαρία,
1273 3078 1325 3129 τί
1361 3077 1420 3129 τὸ
1452 3079 1632 3148 δρᾶμα
1662 3076 1818 3129 τοῦτο

226 3170 257 3224 ὃ
314 3174 373 3224 ἐν
419 3171 505 3236 σοὶ
551 3169 846 3240 τεθέαμαις
888 3171 1034 3223 Ἀντὶ
1064 3170 1230 3238 τιμῆς
1276 3169 1559 3239 αἰσχύνην,
1589 3169 1820 3222 ἀντέὑ-

228 3264 506 3335 φροσύνης
540 3264 637 3334 τὴν
674 3263 873 3333 λύπην,
903 3263 1025 3316 ἀντὶ
1046 3262 1140 3315 τοῦ
1167 3263 1503 3315 ἐπαινεῖσθαι
1529 3261 1620 3314 τὸν
1652 3261 1818 3330 ψόγον

220 3340 325 3426 pio:
357 3356 709 3427 προσήγαγες
731 3371 746 3386 ο
792 3354 976 3407 οὐκέτι
1011 3355 1160 3422 φέρω
1188 3354 1371 3406 λοιπὸν
1406 3354 1463 3406 τὸ
1498 3352 1695 3416 ὄνειδος
1728 3354 1820 3405 ἀν-

229 3446 501 3518 θρώπων·
533 3444 640 3498 ὐπὺ
675 3443 781 3514 γὰρ
811 3443 1001 3513 ἱερέων
1030 3446 1093 3495 ὲκ
1130 3442 1223 3496 τοῦ
1268 3445 1395 3495 ναοῦ
1428 3443 1500 3506 ὡς
1532 3442 1820 3513 ἄμεμπτον

230 3537 443 3607 Κυρίου
480 3552 539 3589 σε
571 3534 878 3605 παρέλαϐον
901 3553 914 3566 ·
946 3535 1041 3587 καὶ
1068 3535 1121 3586 τί
1162 3537 1223 3588 τὸ
1247 3534 1557 3607 ὁρώμενον;
1590 3536 1699 3588 Καὶ
1728 3534 1820 3586 νῦν

228 3632 293 3683 τὸ
323 3630 476 3686 αὑτό.
1234 3669 1240 3675 .

750 3724 897 3792 Ὥρα
933 3729 1004 3792 τ’.
1045 3721 1151 3791 ἧκε
1193 3720 1315 3785 πβη

307 3809 478 3878 Οὗτος
509 3817 536 3867 6
565 3815 698 3879 Θεὸς
741 3816 897 3887 ἡμῶν
916 3858 931 3882 ,
959 3817 1019 3869 οὐ
1047 3814 1430 3884 λογισθήσεται
1465 3811 1652 3882 ἕτερος
1688 3809 1823 3881 πρὸς

231 3905 434 3959 αὐτόν·
480 3907 509 3958 ὁ
555 3904 768 3976 τεχθεὶς
806 3909 870 3959 ὲκ
904 3904 1181 3976 Παρθένου
1224 3904 1315 3956 καὶ
1362 3904 1473 3974 τοῖς
1518 3901 1824 3972 ἀνθρώποις

1842 2675 1885 2730 Α
1919 2696 2162 2763 Domine,
2197 2698 2465 2762 obaudivi,
2495 2706 2637 2752 cant.
2670 2694 2760 2750 81.

2317 1325 2463 1381 Hora
2493 1324 2689 1392 prium,
2726 1333 2912 1378 cantus
2940 1322 3035 1380 84.

1972 1422 2266 1487 Bethleem,
2304 1434 2627 1492 praeparare,
2679 1419 3011 1473 iustauretur
3045 1425 3304 1482 pra-sepe,
3339 1425 3466 1480 spe-

1900 1517 2057 1571 lunca
2115 1515 2365 1582 accipiat.
2412 1509 2627 1564 Veritas
2680 1509 2853 1573 venit,
2888 1507 3077 1559 umbra
3128 1504 3363 1570 transiit,
3414 1511 3473 1558 et

1904 1606 2046 1661 Deus
2071 1605 2379 1660 hominibus
2401 1620 2432 1660 ει
2456 1603 2678 1674 Virgine
2702 1599 3079 1656 manifestatus
3100 1606 3204 1657 est,
3227 1606 3469 1649 nostram

1904 1696 2133 1755 formam
2188 1710 2495 1757 assumens,
2540 1708 2595 1749 et
2640 1701 2969 1761 assumptam
3013 1690 3339 1743 divinizans.
3389 1687 3470 1739 0h

1903 1790 2007 1845 hoc
2060 1788 2228 1842 Adam
2285 1803 2389 1842 una
2423 1801 2543 1842 cum
2582 1784 2693 1840 Eva
2737 1783 3033 1843 reviviscit,
3085 1782 3471 1847 clamantque:

1904 1881 1961 1936 In
1989 1890 2128 1935 terra
2160 1878 2534 1935 benevolentia
2563 1875 2835 1947 apparuit,
2870 1882 2929 1929 ut
2957 1874 3196 1929 salvaret
3226 1880 3470 1926 nostrum

1903 1984 2092 2040 genus.

1975 2059 2135 2118 Cant.
2187 2059 2242 2114 3.
2297 2058 2449 2113 Nunc
2508 2057 2820 2126 prophetica
2870 2054 3147 2123 praedictio
3220 2050 3475 2123 cpmpleri

1908 2153 2128 2206 festinat
2156 2150 2400 2222 mystice,
2447 2164 2569 2219 qua:
2603 2147 2785 2202 dixit:
2827 2145 2904 2200 Tn
2936 2143 3210 2198 Bethleem
3244 2143 3299 2197 in
3335 2151 3477 2196 terra

1905 2242 2066 2311 Juda,
2108 2256 2444 2312 nequaquam
2491 2240 2714 2295 minima
2756 2252 2816 2293 es
2852 2237 2905 2293 in
2957 2235 3312 2307 principibus,
3359 2247 3479 2301 qua:

1908 2336 2215 2405 speluncam
2263 2333 2610 2404 pra'parasti;
2645 2346 2711 2386 ex
2746 2344 2797 2385 te
2825 2319 2969 2385 etiim
3001 2328 3129 2383 mihi
3170 2325 3479 2396 egredietur

1910 2426 2020 2479 dux
2073 2426 2313 2493 gentium
2350 2438 2445 2493 per
2485 2436 2734 2487 carnem,
2773 2436 2804 2475 e
2848 2419 3024 2491 puella
3058 2416 3281 2485 Virgine
3321 2424 3479 2467 natus

1914 2517 2164 2571 Christus
2209 2514 2374 2578 Deus,
2419 2515 2509 2585 qui
2564 2522 2714 2583 regat
2771 2511 3021 2583 p0pulum
3074 2523 3228 2564 suum
3283 2521 3477 2560 novum

1914 2604 2077 2661 Israel
2102 2608 2140 2662 ¹.
2169 2626 2190 2661 ι
2225 2606 2511 2660 Demnsilli
2533 2619 2720 2659 orunes
2752 2602 3225 2674 magniﬁcentiam.
3268 2596 3476 2652 Versus.

1990 2808 2111 2864 llaec
2145 2808 2383 2877 loquitur
2408 2806 2606 2877 Joseph
2637 2807 2703 2861 ad
2735 2740 3011 2876 Virgiueém
3037 2820 3051 2858 :
3090 2797 3482 2869 llaria,'quoil-

1917 2916 2039 2956 nam
2087 2911 2169 2955 est
2223 2900 2365 2954 istud
2412 2905 2571 2968 opus,
2618 2898 2845 2967 quodin
2893 2907 2944 2950 te
2979 2894 3128 2949 vidi?
3160 2894 3372 2955 Dubito,
3429 2900 3484 2944 et

1920 3004 2130 3062 stupeo,
2176 3001 2231 3046 et
2264 3000 2442 3046 mente
2482 2993 2732 3045 turbatus
2761 3005 2902 3044 sum.
2943 2987 3167 3043 Oct-ulte
3195 2985 3356 3052 igitur
3393 2984 3481 3037 exi

1917 3101 1946 3139 a
1995 3098 2080 3138 me
2146 3083 2566 3152 quamprimum.
2637 3080 2830 3144 Maria,
2886 3079 3159 3149 quodnam
3210 3085 3294 3130 est
3342 3074 3486 3128 istud

1918 3190 2074 3245 Opus,
2101 3173 2245 3244 quod
2273 3173 2325 3226 in
2359 3183 2409 3228 te
2434 3173 2581 3228 vidi?
2614 3173 2718 3228 Pro
2758 3175 2961 3228 honore
2987 3167 3356 3240 opprobrium,
3391 3181 3488 3236 pro

1919 3268 2105 3321 lzetitia
2157 3267 2383 3331 luctum,
2414 3279 2512 3335 pro
2550 3264 2798 3318 laudibus
2825 3262 3209 3317 contumeliam
3238 3259 3368 3313 mihi
3403 3269 3482 3312 at-

1922 3356 2117 3417 tulisti,
2158 3370 2262 3409 non
2293 3354 2403 3421 jam
2433 3354 2606 3421 magis
2638 3343 2911 3408 hominum
2940 3351 3188 3418 injuriam
3224 3348 3484 3402 sustinm.

1924 3443 2057 3498 Nam
2099 3461 2126 3495 a
2157 3434 2529 3500 sacerdotibus
2567 3459 2598 3499 e
2632 3445 2831 3512 letnplo
2881 3452 3135 3513 tanquam
3169 3439 3482 3496 inviolatam

1924 3535 2132 3590 Domini
2186 3535 2419 3605 puellam
2466 3545 2519 3589 te
2548 3534 2768 3605 accepi;
2798 3542 2850 3588 et
2881 3532 3024 3602 quod
3056 3542 3140 3587 est
3187 3531 3317 3587 illud
3346 3530 3488 3600 quod

1925 3625 2118 3681 video?
2150 3626 2214 3680 Et
2236 3642 2379 3680 nunc
2420 3625 2582 3680 idem.

2369 3716 2522 3771 Hora
2551 3717 2705 3770 tertia
2728 3757 2743 3783 ,
2765 3706 2921 3771 cant.
2953 3714 3042 3770 82.

1994 3806 2088 3862 Ille
2121 3808 2260 3864 Deus
2309 3816 2516 3869 noster,
2561 3821 2667 3861 non
2721 3805 3030 3862 conferetur
3072 3803 3210 3858 alius
3254 3818 3379 3859 cum
3405 3816 3490 3868 eo,

1926 3900 2017 3968 qui
2055 3907 2214 3953 natus
2251 3907 2334 3952 est
2376 3912 2407 3953 e
2444 3896 2684 3967 Virgine,
2720 3907 2771 3952 et
2803 3894 3111 3950 hominibus
3141 3878 3495 3949 conversatus

231 3997 744 4068 συναναστραφεις·
798 3998 975 4070 φάτνῃ
1028 3997 1281 4066 πενιχρᾷ,
1330 3995 1459 4058 Υἱὸς
1510 3995 1824 4065 μονογενὴς,
1860 4003 1901 4057 Β

1860 3999 2046 4057 Best;
2092 3990 2352 4060 praesepio
2409 4002 2668 4061 paupere,
2727 3988 2893 4042 Filius
2937 3986 3242 4055 unigenitus
3306 3985 3495 4054 jaccns

231 4090 493 4158 κείμενος
521 4091 718 4159 ὁρᾶται
748 4088 969 4161 βροτὸς,
1005 4089 1099 4141 καὶ⁹
1137 4088 1472 4159 σπαργάνοις
1523 4086 1779 4140 πλέκεται
1805 4105 1817 4118 ·

232 4182 319 4242 εις
348 4177 519 4233 αὐτοῦ
549 4178 920 4251 προσκύνησιν
944 4180 1036 4233 καὶ
1060 4180 1221 4250 ἡμεῖς
1247 4177 1620 4249 μελῳδοῦμεν·
1655 4177 1826 4248 Τριὰς

233 4270 398 4336 ἁγία,
416 4268 594 4322 σῶσον
623 4269 721 4332 τὰς
737 4268 916 4339 ψυχὰς
942 4268 1122 4340 ἡμῶν.

310 4358 443 4429 Ἦχ.
472 4361 622 4416 mihi
657 4360 714 4413 '0
742 4359 875 4424 Θεὸς
905 4362 1011 4414 ἀπὸ
1031 4361 1246 4430 Θαιμᾶν
1260 4360 1434 4431 ἣξει.»
1453 4359 1565 4430 Πρὸ
1588 4359 1827 4428 τῆςγεν-

232 4451 453 4521 νήσεως
478 4451 578 4520 τῆς
609 4450 727 4521 σῆς,
759 4450 948 4520 τρόμῳ
980 4449 1185 4521 ὁρῶσαι
1209 4451 1269 4503 τὸ
1293 4452 1609 4522 μυστήριον,
1633 4449 1826 4520 Κύριε,

230 4542 299 4596 al
332 4541 522 4610 νοεραὶ
568 4542 821 4609 στρατιαὶ
868 4539 1335 4610 κατεπλήττοντο·
1371 4541 1445 4604 ὡς
1494 4540 1599 4610 γὰρ
1633 4539 1830 4610 βρέφος

230 4632 514 4700 νηπιάσαι
563 4631 885 4700 εὐδόκησας,
937 4631 966 4682 6
1018 4631 1110 4684 τὸν
1168 4627 1331 4685 πόλον
1382 4633 1666 4703 κοσμήσας
1721 4634 1829 4695 τοῖς

234 4726 486 4794 ἄστρασι
507 4739 522 4753 ο
557 4725 650 4777 καὶ
694 4726 760 4794 τῇ
808 4723 981 4795 φάτνῃ
1020 4724 1130 4778 τῶν
1159 4726 1371 4793 ἀλόγων
1400 4725 1773 4789 ἀνακέκλισαι,
1804 4725 1833 4776 6

231 4816 411 4887 δρακὶ
444 4815 686 4886 συνέχων
718 4815 897 4869 πάντα
940 4817 1047 4884 γῆς
1088 4817 1158 4870 τὰ
1192 4818 1403 4887 πέρατα
1426 4833 1440 4846 ·
1472 4817 1697 4889 τοιαύτῃ
1726 4816 1835 4886 γὰρ

232 4906 534 4978 οἰκονομίᾳ
579 4906 827 4978 ἑγνὼσοη
876 4923 970 4959 σου
1020 4909 1051 4978 ἡ
1100 4908 1491 4978 εὖσπλαγχνία,
1526 4909 1748 4978 Χριστὲ,
1776 4908 1836 4961 τὸ

236 4998 401 5069 μέγα
432 4996 613 5060 ﬂeor
644 4997 772 5061 δόξα
809 5014 911 5051 σοι.
949 5002 1114 5067 Στιχ.
1146 5001 1340 5068 Κύριε,
1371 4999 1725 5065 εἱσακήκοα.

318 5092 431 5146 Δο’.
460 5083 542 5157 ἧχ
574 5086 643 5158 γ’.
683 5087 883 5159 Ἰωσὴφ
933 5089 1054 5142 εἰπὲ
1084 5091 1246 5159 ἡμῖν*
1280 5091 1397 5154 πῶς
1431 5094 1495 5143 ὲκ
1523 5091 1630 5142 τῶν
1670 5091 1837 5159 ἁγίων

235 5183 318 5252 ἢν
368 5178 676 5248 παρέλαϐες
725 5178 932 5249 κόρην,
965 5179 1162 5247 ἔγκυον
1210 5181 1397 5251 φέρεις
1447 5183 1505 5233 ὲν
1552 5180 1836 5252 Βηθλεέμ;

250 5268 428 5339 Ἐγὼ,
460 5270 614 5340 φησὶ,
646 5272 774 5334 τοὺς
804 5273 1087 5341 προφήτας
1117 5273 1414 5342 ἐρευνήσας
1440 5271 1534 5324 καὶ
1564 5288 1836 5342 χρηματι-

1930 4082 2141 4136 videtur
2176 4080 2440 4143 mortalis,
2488 4088 2543 4134 et
2582 4079 2775 4149 pannis
2817 4078 3126 4133 involvitur.
3169 4076 3320 4132 llunc
3362 4076 3495 4128 ado-

1930 4180 2112 4224 rantes
2158 4178 2215 4224 et
2266 4183 2369 4223 nos
2414 4178 2732 4222 cantemus:
2768 4164 2964 4220 Sancta
3026 4163 3287 4230 Trinitas,
3345 4162 3495 4217 salva

1928 4272 2141 4316 nostras
2170 4260 2398 4314 animas.

1998 4368 2157 4427 Cant.
2188 4368 2277 4423 84.
2316 4387 2335 4418 ι
2371 4366 2510 4421 Deus
2539 4367 2607 4420 ab
2652 4366 2850 4419 Austro
2893 4363 3091 4419 veniet.
3131 4383 3150 4414 ι
3179 4365 3320 4416 Ante
3353 4371 3499 4416 tuam

1932 4460 2294 4523 nativitatem,
2337 4467 2569 4512 tremore
2596 4457 2841 4513 videntes
2883 4456 3221 4529 mysterium,
3255 4453 3497 4519 Domine,

1932 4548 2244 4618 spirituales
2295 4547 2500 4602 militia:
2543 4546 2884 4601 conturbata:
2926 4554 3073 4601 sunt.
3109 4545 3244 4599 Nam
3279 4555 3338 4600 ut
3370 4544 3504 4614 puer

1935 4641 2120 4709 vagire
2145 4639 2382 4703 voluisti,
2433 4639 2526 4708 qui
2558 4640 2751 4693 caelum
2806 4640 2964 4694 astris
3016 4639 3291 4695 exornasti
3317 4655 3334 4705 ;
3360 4645 3417 4694 et
3447 4643 3503 4693 in

1937 4730 2212 4782 lu'utorum
2275 4728 2535 4796 prmsepio
2603 4728 2875 4787 reclinari.
2945 4729 3039 4798 qui
3088 4744 3250 4782 manu
3316 4742 3506 4784 omnes

1940 4829 2094 4873 terrae
2147 4820 2413 4873 terminos
2461 4820 2727 4874 contines.
2781 4818 2899 4874 Tali
2944 4819 3094 4875 enim
3126 4818 3508 4874 incarnatione

1939 4908 2154 4977 cognita
2196 4917 2280 4962 est
2309 4914 2399 4961 tua
2423 4908 2681 4971 charitas,
2711 4907 2950 4973 Christe,
2984 4923 3174 4976 magna
3210 4908 3511 4963 misericor-

1941 4998 2027 5050 dia
2056 5013 2071 5061 ;
2103 4998 2195 5052 tibi
2235 4998 2430 5067 gloria.
2468 4998 2612 5053 Vera.
2654 4999 2896 5066 Domine,
2929 5000 3193 5054 obaudiri.

2011 5089 2164 5145 Cant.
2194 5090 2247 5144 5.
2279 5086 2499 5159 Joseph,
2538 5089 2625 5145 die
2655 5092 2831 5157 nohis,
2877 5093 3146 5158 quomodo
3178 5094 3318 5145 hanc
3346 5104 3508 5158 quam

1942 5195 1972 5233 c
2006 5182 2212 5235 sanctis
2252 5184 2481 5248 puellam
2522 5182 2797 5250 accepisti,
2836 5194 3199 5252 prmguantem
3227 5182 3382 5238 ducis
3411 5182 3512 5236 Be-

1949 5270 2185 5324 thleem?
2237 5271 2370 5341 Ego,
2433 5272 2628 5341 inquit,
2676 5273 2966 5341 prophetas
3020 5282 3294 5328 scrutatus
3341 5281 3399 5328 et
3446 5274 3514 5327 ab

240 5363 404 5423 σθεὶς
434 5362 539 5415 ὑπὸ
566 5363 824 5431 ἀγγέλου,
858 5365 1163 5434 πέπεισμαι
1212 5365 1295 5417 ὅτι
1343 5364 1477 5418 Θεὸν
1520 5365 1773 5433 γεννήσει
1802 5365 1835 5434 ή
1869 5331 1910 5388 n

1869 5331 2127 5431 Dangelo
2173 5365 2438 5429 eruditus,
2481 5364 2640 5419 credo
2698 5362 2867 5418 Deum
2899 5362 3202 5434 genituram
3251 5361 3368 5417 fore
3401 5359 3514 5414 Ma-

235 5454 441 5524 Μαρία
472 5455 921 5525 ἁνερμηνεύτωςο
953 5449 1014 5508 οὗ
1048 5459 1128 5519 εἰς
1160 5455 1550 5526 προσκύνησιν,
1586 5455 1746 5523 μάγοι
1778 5455 1838 5519 ἐξ

234 5545 532 5615 ἀνατολῶν
563 5546 754 5615 ἥξουσι
806 5548 903 5600 σὺν
942 5545 1134 5616 δώροις
1162 5548 1364 5616 τιμίοις
1394 5546 1742 5615 λατρεύοντες
1764 5562 1776 5573 ·
1809 5548 1837 5597 6

237 5635 563 5706 σαρκωθεὶς
608 5636 675 5689 δι’
702 5639 871 5706 ἡμᾶς,
905 5638 1105 5707 Κύριε,
1143 5638 1270 5704 δόξα
1321 5656 1421 5692 σοι.
1480 5637 1589 5690 Καὶ
1638 5636 1729 5691 νῦν
1779 5637 1838 5690 τὸ

243 5728 408 5783 αὑτό.

332 5862 351 5895 ¹
391 5861 553 5916 Mich.
595 5877 645 5928 ι’,
674 5861 745 5927 ‘2;
782 5862 969 5915 Matth.
1010 5877 1069 5923 ιι,
1105 5861 1153 5915 6.

1946 5458 2077 5512 riam
2123 5459 2395 5514 inrll‘ahili-
2435 5463 2593 5515 modo)
2629 5478 2643 5514 :
2679 5476 2837 5531 quem
2895 5464 3202 5526 adorantes,
3261 5458 3399 5528 Magi
3450 5459 3517 5510 ah

1943 5551 2163 5604 Oriente
2226 5551 2444 5605 venient
2501 5551 2656 5606 donis
2694 5551 2908 5605 eximiis
2960 5549 3217 5604 colentes.
3254 5547 3356 5615 Qui
3416 5564 3517 5616 pro

1946 5639 2098 5691 nobis
2146 5654 2277 5695 caro
2309 5638 2486 5696 factus
2529 5658 2610 5706 cs,
2641 5641 2875 5707 Christe,
2903 5641 2997 5696 tibi
3030 5640 3222 5709 gloria.
3273 5638 3339 5694 Et
3372 5652 3517 5692 nunc

1946 5731 2107 5783 idem.
