4228 6442
817 351 944 414 filii

2296 350 2600 411 SPURIA.

3944 345 4075 414 λεί)ιὲ

813 478 1173 534 tietttonstrat,
1215 467 1298 521 vel
1349 466 1576 537 rig-iditts
1618 466 1870 528 dicendo,
1909 481 2074 519 unum
2115 467 2393 520 cutndem-
2424 469 2475 527 Λ
2497 465 2686 520 δείκνυ

2424 469 2475 527 Λ
2497 465 2747 520 δείκνυσι
2775 467 2872 520 καὶ
2905 468 3025 522 κατ’
3055 468 3250 521 οὖαίαν
3280 467 3376 520 καὶ
3410 467 3529 521 κατ’
3562 467 3848 538 ἐνέργειαν
3895 470 4074 538 ὅμοιον

812 579 918 631 que
950 561 1145 616 Filium
1192 577 1316 615 cum
1367 559 1551 624 Patre,
1583 569 1634 613 ct
1675 558 1978 612 substantia
2021 568 2077 612 et
2119 559 2396 628 operatio-

813 654 998 708 nibus.
1027 651 1258 721 Propter
1300 662 1574 716 naturam,
1607 649 1916 705 substantia
1959 649 2078 705 sine
2121 650 2399 718 cpi-ratio-

812 745 972 798 nibus
1015 757 1120 796 non
1161 754 1266 805 est,
1299 758 1476 812 neque
1517 743 1866 813 operationes
1908 743 2031 799 sine
2066 743 2393 798 substantia.

813 832 1082 886 Prtcterea
1124 833 1444 888 substantia:
1483 833 1601 887 idea
1647 835 1765 888 sine
1794 843 2118 905 argumento
2153 849 2256 888 non
2293 844 2396 899 est,

817 925 1152 993 inspiciendo
1183 925 1544 979 substantiam
1581 926 1836 990 firmant,
1902 940 2024 980 nam
2063 941 2221 981 nemo
2269 928 2399 979 sub-

813 1017 1077 1070 sttntiam
1141 1017 1229 1069 Dei
1280 1017 1414 1070 vidit
1465 1016 1782 1086 aliquando,
1841 1017 1920 1073 sic
1989 1031 2108 1072 eam
2179 1017 2397 1072 firmant

813 1109 1237 1176 tqtcrationihtts.
1278 1128 1296 1160 ι

1212 1220 1566 1278 SCllOLlUM
1615 1223 2005 1281 SUPIIRONII.

888 1334 1076 1389 Videte
1141 1337 1577 1391 convenientiam
1640 1339 2018 1393 confirmatam
2082 1339 2227 1394 inter
2282 1342 2398 1396 haec

815 1441 914 1495 per
970 1428 1116 1480 illum
1151 1447 1163 1481 :
1200 1427 1315 1482 Non
1361 1430 1480 1498 plus
1529 1429 1656 1484 licet
1698 1432 1764 1482 ab
1806 1431 2218 1498 operationibus
2262 1434 2395 1488 sub-

816 1521 1071 1572 stantiam
1124 1519 1252 1588 (nisi
1300 1535 1418 1573 eam
1470 1521 1605 1575 nihil
1657 1521 1889 1576 similem
1939 1522 2126 1589 facias,
2165 1526 2396 1579 inertem

814 1611 1086 1680 ponendo)
1139 1627 1303 1679 quam
1362 1614 1712 1680 operationes
1764 1633 1791 1667 a
1848 1616 2153 1669 substantia
2208 1633 2395 1670 earum

811 1701 1102 1767 elementa,
1140 1702 1476 1772 disjungere.
1530 1703 1610 1756 An
1645 1720 1794 1772 ergo,
1828 1720 2168 1774 quaecunque
2210 1721 2396 1775 opera-

809 1793 886 1846 tio
931 1793 1254 1847 substantiae
1302 1793 1669 1848 mauifestatio
1712 1807 1861 1849 certa
1907 1799 2000 1860 sit,
2037 1799 2392 1867 quemadmo-

809 1885 936 1937 dum
993 1883 1094 1936 hoe
1147 1884 1308 1952 periti
1359 1884 1914 1950 demonstraverunt,
1965 1891 2086 1957 quis
2143 1897 2392 1943 naturam

810 1975 1144 2030 immobilem
1180 1977 1362 2030 dicere
1397 1986 1597 2044 potest,
1628 1980 1751 2046 quis
1787 1979 2122 2033 activitatem
2162 1981 2392 2035 inertem

811 2067 1103 2134 concipere
1153 2077 1353 2137 potest,
1397 2083 1518 2122 cunt
1569 2078 1851 2123 actuosam
1898 2068 2393 2126 manifestationem

810 2158 992 2212 onmis
1028 2166 1183 2212 actus
1223 2159 1488 2214 naturalis
1528 2161 1819 2230 concipere
1849 2161 2114 2215 deberet?
2143 2161 2216 2215 lta
2249 2165 2393 2232 quod

811 2263 1088 2318 nunquam
1131 2250 1385 2304 ofﬁrmari
1429 2261 1628 2321 potest,
1658 2261 1867 2306 tantum
1911 2253 1962 2307 in
1999 2252 2276 2308 Christum
2315 2255 2394 2308 vi-

812 2339 1056 2406 deretur,
1087 2342 1154 2395 ab
1184 2355 1249 2396 eo
1277 2341 1393 2395 solo
1426 2343 1752 2408 fimtaretur,
1785 2345 1835 2398 id
1871 2353 1953 2399 est
1980 2345 2181 2414 potius,
2208 2345 2392 2398 firma-

813 2441 966 2487 retur
990 2447 1092 2488 nec
1119 2445 1284 2489 esset.
1315 2434 1584 2500 Quoniam
1608 2438 1956 2506 operatioues
1982 2453 2103 2492 cum
2133 2438 2389 2492 substan-

813 2524 904 2580 tiis
939 2535 1086 2592 sunt,
1116 2528 1483 2581 necessarium
1520 2538 1602 2582 est
1645 2543 1775 2598 ergo
1801 2529 2149 2584 considerare
2181 2540 2392 2582 utrum-

811 2626 936 2682 que,
985 2615 1110 2683 quia
1167 2629 1263 2683 per
1320 2615 1697 2670 confusionem
1747 2617 1983 2671 virtutes
2035 2631 2155 2686 quae
2199 2627 2392 2671 errata:

813 2713 941 2758 sunt
979 2705 1268 2760 destruetrc
1311 2715 1458 2761 sunt.
1507 2706 1666 2761 Esset
1707 2707 1852 2761 enim
1891 2707 2092 2763 stultus
2145 2708 2236 2778 qui
2273 2708 2395 2762 sub-

811 2796 1068 2848 stantiam
1106 2799 1374 2866 acciperet
1401 2807 1456 2853 et
1487 2807 1691 2850 motum
1724 2797 1799 2851 illi
1829 2799 2114 2852 abnueret.

2501 554 2641 613 εἶναι
2671 560 2762 613 τὸν
2789 559 2917 612 Υίὸν
2951 559 3028 630 τῷ
3061 561 3258 631 Πατρὶ,
3287 560 3488 630 μᾶλλον
3527 559 3585 612 δὲ
3611 559 3980 630 ἀληθέστερον
4004 563 4076 612 εἱ-

2499 656 2623 706 πεῖν
2656 653 2748 707 τὸν
2795 653 2954 706 αὐτόν
2976 669 2989 684 ·
3041 651 3167 705 οὔτε
3204 652 3313 723 γὰρ
3358 651 3515 704 οὐσία
3557 652 3697 705 κατὰ
3729 650 3890 720 φύσιν
3924 653 4074 720 ἐνερ-

2500 745 2658 814 γείας
2684 745 2837 811 ἄνευ,
2867 743 2992 796 οὔτε
3030 743 3284 814 ἐνέργεια
3308 743 3479 812 χωρὶς
3510 741 3701 805 οὐσίας
3733 740 3866 794 ποτέ
3890 758 3902 771 ⁸
3945 743 4076 810 μᾶ).-

2500 839 2590 894 λον
2636 840 2695 893 δὲ
2741 840 2841 910 τὴν
2891 838 3081 892 οὐσίαν
3113 837 3247 908 πρὸς
3286 831 3558 889 ’πίπτωσιν
3589 835 3838 905 ἔχοντες·
3888 834 4074 887 οὐσίαν

2498 932 2607 1001 γὰρ
2635 930 2696 982 οὐ
2729 927 2951 982 πώποτέ
2982 945 3066 990 τις
3111 922 3220 979 οἶδε
3253 925 3391 978 Θεοῦ
3412 943 3423 955 ’
3467 926 3556 980 διὰ
3585 925 3642 978 δὲ
3671 925 3768 995 τῆς
3799 925 4074 996 ἐνεργείας

2496 1024 2696 1094 ὁμοίως
2727 1023 2826 1094 τὴν
2850 1021 3042 1076 obsim
3073 1017 3436 1073 πιστούαεθα.
3484 1036 3501 1069 ι

2922 1226 3222 1282 ΣΧΟΛΙΟΝ
3257 1223 3663 1279 ΣΩΦΡΟΝΙΟΥ.

2583 1345 2745 1414 Ὀρᾷς
2796 1341 2871 1403 ὼς
2904 1340 3162 1410 ἀλλήλαις
3208 1337 3412 1398 ταύτας
3461 1333 3770 1398 συνέζευξε,
3821 1331 3914 1384 καὶ
3955 1331 4071 1384 οὗτε

2498 1436 2662 1504 φύσιν
2693 1436 2974 1506 ἐνεργείας
3002 1434 3132 1486 ἄνευ
3185 1431 3299 1484 ἔστι
3351 1427 3672 1491 θεάσααθαι,
3707 1427 3791 1478 ἴνα
3823 1426 3897 1495 μὴ
3945 1424 4072 1494 πρὶς

2493 1525 2556 1576 τὸ
2605 1523 2680 1593 μὴ
2712 1523 2770 1575 ὃν
2815 1521 3093 1592 ἀπονεύσῃ
3142 1519 3426 1589 ἐνεργείας
3456 1515 3802 1586 ἀμοιροῦσα,
3859 1515 3969 1566 οὐδ’
4009 1511 4072 1566 αὖ

2498 1615 2660 1669 πάλιν
2680 1615 2957 1684 ἐνέργειαν
2979 1614 3074 1680 τῆς
3100 1609 3434 1680 ἐνεργούσης
3455 1608 3622 1674 αὐτὴν
3642 1605 3798 1668 ἐκτὸς
3821 1605 4070 1670 scissum;

2496 1707 2558 1759 Εἰ
2591 1707 2739 1758 πᾶαα
2771 1702 2950 1755 τοίνυν
2985 1704 3234 1772 ἐνέργεια
3265 1697 3481 1767 φύσεώς
3511 1697 3648 1757 τινῖς
3683 1693 3949 1759 οὺσιώδης
3972 1694 4076 1761 ὁρί-

2422 1831 2468 1890 B
2498 1798 2647 1862 ζεται
2682 1797 2896 1866 κίνησις
2921 1835 2936 1860 ,
2965 1794 3042 1856 ὡς
3069 1793 3119 1845 οἱ
3149 1791 3280 1860 περ)⁸
3312 1789 3486 1842 ταῦτα
3533 1787 3698 1840 δεινοὶ⁵
3741 1785 4071 1853 auriﬂuus,

2503 1887 2605 1942 ποῦ
2645 1888 2808 1958 φύσιν
2857 1904 2939 1950 τις
2969 1881 3078 1937 οἶδέ
3110 1899 3240 1936 ποτε
3267 1880 3545 1950 ἀκίνητον,
3576 1878 3608 1948 ἦ
3652 1875 3936 1938 παντελῶς
3985 1876 4075 1928 ἀνα

2500 1982 2792 2050 ενέργητον
2817 1978 3100 2048 ἐνέργειαν
3144 1974 3398 2046 εὕρηκεν,
3428 1974 3490 2025 οὐ
3523 1973 3761 2040 φυσικῆς
3792 1968 4076 2037 δυνάμεως

2501 2073 2854 2141 ὑπάρχουσαν
2898 2070 3147 2138 κίνησινς
3196 2066 3284 2118 ἵνα
3317 2066 3455 2134 ὅπερ
3494 2061 3706 2131 οὖδαμῆ
3740 2057 4077 2129 καθορᾶαθαι

2501 2164 2533 2234 ἢ
2569 2161 2828 2230 λέγεσθαι
2856 2160 3116 2223 δύναται,
3148 2155 3307 2210 τοῦτο
3344 2155 3438 2208 ἐπὶ
3469 2155 3632 2224 μόνον
3661 2150 3904 2221 Χριστοῦ
3947 2149 4076 2202 καθ·

2498 2257 2690 2326 ορᾶται
2725 2253 2818 2306 καὶ
2871 2253 3118 2320 λέγηται,
3153 2249 3353 2319 μᾶλλον
3376 2247 3432 2299 δὲ
3469 2245 3543 2314 μὴ
3569 2242 3958 2313 καθορώμενον
3996 2243 4079 2293 13'-

2500 2364 2667 2415 γηται
2691 2361 2704 2374 ⁸
2741 2344 2932 2411 ἐπειδὴ
2958 2343 3014 2396 δὲ
3049 2342 3158 2394 τῶν
3189 2339 3386 2393 οὐσιῶν
3415 2339 3561 2390 ἐστιν
3592 2335 4004 2404 ομιιλογουμένη
4045 2334 4075 2400 ἡ

2499 2439 2772 2507 ἐνέργεια,
2805 2435 3022 2504 ἀνάγκη
3055 2434 3284 2504 Θεωρεῑν
3311 2431 3409 2484 σὺν
3439 2429 3559 2491 ταῖς
3589 2428 3801 2489 οὐσίαις
3829 2426 3929 2478 καὶ
3983 2425 4077 2485 τὰς

2499 2531 2805 2601 ἐνεργείας,
2838 2529 2926 2581 ἵνα
2974 2525 3048 2596 μὴ
3088 2523 3405 2592 κολοεῶμεν
3436 2523 3492 2573 ὲν
3535 2523 3601 2589 τῇ
3636 2519 3827 2572 ἑνὼσει
3861 2518 3931 2571 τε
3971 2517 4078 2568 τῶν

2495 2620 2805 2674 ἑνωθέντων
2836 2618 3102 2688 ἰδιώματα
3123 2635 3138 2650 ο
3162 2616 3328 2685 λῆρος
3354 2613 3464 2681 γὰρ
3505 2611 3570 2666 ἂν
3599 2613 3684 2679 εῐη
3714 2610 3949 2672 πλατὺς,
3979 2606 4076 2673 φύε

2499 2729 2582 2766 σιν
2619 2711 2716 2782 μὲν
2750 2710 3057 2780 ὁμολογεῖν,
3097 2706 3366 2777 ἀνενεργῆ
3399 2705 3455 2758 δὲ
3489 2704 3669 2771 λέγειν
3692 2701 3890 2770 αὑτήν.

2092 3129 2822 3240 SPURIA.

1591 3337 1965 3396 SOPllRONll
2006 3339 2084 3409 (Ι)
2120 3337 2595 3394 PATRIABCIUE
2626 3336 3293 3402 HIEROSOLYMITANI,

930 3496 1027 3556 DE
1079 3495 1530 3570 LABORIBUS,
1593 3494 2167 3556 CERTAMINIBUS
2207 3495 2300 3556 ET
2337 3496 3140 3558 PEREGRINATIONIBUS
3171 3494 3276 3556 SS.
3305 3494 3537 3555 PETRI
3576 3494 3671 3554 ET
3701 3494 3956 3556 PAULI.

1569 3661 1844 3729 (Bibliotlt.
1873 3660 2091 3716 Patrum
2127 3673 2163 3717 ι.
2207 3663 2451 3730 ψιεε.
2479 3695 2549 3703 -
2576 3679 2640 3717 ex
2693 3662 2908 3734 Magist.
2957 3663 3082 3719 SJC.
3123 3662 3380 3730 Palatii.)

888 3929 1082 3984 Petrus
1106 3941 1304 3999 genere
1340 3926 1441 3981 fuit
1477 3924 1756 3990 llebrzeus,
1789 3927 2066 3982 habitabat
2101 3928 2153 3982 in
2175 3928 2390 3983 Galilcea
2421 3937 2463 3995 ς,
2500 3944 2603 3982 non
2635 3930 2946 3999 exasperari
2974 3939 3160 3984 contra
3188 3939 3503 4000 peceatores
3527 3930 3809 3985 eruditur‘
3839 3948 3854 3984 :
3892 3930 4076 3999 illique

809 4021 1132 4085 Palzestinae,
1159 4020 1332 4089 patria
1365 4018 1480 4084 ejus
1501 4017 1807 4071 Bethsaida.
1835 4016 2144 4072 Simeonem
2176 4018 2387 4074 Justum

807 4110 1191 4179 quiCltristum
1236 4109 1288 4160 in
1337 4106 1476 4160 ulnis
1505 4107 1696 4169 tenuit,
1727 4106 2140 4174 compatriotam
2180 4107 2384 4162 habuit.

809 4203 969 4257 Pater
998 4202 1144 4256 Petri
1183 4200 1346 4255 Jonas
1373 4199 1471 4252 fuit
1504 4199 1838 4268 temporibus
1867 4197 2123 4268 llyrcani,
2159 4199 2248 4268 qui
2291 4215 2391 4253 au-

766 4328 768 4335 ς
811 4313 894 4348 res
935 4310 1059 4347 suas
1094 4307 1215 4344 cum
1279 4305 1443 4359 regno
1492 4288 1568 4359 (id
1629 4289 1891 4343 actitaute
1935 4287 2126 4357 fratre)
2186 4289 2387 4343 amisit.

810 4386 998 4440 Frater
1051 4382 1194 4438 Petri
1249 4382 1533 4434 Andreas:
1581 4379 1830 4448 cepitque
1891 4394 2114 4432 uxorem
2175 4379 2386 4445 Petrus,

809 4477 972 4530 tiliam
1023 4471 1343 4535 Aristobuli,
1387 4471 1570 4524 fratris
1625 4469 1769 4523 beati
1834 4467 2098 4523 Barnaha:
2132 4470 2379 4537 apostoli,

810 4582 874 4620 ex
916 4581 1018 4634 qua
1058 4563 1296 4632 suscepit
1331 4561 1498 4615 filium
1545 4569 1598 4614 et
1627 4559 1811 4612 ﬁliam.
1857 4560 2103 4613 Andreas
2143 4561 2380 4613 ca-libem

810 4658 1012 4711 ducens
1044 4656 1234 4718 vitam,
1261 4651 1621 4706 Prmcursoris
1658 4649 1866 4704 Domini
1903 4650 2074 4706 factus
2109 4661 2191 4705 est
2221 4651 2382 4705 disci-

807 4749 987 4817 pttlus.
1021 4747 1214 4800 Petrus
1245 4745 1476 4814 negotiis
1510 4745 1842 4808 intendebat,
1869 4754 1924 4797 ttt
1966 4744 2056 4812 qui
2088 4744 2261 4805 uxori,
2300 4744 2380 4796 fa-

813 4839 971 4892 milia:
998 4847 1051 4893 et
1087 4839 1258 4906 patris
1289 4839 1440 4891 senio
1482 4837 1814 4904 providebat.
1870 4836 1908 4888 A
1943 4837 2158 4890 Christo
2197 4835 2386 4888 Petrus

810 4931 878 4984 ob
907 4931 1102 4985 mentis
1135 4929 1524 4983 [irtnitudinetn
1559 4929 1859 4996 appellatur
1886 4929 1900 4958 ¹
1933 4945 1949 4994 ;
1987 4941 2146 4994 super
2195 4925 2386 4980 ﬂuctus

811 5022 979 5076 maris
1010 5031 1264 5089 tanquam
1292 5020 1646 5086 incorporeus
1700 5017 2006 5083 ambulat’;
2036 5018 2386 5086 transfigura-

810 5112 977 5168 tionis
1016 5112 1222 5167 Domini
1257 5112 1552 5181 inspector,
1609 5123 1791 5165 vocent
1845 5109 2072 5178 primam
2141 5109 2290 5162 audit
2322 5110 2384 5176 ³;

882 5256 895 5282 ¹
933 5252 1090 5306 Jvan.
1127 5269 1164 5315 ι,
1189 5253 1276 5306 42.
1354 5255 1372 5283 ³
1411 5250 1598 5304 Matth.
1634 5265 1740 5303 xtv.
1782 5248 1872 5302 29.

810 5339 844 5384 t,
886 5324 966 5382 I35,
998 5325 1087 5376 26.
1166 5325 1184 5354 "
1224 5325 1343 5377 Act.
1375 5339 1448 5386 ιχ,
1477 5321 1566 5375 54.
1643 5322 1664 5351 ⁸
1700 5321 1814 5374 Act.
1849 5335 1900 5376 χ.
1931 5319 1951 5371 l
1985 5333 2138 5384 seqq.

1952 5249 1970 5278 ³
1998 5247 2185 5298 Matth.
2226 5261 2353 5306 1m,
2388 5245 2404 5298 l
2439 5261 2589 5313 seqq.

2496 4021 2679 4074 mundi
2709 4021 3018 4089 procuratio
3051 4022 3428 4084 committitur,
3475 4031 3529 4074 et
3581 4021 3874 4074 traduntur
3909 4023 4074 4075 cccle-

2491 4113 2650 4164 stiutn
2670 4115 3042 4166 thesaurorum
3064 4111 3473 4178 claves‘.Super
3487 4119 3685 4164 emtum
3702 4110 4075 4179 apostolorum

2492 4207 2817 4258 consumtus
2848 4215 2967 4270 est;
3001 4203 3286 4258 Matthiam
3313 4204 3509 4258 sullieit
3544 4205 3596 4256 in
3632 4203 4001 4272 apostolatum
4036 4204 4075 4256 ‘.

2496 4293 2614 4347 Non
2663 4294 2837 4347 solum
2871 4293 3255 4348 miraculorum
3294 4294 3680 4362 tttagnitudiue,
3715 4293 3807 4348 sed
3863 4305 3920 4348 et
3958 4311 4077 4346 ver-

2496 4382 2685 4437 borum
2719 4381 2975 4448 emcacia,
3035 4383 3337 4448 auditores,
3378 4398 3600 4437 uxorem
3639 4383 3870 4448 habens,
3909 4385 3979 4437 ad
4012 4383 4070 4434 fi-

2491 4471 2610 4524 dem
2630 4471 2830 4526 Christi
2865 4472 3142 4541 rapiebat;
3175 4473 3564 4542 constituitque
3594 4472 3678 4535 ‘IO,
3699 4472 3805 4526 000
3830 4474 4075 4527 virorum

2492 4561 2806 4616 Et-eicsiam.
2858 4565 3121 4617 Ananiatn
3174 4575 3229 4619 et
3278 4579 3498 4618 uxorem
3536 4564 3650 4618 sola
3697 4564 4076 4634 increpatione

2493 4654 2806 4722 prosternit.
2843 4656 2898 4707 lu
2933 4653 3114 4724 Lydda
3168 4652 3398 4708 Aineam
3431 4653 3788 4724 paralyticum
3838 4665 4002 4708 sanat
4031 4655 4071 4706 ⁷.

2490 4744 2545 4798 ln
2577 4744 2746 4811 .lumic
2791 4745 3030 4799 Dorcada
3081 4747 3327 4799 suscitat.
3371 4744 3424 4797 ln
3473 4746 3719 4799 Caesarea
3753 4742 4070 4798 Cornelium

2490 4837 2862 4888 centurionem
2896 4851 3017 4887 cum
3055 4849 3151 4887 sua
3187 4845 3295 4889 tota
3321 4835 3521 4887 familia
3561 4835 3624 4886 ad
3659 4833 3944 4888 Christum
3981 4850 4070 4888 ro-

2492 4936 2601 4989 cat,
2633 4927 2902 4995 baptizat,
2938 4926 3139 4994 Spiritu
3176 4935 3367 4980 sancto
3401 4925 3648 4993 implet“.
3683 4923 3942 4977 Linteum
3989 4925 4069 4974 vi-

2491 5018 2601 5078 det,
2641 5025 2695 5068 ttt
2731 5027 2939 5085 portam
3003 5017 3120 5070 fidei
3178 5031 3272 5084 per
3298 5017 3679 5070 revelationem
3717 5015 3954 5082 aperiat.
3992 5014 4068 5067 Ab

2493 5107 2705 5163 llerode
2733 5109 2990 5180 Agrippa,
3023 5109 3231 5163 duabus
3249 5109 3458 5162 catenis
3490 5109 3720 5169 vinctus,
3754 5116 3808 5160 et
3835 5108 4068 5160 traditus

2666 5243 2687 5275 ⁸
2721 5243 2906 5298 Matth.
2944 5257 3095 5306 svnt,
3127 5240 3219 5297 22.
3299 5241 3320 5272 ⁸
3345 5238 3532 5294 Matth.
3573 5253 3685 5302 XVI,
3713 5236 3800 5293 l9.
3880 5237 3902 5270 ⁸
3935 5240 4053 5293 Act.

2299 5401 2519 5457 NOTAL

878 5537 956 5604 (l)
994 5532 1281 5604 Sophronii
1300 5529 1470 5604 vitant
1495 5524 2085 5604 habes_aptt.d_sanctum
2106 5521 2372 5602 Hierony-

810 5591 956 5661 mtlni
989 5591 1084 5658 lib.
1111 5601 1182 5654 De
1205 5598 1547 5667 scriptoribus
1576 5591 1793 5670 ecclﬁatﬁl
1821 5595 1978 5670 linem
2000 5609 2166 5670 ;_nant
2191 5591 2235 5670 si
2269 5607 2361 5643 au-

810 5686 928 5730 ctur
950 5673 1108 5742 hujus
1130 5663 1373 5742 opusculi
1401 5676 1486 5722 est
1515 5675 1733 5742 sanctus
1761 5663 2103 5742 Sepltronius
2139 5663 2358 5742 episco-

816 5761 908 5813 pus
932 5731 1472 5808 llie'rosol'ymitauus,
1493 5744 1551 5790 ut
1578 5735 1689 5804 ipsa
1715 5732 1995 5802 inscriptio
2023 5731 2260 5800 praefert,
2282 5731 2357 5783 ri-

2481 5518 2715 5571 diculqu
2750 5525 2830 5570 est
2865 5525 3112 5569 sanctum
3141 5513 3523 5584 Hieronymum
3550 5514 3793 5580 potuisse
3811 5515 4057 5569 scribere

2471 5591 2635 5641 vitam
2663 5586 2834 5640 sancti
2858 5584 3144 5649 Sophronii
3171 5584 3938 5653 Hiemsonmitaui_episcopi,
3964 5586 4053 5650 qui

2472 5661 2573 5713 sub
2608 5656 2852 5710 lleraclio
2884 5653 3038 5719 obiit,
3069 5668 3213 5708 anno
3235 5651 3445 5706 Domini
3479 5653 3603 5706 056.
3635 5651 3732 5706 Est
3758 5651 4052 5707 enimalter

2473 5725 2809 5798 Sophronias
2832 5725 2921 5779 ille
2945 5724 3117 5780 sancti
3149 5722 3461 5792 Hieronymi
3496 5722 3729 5776 amicus.
