4228 6442
248 393 388 454 4313
1181 400 1639 459 “exutum
1682 402 2108 461 )lt).\'.\l‘.lILTS‘.
2161 426 2225 436 -—
2274 399 2650 460 uoxn‘ttn.
3370 397 3508 459 aut

247 504 696 571 ipiaternionibus
760 505 1017 571 militum,
1053 510 1255 563 carceri
1313 512 1669 580 mancipatus,
1709 513 1816 565 sol-
1848 520 1896 576 Α
1926 514 2149 582 Sinope,
2182 512 2406 581 Mys-tice
2434 514 2810 579 llcllespontis,
2841 512 3051 563 finitiva!
3075 510 3503 579 Paphlagonum,

245 594 389 646 vitur
425 594 494 648 ab
529 596 775 664 augelo’.
799 596 1098 653 Occasione
1132 599 1367 668 perfidiae
1399 600 1637 657 Simonis
1661 603 1824 674 Magi,
1934 604 2291 672 Clandiopoli,
2354 602 2693 667 llonoriadis,
2732 602 3075 665 Nicomediic,
3106 599 3504 669 llithynize,l\i-

245 684 457 755 Syriam
486 690 744 743 discurrit
775 688 1033 755 “,adhuc
1060 702 1241 746 autem
1273 702 1325 747 et
1366 692 1619 758 Pontum,
1643 697 1825 749 Asiam
1926 710 2087 749 creat:
2124 705 2176 748 et
2209 712 2273 748 ex
2330 696 2503 764 pritna
2550 692 2887 762 profectione
2938 709 3033 747 sua
3102 693 3153 745 in
3202 693 3502 745 Caesaream

242 788 293 830 ct
342 776 637 843 Galatiam,
680 790 729 834 et
778 781 974 849 ubique
1029 785 1347 837 seminando
1413 785 1635 839 verbum
1684 789 1825 850 vitae,
1932 802 2029 856 per
2060 787 2453 855 Cappadociam
2487 796 2541 841 et
2568 786 2781 857 Syriam
2820 785 3003 854 (tertio
3029 784 3139 851 jam
3174 799 3315 837 anno
3340 798 3504 837 voca-

241 864 470 919 Rmnam
492 869 755 935 pervenit.
784 867 1041 933 Sidoniae,
1065 869 1304 942 Berythi,
1339 872 1512 943 Bybli,
1550 874 1828 944 episcOpos
1931 878 2091 931 tionis
2118 877 2324 946 elapso)
2362 877 2518 929 rediit
2552 875 3003 945 Hierosolymam.
3050 873 3251 927 Deinde
3284 889 3499 926 rursum

241 972 304 1009 ex
330 958 431 1020 his,
461 958 549 1025 qui
584 976 704 1013 eum
742 962 1165 1024 comitabantur,
1197 966 1332 1018 duos
1349 966 1658 1020 ordinavit:
1690 968 1828 1033 apud
1932 986 2026 1039 per
2052 970 2395 1023 Antiochiam
2433 968 2867 1023 etNicomediam
2901 966 3340 1021 ubiProchoruni
3368 982 3503 1032 prae-

240 1046 499 1115 Tripolim
536 1049 847 1114 thnicim,
876 1052 1112 1106 Marcum
1151 1055 1414 1125 hospitem
1445 1073 1597 1110 suum
1639 1060 1828 1111 Antio.
1932 1059 2060 1115 fecit
2088 1062 2139 1113 in
2182 1060 2494 1128 episcopum
2526 1076 2537 1111 :
2578 1071 2685 1111 tum
2709 1059 2924 1111 demum
2956 1055 3179 1108 Romam
3235 1055 3496 1121 pervenit,

240 1139 399 1201 claim,
435 1141 718 1202 Autaradi,
756 1140 947 1204 Acadi,
982 1142 1197 1198 Balneis
1246 1156 1299 1199 et
1357 1145 1542 1208 Pellae.
1601 1147 1824 1202 Gazam
1932 1151 2112 1217 ibique
2146 1163 2265 1202 cum
2289 1146 2452 1202 Paulu
2482 1150 2746 1216 apostolo,
2773 1147 3052 1200 tricesimo
3090 1142 3319 1198 Neronis
3357 1159 3498 1194 auuu

240 1242 291 1282 et
331 1227 985 1286 Laodiceanlilartianum
1011 1235 1061 1287 in
1090 1233 1358 1304 Syracnsa
1396 1236 1617 1299 Sicili:e,
1651 1238 1821 1290 Brau-
1926 1256 2120 1309 passus
2150 1250 2252 1293 est.
2284 1239 2413 1293 \‘ide
2435 1239 2828 1292 Tertullianum
2863 1239 2913 1290 in
2948 1236 3084 1290 libro
3112 1234 3200 1289 ubi
3228 1235 3322 1295 ait,
3350 1249 3494 1286 mor-

238 1321 436 1372 catium
505 1321 848 1377 Tauromenii
903 1342 914 1377 :
961 1324 1230 1380 Titianum
1281 1328 1653 1396 Cappadocie,
1707 1330 1817 1383 An-
1926 1334 1996 1385 tis
2061 1330 2207 1385 Petri
2259 1342 2314 1386 et
2356 1330 2505 1384 Pauli
2560 1332 2884 1384 mentionem
2947 1328 2997 1380 iu
3050 1326 3349 1379 Annalibus
3405 1326 3497 1376 ha-

237 1430 402 1485 cyra‘,
438 1415 682 1479 Galatiae,
716 1418 806 1471 ubi
843 1431 892 1471 ct
926 1422 1153 1472 suscitat
1197 1432 1486 1482 mortuum,
1525 1423 1573 1473 in
1620 1420 1809 1482 Ponto,
1928 1418 2058 1471 beri.

342 1595 361 1625 ’
408 1593 528 1648 Act.
568 1611 665 1659 xu,
696 1596 717 1648 1
753 1610 909 1663 seqq.
972 1598 1012 1624 "
1044 1598 1162 1649 Act.
1196 1611 1309 1656 vni,
1336 1596 1387 1647 9.

240 1773 3493 1817 Μ

1132 1804 1703 1815 ————————————.—-—

1452 1951 1619 1994 ANNO
1647 1951 1875 1994 S.E(ZL'LI
1906 1951 1968 1992 Vl
2006 1950 2293 1993 INCERTO.

481 2129 1828 2307 ALEXANDEB
1971 2129 3221 2309 MONACHUS.

1548 2598 2167 2689 MONITUM.

301 2942 420 3012 Quo
456 2951 692 3011 tempore
727 2940 920 2995 vixerit
962 2940 1067 2995 iste
1106 2940 1428 3003 Alexander,
1484 2942 1613 2994 tuihi
1671 2942 2062 3008 incompertum
2101 2950 2201 2993 est.
2236 2940 2452 2993 Citatur
2485 2954 2511 2992 a
2547 2939 2735 3006 Glyca,
2762 2954 2813 3007 p.
2851 2940 2883 2993 ε
2915 2940 3231 3004 Annalium,
3277 2941 3365 2995 ubi
3424 2956 3453 2993 (ι

229 3028 574 3086 Constantini
613 3027 791 3098 Magni
829 3026 1099 3094 baptismo
1134 3027 1269 3097 agit.
1308 3027 1420 3080 Duo
1456 3027 1789 3095 exemplaria
1825 3027 2147 3086 habuimus:
2186 3030 2413 3084 alterum
2448 3047 2510 3083 ex
2552 3029 2891 3084 Bibliotheca
2926 3029 3217 3095 Bavariea,
3254 3031 3486 3086 alterum

227 3122 298 3175 ab
330 3120 546 3173 Andrea
578 3119 828 3181 Schotto,
868 3117 1149 3172 societatis
1205 3126 1405 3171 nostra:
1458 3117 1797 3186 presbytero,
1854 3117 2196 3187 antiquitatis
2234 3118 2566 3170 illustrandae
2601 3117 3019 3182 studiosissimo,
3067 3117 3321 3171 collatura
3365 3133 3488 3173 eum

228 3208 552 3279 perantiquo
584 3206 771 3259 codice
804 3203 1017 3275 Crypta:
1050 3204 1290 3258 Ferratze
1319 3220 1426 3257 non
1480 3204 1665 3272 procul
1690 3202 1947 3268 Tusculo,
1972 3205 2057 3259 cui
2089 3205 2376 3272 plerasque
2407 3204 2775 3258 correctioues
2802 3203 2855 3256 in
2890 3204 3128 3272 acceptis
3163 3205 3485 3264 referimus;

226 3298 330 3350 etsi
391 3308 804 3361 nonnunquam,
836 3294 929 3345 sed
971 3308 1134 3361 parce
1162 3304 1214 3346 ct
1247 3294 1564 3362 prudenter,
1593 3292 1919 3361 conjecturae
1968 3294 2151 3347 itidem
2186 3293 2386 3361 aliquid
2420 3292 2762 3345 indulsimus.
2822 3292 3014 3345 Exstat
3062 3294 3113 3345 iu
3159 3293 3485 3345 bibliotheca

228 3382 491 3436 Bavarica
526 3382 659 3435 liber
691 3381 794 3435 hoc
831 3381 987 3433 titulo
1023 3397 1037 3433 :
1083 3380 1303 3432 Ἰουλίου
1354 3380 1726 3444 Πολυδεύκους
1754 3399 1898 3451 χρονι

1813 3382 2001 3434 ιονικόν
2039 3396 2053 3411 ο
2096 3381 2229 3447 Julii
2264 3378 2499 3432 Pollucis
2533 3378 2871 3433 Chronicum.
2909 3379 3198 3432 Exorditur
3231 3390 3421 3432 auctor
3458 3399 3483 3430 ει

228 3469 510 3523 creatione
541 3468 749 3530 mundi,
780 3476 834 3519 et
866 3479 1035 3535 usque
1064 3469 1130 3519 ad
1160 3468 1444 3534 imperium
1480 3466 1718 3522 Valentis
1738 3470 2076 3523 Gltronicum
2104 3469 2371 3536 perrexit.
2399 3466 2559 3521 Certe
2592 3467 2642 3519 in
2700 3464 2920 3519 Valente
2947 3466 3230 3535 exemplar
3257 3465 3483 3527 desiuit,

224 3556 330 3609 etsi
389 3554 693 3624 probabile,
726 3569 831 3607 non
858 3565 965 3607 tam
990 3564 1295 3615 auctorem,
1322 3569 1487 3622 quam
1519 3554 1801 3609 librarium
1846 3557 1931 3609 hic
1964 3554 2163 3609 fecisse
2198 3555 2382 3608 finem.
2414 3552 2511 3607 llic
2544 3568 2675 3619 ergo
2705 3551 2902 3613 Julius,
2935 3567 3094 3622 quem
3131 3552 3183 3604 in
3226 3550 3477 3604 Latinum

228 3646 466 3710 linguam
494 3643 678 3705 vertit,
710 3639 805 3696 sed
851 3657 955 3695 non
986 3641 1157 3695 edidit
1190 3642 1491 3695 lidissimus
1516 3643 1824 3696 studiorum
1861 3658 2105 3696 meorum
2142 3643 2326 3696 socius
2365 3650 2419 3696 et
2475 3640 2688 3707 adjutor
2727 3639 2790 3693 P.
2830 3638 3209 3694 Ferainandus
3250 3639 3484 3693 Cretide-

225 3730 331 3783 lius
360 3727 522 3797 (dabo
559 3738 741 3781 tamen
773 3742 1016 3796 operam,
1048 3744 1115 3781 ne
1154 3743 1276 3782 cum
1316 3737 1530 3781 mortuo
1558 3728 1849 3795 interprete
1885 3731 2151 3782 moriatur
2191 3736 2354 3782 etlam
2388 3726 2715 3795 translatio),
2750 3736 2844 3781 aut
2879 3727 3245 3780 Alexandrum
3278 3727 3485 3794 expila-

224 3820 336 3881 vit;
370 3826 464 3869 aut
507 3815 817 3869 Alexander
846 3813 1088 3879 Iulium;
1124 3826 1215 3868 aut
1247 3826 1474 3883 uterque
1508 3817 1749 3880 tertium,
1786 3818 1921 3870 adeo
1963 3832 2066 3869 non
2096 3818 2254 3869 modo
2282 3815 2585 3878 sententiis,
2619 3817 2713 3867 sed
2753 3824 2806 3867 et
2834 3815 3013 3868 verbis
3053 3815 3255 3882 passim
3285 3830 3483 3869 conve-

226 3906 404 3955 niunt.
438 3902 629 3956 Versio
659 3902 954 3957 Alexandri
983 3918 1098 3955 mea
1144 3918 1250 3957 non
1295 3915 1397 3967 est,
1430 3904 1524 3958 sed
1561 3900 1771 3957 Schotti
1809 3904 2010 3967 nostri,
2041 3902 2164 3956 licet
2202 3917 2321 3957 eam
2356 3901 2550 3955 alicubi
2583 3902 2649 3955 ad
2681 3900 2960 3969 exemplar
3003 3899 3133 3953 Bav.
3185 3912 3239 3955 et
3268 3900 3482 3970 Crypr

222 3988 381 4043 Ferr.
408 3989 884 4043 accommodarim.

298 4075 351 4128 lu
395 4075 604 4129 Sehotti
640 4076 936 4144 exemplari
969 4076 1157 4131 titulus
1193 4077 1265 4129 ita
1297 4088 1591 4144 conceptus
1621 4084 1703 4129 est
1730 4094 1742 4128 :
1770 4075 1875 4129 Τοῦ
1916 4079 1968 4128 ὁα

1808 4075 1875 4129 ὀὖ
1916 4076 2214 4128 ὁσιωτάτου
2236 4074 2587 4144 Ἀλεξάνδρου
2624 4074 2716 4127 καὶ
2747 4074 2982 4143 μοναχοῧ
3017 4075 3101 4137 εἰς
3124 4075 3224 4145 τὴν
3257 4074 3478 4143 εὕρεσιν

221 4163 318 4216 τοῦ
343 4164 526 4231 τιμίου
549 4164 642 4216 καὶ
668 4162 936 4227 ζωοποιοῦ
961 4163 1218 4233 σταυροῦ.
1249 4162 1580 4216 Sanctissimi
1609 4164 1891 4215 Alexandri

1813 4164 1896 4213 dri
1920 4172 1967 4214 et
1996 4160 2239 4213 monachi
2264 4162 2317 4212 in
2341 4162 2685 4213 inventionem
2711 4162 3022 4213 veneranda:
3043 4171 3089 4213 et
3110 4161 3328 4222 viviﬁca:
3365 4178 3480 4213 cru-

220 4254 318 4303 eis.
345 4250 400 4305 lu
428 4250 687 4305 Bavarico
713 4251 929 4305 additur
951 4251 1316 4319 ;Εὺλόγησον,
1341 4251 1542 4321 Πάτερ.
1562 4248 1807 4311 Benedic,
1836 4247 2016 4303 Pater.
2037 4249 2187 4315 Quod
2208 4250 2260 4303 in
2286 4248 2567 4303 codicibus
2587 4249 2969 4316 manuscriptis
2994 4250 3477 4303 animadvertimus

220 4338 542 4408 plerumque
568 4338 767 4407 ρηίίςὶ
797 4337 1033 4391 homiliis
1056 4337 1299 4403 Patrum,
1330 4346 1379 4391 et
1413 4347 1729 4391 sanctorum
1760 4336 2040 4402 historiis;
2074 4337 2283 4405 hocque
2318 4336 2401 4389 vel
2432 4350 2460 4388 a
2494 4336 2728 4389 librariis
2747 4335 2947 4389 factum
2967 4344 3049 4389 est
3073 4336 3471 4391 benedictionis

216 4434 275 4479 et
293 4425 488 4479 divina:
520 4426 638 4493 opis
658 4436 839 4493 coapto
877 4424 1048 4479 labori
1089 4425 1443 4492 impetrandae
1472 4426 1646 4492 grnlia
1680 4441 1693 4489 ;
1720 4422 1983 4493 vel,quod
2012 4424 2363 4478 verisimilius
2384 4425 2643 4489 arbitror,
2664 4439 2729 4477 ex
2764 4439 2913 4478 more
2933 4424 3166 4491 publico,
3201 4425 3344 4492 quod
3377 4426 3474 4477 lio-

217 4512 399 4564 ntilias
428 4511 507 4564 vel
537 4526 625 4565 res
659 4523 841 4581 gestas
881 4521 1193 4566 sanctorum
1227 4511 1462 4566 lecturus
1488 4513 1539 4564 iu
1576 4510 1834 4573 Ecclesia,
1879 4510 2029 4579 prius
2059 4510 2492 4566 benedictionem
2525 4526 2552 4563 a
2586 4510 2870 4564 sacerdote
2898 4509 2978 4562 vel
3010 4510 3266 4579 episeopo
3315 4521 3472 4579 pete-

216 4608 327 4651 ret.
366 4598 544 4663 Quare
581 4599 853 4667 plerisque
882 4599 1047 4652 ctiam
1078 4598 1255 4653 sancti
1284 4599 1553 4667 Ephra-mi
1590 4598 1708 4668 Syri
1744 4596 2086 4651 sermonibus
2117 4598 2231 4652 haec
2263 4598 2424 4652 verba
2452 4599 2740 4666 praposita
2770 4598 3039 4659 videmus,
3070 4597 3194 4665 quia
3233 4611 3468 4652 consue-

218 4684 407 4739 tudine
442 4696 717 4753 receptuin
757 4696 875 4739 erat
910 4700 1191 4741 sermones
1221 4687 1395 4739 sancti
1432 4686 1704 4755 Eplmuni
1731 4685 1943 4755 publice
1988 4686 2038 4739 in
2075 4686 2304 4739 ecclesia
2342 4686 2714 4754 pronuntiare.
2747 4684 2925 4739 Testis
2957 4692 3181 4739 sanctus
3206 4684 3469 4755 llierony-

215 4786 360 4834 mus,
401 4771 473 4824 De
497 4773 620 4824 ciris
652 4773 963 4826 illustribus.

289 4855 344 4910 lu
385 4858 617 4926 exempl.
649 4857 865 4928 Crypta:
897 4860 1153 4924 Ferratze,
1180 4870 1446 4914 vetustate
1469 4874 1632 4929 [πονο
1658 4869 1959 4929 consumpti

1799 4869 2001 4929 untplo,
2032 4859 2109 4929 sic
2141 4860 2302 4913 habet
2347 4860 2563 4913 titulus:
2612 4859 2963 4928 Ἀλεξάνδρου
3026 4859 3259 4929 μοναχοῦ
3311 4861 3469 4926 λόγος

217 4944 493 5013 ἱστορικὸς
544 4947 671 5015 περὶ
706 4950 804 5015 τῆς
837 4948 1108 5017 εὑρέσεως
1137 4948 1230 4999 τοῦ
1279 4951 1462 5017 τιμίου
1516 4945 1771 5015 σταυροῦ,
1831 4947 1968 5016 πρός
1996 4924 2145 5010 τΐδας
2172 4949 2352 5009 ὁσίους
2388 4949 2639 5018 [Ιατέρας
2674 4948 3078 5017 προτραπέντος
3125 4949 3217 5002 ὑπ’
3265 4949 3468 5001 αὐτῶν.

224 5030 317 5083 Ἐν
423 5034 542 5084 ἐστι
574 5034 818 5100 Οςολογία.
843 5034 1048 5103 ἀληθὴς
1076 5036 1170 5086 καὶ
1204 5039 1331 5104 περὶ
1366 5036 1466 5104 τῆς
1503 5034 1649 5096 Οείας
1684 5035 1999 5105 οἰκονομίας
2032 5035 2273 5102 ἀπλανὴς
2307 5034 2565 5103 ὁμολογία
2586 5076 2599 5099 ,
2631 5036 2724 5085 καὶ
2767 5034 3040 5103 ἐγκώμιον
3063 5038 3143 5097 εἰς
3175 5036 3265 5087 τὸν
3290 5036 3471 5105 τίμιον

215 5122 469 5187 σταυρόν.
516 5106 811 5173 Alexandri
838 5122 1079 5175 monachi
1112 5124 1283 5174 oratio
1330 5123 1582 5176 historica
1619 5125 1681 5176 (le
1726 5124 2024 5179 inventione
2065 5124 2375 5176 t'enerundw
2411 5124 2603 5186 crucis,
2637 5123 2702 5174 ad
2747 5125 2999 5191 quosdam
3029 5137 3235 5176 sanctos
3259 5122 3468 5189 Patres,

210 5223 438 5273 quorum
502 5210 861 5263 colmrtatione
922 5210 990 5261 ad
1038 5211 1372 5264 scribendum
1424 5222 1762 5275 accesserat;
1817 5216 1871 5267 in
1917 5230 2019 5282 qua
2066 5221 2138 5266 est
2194 5210 2450 5281 theologia
2486 5228 2626 5275 rcra,
2661 5220 2707 5263 et
2759 5210 2822 5263 de
2873 5212 3049 5264 rlivinu
3084 5210 3471 5279 dispensatione

211 5300 420 5349 sincera
440 5297 700 5367 confessio
722 5337 736 5361 ,
758 5308 805 5350 ct
832 5299 1120 5351 eucontium
1156 5299 1207 5351 in
1235 5300 1575 5353 rctteramlam
1605 5316 1832 5356 crucem.
