4228 6442
246 393 391 458 4029

1245 403 1343 464 DE
1384 402 1856 465 INVENTIONE
1887 403 2195 465 SANCT/E
2228 407 2527 470 CRUCIS.

3372 416 3516 481 4030

245 510 341 563 ἐπὶ
354 511 453 578 τὴν
471 508 689 579 Ῥώμην
705 510 779 572 ὡς
797 509 1128 579 εύνοήσαντα
1146 509 1240 563 τὸν
1278 510 1526 581 Ἡρώδην
1559 513 1694 581 μετά
1719 513 1809 580 βου

1893 516 2011 572 ιω
2040 525 2262 568 senatus
2308 516 2546 578 decreto,
2611 515 2810 573 .Iudaete
2867 533 3046 588 regem
3096 519 3362 586 declarat.
3397 527 3508 581 dia-

245 601 346 672 λῆς
361 600 458 669 τῆς
482 602 787 670 συγκλήτου
807 602 1154 655 ἀναδείκνυσι
1181 602 1407 673 βασιλέα
1429 602 1527 670 τῆς
1556 602 1835 664 Ἰουδαίας,

244 690 493 760 περιθεὶς
512 689 664 759 αὑτῷ
683 691 777 743 καὶ
790 691 1047 759 διάδημα.
1067 686 1238 754 Οὗτος
1262 692 1319 744 δὲ
1342 690 1536 752 ἐπιϐὰς
1552 694 1664 753 τοῖς
1681 692 1839 759 Ἰερο-

247 779 626 847 σολύμοις,καὶ
641 779 911 834 Ἰουδαίων
930 782 1002 851 μὴ
1019 779 1361 849 βουλομένων
1381 780 1545 834 αὑτὸν
1561 779 1833 845 δέξασθαι,

241 872 319 936 ὡς
342 872 642 939 ἀλλόφυλον
673 872 821 939 ὄντα,
851 874 1079 937 πολλοὺς
1109 873 1239 944 παρ’
1264 873 1442 927 αὐτῶν
1473 872 1832 939 κατέσφαξεν,

254 964 742 1036 λαφυραγωγήσας
769 964 869 1034 τὴν
893 966 1047 1018 πόλιν
1076 965 1172 1018 καὶ
1198 966 1258 1018 τὸ
1285 965 1451 1034 ἱερὸν,
1497 964 1747 1035 πονηρῶς
1778 964 1834 1017 δέ

243 1058 602 1127 χρησάμενος
636 1057 701 1125 τῇ
739 1054 981 1125 ἐξουσίᾳ,
1024 1056 1204 1118 πάσας
1252 1056 1350 1117 τὰς
1378 1054 1488 1107 τῶν
1517 1053 1696 1123 φυλῶν
1741 1053 1834 1105 καὶ

240 1149 355 1202 τῶν
409 1148 584 1216 γενῶν
641 1148 822 1202 αὑτῶν
875 1149 975 1211 τὰς
1032 1149 1356 1217 ἀναγραφὰς
1409 1148 1507 1211 τὰς
1581 1147 1689 1200 ἀπὸ
1735 1144 1830 1198 τοῦ

246 1241 458 1309 Ἐσδρα
507 1240 876 1309 ἀνακειμένας
940 1240 1073 1307 πυρὶ
1146 1238 1454 1292 κατέκαυσε
1493 1276 1507 1302 ,
1579 1226 1717 1305 πρὸς
1769 1236 1829 1288 τὸ

245 1332 449 1402 μηκέτι
480 1332 689 1399 γνῶναι
738 1332 865 1393 τοὺς
893 1329 1181 1392 Ἰουδαίους
1214 1370 1228 1395 ,
1268 1331 1333 1382 ἐκ
1382 1330 1539 1392 ποίας
1595 1331 1828 1398 πατριᾶς

240 1425 405 1487 εἰσιν,
427 1424 493 1476 ἐκ
532 1422 695 1485 ποίας
729 1421 924 1492 φυλῆς,
949 1422 1042 1474 καὶ
1070 1421 1215 1483 τίνες
1245 1421 1385 1473 είσὶν
1410 1422 1460 1473 οἱ
1486 1418 1824 1489 αὐτόχθονες,

241 1513 339 1565 καὶ
372 1511 516 1575 τίνες
554 1514 603 1565 οἱ
634 1512 921 1580 λεγόμενοι
953 1511 1183 1582 γειῶραι
1215 1511 1349 1579 (29),
1400 1512 1494 1564 καὶ
1542 1509 1642 1579 τὴν
1675 1510 1823 1579 ίερα-

239 1604 405 1675 τικὴν
436 1603 635 1673 στολὴν
680 1603 783 1657 ὑπὸ
824 1604 925 1673 τὴν
984 1604 1119 1657 ἰδίαν
1154 1603 1427 1675 σφραγῖδα
1456 1603 1698 1666 ἐπέθετο,
1731 1602 1826 1655 καὶ

237 1695 429 1748 λοιπδν
466 1694 640 1758 ἀδεῶς
676 1695 912 1765 ἀσήμοις
969 1694 1112 1747 τισὶν
1152 1696 1245 1747 ἐπὶ
1280 1695 1558 1764 χρήμασιν
1617 1696 1824 1756 ἱκανοῖς

236 1787 342 1858 τὴν
368 1784 786 1857 ἀρχιερωσύνην
815 1786 1183 1856 ἐπίπρασκεν.

1947 605 2103 656 dema
2152 607 2316 659 etiam
2371 608 2671 675 imponens.
2718 608 2814 663 llic
2860 620 3039 666 autem
3085 611 3513 686 Hierosolymam

1945 694 2283 759 ascendens,
2322 695 2653 767 Judaaisque,
2682 702 2824 767 quod
2848 714 2994 755 esset
3034 715 3349 773 extraneos,
3388 722 3511 760 eum

1943 786 2235 841 admittere
2268 788 2599 855 nolentibus,
2632 790 2830 846 multos
2858 790 3000 847 illico
3029 794 3316 863 jugulavit,
3371 808 3511 851 tern-

1943 879 2197 947 plumque
2230 878 2474 947 diripuit,
2509 893 2557 933 et
2595 890 2862 948 potestate
2911 884 3051 938 male
3101 886 3353 951 abutens,
3394 904 3512 943 om-

1942 984 2035 1023 nes
2059 970 2297 1023 tribuum
2330 982 2381 1023 et
2402 970 2740 1025 familiarum
2772 974 3190 1043 descriptiones,
3215 977 3282 1031 ab
3325 978 3509 1033 Esdrre

1940 1075 2110 1131 usque
2139 1064 2473 1129 temporibus
2502 1072 2876 1129 conservatas,
2924 1066 3247 1131 combussit,
3298 1084 3364 1122 ne
3413 1086 3509 1124 co-

1937 1150 2125 1219 gnosci
2156 1150 2385 1219 amplius
2414 1159 2592 1220 posset
2618 1166 2662 1207 a.
2698 1148 2900 1209 Judaeis
2947 1170 3013 1210 ex
3050 1170 3284 1225 quanam
3333 1159 3507 1226 patria

1938 1243 2187 1311 prognati
2248 1252 2449 1309 essent,
2506 1258 2571 1297 ex
2630 1259 2735 1313 qua
2795 1247 2933 1301 tribu
3002 1257 3055 1302 et
3112 1248 3338 1317 quinam
3399 1250 3510 1303 sint

1934 1332 2276 1402 αὐτόχθονες,
2312 1335 2364 1389 in
2392 1344 2536 1387 terra
2572 1335 2659 1389 illa
2694 1337 2823 1400 sati,
2854 1347 2908 1391 et
2932 1339 2984 1391 in
3020 1338 3193 1394 lucem
3226 1342 3377 1407 editi,
3409 1342 3501 1411 qui

1938 1436 2064 1475 vero
2087 1422 2337 1477 dicantur
2354 1422 2607 1492 γειῶραι,
2638 1424 2918 1478 adventitii
2947 1433 3003 1479 et
3032 1427 3317 1494 ascriptitii
3344 1443 3359 1491 ;
3393 1438 3503 1482 sto-

1933 1512 2038 1565 lam
2070 1514 2121 1567 in
2151 1528 2303 1569 suam
2340 1521 2661 1582 potestatem
2688 1514 2917 1583 redegit,
2955 1528 3021 1569 ac
3064 1514 3131 1569 de
3163 1523 3360 1569 cartero
3386 1517 3505 1569 sine

1931 1612 2101 1669 metu,
2129 1606 2376 1661 ohscuris
2406 1604 2754 1673 quibusdam,
2808 1620 3008 1675 magno
3058 1606 3257 1675 pretio,
3306 1606 3499 1660 summi

1929 1698 2219 1754 sacerdotii
2250 1697 2568 1767 dignitatem
2599 1697 2862 1752 vendidit.

312 1878 508 1939 Ἐτους
541 1877 597 1929 δὲ
627 1875 1063 1947 τεσσαρακοστοῦ
1092 1876 1347 1945 δευτέρου
1380 1876 1661 1946 Καίσαρος
1701 1875 1808 1928 Αὑ-

1982 1874 2404 1946 Quatlragesimo
2452 1884 2631 1929 autem
2681 1875 2924 1931 secundo
2964 1889 3106 1929 anno
3139 1874 3367 1929 Caesaris
3391 1875 3504 1928 Au-

234 1968 470 2037 γούστου
498 1966 691 2037 ἐξῆλθε
717 1970 847 2038 παρ’
870 1966 1036 2020 αὑτοῦ
1068 1968 1249 2037 δόγμα
1272 1968 1686 2037 ὑπογράφεσθαι
1710 1968 1817 2020 πά-

236 2078 342 2114 σαν
366 2059 464 2130 τήν
491 2058 840 2129 οἰκουμένην.
880 2058 1033 2127 Αὑτη
1069 2059 1103 2127 ἡ
1134 2059 1427 2128 ὑπογραφὴ
1466 2059 1655 2129 πρώτη
1700 2059 1819 2126 ἐγέ-

230 2170 378 2217 νετο,
406 2151 482 2215 ῶς
507 2167 673 2221 φησιν
696 2152 817 2222 ίερά
843 2150 950 2203 τῶν
972 2149 1325 2218 Εὑαγγελίων
1353 2149 1582 2219 ἱστορία.
1604 2149 1819 2221 Ταύτην

227 2244 290 2296 δέ
344 2244 444 2312 τήν
496 2241 824 2312 ἀπογραφὴν
884 2241 1051 2310 ἧγουν
1087 2241 1408 2311 φορολογίαν
1449 2243 1477 2294 6
1503 2243 1718 2312 Καῖσαρ
1744 2242 1819 2305 ὡς

227 2332 579 2403 εύνουστάτῳ
628 2332 735 2385 τινὶ
784 2334 877 2386 καὶ
919 2333 1161 2403 μεγίστῳ
1209 2334 1307 2400 τῆς
1367 2333 1667 2403 συγκλήτου
1732 2335 1819 2386 ἐν·

225 2425 473 2494 εχείρισε
503 2424 767 2493 Κυρινίῳ,
795 2423 854 2475 δν
888 2425 1223 2494 κατέστησεν
1273 2425 1577 2494 ἡγούμενον
1620 2425 1820 2496 Συρίας

225 2514 349 2582 ἦτοι
388 2513 487 2581 τῆς
523 2513 804 2577 Ἰουδαίας,
847 2516 904 2566 ἐν
953 2514 1190 2584 ὑπατείᾳ
1223 2515 1651 2587 τρισκαιδεκάτῃ
1703 2515 1815 2586 (50)

225 2606 544 2672 Αὐγούστου
580 2609 674 2661 καὶ
698 2608 1021 2673 Συλουανοῦ,
1055 2608 1175 2662 καθ’
1204 2608 1270 2679 ἣν
1297 2610 1560 2663 ὑπατείαν
1619 2612 1647 2662 6
1707 2612 1817 2665 Κύ-

227 2714 348 2764 ριος
376 2699 407 2765 ὴ
419 2697 533 2765 μῶν
561 2698 771 2769 Ἰησοῦς
801 2699 1037 2770 Χριστὸς
1065 2699 1326 2769 ἐγεννήθη
1362 2701 1419 2752 ἐν
1450 2699 1695 2769 Βηθλεὲμ
1717 2702 1815 2770 τῆς

235 2788 522 2853 Ἰουδαίας,
560 2790 704 2843 κατά
735 2790 833 2859 τὴν
864 2790 1200 2862 προφητείαν
1222 2828 1237 2856 ,
1265 2790 1343 2861 τῷ
1376 2792 1679 2862 τριακοστῷ
1724 2792 1817 2845 καὶ

221 2882 398 2952 τρίτῳ
430 2882 540 2935 ἔτει
578 2883 676 2951 τῆς
714 2882 989 2952 βασιλείας
1013 2882 1253 2952 Ἡρώδου
1304 2883 1397 2936 τοῦ
1432 2884 1812 2954 Ἀντιπάτρου,

220 2977 291 3041 τῇ
326 2973 434 3045 πρὸ
476 2974 620 3027 ὀκτὼ
650 2974 945 3029 Καλανδῶν
977 2976 1341 3046 Ἰανουαρίων.
1362 2976 1676 3044 Ἐπιφάνιος
1708 2978 1763 3028 δὲ
1788 2978 1817 3029 6

225 3064 405 3133 μέγας
442 3064 550 3135 (51)
609 3066 704 3118 καὶ
737 3066 880 3135 ἱερὸς
906 3066 1013 3119 τῶν
1046 3067 1308 3137 Κυπρίων
1332 3067 1649 3133 ἐπίσκοπος,
1673 3068 1817 3135 ἀγω-

222 3154 488 3218 νιστικῶς
535 3155 810 3210 ἐνίσταται
857 3157 1355 3226 διαὸεϐαιούμενος,
1385 3159 1466 3211 ὅτι
1516 3159 1622 3228 πρὸ
1670 3158 1812 3212 ὀκτὼ

220 3245 385 3298 εἱδῶν
417 3245 744 3316 Ἰανουαρίου
761 3248 984 3315 γέγονεν
1011 3252 1043 3318 ὴ
1070 3248 1302 3319 ἀληθινὴ
1330 3249 1544 3317 γένεσις
1571 3249 1664 3302 τοῦ
1690 3251 1807 3302 Κυ-

222 3336 346 3408 ρίου
391 3337 551 3407 ήμῶν
580 3340 757 3407 Ἰησοῦ
819 3340 1057 3409 Χριστοῦ
1106 3342 1170 3393 ἐκ
1213 3340 1314 3410 τῆς
1359 3341 1519 3406 ἀγίας
1543 3343 1806 3396 Θεοτόκου

218 3424 321 3479 καὶ
348 3424 707 3495 ἀειπαρθένου
743 3428 984 3498 Μαρίας.
1011 3429 1074 3481 Oi
1104 3430 1161 3483 δὲ
1187 3430 1363 3481 λοιποὶ
1391 3432 1594 3493 πάντες
1624 3431 1807 3484 θεόσο-

221 3532 317 3583 φοι
352 3515 462 3585 (59.)
508 3516 819 3571 διδάσκαλοι
869 3518 969 3588 τῆς
1015 3520 1178 3587 ἁγίας
1236 3521 1328 3573 καὶ
1379 3521 1673 3591 καθολικῆς
1717 3524 1809 3575 καὶ

218 3607 590 3677 ἀποστολικῆς
618 3608 971 3678 Ἐκκλησίας,
1004 3610 1078 3673 ὡς
1107 3612 1165 3677 ἐξ
1196 3612 1314 3675 ἐνὸς
1344 3613 1609 3681 στόματος
1633 3656 1645 3678 ,
1679 3614 1809 3685 ὡρί⁹

218 3714 391 3749 σαντο
416 3692 555 3751 εἶναι
576 3700 675 3769 τὴν
701 3700 975 3767 γενέθλιον
1002 3702 1215 3772 ἡμέραν
1236 3702 1329 3755 τοῦ
1352 3704 1585 3773 Χριστοῦ
1606 3707 1670 3775 τῇ
1698 3705 1802 3775 πρὸ

214 3784 370 3838 ὀκτὼ
409 3786 706 3840 Καλανδῶν
743 3788 1108 3859 Ἰανουαρίων.

296 3873 462 3927 Ἀλλά
494 3876 713 3929 πάντων
747 3877 847 3945 μὲν
877 3878 977 3942 τὰς
1011 3881 1237 3949 χρήσεις
1273 3882 1366 3933 ἐπὶ
1404 3881 1495 3934 τοῦ
1543 3882 1811 3952 παρόντος

216 3964 569 4032 παραγαγεῖν
598 3964 815 4035 καιροῦ,
848 3966 1119 4035 παρέλκον
1139 3967 1399 4036 ἠγοῦμαι.
1430 3966 1561 4019 ossa
1585 3967 1691 4037 γὰρ
1714 3984 1809 4017 τα-

215 4050 320 4103 νῦν
353 4052 483 4121 περὶ
514 4050 707 4105 τούτου
743 4053 869 4123 ἡμῖν
916 4056 944 4107 6
992 4053 1314 4121 λόγος.”Ενα
1341 4054 1396 4108 δὲ
1425 4054 1695 4122 ἐπίσημον
1726 4053 1806 4106 δι-

212 4141 491 4195 δάσκαλον
521 4143 885 4209 παραγαγὼν,
916 4144 973 4195 ὃν
1001 4144 1093 4197 καὶ
1132 4145 1293 4208 αὑτὸς
1334 4147 1362 4197 6
1397 4145 1539 4206 θεῖος
1573 4144 1806 4212 Ἐπιφά-

211 4247 333 4292 νιος
368 4233 714 4299 παρήγαγεν,
742 4232 819 4294 ὡς
848 4233 1253 4301 συνηγοροῦντα
1279 4235 1391 4296 τοῖς
1414 4232 1590 4300 λόγοις
1612 4231 1800 4295 αὑτοῦ,

210 4319 536 4387 καταλείψω
565 4323 677 4383 τοῖς
707 4321 1128 4390 ἐντυγχάνουσιν
1165 4322 1434 4392 αἱρεῖσθαι
1463 4322 1524 4374 τὸ
1556 4323 1797 4391 ἄμεινον.

1921 1972 2087 2043 gusti,
2128 1969 2262 2023 exiit
2304 1969 2374 2021 ab
2425 1981 2490 2021 eo
2541 1967 2800 2032 edictum,
2843 1976 2901 2020 ut
2944 1967 3349 2022 describeretur
3378 1967 3503 2021 uni-

1918 2077 2110 2118 versus
2129 2061 2279 2116 orbis
2309 2058 2375 2113 ⁸⁷.
2408 2058 2533 2112 Hch
2552 2071 2679 2111 vero
2709 2059 3002 2128 descriptio
3031 2059 3202 2128 prima
3231 2057 3369 2113 facta
3395 2069 3500 2125 est,

1918 2164 1977 2209 ut
2009 2161 2239 2208 testatur
2274 2165 2431 2206 sacra
2486 2148 2898 2218 Evangeliorum
2933 2150 3177 2213 historia,
3212 2165 3374 2218 quam
3407 2151 3503 2205 de-

1918 2246 2292 2315 scriptionem,
2350 2244 2454 2298 hoc
2497 2252 2598 2307 est,
2642 2256 2842 2298 census
2888 2244 3250 2308 exactionem,
3292 2242 3499 2309 Cmsar,

1921 2344 1979 2389 ut
2026 2334 2542 2389 benevolentissimo
2588 2341 2643 2387 et
2668 2333 2902 2387 maximo
2945 2347 3009 2386 ex
3050 2343 3238 2387 senatu
3265 2333 3499 2404 Cyrenio

1919 2424 2289 2485 demandavit,
2314 2437 2473 2491 quem
2494 2422 2683 2491 Syrias,
2716 2422 2769 2475 id
2798 2431 2879 2475 est
2933 2420 3495 2490 Judrcte,pra2lecerat,

1917 2516 2198 2572 consulatu
2229 2513 2457 2583 Augusti
2483 2511 2601 2566 χιιι
2622 2522 2676 2567 et
2705 2511 2942 2581 Sylvano
2967 2524 3091 2566 tunc
3114 2513 3231 2581 ejus
3259 2513 3496 2582 collega;

1917 2622 2027 2675 quo
2085 2606 2250 2659 etiam
2307 2605 2588 2659 consulatu
2650 2614 2808 2658 natus
2864 2616 2947 2658 est
2995 2605 3253 2660 Dominus
3310 2616 3499 2661 noster

1916 2695 2071 2751 Jesns
2093 2695 2339 2749 Christus
2365 2696 2415 2749 in
2444 2694 2713 2749 Bethleem
2741 2693 2960 2760 Iudaeae,
2980 2695 3133 2764 juxta
3155 2700 3497 2766 prophetam,

1917 2803 2060 2843 anno
2092 2788 2370 2842 tricesimo
2399 2787 2560 2841 tertio
2601 2784 2862 2852 Herodis,
2894 2786 3163 2856 Antipatri
3219 2789 3337 2855 lilii,
3374 2799 3499 2843 ante

1918 2878 2061 2933 diem
2117 2889 2369 2934 octavum
2426 2876 2795 2931 Kalendarum
2859 2875 3126 2932 Januarii.
3176 2878 3494 2948 Quanquam

1917 2972 2178 3025 adversus
2247 2970 2349 3025 hoc
2413 2968 2752 3038 Epiphanius
2816 2968 3139 3038 Cypriorum
3210 2972 3497 3040 episcopus

1917 3061 2113 3114 acriter
2138 3061 2403 3128 insurgat,
2420 3058 2751 3113 conﬁrmans
2775 3069 2901 3113 ante
2929 3059 3067 3113 diem
3092 3059 3271 3112 iduum
3296 3059 3500 3114 Janua-

1918 3151 2119 3204 riarum
2152 3165 2280 3204 vere
2328 3148 2664 3202 nativitatem
2688 3148 2901 3203 Domini
2936 3150 3106 3203 nostri
3135 3148 3262 3202 Jesu
3290 3149 3496 3204 Christi

1913 3256 1978 3297 ex
2004 3250 2190 3297 sancta
2216 3239 2443 3309 Deipara
2465 3255 2526 3293 ac
2547 3254 2761 3308 semper
2783 3230 3175 3308 virgine-Maria
3204 3239 3492 3294 accidisse.

1913 3334 2107 3391 Caneri
2140 3347 2269 3387 vero
2299 3346 2492 3385 omnes
2534 3330 2699 3384 divini
2744 3331 2995 3385 doctores
3032 3344 3235 3386 sancta:
3260 3331 3495 3386 catholi-

1913 3441 1992 3481 cae
2020 3433 2076 3480 et
2105 3424 2417 3493 apoSIolicae
2449 3421 2728 3487 Ecclesiaz,
2750 3436 2857 3475 uno
2884 3422 3029 3475 velut
3050 3437 3144 3477 ore
3169 3424 3494 3478 deﬁnieruns

1917 3516 2151 3570 natalem
2186 3511 2385 3568 Christi
2431 3511 2600 3567 fuisse
2638 3512 2781 3568 diem
2829 3522 3080 3567 octavum
3128 3512 3489 3569 Kalendarum

1915 3605 2180 3660 Januarﬁ.

1985 3865 2161 3934 Atque
2202 3864 2444 3921 omnium
2492 3863 2711 3934 quidem
2777 3867 2845 3922 de
2892 3867 2994 3923 hac
3045 3882 3105 3922 re
3163 3870 3489 3925 sententiam

1915 3954 2163 4025 proferre
2188 3954 2514 4023 superﬂuum
2546 3957 2600 4009 in
2635 3959 3046 4024 praesentiarum
3078 3960 3363 4026 existimo;
3392 3976 3490 4016 ne-

1915 4061 2020 4115 que
2042 4046 2186 4100 enim
2215 4046 2279 4099 de
2322 4046 2424 4099 hoc
2448 4046 2601 4101 nobis
2631 4062 2814 4103 sermo
2841 4048 3125 4103 institutus
3156 4063 3258 4104 est.
3312 4050 3487 4106 Utnim

1914 4151 2046 4190 vero
2090 4151 2200 4205 prae
2256 4136 2468 4190 caeteris
2514 4136 2776 4205 insignem
2833 4139 3111 4195 doctorem
3177 4140 3486 4205 adducens,

1913 4241 2072 4296 quem
2134 4226 2296 4280 etiam
2342 4226 2456 4293 ipse
2488 4224 2823 4297 Epiphanius
2876 4240 3069 4285 testem
3126 4231 3328 4295 laudat,
3366 4241 3487 4286 tan-

1908 4335 2071 4389 quam
2124 4320 2409 4374 sententize
2444 4334 2554 4373 sua:
2602 4320 3489 4389 adstipulatorem,lectorirelin-

221 4409 472 4481 Ἐφραὶμ
498 4410 679 4464 τοίνυν
720 4412 748 4464 6
788 4410 979 4483 Σύρος,
1008 4412 1107 4483 οὑχ
1133 4414 1162 4466 6
1189 4411 1368 4483 τυχὼν
1395 4412 1489 4467 καὶ
1514 4413 1676 4476 αὐτὸς
1700 4412 1799 4482 τῆς

1906 4422 2067 4478 quam
2110 4407 2383 4474 liberum,
2435 4419 2652 4474 utrum,
2705 4420 2961 4481 tanquam
3018 4413 3235 4481 melius,
3288 4412 3487 4483 eligere

286 4566 331 4600 ”
362 4567 492 4621 an.
528 4581 585 4631 ιι,
628 4567 651 4620 l
688 4580 843 4637 seqq.

1737 4650 1970 4709 NOTE.

285 4750 398 4821 (29)
466 4749 541 4821 l_)e
594 4750 703 4815 his,
749 4749 1029 4821 quaeLhoc
1062 4749 1528 4821 locogAlexander
1582 4749 1792 4821 scribit,

204 4817 441 4875 consule
479 4817 839 4887 Nicephorum
889 4818 985 4888 lib.
1021 4837 1036 4874 ι
1088 4819 1290 4873 Eccles.
1343 4820 1467 4873 hist.
1496 4834 1614 4888 cap.
1646 4817 1709 4881 9;
1735 4826 1789 4871 et

204 4891 528 4951 Eusebium,
558 4886 650 4943 lib.
694 4888 869 4943 th'st.
906 4886 1216 4943 Ecclesiasl.
1251 4904 1370 4958 cap.
1413 4888 1464 4940 7.
1492 4886 1629 4944 Sunt
1688 4901 1784 4940 au-

206 4976 322 5015 tt-m
351 4959 580 5030 γειῶραι
611 4959 770 5030 iidem
792 4997 807 5020 .
842 4958 933 5027 qui
965 4959 1194 5029 γέωρες,
1234 4968 1386 5030 terra:
1416 4975 1505 5011 seu
1536 4972 1785 5030 agrorum

200 5027 500 5091 Custodes,
523 5028 895 5095 γεωφύλακες,
931 5027 1206 5097 μέτοικοι,
1240 5028 1517 5097 πάροικοι,
1546 5027 1780 5097 αιίιιεηαξΞ

200 5098 760 5167 ἱιιᾳιιίίίηὴγειώρας
822 5095 1044 5163 expunit
1090 5095 1387 5167 Hesychius
1434 5095 1785 5167 γείτοναςᾼέξ

198 5165 374 5224 ἄλλου
403 5170 617 5234 γένους,
639 5165 730 5235 qui
759 5169 900 5235 apud
921 5165 1485 5221 lsraelitas‘vocantur
1512 5165 1786 5235 προσήλυ-

197 5256 315 5302 τοι,
344 5237 471 5307 item
503 5236 795 5307 cobcjrspt
827 5236 933 5304 τὴν.
955 5238 1055 5305 γῆν
1081 5236 1556 5307 διαπονουμένους,
1574 5236 1663 5305 qui
1682 5245 1786 5307 lere

198 5325 327 5361 ram
370 5306 569 5362 colunt.
619 5305 786 5359 Exod.
825 5320 913 5358 xxt
954 5324 967 5361 :
1014 5304 1111 5359 Ἔν
1135 5323 1195 5358 τε
1241 5304 1354 5369 τοῖς
1404 5304 1660 5374 γειώραις
1693 5306 1785 5357 καὶ

197 5376 500 5445 αὐτόχθοσι
555 5377 653 5446 τῆς
688 5376 815 5446 γῆς,
844 5374 1056 5429 advenis
1101 5386 1147 5429 et
1176 5375 1435 5444 indigenis
1480 5386 1653 5429 terra.
1684 5375 1783 5431 Ub.i

200 5444 620 5501 Tlteodoretusi
657 5444 893 5514 γειὼραν
925 5446 1016 5499 τὸν
1055 5447 1391 5514 προσήλυτον
1419 5446 1790 5513 προσηγόρευε

202 5533 305 5570 cev
338 5531 353 5546 ·
383 5515 609 5568 Georuut
638 5516 927 5569 nominavit
954 5517 1298 5583 proselytum.
1332 5517 1414 5568 Ab
1442 5517 1547 5569 illis
1582 5516 1791 5580 verbis,

197 5585 666 5654 ἐπανερχόμενος,
698 5584 881 5654 eadem
910 5584 1117 5638 Pollux.

267 5655 405 5777 550).
435 5653 506 5708 De
564 5653 903 5735 cnnsulibus,
937 5655 1287 5736 sub.qnibus
1328 5665 1487 5708 natus
1535 5654 1792 5708 Dominus

303 5740 334 5777 c
397 5724 671 5777 IiitlSll‘lSS.
708 5722 1025 5777 Baronmm.
1060 5740 1111 5777 ιιι
1151 5726 1428 5777 Annaratu
1464 5723 1533 5777 ad
1564 5726 1792 5777 Annales

201 5722 334 5779 vide
380 5722 671 5778 'illustriss.
708 5722 1025 5787 Baroninm,
1060 5724 1111 5778 in
1151 5726 1428 5791 Apparatu
1464 5723 1533 5778 ad
1564 5726 1793 5778 Annales

197 5794 614 5850 ecclesiasticos.
642 5791 760 5863 Ipse
780 5792 1161 5851 Cassiodorunt
1183 5797 1447 5865 sequitur,
1475 5794 1793 5849 existiman-

1896 4756 2023 4817 tem
2050 4746 2328 4802 Christnm
2362 4758 2543 4802 natum
2590 4762 2710 4803 esse
2736 4763 2877 4804 coss.
2938 4749 3191 4805 Cornelio
3224 4750 3483 4817 Lentulo,

1896 4828 1949 4870 et
1986 4816 2201 4871 Valerio
2230 4816 2457 4872 Messala
2504 4832 2599 4871 seu
2630 4818 2942 4881 Messalino,
2971 4822 3350 4875 circumcisum
3382 4837 3481 4873 au-v

1894 4894 2005 4959 teni
2028 4887 2260 4940 Kalend.
2291 4884 2814 4959 J_anuariis,iquihus
2840 4890 3114 4959 Augustus
3139 4891 3479 4959 consulatum

1892 4956 2158 5028 decimum
2211 4957 2429 5028 tertium
2465 4958 2665 5028 inie_rit,
2717 4956 3175 5028 collega'Plautio
3212 4958 3475 5028 Sylvano.

1890 5024 2025 5078 Cum
2050 5026 2354 5079 Alexandro
2396 5025 2527 5079 facit
2560 5026 2888 5094 Epiphanius
2915 5030 2965 5080 in
2999 5024 3481 5092 Panario,'ha-.res.

1894 5094 1984 5158 51,
2014 5106 2064 5148 et
2090 5110 2154 5149 ex
2192 5097 2585 5150 recentioribus
2603 5098 2937 5163 Onuphrius,
2974 5097 3270 5151 Comment.
3313 5096 3471 5151 Fast.

1895 5163 1993 5235 lib.
2026 5180 2086 5218 ιι.
2129 5165 2200 5235 De
2244 5180 2388 5235 anno
2416 5167 2625 5233 imperii
2680 5169 2908 5235 Augusti
2963 5178 3016 5221 et
3067 5168 3213 5235 regni
3248 5166 3480 5220 Herodis

1895 5234 2011 5301 lege
2039 5234 2283 5287 eumdem
2313 5233 2621 5289 Baroninm.
2650 5233 2846 5289 Eadem
2878 5238 3036 5290 verba
3087 5233 3213 5289 sunt
3241 5236 3480 5291 Pollucis

1892 5316 1946 5355 et
1970 5304 2263 5357 Alexandri
2309 5304 2430 5359 inde
2459 5321 2471 5357 :
2506 5307 2700 5368 Ἕτους
2723 5304 2802 5372 δέ,

1894 5375 2140 5440 φητείαν.

1970 5443 2079 5512 (51)
2129 5444 2348 5515 Eadem,
2403 5458 2522 5515 qua:
2565 5444 2872 5513 Epiphanii,
2916 5446 3013 5499 fuit
3070 5444 3253 5514 opinio
3311 5444 3476 5515 .Egye

1897 5512 2130 5579 ptiorum
2174 5512 2905 5569 existimantiumChristum
2955 5512 3135 5567 natum
3167 5530 3288 5569 esse
3312 5512 3468 5568 sum

1895 5582 1984 5632 die
2032 5579 2298 5638 Januarii.
2355 5581 2570 5635 liciullit
2618 5585 2756 5636 hanc
2805 5586 3129 5638 sententiam
3185 5598 3290 5638 non
3314 5584 3475 5638 modo

1896 5649 2141 5717 Ephraem
2177 5652 2374 5705 citatus
2403 5655 2469 5702 ab
2495 5653 2820 5716 Alexandro,
2848 5655 2951 5707 sed
2965 5663 3019 5708 et
3038 5665 3257 5710 sanctus
3280 5652 3473 5709 Hiero-

1899 5734 2094 5789 nymus
2130 5719 2181 5773 in
2213 5735 2333 5789 cap.
2378 5733 2393 5771 t
2428 5719 2625 5775 Ezech.

1980 5738 2094 5773 mus
2130 5738 2181 5773 Ill
2213 5738 2273 5773 ca
2322 5760 2333 5773 .
2378 5738 2393 5771 ι
2428 5738 2625 5775 nzecn.

1969 5788 2082 5859 (52)
2116 5790 2245 5848 Sch.
2283 5738 2532 5863 θεοφόρα
2569 5793 2808 5865 Πατέρες
2841 5793 2954 5857 καί,
2986 5804 3092 5849 etc.

2838 5322 3004 5374 usque
3040 5306 3180 5359 κατά
3209 5305 3306 5373 τὴν
3340 5320 3475 5375 προς
