4228 6442
206 410 352 472 4037

1188 404 1285 464 DE
1328 402 1799 463 INVENTiONE
1831 402 2136 463 ΞᾹΝΟΤΑΕ
2176 404 2472 468 CRUCIS.

3333 408 3477 473 4038

204 524 486 594 πανταχοῦ
507 524 566 576 τὸ
585 523 771 592 θαῦμα
799 522 1198 593 κηρυττόντων,
1229 519 1435 591 καίπερ
1462 521 1715 583 λαϐόντες
1739 522 1788 572 ἐ)

1910 530 2054 574 tanta
2104 537 2231 576 cura
2294 522 2603 591 sepulcrum
2651 521 2999 587 obsederint,
3057 521 3479 593 haudquaquam

202 617 317 669 τῶν
352 614 657 683 ἀρχιερέων
692 615 953 682 χρήματα
984 613 1083 665 οὐκ
1111 611 1291 678 ὀλίγα.

203 713 527 779 stupendum

202 806 480 860 CUIIllllClio

278 896 387 949 Τοῦ
420 896 475 949 δὲ
509 896 715 966 Κυρίου
745 894 1153 964 ἀναληφθέντος
1184 895 1278 947 καὶ
1320 894 1619 964 θαυμάτων
1648 894 1803 965 μεγί-

205 1006 351 1041 στων
384 989 495 1058 (40)
526 987 963 1055 ἐπιτελουμένων
996 987 1088 1039 ἐπὶ
1138 986 1218 1056 τῷ
1255 986 1483 1057 ὀνόματι
1518 987 1681 1040 αὑτοῦ
1715 988 1800 1039 διὰ

203 1081 314 1132 τῶν
362 1081 523 1152 ἱερῶν
569 1081 885 1134 ἀποστόλων
910 1120 924 1144 ,
956 1080 1119 1133 πάλιν
1152 1080 1459 1151 διεπρίοντο
1497 1082 1555 1132 ἐν
1589 1081 1802 1142 ἑαυτοῖς

204 1174 253 1223 oi
300 1175 613 1243 ἀρχιερεῖς,
669 1173 960 1240 λέγοντες⁶
1021 1172 1087 1223 Τί
1149 1174 1483 1242 ποιήσομενς
1554 1173 1635 1224 ὅτι
1704 1173 1803 1241 μὲν

205 1265 317 1333 γὰρ
349 1267 552 1332 σημεῖα
579 1265 673 1316 καὶ
701 1266 909 1334 τέρατα
942 1264 1156 1332 μεγάλα
1182 1264 1557 1317 ἐπιτελοῦνται
1586 1263 1674 1316 διά
1708 1262 1801 1315 τοῦ

204 1356 472 1424 ὀνόματος
519 1356 613 1407 τοῦ
652 1355 828 1423 Ἰησοῦ
860 1357 965 1407 ὑπὸ
992 1356 1101 1407 τῶν
1154 1354 1319 1409 αὐτοῦ
1358 1355 1636 1427 μαθητῶν,
1668 1358 1801 1409 πᾶσι

208 1464 342 1515 quva
354 1447 463 1515 ρδν,
488 1448 580 1497 καὶ
598 1447 657 1498 οὐ
680 1445 954 1515 δυνάμεθα
978 1447 1340 1516 ἀρνήσασθαι,
1364 1448 1477 1500 ἀλλ’
1507 1450 1592 1501 ἵνα
1613 1448 1685 1517 μὴ
1711 1449 1803 1500 ἐπὶ

208 1538 375 1589 πλέον
417 1538 717 1608 διανεμηθῇ
773 1540 852 1600 είς
900 1538 999 1599 τὰς
1058 1539 1354 1606 μετέπειτα
1404 1539 1619 1605 γενεάς,
1649 1538 1801 1591 δεῦτε

205 1629 505 1698 κρύψωμεν
532 1630 622 1681 τὸν
646 1632 809 1682 τόπον
836 1631 931 1699 τῆς
960 1630 1140 1699 ταφῆς
1170 1630 1356 1684 αὑτοῦ.
1377 1632 1503 1683 Ἐὰν
1534 1632 1639 1700 γὰρ
1672 1632 1793 1683 ἴδω-

206 1738 292 1773 σιν
327 1724 376 1773 οί
404 1723 521 1773 λαοὶ
553 1721 707 1773 κενὸν
731 1722 821 1774 τὸν
855 1722 1045 1789 τάφον,
1073 1724 1273 1784 πάντες
1305 1724 1684 1775 πιστεύσουσιν
1713 1724 1793 1785 είς

202 1811 390 1865 αὐτόν.
428 1812 560 1864 Τότε
594 1813 883 1865 ἐκέλευσαν
916 1814 1191 1882 χωσθῆναι
1224 1814 1313 1866 τὸν
1341 1816 1510 1881 τάφον
1559 1814 1651 1867 καὶ
1700 1815 1789 1866 τὸν

1907 610 2066 663 dubia
2108 611 2440 665 resurrectio
2481 613 2676 673 evasit,
2713 611 2975 667 militibus
3017 611 3213 679 ubique
3238 628 3347 666 rem
3374 623 3479 669 tam

629 708 1134 778 promulgantibus,
1180 706 1339 772 licet,
1393 715 1451 759 nt
1502 715 1765 769 tacerent,
1805 720 1834 759 a
1908 706 2138 760 summis
2208 706 2585 760 sacerdotibus
2648 719 2752 759 nou
2807 721 2973 774 parvo
3023 707 3199 775 pretio
3252 708 3483 763 fuissent

1974 895 2263 963 Postquam
2303 903 2481 946 autem
2537 892 2800 945 Dominus
2836 891 2887 944 in
2932 892 3124 945 cmhnn
3168 902 3482 963 assumptus

1902 992 2119 1055 fuisset,
2179 1001 2231 1043 et
2280 991 2511 1041 maxima
2555 988 2813 1041 miracula
2878 988 2928 1041 in
2973 989 3188 1043 nomine
3236 991 3403 1057 ipsius
3449 1006 3481 1045 ι

1899 1085 2103 1138 sanctis
2152 1082 2407 1151 apostolis
2447 1081 2901 1149 designarentur,
2945 1096 3132 1133 rursus
3173 1084 3367 1135 summi
3392 1098 3481 1137 sa-

1899 1176 2150 1229 eerdotes
2214 1172 2396 1225 furore
2448 1172 2683 1237 correpti
2742 1179 2904 1234 sunt,
2966 1171 3207 1225 dicentes
3270 1190 3284 1226 :
3342 1174 3479 1237 Quid

1905 1266 2163 1320 faciemus
2207 1265 2229 1316 ?
2282 1264 2436 1330 signa
2493 1261 2639 1314 enim
2703 1263 3057 1330 mirandaque
3105 1264 3368 1331 prodigia,
3427 1267 3480 1318 in

1902 1359 2119 1412 nomine
2150 1357 2295 1419 les",
2333 1356 2399 1409 ab
2430 1355 2547 1424 ejus
2572 1355 2851 1420 discipulis
2879 1356 2991 1409 fieri
3023 1357 3246 1409 omnino
3271 1356 3480 1409 clarum

1900 1461 2004 1512 est,
2055 1463 2227 1516 neque
2268 1448 2412 1500 enim
2462 1446 2513 1500 id
2552 1460 2753 1515 negare
2786 1461 3119 1513 possumus;
3176 1461 3360 1499 verum
3413 1461 3481 1500 ne

1900 1539 2127 1607 amplius
2187 1537 2237 1589 id
2265 1538 2315 1589 in
2342 1537 2550 1589 futuras
2587 1539 2964 1603 generationes
2995 1535 3346 1598 diffundatur,
3388 1551 3481 1591 ve-

1904 1632 2036 1692 nite,
2084 1630 2417 1683 occultemus
2471 1628 2647 1681 Ineunt
2699 1628 2992 1694 sepultura:
3041 1627 3183 1694 ejus.
3226 1627 3282 1680 Si
3335 1628 3478 1680 enint

1899 1720 2078 1786 populi
2140 1719 2377 1770 viderint
2441 1730 2668 1769 vacuum
2720 1715 3050 1783 sepulcrum.
3118 1729 3307 1768 omnes
3357 1729 3479 1768 cre-

1898 1812 2025 1863 dent
2072 1810 2123 1861 in
2186 1808 2355 1861 illntn.
2419 1807 2571 1860 Tunc
2630 1806 2911 1875 jusserunt
2961 1806 3115 1859 obrui
3174 1806 3478 1872 sepulcrum

201 1903 367 1955 τόπον
394 1903 488 1955 τοῦ
521 1904 777 1971 Κρανίου,
811 1908 868 1955 ἐν
904 1897 948 1971 ᾧ
975 1905 1219 1975 ὑπῆρχεν
1248 1908 1275 1958 ό
1301 1905 1601 1972 ἀγιώτατος
1624 1922 1786 1958 σταυ-

1890 1902 2175 1968 locumque
2204 1900 2487 1963 Calvarite,
2524 1901 2573 1952 in
2613 1914 2720 1968 quo
2747 1898 3093 1952 sanctissima
3128 1913 3259 1949 crux
3288 1898 3475 1965 jacue-

205 1996 317 2063 ρδς,
353 1994 423 2046 τά
444 1994 541 2063 τῆς
576 1996 848 2064 σωτηρίας
873 1998 1071 2063 σημεῖα
1095 1996 1231 2068 λήθῃ
1262 1995 1595 2064 παραδοῦναι
1645 1998 1786 2066 φιλο-

200 2085 533 2147 νεεκσιῦντες.
563 2088 671 2138 Καὶ
698 2087 835 2155 αῦτη
864 2087 962 2155 μέν
999 2089 1148 2139 ἐστιν
1174 2088 1205 2155 ἡ
1241 2088 1473 2156 κακίστη
1509 2089 1784 2158 συμϐουλὴ

197 2174 312 2227 τῶν
342 2177 675 2245 παρανόμων
715 2176 999 2231 Ἰουδαίων.
1019 2178 1076 2230 '0
1098 2178 1156 2230 δὲ
1183 2177 1315 2239 Θεὸς
1345 2180 1525 2233 πάντα
1548 2181 1785 2249 συνεχώ-

199 2277 369 2331 ρησεν
392 2263 577 2325 αὐτοῖς
604 2262 853 2331 ποιῆσαι,
872 2263 1061 2333 σαφῶς
1084 2265 1385 2335 οἰκονομῶν
1406 2268 1472 2320 τά
1501 2269 1783 2335 μέλλοντα.

208 2352 431 2422 Ἐπειδὴ
462 2354 572 2423 γὰρ
606 2354 830 2423 ἔμελλεν
860 2356 893 2424 ἡ
929 2356 1077 2419 πόλις
1107 2357 1461 2427 ἐρημωθῆναι
1514 2361 1607 2413 καὶ
1654 2363 1786 2431 πυρὶ

194 2444 594 2514 παραδοθῆναι,
628 2445 1005 2515 συνεχώρησεν
1025 2449 1054 2498 δ
1078 2448 1210 2510 Θεὸς
1227 2450 1493 2519 κρυϐῆναι
1522 2453 1656 2522 πρὸς
1681 2452 1788 2506 ὀλί-

194 2551 293 2603 γον
322 2535 380 2587 τὸ
401 2536 660 2598 ζωοποιὺν
682 2537 838 2601 ξύλον
869 2539 964 2592 καὶ
991 2538 1089 2609 τὴν
1118 2538 1326 2603 ἔνδοξον
1352 2542 1673 2606 ἀνάστασιν,
1700 2544 1787 2597 ἵνα

197 2625 278 2694 μὴ
311 2628 370 2678 ἐν
404 2630 468 2696 τῇ
502 2628 809 2699 ἀναστασία
859 2628 964 2681 ὑπὸ
1001 2631 1270 2683 Ἰουδαίων
1306 2634 1400 2685 καὶ
1452 2632 1619 2686 ἐθνῶν
1653 2637 1787 2705 πυρὶ

192 2718 242 2769 οἱ
278 2717 435 2769 τόποι
468 2719 867 2787 παραδοθῶσιν·
909 2720 1024 2789 ᾔδει
1059 2721 1163 2790 γάρ
1192 2723 1249 2773 ἐν
1285 2721 1361 2791 τῷ
1394 2724 1559 2776 δέοντι
1611 2726 1789 2797 καιρῷ

196 2810 341 2878 μετά
365 2808 521 2880 δόξης
554 2811 751 2879 πολλῆς
783 2812 1266 2882 ἀναδειχθήσεσθαι
1298 2814 1580 2882 μέλλοντα.

279 2982 339 3035 Ὀ
361 2982 416 3035 δέ
445 2983 674 3047 Πιλᾶτος
699 2984 875 3037 πάντα
904 2984 973 3037 τά
1004 2988 1367 3057 πεπραγμένα
1398 2991 1489 3042 ἐπὶ
1512 2990 1605 3043 τοῦ
1631 3008 1791 3044 σταυ-

194 3072 293 3142 ροῦ
326 3073 574 3143 ἀνήγαγε
602 3074 680 3144 τῷ
711 3076 974 3145 Καίσαρι.
1020 3078 1113 3129 καὶ
1143 3079 1224 3130 ὅτι
1254 3082 1281 3132 ὁ
1314 3084 1647 3150 σταυρωθεῖς
1682 3085 1789 3153 Ἰη-

193 3165 345 3227 σοῧςν
378 3168 406 3218 ὁ
456 3166 746 3235 λεγόμενος
796 3167 1062 3237 Χριστὸς,
1101 3171 1299 3241 ἀνέστη
1345 3175 1666 3243 τριήμερος,
1696 3177 1790 3229 και

192 3257 480 3326 θαυμάσια
513 3259 727 3328 μεγάλα
758 3260 1131 3314 ἐπιτελοῦνται
1154 3264 1256 3315 ὑπὸ
1285 3265 1392 3317 τῶν
1418 3267 1580 3319 αὑτοῦ
1610 3268 1789 3339 μαθη-

190 3346 304 3399 τῶν
333 3350 389 3398 ἐν
424 3351 498 3415 τῷ
530 3350 756 3419 ὀνόματι
788 3352 973 3405 αὑτοῦ.
1006 3354 1257 3423 Τιϐέριος
1276 3356 1596 3421 δὲ,ἀκοῦσας
1617 3361 1788 3413 ταῦτα

189 3439 291 3490 καὶ
328 3438 639 3507 Θαυμάσας,
678 3442 932 3495 ἐπίστευε
955 3443 1031 3513 τῷ
1056 3446 1246 3515 Κυρίῳ
1274 3448 1367 3498 καὶ
1402 3448 1652 3501 ἐϐούλετο
1679 3469 1787 3502 παο

190 3528 459 3597 ραχρῆμα
493 3528 681 3582 τοῦτον
734 3530 823 3583 διὰ
875 3532 1155 3601 βασιλικοῦ
1202 3534 1375 3587 τύπου
1424 3540 1788 3608 ἀναγορεῦσαι

188 3621 744 3693 Θεόν.Ἀντεπράχθη
774 3623 830 3676 δὲ
867 3624 971 3677 ὑπὸ
1008 3625 1110 3694 τῆς
1139 3626 1274 3689 ἰδίας
1312 3628 1641 3698 συγκλήτου,
1674 3648 1785 3700 μω-

190 3712 319 3780 ρίαν
348 3713 702 3781 ήγησαμὲνης
728 3715 818 3767 τὸν
842 3715 998 3783 λόγον
1018 3717 1112 3770 τοῦ
1140 3719 1399 3788 σταυροῦ.
1416 3721 1475 3772 '0
1494 3720 1550 3773 δὲ
1572 3723 1786 3793 Καῖσαρ

189 3805 419 3872 ἐκράτει
454 3804 544 3856 τὸν
572 3804 729 3873 λόγον
752 3806 917 3860 αὐτοῦ
942 3810 999 3860 ἐν
1020 3811 1085 3879 τῇ
1116 3811 1312 3879 καρδία
1342 3812 1529 3875 αὑτοῦ,
1558 3815 1785 3876 καὶτοῖς

188 3894 543 3949 διαϐάλλουσι
594 3898 957 3966 Χριστιανοὺς
998 3899 1218 3970 ὄλεθρον
1265 3902 1552 3973 ἠπείλησε.
1581 3905 1784 3959 Μαθὼν

187 3981 249 4034 δι
298 3983 379 4035 ὅτι
416 3984 659 4053 Ἡρώδης
710 3986 1000 4055 συνῄνεσεν
1034 3991 1112 4051 εἰς
1144 3990 1235 4042 τὸν
1263 3992 1491 4045 θάνατον
1519 3993 1612 4046 τοῦ
1647 3996 1784 4064 Χρι-

189 4074 359 4141 στοῦ,
389 4076 484 4128 καὶ
513 4076 591 4127 ὅτι
626 4075 714 4129 διά
738 4077 838 4146 τῆς
868 4078 1126 4148 ἀθεμίτου
1172 4082 1337 4135 αὐτοῦ
1392 4085 1638 4153 μοιχείας
1688 4086 1786 4155 τῆς

187 4165 272 4227 εἰς
295 4164 398 4234 τὴν
430 4164 732 4235 Ἡρωδιάδα
765 4168 911 4221 κακά
942 4168 1112 4221 πολλά
1143 4170 1358 4237 ἐγένετο
1384 4174 1525 4224 κατὰ
1554 4174 1651 4243 τὴν
1680 4172 1785 4243 χώ-

189 4274 297 4328 ραν
321 4257 558 4327 ἐκείνην,
593 4258 687 4311 καὶ
720 4260 803 4311 ὅτι
843 4260 1097 4330 Ἰωάννην
1130 4262 1220 4314 τὸν
1258 4263 1586 4334 Βαπτιστὴν,
1614 4266 1782 4335 ἄνδρα

187 4347 403 4400 δίκαιον
428 4348 577 4412 ὄντα,
601 4350 691 4402 διά
716 4351 807 4403 τὸν
832 4348 1052 4418 ἔλεγχον
1074 4352 1172 4421 τῆς
1194 4354 1540 4423 παρανομίας
1562 4355 1782 4422 ἐφόνευ-

189 4456 276 4502 σε,
305 4438 425 4491 λίαν
464 4441 838 4510 ἠγανάκτησε.
884 4441 993 4493 Καὶ
1041 4442 1203 4495 αὐτὸν
1250 4442 1470 4514 δέσμιον
1514 4446 1651 4514 μετὰ
1680 4446 1781 4515 τῆς

1889 2004 2005 2054 rat,
2047 1993 2160 2046 lucc
2195 1992 2388 2045 salutis
2437 1993 2591 2059 signa
2637 1990 2892 2044 oblivioni
2932 1988 3192 2042 mandare
3248 2001 3480 2039 t'ontett—

1887 2086 2100 2138 dentes.
2146 2086 2322 2152 Atque
2377 2083 2478 2136 hoc
2521 2082 2624 2135 fuit
2670 2082 2961 2149 pessimum
3004 2080 3478 2148 prmvariratmnm

1884 2176 2192 2229 Judmorum
2253 2174 2562 2229 consilium.
2600 2174 2670 2226 At
2705 2187 2836 2227 vero
2871 2170 3012 2225 Dens
3046 2180 3243 2223 cuncta
3273 2168 3342 2221 ab
3375 2169 3480 2221 illis

1887 2267 2002 2321 ﬁeri
2036 2267 2315 2337 permisit,
2367 2265 2659 2334 prudenter
2697 2264 2915 2317 interim
2958 2261 3135 2314 futura
3163 2262 3475 2328 disponitis.

1887 2358 2327 2426 Quandoquidem
2374 2357 2567 2411 civitas
2590 2355 2702 2423 jam
2752 2364 2868 2408 erat
2910 2352 3269 2412 devastanda,
3310 2360 3476 2419 atque

1889 2450 1995 2519 igni
2040 2450 2473 2515 conflagratum,
2539 2447 2815 2501 concessit
2873 2444 3015 2496 Deus
3082 2444 3353 2495 vivilicum
3415 2444 3479 2495 li-

1887 2555 2051 2609 gnum
2101 2540 2387 2606 lucumque
2415 2538 2661 2604 gloriosae
2688 2534 3104 2589 resurrectionis
3129 2534 3193 2585 ad
3221 2534 3473 2601 exiguum

1891 2640 2102 2697 tempus
2139 2627 2425 2689 occultari,
2475 2642 2542 2681 ne
2580 2629 2629 2679 in
2672 2636 2817 2678 tanta
2847 2640 3025 2679 rerum
3076 2622 3391 2677 confusione
3444 2639 3475 2677 a

1886 2717 2088 2771 Jndmis
2144 2719 2222 2771 vel
2270 2720 2563 2786 gentilibus
2605 2718 2711 2786 igni
2751 2717 2864 2769 haec
2914 2716 3029 2768 loca
3080 2716 3473 2781 traderentur;

1888 2824 2007 2879 qnte
2048 2821 2291 2878 tempore
2338 2818 2643 2877 opportuno
2681 2822 2873 2878 magna
2908 2806 3079 2875 gloria
3119 2817 3278 2862 erant
3318 2823 3474 2861 reve-

1890 2901 2072 2953 lattilu.

1960 2991 2190 3063 Jamque
2250 2992 2457 3047 Pilatus
2524 2993 2590 3045 ad
2648 3001 2963 3061 perpetuam
3021 2993 3096 3047 rei
3156 2996 3473 3045 memoriam

1892 3093 2108 3146 cuncta,
2137 3099 2254 3152 qua:
2278 3085 2342 3137 de
2360 3099 2522 3138 cruce
2539 3084 2871 3146 acciderant,
2897 3085 2962 3136 ad
2983 3082 3252 3137 Caesarem
3289 3092 3474 3137 trans-

1894 3172 2135 3237 miserat,
2162 3188 2353 3241 nempe
2378 3172 2563 3227 Jesum
2598 3174 2687 3241 qni
2718 3173 3000 3226 dicebatur
3022 3172 3294 3237 Christus,
3325 3184 3475 3236 pust-

1893 3279 2053 3333 qnam
2096 3280 2217 3317 eum
2264 3266 2410 3318 cruci
2465 3262 2797 3318 sufiixissent
2826 3262 3016 3327 Judaei,
3078 3264 3237 3318 tertia
3265 3264 3353 3319 die
3384 3280 3472 3319 re-

1890 3354 2219 3416 snrrexisse,
2238 3355 2489 3422 quodque
2510 3354 2771 3421 stupenda
2799 3356 3045 3423 qnazdam
3068 3369 3132 3409 ac
3158 3364 3472 3424 portentosa

1890 3444 1943 3497 in
1999 3444 2116 3513 ejus
2162 3445 2378 3498 nomine
2429 3444 2620 3498 fierent
2651 3446 2717 3496 “.
2772 3445 2899 3509 Quae
2930 3445 3178 3499 Tiberius
3222 3446 3468 3511 audiens,

1890 3536 2298 3603 admiratusque
2330 3576 2345 3601 ,
2392 3536 2616 3589 Domino
2677 3536 2942 3600 credidit,
2992 3538 3287 3606 statimque
3343 3552 3468 3591 eum

1890 3626 2153 3689 decrevit,
2209 3641 2360 3680 mare
2408 3628 2576 3695 regio,
2625 3625 2792 3679 Deum
2836 3627 3136 3690 declarare,
3174 3628 3259 3681 cui
3288 3628 3389 3681 hac
3416 3632 3471 3684 in

1888 3731 1947 3769 re
1976 3732 2005 3771 a
2046 3729 2236 3772 senatu
2270 3728 2630 3787 repugnatum
2663 3727 2765 3778 est.
2791 3718 3074 3772 stultitiam
3099 3719 3465 3785 existimante,

1888 3822 2007 3877 quae
2040 3809 2106 3863 de
2153 3822 2315 3863 cruce
2358 3809 2694 3862 ferebantur.
2728 3807 2909 3863 Cmsar
2943 3818 3125 3864 tamen
3153 3809 3315 3863 lixam
3343 3827 3469 3865 sen-

1890 3899 2114 3953 tentiam
2162 3898 2213 3952 in
2245 3899 2432 3953 animo
2460 3913 2559 3953 suo
2608 3900 2850 3963 retinuit,
2888 3910 3116 3953 mortem
3144 3900 3469 3955 intermina-

1888 3998 1997 4055 tus,
2046 3991 2355 4057 quicunqne
2394 3990 2739 4044 Christianos
2778 3991 2958 4059 aliqua
2991 3991 3260 4046 calumnia
3289 3994 3466 4060 impe-

1888 4093 2006 4137 tere
2049 4084 2166 4137 ausi
2201 4091 2386 4137 essent
2413 4084 2481 4135 ".
2525 4081 2769 4150 Cumque
2801 4082 3158 4137 intellexisset
3193 4082 3459 4139 Herodem

1887 4174 2052 4228 etiam
2109 4174 2161 4228 in
2212 4182 2440 4227 mortem
2489 4173 2695 4228 Christi
2735 4174 3105 4238 consensisse,
3157 4185 3211 4228 et
3243 4183 3463 4243 promer

1887 4261 2153 4316 nefarium
2210 4262 2330 4331 ejus
2395 4262 2759 4327 adulterium,
2822 4262 2960 4315 mala
3013 4278 3174 4331 quam
3229 4263 3459 4331 plurima

1884 4351 2132 4405 evenisse
2176 4351 2229 4404 in
2273 4349 2479 4415 Iudaea,
2517 4361 2573 4404 et
2616 4350 2877 4404 Joannem
2916 4350 3239 4419 Baptistam,
3285 4351 3457 4404 virmn

1878 4440 2109 4509 justum,
2162 4443 2302 4509 quod
2335 4443 2507 4509 ipsum
2549 4440 2908 4511 improbitatis
2949 4454 3060 4493 sua:
3104 4442 3460 4509 coarguissct,

188 4529 504 4601 μοιχαλίδος
548 4533 629 4593 είς
661 4531 879 4601 Ῥώμην
928 4533 1292 4604 ἀπενεχθῆναι
1337 4536 1586 4587 ἐκέλευσε
1613 4574 1627 4593 .
1683 4537 1776 4591 καὶ

1887 4537 2176 4600 occidisse,
2212 4537 2512 4589 vehementi
2562 4552 2611 4587 in
2661 4536 2832 4602 ipsum
2876 4534 2955 4586 ira
2993 4536 3297 4588 concitatus
3337 4544 3417 4587 est
3442 4574 3458 4598 ,

185 4621 486 4692 γυμνώσας
531 4622 693 4675 αὑτὸν
741 4623 840 4693 τῆς
868 4623 1045 4694 ἀρχῆς
1092 4627 1188 4678 καὶ
1234 4625 1531 4695 δημεύσας,
1579 4627 1673 4679 σὺν
1708 4634 1773 4699 τῇ

196 4713 491 4783 Ἡρωδιάδι
528 4714 889 4782 παρέπεμψεν
916 4715 1190 4785 ἐξόριστον
1210 4717 1289 4777 είς
1308 4715 1605 4780 Ὶσπανίους
1628 4719 1771 4791 (41),

182 4808 417 4862 κάκεῖσε
466 4807 558 4859 τὸν
594 4806 709 4875 βίεν
740 4807 991 4875 χαλεπῶς
1041 4805 1400 4875 κατέστρεψε.
1438 4808 1546 4877 Τὴν
1584 4809 1639 4861 δὲ
1673 4827 1775 4862 κα-

184 4898 302 4957 κῶς
333 4896 721 4965 ὀρχησαμένην
770 4896 937 4965 κόρην
985 4896 1244 4947 κατέπιεν
1289 4896 1321 4965 ἡ
1357 4896 1447 4965 γῆ,
1482 4897 1559 4949 ἔτι
1596 4896 1777 4967 ζώσης

186 4991 286 5058 τῆς
323 4987 734 5057 γεννησαμένης
764 4988 997 5056 ἐχίδνης.

260 5255 523 5309 Ἀπέθανε
552 5257 645 5309 καὶ
669 5256 915 5327 Τιϐέριος
949 5256 1267 5327 βασιλεύσας
1298 5256 1393 5324 Ξτη
1424 5256 1631 5318 κϐ’,κα“ι
1651 5257 1774 5310 ἐϐα-

188 5350 408 5400 σίλευσε
443 5350 600 5411 Γαῖος
632 5349 745 5400 ἀντ’
782 5350 945 5401 αὐτοῦ
975 5348 1071 5417 ἐτη
1095 5349 1354 5418 τέσσαρα.
1388 5342 1552 5408 Οὗτος
1583 5343 1648 5415 ῆν
1683 5350 1775 5400 ἀν-

258 5489 575 5613 ’ὲοτνιιυιλ
610 5489 764 5556 Apol.
801 5504 917 5556 cap.
957 5488 1011 5542 5.

181 5584 208 5617 1.·
219 5598 237 5615 ο
280 5583 366 5613 Ζυο

1129 5489 1173 5518 ¹¹
1207 5486 1376 5541 Aliter
1411 5484 1632 5553 Juselh.
1671 5486 1760 5541 lib.
1814 5506 1969 5558 xvm,
2016 5510 2134 5565 cap.
2180 5496 2232 5550 9.

1883 4628 2233 4696 vinctumque
2284 4626 2510 4682 Romam
2550 4642 2670 4680 cum
2723 4624 2964 4679 adultera
3009 4626 3229 4693 perduci
3274 4625 3455 4693 jubet,

1880 4729 2155 4783 regnoque
2204 4730 2430 4778 exuens,
2475 4717 2721 4783 bonaque
2764 4713 2880 4781 ejus
2924 4713 3301 4781 proscribens,
3352 4730 3454 4766 una

1879 4821 2000 4862 cum
2054 4806 2384 4871 lierodiade,
2436 4808 2629 4861 exsilio
2679 4807 3009 4869 multatum,
3054 4807 3105 4857 in
3174 4805 3457 4872 Hispanias

1880 4902 2047 4965 misit,
2090 4902 2175 4956 ubi
2222 4903 2272 4954 in
2315 4902 2543 4955 suminis
2592 4914 2772 4953 rerum
2825 4896 3090 4966 angustiis
3129 4897 3292 4948 vitam
3338 4899 3457 4950 lini-

1879 4995 1975 5047 vit.
2026 4992 2263 5047 Puellam
2315 5005 2514 5054 autem,
2568 5007 2685 5060 quze
2729 4990 2990 5045 scelerate
3028 5004 3090 5042 ac
3126 4988 3329 5042 nefarie
3362 5000 3457 5040 Irt-

1880 5086 2210 5151 pudiaverat,
2262 5094 2400 5137 lcrrn
2452 5082 2743 5150 absorpsit,
2776 5082 2891 5134 viva
2921 5078 3094 5133 adhuc
3123 5078 3304 5146 vipera
3341 5078 3453 5139 illa,

1881 5191 1999 5243 quae
2022 5175 2160 5227 illam
2188 5187 2461 5244 pepererat
2499 5176 2563 5225 ".

1954 5265 2183 5318 Moritur
2230 5277 2409 5319 autem
2464 5265 2746 5328 Tiberius,
2802 5277 2980 5315 rerum
3037 5260 3240 5327 potitus
3284 5272 3455 5311 annus

1882 5356 2070 5425 viginti
2104 5356 2261 5421 duos,
2282 5368 2335 5411 et
2364 5374 2456 5427 pio
2487 5372 2551 5411 eo
2584 5358 2633 5410 in
2667 5357 2950 5424 imperium
2976 5352 3235 5405 successit
3260 5348 3446 5407 Caius,

2346 5497 2389 5527 ’³
2414 5494 2662 5565 Hegesip.
2690 5492 2780 5545 lib.
2807 5504 2953 5543 xxxtt
2982 5504 2996 5552 ;
3024 5483 3247 5554 Niceplt.
3274 5481 3367 5535 lib.
3406 5492 3449 5543 ι,

1708 5652 1934 5707 NOTAE.

394 5741 1023 5819 91:.ipi1tuv‘tteyigtow,
1052 5754 1105 5798 ct
1131 5757 1279 5814 seqq.
1309 5759 1370 5799 ea
1408 5740 1618 5799 Polluce
1646 5747 1787 5799 omni

1887 5763 2039 5819 isque
2063 5749 2128 5803 ad
2149 5741 2635 5813 ἀναδειχθὴσεσθαι
2667 5738 2949 5810 μέλλοντα.

253 5810 367 5881 με)
396 5810 680 5873 l’ollux,si;
712 5812 999 5874 Σπανίους.
