4228 6442
227 399 370 462 $049

1193 411 1288 470 DE
1331 413 1406 470 ΙΝ
1421 408 1802 472 ΥΕΝἸῚΟΝΕ
1839 411 1924 468 SA
1937 411 2146 471 XCIX-li
2173 413 2370 474 CRUC
2384 416 2467 473 [ὃ.

3368 416 3508 482 4050

225 513 322 564 καὶ
360 512 598 582 Γαληνὸς
639 515 746 582 (30)
798 516 1104 587 διαδέχεται
1139 519 1233 589 ἔτη
1279 521 1598 575 δεκαπέντε.
1649 514 1818 585 Οὗτος

1932 533 2163 588 quuntur
2206 540 2303 591 per
2337 539 2509 580 annos
2542 526 2871 596 quindecim.
2901 529 2995 584 Ille
3019 544 3211 601 magna
3249 531 3302 585 in
3344 531 3511 587 Chri-

223 604 470 675 διωγμδν
503 607 676 674 μέγ;.ν
699 608 840 660 κατὰ
873 609 1218 678 Χριστιανῶν
1246 613 1487 684 ῆγειρεν.
1518 615 1656 668 Ὑπὸ
1688 616 1820 686 βαρ-

225 699 415 766 ϐάρων
462 700 518 753 δὲ
569 701 1135 770 αἰχμαλωτισθέντος,
1189 707 1218 759 ὁ
1245 706 1358 770 υἱὸς
1405 705 1573 760 αὑτοῦ
1617 706 1820 761 ἔπαυσε

225 792 324 844 τὸν
354 791 618 862 διωγμόν.

315 885 404 938 Ἐν
431 887 487 940 δὲ
515 886 675 960 Αἱλξᾳ
691 890 1039 959 Ἀλέξανδρος
1059 893 1416 963 μαρτυρήσας
1449 893 1824 964 Μαρζαϐἀνην

229 975 477 1046 διάδοχον
501 979 601 1047 τῆς
631 980 971 1050 λειτουργίας
995 984 1276 1051 κατέλιπε,
1307 985 1402 1039 καὶ
1424 984 1613 1038 τοῦτον
1664 986 1824 1052 Ὑμέ-

231 1088 387 1134 ναιος
414 1072 746 1143 διαδέχεται.
791 1077 949 1129 Μετὰ
976 1077 1216 1146 Γαληνδν
1256 1079 1518 1143 Κλαύδιος
1539 1080 1822 1133 ἐϐασίλευ-

230 1179 330 1218 σεν
358 1165 451 1233 ἐτη
476 1165 588 1219 δύο.
618 1167 727 1220 Καὶ
753 1167 944 1220 τούτου
958 1169 1200 1240 διάδοχος
1230 1173 1469 1240 κατέστη
1507 1173 1826 1243 Ἀουρηλια-

229 1253 325 1316 νὸς
383 1255 475 1324 ἐτη
512 1257 594 1320 ἓξ.
659 1258 816 1310 Μετὰ
862 1259 1050 1313 τοῦτον
1100 1262 1332 1326 Τάκιτος
1375 1265 1469 1315 καὶ
1514 1263 1824 1333 Φλωριανὸς

230 1347 550 1417 ἐκράτησαν
584 1349 760 1418 μῆνας
783 1351 961 1405 ὲννέα.
993 1353 1196 1406 Τούτου
1235 1355 1273 1405 [1
1286 1354 1439 1423 ρόόος
1468 1355 1712 1426 διάδοχος
1730 1357 1826 1423 ιγέ-

236 1456 398 1508 γονεν
450 1441 546 1510 ἔτη
579 1441 659 1506 ἕξ.
702 1444 905 1497 Τούτου
939 1445 996 1497 δὲ
1031 1446 1454 1516 τελευτήσαντος
1499 1448 1597 1518 τὴν
1625 1451 1826 1517 ἠγεμοο

232 1535 356 1587 νίαν
413 1537 630 1602 ἐδέξατο
687 1539 874 1608 Κάρος
926 1541 1022 1593 σὺν
1056 1543 1173 1602 τοῖς
1223 1543 1358 1604 υἱοῖς
1392 1540 1557 1593 αὑτοῦ
1605 1542 1826 1613 Χαρίνῳ

234 1629 334 1681 καὶ
365 1628 734 1700 Νουμεριανῷ
765 1631 859 1701 ἔτη
890 1631 1003 1686 δύο.
1042 1633 1196 1685 Μετὰ
1240 1632 1462 1695 τούτους
1503 1633 1825 1704 μετέρχεται

234 1721 518 1790 βασιλείαν
555 1725 940 1794 Διοκλητιανὸς
982 1727 1075 1778 καὶ
1142 1725 1484 1794 Μαξιμιανὸς
1512 1728 1684 1780 εἴκοσι
1732 1727 1827 1780 καὶ

234 1815 296 1867 ἓν
314 1817 458 1878 ἔτος.
479 1817 604 1869 Ἐπὶ
626 1816 834 1872 τούτων
862 1820 890 1871 ὁ
908 1817 1211 1888 βαρύτατος
1229 1821 1319 1872 καὶ
1350 1820 1692 1888 μακρότατος
1716 1821 1826 1873 τῶν

231 1907 587 1976 Χριστιανῶν
637 1910 826 1977 γέγονε
869 1910 1130 1980 διωγμὸς,
1159 1913 1218 1964 ὲν
1247 1904 1292 1978 ᾧ
1339 1911 1703 1980 ἀναρίθμητοι
1735 1912 1826 1964 καὶ

231 2001 429 2071 Κυρίῳ
490 2004 637 2072 μόνῳ
688 2004 1034 2074 ἐγνωσμέναι
1089 2005 1350 2074 μυριάδες
1407 2006 1820 2074 ἐμαρτύρησαν.

241 2091 337 2144 Ἐν
365 2093 525 2161 Δίλίᾳ
554 2095 918 2165 δὲ’]’μέναιος
945 2096 1044 2165 τὴν
1076 2095 1417 2166 λειτουργίαν
1443 2097 1824 2162 καταπαύσας,

231 2185 418 2238 Ζαύδα
457 2186 704 2256 διάδοχον
754 2189 921 2242 αὐτοῦ
948 2189 1364 2255 καταλέλοιπεν,
1398 2189 1492 2243 καὶ
1515 2189 1706 2243 τούτου
1733 2208 1825 2242 τε-

229 2279 621 2349 λευτήσαντος,
643 2281 872 2353 Ἕρμων
896 2283 986 2336 τὸν
1015 2283 1204 2354 θρόνον
1220 2284 1484 2354 κατέσχεν
1523 2285 1823 2355 Ἰεροσολύ-

231 2390 375 2439 μων.

303 2551 371 2603 Oi
396 2550 454 2604 δὲ
484 2552 613 2623 περὶ
657 2554 1044 2625 Διοκλητιανὺν
1089 2557 1184 2610 καὶ
1213 2555 1558 2626 Μαξιμιανὸν
1579 2555 1672 2609 τὸν
1702 2555 1824 2608 ἐπί-

229 2645 374 2714 κλην
431 2645 774 2716 Ἐρκούλιον,
808 2648 944 2716 μετὰ
976 2649 1036 2701 τὺ
1090 2651 1409 2702 ἀποκτεῖναι
1464 2649 1664 2710 αὐτοὺς
1717 2648 1826 2700 τῶν

227 2736 404 2804 ἁγίων
432 2737 634 2800 πολλὰς
669 2740 972 2808 μυριάδας,
1005 2740 1197 2811 ὥσπερ
1236 2743 1394 2812 κόρον
1434 2739 1691 2801 λαϐόντες
1715 2740 1825 2790 τῶν

233 2827 448 2888 κακῶν,
477 2831 543 2897 τῇ
581 2829 857 2899 ὑπερϐολῇ
883 2831 983 2896 τῆς
1005 2832 1266 2894 ἀπονοίας
1291 2831 1573 2898 ἀρθέντες,
1613 2833 1825 2900 προφὰ-
1870 2868 1874 2872 ι

231 2935 318 2971 σει
347 2917 968 2992 θεοσεϐείαςάλιτὰρχαι
995 2923 1298 2992 γενόμενος,
1364 2925 1426 2976 ἐκ
1483 2922 1827 2991 συνθήματος

229 3011 503 3064 ἀπέθεντο
556 3013 617 3064 τὸ
647 3014 919 3083 βασίλειον
943 3057 957 3079 ,
985 3017 1077 3068 καὶ
1113 3017 1192 3078 εἰς
1243 3016 1516 3086 ἰδιωτικὴν
1553 3016 1828 3085 διαγωγὴν

231 3105 674 3174 κατεστάθησαν.
711 3107 1054 3177 Μαξιμιανὸς
1104 3111 1216 3178 (51)
1268 3111 1295 3161 ὁ
1325 3109 1615 3178 λεγόμενος
1661 3109 1826 3161 Γαλε-

1925 612 2133 664 stianos
2153 614 2532 679 persecutione
2557 627 2837 684 grassatus
2855 626 2956 671 est.
2971 617 3106 672 Cum
3131 627 3312 674 autem
3337 635 3366 673 ι
3385 619 3510 674 bar-

1925 703 2074 758 baris
2095 715 2240 758 esset
2262 705 2619 777 interceptus,
2647 708 2790 763 lilius
2811 708 2932 778 ejus
2955 712 3320 780 persecutioni
3350 712 3512 766 θυι-ηδ

1927 795 2075 848 fecit.

1977 888 2162 945 ιΑῑιίαι
2185 889 2401 944 interim
2443 892 2753 948 Alexander
2783 895 3048 967 martyrio
3079 895 3322 952 sublatus
3365 897 3511 952 Mar-

1927 986 2172 1039 zabanen
2218 1000 2594 1041 successorem
2648 987 2700 1040 in
2750 989 3056 1044 ministerio
3110 1004 3210 1042 suo
3267 992 3508 1060 reliquit,

1929 1094 2092 1147 quem
2151 1079 2350 1135 deinde
2411 1079 2737 1150 llymenteus
2783 1081 3010 1149 excipit.
3066 1082 3195 1136 Post
3224 1081 3510 1138 Galienum

1927 1169 2190 1224 Claudius
2245 1171 2535 1238 imperavit
2587 1187 2762 1226 annos
2808 1172 2969 1239 duos,
3017 1173 3178 1243 cujus
3224 1187 3516 1228 sucressor

1929 1274 2148 1319 creatur
2189 1265 2539 1328 Aurelianus,
2591 1267 2873 1332 imperans
2919 1281 3090 1322 annos
3139 1282 3260 1329 sex,
3310 1274 3365 1320 ct
3395 1274 3519 1334 post

1928 1366 2051 1405 eum
2089 1350 2313 1406 Tacitus
2349 1366 2470 1406 cum
2513 1351 2768 1407 Floriauo
2801 1369 2984 1408 rerqu
3016 1355 3172 1422 potiti
3204 1363 3332 1407 Sllltl.
3362 1369 3516 1408 men-

1928 1458 2017 1496 ses
2045 1457 2263 1496 novem.
2284 1441 2394 1498 llos
2413 1443 2620 1498 Probus
2644 1445 2971 1499 subsecutus
2992 1454 3077 1498 est
3092 1460 3186 1514 per
3203 1459 3374 1498 annos
3395 1460 3512 1505 sex.

1928 1551 1993 1590 eo
2023 1547 2202 1588 autem
2239 1552 2269 1590 e
2309 1537 2444 1590 vivis
2476 1536 2716 1602 sublato,
2751 1537 2986 1607 suscepit
3025 1537 3310 1606 imperium
3347 1537 3517 1590 Carus

1929 1645 2052 1683 cum
2075 1629 2200 1683 ﬁliis
2225 1629 2428 1683 Carino
2446 1639 2499 1682 et
2521 1628 2851 1684 Numeriano
2878 1645 2971 1699 per
2990 1646 3163 1684 annos
3201 1631 3358 1684 duos.
3387 1628 3518 1684 Post

1931 1721 2052 1775 illos
2111 1722 2398 1791 imperium
2452 1723 2680 1790 adeptus
2733 1732 2816 1777 est
2857 1720 3244 1784 Diocletianus,
3283 1735 3338 1777 et
3389 1740 3511 1776 cum

1933 1813 2024 1868 illo
2068 1814 2431 1870 Maximianus
2478 1831 2653 1872 annos
2705 1816 2899 1888 viginti
2937 1827 2989 1870 et
3022 1832 3216 1870 unum.
3270 1816 3383 1870 Sub
3432 1817 3516 1870 liis

1928 1906 2259 1975 gravissima
2287 1915 2342 1961 et
2385 1907 2700 1977 longissima
2729 1907 2782 1961 in
2819 1907 3169 1963 Christianos
3201 1909 3517 1976 persecutio

1928 2009 2119 2054 exorta
2167 2007 2273 2065 est,
2316 2015 2422 2070 qua
2457 2001 2685 2054 inﬁnitae
2726 2016 2789 2056 ac
2833 2001 2930 2055 soli
2985 2000 3096 2054 Deo
3127 2002 3357 2071 cognitae
3397 2015 3515 2072 my-

1931 2093 2111 2148 riades
2171 2094 2494 2164 martyrium
2563 2094 2892 2148 subierunt:
2951 2093 3280 2165 llymenams
3333 2106 3512 2148 autem

1928 2184 2282 2252 episcopatus
2335 2184 2644 2238 ministerio
2677 2184 2792 2251 jam
2831 2182 3144 2249 defunctus,
3183 2182 3425 2237 laudant
3460 2183 3512 2236 iu

1930 2277 2158 2331 Ailiensi
2227 2277 2450 2330 civitate
2501 2290 2876 2330 successorem
2920 2276 3163 2344 reliquit.
3216 2277 3392 2345 Atque
3449 2261 3512 2330 eo

1931 2381 2149 2424 mortuo
2193 2353 2428 2423 Hermou
2481 2372 2668 2423 sedem
2706 2369 3075 2438 episcopalem
3113 2366 3513 2438 Hierosolymis

1925 2462 2184 2519 obtinuit.
2848 2513 2853 2517 .
3011 2527 3016 2533 ί

1999 2555 2303 2624 Postquam
2373 2565 2555 2609 autem
2605 2553 2972 2609 Diocletianus
3023 2564 3078 2609 et
3123 2555 3512 2616 Maximianus,

1927 2659 2296 2719 cognomento
2352 2647 2660 2712 llerculius,
2707 2647 2908 2701 occisis
2958 2647 3145 2700 inultis
3196 2655 3513 2702 sanctorum

1929 2742 2193 2806 millibus,
2227 2739 2411 2794 satiati
2458 2741 2863 2807 quodammodo
2900 2737 3142 2805 ﬂagitiis,
3168 2753 3289 2807 qua:
3321 2752 3515 2808 perpe-

1931 2841 2237 2897 traverant,
2280 2830 2620 2894 viderentur,
2681 2830 2967 2884 immodica
3039 2830 3238 2883 mentis
3293 2829 3514 2883 vesania

1929 2934 2085 2978 actos
2119 2923 2331 2992 imperii
2381 2922 2583 2976 taedere
2619 2923 2804 2991 erepit,
2839 2921 2983 2990 quod
3011 2923 3111 2976 sub
3144 2922 3364 2991 pietatis
3429 2935 3516 2974 re-

1933 3015 2262 3086 ligionisque
2315 3023 2604 3080 praatextu,
2675 3029 2741 3067 ex
2795 3015 3102 3082 composito
3158 3014 3514 3082 deponentes,

1934 3109 1984 3160 in
2031 3108 2196 3160 vitam
2232 3106 2500 3174 privatam
2569 3108 2956 3174 remigrarunt.
2999 3103 3129 3158 Post
3170 3118 3307 3171 quos
3345 3101 3519 3156 Maxi-

235 3214 373 3266 ριος.
408 3199 502 3250 καὶ
540 3201 841 3265 Μαξέντιος
869 3205 896 3254 ὁ
928 3203 1043 3264 υἱὸς
1079 3201 1173 3254 τοῦ
1218 3203 1532 3271 Ἐρκουλίου
1564 3203 1824 3270 κατέσχον

1935 3202 2172 3262 tnianus,
2205 3199 2297 3267 qui
2335 3200 2499 3252 etiam
2534 3197 2798 3257 ,Galerius
2842 3196 3150 3260 dicebatur,
3205 3208 3259 3250 et
3297 3195 3522 3250 Maxen-

231 3290 336 3358 τὴν
380 3289 698 3360 Ῥωμαϊκὴν
725 3293 1022 3360 ήγεμονξαν
1055 3293 1150 3362 ἔτη
1176 3295 1350 3348 ἐννέα.
1374 3295 1429 3346 Ὀ
1466 3295 1564 3362 μέν
1598 3311 1676 3346 τοι
1711 3296 1828 3346 Μα-

231 3384 487 3452 ξιμιανὸς
534 3387 592 3438 ὲν
635 3389 744 3450 τοῖς
796 3388 897 3457 τῆς
955 3388 1350 3458 Ἑῴαςμέρεσι
1389 3387 1678 3456 διέτριϐεν,
1723 3389 1830 3441 est

229 3477 539 3543 Μαξέντιος
566 3483 624 3533 ὲν
648 3483 786 3552 αὐτῇ
823 3486 887 3552 τῇ
925 3472 1112 3554 Ῥώμῃ
1139 3487 1204 3553 τῇ
1245 3484 1456 3552 μεγάλῃ
1486 3484 1551 3536 τὰ
1586 3484 1832 3552 βασέλεια

231 3572 557 3639 ἐποιήσατο,
587 3572 750 3643 θῆρες
781 3576 965 3644 ἄγριοι
999 3571 1148 3628 οὗτοι
1175 3579 1265 3627 καὶ
1303 3578 1408 3627 πᾶν
1461 3572 1599 3638 εἶδος
1633 3577 1832 3639 κακίας

236 3664 664 3734 μετερχόμενοι,
719 3667 813 3719 καὶ
858 3668 1106 3736 σσοδρῶς
1158 3668 1298 3720 κατὰ
1338 3667 1446 3719 τῶν
1491 3669 1833 3737 Χριστιανῶν

232 3755 679 3824 ὲπιμαινόμενοι.
736 3757 1164 3810 Συνεϐασξλευσε
1221 3759 1276 3810 δὲ
1324 3760 1509 3820 αὐτοῖς
1548 3761 1691 3812 κατὰ
1734 3761 1834 3829 τὴν

232 3849 539 3917 Βρετανίαν
589 3850 820 3912 Κώστας
873 3853 901 3903 ὁ
956 3853 1151 3920 μέγας,
1185 3853 1212 3903 ὁ
1251 3851 1346 3904 τοῦ
1395 3853 1636 3922 μεγάλου
1676 3854 1833 3904 Κων-

234 3939 522 3993 σταντξνου
561 3942 742 4012 πατὴρ
767 3984 779 4003 ,
823 3944 962 4012 ἀνὴρ
1011 3944 1077 3996 τὰ
1114 3945 1292 3998 πάντα
1341 3945 1705 4014 γαληνὸτατος
1743 3946 1836 3997 καὶ

236 4033 594 4101 πραότατος,
663 4035 947 4086 εὐσέϐειαν
1001 4036 1385 4106 ἀσπαζόμενος
1418 4079 1432 4100 ,
1487 4039 1578 4089 καὶ
1643 4037 1836 4089 εἴδωλα

235 4123 675 4195 μυσαττόμενος,
705 4127 799 4178 καὶ
825 4126 945 4180 λίαν
970 4129 1094 4191 τοὺς
1114 4129 1476 4198 Χριστιανοὺς
1503 4129 1834 4198 ἀποδεχόμε-

234 4234 328 4278 νος
336 4259 347 4271 .

320 4311 380 4363 ’0
423 4309 480 4362 δὲ
523 4311 936 4373 Κωνσταντῖνος
972 4311 1051 4364 ἔτι
1090 4312 1353 4383 ὑπάρχων
1391 4316 1522 4376 παῖς
1556 4312 1710 4381 παρὰ
1757 4312 1835 4381 τῷ

229 4402 333 4472 τῆς
373 4401 540 4472 Ἰἰῴας
566 4403 816 4472 τυράννῳ
839 4403 1116 4473 ἐτρέφετο,
1166 4405 1551 4473 παιδευόμενος
1586 4405 1681 4476 τὴν
1721 4405 1838 4458 Ἱέλ-

228 4492 465 4561 ληνικὴν
495 4495 690 4562 σοφίαν
717 4535 731 4556 ,
774 4495 895 4548 ὅθεν
929 4496 1080 4565 αὐτῷ
1117 4499 1208 4549 καὶ
1243 4501 1300 4550 ἐν
1349 4498 1680 4569 Παλαιστίνῃ
1722 4497 1835 4550 δντι

1934 3293 2040 3347 tius
2088 3293 2234 3346 ﬁlius
2280 3291 2558 3354 Ilcrculei,
2614 3291 2905 3359 imperimn
2951 3291 3313 3343 obtinuerunt
3344 3304 3520 3343 annos

1935 3402 2151 3440 novem.
2225 3383 2584 3437 Maximianus
2647 3393 2826 3437 autem
2885 3383 2937 3435 in
2987 3381 3212 3437 Oriente
3264 3382 3524 3436 versaba-

1934 3491 2040 3535 tur.
2101 3478 2403 3532 Maxenlios
2473 3493 2600 3532 vero
2692 3478 2745 3530 in
2823 3476 3210 3546 angustissima
3301 3474 3524 3530 civitate

1935 3576 2202 3635 Romana,
2271 3575 2536 3641 imperiali
2617 3572 2944 3639 fungebatur
3011 3584 3262 3630 munere,
3330 3568 3525 3622 bellua:

1935 3686 2066 3725 sane
2107 3667 2538 3728 immanissimm,
2577 3667 2778 3732 quique
2820 3665 2871 3716 in
2920 3678 3080 3716 omne
3111 3662 3408 3729 impietatis
3435 3676 3526 3728 ge-
3615 3727 3618 3730 ξ

1937 3779 2037 3815 nus
2093 3769 2499 3830 pervenerant;
2553 3758 2824 3827 imprimis
2878 3769 3061 3811 autem
3119 3765 3310 3810 contra
3365 3753 3526 3810 Citri-

1937 3857 2147 3908 stianos
2177 3853 2536 3907 insanientes.
2572 3848 2849 3918 Regnavit
2891 3865 3013 3902 cum
3057 3849 3192 3918 ipsis
3222 3848 3276 3902 in
3306 3847 3523 3900 Britan—

1938 3947 2023 3999 nia
2056 3948 2326 4000 Constans
2373 3959 2619 4012 tnagnus,
2654 3943 2741 4010 qui
2785 3941 3126 3995 Constantini
3163 3941 3343 4008 magni
3375 3949 3527 4007 pater

1939 4041 2061 4102 fuit,
2097 4038 2178 4091 vir
2205 4054 2299 4107 per
2328 4039 2508 4090 omnia
2544 4035 2951 4104 placidissimus
2975 4049 3040 4084 ac
3069 4033 3520 4091 humanissimus,

1937 4133 2194 4200 pietatem
2224 4130 2577 4198 amplectens,
2612 4138 2668 4181 et
2696 4126 2837 4179 idola
2883 4129 3166 4179 detestans
3195 4140 3209 4186 ;
3251 4123 3524 4178 Christia-

1939 4240 2037 4278 nos
2069 4238 2290 4291 quoque
2331 4236 2441 4289 prie
2475 4219 2691 4273 caeteris
2720 4219 2920 4270 charos
2952 4219 3179 4270 habens.

2007 4314 2399 4369 Constantinus
2458 4320 2639 4364 autem
2691 4309 2870 4362 adhuc
2929 4323 3062 4376 puer
3109 4307 3250 4376 apud
3284 4306 3526 4362 Orientis

1941 4419 2232 4478 tyrantan
2290 4405 2664 4463 educabatur;
2723 4403 2774 4455 in
2837 4401 3172 4456 Graecauieis
3224 4399 3528 4468 disciplinis

1941 4498 2190 4564 apprime
2241 4498 2562 4548 instructus.
2619 4491 2774 4546 Unde
2827 4494 3026 4547 accidit
3073 4493 3239 4560 quod,
3306 4507 3428 4546 cum
3470 4495 3523 4545 in

228 4586 330 4640 καὶ
378 4586 699 4655 θεωροῦντι,
745 4588 845 4640 ὅσα
900 4590 1200 4658 πάσχουσιν
1249 4591 1297 4642 οἱ
1347 4591 1524 4644 δοῦλοι
1565 4592 1826 4662 Χριστοῦ,

1936 4587 2223 4640 l’altcstina
2286 4596 2634 4647 versaretur,
2701 4585 3016 4653 videretque
3090 4599 3255 4649 quam
3321 4585 3519 4637 acerba

226 4679 489 4732 ἐδάκνετο
515 4680 548 4748 ἡ
574 4679 746 4750 ψυχή.
782 4677 891 4732 Ἧν
914 4682 1024 4751 γὰρ
1052 4682 1417 4752 μισοπόνηρος
1451 4686 1513 4736 ὲκ
1551 4685 1825 4740 παιδόθεν.

226 4772 336 4824 Τὸν
366 4771 424 4824 δὲ
455 4772 838 4841 Διοκλητιανὸν
863 4775 921 4826 ἐν
961 4775 1244 4844 Δαλματίᾳ
1275 4775 1528 4840 διάγοντα
1561 4778 1827 4831 κατέλαϐε

225 4862 496 4932 θεήλατος
546 4863 709 4933 ὀργὴ,
739 4866 835 4918 καὶ
870 4866 1138 4933 δγκωθεὶς
1194 4867 1254 4920 τὸ
1307 4866 1470 4936 σῶμα
1523 4871 1602 4932 εἰς
1654 4869 1830 4922 πολλὰ

225 4954 596 5024 διερρήγνυτο
645 4957 812 5026 μέρη,
855 4961 952 5024 τῆς
1009 4957 1331 5029 βλασφήμου
1366 4959 1531 5013 αὑτοῦ
1576 4961 1829 5030 γλώσσης

225 5045 504 5117 σαπείσης
531 5049 588 5100 ἐν
626 5049 706 5120 τῷ
737 5049 974 5120 λάρυγγι
1008 5053 1176 5104 αὑτοῦ
1212 5054 1306 5105 καὶ
1363 5053 1566 5125 πλῆθος
1609 5057 1823 5128 σκωλή-

227 5159 344 5194 κων
367 5141 762 5212 ἁναδρισὰσης.
793 5143 979 5207 Οὕτως
1005 5145 1285 5216 ἀπέρρηξε
1318 5146 1379 5198 τὸ
1411 5147 1648 5218 πνεῦμα.
1681 5149 1740 5203 Ὀ
1769 5151 1826 5203 δὲ

242 5233 561 5304 Ἐρκούλιος
606 5237 664 5287 ὲν
695 5235 896 5305 Ταρσῴ
935 5238 1033 5306 τῆς
1080 5239 1332 5300 Κιλικίας
1361 5239 1695 5310 κατέστρεψε
1734 5241 1824 5294 τὸν

223 5325 367 5395 βίον.
413 5326 472 5378 Ὀ
499 5325 557 5379 δὲ
587 5327 848 5398 Γαλέριος
880 5329 1245 5398 Μαξιμιανὸς,
1282 5329 1475 5400 ὥσπερ
1507 5330 1692 5384 ἄδειαν
1718 5333 1814 5384 λα-

219 5420 360 5483 ὕὼν,
377 5418 556 5482 ἀθέως
581 5418 699 5490 ἅμα
724 5422 816 5474 καὶ
843 5421 1227 5490 ἀπανθρώπως
1247 5422 1514 5492 ἐκέχρητο
1533 5427 1597 5495 τῇ
1627 5441 1824 5496 τυραν-

222 5510 349 5565 νίδι.
407 5511 853 5586 Γυναικομανοῦς
888 5517 996 5588 γὰρ
1049 5517 1342 5586 γενομένου
1394 5516 1556 5570 αὑτοῦ
1601 5517 1823 5588 ἀγῶνας

1938 4679 2146 4733 Christi
2192 4678 2431 4731 cultores
2479 4687 2818 4745 paterentur,
2864 4679 3104 4742 graviter
3141 4677 3327 4729 animo
3366 4677 3524 4729 indo-

1939 4777 2204 4837 lescet'et;
2244 4772 2419 4824 fuerat
2455 4773 2599 4824 enim
2657 4771 2722 4823 ab
2781 4770 3125 4822 incunabulis
3188 4769 3522 4837 improbitati

1940 4866 2374 4927 infensissimus,
2433 4864 2812 4930 malorumque
2861 4878 2990 4916 osor
3031 4864 3357 4916 acerrimus.
3395 4863 3512 4916 Dio-

1938 4959 2231 5014 cletianum
2295 4958 2513 5010 interim
2585 4957 2635 5008 in
2700 4955 2966 5008 Dalmatia
3032 4965 3281 5021 agentem
3337 4953 3519 5006 divina

1937 5052 2176 5106 vindicta
2212 5049 2496 5117 corripuit.
2556 5045 2688 5101 Nam
2724 5062 2844 5099 cum
2896 5060 3129 5114 corpore
3160 5045 3402 5114 graviter
3435 5045 3519 5097 itt-

1937 5143 2245 5206 tutnuissct,
2286 5141 2337 5194 in
2377 5141 2557 5194 varias
2586 5149 2765 5208 partes
2811 5137 3092 5206 disruptus
3122 5147 3227 5195 est,
3260 5135 3521 5199 blasphe-

1936 5249 2132 5302 maque
2155 5235 2271 5301 ejus
2304 5234 2486 5302 lingua
2517 5232 2570 5285 in
2602 5241 2824 5301 gutture
2855 5239 3225 5298 putrescente,
3256 5237 3310 5282 et
3333 5243 3361 5281 a
3398 5242 3524 5282 ver-

1937 5331 2104 5383 mium
2144 5329 2492 5380 multitudine
2548 5335 2894 5392 cousumpta,
2937 5324 3097 5374 vitam
3138 5323 3342 5374 amisit.
3385 5319 3520 5374 Iler-

1935 5423 2108 5475 t-ulius
2149 5436 2277 5473 \cro
2312 5418 2466 5472 Tarsi
2500 5420 2551 5472 itt
2586 5417 2772 5471 (Iiiicia
2816 5415 2962 5466 fatali
3000 5415 3328 5468 necessitate
3357 5412 3516 5465 abru-

1935 5526 2058 5584 ptus
2090 5524 2194 5569 est.
2229 5516 2482 5570 Galerius
2528 5521 2707 5563 autem
2769 5509 3146 5574 Maximianus,
3202 5508 3346 5561 velut
3371 5505 3519 5559 omni

1751 5701 1984 5759 NOTAE.

294 5813 408 5886 (alii)
447 5808 656 5886 lfollux,
691 5813 1001 5886 Γαλλιηνός.

293 5880 409 5953 (5!)
445 5882 614 5948 Quem
648 5879 952 5940 Alexander
981 5897 1134 5941 vacat
1185 5886 1568 5942 11.ιλξιιεξ.ειιιι-ιι
1600 5929 1612 5952 ,
1645 5889 1684 5939 is
1731 5899 1806 5940 Cal
1853 5886 2114 5937 Maximus
2147 5893 2410 5951 tyrannus
2441 5879 2695 5932 Orientis.
