4228 6442
225 426 367 491 4053

1190 432 1286 490 DE
1320 426 1794 494 INVENTIOXE
1839 436 1921 493 Si.
1938 436 2029 493 ΝΩ
2048 436 2146 493 LE
2171 436 2465 494 CRUClS.

3365 429 3505 494 £054

228 540 398 602 οὕτως
437 541 697 611 ἄπρακτα
736 537 959 610 ἔμειναν
992 541 1056 593 τὰ
1097 541 1188 593 τοῦ
1235 544 1503 613 τυράννου
1532 546 1805 614 προστάγ-

1933 546 2043 598 .‘isaz
2081 558 2230 612 sunt,
2288 547 2340 598 in
2394 554 2623 607 tantmn,
2659 554 2714 598 ut
2746 544 2849 597 vivi
2898 541 3229 611 sepeliendis
3276 542 3505 593 mortuis

234 646 400 700 ματα.

1928 653 2032 689 non
2081 636 2413 690 sufﬁcerent.
2472 635 2673 687 Crebra
2733 636 2858 688 item
2914 633 3139 686 fulmina
3179 640 3233 687 et
3257 639 3504 701 ῃοτιυιιω

229 723 684 784 immittebantur,
730 734 798 776 ex
831 733 941 790 quo
986 719 1188 774 factum
1237 731 1319 776 est
1352 736 1408 778 ut
1459 727 1687 793 quilibet
1721 723 1790 778 de
1826 728 1989 782 rebus
2021 727 2135 782 suis
2186 727 2411 783 solliciti
2445 726 2670 789 fuerint,
2708 726 3034 795 tyrannique
3097 724 3248 793 iussa
3311 722 3506 778 infectu

230 819 654 886 permanserint.

311 930 370 984 '0
399 931 453 983 δὲ
487 930 556 984 τὰ
606 931 787 985 πάντα
834 932 1067 1003 χρηστὸς
1106 933 1517 998 Κωνσταντῖνος
1568 936 1804 1005 διεσώθη

232 1024 367 1093 πρδς
382 1024 473 1075 τὸν
506 1026 706 1077 οἰκεῖον
721 1026 1033 1095 πατέρα.⁹0
1059 1026 1115 1078 δὲ
1144 1027 1440 1097 δεξάμενος
1473 1028 1637 1079 αὐτὸν
1667 1028 1819 1097 ὑγιῆ,

234 1114 516 1167 καὶπολλὰ
538 1116 616 1183 τῷ
632 1116 751 1186 Θεῷ
782 1117 1205 1189 εὐχαριστήσας,
1242 1120 1358 1188 μετ’
1382 1121 1443 1172 οὐ
1467 1120 1601 1171 πολὺ
1634 1120 1689 1172 δὲ
1713 1136 1821 1172 πα-

238 1206 431 1275 ραδοὺς
458 1206 604 1274 αὑτῷ
629 1207 726 1277 τὴν
754 1207 1051 1276 βασιλείαν,
1081 1210 1379 1279 μετήλλαξε
1410 1212 1499 1263 τὸν
1533 1210 1666 1281 βίον.
1706 1213 1821 1265 Ἀν-

231 1298 508 1369 ηγορεύθη
527 1300 583 1352 δὲ
601 1301 855 1371 βασιλεὺς
872 1304 899 1353 6
917 1304 1087 1370 μέγας
1109 1306 1483 1367 Κωνσυτῖνος
1505 1308 1560 1356 έν
1576 1306 1652 1373 τῷ
1671 1308 1823 1377 πρώ-

233 1407 311 1459 τῳ
337 1392 571 1462 ἐνιαυτῷ
601 1394 698 1459 τῆς
714 1393 1093 1462 διακοσιοστῆς
1129 1396 1536 1465 ἑϐδομηκοστῆς
1594 1399 1817 1470 πρώτης

239 1482 624 1551 Ὀλυμπιάδος,
659 1488 786 1553 μηνὶ
812 1487 1037 1556 Ἰουλίῳ,
1065 1490 1283 1558 εἰκοστῇ
1328 1490 1424 1541 καὶ
1459 1490 1710 1561 πέμπτῃ.
1764 1491 1822 1543 't)

233 1574 290 1627 δὲ
326 1576 629 1641 Μαξέντιος
664 1579 1035 1647 πονηρότατος
1083 1581 1300 1633 πάντων
1350 1583 1457 1633 τών
1504 1582 1608 1650 πρὸ
1658 1582 1824 1633 αὑτοῦ

233 1668 475 1734 γεγονὼς
515 1670 642 1732 τοὺς
688 1674 751 1741 τῇ
803 1669 987 1741 Ῥώμῃ
1034 1672 1379 1733 ἐνοικοῦντας
1420 1674 1683 1742 ἀπέτριὸε
1730 1676 1822 1725 καὶ

236 1758 476 1826 μάλιστα
500 1760 627 1822 τοὺς
660 1762 1042 1830 Χριστιανούς.
1070 1764 1303 1825 Πολλοὺς
1326 1764 1418 1817 οὖν
1448 1764 1557 1816 τῶν
1587 1764 1823 1832 πρώτων

1996 934 2387 990 Constantinus
2427 945 2611 987 autem
2648 948 2741 1001 per
2766 932 2953 984 omnia
2987 932 3417 986 butuanissimus
3445 945 3512 986 ac

1928 1029 2368 1097 benignissimus,
2400 1031 2540 1096 apud
2594 1036 2802 1090 patrem
2830 1026 2985 1079 vivus
3015 1035 3099 1079 est
3131 1036 3512 1093 conservatus,

1927 1137 2089 1190 quem
2152 1120 2238 1173 ille
2288 1136 2482 1173 sanum
2545 1118 2892 1186 validumque
2956 1117 3262 1187 suscipiens
3329 1118 3514 1173 multis

1933 1216 2040 1267 Deo
2066 1212 2255 1281 gratiis
2302 1212 2464 1275 actis,
2527 1225 2633 1261 non
2672 1210 2841 1263 tnulto
2878 1219 3024 1279 post,
3070 1225 3193 1264 cum
3229 1209 3302 1263 illi
3336 1210 3512 1279 impc-

1931 1308 2067 1358 rinm
2121 1304 2456 1367 tradidisset,
2512 1304 2677 1355 vitam
2732 1316 2852 1355 cum
2898 1313 3076 1357 morte
3131 1302 3511 1357 commutavit.

1928 1396 2155 1451 Creatus
2188 1408 2366 1449 autem
2398 1406 2480 1448 est
2524 1395 2824 1462 imperator
2856 1394 3249 1449 Constantinus
3286 1408 3514 1465 magnus

1930 1504 2072 1541 anno
2125 1488 2300 1556 primo
2344 1484 2681 1557 Olympiadis
2735 1487 3128 1540 ducentesima;
3179 1486 3513 1556 septuagesi-

1933 1598 2032 1635 ma:
2087 1582 2274 1647 prinue
2333 1595 2517 1632 mense
2592 1578 2756 1639 Julio.
2820 1580 2907 1633 die
2968 1578 3229 1632 vicesimo
3297 1579 3509 1645 quinto.

1930 1672 2235 1725 Maxentius
2268 1688 2414 1735 vero,
2459 1673 2725 1733 omnium,
2764 1672 2854 1738 qui
2902 1683 3028 1724 ante
3068 1671 3243 1739 ipsum
3270 1671 3512 1739 impera-

1934 1775 2145 1823 verunt,
2222 1761 2491 1828 pessimus
2551 1777 2614 1813 ac
2669 1762 3093 1815 scelestissimus
3157 1779 3279 1815 cum
3345 1772 3513 1826 esset,

234 1850 503 1916 φονεύσας
535 1891 552 1913 .
582 1854 677 1905 καὶ
735 1854 963 1914 πολλοὺς
988 1855 1259 1925 ἐξορίσας,
1284 1856 1381 1918 τὰς
1413 1857 1598 1918 οὐσίας
1638 1858 1819 1909 αὐτῶν

1933 1856 2127 1909 multos
2186 1853 2369 1907 Ronne
2416 1861 2817 1908 commorantes
2849 1856 3132 1919 exstinxit,
3189 1864 3245 1908 et.
3294 1854 3515 1924 potissi-

232 1941 556 2011 διήρπαζεν.
607 1944 683 2013 Τῇ
752 1945 809 1998 δὲ
865 1949 1003 2015 αὐτῇ
1066 1947 1160 1999 τοῦ
1217 1948 1479 2017 Γαλερίου
1537 1948 1819 2018 χρώμενος

232 2035 506 2106 ἀκολασίᾳ
538 2038 740 2100 πολλὰς
770 2039 877 2091 τῶν
923 2040 1225 2110 ἐλευθέρων
1265 2042 1541 2108 γυναικῶν
1576 2043 1816 2111 ἐμίανεν,

232 2127 427 2198 ἑτέρας
470 2129 526 2183 δὲ
577 2132 779 2200 μυρίας
838 2134 1220 2204 ἀνοσιουργίας
1276 2135 1369 2187 καὶ
1421 2135 1819 2207 ἁρῤητοποίίας

231 2219 596 2288 ἐπιτηδεύων,
630 2224 904 2293 ἀφόρητος
936 2226 1102 2276 πᾶσιν
1140 2226 1375 2294 ὑπῆρχε,
1408 2228 1693 2294 γοητικαῖς
1716 2243 1817 2277 κα-

232 2313 669 2380 κομαγγανείαις
725 2315 1029 2383 χρώμενος.
1100 2315 1207 2368 Τοῦ
1273 2315 1327 2369 δὲ
1379 2316 1618 2386 μεγάλου
1676 2318 1832 2370 Κων-

232 2402 517 2454 σταντίνου
553 2404 621 2455 τὰ
694 2404 880 2474 βόρεια
935 2407 1027 2459 καὶ
1075 2406 1264 2459 δυτικὰ
1318 2409 1458 2477 μέρη
1503 2407 1602 2470 ἓως
1664 2408 1829 2461 αὑτοῦ

229 2492 328 2545 τοῦ
357 2494 619 2548 Ὠκεανοῦ
678 2498 1087 2562 ὑποτάξαντος,
1142 2494 1209 2570 ἦν
1261 2503 1452 2571 εἰρήνη
1505 2500 1674 2570 πολλὴ
1736 2500 1832 2554 καὶ

234 2582 512 2653 θυμηδεία
544 2585 657 2656 (5‘2)
692 2588 784 2639 καὶ
832 2590 1171 2653 κατάστασις
1204 2592 1262 2641 ἐν
1285 2591 1381 2661 ὅλῃ
1412 2593 1477 2660 τῇ
1519 2592 1638 2643 κατ’
1665 2590 1827 2643 αὐτὸν

231 2679 547 2751 οἰκουμένῃ.

1930 1962 2071 1997 mum
2123 1945 2483 2000 Christianos.
2566 1947 2698 1999 Cum
2768 1946 2949 2015 itaque
3008 1946 3206 1999 multos
3261 1962 3327 2001 ex
3385 1948 3514 2007 illis.

1926 2056 2127 2105 eosque
2175 2042 2478 2110 praii-ipuos
2544 2041 2865 2105 occidisset,
2941 2042 3255 2109 multosque
3325 2040 3518 2095 exsilio

1922 2133 2258 2195 multasset,
2315 2132 2453 2186 bona
2518 2134 2876 2200 fortunasque
2946 2133 3211 2187 invadens
3274 2132 3516 2201 diripuit,

1923 2231 2085 2289 atque
2140 2226 2350 2288 eadem,
2399 2238 2504 2291 qua
2541 2223 2793 2278 Galerius
2858 2224 3280 2292 intemperantia
3334 2238 3507 2288 usus,

1936 2310 2134 2365 multas
2168 2312 2428 2380 ingenuas
2455 2312 2711 2365 mulieres
2741 2312 2884 2367 ftede
2924 2311 3343 2374 contaminavit,
3377 2311 3518 2364 alia-

1935 2420 2042 2473 que
2083 2405 2133 2458 id
2190 2421 2359 2473 genus
2402 2403 2551 2457 mille
2599 2401 2802 2472 flagitia
2857 2417 3199 2472 perpetratis,
3257 2419 3377 2471 qme
3412 2402 3517 2457 tltci

1935 2497 2087 2551 nefas
2113 2496 2207 2560 sit,
2240 2495 2601 2550 intolerabilis
2643 2496 2859 2547 cunctis
2890 2509 3016 2548 esse
3059 2494 3246 2563 coepit,
3282 2495 3520 2563 magica-

1936 2606 2053 2643 rum
2112 2588 2310 2642 artium
2345 2587 2667 2657 imposturis
2709 2587 3043 2656 impotenter
3079 2587 3319 2641 deditus.
3351 2585 3521 2641 Cum-

1927 2703 2033 2758 que
2088 2683 2485 2738 Constantinus
2554 2696 2805 2747 magnus,
2884 2682 3286 2748 Septentrionis
3353 2689 3517 2746 atque

232 2773 549 2835 Occidentis
628 2785 810 2843 partes
867 2791 1037 2843 usque
1101 2777 1169 2831 ad
1224 2776 1499 2833 Oceanum
1550 2782 1871 2849 subegisset,
1944 2796 2139 2850 magna
2193 2792 2295 2846 pax
2349 2792 2412 2831 ac
2469 2775 2591 2830 laeta
2652 2774 3017 2843 tranquillitas
3071 2775 3136 2827 iis
3187 2772 3523 2840 regionibus,

235 2882 358 2935 quae
392 2865 490 2931 ipsi
525 2869 809 2933 parebant,
846 2876 929 2920 est
962 2880 1182 2923 exorta.

309 2978 374 3031 0i
393 2979 450 3033 δὲ
469 2978 687 3050 Ῥώμης
706 2982 989 3052 οἰκήτορες
1007 2983 1191 3052 δέησιν
1205 2986 1342 3055 πρὸς
1355 2986 1514 3039 αὑτὸν
1527 2988 1831 3042 ἐστείλαντο

232 3072 712 3144 παρακαλοῦντες,
736 3077 810 3144 μὴ
844 3076 1095 3143 παριδεῖν
1130 3076 1228 3147 τὴν
1259 3079 1467 3148 μητέρα
1503 3079 1611 3131 τῶν
1671 3080 1827 3150 βασι-

234 3167 377 3220 λέων
408 3165 521 3219 ἀπὸ
546 3166 792 3236 ἀπηνοῦς
825 3168 1119 3238 τυράννου,
1165 3170 1365 3240 μᾶλλον
1393 3171 1449 3221 δὲ
1482 3173 1819 3242 σαρκοϐὁρου

234 3258 431 3328 θηρίου
461 3259 865 3330 ἀπολλυμένην.
901 3262 1089 3315 Ταῦτα
1135 3262 1373 3326 ἀκούσας
1402 3264 1429 3315 6
1468 3264 1641 3331 μέγας
1670 3266 1825 3316 Κων-

237 3352 524 3413 σταντίνος
580 3354 674 3404 καὶ
720 3352 1095 3423 συμπαθήσας
1130 3355 1337 3417 αὐτοῖς.
1398 3356 1681 3425 ἐφρόντιζε
1735 3357 1829 3410 τοῦ
1859 3331 1901 3388 C

233 3446 607 3517 ἱλευθερῶσαι
673 3448 875 3512 αὐτοὺς
927 3452 992 3502 ὲκ
1044 3451 1143 3519 τῆς
1200 3451 1491 3517 δουλείας,
1546 3452 1736 3505 ἐδεδίει
1774 3452 1832 3505 δὲ

229 3536 398 3590 τοῦτο
428 3539 519 3591 διὰ
548 3539 650 3603 τὰς
679 3540 935 3610 γοητείας
976 3544 1070 3594 καὶ
1111 3543 1277 3594 αὐτοῦ
1329 3545 1828 3612 κακομαγγανείας.

241 3630 391 3699 Ἤδη
429 3630 541 3699 γὰρ
564 3632 641 3695 ὡς
673 3633 845 3685 πολλὰ
885 3634 1118 3704 ἀνέτεμε
1166 3635 1354 3688 παιδία
1408 3638 1676 3706 προφάσει
1734 3638 1833 3706 τῆς

235 3721 506 3791 ἀθεμίτου
536 3723 705 3777 αὺτοῦ
744 3725 1031 3793 μαντείας.
1102 3727 1193 3779 Ἐν
1234 3728 1402 3797 πολλῇ
1443 3724 1535 3781 οὖν
1590 3730 1832 3799 φροντίδι

230 3814 334 3867 καὶ
356 3813 548 3882 σκέψει
572 3816 875 3886 ὑπάρχοντι
901 3814 1056 3887 ὤφθη
1089 3817 1248 3888 αὑτῷ
1272 3820 1330 3872 ἐν
1354 3820 1561 3890 κὰμπῳ
1590 3822 1833 3888 διάγοντι

240 3905 382 3974 μετὰ
421 3905 530 3956 τῶν
572 3909 927 3974 στρατιωτῶν
967 3910 1098 3979 περὶ
1140 3911 1491 3981 μεσημϐρίας
1518 3912 1832 3982 στηλοειδὴς

238 3995 478 4065 σταυρὸς
513 3998 578 4049 ὲκ
602 3997 782 4064 φωτὸς
824 4001 1338 4070 κατεσκευασμένος
1379 4003 1514 4073 (55),
1569 4005 1627 4054 ὲν
1659 3996 1703 4070 ᾦ
1734 4006 1831 4055 έπ-

235 4090 575 4158 ιγέτραπτο,
604 4108 624 4141 ι
647 4091 737 4143 Ἐν
763 4091 941 4161 τούτῳ
964 4093 1108 4147 νίκα.
1150 4113 1169 4144 ι
1214 4096 1491 4164 Ἔμφοϐος
1517 4096 1574 4148 δὲ
1604 4098 1833 4166 γενόμε-

237 4198 329 4243 νος
358 4181 388 4232 ὁ
415 4180 692 4249 βασιλεὺς,
722 4181 910 4252 ἠρώτα
940 4183 1065 4245 τοὺς
1096 4186 1191 4237 σὺν
1222 4186 1371 4255 αὐτῴ
1395 4228 1409 4249 ,
1446 4188 1496 4238 εἰ
1546 4188 1642 4239 καὶ
1680 4188 1834 4240 αὐτοί

232 4290 293 4326 τι
315 4272 631 4327 ιθεάισαντο.
658 4275 723 4327 οι
752 4275 811 4326 δὲ
860 4274 1296 4344 ὁμολογήσαντες
1331 4277 1430 4345 τὴν
1476 4277 1650 4348 αὐτὴν
1681 4278 1835 4346 αὑτῷ

236 4366 551 4435 ἑωρακέναι
601 4366 898 4430 ὀπτασίαν,
930 4367 1052 4419 τότε
1095 4368 1123 4419 6
1160 4367 1415 4436 βασιλεὺς
1456 4370 1835 4439 ἀναρρωσθεὶς

234 4454 317 4525 τῷ
345 4458 682 4526 φρονήματι,
716 4457 955 4528 θάρσους
986 4476 1046 4511 τε
1073 4460 1168 4512 καὶ⁵
1207 4461 1520 4530 προθυμίας
1547 4463 1834 4525 ἀνάπλεως

237 4542 332 4617 ἧν.
361 4547 443 4617 Τῇ
490 4547 547 4600 δὲ
609 4548 843 4619 ιπιούσῃ
876 4552 1034 4602 νυκτὶ
1073 4554 1300 4614 ἐπιστὰς
1335 4554 1363 4605 6
1419 4554 1622 4623 Κύριος
1679 4549 1833 4607 εἶπεν

2008 2989 2165 3044 Cives
2219 2985 2454 3040 Romani
2515 2985 2654 3037 inter
2704 2984 2817 3037 haec
2874 2982 2939 3035 ad
2985 2997 3108 3035 cum
3162 2982 3522 3051 supplicatum

1936 3082 2268 3136 mittuntur:
2322 3094 2388 3131 ne
2440 3093 2562 3131 eam
2601 3078 2815 3140 urbem,
2847 3091 2968 3143 qua:
3020 3088 3193 3127 mater
3228 3075 3522 3141 imperato-

1938 3188 2054 3224 rum
2090 3170 2286 3234 fuerat,
2337 3184 2567 3238 quazque
2594 3183 2624 3221 λ
2663 3168 2901 3236 pessimo
2942 3178 3171 3236 tyranno
3210 3166 3322 3233 jam
3354 3165 3524 3219 ferme

1936 3264 2195 3331 perierat,
2260 3262 2542 3330 despectui
2614 3262 2864 3315 haberet.
2928 3262 3139 3326 Quibus
3202 3260 3521 3323 intellectis,

1936 3355 2329 3409 Constantinus
2360 3367 2609 3420 magnus,
2645 3351 3000 3405 miseratione
3048 3353 3263 3405 illorum
3301 3353 3522 3415 ductus.

1935 3464 1999 3502 ex
2055 3447 2319 3501 servitute
2368 3444 2490 3497 illos
2541 3444 2596 3498 in
2654 3444 2962 3497 libertatem
3014 3459 3263 3499 asserere
3302 3446 3356 3499 in
3408 3446 3526 3499 ani-

1936 3553 2084 3591 mum
2123 3535 2357 3600 induxit,
2409 3536 2462 3587 in
2494 3550 2603 3604 quo
2646 3546 2828 3589 tamen
2859 3538 3231 3604 aggrediendo
3266 3552 3374 3591 non
3408 3552 3523 3591 me-

1936 3628 2197 3681 diocriter
2230 3626 2560 3695 trepidabat,
2612 3635 2832 3694 propter
2852 3627 3075 3694 tnugicte
3105 3628 3263 3691 artis,
3293 3642 3397 3696 qua
3433 3626 3525 3683 ille

1938 3720 2234 3772 instructus
2289 3730 2425 3780 erat,
2483 3719 2762 3786 improbas
2817 3720 3064 3771 technas.
3122 3719 3352 3773 Videbat
3375 3720 3521 3774 enim

1937 3812 2209 3879 quomodo
2257 3809 2504 3864 intlnitos
2552 3826 2752 3877 pueros
2786 3812 2853 3863 ad
2897 3810 3162 3869 nefariam
3196 3814 3524 3866 incantatio—

1937 3920 2060 3959 nem
2116 3920 2270 3959 suam
2322 3904 2710 3973 perficiendam
2756 3906 3131 3959 dissecuisset.
3168 3907 3301 3958 Cum
3338 3906 3523 3975 itaque

1939 3997 1991 4051 in
2026 4013 2237 4050 summa
2272 4013 2401 4051 cura
2446 4007 2613 4064 atque
2648 3998 2814 4050 animi
2867 3996 3236 4051 Sollicitudine
3270 4014 3523 4053 versare-

1940 4100 2048 4154 tur,
2081 4091 2192 4143 visa
2238 4090 2335 4156 ipsi
2396 4100 2477 4142 cst
2509 4105 2632 4143 cmn
2685 4091 2956 4151 exercitu,
3011 4091 3063 4142 in
3118 4107 3311 4157 campo
3345 4093 3522 4160 agenti

1938 4196 2127 4235 versus
2159 4182 2437 4234 meridiem
2481 4196 2613 4233 crux
2644 4196 2708 4235 ex
2740 4181 2861 4234 luce
2893 4182 3217 4245 claris-sima,
3258 4182 3524 4237 columna:

1939 4269 2005 4322 ad
2043 4270 2258 4323 modum
2304 4270 2467 4333 facta,
2502 4285 2623 4321 cum
2659 4272 2761 4323 hac
2797 4271 3153 4338 inscriptione
3197 4289 3209 4324 :
3262 4290 3280 4322 ι
3327 4269 3383 4325 In
3421 4274 3523 4328 hoc

1937 4361 2091 4429 signo
2126 4361 2302 4415 vince.
2368 4380 2385 4411 ι
2420 4362 2533 4426 Qua
2580 4376 2639 4415 re
2672 4362 2935 4414 attonitus
2966 4363 3283 4430 imperator,
3321 4366 3520 4431 quami-

1938 4456 2017 4507 vit
2046 4469 2109 4507 ex
2140 4454 2265 4514 illis,
2300 4457 2390 4522 qui
2426 4471 2547 4507 cum
2599 4454 2718 4523 ipso
2749 4464 2927 4519 erant,
2964 4472 3090 4506 ntttn
3120 4467 3174 4507 ct
3212 4458 3314 4523 ipsi
3345 4457 3524 4509 simile

1938 4547 2067 4615 quid
2099 4547 2381 4608 vidissent,
2438 4546 2529 4614 qui
2569 4561 2759 4599 omnes
2811 4548 3281 4600 consentientibus
3325 4549 3523 4602 animis

235 4638 392 4708 αὖτῷ
425 4655 436 4667 ο
480 4640 700 4710 Χρῆσαι
749 4642 827 4712 τῷ
854 4644 1079 4710 φανέντι
1122 4645 1337 4715 σημείῳ
1363 4684 1377 4709 ,
1406 4647 1502 4699 καὶ
1536 4646 1633 4717 ἔσῃ
1667 4648 1830 4700 νικῶν

1940 4642 2068 4694 fassi
2109 4651 2241 4695 sunt
2265 4641 2512 4694 eamdem
2545 4640 2647 4692 sibi
2678 4645 2915 4706 speciem
2944 4639 3115 4694 fuisse
3151 4642 3320 4693 visam
3350 4659 3362 4695 :
3396 4652 3521 4698 tunc

242 4730 459 4792 πάντας
510 4732 637 4794 τοὺς
687 4732 916 4801 ἐχθρούς
956 4751 1071 4789 σου.
1113 4735 1358 4806 Ἡμέρας
1410 4737 1465 4789 δὲ
1530 4741 1829 4808 γενομένης

232 4821 476 4889 ἀμελητὶ
508 4821 796 4891 σχεδιάσας
828 4825 1081 4895 σταυρὸν,
1114 4826 1290 4895 ὅσπερ
1329 4828 1492 4895 μέχρι
1526 4828 1627 4896 τῆς
1658 4831 1830 4897 σήμε-

238 4924 337 4978 ρον
368 4911 427 4961 ὲν
461 4912 573 4973 τοῖς
616 4910 908 4979 βασιλείοις
960 4914 1291 4982 φυλάττεται
1331 4957 1346 4981 ,
1388 4917 1642 4969 ἐκέλευσε
1696 4936 1829 4989 προ-

232 4999 476 5068 άγεσθαι
540 5003 705 5055 αὐτὸν
751 5006 832 5067 είς
879 5005 970 5057 τὸν
1027 5006 1283 5075 πόλεμον.
1355 5008 1412 5061 '0
1471 5010 1527 5061 δὲ
1560 5009 1831 5081 δυσσεϐὴς

230 5091 527 5161 τύραννος,
547 5094 831 5166 θαρσήσας
869 5099 983 5159 τοῖς
1020 5098 1275 5168 δαίμοσιν
1311 5101 1503 5167 αὐτοῦ,
1568 5103 1664 5154 καὶ
1732 5120 1827 5170 γε-

232 5182 506 5252 φυρώσας
537 5186 629 5237 τὸν
663 5188 1016 5257 παραρὼντα
1066 5189 1311 5261 ποταμὸν
1351 5192 1573 5256 πολλαῖς
1609 5194 1826 5259 ναυσὶν,

231 5275 473 5346 ἐξῆλθεν
500 5278 579 5339 είς
608 5279 863 5349 πόλεμον.

236 5365 370 5433 pius
429 5380 557 5420 vero
624 5380 905 5435 tyrannus,
959 5372 1163 5426 auxilio
1219 5374 1522 5427 daemomtm
1590 5391 1813 5433 suorum
1854 5382 2108 5443 conﬁsus.
2166 5379 2411 5444 fluvium,
2468 5395 2558 5446 qut

234 5474 380 5529 gens
406 5464 619 5532 magnis
655 5467 873 5519 navium
912 5467 1101 5535 copiis,
1128 5468 1194 5521 ad
1226 5484 1459 5539 pugnam
1501 5476 1784 5538 processit.

1938 4734 2232 4801 imperator
2262 4733 2628 4785 sollicitudine
2662 4732 2944 4793 liberatus,
2968 4735 3262 4799 animoque
3293 4751 3356 4788 ac
3384 4736 3519 4788 bona

1935 4841 2033 4892 spe
2078 4825 2265 4892 plenus
2318 4834 2397 4876 est
2458 4824 2719 4887 redditus,
2769 4824 2856 4877 cui
2912 4824 3076 4877 etiam
3125 4830 3311 4878 eadem
3367 4839 3521 4881 nocte

1936 4929 2121 4970 astans
2167 4916 2446 4977 Dominus,
2491 4925 2546 4968 ut
2592 4918 2746 4983 signo
2790 4916 2895 4968 sibi
2945 4917 3059 4968 viso
3110 4927 3375 4980 uteretur,
3409 4934 3521 4970 mo-

1940 5010 2075 5073 nuit,
2126 5008 2364 5062 futurum
2426 5009 2570 5062 enim
2621 5017 2679 5060 ut
2726 5012 2967 5061 omnium
3003 5025 3224 5062 suorum
3282 5011 3525 5066 liostiun

1939 5102 2211 5169 potiretur
2240 5099 2488 5153 victoria.
2530 5099 2882 5152 lllucescente
2909 5102 3089 5168 itaque
3118 5102 3227 5165 die,
3260 5102 3523 5154 continuo

1939 5208 2182 5259 crucem,
2242 5207 2361 5260 qua:
2416 5207 2587 5260 usque
2636 5193 2814 5245 adhuc
2862 5192 2913 5245 in
2980 5194 3125 5259 regia
3181 5205 3516 5252 asservatui,

1938 5288 2203 5350 construi,
2231 5298 2287 5340 et
2315 5296 2444 5341 ante
2484 5302 2540 5339 se
2576 5287 2627 5338 in
2672 5286 2869 5340 bellqu
2925 5285 3166 5353 praeferri
3201 5287 3384 5354 jussit.
3416 5285 3519 5340 im.

2650 5379 3068 5448 prmlcrﬂuttbnt.
3166 5393 3330 5449 ponte
3390 5380 3515 5448 jun‘

1763 5652 1992 5710 ΝΟΤᾸΞ.

469 5800 660 5882 folio:
694 5800 953 5882 θυμηδία,
986 5806 1116 5882 cod._
1150 5802 1275 5882 Bav.
1308 5804 1596 5882 θυμηδεία.

316 5872 434 5941 (ετ)
472 5871 544 5925 De
583 5872 684 5926 hac
733 5871 934 5928 visione
975 5875 1147 5928 crucis
1176 5871 1528 5931 Constantino
1576 5879 1833 5934 divinitus

1934 5812 2134 5868 oblata,
2197 5814 2314 5868 vide
2362 5816 2450 5869 lii).
2496 5828 2531 5870 tt
2566 5815 2640 5868 De
2698 5831 2879 5871 sancta
2923 5833 3109 5877 cruce,

1945 5815 2134 5932 Zlélatn,
2197 5815 2314 5868 vide
2362 5816 2450 5869 lii).
2496 5828 2531 5870 tt
2566 5815 2640 5868 De
2698 5831 2879 5871 sancta
2923 5833 3109 5877 cruce.
3161 5831 3281 5888 cap.
3333 5815 3403 5873 36
3468 5824 3521 5869 et

1945 5904 1974 5931 ι)
2019 5922 2028 5931 .
