4228 6442
205 385 350 456 4051

1182 396 1275 456 DE
1317 391 1792 457 INVENTIONE
1834 390 2145 455 S.-'lNCT.~‘E
2185 391 2486 454 CRUCIS.

3371 398 3512 466 4065!

205 502 266 557 δέ
306 501 407 556 σὺν
436 500 622 566 αὐτοῖς
655 501 684 557 ό
713 499 1071 574 πανιύφημος
1097 503 1191 556 καὶ
1232 504 1406 574 μέγας
1464 505 1803 560 Κωνσταντῐ-

1909 502 2073 561 etiam
2106 502 2349 558 interfuit
2399 504 2513 572 ipse
2547 503 2633 558 ille
2685 518 2917 575 magnus
2978 507 3331 578 omniumque
3364 529 3501 581 ιιισω.

204 608 322 655 νος,
384 590 479 644 καὶ
519 590 586 661 δὴ
627 591 725 661 τῆς
784 592 1098 655 ὑποθέσεως
1140 592 1483 664 κινηθείσης.
1535 594 1813 666 ἔγγραφον

209 681 452 746 πίστεως
518 681 739 735 ἔκθεσιν
765 682 1097 753 ἐξήνεγκαν,
1139 684 1237 753 τὴν
1266 685 1407 738 κατὰ
1439 686 1623 738 πᾶσαν
1682 686 1809 739 Ἑκι

208 776 443 846 κλησίαν
496 777 798 849 ὀρθοδόξως
861 777 957 830 νῦν
988 778 1504 849 ἀπαγγελλομένην.
1564 780 1705 844 Τοὺς
1756 780 1810 834 δὲ

210 873 343 939 περὶ
378 872 598 941 Ἀρειον
614 872 979 941 ἐπιμένοντας
1007 874 1072 942 τῇ
1098 873 1389 944 κακοδοξίᾳ.
1431 875 1609 943 ἀπεκή
1623 876 1808 944 ρυξαν,

211 963 312 1016 καὶ
337 962 631 1033 ἐξώρισαν,
664 966 762 1017 καὶ
800 964 1291 1034 ἐχειροτονήθησαν
1339 966 1521 1036 ἕτεροι
1561 969 1679 1021 ἀντ’
1716 971 1810 1022 αὖ·

205 1052 341 1107 τῶν.
409 1055 913 1125 Φιλοτιμησάμενος
962 1055 1019 1107 δέ
1078 1057 1104 1106 6
1157 1055 1413 1125 βασιλεὺς
1476 1059 1811 1124 ἐπισκόπους

208 1148 308 1200 καὶ
334 1148 731 1218 ἀσπασάμενος
760 1147 998 1201 ἀπέλυσε
1032 1151 1149 1217 μετ’
1180 1151 1403 1219 εἰρήνης
1433 1151 1512 1212 είς
1549 1153 1646 1215 τὰς
1674 1152 1809 1217 ἰδίας

206 1241 529 1309 παροικίας,
587 1240 796 1312 χαίρων
846 1240 941 1293 ἐπὶ
961 1241 1026 1311 τῇ
1082 1241 1371 1312 συμφωνία
1407 1242 1518 1295 τῶν
1574 1243 1808 1314 Ἐκκλη-

210 1349 367 1387 σιων.

280 1607 736 1678 Παρεκελεύσατο
764 1608 821 1662 δὲ
864 1608 944 1679 τῷ
967 1610 1067 1682 τῆς
1112 1608 1303 1672 Λίλίας
1344 1609 1632 1678 ἐπισκόπῳ
1681 1610 1803 1661 Μα-

205 1700 393 1771 καρίῳ
423 1701 657 1771 παρόντι
690 1704 749 1756 ἐν
804 1705 872 1773 τῇ
900 1703 1128 1773 συνόδῳ,
1155 1704 1249 1755 καὶ
1279 1702 1389 1754 τῶν
1429 1700 1804 1754 ἀποστολικῶν

203 1793 499 1860 δογμάτων
546 1794 983 1866 ὑπερμαχοῦντι,
1024 1795 1370 1865 ἀναζητῆσαι
1407 1794 1496 1847 τὸν
1540 1793 1803 1856 ζωοποιὸν

208 1885 449 1956 σταυρὸν
478 1927 493 1951 ,
512 1886 621 1949 ⁸καὶ
654 1887 715 1939 τὸ
752 1886 1055 1956 θεόληπτον
1079 1887 1291 1957 μνῆμα,
1318 1886 1412 1939 καὶ⁵
1437 1888 1645 1947 πάντας
1673 1885 1803 1948 τοὺς

208 1979 401 2044 ἁγίους
434 1979 657 2043 τόπους,
692 1981 790 2033 καὶ
840 1982 967 2044 τοὺς
1013 1981 1208 2042 ἄλλους
1239 1980 1573 2041 ἐπισκόπους
1602 1978 1805 2049 ὁμοίως

207 2073 590 2144 προετρέψατο
624 2074 978 2141 αἰτήσασθαι,
1018 2074 1154 2126 εἴτι
1204 2075 1407 2144 συνορᾷ
1450 2073 1587 2142 πρὸς
1619 2073 1803 2141 ἀπαρ-

204 2165 406 2233 τισμὸν
434 2166 664 2229 ἕκαστος
690 2167 789 2237 τῆς
823 2167 959 2229 ίδίας
1001 2167 1325 2237 Ἑκκλησίας
1360 2183 1374 2196 ⁸
1426 2162 1493 2236 ἦν
1531 2165 1587 2218 δὲ
1619 2167 1804 2218 ἐννεα-

205 2258 534 2323 καιδέκατος
561 2260 661 2330 τῆς
677 2260 957 2329 βασιλείας
991 2260 1158 2313 αὐτοῦ
1181 2261 1443 2323 ἐνιαυτὸς,
1475 2261 1565 2312 ὅτε
1588 2259 1805 2326 ἐγένετο

206 2355 240 2421 ἡ
274 2354 419 2406 κατὰ
460 2354 699 2407 Νίκαιαν
728 2353 969 2417 σύνοδος.
1004 2355 1158 2407 Μετά
1196 2355 1369 2408 ταῦτα
1410 2352 1735 2406 ἀπέστειλεν
1773 2353 1803 2405 ὁ

208 2447 465 2515 βασιλεὺς
501 2446 697 2500 ἑαυτοῦ
728 2447 948 2518 μητέρα
988 2448 1207 2515 Ἑλένην
1237 2448 1338 2516 τὴν
1365 2447 1680 2510 ἀξιέπαινον
1707 2446 1804 2499 καὶ⁸

206 2538 434 2606 θεοφιλῆ
467 2542 549 2602 εἰς
584 2539 934 2608 Ἰεροσόλυμα
973 2542 1111 2608 μετά
1162 2531 1506 2609 γραμμάτων
1544 2539 1639 2591 καὶ
1665 2555 1802 2607 χρη-

212 2625 403 2695 μάτων
434 2627 699 2695 ἀφθονίας
746 2628 881 2697 πρὸς
911 2628 1002 2680 τὸν
1031 2629 1319 2695 Μακάριόν
1355 2628 1465 2697 (δῖ)
1502 2627 1802 2696 Ἱεροσολύ-

208 2736 352 2789 μων,
388 2720 482 2771 ἐπὶ
516 2720 849 2789 ἀναζητήσει
904 2721 997 2773 τοῦ
1031 2719 1296 2784 ζωοποιοῦ
1343 2718 1501 2784 ξύλου
1547 2720 1681 2786 (ὃὸ),
1707 2718 1804 2771 καὶ⁹

207 2812 468 2883 οἰκοδομῇ
509 2811 619 2864 τῶν
652 2811 823 2879 ἁγίων
849 2813 1054 2875 τόπων,
1096 2812 1267 2882 αὐτῆς
1302 2812 1679 2881 αἰτησαμένης
1702 2812 1803 2881 τῆς

210 2902 507 2973 βασιλίδος,
558 2904 876 2973 φασκούσης
929 2904 1199 2957 ὀπτασίαν
1261 2904 1416 2955 Θείαν
1473 2904 1801 2973 ἑωρακέναι,

205 2995 543 3049 κελεύουσαν
596 2997 732 3065 αὐτῇ
786 2996 857 3049 τὰ
902 2996 1253 3066 Ἱεροσόλυμα
1312 2994 1661 3059 καταλαϐεῖν,
1710 2995 1804 3048 καὶ

204 3088 337 3149 τοὺς
367 3088 557 3153 ἁγίους
588 3089 787 3150 τόπους
819 3091 898 3151 εἰς
932 3089 1048 3156 φῶς
1088 3090 1319 3156 ἀγαγεῖν
1356 3087 1671 3158 χωσθέντας
1699 3085 1805 3139 ὑπὸ

1920 591 2078 646 conio
2148 591 2504 656 dignissimus
2547 591 2957 649 Constantinus.
3004 597 3249 664 Cumque
3284 614 3370 653 res
3403 609 3510 654 tra-

1917 680 2059 731 ctari
2095 689 2277 745 empta
2326 690 2491 743 esset,
2532 680 2653 736 lidei
2682 684 3078 751 expositionem
3121 688 3319 743 litteris
3351 706 3510 743 man-

1917 772 2100 821 datam
2155 772 2477 837 ediderunt,
2510 788 2630 841 qua:
2691 789 2837 828 nunc
2890 776 2987 829 rite
3048 794 3144 846 per
3197 780 3509 837 universam

1914 859 2212 915 Ecclesiam
2261 866 2662 930 pronuntiatur.
2708 866 2816 921 Eos
2848 877 3033 921 autem
3082 870 3173 938 qui
3232 874 3287 923 in
3336 887 3502 938 prava

1912 953 2028 1006 Arii
2076 953 2329 1022 opinione
2372 970 2818 1025 permanserant,
2853 975 2882 1012 a
2916 974 3016 1013 suo
3059 976 3288 1030 corpore
3321 966 3508 1018 absci-

1914 1045 2143 1109 dt-runt,
2200 1048 2503 1115 cxsilioqne
2563 1050 2937 1117 damnarunt,
3030 1053 3154 1107 aliis
3208 1055 3262 1108 in
3318 1070 3507 1110 eorum

1913 1134 2087 1189 locum
2125 1140 2365 1203 creatis;
2426 1142 2666 1195 maximo
2719 1153 2902 1197 autem
2953 1144 3160 1199 honore
3213 1147 3513 1216 imperator

1910 1229 2199 1297 episcopos
2264 1231 2552 1296 alliciens,
2622 1250 2828 1305 eosque
2888 1252 3052 1305 quam
3115 1239 3510 1294 hmnanissime

1909 1322 2297 1391 complectens,
2355 1327 2829 1396 congregationem
2877 1345 3002 1383 cum
3042 1344 3174 1399 pace
3225 1332 3500 1399 dissolvit,

1909 1416 2135 1482 gavisus
2194 1432 2359 1485 supra
2415 1419 2635 1472 modum
2671 1429 2893 1489 prepter
2948 1424 3261 1477 unanimem
3316 1422 3505 1478 Eccle-

1908 1508 2115 1561 siarum
2165 1523 2520 1564 consensum.

1982 1598 2262 1654 Illandavit
2291 1611 2476 1656 autem
2533 1599 2771 1658 Macario
2800 1602 3034 1658 Alliensi
3088 1612 3369 1674 episcopo,
3409 1606 3501 1671 qui

1906 1702 1959 1747 ct
1994 1693 2111 1762 ipse
2165 1695 2377 1765 synodo
2425 1693 2775 1759 interfuerat,
2824 1708 2878 1750 ct
2913 1714 3010 1765 pro
3040 1699 3359 1765 apostolicis
3407 1701 3509 1752 do-

1908 1785 2185 1854 gmatibus
2226 1787 2429 1840 acriter
2481 1796 2843 1856 pugnaverat,
2881 1797 2939 1841 ut
2975 1790 3025 1841 in
3077 1788 3293 1842 vivilica
3343 1805 3508 1842 crure

1841 1860 2205 1943 Bquan-enda
2239 1877 2611 1947 Sepulcroquc
2661 1880 2847 1933 divino
2905 1896 2969 1934 ac
3012 1881 3243 1950 reliquis
3302 1883 3508 1936 sanctis

1912 1968 2296 2037 teligiosisque
2328 1969 2463 2024 locis
2497 1971 2901 2041 investigandis
2922 1988 3141 2027 omnem
3170 1975 3506 2041 diligentiam

1906 2060 2214 2114 abhiberct.
2244 2060 2423 2115 Etiam
2460 2063 2595 2117 alios
2624 2065 2912 2129 episcopos
2948 2075 3039 2119 est
3086 2066 3409 2120 adhortatus
3450 2078 3509 2121 ut

1908 2160 2126 2221 peteret
2156 2153 2554 2220 unusquisque,
2574 2154 2719 2221 quod
2749 2155 2814 2207 ad
2841 2153 3233 2223 perfectionem
3268 2174 3379 2212 sine
3405 2157 3508 2212 Ec-

1908 2243 2095 2298 clesia:
2126 2245 2497 2300 necessarium
2525 2261 2652 2301 esse
2687 2258 2960 2303 cerneret.
3010 2250 3292 2317 Agebatur
3321 2261 3504 2305 autem

1907 2338 2153 2393 decimus
2202 2354 2377 2392 nonus
2410 2339 2624 2409 imperii
2661 2340 2778 2408 ejus
2838 2357 3017 2396 annus
3042 2383 3058 2407 ,
3089 2345 3309 2413 quando
3359 2346 3505 2398 facta

1906 2438 1989 2482 est
2023 2428 2262 2498 synodus
2291 2426 2533 2485 Nicmna.
2556 2430 2687 2484 Post
2707 2433 2847 2486 hanc
2867 2433 3019 2486 misit
3048 2435 3347 2504 imperator
3390 2452 3505 2488 ma-

1907 2528 2044 2574 trem
2067 2536 2224 2575 suatn
2262 2520 2548 2587 lleleuam,
2572 2523 2854 2579 mulierem
2874 2526 3024 2579 omni
3055 2526 3272 2580 laudum
3297 2542 3500 2597 genere

1905 2613 2341 2678 ornatissimam,
2382 2629 2512 2667 cum
2548 2616 2765 2681 litteris,
2830 2634 3141 2688 magnaque
3164 2624 3410 2687 pecun'a:
3454 2637 3503 2673 vi

1905 2705 1971 2758 ad
2002 2703 2303 2759 Macarium
2342 2705 2647 2762 .1Elieusem
2672 2710 3017 2778 episcopum,
3058 2721 3116 2765 ut
3149 2728 3254 2765 una
3281 2728 3402 2765 cum
3440 2730 3506 2767 eo

1905 2796 2184 2852 viviﬁcum
2215 2798 2420 2868 lignum
2464 2800 2857 2871 investigaret,
2890 2818 3162 2872 sacraque
3185 2804 3300 2857 loca
3331 2806 3509 2859 militi-

1905 2889 2007 2944 ciis
2057 2902 2377 2957 exornaret,
2412 2892 2465 2945 id
2516 2893 2692 2960 ipsum
2741 2904 3076 2963 exposcente
3129 2899 3502 2963 imperatrice,

1904 2992 2302 3050 assereuthue
2332 2984 2573 3038 divinam
2620 2987 2884 3040 visionem
2932 2986 3039 3041 sibi
3083 2989 3357 3054 oblatam,
3383 3004 3506 3060 qum

1899 3073 2132 3144 jusserit
2162 3084 2224 3129 ut
2260 3074 2693 3145 Hierosolymam
2737 3093 2861 3132 sese
2904 3081 3209 3148 reciperet,
3265 3091 3318 3132 et
3344 3096 3503 3134 sacra

202 3178 317 3230 τῶν
349 3178 592 3248 ἀνόμων,
629 3179 721 3231 καὶ
746 3181 974 3246 ἀφανεῖς
1002 3180 1351 3247 γενομένους,
1383 3178 1477 3230 ἐπὶ
1517 3178 1802 3240 τοσούτους

1908 3166 2027 3219 loca
2050 3165 2119 3220 ab
2148 3166 2413 3234 improbis
2443 3167 2663 3230 obruta,
2696 3176 2749 3221 et
2777 3175 2929 3221 tanto
2959 3179 3203 3237 tempore
3230 3184 3296 3223 ex
3332 3170 3507 3224 homi-

202 3270 456 3341 χρόνους.
505 3269 712 3323 Μαθὼν
755 3271 811 3323 δὲ
855 3273 883 3323 ὀ
937 3272 1237 3332 ἐπίσκοπος
1300 3271 1645 3340 ἀφικομένην
1702 3270 1804 3339 τὴν

208 3360 484 3430 βασιλίδα,
520 3362 618 3413 σὺν
643 3362 743 3429 τῆς
777 3361 1047 3431 ἐπαρχίας
1076 3362 1397 3423 ἐπισκόποις
1420 3363 1704 3431 ἀπήντησε
1737 3363 1803 3429 τῇ

208 3452 448 3523 βασιλίδι
493 3454 629 3524 (59).
665 3453 883 3516 Εὐθέως
940 3454 996 3507 δὲ
1042 3454 1487 3525 παρεκελεύσατο
1509 3457 1625 3517 τοῖς
1680 3457 1803 3506 ἐπι-

205 3544 435 3606 σκόποις
467 3544 564 3614 τὴν
595 3544 823 3614 ζήτησιν
854 3543 948 3595 τοῦ
989 3544 1328 3613 ποθουμένου
1378 3545 1536 3609 ξύλου
1568 3547 1804 3614 ποιήσα-

206 3635 362 3690 σθαι.
408 3638 783 3705 Ἀπορούντων
817 3636 875 3689 δέ
925 3638 1146 3689 πάντων
1184 3640 1313 3707 περὶ
1357 3638 1450 3689 τοῦ
1490 3639 1678 3702 τόπου,
1712 3641 1803 3691 καὶ

202 3728 383 3783 ἄλλων
410 3728 586 3791 ἄλλως
638 3728 696 3794 ἐξ
730 3728 969 3797 ὑποψίας
992 3730 1383 3797 διηγουμένων,
1412 3730 1440 3780 ὁ
1470 3731 1569 3798 τῆς
1596 3730 1805 3794 πόλεως

203 3820 507 3883 ἐπίσκοπος
568 3821 777 3883 πάντας
828 3820 1132 3891 παρεκάλει
1190 3822 1421 3892 ἡσυχίαν
1479 3823 1655 3890 ἄγειν,
1708 3826 1805 3875 καὶ

205 3911 636 3980 σπουδαιότερον
691 3912 859 3980 εὐχὴν
908 3910 1052 3980 ὑπὲρ
1096 3910 1287 3963 τούτου
1337 3912 1416 3981 τῷ
1465 3912 1584 3981 Θεῴ
1632 3930 1804 3982 προσ-

204 4002 422 4072 φέρειν.

279 4094 490 4151 Τούτου
550 4096 607 4151 δέ
650 4095 947 4170 γινομένου
996 4095 1202 4162 εὐθέως
1265 4095 1478 4171 ἐδείχθη
1538 4095 1719 4152 θιόθιν
1777 4100 1804 4155 6

201 4186 373 4253 τόπος
409 4185 487 4259 τῷ
517 4187 826 4260 δπισκόπῳ,
852 4191 911 4243 ιν
929 4180 974 4258 ᾧ
999 4188 1181 4261 ἵδρυτο
1211 4188 1313 4260 τῆς
1347 4187 1663 4262 ἀκαθάρτου
1689 4189 1804 4245 δαί-

206 4294 373 4351 μονος
395 4280 423 4335 ὸ
445 4278 571 4345 ναὸς
602 4279 697 4336 καὶ
722 4278 785 4335 τὸ
805 4278 1053 4353 ἄγαλμα.
1078 4279 1214 4337 Τότι
1244 4280 1277 4354 ἡ
1302 4280 1593 4351 βασίλισσα
1616 4282 1680 4355 τῇ
1705 4281 1805 4353 βα-

205 4366 392 4439 σιλικῇ
424 4366 687 4441 αὐθεντίᾳ
714 4366 998 4441 χρωμένη,
1026 4366 1412 4439 συναγαγοῦσα
1440 4368 1645 4444 πλῆθος
1675 4370 1804 4426 πολ-

203 4459 317 4515 λῶν
354 4459 619 4531 τεχνιτῶν
668 4461 765 4517 καὶ
824 4460 1075 4534 ἐργατῶν
1136 4461 1424 4524 ἐκέλευσεν
1470 4464 1535 4518 ἐκ
1588 4463 1805 4536 βάθρων

1912 3272 2040 3310 num
2073 3258 2385 3325 cognitione
2420 3270 2610 3328 erepta
2648 3261 2699 3312 in
2736 3260 2913 3315 lucem
2959 3262 3243 3317 educeret.
3276 3263 3504 3332 Episco-

1909 3363 2010 3418 pus
2045 3359 2228 3402 autem
2261 3348 2351 3401 ubi
2397 3349 2665 3403 intellexit
2724 3352 3131 3420 imperatricem
3154 3355 3268 3423 jam
3299 3358 3505 3411 adt-en-

1909 3449 2050 3505 tare,
2089 3454 2216 3492 cum
2241 3440 2801 3508 comprovincialibus
2829 3445 3106 3515 episc0pis
3132 3446 3348 3501 obviam
3376 3466 3505 3518 pru-

1909 3534 2094 3586 cessit.
2134 3530 2332 3587 Statim
2365 3548 2494 3589 vero
2522 3537 2605 3590 eis
2638 3536 2895 3604 injunxit,
2934 3547 2991 3593 ut
3012 3540 3079 3592 ad
3111 3541 3502 3597 inveniendum

1909 3630 2291 3685 desideratum
2344 3633 2527 3687 crucis
2559 3632 2764 3702 lignum
2814 3649 2874 3687 se
2911 3644 3055 3689 totos
3085 3638 3299 3692 darent.
3337 3637 3502 3692 Dubi-

1909 3725 2151 3779 tantibus
2178 3739 2309 3779 vero
2340 3725 2593 3779 omnibus
2628 3741 2795 3795 super
2824 3727 2957 3794 hoc,
2986 3729 3222 3797 aliisque
3260 3732 3407 3784 aliud
3436 3748 3502 3785 ex

1909 3816 2227 3885 suspicione
2303 3821 2891 3883 commemorantibus,
2962 3821 3232 3877 Macarius
3311 3839 3505 3878 OllllleS

1908 3910 2097 3977 quieto
2127 3924 2254 3964 esse
2292 3910 2475 3965 animo
2498 3911 2684 3979 jussit,
2720 3922 2775 3967 et
2805 3912 3201 3969 intentissimas
3231 3915 3339 3969 Deo
3373 3930 3499 3982 pre-

1910 4018 2000 4056 ces
2034 4001 2252 4059 olferre.

1980 4091 2100 4161 Quo
2129 4094 2298 4161 facto.
2333 4093 2619 4152 confestim
2653 4095 2917 4154 divinitus
2955 4097 3111 4155 locus
3140 4098 3230 4154 ille
3250 4100 3504 4170 episcopo

1912 4186 2191 4243 revolutus
2228 4198 2334 4253 est,
2366 4188 2418 4243 in
2445 4203 2556 4259 quo
2592 4187 2770 4245 locata
2800 4198 2920 4245 erat
2958 4189 3348 4261 impurissimis
3393 4194 3506 4248 dein

1908 4277 2132 4350 ell'lgles.
2154 4277 2308 4337 Tunc
2337 4280 2678 4352 lmperatrix,
2701 4280 3052 4351 imperatoria
3074 4291 3229 4339 utens
3263 4283 3505 4339 auctori-

1890 4356 2045 4440 tate,
2082 4386 2280 4445 magno
2335 4386 2565 4429 numero
2609 4372 2867 4445 apillcnm
2915 4381 2969 4430 et
3018 4374 3396 4445 operarlorum
3434 4388 3502 4432 ex

1912 4461 2281 4520 hunlamentls
2307 4464 2571 4520 dannonls
2610 4462 2771 4521 istius
2814 4463 3077 4537 templum
3106 4466 3350 4523 subverti
3377 4463 3501 4535 jus-

202 4552 594 4623 ἀνατραπῆναι
619 4553 711 4607 τὸν
742 4554 843 4624 τῆς
858 4553 1113 4624 δαίμονος
1154 4553 1281 4608 ναὸν
1307 4554 1445 4625 (60).
1479 4555 1572 4609 καὶ
1608 4555 1800 4609 τούτου

1909 4555 1979 4611 sit
2008 4572 2021 4610 :
2049 4556 2195 4626 quod
2229 4555 2391 4611 simul
2416 4564 2581 4625 atque
2598 4555 2849 4612 eﬂ'ectum
2878 4568 2981 4623 est,
3017 4558 3268 4627 apparuit
3292 4559 3388 4615 Dei
3414 4575 3503 4617 se-

205 4647 505 4716 γενομένου
538 4649 783 4716 ἀνεφάνη
814 4648 874 4701 τὸ
903 4647 1048 4700 θεῖον
1080 4649 1293 4717 μνῆμα,
1336 4650 1430 4701 καὶ
1452 4650 1479 4700 ὁ
1506 4649 1669 4712 τόπος
1704 4650 1797 4703 τοῦ

204 4736 474 4805 Κρανίου,
496 4739 591 4791 καὶ⁸
618 4738 693 4807 μὴ
715 4738 955 4808 μήκοθεν
984 4742 1136 4809 τρεῖς
1168 4740 1394 4808 σταυροὶ
1425 4743 1790 4810 κεχωσμένου

204 4828 486 4896 ἐπιμελῶς
535 4829 592 4881 δέ
649 4830 1047 4899 ἐρευνήσαντες
1104 4825 1263 4899 εὖρον
1310 4831 1407 4882 xui.
1439 4830 1565 4893 τοὺς
1612 4831 1791 4900 ἥλους.

216 4921 467 4974 Ἐκεῖθεν
501 4919 687 4973 λοιπὸν
718 4921 999 4989 ἀμηχανία
1027 4922 1122 4973 καὶ
1171 4921 1350 4989 θλίψις
1396 4922 1664 4975 κατέλαϐε
1699 4925 1798 4991 τὴν

205 5013 482 5085 βασιλίδα,
512 5015 885 5082 ἐπιζητοῦσαν
941 5016 1092 5076 ποῖος
1151 5014 1259 5083 ἄρα
1297 5012 1365 5085 ἦν
1403 5016 1431 5067 ὁ
1468 5014 1799 5077 Δεσποτικὸς

208 5108 469 5175 σταυρός.
513 5106 573 5159 ὐ
601 5105 659 5158 δὲ
706 5108 1007 5170 ἐπίσκοπος
1045 5106 1133 5159 διά
1169 5107 1403 5170 πίστεως
1433 5108 1532 5177 τὴν
1562 5110 1800 5177 ἀμφιέῖο-

202 5198 326 5253 λίαν
361 5199 542 5254 ἔλυσε.
566 5200 792 5252 Γυναικὶ
825 5201 936 5270 γὰρ
960 5200 1319 5271 ἀρρωστούσῃ
1348 5200 1457 5253 τῶν
1496 5201 1799 5269 ἐπιφανῶν,

204 5290 305 5343 καὶ
365 5291 773 5361 ἀπεγνωσμένῃ
824 5292 928 5343 ύπὸ
980 5292 1221 5353 πάντων,
1268 5296 1362 5344 καὶ
1413 5294 1479 5343 τὰ
1514 5293 1803 5345 τελευταῖα

200 5379 451 5453 πνεούσῃ
479 5380 850 5453 προσαγαγὼν
876 5381 1109 5435 ἕκαστον
1138 5383 1248 5435 τῶν
1278 5382 1546 5453 σταυρῶν,
1585 5384 1677 5436 τὸν
1711 5382 1807 5455 ζη-

1910 4648 2157 4717 pulcrum
2206 4658 2259 4701 et
2316 4648 2468 4700 locus
2499 4647 2857 4712 Calvariaa,et
2882 4664 2986 4703 non
3021 4651 3213 4716 procul
3244 4652 3367 4705 inde
3391 4661 3503 4705 tres

1909 4754 2105 4794 cruces
2132 4737 2402 4804 defossas;
2440 4739 2761 4809 diligentius
2780 4742 2946 4795 etiam
2976 4742 3390 4812 investigantes.
3423 4744 3506 4797 in-

1911 4839 2184 4884 venerunt
2220 4840 2277 4884 et
2304 4833 2515 4885 clavos.
2547 4829 2649 4884 llic
2669 4846 2799 4885 vero
2819 4832 2924 4885 alia
2945 4833 3352 4901 imperauit-em
3373 4849 3503 4887 cura

1912 4924 2134 4988 invasit,
2192 4923 2562 4991 inquirentem
2626 4939 2875 4991 quaenam
2915 4925 2983 4979 de
3016 4925 3191 4980 tribus
3224 4940 3351 4979 vere
3393 4923 3505 4976 Do-

1909 5015 2112 5069 minica
2140 5030 2271 5069 crux
2294 5025 2470 5069 esset:
2492 5030 2655 5085 quam
2683 5017 3076 5071 dubitationem
3103 5018 3389 5085 episcopus
3408 5032 3505 5087 per

1910 5108 2069 5159 ﬁdem
2103 5106 2377 5160 dissolvit.
2400 5106 2536 5160 Cum
2568 5108 2819 5174 quedam
2848 5110 3036 5175 prima:
3057 5107 3358 5161 nobilitati»:
3388 5124 3503 5159 tita-

1915 5208 2095 5264 trona,
2128 5199 2451 5268 cunctisque
2483 5211 2630 5260 nota,
2657 5201 2896 5265 graviter
2917 5215 2981 5253 ac
3004 5202 3306 5269 periculose
3324 5216 3500 5266 nigru-

1916 5301 2074 5354 taret,
2128 5291 2295 5343 etiam
2344 5289 2457 5345 l'ere
2523 5291 2776 5359 spiritum
2846 5292 3161 5355 exhalaret,
3218 5291 3500 5361 productis

1918 5383 2127 5436 duabus
2174 5383 2450 5448 crucibus,
2487 5396 2631 5450 eam,
2680 5398 2803 5451 qua:
2830 5383 3202 5452 qumrebzitnr,
3242 5382 3446 5435 invenit
3481 5397 3498 5436 :

1738 5540 1977 5597 ΝυΤᾹὶ.

427 5628 563 5686 Scit.
594 5630 738 5700 Πρὸς
789 5631 880 5683 τδν
929 5630 1253 5703 φερώνυμον
1296 5634 1388 5688 τὸν
1438 5636 1533 5706 τῆς
1593 5636 1802 5700 πόλεως

204 5700 535 5754 ἐπίσκοπον.

429 5773 562 5847 quo.
588 5769 737 5847 Βοίιη
770 5772 916 5847 addit
937 5815 950 5836 ,
981 5771 1102 5847 τοῦ-
1124 5774 1338 5839 ἐνδόξου
1395 5777 1654 5847 σταυροῦ.

283 5841 398 5913 p59)
455 5841 599 5896 Idem
637 5843 758 5897 cod.
827 5843 1156 5911 Συναγαγὼν
1204 5847 1325 5909 τοὺς
1360 5848 1455 5917 τῆς
1522 5841 1791 5920 ἐπαρχίας

1911 5639 2262 5701 ἐπισκόπους,
2320 5639 2457 5708 μετά
2510 5642 2606 5709 τῆς
2659 5637 2883 5710 δεούσης
2942 5639 3112 5710 τιμῆς
3178 5640 3500 5710 ἀπήντησαν

1911 5710 2071 5777 αὐτῇ.

1983 5778 2095 5844 (ﬁll)
2132 5779 2275 5831 Ιείιξιιι
2311 5782 2431 5832 ‹·ι›.Ι.
2590 5783 2833 5853 μυσαρὸν
2866 5781 3230 5851 οἰκοδόμημα,
3264 5778 3352 5834 tim
3373 5777 3502 5851 κεῖν

1904 5850 2094 5921 πόρρω
2124 5867 2224 5903 που
2256 5853 2434 5921 ἀποίὶρ
2446 5870 2455 5902 ι
2467 5850 2659 5919 φθῆναι
2672 5893 2684 5906 .
