4228 6442
683 338 823 402 £079

1919 349 2358 409 ALEXANDIH
2413 349 2757 411 MONACHI

3829 351 3967 416 1050

687 451 863 505 Etiam
881 453 1014 508 alios
1037 454 1322 523 episcopos
1348 466 1426 511 est
1450 456 1793 522 adhortatus,
1818 467 1873 512 ut
1894 471 2095 527 peteret
2116 476 2269 516 unus-

2384 463 2785 533 προετρέιξατο,
2822 462 3174 533 αἰτήσασθαι,
3209 463 3263 514 εί
3302 478 3356 516 τι
3399 463 3599 534 συνορᾴ
3624 464 3704 526 είς
3733 463 3974 537 ἀπαρτι.

688 544 948 613 quisque,
979 546 1120 614 quod
1147 546 1212 599 ad
1249 546 1642 613 perfectionem
1675 563 1786 602 suxe
1814 550 2067 607 Ecclesia:
2088 568 2271 608 neces-

683 631 884 685 sarium
908 647 1028 686 (μου
1042 644 1307 689 cerneret.
1333 635 1596 704 Agebatur
1621 644 1799 690 autem
1824 637 2067 693 decimus
2099 658 2270 693 nnmts

685 724 895 792 imperii
928 725 1044 789 ejus
1073 740 1267 795 annus,
1317 730 1533 799 quando
1588 728 1729 785 facta
1778 741 1859 785 est
1901 732 2138 800 synodus
2174 732 2268 786 Ni-

683 833 848 871 arua.

753 906 997 964 Posthacc
1026 913 1174 969 misit
1207 914 1502 981 imperator
1531 926 1758 973 matrem
1796 934 1946 973 suam
1973 919 2231 975 llclenatn
2252 962 2266 985 ,

681 998 962 1055 mulierem
1005 1006 1151 1060 omni
1191 1005 1411 1060 laudum
1440 1023 1638 1076 genere
1659 1011 2031 1079 dignissimam
2068 1012 2269 1083 Deique

681 1092 1104 1150 amantissimam
1122 1135 1138 1160 ,
1154 1112 1276 1152 cum
1298 1098 1492 1154 litteris
1508 1143 1520 1164 ,
1552 1117 1851 1170 magnaque
1871 1104 2111 1173 pecunia:
2129 1106 2177 1159 vi
2201 1105 2266 1157 ad

682 1182 976 1240 Ilaearium
1008 1190 1202 1242 merito
1224 1190 1326 1243 hoc
1358 1190 1577 1247 nomine
1602 1192 1914 1262 insignitum
1936 1236 1952 1259 ,
1972 1194 2267 1250 (Eliensem

677 1276 1026 1345 episcopum,
1063 1288 1120 1333 ut
1177 1297 1279 1334 ttna
1321 1297 1443 1335 cum
1476 1297 1542 1336 eo
1580 1285 1847 1339 vititieum
1879 1285 2081 1356 lignum
2118 1288 2268 1341 inve-

677 1368 899 1440 stigaret
925 1383 1193 1440 sacraque
1220 1371 1464 1429 aediliciis
1487 1385 1795 1439 exornaret.
1830 1378 2059 1446 idipsum
2102 1395 2268 1449 expo-

674 1469 863 1515 scente
904 1462 1287 1531 imperatrice,
1328 1452 1711 1536 asserenteque
1749 1470 1984 1525 divinam
2002 1471 2263 1526 visionem

674 1550 776 1605 sibi
809 1552 1082 1622 oblatam,
1107 1571 1229 1624 quae
1262 1558 1508 1627 jusserit,
1553 1569 1610 1613 ut
1648 1559 2019 1632 Hierosolyma
2036 1577 2156 1618 sese
2181 1579 2264 1618 re-

673 1640 879 1709 ciperet
899 1684 915 1708 ,
946 1655 1000 1700 et
1026 1662 1180 1701 sacra
1217 1648 1332 1705 loca
1363 1650 1430 1704 ab
1463 1651 1722 1719 improbis
1766 1654 1958 1708 obruta
1978 1693 1993 1718 ,
2019 1663 2074 1707 et
2115 1663 2263 1708 tanto

674 1743 920 1804 tempore
967 1753 1035 1793 ex
1070 1739 1350 1796 hominum
1391 1744 1699 1815 cognitione
1749 1755 1933 1815 erepta
1974 1747 2027 1802 in
2088 1745 2258 1802 lucem

671 1825 944 1880 educeret.

745 1917 1042 1989 Episc0pus
1072 1931 1251 1978 autem
1271 1964 1287 1988 ,
1327 1925 1413 1980 ubi
1440 1925 2119 1999 intellexitimperatricem
2143 1933 2254 2000 jam

671 2011 998 2079 adventare,
1032 2030 1153 2069 cum
1183 2020 1737 2087 comprovincialibus
1778 2023 2045 2092 episcopis
2071 2025 2255 2081 debito

670 2119 791 2157 cum
823 2104 1030 2162 honore
1067 2108 1282 2165 obviam
1339 2113 1625 2181 processit.
1676 2115 1871 2169 Statim
1904 2130 2034 2171 vero
2061 2118 2140 2172 eis
2171 2117 2257 2171 in-

664 2196 845 2267 jnngit
870 2241 884 2266 ,
906 2211 962 2254 ut
982 2205 1048 2255 ad
1071 2202 1449 2261 inveniendum
1468 2208 1830 2263 desideratum
1852 2211 2030 2264 crucis
2053 2210 2255 2280 lignum

669 2303 730 2343 se
760 2299 902 2346 totos
930 2294 1142 2349 darent.
1170 2294 1551 2352 Dubitantibus
1576 2313 1703 2353 vero
1727 2301 1982 2355 omnibus
2004 2315 2165 2369 super
2182 2301 2259 2354 lo-

671 2396 762 2448 co,
807 2383 1037 2457 aliisque
1066 2387 1210 2442 aliud
1240 2405 1304 2444 ex
1341 2392 1651 2461 suspicione
1681 2394 2255 2459 commemorantibus,

672 2473 941 2532 Macarius
972 2495 1162 2537 omnes
1193 2483 1378 2552 quieto
1414 2499 1537 2540 esse
1563 2485 1726 2553 jussit
1752 2488 1935 2542 animo
1966 2497 2020 2544 et
2042 2488 2260 2544 sedulus

675 2569 782 2621 Deo
799 2584 988 2638 preces
1010 2569 1224 2629 offerre.
1253 2573 1369 2642 Quo
1398 2574 1560 2642 facto,
1589 2577 1874 2633 confestim
1899 2579 2157 2635 divinitus
2176 2578 2257 2633 lo-

671 2675 769 2713 cus
793 2661 879 2715 ille
904 2663 1158 2735 episcopo
1183 2666 1452 2722 revelatus
1467 2679 1573 2731 est,
1594 2668 1648 2724 in
1672 2685 1779 2740 quo
1797 2672 2068 2740 proposita
2102 2682 2262 2726 erant

672 2752 1024 2821 impurissimi
1079 2756 1341 2814 damonis
1363 2759 1617 2830 templum
1645 2770 1699 2817 et
1727 2759 1951 2833 efﬁgies.

751 2929 903 2988 Tunc
959 2934 1295 3005 imperati-ix,
1338 2938 1682 3009 imperatoria
1718 2951 1877 2998 utens
1914 2943 2257 3008 auctoritate,

669 3039 866 3096 magno
909 3041 1135 3082 numero
1168 3030 1421 3098 opificum
1462 3042 1518 3087 et
1553 3035 1923 3103 Operariorum
1959 3050 2026 3090 ex
2070 3035 2262 3089 funda-

674 3118 868 3173 mentis
928 3120 1189 3176 dwmonis
1255 3120 1410 3178 istius
1458 3125 1713 3192 templum
1775 3126 2013 3181 subverti
2063 3127 2259 3196 jussit,
2289 3164 2332 3223 ο

669 3210 819 3273 quod
856 3209 1018 3264 simul
1060 3221 1223 3279 atque
1260 3212 1517 3268 effectum
1573 3223 1692 3281 est,
1735 3211 1982 3284 apparuit
2021 3216 2261 3272 divinum

672 3314 1078 3359 monumentum
1098 3344 1115 3370 ,
1140 3314 1194 3360 et
1219 3305 1368 3362 locus
1384 3305 1688 3371 'Calvariae,
1732 3316 1784 3361 et
1812 3322 1920 3363 non
1943 3306 2127 3376 procul
2145 3307 2269 3363 inde

662 3408 784 3453 tres
823 3413 1015 3453 cruces
1052 3399 1308 3478 defossae.
1353 3399 1670 3471 Diligentius
1712 3401 1876 3456 etiam
1944 3400 2264 3470 investigan-
2312 3462 2317 3467 _

664 3499 777 3551 tes.
805 3487 1129 3546 in'renerunt
1156 3500 1209 3547 ct
1238 3490 1440 3547 clavos.

727 3664 825 3723 llic
843 3667 1087 3735 verogalia
1117 3668 1512 3738 imperatricem
1538 3683 1667 3724 cura
1692 3668 1887 3723 invasit
1905 3667 2263 3737 inquirentem

679 3770 926 3823 qtttenam
967 3759 1033 3811 de
1066 3757 1238 3812 tribus
1265 3772 1393 3812 vere
1425 3758 1706 3812 Dominica
1732 3773 1860 3812 crux
1888 3768 2071 3824 esset;
2101 3769 2263 3823 utram

673 3848 1063 3903 dubitationem
1086 3850 1374 3919 episcopus
1392 3863 1485 3917 per
1501 3848 1658 3904 fidem
1674 3849 1939 3904 dissolvit.
1961 3849 2094 3904 Cum
2113 3862 2265 3918 qua:-

670 3939 797 3994 dam
830 3939 1055 4005 mulier,
1091 3941 1301 3995 cunctis
1340 3950 1462 3994 nota
1490 3981 1505 4004 ,
1569 3951 1624 3995 et
1655 3940 1723 3995 ab
1749 3940 2001 3994 omnibus
2025 3939 2135 4007 jam
2169 3941 2262 3992 de-

668 4041 926 4100 sperata,
963 4034 1124 4087 etiam
1179 4030 1293 4087 fere
1343 4033 1592 4102 spiritum
1640 4032 1948 4097 exhalaret,
1985 4031 2263 4101 productis

677 4124 886 4179 duabus
908 4124 1161 4179 crucibus
1188 4165 1202 4188 ,
1231 4138 1350 4178 eam
1375 4163 1389 4189 ,
1425 4139 1545 4194 qua:
1582 4124 1960 4193 quaerebatur,
2013 4123 2217 4178 invenit
2244 4140 2258 4190 ;

677 4218 839 4272 simul
865 4227 1025 4289 atque
1052 4219 1195 4273 enim
1227 4220 1339 4274 sola
1372 4218 1668 4274 Dominicm
1685 4218 1862 4273 crucis
1878 4218 2066 4272 umbra
2092 4232 2262 4287 mgro—

678 4320 788 4364 tant
833 4311 1030 4382 attigit,
1069 4313 1314 4383 protinus
1357 4312 1539 4368 divina
1562 4312 2023 4368 rirtnteexsilicns
2066 4326 2258 4383 magna

676 4402 850 4459 {lcum
875 4420 1007 4459 voce
1036 4405 1376 4477 glorificavit.

748 4589 1066 4659 Imperatr-ix
1101 4605 1252 4653 vero,
1294 4588 1531 4642 maximo
1569 4602 1690 4642 cum
1727 4587 1945 4659 gaudio,
1976 4577 2179 4656 pariter
2206 4596 2259 4641 ct

675 4683 983 4737 reverentia
1002 4696 1219 4736 crucem
1250 4680 1518 4735 viviticam
1540 4680 1842 4748 suscipiens
1865 4721 1879 4744 ,
1911 4689 2119 4749 partem
2141 4678 2259 4747 ejus

675 4786 798 4825 cum
826 4771 993 4826 clavis
1021 4771 1087 4826 ad
1112 4770 1286 4825 tilium
1325 4770 1529 4836 retulit,
1563 4769 1822 4838 reliquam
1858 4784 1984 4824 vero
2012 4769 2257 4824 confecta

678 4865 832 4918 theca
865 4878 1026 4918 aurea
1060 4863 1179 4932 ejus
1205 4861 1442 4916 civitatis
1475 4862 1730 4931 episcopo
1754 4860 1971 4915 tradidit
1994 4860 2046 4913 in
2069 4875 2261 4930 perpe-

675 4966 824 5011 tuam
851 4955 1103 5010 omnibus
1138 4955 1387 5024 gentibus
1436 4954 1778 5010 memoriam.
1815 4952 1943 5020 Qum
1976 4964 2259 5023 postquam

675 5050 1024 5116 prmcepisset
1053 5048 1105 5101 in
1142 5046 1256 5101 loco
1279 5046 1476 5101 vivifici
1523 5046 1760 5117 sepulcri
1805 5050 2060 5115 tcmptum
2089 5044 2260 5101 aedifi-

676 5142 811 5200 μοι-ἰ.
840 5150 893 5194 ct
921 5141 1062 5196 aliud
1090 5139 1340 5196 similiter
1368 5140 1419 5195 in
1442 5155 1599 5195 sacro
1621 5148 1803 5193 monte
1819 5138 2103 5210 Golgotha,
2130 5146 2185 5193 ct
2208 5139 2260 5193 in

678 5232 956 5287 Bethleem
976 5271 992 5296 ,
1010 5232 1098 5285 tibi
1123 5231 1385 5285 Dominus
1409 5231 1707 5287 secundum
1728 5244 1947 5285 carnem
1968 5239 2128 5285 natus
2153 5229 2263 5283 l'ue-

680 5336 766 5380 rat
792 5366 806 5390 ,
845 5335 899 5379 et
931 5324 982 5379 in
1017 5334 1203 5379 monte
1240 5323 1540 5388 Olivarnm,
1578 5323 1667 5378 ubi
1698 5322 1958 5378 Domintts
1984 5321 2263 5390 discipulis

680 5420 1007 5475 benedicens
1028 5458 1045 5483 ,
1074 5426 1382 5486 assumptus
1411 5424 1490 5471 est
1512 5455 1526 5479 ,
1559 5416 1787 5486 aliisque
1803 5414 2078 5485 przeclaris
2101 5414 2152 5468 id
2173 5428 2261 5484 ge-

679 5525 782 5565 nus
811 5507 1068 5565 eonfeCtis
1087 5552 1101 5577 ,
1125 5509 1189 5562 ad
1220 5509 1385 5563 lilium
1407 5510 1584 5561 rediit.

743 5778 919 5846 Quam
947 5792 1137 5851 magna
1170 5792 1292 5834 cum
1321 5778 1593 5848 voluptate
1622 5778 1918 5847 SttSt‘ipim.S
1973 5778 2260 5834 azloz'andx

2375 555 2511 622 σμον
2570 553 2799 616 ἕκαστος
2862 555 2961 622 τῆς
3013 554 3148 616 iiiis;
3202 553 3550 624 Ἐκκλησιάς.
3604 550 3713 608 Ἶίν
3765 555 3821 609 δέ
3885 558 3970 610 ἐν·

2374 644 2799 699 νεακαιὸἐκατον
2827 646 2943 709 ἔτος
2969 647 3066 715 τῆς
3098 646 3377 716 βασιλείας
3405 647 3592 712 αὐτοῦ,
3628 649 3717 701 ὅτε
3750 649 3964 723 ἐγένετο

2373 736 2513 790 κατά
2543 736 2782 791 Νίκαιαν
2814 737 3049 801 σίνοδος.

2440 915 2599 969 Μετά
2648 916 2823 972 ταῦτα
2877 917 3195 972 ἀπέστειλεν
3247 918 3273 967 ὁ
3323 917 3577 988 βασιλεὺς
3632 922 3731 991 την
3763 920 3959 973 ἑαυτοῦ

2374 1008 2587 1080 μητέρα
2602 1009 2842 1081 Ἑλένην,
2863 1011 2961 1083 τὴν
2983 1011 3294 1077 ἀξιέπαινον
3311 1013 3407 1066 καὶ
3430 1012 3676 1084 Θεοφιλῆ,
3699 1015 3780 1079 είς
3804 1014 3965 1084 Ἱερο·

2372 1103 2603 1173 σόλυμα,
2642 1103 2780 1173 μετά
2830 1103 3178 1174 γραμμάτων
3212 1104 3307 1158 καὶ
3332 1104 3634 1175 χρημάτων
3676 1103 3960 1171 ἀφθονίας,

2369 1197 2507 1267 πρὸς
2540 1196 2631 1249 τὸν
2665 1194 2991 1267 φερώνυμον
3015 1195 3298 1262 Μακάρων
3319 1196 3418 1266 τῆς
3443 1196 3634 1259 Αἰλίας
3663 1195 3965 1249 ἐπίσκοπον

2370 1287 2462 1340 ἐπὶ
2520 1286 2851 1356 ἀναζητήσει
2909 1287 3004 1341 τοῦ
3057 1285 3329 1351 ζωοποιοῦ
3376 1287 3538 1353 ξύλου
3593 1286 3690 1340 τοῦ
3744 1286 3963 1351 ἐνδόξου

2371 1379 2607 1450 σταυροῦ
2636 1380 2730 1433 καὶ
2756 1379 3011 1451 οἰκοδομῇ
3039 1380 3148 1434 τῶν
3174 1379 3345 1449 ἁγίων
3361 1381 3545 1433 τόπων
3564 1397 3579 1410 ·
3606 1381 3776 1448 αὐτῆς
3801 1378 3966 1431 τοῦτο

2368 1471 2673 1540 αἰτησάσης
2721 1472 2820 1541 τῆς
2854 1472 3146 1541 βασιλίδος,
3176 1472 3493 1541 φασκούσης
3532 1472 3802 1524 ὀπτασίαν
3836 1470 3966 1524 τινὰ

2368 1560 2518 1614 θείαν
2570 1561 2873 1631 ἑωρακέναι
2925 1560 3253 1615 κελεύουσαν
3302 1562 3440 1631 αὐτῇ
3490 1560 3559 1613 τά
3609 1559 3962 1628 Ἱεροσόλυμα

2366 1652 2718 1718 καταλαόεῖν,
2751 1655 2845 1707 καὶ
2870 1655 2997 1719 τους
3027 1654 3215 1722 ἁγίους
3239 1656 3439 1718 τόπους
3473 1657 3553 1717 είς
3579 1653 3697 1721 φῶς
3726 1653 3962 1721 ἀγαγεῖν

2366 1746 2676 1815 χωσθέντας
2722 1746 2828 1800 ὑπὸ
2858 1747 2968 1799 τῶν
3011 1746 3253 1817 ἀνέμων,
3281 1749 3375 1801 καὶ
3406 1748 3632 1816 ἀφανεῖς
3663 1744 3964 1813 γεγονότας

2362 1837 2457 1889 ἐπὶ
2490 1837 2778 1899 τοσούτους
2805 1836 3051 1906 χρόνους.

2434 1928 2640 1982 Μαθὼν
2681 1929 2736 1982 δὲ
2770 1930 2800 1981 6
2838 1931 3140 1993 ἐπίσκοπος
3181 1930 3531 2002 ἀφικομένην
3560 1929 3660 1995 τὴν
3689 1926 3961 1999 βασιλίδα,

2366 2021 2687 2090 συναγαγὼν
2701 2023 2826 2086 τοὺς
2840 2024 2936 2092 τῆς
2953 2024 3224 2094 ἐπαρχίας
3235 2024 3591 2087 ἐπισκόπους,
3602 2021 3744 2091 μετά
3754 2021 3855 2089 τῆς
3872 2021 3965 2073 δε-

2361 2115 2529 2187 ούσης
2552 2115 2720 2186 τιμῆς
2748 2117 3066 2187 ἀπήντησεν
3086 2118 3249 2187 αὐτῇ.
3272 2117 3485 2181 Εὐθέως
3500 2116 3556 2170 δὲ
3576 2114 3960 2184 παρεκέλευσε

2362 2214 2488 2270 τοὺς
2519 2208 2851 2272 ἐπισκόπους
2880 2208 2980 2279 τὴν
3018 2208 3249 2277 ζήτησιν
3278 2207 3373 2260 τοῦ
3413 2207 3751 2276 ποθουμένου
3796 2204 3961 2272 ξύλου

2363 2299 2715 2370 ποιήσασθαι.
2734 2298 3113 2369 Ἀπορούντων
3123 2299 3180 2353 δὲ
3199 2299 3418 2353 πάντων
3437 2299 3529 2353 ἐπὶ
3539 2298 3635 2351 τοῦ
3658 2298 3844 2358 τόπου,
3859 2297 3965 2349 καὶ

2364 2391 2527 2448 ἀλλου
2554 2391 2684 2447 ἄλλο
2713 2391 2948 2460 ὑποψίας
2977 2391 3364 2461 διηγουμένου,
3391 2392 3420 2445 6
3458 2390 3559 2460 τῆς
3590 2389 3797 2451 πόλεως
3836 2388 3964 2440 ἐπί-

2368 2497 2571 2544 σκοπος
2596 2480 2808 2543 πάντας
2837 2479 3141 2550 παρεκάλει
3184 2481 3418 2550 ἡσυχίαν
3449 2480 3625 2547 ἄγειν,
3660 2477 3756 2531 καὶ
3787 2493 3963 2530 σπου-

2365 2570 2652 2642 δαιοτέραν
2699 2571 2865 2641 εὐχὴν
2899 2571 3038 2642 ὑπὲρ
3083 2569 3276 2624 τούτου
3307 2570 3384 2639 τῷ
3428 2567 3550 2638 Θεῷ
3598 2567 3959 2638 προσφέρειν.

2366 2663 2573 2717 Τούτου
2604 2663 2660 2716 δὲ
2693 2663 3015 2732 γενομένου,
3042 2662 3244 2725 εὐθέως
3277 2662 3489 2730 ἐδείχθη
3526 2660 3714 2713 Θεόθεν
3743 2661 3772 2712 6
3792 2657 3964 2720 τόπος

2364 2755 2443 2826 τῷ
2472 2756 2778 2827 ἐπισκόπῳ,
2818 2757 2877 2808 ἐν
2905 2748 2950 2822 ᾧ
2981 2755 3167 2826 ἵδρυτο
3191 2753 3287 2807 τοῦ
3335 2753 3649 2822 ἀκαθάρτου
3698 2749 3963 2820 δαίμονος

2366 2851 2395 2901 6
2425 2850 2549 2911 ναὸς
2578 2848 2673 2901 καὶ
2710 2848 2772 2900 τὸ
2804 2846 3051 2918 ἄγαλμα.

2438 2942 2572 2995 Τότε
2602 2943 2634 3011 ὴ
2667 2939 2978 3010 βασίλισσα,
3010 2941 3074 3011 τῇ
3111 2937 3365 3008 βασιλικῇ
3394 2936 3650 3007 αὐθεντία
3670 2935 3962 3006 χρωμένη,

2371 3032 2756 3101 συναγαγοῦσα
2802 3031 3012 3099 πλῆθος
3063 3030 3201 3083 πολὺ
3233 3029 3495 3100 τεχνιτῶν
3541 3031 3635 3082 καὶ
3682 3028 3962 3100 ἐργατῶν,

2370 3127 2656 3180 ἐκέλευσεν
2682 3126 2746 3177 ἐκ
2779 3122 2996 3193 βάθρων
3022 3121 3410 3191 ἀνατραπῆναι
3443 3120 3505 3174 τὸ
3547 3120 3794 3189 μυσαρὸν
3821 3122 3968 3171 οἱκο-

2370 3218 2614 3288 δόμημα,
2646 3214 2742 3269 καὶ
2765 3213 2855 3267 τὸν
2890 3211 3018 3283 χοῦν
3052 3214 3241 3283 πόρρω
3263 3227 3365 3265 που
3397 3209 3796 3281 ἀωρριφῆναι.
3820 3207 3965 3261 Τού-

2370 3321 2463 3357 του
2518 3303 2575 3355 δὲ
2601 3301 2922 3371 γενομένου,
2966 3301 3209 3370 ἀνεφάνη
3250 3299 3312 3353 τὸ
3362 3298 3506 3352 Θεῖον
3553 3298 3769 3379 μνῆμα..
3798 3298 3898 3351 καὶ
3936 3302 3966 3363 6

2369 3396 2531 3459 τόπος
2568 3393 2660 3448 τοῦ
2707 3394 2970 3466 Κρανίου,
3010 3393 3104 3447 καὶ
3145 3392 3205 3446 οὐ
3244 3391 3483 3461 μήκοθεν
3522 3392 3674 3461 τρεῖς
3729 3391 3967 3455 σταυροὶ

2370 3487 2771 3558 κεχωρισμένοι
2801 3506 2813 3519 ·
2848 3486 3127 3557 ἐπιμελῶς
3159 3484 3215 3539 δέ
3250 3484 3645 3557 ἐρευνήσαντες
3671 3476 3833 3552 εὖρον
3865 3481 3966 3535 καὶ

2368 3579 2495 3642 τοὺς
2530 3579 2713 3649 ἥλους.

2452 3670 2693 3723 Ἐκεῖθεν
2721 3670 2909 3723 λοιπὸν
2935 3669 3217 3739 ἀμηχανία
3247 3669 3340 3722 καὶ
3359 3667 3535 3737 θλίψις
3561 3666 3834 3721 κατέλαϐε
3862 3668 3967 3737 τὴν

2370 3761 2709 3831 βασίλισσαν,
2735 3758 3124 3830 ἐπιζητοῦσαν,
3153 3762 3304 3825 ποῖος
3327 3761 3436 3830 ἄρα
3462 3760 3549 3830 είη
3566 3759 3599 3811 6
3626 3761 3970 3824 Δεσποτικδς

2369 3855 2620 3925 σταυρὸς.
2666 3855 2726 3907 '0
2754 3854 2813 3908 δέ
2846 3853 3147 3917 ἐπίσκοπος
3169 3853 3257 3907 διὰ
3296 3854 3530 3916 πίστεως
3560 3852 3660 3922 τὴν
3683 3852 3971 3924 διάκρισιν

2367 3943 2576 3997 ἔλυσεν.
2613 3945 2842 3999 Γυναικὶ
2868 3945 2978 4013 γάρ
3008 3943 3367 4016 ἀρῤωστούσῃ
3413 3944 3521 3996 τῶν
3546 3944 3830 4013 ἐμφανῶν,
3868 3936 3971 3997 καὶ

2365 4034 2764 4108 ἀπεγνωσμένῃ
2783 4035 2888 4089 ὑπὸ
2911 4037 3150 4100 πάντων,
3172 4035 3265 4088 καὶ
3289 4034 3357 4088 τὰ
3379 4035 3662 4088 τελευταῖα
3688 4035 3961 4107 πνεούσῃ,

2367 4127 2735 4197 προσαγαγὼν
2753 4128 2917 4182 ἐκάτε
2927 4146 3017 4197 ρον
3036 4127 3147 4180 τῶν
3169 4127 3445 4196 σταυρῶν,
3489 4128 3582 4180 τὸν
3616 4125 3967 4198 ζητούμενον

2363 4210 2434 4285 ni}
2444 4234 2534 4285 ρεν
2554 4231 2568 4245 °
2599 4216 2759 4286 μόνον
2780 4216 2892 4289 γὰρ
2907 4218 3137 4287 ἤγγισεν
3159 4217 3191 4284 ἡ
3217 4216 3346 4270 σκιά
3361 4216 3453 4269 τοῦ
3479 4217 3756 4285 σωτηρίου
3788 4233 3969 4270 σταυ-

2369 4304 2460 4376 ροῦ
2491 4309 2556 4377 τῇ
2592 4306 2914 4379 ἀσθενούσῃ,
2946 4307 3110 4372 εὐθὺς
3134 4308 3167 4379 ἡ
3194 4309 3400 4372 ἄπνους
3427 4309 3519 4361 καὶ
3546 4308 3809 4375 ἀκίνητος
3834 4307 3968 4379 θεία

2362 4397 2590 4467 δυνάμει
2649 4400 2993 4471 παραχρῆμα
3046 4400 3389 4471 ἀνεπήδησεν
3448 4399 3546 4454 καὶ
3611 4398 3829 4470 μεγάλῃ
3889 4404 3965 4471 τῇ

2292 4500 2335 4554 D
2368 4493 2517 4561 φωνῇ
2553 4489 2754 4561 βοῶσα,
2791 4492 2885 4544 καὶ
2916 4489 3216 4556 δοξάζουσα
3241 4491 3333 4545 τὸν
3365 4491 3518 4544 Θεόν.

2449 4583 2513 4636 'll
2551 4583 2607 4637 δέ
2645 4582 2930 4652 βασίλισσα
2973 4582 3161 4654 Ἑλένη
3190 4588 3255 4654 τῇ
3283 4586 3434 4653 φωνῇ
3468 4582 3647 4653 βοῶσα
3670 4583 3764 4636 καὶ
3794 4582 3965 4647 δοξάο

2366 4676 2534 4739 ζουσα
2562 4676 2653 4728 τὸν
2675 4676 2835 4742 Θεὸν,
2870 4675 3010 4746 μετὰ
3037 4678 3214 4748 χαρᾶς
3243 4676 3487 4747 μεγάλης
3516 4675 3613 4728 καὶ
3640 4674 3811 4744 φόϐου
3861 4677 3969 4732 ἀν-

2363 4769 2595 4838 ελομένη
2617 4768 2710 4822 τὸν
2733 4767 3001 4832 ξωοποιδν
3020 4769 3276 4839 σταυρὸν,
3301 4768 3465 4839 μέρος
3495 4769 3595 4838 μέν
3622 4785 3675 4820 τι
3717 4768 3819 4821 σὺν
3842 4772 3971 4832 τοῖς

2361 4861 2509 4931 ἥλοις
2535 4862 2829 4931 ἀνεκόμισε
2857 4861 2994 4935 πρὸς
3024 4862 3119 4914 τὸν
3148 4861 3334 4915 παῖδα.
3368 4860 3458 4930 Τῷ
3480 4860 3540 4914 δέ
3562 4858 3743 4930 λοιπῷ
3773 4860 3969 4926 γλωσο

2364 4955 2596 5025 σόκομον
2621 4954 2899 5028 ἀργυροῦν
2925 4956 3223 5025 ποιήσασα,
3249 4954 3538 5024 παρέδωκε
3557 4951 3637 5023 τῷ
3661 4953 3973 5023 ἐπισκόπῳ

2361 5046 2461 5115 τῆς
2500 5046 2729 5111 πόλεως,
2790 5048 2870 5110 εἰς
2925 5045 3274 5118 μνημόσυνον
3328 5045 3533 5107 πάσαις
3578 5045 3823 5111 γενεαῖς,
3861 5047 3971 5097 καὶ

2362 5136 2669 5191 Θεσπίσασα
2703 5138 3005 5208 ἐκκλησίαν
3044 5136 3298 5205 γενέσθαι
3340 5141 3399 5189 ἐν
3424 5135 3503 5205 τῷ
3531 5133 3784 5204 ζωοποιεῖ»
3812 5138 3973 5206 μνή-

2367 5244 2496 5296 ματι
2533 5229 2627 5280 καὶ
2658 5228 2735 5297 τῷ
2764 5227 2905 5297 ἁγίῳ
2932 5226 3175 5296 Γολγοῦᾷ
3201 5227 3295 5280 καὶ
3334 5229 3391 5279 ἐν
3420 5228 3485 5293 τῇ
3514 5224 3768 5294 Βηθλεέμ
3786 5226 3849 5278 ἐν
3879 5228 3971 5294 τῷ

2365 5318 2637 5388 σπηλαίῳ,
2683 5318 2811 5372 ἔνθα
2836 5320 2865 5371 6
2892 5317 3095 5388 Κύριος
3136 5317 3295 5387 ἡμῶν
3344 5313 3554 5384 Ἰησοῦς
3584 5316 3820 5385 Χριστος
3856 5317 3973 5387 τὴν

2363 5412 2505 5465 κατὰ
2565 5414 2739 5481 σάρκα
2791 5411 3044 5480 γέννησιν
3097 5409 3382 5479 ὑπέμεινε,
3417 5408 3513 5462 καὶ
3563 5410 3623 5461 ἐν
3675 5408 3796 5477 ὄρει
3846 5410 3975 5463 τῶν

2376 5502 2623 5567 Ἐλαιῶν,
2654 5501 2780 5555 ἔνθα
2805 5504 2832 5554 ὁ
2868 5502 3069 5573 Κύριος
3097 5500 3398 5570 εὐλογήσας
3422 5499 3549 5562 τοὺς
3582 5499 3836 5568 μαθητὰς
3868 5502 3981 5553 ἀν-

2363 5595 2594 5664 sise-61;.
2624 5595 2731 5647 Καὶ
2754 5594 2889 5647 ἄλλα
2947 5593 3119 5647 πολλὰ
3152 5596 3422 5662 ποιήσασα
3437 5592 3494 5644 ἐν
3528 5591 3976 5662 Ἰεροσολύμοις,

2365 5686 2659 5754 existed:
2691 5686 2822 5756 προς
2854 5685 2945 5738 τὶν
2980 5685 3162 5739 παῖδα.

2452 5779 2506 5827 '(9
2538 5778 2588 5830 ὁὶ
2636 5778 2772 5848 μετὰ
2818 5779 2993 5849 καρὶς
3043 5776 3212 5847 αξιτην
3248 5774 3670 5845 ἐπιλεξάμενος,
3708 5775 3807 5845 τὴν
3858 5778 3977 5845 μὶν
