4228 6442
236 377 376 435 4039

1222 374 1605 434 ῙΑΙΞΒᾹΤῘΟ
1646 374 1727 433 IN
1771 371 2027 432 APOST.
2073 366 2501 430 B.\R.\'.\B.-\.\I.

3355 372 3495 437 4090

239 483 690 552 signiﬁcationem
712 486 899 541 demus
931 484 1108 553 :quod
1135 487 1279 540 enim
1305 488 1422 557 ejus
1454 488 1552 541 viri
1574 489 1810 557 dignitas
1838 488 1889 546 Α
1916 487 2174 540 mundum
2212 486 2520 555 dereliquit,
2548 495 2599 539 et
2626 486 2808 539 omnia
2834 500 2952 554 quso
2976 486 3136 539 iuillo
3164 498 3309 551 sunt,
3349 506 3499 557 qius-

242 575 500 643 postulat,
537 576 587 629 id
619 576 724 631 tale
750 589 853 643 est,
883 587 940 631 ιιι
963 592 1178 632 omnem
1209 580 1511 635 orationem
1542 581 1608 631 ab
1638 594 1705 633 co
1728 595 1815 632 su-

241 668 415 735 perari
440 666 727 726 fateamur.

310 756 399 811 lll.
447 758 724 814 Laudetur
759 762 924 831 igitur
968 778 997 816 a
1050 763 1209 818 nobis
1237 764 1437 817 inﬁmis
1473 778 1704 831 magnus
1735 763 1821 815 ille

247 848 528 914 apostolus
570 850 871 907 Barnabas.
904 853 1229 910 Celebretur
1259 857 1646 910 consolationis
1684 857 1824 910 ﬁlius

249 939 315 993 ab
349 939 662 994 hominibus
695 943 789 1010 qui
850 944 1070 999 Christo
1112 947 1491 999 crediderunt.
1524 946 1825 1000 Extollatur

249 1046 276 1084 a
308 1032 501 1098 quovis
528 1033 745 1088 homine
772 1034 881 1098 ille,
916 1038 1006 1103 qui
1038 1053 1067 1091 a
1101 1037 1261 1091 Patre
1291 1040 1405 1107 ipso
1438 1038 1757 1099 honoratus,
1796 1054 1823 1091 a

249 1121 388 1176 Filio
421 1132 666 1188 vocatus,
691 1135 745 1178 et
775 1143 803 1178 a
829 1128 1031 1197 Spiritu
1055 1142 1243 1185 sancto
1274 1130 1542 1199 perlectus
1570 1141 1673 1186 est.
1696 1129 1830 1183 Bar-

251 1214 440 1279 nabas,
465 1215 705 1285 inquam,
744 1236 973 1288 magnus
1004 1220 1256 1275 Ecclesiae
1297 1233 1506 1282 orator,
1540 1223 1629 1275 illa
1665 1238 1827 1275 evan-

252 1306 440 1374 geliea:
472 1309 873 1375 prtedicationis
910 1312 1058 1375 tuba,
1090 1326 1283 1379 magna
1319 1311 1523 1365 Christi
1550 1326 1676 1374 vox,
1711 1311 1832 1379 Spi-

254 1399 389 1452 ritus
430 1401 601 1453 sancti
634 1402 867 1465 cithara,
908 1401 1099 1455 divina:
1146 1403 1333 1471 gratia:
1364 1402 1652 1468 plectrum.
1700 1403 1832 1455 Bar-

253 1491 425 1545 nabas
459 1492 515 1545 in
543 1493 895 1562 expediendis
926 1510 1022 1563 pro
1056 1492 1275 1548 Christo
1308 1494 1460 1547 bellis
1489 1494 1642 1547 miles
1674 1495 1836 1548 robu-

254 1584 527 1638 stissimus
556 1603 567 1637 :
597 1586 687 1654 qui
714 1600 941 1652 corpore
967 1585 1017 1638 in
1043 1601 1367 1653 corporeum
1408 1586 1639 1648 hostem,
1669 1587 1832 1638 simul

255 1689 482 1729 versans
519 1690 639 1729 cum
668 1676 1038 1745 apostolorum
1074 1676 1339 1741 exercitu,
1369 1676 1695 1729 validissimo
1720 1690 1838 1743 pro-

254 1762 499 1835 ﬂigavit:
542 1766 631 1834 qui
665 1767 928 1820 bonarum
951 1766 1359 1835 disciplinarum
1392 1766 1676 1833 rtligiosus
1702 1780 1838 1833 pra:-

254 1865 446 1922 ceptor
484 1856 717 1919 exstitit,
759 1866 813 1908 et
840 1854 1137 1909 Christiani
1183 1857 1342 1908 ovilis
1382 1855 1485 1909 dux
1533 1865 1737 1915 certus,
1784 1864 1838 1906 et

256 1946 543 2001 rationalis
580 1946 798 2015 quidam
838 1946 1035 2000 summi
1082 1946 1172 1999 Dei
1224 1946 1508 2014 paradisus
1534 1983 1549 2006 ,
1596 1944 1835 1997 ninnium

257 2038 519 2092 virtutum
571 2039 814 2108 germina
870 2037 1120 2091 ﬂorentia
1172 2038 1223 2090 in
1271 2052 1327 2089 sc
1367 2037 1650 2090 eoatiuens
1692 2054 1705 2089 :
1748 2034 1837 2102 qui

257 2131 537 2201 egregium
564 2130 831 2199 quoddam
859 2130 978 2183 ﬁdei
1004 2145 1223 2198 germen
1252 2127 1670 2189 l‘ni!,charitatis
1690 2141 1838 2191 rosa,

258 2222 647 2275 suavissimum
673 2218 896 2272 odorem
915 2219 1189 2282 emittens,
1221 2218 1336 2286 spei
1362 2216 1836 2283 ﬂosincorruptns,

258 2310 459 2365 divina:
503 2310 693 2381 gratiae
738 2308 946 2363 fructus
985 2309 1450 2375 jucundissimus,
1502 2309 1647 2362 illius
1695 2310 1837 2370 vitis,

257 2416 384 2472 quae
432 2402 598 2454 vitam
640 2402 894 2454 omnibus
937 2399 1162 2468 praebet,
1204 2400 1408 2467 palmes
1447 2399 1839 2464 feraris-intus,

261 2494 698 2548 immortalitatis
745 2507 1030 2555 racemus,
1081 2492 1186 2545 mel
1224 2491 1529 2558 distillans,
1570 2492 1842 2560 patientia:

265 2585 734 2654 propugnaculum
773 2584 984 2636 ﬁrmum
1024 2592 1188 2653 alque
1220 2584 1515 2647 immobile,
1556 2583 1842 2637 continen-

264 2676 355 2729 tia:
380 2685 620 2730 sectator
645 2677 714 2728 ita
745 2675 974 2739 validus,
996 2686 1051 2727 ιιι
1075 2690 1293 2729 crucem
1325 2677 1637 2744 gestaret-it,
1658 2684 1710 2729 et
1733 2676 1843 2726 ad-

264 2782 461 2821 versus
487 2766 693 2821 Christi
742 2766 1124 2819 interfectores
1165 2767 1465 2835 intrepidus
1503 2767 1708 2819 militiae
1735 2768 1841 2819 dux

186 2868 191 2875 ‘
264 2853 458 2919 fuerit,
502 2857 706 2910 Christi
761 2856 1003 2910 cruciﬁxi
1054 2872 1275 2923 germen
1320 2857 1385 2909 ad
1432 2857 1627 2911 cmlum
1675 2872 1845 2924 usque

264 2956 607 3017 protensmn.
665 2949 938 3002 Barnabas
982 2949 1373 3002 consolationis
1410 2950 1578 3013 ﬁlius,
1628 2949 1845 3016 pietatis

266 3040 549 3109 magister,
585 3040 706 3093 lidei
733 3040 981 3094 columna
1009 3056 1070 3094 ac
1096 3041 1395 3109 fastigium,
1430 3042 1593 3094 turris
1619 3042 1769 3094 ﬁrma
1792 3051 1848 3095 et

1920 580 2117 649 quilias
2146 576 2403 645 quasdam
2470 578 2645 639 duxit,
2687 588 2743 629 ιιι
2779 576 3053 629 Christum
3098 588 3302 631 tantmn
3337 581 3501 634 lucri-

1921 671 2127 724 l'aeeret
2168 670 2490 724 sazeulorunt
2530 670 2750 736 llegem.
2798 668 2895 722 llle'
2927 683 3081 722 suam
3130 685 3346 723 crucem
3380 672 3500 725 sine

1924 762 2266 816 dubitatione
2304 762 2482 830 aliqua
2513 764 2769 829 portavit,
2805 771 2861 814 et
2897 770 2953 817 ut
2998 776 3158 815 verus
3199 764 3502 833 discipulus

1925 862 2172 921 prompto
2207 853 2388 905 animo
2429 851 2707 905 Christum
2750 856 2970 904 secutus
3004 859 3085 903 est
3122 866 3134 901 :
3172 852 3263 919 qui
3300 853 3503 907 daemo-

1927 960 2024 998 nes
2054 944 2378 1013 prorogavit,
2399 952 2453 996 et
2488 942 2708 995 diabolo
2732 942 2953 996 vulnera
2984 941 3179 995 inﬂixit
3207 959 3220 994 :
3255 944 3342 1010 qui
3369 959 3503 1013 qua-

1930 1046 2053 1089 tuor
2098 1038 2247 1090 orbis
2279 1046 2545 1088 terrarutn
2582 1033 2717 1087 ﬁnes
2754 1034 2910 1087 ﬁrmo
2932 1044 2986 1087 et
3015 1036 3288 1089 constanti
3317 1052 3503 1103 gressu

1932 1129 2260 1198 peragravit,
2292 1139 2343 1181 et
2378 1137 2437 1180 ut
2464 1142 2618 1181 sacer
2640 1142 2703 1180 ac
2731 1127 2923 1189 bonus,
2950 1126 3142 1194 suique
3172 1125 3379 1180 Domini
3405 1130 3505 1182 mi-

1933 1218 2107 1270 nister
2140 1217 2570 1280 amantissimus,
2601 1231 2791 1270 omnes
2824 1227 3011 1284 gentes
3045 1215 3320 1285 Evangelii
3357 1235 3511 1287 pra:—

1932 1309 2205 1362 dicatione
2235 1310 2300 1362 ad
2344 1309 2546 1363 Christi
2590 1309 2746 1361 ﬁdem
2784 1310 3075 1363 convertit.
3108 1310 3202 1362 llle
3236 1327 3295 1365 se
3334 1312 3510 1366 domi-

1934 1397 2116 1451 cilium
2169 1411 2413 1467 paratum
2449 1399 2699 1467 praebuit,
2740 1400 2792 1452 in
2828 1415 2935 1469 quo
2977 1400 3220 1469 ejusdem
3264 1403 3514 1458 essentia:

1936 1491 2207 1559 particeps
2249 1492 2533 1544 Trinitatis
2570 1491 2878 1554 habitaret,
2924 1494 3127 1562 quique
3166 1496 3366 1548 summi
3419 1494 3513 1550 Dei

1939 1580 2194 1647 templum
2222 1580 2378 1633 ﬁeret
2418 1598 2429 1632 :
2464 1578 2759 1644 Barnabas,
2797 1582 3040 1648 inquam,
3072 1584 3396 1651 Cypriorum
3433 1586 3516 1637 in-

1937 1670 2090 1738 signe
2121 1679 2524 1736 ornamentum,
2558 1682 2611 1727 et
2645 1673 2796 1725 orbis
2831 1681 3100 1726 terrarum
3149 1689 3517 1746 propugnator

1940 1761 2395 1831 inexpugnabilis,
2412 1766 2503 1831 qui
2521 1763 2799 1818 Christum
2823 1767 2996 1830 ipsum
3017 1766 3211 1819 tnirutn
3230 1768 3280 1818 in
3302 1768 3518 1823 modum

1875 1833 1913 1884 Β
1943 1852 2157 1913 dilexit,
2183 1864 2235 1906 et
2269 1870 2366 1921 pro
2391 1856 2507 1922 ipso
2525 1856 2771 1922 quotidie
2794 1857 3031 1909 animatn
3059 1861 3514 1927 suameitposuit:

1941 1944 2032 2010 qui
2064 1959 2204 1997 nunc
2239 1959 2342 1997 una
2377 1960 2499 1997 cum
2535 1944 2624 1997 illo
2654 1945 2705 1997 in
2746 1946 2899 2000 caelis
2939 1957 3150 2016 regnat,
3188 1957 3241 2003 et
3268 1950 3520 2004 omnibus

1943 2035 2159 2087 Steculis
2202 2035 2472 2101 regnabit.

2015 2126 2103 2180 IV.
2146 2125 2364 2179 Defessa
2395 2136 2478 2179 est
2505 2128 2680 2179 oratio
2713 2137 2923 2191 nostra,
2962 2130 3085 2182 dum
3119 2129 3517 2194 admirabilem,

1945 2216 2187 2270 divinum
2219 2226 2271 2267 et
2306 2214 2710 2283 optatissimum
2746 2218 3049 2285 apostolum
3086 2216 3386 2271 Barnabam
3412 2218 3524 2271 latt-

1944 2306 2102 2359 dibus
2159 2306 2424 2359 extollere
2477 2307 2645 2374 cupit,
2697 2319 2859 2374 atque
2911 2308 3223 2371 contendit,
3273 2310 3525 2378 quodque

1945 2398 2139 2451 mirum
2191 2406 2300 2459 est,
2340 2398 2575 2451 nondum
2620 2399 2687 2451 ad
2723 2400 3005 2452 exordium
3049 2402 3312 2468 pervenit.
3359 2400 3527 2467 llujus

1944 2491 2091 2543 enim
2123 2489 2460 2542 admirabilis
2490 2490 2590 2544 viri
2620 2491 2807 2544 lamles
2836 2490 3070 2558 majores
3100 2500 3247 2555 sunt,
3276 2506 3435 2559 quam
3470 2504 3530 2546 ιιι

1948 2589 2133 2634 nostra
2183 2578 2364 2633 oratio
2408 2579 2527 2634 illas
2577 2580 2847 2647 attingere
2893 2581 3088 2648 possit.
3130 2578 3329 2633 Earum
3368 2580 3534 2650 igitur

1951 2672 2353 2737 tractationem,
2381 2683 2441 2725 ut
2464 2671 2809 2726 orationibus
2840 2672 3041 2725 nostris
3061 2671 3344 2739 majorem,
3363 2672 3531 2725 omit-

1950 2773 2146 2829 tentes,
2182 2778 2353 2832 pauca
2404 2764 2650 2832 qumdam
2682 2764 2749 2816 de
2781 2760 2898 2830 ejus
2923 2764 3029 2817 vita
3080 2773 3134 2817 et
3166 2766 3428 2833 martyrio
3465 2768 3532 2817 ab

1948 2868 2174 2911 auctore
2204 2856 2544 2911 Stromatum
2578 2856 2880 2920 Clemente,
2921 2856 3264 2926 aliorumque
3282 2869 3525 2915 veterum

1951 2949 2233 3003 hominum
2270 2950 2508 3017 scriptis,
2561 2950 2789 3017 repetita
2822 2950 2993 3012 vobis,
3028 2954 3321 3005 venerandi
3367 2955 3529 3005 audi-

1953 3050 2119 3105 tores,
2146 3056 2435 3109 exponam,
2469 3052 2523 3093 et
2560 3043 2631 3093 ita
2672 3043 2970 3097 narrationi
3011 3044 3136 3097 huic
3166 3044 3324 3097 ﬁnem
3360 3046 3533 3113 impo-

268 3133 589 3196 immobilis,
616 3132 1023 3186 fundamentum
1049 3133 1262 3193 stabile,
1286 3143 1337 3186 et
1364 3133 1580 3201 crepida
1615 3134 1846 3187 indisso-
1877 3168 1919 3222 C
1954 3150 2165 3199 nemus,
2204 3136 2405 3189 divinis
2451 3134 2673 3189 Litteris
2706 3139 3087 3201 concedentes,
3133 3150 3192 3192 ut
3235 3138 3391 3205 hujus
3427 3140 3531 3198 viri

269 3221 476 3287 lubilis,
511 3238 701 3275 saxum
738 3223 1043 3283 immotum,
1080 3223 1455 3276 ﬂuctuantium
1486 3235 1673 3291 portus
1693 3225 1851 3277 valde

274 3314 624 3377 tranquillus,
653 3314 828 3368 ﬁdelis
866 3324 919 3367 ct
955 3316 1189 3382 prudens
1227 3317 1587 3383 dispensator,
1616 3318 1851 3371 archite-

273 3416 397 3459 ctus
436 3406 849 3460 nobilissimus:
894 3407 982 3474 qui
1007 3408 1280 3461 ιωιυςιριιι
1324 3410 1373 3460 in
1412 3409 1571 3461 terris
1604 3412 1853 3461 semitam

274 3497 469 3559 tenuit,
505 3506 558 3548 et
600 3511 784 3563 parem
828 3497 1033 3565 angelis
1065 3497 1229 3547 vitam
1257 3496 1451 3548 dnvit:
1491 3497 1580 3564 qui
1611 3497 1708 3549 luit
1756 3496 1855 3550 Ec-

275 3588 569 3640 clesiarunt
648 3597 938 3656 patronus,
994 3588 1209 3656 adjutor
1281 3604 1610 3656 pauperum,
1672 3590 1859 3659 inopes

276 3682 493 3733 abunde
521 3681 787 3743 nutriens,
823 3680 1115 3733 viduarum
1145 3681 1467 3745 consolatio,
1495 3693 1548 3735 et
1577 3683 1850 3749 orpbano-

276 3790 399 3825 rum
433 3774 889 3837 diligentissimus
924 3784 1249 3842 procurator
1276 3789 1337 3827 ac
1370 3784 1543 3842 pater.
1581 3774 1860 3829 Barnabas

277 3862 485 3915 Christi
516 3863 900 3929 mysteriorum
930 3863 1244 3926 thesaurus,
1273 3865 1700 3919 orthodoxoruni
1729 3880 1861 3919 snn-

278 3966 383 4006 σιω
418 3951 509 4005 Dei
539 3952 796 4007 Ecclesia:
828 3955 1145 4023 dogmatum
1181 3957 1448 4019 minister,
1480 3957 1860 4023 tegrotantimn

281 4046 527 4097 medicus
554 4045 817 4110 liberalis,
845 4061 1007 4100 sanos
1044 4056 1097 4100 et
1118 4046 1361 4101 Valentes
1393 4049 1664 4111 homines,
1712 4047 1861 4100 ﬁrma

280 4146 540 4204 certaque
597 4137 763 4189 animi
806 4138 1146 4205 jucunditate
1225 4138 1497 4203 alliciens,
1567 4139 1863 4194 Christiani

283 4229 466 4296 gregis
498 4239 685 4282 custos
730 4230 1203 4299 vigilantissimus,
1248 4232 1298 4284 in
1337 4233 1495 4286 terris
1527 4246 1776 4293 manens,
1815 4242 1868 4284 ct

282 4323 337 4374 in
394 4321 553 4375 cmlis
598 4322 709 4374 vita
764 4333 925 4390 atque
993 4321 1335 4376 institutione
1382 4338 1604 4377 versans
1644 4339 1657 4375 :
1698 4324 1865 4390 quiin

284 4415 492 4466 mundo
523 4414 741 4482 pietatis
769 4416 1022 4482 dogmata
1055 4414 1201 4469 clara
1220 4424 1275 4469 et
1304 4416 1409 4468 alta
1442 4430 1573 4470 voce
1600 4416 1866 4485 prtedica-

1958 3235 2173 3289 semper
2216 3220 2486 3275 decantati
2536 3232 2589 3274 et
2628 3222 2965 3277 celeberrimi
3031 3236 3194 3294 caput
3245 3227 3539 3295 magniﬁco

1961 3314 2051 3367 illo
2093 3315 2364 3382 praeconio
2394 3325 2658 3368 Coronent
2689 3334 2701 3368 :
2735 3314 2866 3368 Erat
2913 3315 3191 3371 Barnabas
3218 3321 3295 3372 eir
3350 3320 3537 3385 bonus,

1960 3418 2008 3460 et
2039 3407 2226 3472 plenus
2251 3406 2455 3473 Spiritu
2497 3416 2682 3461 sancto
2715 3417 2764 3461 et
2795 3409 2899 3475 ﬁde
2932 3409 2971 3463 ³.
3004 3411 3142 3476 Quid
3174 3411 3298 3464 huic
3327 3426 3541 3480 praeco-

1968 3499 2053 3549 nio
2088 3514 2206 3565 par,
2239 3509 2331 3550 aut
2355 3514 2590 3564 unquam
2624 3499 2722 3551 fuit
2759 3500 2978 3553 simile?

2041 3587 2105 3640 ν.
2132 3588 2321 3641 Ortum
2344 3587 2494 3641 duxit
2514 3588 2859 3643 beatissimus
2881 3589 2969 3644 hic
2991 3591 3072 3644 vir
3088 3591 3152 3645 de
3172 3591 3539 3647 laudatissima

1967 3680 2053 3732 illa
2089 3681 2228 3733 tribu
2267 3679 2414 3745 Levi,
2451 3694 2518 3732 ex
2566 3694 2670 3748 qua
2719 3678 2894 3735 Moses
2932 3689 2986 3733 et
3018 3682 3223 3747 Aaron,
3256 3685 3431 3753 magni
3466 3686 3541 3739 illi

1968 3773 2058 3825 Dei
2101 3772 2378 3840 prophetae
2437 3782 2487 3826 et
2526 3772 2704 3841 populi
2759 3772 3048 3841 optimates
3080 3785 3257 3828 ortum
3315 3776 3540 3840 duxere,

1970 3866 2123 3934 cujus
2148 3864 2486 3932 Cognationis
2511 3864 2674 3917 etiam
2721 3862 2937 3917 Samuel
2969 3866 3231 3934 propheta
3271 3867 3544 3937 particeps

1969 3957 2090 4012 fuit.
2150 3958 2277 4026 Ejus
2316 3968 2495 4010 autem
2552 3958 2736 4026 proavi
2775 3958 3042 4013 bellorum
3083 3974 3244 4013 causa
3296 3975 3417 4014 cum
3476 3962 3545 4014 ad

1968 4051 2294 4121 Cypriorum
2355 4051 2629 4120 regionem
2693 4051 3093 4119 migravissent,
3148 4068 3301 4121 aequo
3363 4054 3547 4106 animo

1971 4142 2081 4196 illic
2114 4140 2451 4194 habitabant.
2489 4140 2657 4195 Erant
2708 4152 2889 4195 autent
2937 4143 3038 4195 viri
3077 4142 3365 4195 admodum
3420 4144 3548 4196 reli-

1970 4234 2128 4303 giosi,
2165 4235 2252 4286 Dei
2284 4234 2454 4298 legem
2483 4242 2881 4295 reverentes,et
2910 4233 3063 4287 valde
3096 4234 3325 4288 divites:
3360 4249 3548 4301 quain-

1972 4329 2159 4380 obrem
2199 4332 2252 4379 et
2300 4324 2688 4394 Hierosolymis
2725 4325 3010 4379 facultates
3048 4325 3244 4378 multas
3298 4327 3546 4391 posside-

1975 4422 2120 4481 bant,
2154 4426 2208 4470 et
2256 4432 2442 4485 agrum
2480 4432 2644 4485 prope
2676 4418 2861 4470 urbem
2912 4416 3057 4470 illam
3102 4416 3547 4481 pulcherrimum,

284 4507 386 4568 vit,
416 4516 470 4558 et
501 4507 553 4558 in
584 4506 738 4559 cwlis
770 4506 1163 4574 sempiternam
1195 4521 1454 4560 coronam
1485 4511 1690 4575 recepit
1730 4527 1742 4561 :
1777 4508 1867 4575 qni
1903 4498 1947 4555 υ
1979 4526 2083 4564 non
2123 4510 2293 4563 solum
2325 4509 2565 4562 omnium
2619 4524 2876 4578 generum
2897 4509 3205 4559 .fructuosis
3255 4508 3551 4561 arboribus

282 4600 389 4653 fuit
429 4600 668 4667 gentium
703 4601 834 4665 dux,
878 4603 943 4654 ad
977 4602 1141 4655 Deum
1192 4617 1286 4657 eas
1322 4605 1647 4671 perducens,
1687 4614 1740 4657 et
1768 4604 1869 4658 Ee-

280 4692 575 4746 clesiaruin
618 4693 707 4746 Dei
754 4694 1101 4748 beatissimus
1132 4710 1329 4763 praeco,
1378 4712 1601 4766 caman
1649 4697 1868 4764 quidam

284 4786 707 4839 beneolentibus
739 4787 939 4841 Christi
979 4785 1201 4843 ﬂoribus
1238 4788 1652 4855 refertissimus,
1695 4793 1868 4843 virtu-

282 4890 402 4929 tum
457 4877 735 4931 cmlestem
778 4881 999 4931 odorem
1039 4880 1362 4946 spirantium
1408 4883 1681 4949 quoddam
1719 4897 1865 4936 rose-

285 4980 429 5031 tum,
456 4967 657 5022 Christi
701 4971 998 5039 gratiarum
1038 4985 1167 5039 ager
1200 4972 1571 5026 fertilissimus
1605 4990 1617 5025 :
1653 4974 1742 5041 qui
1790 4975 1872 5027 vi-

290 5074 406 5115 tam
452 5063 611 5117 valde
642 5064 917 5116 sinceram
972 5078 1037 5115 ac
1065 5078 1255 5131 puram
1306 5065 1357 5117 in
1388 5065 1549 5119 terris
1586 5067 1871 5136 transegit,

284 5163 404 5205 tam
437 5162 582 5206 recte
613 5152 664 5204 in
693 5164 836 5205 terra
864 5152 1075 5217 vivens,
1108 5167 1269 5220 quam
1307 5153 1483 5220 angeli
1512 5153 1606 5222 ipsi
1641 5154 1693 5207 in
1718 5156 1873 5208 caelis

280 5245 503 5297 vivunt.
544 5245 689 5297 Idem
738 5244 1004 5297 virtutum
1036 5244 1429 5298 exercitatione
1455 5244 1703 5314 insignis,
1744 5261 1874 5299 con-

284 5337 736 5403 templationihus
786 5345 839 5389 et
893 5337 1172 5389 miraculis
1218 5346 1505 5405 przrstans,
1543 5339 1874 5406 virginitatis

281 5432 585 5499 margarita
634 5431 878 5498 qutcdam
934 5431 1189 5498 pretiosa,
1228 5440 1281 5483 et
1334 5433 1603 5484 castitatis
1638 5430 1875 5502 beryllus

284 5526 645 5585 .cclissiinus,
693 5524 1066 5592 tetnperaulim
1109 5540 1317 5592 gemma
1360 5525 1669 5591 purissima,
1710 5525 1872 5579 Clui-

276 5630 433 5675 stum
462 5617 511 5669 in
542 5632 601 5668 se
636 5616 943 5680 loquentem
985 5615 1212 5680 habens,
1246 5616 1474 5670 electum
1507 5615 1595 5671 Dei
1635 5634 1743 5678 tas,
1784 5619 1871 5685 qui

367 5794 384 5821 ³
427 5798 544 5849 Act.
584 5814 654 5862 λι,
697 5797 784 5850 25.

1977 4601 2299 4669 elegantem,
2339 4602 2431 4654 sed
2460 4601 2809 4653 aediﬁciorum
2841 4598 3207 4666 magnitudine
3250 4598 3400 4651 valde
3431 4598 3550 4649 illit-

1980 4704 2169 4746 strem.
2203 4692 2282 4744 Ex
2312 4707 2417 4758 quo
2441 4691 2583 4745 enim
2619 4701 2861 4757 tempore
2887 4690 3050 4741 Isaias
3073 4689 3329 4756 propheta
3366 4690 3434 4740 ita
3476 4706 3551 4741 re.

1981 4784 2135 4852 liquit
2164 4783 2461 4850 scriptum:
2510 4782 2729 4846 Beatus,
2779 4783 2864 4850 qui
2893 4781 3041 4833 liabet
3076 4796 3249 4832 semen
3300 4782 3354 4832 in
3396 4779 3546 4840 Sion,

1980 4888 2025 4929 et
2057 4880 2268 4928 domum
2302 4876 2354 4926 in
2382 4873 2675 4927 Jerusalem
2703 4892 2719 4938 ;
2752 4876 2887 4927 hanc:
2923 4873 3036 4939 ejus
3075 4872 3413 4942 prophetiam
3445 4873 3540 4926 lic-

1984 4969 2251 5023 bra‘orum
2305 4966 2394 5019 lilii
2444 4981 2706 5033 corporeo
2736 4980 2895 5017 sensu
2938 4966 3456 5032 interpretabantur,
3500 4974 3554 5017 et

1983 5062 2285 5116 ditissimus
2340 5060 2568 5128 quisque
2619 5060 2779 5110 dabat
2834 5074 3080 5125 operam,
3132 5066 3190 5110 ttt
3241 5057 3442 5123 aliquid
3499 5058 3551 5109 in

1982 5154 2117 5208 urbe
2148 5152 2520 5221 Hierosolyma
2553 5152 2870 5219 possideret.
2905 5151 3038 5203 Cum
3081 5165 3210 5204 vero
3242 5149 3292 5201 in
3330 5150 3553 5221 Cyprio-

1985 5263 2100 5299 rum
2138 5246 2359 5312 regione
2399 5255 2558 5297 natus
2595 5253 2735 5297 esset
2774 5243 2879 5305 hic,
2914 5243 2979 5296 de
3008 5258 3117 5311 quo
3145 5241 3456 5301 scribimus,
3502 5251 3554 5294 et

1984 5349 2237 5406 parentes
2266 5338 2563 5405 elegantem
2591 5352 2813 5405 puerum
2850 5336 3131 5394 vidissent,
3151 5334 3330 5386 statim
3362 5331 3555 5398 Just-ph

1983 5447 2103 5485 cum
2144 5431 2510 5493 nominarunt,
2555 5446 2777 5499 puerum
2838 5445 2991 5479 suum
3048 5427 3370 5495 patriarcha:
3415 5426 3560 5476 illius

1985 5523 2344 5592 :qtpellatiunc
2384 5524 2733 5575 honorantes.
2788 5519 3009 5572 Factum
3046 5534 3172 5569 vero
3216 5528 3319 5577 cst,
3354 5529 3407 5566 ut
3435 5532 3556 5568 cum

1987 5618 2219 5671 nominis
2269 5616 2646 5685 ςινινι-ιειιι;ιιιιι·,
2702 5630 2907 5667 ιπςυιιιιει
2942 5616 3100 5666 etiam
3132 5612 3384 5665 nobilitas
3428 5620 3556 5665 wn-
