4228 6442
708 381 844 449 6091

1889 377 2332 440 ALEXANDIU
2363 375 2710 436 MUNACIH

3847 377 3994 441 i099.

707 501 939 562 veniret,
971 496 1014 554 si
1045 499 1168 568 quis
1193 498 1335 551 enim
1365 512 1552 552 vocent
1588 499 1748 560 hanc,
1786 495 2007 562 loseplt,
2039 497 2306 561 interpre—
2335 503 2378 553 Α
2415 500 2473 544 ιιι
2511 492 2846 558 ingressione
2874 497 2964 543 tua
2995 488 3211 544 l‘amulis
3245 489 3353 543 tuis
3385 489 3698 544 benedit-as.
3739 491 3866 560 Ejus
3901 508 3994 562 pe-

711 603 874 656 tetur,
919 589 1154 644 inveniet
1179 591 1316 642 ident
1347 590 1526 642 valere
1552 590 1693 656 quod
1721 587 1812 640 Dei
1845 587 2296 648 additamentum;

710 683 923 734 additus
961 680 1105 733 cnim
1142 679 1242 732 fuit
1277 693 1304 731 a
1339 679 1448 732 Deo
1476 679 1657 747 justus
1689 678 1778 732 hic
1821 678 1902 730 vir
1931 676 2298 746 apostolorum

707 773 896 835 canui,
925 779 980 822 et
1013 784 1176 824 sacro
1201 780 1515 823 sanctorum
1551 770 1852 823 consortio.
1888 768 1969 822 Ad
2003 769 2118 822 haec
2145 781 2300 819 eam-

707 865 828 916 dem
881 877 1090 924 vocem,
1144 863 1237 917 Dei
1288 862 1520 932 gloriam
1581 863 1926 931 interpretari
1989 876 2296 930 possumus.

706 953 895 1021 Neque
927 954 1210 1022 quisquam
1259 964 1409 1022 putet
1456 955 1679 1006 verbum
1747 953 1848 1004 hoc
1897 949 2299 1018 exsuperantitc

705 1060 868 1097 causa
906 1047 1136 1105 dictum,
1171 1043 1263 1096 sed
1292 1060 1320 1095 a
1347 1044 1546 1095 divinis
1579 1042 1803 1096 Litteris
1831 1052 2105 1106 sumptum
2136 1041 2294 1093 sciat.

701 1137 797 1190 Ait
833 1137 974 1188 enim
1008 1135 1239 1189 Paulus:
1293 1134 1383 1188 Vir
1421 1151 1525 1187 non
1557 1135 1702 1186 debet
1737 1143 1894 1200 caput
1939 1143 2128 1200 tegere.
2177 1146 2295 1184 cum

705 1229 773 1281 sit
824 1229 1000 1294 imago
1044 1237 1091 1280 et
1157 1226 1328 1294 gloria
1383 1224 1480 1278 Dei
1531 1225 1574 1279 ‘.
1607 1226 1760 1291 Quod
1800 1225 1844 1278 si
1897 1224 2070 1275 virum
2105 1238 2297 1290 qut-.m-

707 1336 941 1388 eunque,
985 1320 1272 1386 imaginem
1332 1317 1420 1370 Dei
1483 1328 1535 1369 et
1583 1317 1813 1385 gloriam
1845 1315 2179 1368 lectissimus
2206 1315 2298 1367 ille

705 1415 984 1480 apusrolus
1019 1412 1327 1480 appellavit,
1361 1409 1487 1476 quid
1534 1411 1780 1463 dicemus
1825 1412 1890 1463 de
1927 1410 2028 1464 hoc
2074 1409 2191 1462 viro
2239 1409 2292 1460 itt

708 1507 872 1559 rebus
908 1506 1108 1557 divinis
1142 1502 1590 1570 perfectissimo?

780 1597 866 1650 Vl.
897 1597 1031 1647 Cum
1061 1612 1186 1646 vero
1215 1594 1494 1647 Barnabas
1518 1596 1634 1660 ipse
1659 1592 2007 1654 adolevisset,
2036 1592 2184 1645 illum
2241 1593 2294 1646 in

705 1690 898 1743 urbem
937 1687 1370 1756 Hierosolymam
1401 1694 1657 1752 parentes
1683 1684 2076 1750 perduxerunt,
2106 1692 2162 1736 et
2191 1682 2298 1736 Ga-

708 1781 909 1834 tualieli
974 1780 1145 1847 legent
1208 1794 1271 1829 ac
1329 1777 1622 1842 prophetas
1676 1776 1970 1842 diligo-nter
2019 1775 2299 1828 edocendo

710 1875 1070 1933 tradiderunt,
1121 1871 1210 1936 qui
1260 1879 1313 1922 et
1355 1867 1602 1932 Paulum,
1637 1875 1765 1918 tunc
1799 1866 2023 1918 Saulum
2055 1865 2294 1932 appella-

709 1975 844 2022 tttnt,
877 1961 1316 2029 eotuliSt-ipulutn
1362 1960 1613 2012 habebat.
1646 1956 1904 2018 Quotidie
1933 1971 2060 2010 vero
2095 1955 2301 2009 Barna-

711 2058 809 2110 bas
877 2056 1049 2123 magis
1104 2054 1445 2120 proﬁciebat,
1482 2063 1593 2104 tum
1651 2049 1924 2112 doctrina,
1971 2057 2082 2102 tum
2151 2049 2300 2102 omni

711 2149 939 2209 virtute,
1001 2147 1240 2198 nondum
1306 2155 1484 2196 tamen
1551 2142 1616 2194 ad
1675 2140 1989 2194 Levitarum
2053 2140 2301 2193 ordinem

711 2248 1040 2309 aggregatus
1096 2234 1390 2295 fuerat,eo
1439 2234 1582 2302 quod
1639 2249 1745 2285 non
1807 2242 1928 2284 erat
1976 2239 2140 2284 :elate
2189 2229 2301 2292 illa,

715 2346 877 2398 quam
909 2345 971 2381 ea
1025 2341 1110 2379 res
1147 2324 1461 2394 postulabat
1490 2341 1503 2377 :
1540 2323 1718 2375 adhuc
1746 2322 1892 2376 enim
1923 2335 2044 2374 cum
2076 2318 2305 2388 ephebis

715 2419 1127 2474 numerabatur.
1160 2417 1273 2470 Non
1302 2427 1482 2468 tamen
1513 2430 1541 2467 a
1574 2413 1776 2480 templo
1808 2411 2146 2472 discedebat.
2173 2425 2301 2464 cum

716 2513 772 2564 itt
802 2510 1029 2580 jo-juniis
1061 2525 1123 2562 ar
1155 2508 1408 2576 precibus
1438 2507 1524 2560 die
1573 2522 1635 2560 ac
1677 2519 1834 2558 nocte
1865 2515 2199 2558 versaretur.
2229 2503 2305 2556 Ita

714 2617 847 2656 vero
889 2609 1034 2669 teges
1066 2611 1123 2653 et
1155 2601 1361 2667 reliqua
1393 2599 1571 2651 divina
1605 2598 1808 2666 scripta
1844 2597 2162 2648 memoriter
2190 2609 2312 2664 pro-

714 2694 1031 2752 nuntiabat.
1057 2702 1116 2745 ut
1155 2692 1457 2744 litterarum
1491 2689 1845 2744 monimentis
1873 2704 1982 2743 non
2015 2689 2306 2756 indigeret,

715 2787 1064 2856 quietemque
1105 2783 1278 2850 ipsam
1315 2794 1422 2834 tam
1457 2782 1677 2835 charattt
1717 2782 1969 2841 habebat,
2010 2792 2068 2833 ut
2099 2791 2308 2846 tempe-

719 2878 910 2930 rantiae
953 2885 1180 2929 matrem
1222 2875 1364 2927 illam
1397 2890 1516 2928 esse
1546 2875 1790 2928 duceret.
1816 2872 2160 2927 Pcruiriosas
2181 2887 2312 2928 vero

715 2969 994 3021 hominum
1010 2967 1432 3020 consuetudines
1450 2971 1862 3028 exsecrabatnr,
1880 2981 1943 3018 ac
1961 2967 2314 3020 vehementer

718 3063 976 3129 fugiebat.
1005 3075 1200 3128 purum
1225 3069 1279 3113 et
1309 3075 1337 3112 a
1367 3059 1513 3112 vitiis
1548 3059 1806 3112 intactum
1841 3059 2077 3124 seipsum
2103 3060 2172 3112 ita
2193 3071 2316 3111 con'

2327 1833 2374 1892 B

2405 582 2582 636 titiuni
2615 583 2873 636 Christus
2907 581 3165 635 Dominus
3200 595 3458 635 assensus
3490 591 3615 647 est;
3660 597 3822 651 quem
3873 600 3992 636 mtt-

2403 680 2502 733 iier
2550 676 2644 730 illa
2706 676 2860 728 valde
2915 674 3036 727 beta
3096 674 3149 727 in
3191 674 3530 728 etenaenlunt
3558 689 3714 726 suum
3758 678 3992 743 accepit.

2403 771 2477 824 Ex
2516 770 2607 823 illo
2648 768 2812 836 igitur
2845 767 2956 830 die,
3002 767 3215 836 quoties
3256 767 3516 820 Dominus
3560 765 3992 838 Hierosolymam

2403 864 2668 924 venisset,
2710 863 2818 914 illic
2845 875 2950 913 una
2973 875 3096 913 cum
3133 860 3416 927 discipulis
3446 860 3558 913 suis
3590 861 3990 925 diversabatur,

2407 958 2728 1025 quibuscum
2757 963 2806 1008 et
2841 953 3047 1006 Pascha
3080 951 3188 1004 illic
3220 951 3369 1015 fecit,
3417 951 3506 1003 ubi
3537 961 3588 1002 et
3613 954 3995 1022 mysteriorum

2401 1056 2742 1103 saeratucnta
2777 1048 2995 1100 eosdem
3029 1045 3329 1112 discipulos
3359 1060 3490 1099 suos
3517 1045 3754 1100 edocuit.
3796 1045 3997 1098 Sermo

2400 1141 2544 1193 enim
2575 1139 2794 1206 quidam
2829 1152 2858 1189 a
2893 1135 3148 1189 Palribns
3184 1135 3416 1187 traditus
3479 1135 3544 1187 ad
3581 1149 3681 1188 nos
3725 1134 3994 1201 pervenit,

2401 1245 2545 1290 eum,
2568 1229 2660 1297 qui
2697 1228 2944 1296 lagenam
2989 1241 3144 1292 aqua:
3189 1225 3462 1291 portabat,
3509 1240 3668 1290 quem
3731 1224 3998 1277 llutninus

2403 1323 2516 1390 ipse
2545 1319 2825 1388 discipulis
2853 1317 2968 1370 suis
3017 1315 3276 1383 prtem-pit
3309 1324 3365 1367 ut
3427 1325 3810 1382 sequerentur,
3848 1314 3998 1366 hlar-

2402 1429 2522 1465 cuto
2558 1411 2726 1464 fuisse
2768 1413 2939 1463 beatae
2971 1410 3114 1462 illius
3163 1407 3346 1461 Maria:
3393 1407 3581 1460 ﬁlium.
3623 1405 3776 1473 Quod
3809 1418 3996 1460 autem

2403 1503 2552 1555 illum
2585 1502 2844 1554 Dominus
2876 1517 2983 1553 non
3033 1499 3352 1561 nominarit,
3405 1500 3496 1550 sed
3532 1499 3766 1554 dixerit:
3799 1497 3882 1550 Ite
3926 1499 3997 1550 ad

2401 1596 2676 1664 quemdam
2709 1593 2760 1656 ’ς
2811 1592 3150 1660 providentia
3201 1591 3437 1658 quadam
3474 1589 3674 1644 factum
3722 1600 3827 1654 est,
3853 1591 3999 1642 sicut

2403 1687 2598 1740 Patres
2629 1686 2801 1738 sancti
2836 1685 3010 1737 locum
3075 1685 3219 1736 hunc
3270 1685 3693 1748 interpretantes
3718 1684 3996 1746 dixerunt,

2403 1788 2460 1830 ut
2488 1793 2545 1831 re
2585 1779 2818 1830 obscure
2849 1777 2994 1830 dicta
3031 1776 3131 1829 hoc
3162 1791 3261 1828 nos
3293 1777 3539 1840 doceret,
3580 1775 3869 1826 Dominum
3901 1771 4000 1827 Je-

2403 1885 2522 1922 sum
2577 1869 2719 1933 ame
2777 1882 2899 1920 enm
2947 1868 3238 1931 diversari,
3289 1869 3603 1936 quicttnque
3651 1882 3713 1921 se
3749 1877 3998 1935 paratum

2403 1962 2628 2031 prtcbet.
2659 1963 2713 2012 In
2743 1961 2831 2012 illo
2859 1961 3020 2024 igitur
3046 1960 3164 2026 ipso
3187 1960 3472 2012 cantat:qu
3502 1957 3760 2011 Dominus
3789 1959 4000 2012 Pascha

2406 2054 2556 2116 fecit,
2595 2055 2646 2105 itt
2682 2053 2772 2104 illo
2807 2052 3062 2120 apparuit
3089 2050 3312 2105 Thomte
3339 2051 3604 2116 apostolo,
3632 2069 3752 2102 cum
3785 2067 3814 2102 a
3853 2065 4003 2102 mor-

2408 2147 2515 2201 tuis
2552 2145 2931 2198 surrexisset“
2961 2163 2973 2197 :
3012 2146 3160 2207 illuc,
3199 2156 3488 2213 postquam
3523 2143 3679 2199 Jesus
3707 2147 3758 2197 in
3794 2148 3999 2198 eu-lum

2407 2248 2721 2304 assumptus
2754 2245 2862 2298 est,
2887 2236 3138 2303 discipuli
3169 2253 3288 2288 cum
3321 2238 3543 2302 reliquis
3575 2237 3835 2290 fratribus
3861 2254 4002 2293 ceu-

2408 2338 2520 2383 tum
2569 2327 2787 2396 viginti,
2834 2329 2885 2378 itt
2919 2327 3117 2394 quibus
3157 2337 3315 2380 erant
3361 2325 3638 2380 Barnabas
3671 2339 3723 2382 et
3756 2327 4000 2393 Marcus,

2410 2434 2476 2475 ex
2525 2431 2710 2472 monte
2741 2419 3022 2471 Olivarttm
3077 2429 3448 2471 convenerunt
3477 2419 3536 2472 ’τ
3577 2421 3700 2472 iliuc
3758 2421 4007 2488 Spiritus

2411 2519 2635 2564 sanctus
2669 2510 2720 2560 itt
2750 2509 2951 2578 linguis
2980 2509 3153 2576 igneis
3190 2510 3255 2560 ad
3300 2509 3594 2575 discipulos
3633 2512 3917 2565 deSt-eudit
3946 2513 4002 2563 in

2411 2602 2500 2656 die
2548 2601 2900 2655 Pentecostes
2933 2601 2977 2632 ¹⁶
3010 2617 3024 2666 ;
3058 2601 3170 2654 illic
3199 2601 3460 2652 t-ollncata
3507 2617 3646 2653 nune
3680 2614 3759 2655 est
3805 2618 4006 2671 magna

2411 2705 2465 2750 et
2493 2694 2836 2748 sanetissima
2866 2694 3020 2752 Sion.
3050 2695 3292 2747 omnium
3332 2696 3695 2747 Eeelesiarutn
3737 2711 4007 2750 tuastma.

2487 2785 2620 2840 VIII.
2665 2786 2817 2840 Tune
2849 2801 2978 2840 vero
3008 2785 3284 2838 Barnabas
3329 2801 3550 2842 secutus
3581 2798 3664 2841 est
3712 2787 4010 2841 Dominum

2417 2888 2779 2933 revertentem
2817 2881 2884 2931 ab
2911 2879 3301 2949 llierusoly-nis
3327 2881 3378 2931 in
3415 2879 3714 2934 Gal-beant.
3748 2881 3884 2932 Cum
3913 2897 4019 2934 au-

2419 2980 2526 3024 tem
2567 2971 2720 3022 tnttlti
2773 2970 3014 3036 undique
3073 2974 3138 3023 ad
3203 2971 3487 3023 Dominum
3535 2975 3909 3036 couvmtireut,
3955 2986 4016 3028 et

2417 3063 2535 3127 ejus
2566 3063 2723 3114 [idem
2749 3073 3129 3130 sequerentur,
3160 3061 3295 3114 dixit
3321 3063 3605 3125 discipulis
3634 3065 3784 3115 suis:
3813 3063 4017 3118 Messi:

715 3171 962 3219 servans,
993 3165 1050 3206 ttt
1075 3154 1291 3207 virtutis
1311 3162 1455 3207 esset
1485 3156 1758 3220 specimen
1791 3152 2085 3221 quoddam.
2108 3152 2311 3218 Quam-
2339 3174 2382 3234 ε
2419 3152 2626 3224 quidem
2659 3152 2845 3213 multa,
2879 3152 3107 3220 operarii
3147 3167 3320 3204 autem
3348 3154 3523 3218 pauci.
3557 3153 3599 3185 “
3640 3153 3827 3220 Itaque
3863 3153 4020 3207 desi-

717 3251 906 3302 obrem
939 3250 1284 3315 apttdomttes
1301 3246 1701 3299 existimatione
1719 3256 1768 3297 et
1793 3245 1960 3314 gloria
1992 3243 2239 3296 ﬂorebat.

789 3340 904 3393 VII.
964 3340 1177 3393 Accidit
1227 3349 1432 3397 autem,
1491 3347 1549 3390 ιιι
1590 3346 1831 3404 tempore
1890 3335 1982 3390 illo
2039 3333 2300 3388 Dominus

715 3435 874 3489 Jesus
901 3433 1154 3487 Christus
1197 3429 1627 3500 Hierosolymam
1682 3430 1916 3490 veniret,
1952 3438 2008 3480 et
2038 3427 2300 3498 paralyti-

719 3544 840 3581 cum
894 3527 945 3580 in
1007 3525 1283 3593 probatica
1331 3510 1539 3589 piscina
1591 3531 1831 3583 sanaret,
1874 3520 2091 3587 aliaque
2147 3519 2300 3589 signa

720 3622 888 3682 multa
934 3628 989 3672 et
1022 3618 1264 3685 prodigia
1329 3618 1382 3668 in
1441 3614 1640 3680 templo
1683 3617 1873 3668 ederet
1898 3616 1942 3670 ⁸.
1975 3615 2066 3666 llla
2119 3613 2305 3665 omnia

719 3727 844 3763 eum
905 3708 1180 3761 Barnabas
1234 3705 1480 3765 vidisset,
1528 3704 1844 3771 obstupuit,
1897 3711 1951 3756 et
1997 3702 2184 3755 statim
2237 3701 2304 3755 ad

719 3801 923 3855 Christi
957 3800 1120 3869 pedes
1168 3813 1228 3852 se
1271 3798 1491 3867 abjecit,
1537 3811 1772 3863 euntque
1805 3806 2059 3862 precatus
2093 3803 2198 3856 est,
2247 3802 2306 3847 ut

723 3895 799 3948 illi
834 3893 1206 3946 benedieeret.
1235 3887 1490 3944 Christus
1525 3899 1728 3952 autem,
1763 3887 1854 3956 qui
1889 3901 1983 3941 cor
2029 3885 2306 3938 hominum

722 3997 779 4038 et
805 3985 1016 4036 animos
1051 3984 1295 4049 iuSpicit,
1327 3980 1591 4035 Barnabze
1627 3981 1784 4032 lidettt
1831 3987 2040 4049 gratam
2081 3979 2308 4041 habens,

723 4072 988 4126 benevole
1040 4073 1217 4140 ipsum
1267 4072 1502 4137 accepit,
1529 4081 1584 4123 et
1635 4069 1804 4122 divini
1853 4069 1933 4121 sui
1988 4081 2312 4136 congressus

724 4165 974 4217 eumdem
1012 4163 1329 4231 participem
1376 4160 1504 4214 fecit
1534 4179 1546 4213 :
1583 4175 1758 4228 quare
1787 4159 1852 4210 ad
1881 4157 2086 4211 Christi
2124 4159 2312 4211 chari-

729 4266 895 4308 tatem
958 4255 1130 4323 magis
1185 4252 1606 4306 accendebatur.
1666 4250 1838 4316 Quam
1890 4249 2124 4316 primum
2180 4262 2313 4303 vero

729 4347 864 4400 adiit
913 4346 1132 4398 domum
1189 4343 1374 4397 Maria:
1427 4343 1620 4396 tuatris
1671 4341 1922 4406 Joannis,
1974 4343 2065 4410 qui
2103 4341 2315 4396 Marcus

732 4445 918 4505 postea
954 4439 1130 4489 dirtus
1177 4446 1261 4488 est
1301 4453 1314 4487 :
1353 4451 1472 4504 qua:
1509 4433 1671 4487 Maria
1703 4434 1818 4500 ejus
1862 4444 2156 4487 matertera
2192 4447 2314 4487 esse

2424 3245 2605 3315 gnavit
2643 3245 2986 3314 Septuaginta
3018 3243 3136 3298 illos
3170 3245 3463 3311 discipulus
3489 3285 3503 3307 ,
3537 3260 3768 3314 quorum
3804 3247 4025 3312 primus

2416 3340 2544 3400 dux,
2582 3348 2636 3390 et
2668 3351 2912 3389 summus
2954 3346 3072 3390 erat
3108 3353 3337 3400 magnus
3381 3336 3805 3394 B:trnabas.Setl
3853 3354 4026 3393 nemo

2404 3429 2628 3480 audiens
2653 3426 2925 3496 apostolos
2946 3429 3086 3479 hanc
3127 3427 3538 3493 appellationem
3580 3428 3653 3480 illi
3691 3430 3806 3478 viro
3836 3427 4023 3493 impo-

2405 3519 2606 3578 suisse,
2635 3525 2836 3568 temere
2855 3525 2908 3565 et
2939 3515 3057 3567 sine
3079 3514 3498 3567 divinocousilio
3524 3514 3573 3565 id
3604 3513 3808 3565 factum
3839 3512 4018 3567 fuisse

2407 3611 2692 3677 opinetur:
2722 3625 2842 3660 nam
2874 3605 3288 3675 Pctrusipseilli
3319 3622 3515 3660 nomen
3542 3607 4017 3674 hocituposuit",

2406 3697 2788 3766 ille,ittquam,
2810 3699 3130 3766 l’etrtts,qui
3158 3699 3436 3766 persaueti
3467 3699 3704 3765 Spiritus
3725 3702 4025 3753 revelatio—

2413 3804 2534 3843 Item
2563 3789 2680 3842 Filii
2717 3789 2807 3842 Dei
2841 3790 3164 3858 theologiam
3209 3790 3428 3844 edidicit
3461 3792 3525 3843 ⁸³.
3560 3791 3625 3844 Ει
3655 3795 4028 3860 quemadmo-

2414 3883 2538 3933 dum
2565 3880 2809 3933 Jac-obus
2829 3890 2883 3934 et
2914 3878 3152 3934 Joannes
3183 3893 3406 3949 propter
3439 3882 3717 3947 virtutem,
3744 3882 3839 3935 lilii
3873 3885 4028 3937 toni-

2415 3976 2520 4030 trui
2567 3977 2738 4030 vocati
2798 3983 2928 4029 sunt
2973 3973 3040 4038 “,
3095 3975 3170 4028 ita
3205 3985 3256 4027 et
3289 3973 3567 4027 Barnabas
3629 3974 3853 4028 virtutis
3911 3991 4028 4029 sua:

2427 4081 2592 4121 causa
2627 4067 2769 4119 [ilius
2795 4067 3194 4120 consolationis
3229 4066 3531 4134 appellatus
3559 4076 3664 4128 est,
3688 4068 3896 4136 quippe
3927 4069 4026 4137 qui

2416 4167 2641 4226 propter
2671 4157 2984 4212 sanctitatis
3031 4157 3704 4228 przestantiam,omnibus
3744 4162 4014 4213 consola-

2417 4248 2550 4301 tioni
2581 4246 2706 4301 fuit.

2490 4338 2583 4394 IX.
2635 4339 2779 4393 Idem
2837 4354 2961 4393 cum
3015 4339 3256 4392 audisset
3318 4338 3606 4393 Dominum
3665 4341 3962 4395 docentem
4013 4362 4027 4396 :

2430 4431 2647 4486 Vendit:
2679 4447 2796 4499 qua:
2826 4432 3129 4496 possidetis,
3170 4442 3220 4486 et
3245 4433 3367 4485 date
3409 4432 3818 4502 eleemosynam,
3849 4445 3905 4488 et
3937 4435 4029 4503 {a-

729 4529 1037 4587 tin-ebatur,
1067 4525 1420 4591 quamobrem
1452 4535 1506 4576 et
1537 4523 1775 4576 Marcum
1825 4522 2084 4576 Barnath
2117 4537 2313 4576 conso-
2348 4515 2394 4570 ι)
2429 4526 2529 4578 cite
2576 4526 2726 4579 vobis
2753 4525 3016 4587 sacculos,
3049 4526 3140 4594 qui
3174 4542 3278 4577 non
3319 4533 3669 4587 reterascmtt,
3701 4527 4028 4580 thesaurqu

731 4617 949 4672 ltrinum
978 4616 1323 4683 appellabant
1355 4615 1395 4672 ‘.
1430 4615 1576 4668 Illam
1610 4632 1731 4668 eum
1765 4617 2024 4670 adiisset:
2061 4616 2196 4686 Age,
2229 4617 2318 4669 in-

729 4709 872 4777 quit,
913 4708 1128 4770 mulier,
1165 4706 1285 4759 veni
1317 4716 1371 4760 et
1397 4707 1539 4771 vide,
1573 4721 1694 4773 qua:
1725 4718 1905 4776 patres
1940 4709 2108 4761 nostri
2135 4709 2319 4763 videre

731 4792 1163 4865 concupiverunt
1193 4816 1206 4851 :
1238 4812 1367 4851 cece
1397 4799 1540 4850 enim
1568 4796 1728 4852 .lesus
1752 4801 1971 4868 quidam
2002 4802 2262 4870 propheta
2287 4815 2318 4854 e

733 4889 1002 4943 Nazaretlt
1035 4889 1268 4943 Galilane
1297 4890 1364 4941 in.
1392 4890 1594 4958 templo
1620 4901 1722 4955 est,
1748 4892 2036 4959 magniﬁci:
2068 4893 2316 4960 quautam

734 4981 902 5030 edens
953 4976 1234 5042 miracula,
1271 4977 1360 5045 qui
1421 4979 1602 5032 multis
1654 4980 1864 5033 videtur
1892 4980 2119 5036 Messias
2175 4996 2316 5045 esse,

734 5069 828 5136 qui
865 5075 1130 5122 venturus
1162 5080 1299 5123 erat.
1344 5069 1478 5123 Cum
1529 5072 1642 5124 haec
1691 5073 1937 5127 audisset
1980 5073 2321 5127 admirabilis

738 5159 830 5212 ilia
875 5161 1090 5226 mulier,
1143 5161 1350 5215 relietis
1385 5163 1636 5216 omnibus
1694 5164 1799 5227 his,
1831 5179 1952 5232 qnze
1999 5165 2233 5219 habebat
2267 5167 2318 5218 itt

737 5253 1011 5317 manibus,
1044 5253 1298 5322 templum
1334 5253 1423 5307 Dei
1460 5257 1594 5307 adiit
1626 5275 1638 5309 :
1674 5257 1762 5309 ubi
1809 5272 1931 5311 cum
1974 5256 2158 5311 .lesum
2189 5268 2323 5310 tcm-

739 5345 814 5414 pli
868 5346 1156 5400 Dominum
1209 5348 1453 5410 vidisset,
1490 5351 1553 5401 ad
1610 5349 1726 5415 ejus
1775 5351 1939 5417 pedes
1992 5365 2050 5404 se
2102 5349 2322 5415 abjecit,

738 5453 972 5508 eumque
1015 5439 1093 5493 sic
1126 5454 1346 5509 prerata
1389 5451 1512 5496 cst:
1550 5439 1604 5494 Si
1647 5444 1875 5512 gratiam
1919 5443 2120 5505 inveni,
2151 5458 2184 5495 o
2226 5441 2324 5496 Do-

739 5546 908 5597 lllttte,
940 5530 992 5584 ia
1015 5543 1308 5602 conspectu
1332 5541 1443 5598 tuo,
1472 5534 1591 5589 veni
1620 5535 1684 5588 ad
1714 5533 1934 5589 domum
1965 5534 2172 5589 ancillte
2195 5545 2319 5599 tuae,

807 5653 830 5685 ⁶
864 5653 877 5705 Ι
919 5655 1126 5724 Cornu,
1158 5655 1208 5713 7.
1236 5657 1288 5708 8.

813 5726 892 5804 l.'2.
945 5726 986 5755 ’θ
1020 5729 1133 5778 ΛΗ.
1175 5725 1279 5786 lt,l
1317 5747 1353 5781 ξι
1378 5743 1465 5795 till.

739 5793 776 5820 ⁵”
822 5793 951 5850 Lut.
997 5811 1090 5860 λιι,
1123 5797 1208 5848 7:3.

1549 5730 1587 5756 “
1623 5731 1786 5782 .\l.tTIlt
1849 5747 1920 5792 t\,
1953 5731 2052 5793 7:7;

1369 5658 1388 5686 ³
1418 5655 1572 5709 .luatt.
1604 5659 1707 5712 v.2
1731 5645 1881 5725 seqq.
1960 5660 1980 5688 ⁶
2006 5659 2213 5711 (ἰιιῐιιςὲ.
2246 5674 2315 5720 μ’,
2359 5659 2442 5714 10.

2093 5729 2222 5780 l.ttt‘.
2258 5747 2308 5785 Χ.
2340 5733 2371 5780 =2!

2417 4634 2685 4685 nunquam
2736 4617 3062 4684 deﬁcientem
3113 4618 3171 4670 in
3226 4619 3368 4671 caelis
3421 4619 3506 4682 ¹⁸;
3560 4617 3693 4669 nihil
3745 4631 4028 4683 moratus,

2417 4713 2601 4766 statim
2641 4728 2757 4765 rem
2787 4727 3004 4765 omnem
3033 4714 3329 4780 pretiosam
3363 4728 3390 4763 a
3425 4712 3742 4782 parentibus
3783 4716 4034 4769 mortuis

2416 4803 2521 4857 sibi
2571 4802 2819 4856 relictam
2851 4803 3122 4867 vendidit,
3157 4815 3210 4858 ct
3241 4805 3526 4874 egentibus
3557 4806 3840 4857 distribuit
3871 4823 3884 4859 :
3918 4808 4033 4861 sibi

2417 4908 2550 4948 vero
2572 4894 2745 4948 solum
2779 4910 2971 4961 agrum
2999 4911 3164 4948 unum
3192 4895 3514 4960 reservavit,
3538 4896 3681 4948 nmle
3705 4897 3779 4950 ali
3813 4913 4033 4966 posset.

2429 4984 2623 5041 Postea
2656 4998 2793 5043 vero
2823 5003 2984 5056 quam
3027 4987 3290 5043 Dominus
3327 5005 3544 5043 crucem
3587 5005 3891 5059 perpessus
3920 5003 4035 5056 est,

2428 5088 2485 5132 et
2520 5093 2549 5130 a
2611 5079 2844 5133 mortuis
2882 5080 3200 5140 resurrexit.
3249 5095 3312 5133 ac
3349 5078 3612 5149 Spiritmn
3662 5091 3924 5136 sanctum
3959 5086 4035 5137 ad

2430 5168 2728 5238 discipulos
2748 5185 2876 5225 suos
2901 5171 3073 5234 misit,
3102 5182 3233 5226 tunc
3261 5172 3476 5225 divinus
3512 5170 3790 5226 Barnabas
3813 5173 4036 5230 Christi

2432 5261 2699 5315 charitate
2751 5263 2925 5331 magis
2975 5262 3366 5326 inﬂammatus,
3399 5265 3546 5317 illtnn
3605 5265 3772 5318 etiam
3823 5281 4035 5336 agrum

2431 5352 2699 5413 vendidit,
2735 5366 2968 5422 cumque
3013 5353 3238 5406 multum
3277 5355 3518 5422 pecunia:
3546 5369 3611 5409 ex
3654 5355 3774 5424 ejus
3847 5358 4042 5423 pretio

2433 5444 2755 5513 accepisset,
2786 5459 3002 5500 omnem
3033 5447 3320 5515 pecuniam
3361 5446 3502 5500 illam
3540 5447 3605 5499 ad
3641 5449 4035 5515 apostolorum

2433 5536 2597 5604 pedes
2622 5538 2895 5606 deposuit,
2923 5552 3096 5607 neque
3131 5537 3426 5608 quidquam
3457 5539 3680 5593 omnino
3708 5539 3812 5593 sibi
3848 5557 4042 5594 reser-

2557 5661 2574 5690 ⁷
2606 5659 2770 5714 “are.
2807 5676 2914 5715 xtv.
2957 5662 3019 5713 13
3051 5677 3207 5730 seqq.
3295 5663 3315 5692 ⁸
3348 5660 3502 5714 .ltttttt.
3548 5676 3639 5718 Χῖ.
3676 5659 3773 5715 Eii.
3851 5665 3874 5690 ⁹
3904 5663 4040 5720 Art.

2475 5735 2515 5760 "
2561 5731 2720 5783 Mat't'.
2760 5748 2838 5794 nt,
2893 5733 2970 5784 lii.
3005 5740 3041 5767 ”
3068 5737 3478 5802 3i;tttlt.nt,l7.
3549 5733 3586 5761 "
3618 5733 3788 5786 .llarc.
3819 5749 3903 5796 ιιι,
3943 5737 4038 5791 ῑῖ.
