4228 6442
691 377 838 443 4095

1872 373 2320 433 ΑιΕχιΝυιιι
2355 370 2698 432 MONACIII

3826 376 3967 442 4996

689 492 862 546 ctrina
919 488 1122 543 factum
1183 494 1285 549 est,
1350 493 1411 537 ut
1473 483 1638 537 multa
1694 485 1872 554 populi
1931 485 2172 539 accessio
2204 486 2269 536 ad
2301 486 2344 541 Α
2375 491 2726 536 contemnere
2763 490 2965 550 posset.
3011 482 3300 538 Derelictis
3352 484 3522 554 igitur
3563 489 3846 554 apostolis.
3878 506 3970 547 rs-

689 579 966 632 tlhristum
1013 575 1188 628 fieret.
1222 573 1357 628 Cum
1405 586 1531 626 vero
1583 573 1766 626 divino
1818 573 2024 642 Spiritu
2071 575 2273 628 ductus

689 670 987 732 Barnabas,
1021 667 1087 721 ab
1134 665 1269 720 urbe
1301 666 1585 718 Antiochia
1613 680 1862 734 egressus
1895 674 2066 732 esset,
2106 665 2274 721 urbes

691 774 880 812 astantes
911 773 975 812 ac
1026 758 1275 826 regiones
1321 757 1652 823 peragravit,
1681 754 1886 810 Christi
1919 755 2274 826 Evangelium

692 853 852 920 longe
905 851 1122 918 lateque
1196 847 1523 914 ditl‘nmlens,
1606 863 1784 917 neque
1834 850 1986 917 prius
2039 849 2272 914 destitit,

690 958 853 1012 quam
902 943 970 995 ad
1005 942 1192 995 urbem
1255 940 1482 994 Ruinam
1514 940 1758 994 onmimn
1797 943 2087 994 maximam
2119 956 2279 995 vene-

696 1037 786 1087 rit.
846 1033 925 1087 Ex
979 1030 1245 1085 universis
1293 1035 1440 1084 enim
1490 1030 1770 1100 discipulis
1819 1030 2024 1085 Christi
2068 1031 2278 1100 primus

694 1122 1046 1191 Evangeliutn
1108 1121 1158 1173 in
1209 1122 1339 1174 urbe
1407 1121 1574 1173 Roma
1632 1122 1962 1190 przedicavit.
2031 1104 2308 1189 Cumque.

697 1213 847 1267 multi
930 1214 996 1266 ad
1083 1212 1286 1265 Chrisu
1361 1211 1516 1264 fidem
1577 1214 1877 1274 venissent,
1941 1221 1995 1266 et
2069 1211 2279 1266 Barna-

695 1303 818 1356 ham
873 1304 1047 1370 ipsum
1096 1317 1307 1355 summe
1339 1305 1688 1366 honorarent,
1723 1303 1960 1355 humana
1989 1303 2160 1370 gloria
2195 1319 2283 1359 re-

691 1394 860 1465 j'gt-ta,
924 1395 1063 1448 clam
1131 1394 1368 1464 fugiens,
1417 1393 1586 1448 Ruina
1640 1395 1798 1449 exiit.
1835 1395 2044 1448 Etenim
2087 1396 2282 1450 beatus

698 1490 790 1544 ille
828 1489 913 1542 vir
962 1490 1036 1543 ita
1093 1503 1282 1542 omnes
1337 1487 1604 1551 homines,
1636 1488 1724 1553 qui
1755 1495 1913 1539 erant
1951 1485 2284 1553 temporibus

699 1584 831 1644 illis,
861 1582 1024 1634 animi
1057 1579 1424 1634 submissione
1458 1595 1522 1633 ac
1561 1577 1828 1634 modestia
1865 1578 2178 1647 superabat,
2226 1587 2285 1632 ιιι

701 1676 768 1729 ad
803 1675 962 1743 hujus
997 1676 1210 1728 virtutis
1237 1673 1448 1727 culmen
1481 1673 1814 1742 perveniret.
1846 1673 1900 1727 Id
1931 1673 2072 1741 quod
2103 1671 2283 1727 deela—

700 1777 788 1819 rat
819 1767 937 1835 ejus
970 1766 1224 1820 historia.
1261 1765 1394 1820 Cum
1424 1765 1568 1817 enim
1596 1765 1791 1816 divina:
1824 1763 2046 1818 Litterae
2085 1763 2284 1832 ttbiqtte

2379 587 2570 627 versus
2620 583 2702 628 est
2748 573 3180 644 Hierosolymam
3217 577 3284 628 ad
3323 587 3552 630 matrem
3608 594 3784 635 suam.
3824 582 3960 636 Cum

2377 679 2506 719 vero
2531 665 2762 734 apostoli
2785 665 3062 719 Barnabas
3082 676 3136 721 et
3154 665 3357 720 Paulus
3382 683 3519 736 opus
3541 671 3971 738 complevissent

2378 758 2446 810 ad
2477 758 2622 825 quod
2658 757 2809 812 missi
2848 756 3087 821 fuerant,
3111 767 3166 811 et
3197 759 3409 812 intinita
3447 776 3546 828 pro
3583 761 3788 817 Christi
3843 780 3969 819 cer-

2381 853 2584 903 tamina
2609 850 3027 912 sustinuissent,
3056 859 3328 903 venerunt
3360 852 3733 918 Antiochiam,
3771 858 3915 909 aride
3939 875 3967 909 a

2381 943 2560 997 divina
2587 943 2760 1012 gratia
2809 943 2958 996 missi
2988 953 3116 996 sunt
3151 943 3217 996 ad
3251 944 3758 1010 gentes".Necesse
3787 961 3971 1002 autem

2382 1033 2484 1087 fuit
2520 1049 2712 1088 rursus
2739 1033 3009 1103 proficisci
3046 1033 3479 1106 Hierosolymam
3508 1039 3572 1091 ad
3599 1038 3817 1092 Petrum
3845 1055 3978 1106 apo-

2382 1127 2578 1180 stolum
2619 1137 2841 1195 propter
2877 1126 3043 1180 falsos
3070 1127 3191 1182 illos
3222 1128 3524 1197 apostolos,
3562 1130 3654 1198 qni
3695 1131 3979 1186 ducebant

2383 1217 2696 1287 discipulos.
2748 1226 2806 1271 ιιι
2843 1233 2901 1272 se
2929 1219 3387 1274 circnmciderent
3440 1231 3494 1274 et
3558 1221 3728 1290 legem
3783 1238 3980 1277 scrva-

2386 1322 2507 1364 rent
2528 1311 2592 1364 ³ο.
2616 1309 2756 1365 Cum
2790 1320 2969 1364 autem
3007 1312 3225 1365 Marcus
3255 1313 3378 1366 illos
3417 1314 3485 1366 ab
3507 1314 3768 1368 omnibus
3799 1316 3979 1370 Itono-

2387 1411 2534 1454 ratos
2585 1401 2818 1464 videret,
2853 1403 3106 1470 quodque
3139 1413 3260 1470 post
3298 1405 3467 1456 multa
3520 1405 3608 1456 illa
3651 1408 3880 1460 verbera
3923 1419 3983 1462 et

2385 1493 2626 1561 pericula
2663 1495 2998 1548 robustiores
3029 1494 3159 1547 facti
3191 1508 3400 1559 essent,
3435 1507 3491 1548 et
3523 1497 3752 1566 integris
3781 1515 3986 1567 corpo-

2388 1584 2541 1637 ribus
2579 1586 2786 1653 ιιι-ωιΙίιί
2815 1604 2828 1640 :
2861 1587 3140 1653 propriam
3191 1587 3622 1640 imbecillitatem
3662 1606 3931 1644 accusans
3963 1631 3981 1655 ,

2387 1675 2560 1730 doluit
2594 1677 2738 1743 quod
2785 1676 2988 1731 factum
3017 1693 3046 1731 a
3079 1695 3138 1732 se
3174 1679 3378 1740 fuerat.
3416 1690 3468 1732 et
3496 1682 3562 1732 ad
3594 1679 3820 1735 Paulum
3852 1686 3981 1748 qui-

2388 1765 2510 1820 dem
2541 1769 2716 1836 ipsum
2739 1770 2958 1822 erubuit
2985 1784 3044 1821 se
3065 1771 3336 1832 conferre,
3361 1769 3667 1823 Barnabam
3697 1789 3824 1826 vero
3846 1775 3987 1827 adiit

700 1859 878 1913 virum
929 1860 1076 1912 hunc
1102 1873 1223 1912 cum
1251 1857 1444 1925 primis
1472 1854 1754 1908 nominent
1784 1860 1848 1907 ac‘
1887 1856 2136 1917 laudent,
2169 1856 2286 1921 ipse
2318 1835 2361 1891 Β
2394 1859 2704 1927 lacrymans
2737 1876 2752 1910 :
2788 1875 3020 1928 cumque
3071 1862 3135 1913 ad
3180 1861 3300 1926 ejus
3345 1861 3510 1929 pedes
3554 1877 3612 1915 se
3662 1863 3984 1930 abjeeisset,

703 1949 908 2016 primas
940 1949 1064 2001 aliis
1111 1945 1439 2006 concedens,
1477 1948 1744 1999 sccumlas
1779 1955 1966 2014 partes
1997 1945 2282 2012 amplexus

703 2052 808 2105 est,
837 2040 1123 2107 diligenter
1153 2038 1393 2091 imitatus
1427 2039 1711 2089 Dominum
1745 2051 1924 2099 suum,
1967 2036 2059 2104 qui
2101 2036 2240 2102 dixit
2270 2053 2284 2091 :

704 2132 901 2185 Discite
931 2149 961 2182 a
991 2149 1091 2192 me,
1120 2132 1241 2198 quia
1271 2132 1414 2183 mitis
1443 2147 1558 2182 sunt
1581 2140 1626 2182 ct
1655 2129 1866 2181 humilis
1900 2132 2055 2182 corde
2085 2128 2152 2181 ".

776 2219 916 2276 XlV.
941 2222 1136 2276 Postea
1163 2237 1284 2274 cum
1303 2221 1443 2274 idem
1471 2219 1745 2273 Barnabas
1763 2219 1829 2272 ad
1855 2217 2072 2289 JEgypti
2099 2219 2286 2273 urbem

703 2315 1090 2369 Alexandriam
1130 2315 1386 2376 venisset,
1419 2321 1475 2364 et
1524 2311 1613 2364 Dei
1644 2325 1955 2364 sermonem
1991 2309 2060 2363 ibi
2095 2311 2289 2378 praedi-

704 2417 903 2471 casset,
936 2405 1085 2458 illinc
1118 2404 1270 2467 exiit,
1299 2418 1595 2473 peragrans
1628 2403 1884 2472 deinceps
1913 2403 2072 2455 ursz
2098 2415 2289 2454 omnes

705 2502 884 2570 quoad
937 2499 1082 2551 venit
1129 2496 1578 2566 Hierosolymam.
1611 2493 1764 2548 Unde
1807 2497 1969 2548 etiam
2012 2508 2287 2565 egressus,

707 2607 960 2646 reversus
1006 2601 1090 2645 est
1145 2589 1511 2644 Antiochiam.
1568 2587 1624 2640 In
1681 2602 1785 2656 qna
1833 2604 1956 2642 cum
1991 2585 2086 2641 Dei
2115 2588 2287 2655 gratia

706 2685 1006 2740 licclesiatn
1063 2677 1420 2750 copiosiorem
1471 2679 1670 2733 factam
1724 2679 1971 2742 vidisset,
2002 2679 2160 2734 valde
2193 2696 2290 2749 ga-

705 2781 858 2834 visus
885 2787 992 2833 est.
1031 2776 1162 2830 Inde
1193 2784 1374 2828 autem
1431 2773 1740 2837 discedens,
1775 2771 2007 2826 Tarsum
2045 2774 2194 2827 venit
2223 2774 2289 2839 ",

707 2873 938 2928 Paulum
985 2883 1237 2939 qumrens
1283 2885 1298 2921 :
1359 2882 1522 2936 quem
1589 2867 1895 2929 inventum,
1945 2866 2289 2922 Antiochiam

707 2964 984 3038 perduxit.
1039 2962 1114 3016 lbi
1165 2976 1286 3015 cum
1322 2969 1493 3013 totum
1529 2974 1732 3013 annum
1784 2959 2207 3028 transegissent,
2237 2968 2292 3014 et

711 3060 940 3114 multum
1001 3054 1259 3126 populum
1305 3055 1371 3106 ad
1410 3051 1613 3106 Christi
1671 3051 2017 3120 disciplinam
2052 3062 2294 3107 transtu-

2392 1963 2513 2003 cutn
2554 1951 2800 2020 rogabat,
2838 1962 2893 2004 ut
2928 1954 3231 2020 superioris
3255 1959 3423 2010 errati
3465 1960 3679 2011 veniam
3711 1959 3984 2023 impetra-

2392 2052 2496 2106 ret,
2531 2050 2588 2097 et
2611 2043 2730 2112 eius
2762 2045 3016 2112 precibus
3047 2047 3255 2100 tirmior
3285 2048 3441 2103 fieret
3468 2051 3522 2104 in
3553 2058 3858 2119 posterum,
3891 2050 3947 2102 fu
3969 2080 3986 2091 -

2394 2145 2574 2190 turum
2611 2139 2957 2206 promittens,
3001 2149 3058 2190 ut
3081 2141 3270 2192 omnia
3299 2143 3492 2196 mortis
3515 2158 3711 2211 genera
3739 2157 3836 2210 pro
3873 2142 3990 2196 Do-

2393 2230 2524 2284 mini
2568 2230 2738 2283 nOstri
2779 2228 2906 2284 Jesu
2948 2229 3154 2284 Christi
3202 2234 3420 2288 nomine
3450 2272 3464 2298 ,
3511 2243 3762 2302 prompto
3796 2234 3992 2290 animo

2391 2319 2668 2375 suffert-et.
2705 2320 2883 2374 Multis
2907 2323 2991 2374 his
3015 2323 3273 2393 lacrymis
3307 2340 3539 2392 magnus
3577 2325 3662 2376 ille
3690 2327 3992 2380 virtutilms

2391 2423 2616 2466 ornatus
2637 2413 2910 2466 Barnabas
2939 2413 3198 2476 flectitur,
3232 2430 3472 2484 eumque
3523 2417 3802 2480 hortatus,
3848 2428 3908 2468 nt
3959 2433 3994 2470 τι

2393 2506 2539 2558 luctu
2599 2507 2887 2559 desisteret
2920 2522 2934 2560 :
2966 2505 3124 2567 Fiat,
3170 2507 3383 2574 inqttit,
3436 2513 3580 2574 quod
3633 2508 3776 2562 Deus
3827 2509 3946 2561 vult
3977 2553 3992 2574 ,

2399 2599 2558 2652 modo
2586 2605 2640 2649 tn
2672 2608 2895 2665 paratus
2927 2601 3003 2651 sis
3034 2609 3293 2666 pra'stare
3333 2602 3476 2667 qttod
3515 2602 3858 2669 promiseris.

2468 2689 2607 2743 ιιγι.
2629 2689 2763 2743 Cutn
2795 2705 2920 2742 vero
2963 2691 3163 2757 scripta
3190 2693 3551 2760 accepissent,
3589 2708 3710 2762 quae
3741 2694 3810 2746 ab
3841 2695 4004 2760 Apo-

2397 2781 2552 2837 stolis
2575 2783 2627 2835 in
2657 2782 2790 2836 urbe
2819 2781 3190 2852 Hierosolyma
3219 2781 3437 2858 decreta
3476 2782 3714 2846 fuerant,
3749 2783 3999 2836 descen-

2398 2877 2594 2930 derunt
2621 2875 2992 2934 Antiochiam,
3026 2884 3081 2928 et
3116 2889 3221 2926 una
3273 2889 3397 2928 cum
3433 2873 3698 2935 fratribus
3740 2875 4004 2928 exsulta-

2397 2969 2528 3022 bant
2555 2967 2622 3020 ³⁸.
2658 2965 2873 3022 Marcus
2905 2975 3086 3020 autem
3139 2968 3287 3034 ipsos
3331 2967 3516 3020 animo
3551 2981 3744 3035 parum
3792 2965 4000 3021 ﬁdenti

2398 3069 2618 3114 secutus
2645 3067 2746 3112 est.
2774 3057 2905 3111 Post
2935 3058 3049 3111 haec
3083 3059 3260 3111 visum
3311 3068 3394 3111 est
3427 3058 3697 3112 Barnabas
3733 3066 3786 3109 et
3820 3055 4004 3112 Paulo

713 3155 925 3212 lissent.
983 3162 1216 3214 cumque
1279 3146 1350 3200 ibi
1407 3147 1641 3212 primunt
1715 3144 1921 3200 Christi
1993 3145 2365 3234 discipulosc
2409 3164 2698 3220 peragrare
2749 3151 2913 3204 urbes
2969 3164 3184 3213 omnes,
3231 3158 3288 3204 et
3341 3150 3545 3202 fratres
3599 3149 3799 3202 visere.
3835 3144 4008 3202 Tunc

709 3245 1059 3301 Christianos
1094 3251 1403 3302 vocassent,
1449 3251 1612 3308 atque
1667 3239 1816 3293 illine
1850 3241 2188 3308 accepissent
2224 3242 2291 3296 ab

713 3338 978 3396 Ecclesia,
1032 3350 1152 3402 qua:
1209 3331 1533 3398 pauperibus
1580 3330 1994 3394 distriliuerent,
2026 3333 2295 3385 ascende-

713 3439 841 3482 ιιιιιι
897 3443 1085 3480 rttrsns
1146 3423 1576 3490 liii-rosolymatn
1637 3432 1835 3488 quarto
1885 3421 2100 3475 decimo
2154 3436 2297 3476 anno

716 3531 999 3588 postquam
1066 3492 1322 3568 Dominus
1360 3512 1517 3567 Jestts
1550 3528 1766 3565 crucem
1823 3513 2070 3580 pertulit,
2102 3528 2296 3582 quem-

716 3615 1003 3667 admodum
1055 3610 1248 3663 scribit
1287 3607 1505 3668 Paulus,
1561 3621 1680 3658 cum
1726 3607 1900 3659 dicit:
1957 3605 2297 3670 Quatuorde-

715 3711 812 3761 cim
865 3707 1018 3758 armis
1068 3716 1244 3770 postea
1301 3701 1719 3769 Hierusolymnm
1764 3701 1974 3752 arcendi
2009 3714 2130 3750 cum
2161 3697 2298 3751 Bar-

715 3802 852 3853 naba
882 3800 946 3854 '°.
983 3798 1119 3851 Cum
1157 3810 1284 3848 vero
1325 3794 1686 3847 ministerium
1736 3791 2182 3858 compleviSseut,
2247 3800 2300 3842 et

715 3895 872 3946 fidem
907 3906 970 3943 ac
1006 3891 1286 3942 dexteram
1319 3885 1385 3938 ab
1415 3886 1676 3950 apostolis
1706 3884 1884 3935 datam
1938 3884 2295 3948 accepissent,

715 3997 774 4038 nt
811 3984 908 4051 ipsi
964 3983 1028 4034 ad
1087 3990 1274 4048 gentes
1324 3978 1577 4046 profecti.
1605 3977 1637 4028 ii
1675 3990 1824 4037 vero,
1856 3975 1946 4041 qui
1981 3989 2102 4026 cum
2139 3974 2299 4026 l’etro

714 4085 895 4138 erant,
927 4073 1271 4128 circumcisis
1323 4070 1702 4139 prmalicarent.
1744 4067 2147 4118 descenderunt
2184 4066 2298 4116 An-

716 4161 992 4232 tiochiam,
1050 4166 1312 4220 habentes
1363 4161 1601 4214 Marcum
1655 4161 1966 4212 ministrum
2022 4159 2088 4210 ²⁷.
2148 4156 2298 4211 Missi

713 4271 892 4316 autem
940 4276 968 4312 a
1018 4259 1223 4326 Spiritu
1271 4265 1464 4310 sancto
1499 4271 1564 4308 ex
1598 4255 1731 4308 urbe
1780 4252 2096 4314 Antiochia,
2135 4265 2298 4304 vene-

713 4362 841 4408 runt
889 4353 945 4406 in
991 4352 1252 4421 Cyprum,
1311 4356 1366 4401 et
1412 4355 1578 4401 totaat
1633 4345 1866 4399 insulam
1913 4352 2297 4414 peragrarunt,

713 4446 989 4499 Salamina
1041 4443 1278 4509 l’aphntn
1313 4455 1484 4508 usque
1518 4438 1872 4507 Evangelinm
1909 4437 2290 4503 praedicantes,

2401 3243 2679 3297 Barnabas
2712 3240 2937 3294 Paulum
2984 3242 3230 3311 rogabat,
3264 3253 3324 3294 ut
3365 3240 3608 3295 Marcum
3643 3255 3832 3294 secum
3888 3255 4004 3293 una

2402 3334 2589 3389 venire
2623 3342 2940 3402 pateretur;
2995 3333 3195 3401 quippe
3235 3343 3460 3401 paratus
3508 3340 3656 3386 esset
3701 3346 3882 3398 usque
3933 3334 4007 3386 ad

2404 3435 2630 3480 mortem
2663 3439 2760 3493 pro
2787 3423 2986 3477 Christi
3017 3425 3121 3478 lide
3158 3435 3435 3477 certamen
3467 3424 3764 3477 sustinere.
3790 3421 4010 3476 Paulus

2404 3535 2531 3574 vero
2591 3529 2778 3572 contra
2837 3518 3059 3586 rogabat
3122 3518 3448 3580 Baruaham,
3513 3528 3570 3569 nt
3627 3532 3815 3572 secum
3890 3533 4004 3570 una

2402 3610 2643 3664 Marcum
2683 3624 2788 3662 non
2842 3609 3126 3662 haberent.
3163 3606 3303 3662 llinc
3331 3611 3552 3662 occasio
3575 3611 3831 3677 qmcdam
3871 3622 4006 3663 nata

2403 3712 2506 3766 est,
2537 3713 2591 3754 ut
2625 3701 2852 3768 apostoli
2904 3716 2930 3752 a
2979 3716 3037 3753 se
3069 3702 3313 3754 vici\sim
3357 3711 3769 3769 separarentur,
3811 3703 4005 3755 divina

2405 3793 2754 3845 Providentia
2795 3791 2845 3842 id
2880 3791 3085 3844 utiliter
3114 3793 3482 3859 permittente.
3528 3791 3670 3845 Deus
3693 3791 3848 3846 enim
3885 3792 4011 3861 ipse

2403 3884 2639 3936 Marcum
2679 3883 2996 3948 populorum
3029 3893 3078 3934 et
3114 3884 3356 3950 gentium
3389 3881 3676 3934 multarum
3714 3893 4008 3949 pastorem

2404 3991 2468 4030 ac
2509 3974 2822 4043 magistrum
2851 3984 3141 4027 creaturos
3171 3983 3292 4026 erat
3327 3972 3394 4024 ³³.

2475 4064 2638 4119 XVII.
2677 4066 2783 4119 Sed
2807 4079 2967 4118 nemo
2999 4066 3374 4134 imprudenter
3402 4065 3621 4134 preprio
3652 4062 3855 4119 affectu
3887 4081 4010 4120 me-

2415 4158 2600 4220 tiatur,
2661 4156 2804 4224 quod
2853 4165 2936 4210 cst
2990 4156 3042 4208 in
3098 4171 3252 4209 sacra
3303 4157 3371 4208 de
3409 4154 3801 4223 Apost-dorum
3861 4157 4008 4208 actis

2406 4251 2656 4308 historia,
2697 4264 2804 4317 quo
2839 4250 2959 4302 loco
3012 4249 3079 4303 de
3127 4248 3292 4302 Paulo
3331 4260 3384 4303 et
3432 4247 3684 4302 Barnaba
3738 4259 4014 4302 narratur

2405 4345 2566 4398 illml:
2601 4341 2764 4396 Facta
2795 4351 2880 4396 est
2911 4342 3182 4395 dissensio
3218 4341 3291 4394 ita
3328 4351 3386 4394 nt
3418 4343 3769 4396 discederent
3801 4344 3876 4394 ab
3919 4343 4012 4395 in-

2405 4436 2598 4490 vicem.
2639 4434 2754 4488 Non
2781 4435 2926 4488 enim
2975 4435 3040 4486 ad
3081 4435 3182 4487 hoc
3211 4433 3507 4487 iracundiae
3541 4444 3634 4486 aut
3663 4431 3877 4488 furoris
3924 4433 4015 4486 af-

713 4547 766 4590 ct
798 4534 1058 4589 miracula
1101 4530 1364 4588 facientes
1397 4546 1410 4580 :
1467 4542 1574 4597 quo
1631 4536 1870 4594 tempore
1905 4526 2153 4603 Elymam
2191 4542 2290 4582 ex-
2327 4509 2370 4564 Ῑ)
2403 4525 2546 4579 fectu
2579 4523 2798 4592 impulsi
2856 4531 2984 4574 sunt
3056 4521 3262 4575 Christi
3299 4522 3530 4589 apostoli
3584 4521 3839 4592 (minime
3902 4523 4014 4576 hoc

713 4637 991 4684 carcarunt
1030 4637 1085 4678 et
1117 4623 1498 4688 proconsulem
1551 4620 1800 4689 Sergium
1835 4619 2060 4672 Paulum
2094 4619 2200 4675 ﬁde
2231 4621 2295 4674 il-

715 4721 1049 4774 luminarunt
1085 4717 1150 4768 ’⁸.

752 4809 870 4862 ΧΥ.
892 4806 1084 4859 Postea
1105 4818 1410 4871 veroquam
1426 4803 1624 4856 multos
1644 4803 1706 4854 ad
1722 4803 1926 4857 Christi
1947 4801 2292 4870 disciplinam

715 4908 1118 4957 converterunt,
1168 4912 1197 4948 e
1227 4896 1405 4964 Cypro
1430 4896 1794 4956 discedentes,
1825 4904 2091 4948 venerunt
2132 4891 2296 4946 Ριιιιι-

717 4992 976 5059 phyliam.
1012 4987 1144 5043 Cum
1188 5003 1316 5040 vero
1353 4985 1573 5040 Marcus
1607 4990 1720 5056 ipse
1760 4986 2040 5056 apostolos
2075 4985 2304 5039 vidisset

718 5099 816 5148 ιιι-ι)
845 5082 1118 5149 Evangelii
1147 5082 1529 5150 praedicatione
1562 5080 1802 5146 Pericula
1848 5082 2170 5142 subeuntes,
2206 5095 2297 5132 ne-

715 5187 822 5240 que
855 5171 1043 5224 honori
1077 5172 1376 5234 studentes,
1414 5172 1505 5224 sed
1537 5171 1756 5222 brevem
1780 5179 1834 5222 et
1860 5169 2122 5221 caducam
2160 5169 2300 5221 hanc

715 5263 944 5330 gloriam
996 5264 1454 5330 ilct‘clittqn:‘ntes,
1501 5263 1565 5314 ad
1601 5263 1798 5314 bellum
1827 5272 2014 5312 contra
2051 5261 2297 5314 infideles

723 5358 973 5409 homines
1027 5356 1431 5422 sosripirndnm
1461 5369 1777 5422 primerare,
1809 5354 1924 5421 ipse
1953 5353 2017 5404 ad
2061 5351 2300 5418 pericula

717 5449 999 5500 subeunda
1036 5446 1341 5499 claudicare
1391 5447 1574 5512 impii,
1613 5445 1811 5511 qu3ppe
1861 5444 1952 5511 qui
1989 5442 2305 5495 adolescrns

718 5551 836 5592 rtat
874 5537 1273 5601 forniidolosns,
1319 5550 1370 5588 rt
1428 5539 1926 5604 inlirtnim'.'quam
1973 5549 2031 5589 ιιι
2077 5548 2300 5588 inertem

790 5734 833 5773 ⁸⁸
868 5735 1050 5787 Mittit.
1106 5754 1176 5797 \t,
1225 5737 1312 5787 ‘2‘}.
1397 5739 1436 5766 τί

720 5808 926 5875 istim.
1006 5808 1049 5835 -‘"
1085 5811 1203 5861 .-‘.«-!.
1367 5810 1380 5857 ι
1427 5821 1578 5873 seqq.

1506 5740 1608 5788 Set.
1645 5751 1715 5790 τι,
1749 5735 1832 5786 Ii.
1914 5737 1956 5764 μ
1987 5737 2160 5785 fidit.
2201 5750 2253 5782 ll.
2308 5735 2353 5784 l.

1661 5808 1696 5834 ³⁸
1749 5808 2136 5875 ιΙιεηΙῶΒΑη-ςη,
2221 5805 2259 5831 πθ
2291 5805 2484 5873 πίεν»
2530 5820 2599 5867 In,

2403 4631 2502 4670 nos
2553 4614 2896 4684 cogitemus);
2936 4627 3060 4665 nam
3117 4613 3209 4681 qui
3263 4628 3483 4666 carnem
3535 4627 3657 4666 cum
3709 4609 4015 4666 affectibus

2401 4717 2456 4760 et
2503 4706 2894 4774 cupiditatibus
2925 4705 3334 4766 crttcitixernnt,
3372 4704 3462 4771 qui
3517 4717 3647 4754 voce
3679 4716 3885 4767 magna
3923 4701 4011 4755 sic

2402 4815 2593 4854 Otttncs
2623 4798 2847 4851 Christo
2875 4797 3161 4849 credentes
3193 4796 3553 4847 adinonebant
3584 4808 3598 4844 :
3627 4791 3820 4846 Omnis
3853 4811 4017 4845 mim-

2406 4892 2602 4953 ritndo,
2628 4900 2674 4943 et
2707 4890 2806 4949 ira,
2837 4899 2885 4941 et
2917 4887 3238 4954 indignatio,
3268 4899 3315 4938 et
3345 4886 3566 4944 rlnmor.
3593 4896 3639 4937 et
3670 4885 4016 4950 blasphemia

2407 4983 2628 5037 tollatur
2659 4999 2688 5035 rt
2733 4983 2869 5036 vobis
2919 4997 3037 5033 cum
3085 4981 3228 5032 omni
3264 4979 3473 5030 malitia
3503 4979 3588 5041 ³³;
3625 4977 3720 5046 qni
3757 4979 3880 5030 ticri
3909 4993 4019 5044 po-

2409 5084 2533 5140 test,
2573 5084 2627 5127 ιιι
2675 5075 2748 5126 illi
2783 5075 2882 5140 ipsi
2923 5076 2974 5125 in
3011 5071 3318 5137 hujusmodi
3350 5070 3605 5122 allectum
3650 5071 3954 5122 inciderint
3993 5070 4018 5121 2

2410 5168 2628 5223 Scimus
2655 5177 2859 5231 autem,
2914 5177 2969 5219 et
3008 5181 3073 5218 ex
3106 5164 3304 5218 divinis
3337 5162 3558 5216 Litteris
3591 5164 4019 5216 dissensionum

2413 5263 2783 5316 diversitatem
2836 5260 3210 5328 cognovimus.
3260 5270 3315 5309 et
3353 5271 3538 5311 vocem
3579 5257 3719 5309 hanc
3754 5258 4018 5325 παροξυ-

2415 5351 2550 5422 σμὶς
2590 5351 2638 5401 in
2673 5352 2868 5402 itmt'lll't
2908 5357 3119 5415 partem
3165 5345 3336 5412 accipi
3369 5345 3610 5414 solitam,
3643 5353 3702 5394 nt
3756 5360 3881 5393 cum
3933 5345 4024 5394 ait

2414 5442 2706 5512 Apostolus
2751 5461 2764 5497 :
2805 5439 3206 5495 Considcremns
3249 5438 3591 5503 noanmipsos
3644 5436 3696 5486 in
3748 5452 4024 5502 prerat":—

2416 5539 2555 5588 tione
2583 5534 2883 5594 dimittitis,
2915 5543 2964 5585 c.’
2993 5536 3242 5584 bonarum
3272 5546 3487 5598 operam
3521 5528 3590 5580 ³³.
3637 5527 3788 5581 Τ--ἷίὲ
3832 5529 3905 5579 lui
3965 5541 4024 5582 et

2435 5733 2476 5761 ³⁷
2518 5733 2632 5783 ΑΝ·
2680 5748 2758 5785 λτ.
2795 5731 2883 5776 ῗίί
2969 5731 3006 5759 ³³
3061 5730 3150 5782 Ar?
3215 5732 3382 5785 VHL‘i
3422 5742 3573 5797 εἰεΗ-
3661 5728 3836 5781 ξδιὶ
3899 5741 4026 5794 ai“:

2634 5781 2758 5854 si}
2803 5804 2845 5832 ετ
2881 5772 3136 5857 Hebr}.
3174 5775 3265 5856 ειμ
