4228 6442
251 400 387 464 I097

248 605 333 659 lus
371 607 515 659 enim
553 617 867 661 accuratam
908 623 1196 664 censuram
1233 614 1569 681 requirebat,
1607 624 1832 683 aposto-

249 699 367 749 lica).
399 700 724 766 professioni
757 705 1209 758 convenientem:
1265 705 1541 760 Barnabas
1590 723 1720 759 vero
1766 709 1832 761 ad

250 794 644 846 humanitatem
673 796 992 861 propensior
1025 807 1140 849 erat
1169 811 1184 859 ;
1222 798 1579 866 quamobrem
1610 810 1666 854 et
1695 800 1832 854 Mar-

247 899 371 936 cum
403 901 586 938 secum
627 887 852 949 habens,
884 890 936 941 in
965 889 1199 960 Cyprum
1226 892 1499 960 navigavit
1525 892 1591 948 “.

320 973 562 1032 XXVIII.
596 978 841 1047 Cumque
869 997 987 1032 eam
1019 983 1247 1035 insulam
1282 993 1448 1036 totam
1469 993 1830 1053 peragrasset,

247 1070 477 1136 populos
501 1070 700 1124 multos
750 1073 816 1124 ad
873 1071 1073 1127 Christi
1120 1074 1276 1128 ﬁdem
1311 1075 1597 1142 convertit,
1631 1086 1686 1129 et
1736 1079 1830 1128 Sa-

249 1159 510 1217 laminam
553 1166 720 1229 venit,
755 1167 842 1219 ubi
893 1168 1164 1236 paulisper
1222 1179 1465 1222 moratus
1511 1179 1614 1233 est,
1667 1171 1834 1224 eileus

249 1256 538 1320 miracula,
594 1269 648 1311 et
710 1261 1014 1326 praedicans
1076 1277 1298 1328 regnum
1358 1261 1504 1314 Dei:
1569 1277 1674 1330 quo
1715 1265 1834 1316 loco

249 1350 423 1402 turba:
457 1350 638 1404 inulta:
676 1352 743 1405 ad
773 1352 976 1406 Christi
1011 1354 1167 1406 ﬁdem
1213 1365 1583 1409 accesserunt.
1641 1357 1832 1423 DiSpu-

248 1441 398 1494 tabat
427 1453 609 1497 autem
634 1459 756 1498 cum
781 1443 982 1500 .ludteis
1016 1445 1068 1499 in
1099 1463 1366 1517 synagoga
1403 1449 1654 1502 onmilms
1693 1447 1831 1501 Sab-

245 1531 411 1596 batis,
476 1536 781 1591 divinarum
854 1537 1183 1592 Litterarum
1259 1539 1585 1593 testimoniis
1647 1537 1832 1592 Jcsnm

246 1622 532 1681 Christmn
567 1629 718 1684 illum
754 1645 878 1684 esse
916 1632 1176 1698 probans,
1206 1647 1365 1700 quem
1398 1631 1540 1686 Deus
1569 1632 1835 1701 promise-

247 1729 356 1771 rat.
391 1719 594 1774 Omnes
630 1733 812 1776 autem
849 1722 1156 1778 Barnabam
1191 1724 1582 1777 reverebantur
1614 1735 1834 1792 propter

242 1809 488 1864 divinam
542 1811 834 1879 quamdam
877 1813 1240 1877 honestatem,
1287 1827 1406 1881 quze
1456 1814 1506 1865 in
1547 1812 1689 1865 illius
1743 1829 1830 1866 as-

241 1915 401 1972 pectu
435 1906 671 1975 vigebat.
711 1907 842 1960 Erat
889 1907 1031 1961 enim
1066 1907 1177 1961 oris
1211 1911 1391 1976 specie
1434 1907 1591 1962 valde
1621 1911 1827 1976 gravis,

242 1998 435 2052 habitu
478 2014 542 2053 ac
575 2010 722 2052 veste
762 1999 1049 2052 admodum
1078 2002 1248 2061 tenui,
1281 2002 1581 2067 cujusmodi
1611 2002 1828 2055 illorum

239 2108 350 2158 est,
375 2097 464 2163 qui
493 2095 716 2150 delicias
745 2096 1088 2163 abjicieates,
1110 2098 1161 2150 in
1192 2097 1406 2150 virtutis
1435 2097 1830 2151 exercitatione

241 2199 557 2242 versantur.
619 2188 749 2242 Erat
806 2190 1115 2257 superciliis
1168 2191 1492 2253 contractis,
1547 2200 1600 2243 et
1657 2189 1828 2243 oculis

241 2281 576 2335 hilaritatem
611 2297 722 2350 prae
752 2297 812 2337 se
845 2281 1167 2348 ferentibus,
1211 2298 1316 2336 non
1352 2293 1562 2336 torvum
1599 2282 1822 2349 aliquid,

239 2376 338 2428 sed
363 2387 531 2442 grave
563 2374 821 2443 quiddam
851 2376 903 2428 in
939 2389 998 2429 se
1045 2375 1394 2440 habentibus,
1430 2383 1480 2427 et
1514 2382 1829 2427 reverenter

239 2467 535 2519 admodum
589 2467 848 2521 deorsum
901 2468 1294 2534 spectantibus.
1332 2467 1456 2520 Oris
1484 2467 1742 2520 honestas
1775 2477 1828 2520 et

240 2559 394 2611 labra
428 2558 649 2621 decora,
684 2556 860 2611 mellis
887 2559 1216 2612 suavitatem
1264 2557 1605 2621 distillantia,
1642 2557 1694 2609 in
1730 2571 1827 2610 eo-

239 2651 365 2706 dem
411 2650 504 2703 illo
529 2649 764 2703 inerant.
796 2649 910 2702 Non
966 2651 1112 2704 enim
1168 2647 1369 2716 aliquid
1416 2663 1655 2717 unquam
1699 2664 1823 2716 pro-

240 2743 553 2804 nuntiabat,
582 2740 722 2810 quod
750 2743 887 2794 l'oret
911 2754 1400 2808 supervacaneum.
1429 2740 1556 2808 Ejus
1583 2740 1828 2794 incessus

235 2833 595 2901 compositus,
630 2839 684 2886 et
714 2831 781 2886 ab
811 2832 1178 2884 ostentatione
1210 2831 1440 2895 alienus,
1475 2839 1620 2884 totus
1653 2831 1822 2884 deni—

235 2941 347 2993 que
384 2927 534 2978 omni
563 2939 627 2979 ex
669 2934 824 2994 parte
865 2923 1140 2991 apostolus
1181 2922 1460 2977 Barnabas
1514 2933 1630 2977 erat
1695 2931 1824 2981 tan-

235 3033 405 3088 quam
442 3027 585 3072 reeta
628 3015 874 3086 quaedam
900 3015 994 3070 Dei
1030 3013 1309 3080 columna,
1350 3013 1592 3068 omnium
1632 3014 1810 3066 virtu-

240 3124 354 3164 tum
383 3109 636 3174 splendor
660 3109 903 3163 illustris.

312 3202 454 3256 ΧΙΧ.
491 3203 590 3258 Hic
629 3219 752 3257 cum
782 3205 832 3256 in
863 3201 994 3255 urbe
1029 3200 1308 3255 Salamina
1368 3198 1569 3253 Christi
1623 3197 1824 3268 prtedi-
1853 3221 1897 3280 ο

234 3298 508 3352 cntionem
545 3298 785 3361 deceret,
823 3302 1094 3350 venerunt
1125 3309 1156 3347 e
1187 3291 1342 3362 Syria
1380 3290 1548 3344 Judaei
1578 3291 1822 3358 quidam,

235 3391 333 3461 qui
361 3389 650 3444 maledicta
674 3379 736 3442 in
772 3403 894 3442 eum
931 3387 1311 3456 conjicientes,
1345 3399 1574 3455 qua-que
1613 3385 1681 3438 ab
1734 3385 1826 3440 illo

235 3483 568 3540 dicebantur
632 3490 1029 3551 oppugnantes,
1113 3478 1324 3531 turbam
1387 3487 1584 3531 contra
1646 3476 1820 3545 ipsmu

235 3577 642 3639 excitaverunt,
681 3573 1037 3628 criminantes
1086 3570 1220 3624 nihil
1276 3570 1389 3623 veri
1440 3572 1507 3623 ab
1565 3585 1629 3623 co
1681 3568 1824 3624 dici:

239 3672 342 3726 sed
373 3683 534 3737 quem
562 3668 680 3736 ipse
715 3665 900 3719 .lesum
931 3664 1207 3718 Christum
1256 3662 1426 3718 fuisse
1443 3663 1668 3724 diceret,
1704 3677 1825 3714 eum

231 3765 488 3818 fallacem
534 3759 823 3830 quemdam
861 3759 1160 3820 hominem,
1196 3765 1248 3810 et
1281 3756 1389 3810 Deo
1458 3758 1555 3823 ipsi
1611 3768 1827 3811 contra-

232 3856 381 3910 rium
411 3853 599 3916 fuisse,
641 3850 835 3920 legem,
869 3850 1163 3918 prophetas
1189 3856 1241 3900 et
1274 3846 1494 3899 Sabbati
1527 3847 1825 3900 observan-

237 3952 381 4004 tiam
420 3946 824 4016 reprobantem.
867 3944 1028 3995 Iidem
1063 3951 1117 3995 et
1153 3940 1422 3994 Barnaba:
1458 3941 1822 3995 interﬁciendi

229 4038 704 4110 opportunitatem
752 4034 1131 4088 observabant.
1167 4032 1402 4086 Sanctus
1449 4048 1575 4085 vero
1625 4033 1824 4086 Christi

229 4127 522 4197 apostolus
562 4123 866 4186 Barnabas,
895 4138 1016 4175 cum
1076 4135 1269 4175 omnes
1335 4123 1534 4175 fratres
1593 4137 1823 4188 congre-

229 4229 420 4292 gasset
450 4237 463 4275 :
495 4216 619 4278 Vos.
654 4217 850 4286 inquit,
885 4215 1038 4268 scitis
1067 4214 1338 4282 quomodo
1396 4231 1497 4265 una
1543 4215 1822 4268 vobiscum

227 4313 388 4369 oruni
412 4322 654 4380 tempore
679 4318 928 4364 versatus
963 4305 1178 4370 luerim,
1239 4320 1684 4375 unumquemque
1711 4307 1825 4359 ad-

232 4419 468 4459 monens
492 4414 548 4457 et
583 4403 829 4465 hortans,
863 4410 921 4451 ut
949 4398 1001 4452 in
1069 4397 1242 4466 gratia
1274 4405 1328 4451 et
1385 4396 1595 4450 Domini
1654 4397 1823 4451 nostri

228 4498 369 4554 Jesu
403 4496 608 4551 Christi
665 4494 769 4548 ﬁde
815 4500 1136 4547 constanter
1198 4490 1586 4558 permaneatis,
1623 4500 1676 4544 et
1707 4491 1822 4558 ejus

229 4602 507 4668 praecepta
535 4588 864 4651 observetis,
898 4597 953 4640 et
987 4585 1052 4639 ab
1081 4584 1224 4637 oumi
1267 4599 1434 4652 pravo
1466 4599 1630 4652 opere
1670 4600 1821 4637 men-

231 4699 345 4742 tem
377 4696 430 4739 et
454 4678 990 4738 manuscobibeatis.
1047 4676 1291 4743 Namque
1353 4688 1570 4745 oportet
1632 4693 1823 4730 omnes

231 4796 338 4835 nos
368 4778 485 4832 sisti
516 4786 644 4830 ante
681 4774 913 4827 tribunal
943 4771 1142 4826 Christi
1173 4771 1241 4833 ³⁵,
1299 4779 1358 4821 ιιι
1394 4769 1618 4835 recipiat
1659 4784 1825 4822 unus-

227 4873 476 4942 quisque
539 4867 758 4936 propria
811 4864 1060 4931 corporis
1113 4863 1219 4928 sui,
1269 4876 1388 4930 quae
1449 4859 1656 4924 let-erit,
1713 4861 1827 4913 sive

228 4968 404 5027 bona,
440 4960 553 5014 sive
584 4959 725 5012 mala
762 4977 774 5011 :
811 4957 1053 5025 praeterit
1085 4955 1229 5008 enim
1272 4953 1441 5023 ﬁgura
1477 4954 1659 5006 mundi
1725 4955 1826 5007 Iltl-

223 5059 346 5125 jus,
376 5063 430 5105 et
465 5051 729 5104 Dominus
768 5056 1029 5101 venturus
1060 5055 1143 5098 est
1185 5046 1249 5098 de
1305 5045 1444 5098 cwlo
1473 5044 1719 5110 judicare
1749 5047 1827 5097 vi-

227 5160 336 5200 vos
368 5154 420 5196 et
452 5152 718 5195 mortuos.
750 5139 926 5192 Nolite
953 5137 1456 5208 igiturnegligentes
1478 5152 1619 5202 esse,
1652 5139 1829 5190 scien-

231 5252 344 5303 tes,
387 5236 529 5304 quod
565 5249 668 5302 qua
705 5233 835 5286 hora
875 5247 982 5284 non
1037 5230 1254 5298 putatis,
1330 5229 1591 5282 Dominus
1649 5240 1830 5282 noster

229 5331 424 5386 veniet
455 5327 520 5378 ".
553 5325 850 5380 Airunmas
899 5332 954 5377 et
987 5323 1206 5376 labores
1242 5322 1477 5375 libenter
1514 5321 1828 5389 perferatis,

228 5425 405 5482 corda
440 5432 616 5476 vestra
652 5434 745 5487 spe
772 5415 1188 5479 conﬁrmantes,
1222 5416 1364 5484 quod
1420 5415 1688 5468 adventus
1722 5415 1824 5467 Do-

232 5519 374 5575 mini
406 5530 571 5586 prope
597 5514 687 5568 sit.
727 5509 1103 5565 llecordetnini
1133 5524 1253 5577 qure
1281 5507 1432 5561 vobis
1485 5523 1627 5576 sirpe
1693 5508 1826 5570 dixi,

231 5611 530 5681 ντδεδεςυιὶε
575 5608 696 5659 vine
737 5620 847 5668 res,
905 5603 1019 5657 sive
1078 5615 1373 5671 prospera),
1429 5603 1541 5654 site
1593 5603 1834 5654 adversa:

232 5709 375 5768 sint,
408 5705 599 5756 breves
629 5710 681 5752 et
713 5699 946 5752 eminens
976 5710 1117 5760 esse,
1177 5696 1468 5764 omniaque
1532 5693 1644 5748 Iure
1688 5695 1833 5748 Cele-

315 5883 360 5914 ³⁸
390 5881 511 5934 Act.
550 5894 639 5940 xv,
674 5877 742 5932 39
817 5877 858 5908 ³⁸
896 5876 933 5929 ll
976 5875 1098 5929 (for.
1132 5890 1178 5929 v.
1225 5875 1305 5927 ευ.

1240 411 1628 471 LAUDATIO
1673 413 1752 472 IN
1793 413 2044 474 APOST.
2096 418 2524 482 ΒᾹΠΧΑΒᾹΜ.

245 515 506 582 apostolis
534 515 827 570 tIIsbIdelllII
869 518 1026 579 ratio,
1076 519 1176 573 hoc
1208 532 1313 585 est,
1349 523 1438 576 Dei
1479 524 1649 578 zelus.
1680 525 1821 576 Pau-
1855 533 1898 584 Α
1932 529 2062 582 riter
2126 532 2400 598 prazterire

1388 5873 1422 5905 δι
1484 5873 1610 5926 an.
1647 5890 1739 5926 κιρ.
1782 5873 1859 5926 1-3.

3380 426 3522 490 4098

2443 553 2455 584 ε
2513 535 2678 586 l‘uturi
2724 550 2852 590 vero
2926 538 3071 592 illius
3133 539 3312 593 sarculi
3381 540 3522 597 bona

1939 633 2152 688 semper
2173 621 2225 673 in
2251 623 2439 675 eodem
2467 633 2610 676 statu
2641 640 2987 691 permanere,
3019 641 3221 684 arterna
3274 639 3328 684 ct
3359 633 3521 686 ﬁnem

1940 711 2145 764 nullum
2183 713 2457 770 habentia.
2511 714 2700 784 Neque
2754 719 2898 772 enim
2966 737 3194 790 regnum
3258 723 3521 777 cwlornnt

1938 805 2230 872 aliquando
2257 808 2536 872 prteterire
2577 811 2774 876 poterit
2812 829 3030 879 :neque
3085 813 3348 880 judicium
3389 816 3520 868 illud

1939 897 2096 950 ﬁnem
2133 898 2372 960 habebit,
2411 903 2505 954 sed
2560 918 2774 971 semper
2803 907 2927 967 erit,
2965 906 3047 959 his
3086 907 3178 975 qtti
3240 911 3517 976 peccando

1938 989 2101 1040 vitam
2133 1002 2532 1057 transegerunt,
2573 995 2937 1049 immortalem
2981 1011 3197 1065 pcenam
3252 998 3509 1056 allerens.

1937 1091 1990 1134 et
2024 1082 2181 1134 linem
2237 1084 2437 1137 tmllum
2479 1086 2810 1140 habituram.
2855 1087 2983 1143 Date
3043 1090 3212 1159 igitur
3271 1105 3514 1158 operam,

1939 1185 1998 1228 ιιι
2028 1175 2145 1228 sine
2172 1177 2326 1246 culpa
2355 1190 2404 1232 et
2437 1178 2555 1231 labe
2593 1179 2645 1232 in
2695 1180 2780 1232 die
2839 1181 2932 1234 illo
2981 1193 3226 1236 extremo
3277 1183 3520 1236 invenia-

1938 1269 2092 1329 mini,
2129 1284 2194 1321 ne
2228 1270 2278 1322 in
2311 1272 2614 1338 gehennam
2654 1274 3042 1342 sempiternam
3094 1275 3380 1329 dceidatis.
3412 1275 3521 1328 Me-

1940 1362 2108 1413 moria
2148 1365 2396 1429 repetite,
2435 1375 2562 1431 quot
2596 1366 2748 1433 signa
2779 1375 2833 1419 et
2867 1367 3106 1435 prodigia
3139 1383 3235 1435 per
3285 1384 3368 1421 me
3400 1381 3518 1421 scr-

1938 1467 2060 1504 vum
2088 1467 2246 1504 suum
2287 1452 2425 1505 Deus
2465 1455 2579 1520 ipse
2616 1458 2757 1524 apud
2789 1473 2885 1510 vos
2907 1457 3170 1523 ellecerit,
3220 1469 3273 1511 et
3302 1475 3396 1525 pro
3434 1475 3519 1512 tne

1941 1542 2103 1597 Deum
2133 1554 2305 1597 orate.
2359 1544 2470 1613 Ego
2526 1548 2669 1598 enim
2705 1549 2929 1615 jamjam
2972 1549 3338 1602 immolandus
3372 1566 3515 1613 sum,

1935 1643 1989 1687 ct
2023 1645 2232 1701 tempus
2265 1637 2392 1688 illud
2421 1653 2586 1706 prope
2613 1648 2719 1701 est.
2753 1656 2861 1706 quo
2894 1643 2959 1694 ab
2997 1642 3098 1694 hoc
3151 1657 3380 1709 corpore
3409 1642 3519 1696 dis-

1936 1726 2222 1778 solvendus
2252 1742 2390 1790 sum,
2425 1730 2562 1780 sicut
2598 1729 2856 1782 Dominus
2884 1742 3070 1783 noster
3093 1729 3248 1784 Jesns
3265 1732 3517 1788 Christus

1939 1817 2068 1868 mihi
2108 1818 2453 1885 signiﬁcavit.
2485 1817 2690 1872 Bonum
2721 1832 2989 1874 certamen
3049 1825 3268 1890 certavi,
3303 1841 3516 1877 cursum

1937 1912 2318 1972 consummavi,
2341 1911 2493 1977 ﬁdem
2518 1915 2724 1967 servari
2753 1932 2771 1968 .'
2811 1932 2950 1968 nunc
2982 1916 3214 1981 reposita
3269 1918 3393 1969 mihi
3428 1918 3514 1970 'est

1933 2019 2124 2056 corona
2150 2003 2396 2071 justitiw,
2432 2023 2532 2058 non
2561 2006 2729 2058 solum
2763 2018 2941 2060 autem
2975 2011 3105 2061 mihi
3140 2010 3230 2062 sed
3260 2021 3310 2063 et
3342 2011 3514 2062 omni-

1932 2095 2025 2150 bus
2054 2096 2144 2165 qui
2180 2107 2391 2164 propter
2429 2094 2628 2150 Christi
2661 2098 3037 2167 confessionem
3065 2109 3324 2154 certamen
3352 2103 3516 2154 susti-

1933 2186 2141 2236 uucrint
2172 2186 2238 2238 ³⁷.

2003 2276 2122 2330 XX.
2162 2276 2283 2331 llzce
2307 2293 2427 2332 cum
2464 2279 2712 2345 dixisset,
2743 2297 2849 2335 una
2880 2297 3002 2336 cum
3036 2283 3293 2338 omnibus
3345 2283 3514 2338 Deum

1931 2369 2492 2437 oravitnunltusque
2547 2373 2706 2426 lletns
2757 2373 3039 2426 hominum
3104 2374 3322 2439 luit,eo
3370 2377 3513 2444 quod

1932 2463 2216 2531 Apostolus
2251 2463 2338 2516 ille
2371 2464 2589 2516 dixerat
2651 2473 2866 2532 tempus
2920 2481 3086 2534 prope
3145 2482 3288 2531 esse,
3350 2482 3514 2536 quoa

1931 2569 2158 2622 corpore
2187 2554 2567 2609 dissolvendus
2599 2556 2760 2614 foret.
2793 2558 3075 2614 Barnabas
3105 2575 3235 2613 vero
3265 2576 3388 2614 cum
3417 2576 3514 2630 pa-

1931 2660 2052 2699 nem
2087 2655 2140 2699 et
2184 2646 2406 2700 calicem
2471 2650 2817 2718 sumpsisset,
2866 2663 2922 2706 et
2986 2653 3154 2706 divini
3214 2653 3509 2707 ministerii

1929 2738 2174 2792 ordinem
2234 2750 2400 2793 totum
2443 2743 2847 2809 complevisset,
2908 2760 3012 2798 una
3071 2762 3194 2798 cum
3255 2743 3516 2798 fratribus

1931 2831 2198 2897 particeps
2233 2831 2409 2885 factus
2432 2842 2514 2886 est
2571 2833 2924 2888 Eueharistia:
2971 2837 3373 2905 mysteriorum.
3399 2834 3516 2900 Quo

1930 2922 2074 2976 facto
2114 2922 2354 2977 Marcum
2384 2940 2567 2980 secum
2607 2927 2812 2980 habens
2851 2930 3100 2989 secessit,
3134 2938 3189 2981 et
3235 2927 3336 2996 ipsi
3367 2941 3520 2980 seor-

1929 3029 2048 3067 sum
2083 3014 2264 3068 dixit:
2307 3015 2473 3067 llodie
2525 3016 2825 3070 inﬁdelium
2884 3017 3199 3072 .ludaaorum
3269 3018 3519 3070 manibus

1932 3122 2018 3162 me
2046 3109 2413 3161 consummari
2451 3118 2706 3175 oportet:
2745 3119 2799 3161 tu
2840 3125 2966 3163 vero
3018 3119 3171 3162 extra
3237 3109 3517 3162 civitatem

1931 3199 2269 3252 occidentem
2307 3213 2495 3252 versus
2537 3200 2815 3265 egredere,
2854 3208 2909 3253 et
2974 3215 3172 3268 corpus
3215 3214 3397 3252 meum
3429 3197 3518 3252 in-

1936 3291 2118 3344 venies
2157 3309 2168 3344 :
2206 3292 2345 3358 quod
2411 3306 2531 3346 cum
2590 3291 2899 3359 sepelieris,
2936 3291 3021 3344 cvi
3055 3306 3083 3343 e
3112 3290 3315 3360 Cypro.
3345 3299 3400 3344 et
3449 3287 3518 3343 ad

1932 3382 2156 3436 Paulum
2189 3382 2558 3451 proﬁciscere,
2592 3392 2646 3435 et
2685 3393 2804 3435 esto
2841 3399 2963 3435 cum
3012 3381 3121 3445 illo,
3171 3383 3350 3450 quoad
3412 3381 3516 3435 Do-

1934 3477 2111 3528 minus
2145 3490 2234 3529 res
2303 3485 2424 3528 tuas
2472 3475 2807 3543 disposuerit
2865 3492 2878 3526 :
2924 3475 3166 3528 luturum
3207 3475 3348 3529 enitn
3409 3481 3512 3534 est.

1933 3579 1990 3623 ut
2026 3583 2218 3622 numen
2250 3585 2428 3622 unum
2459 3583 2556 3637 per
2611 3576 2782 3620 totum
2855 3569 3043 3622 orbem
3107 3578 3373 3623 terrarum
3433 3566 3517 3621 di-

1932 3663 2201 3730 vulgetur.

2004 3752 2144 3807 ΧΧΙ.
2179 3755 2306 3808 l’ost
2343 3754 2455 3807 ha'c
2505 3754 2785 3823 ingressus
2810 3761 2887 3806 est
2929 3751 3206 3805 Barnabas
3245 3752 3294 3805 iu
3355 3766 3515 3821 syna-

1932 3865 2142 3922 gogam,
2170 3861 2222 3903 et
2269 3847 2486 3901 .lndzeos
2532 3849 2675 3915 ipsos
2728 3849 2975 3910 docebat,
3011 3846 3116 3900 illis
3176 3845 3516 3914 persuadere

1931 3945 2152 3997 studens
2217 3941 2502 3994 Dominum
2539 3941 2718 3993 Iesum
2777 3955 2898 3993 esse
2954 3938 3230 3991 Clu-istum
3287 3938 3519 3992 viventis

1932 4036 2023 4089 Dei
2056 4034 2270 4088 Filium.
2305 4033 2380 4085 llli
2428 4049 2552 4085 vero
2577 4029 2770 4095 Judaei,
2808 4031 2901 4099 qui
2931 4045 2961 4085 e
2987 4030 3142 4100 Syria
3179 4030 3306 4083 illnc
3359 4044 3515 4084 vene.

1932 4138 2075 4194 rant,
2116 4130 2300 4182 l'ttrore
2357 4127 2569 4194 perciti,
2623 4139 2653 4178 e
2718 4140 2994 4195 synagoga
3047 4131 3426 4189 surrexerunt,
3464 4131 3519 4176 et

1930 4222 2182 4276 manibus
2207 4221 2256 4273 in
2288 4234 2408 4272 eum
2434 4219 2714 4284 conjectis,
2782 4218 2834 4271 in
2895 4218 3184 4271 obscuram
3223 4216 3518 4285 quamdam

1934 4329 2221 4384 synagogm
2256 4311 2397 4364 illius
2434 4310 2622 4364 cellam
2675 4326 2846 4378 usque
2885 4312 2949 4362 ad
3015 4309 3236 4362 multam
3301 4316 3518 4361 noctem

1931 4406 2323 4459 custodierunt.
2357 4401 2602 4470 Cumque
2656 4402 2807 4454 illtun
2869 4401 3208 4465 eduxissent,
3240 4409 3292 4454 et
3332 4398 3517 4452 multis

1932 4495 2265 4548 cruciatibus
2291 4493 2623 4556 allec-issent,
2675 4505 2950 4562 postremo
3012 4493 3206 4546 nefarii
3269 4492 3519 4546 homines

1928 4589 2178 4640 eumdem
2211 4585 2613 4653 lapidaveruut,
2681 4595 2743 4639 et
2800 4599 3032 4638 accenso
3089 4600 3218 4652 rogo
3282 4583 3516 4651 quodam

1931 4693 2146 4747 magno,
2186 4677 2398 4730 beatum
2432 4677 2699 4731 Barnaba:
2737 4693 2940 4745 corpus
2968 4679 3020 4729 in
3073 4692 3195 4729 eum
3267 4675 3520 4742 conjece-

1931 4781 2078 4831 runt,
2107 4779 2165 4820 ut
2205 4769 2364 4821 nulla:
2401 4769 2572 4834 ipsius
2607 4769 2856 4837 reliquiae
2929 4776 3300 4834 superessent.
3333 4765 3552 4839 Divina

1930 4877 2059 4915 vero
2081 4860 2429 4914 Providentia
2464 4859 2667 4914 factum
2699 4871 2808 4923 est,
2839 4871 2896 4912 ut
2927 4861 3154 4928 apostoli
3215 4874 3412 4926 corpus
3445 4857 3523 4910 in-

1935 4964 2140 5024 tegrum
2168 4967 2538 5020 permaneret,
2577 4970 2752 5023 neque
2786 4955 2854 5006 ab
2895 4955 3017 5021 igne
3060 4954 3176 5022 ipso
3213 4953 3520 5004 hederctur.

1938 5045 2150 5099 Marcus
2183 5046 2364 5114 igitur,
2403 5057 2459 5098 ut
2490 5045 2770 5098 Barnabas
2838 5055 3195 5114 pra-ceperat,
3248 5053 3397 5096 extra
3432 5059 3523 5094 nr-

1944 5138 2063 5190 bem
2102 5153 2354 5206 egressus
2409 5139 2751 5192 occidentem
2787 5155 2975 5193 versus
3024 5155 3146 5193 cum
3195 5138 3521 5206 quibusdam

1942 5233 2219 5294 fratribus,
2255 5232 2511 5299 reliquias
2561 5233 2734 5285 sancti
2805 5233 3062 5286 Barnabzc
3101 5233 3241 5285 clam
3276 5229 3520 5292 abstulit,

1938 5333 1990 5376 et
2016 5326 2064 5375 in
2092 5325 2345 5390 spelunca
2375 5325 2631 5391 quadam,
2654 5324 2845 5377 staliis
2871 5325 2983 5378 fere
3018 5326 3258 5392 quinque
3290 5325 3355 5374 ab
3387 5324 3522 5376 urbe

1938 5415 2193 5476 distante,
2227 5415 2496 5482 sepelivit.
2533 5415 2649 5468 Mox
2702 5416 2753 5467 iu
2794 5417 2980 5468 urbem
3043 5415 3266 5477 reversi,
3303 5413 3524 5481 planctu

1942 5519 1991 5558 ct
2025 5506 2276 5574 I.\t's_\':t;is
2305 5521 2426 5558 eum
2465 5509 2735 5572 prosecuti
2772 5516 2916 5559 suat.

2019 5597 2177 5650 XXII.
2232 5597 2323 5648 Illo
2359 5609 2540 5650 autem
2581 5609 2820 5666 tempore
2864 5607 3052 5651 contra
3101 5595 3391 5650 Salaminii!
3430 5609 3519 5647 ur-

1944 5692 2024 5744 bis
2056 5689 2347 5741 εέ-κιςίυδίηιυ
2390 5690 2698 5756 persecutio
2755 5705 2947 5759 magna
2984 5698 3253 5744 C(lilllthI;l
3279 5696 3381 5754 est,
3411 5702 3520 5740 oms

1943 5875 1980 5905 ³⁷
2028 5873 2062 5925 II
2096 5873 2234 5926 'I'lszt.
2263 5889 2333 5940 tt‘,
2379 5874 2433 5940 7,
2467 5872 2518 5929 εἴ.
