4228 6442
255 409 384 477 4101

1250 410 1634 472 LAUDA'I'IO
1666 409 1746 468 IN
1790 407 2049 469 Al‘OST.
2092 407 2529 468 BARNABAM.

3395 414 3534 480 “02

256 529 400 589 gula,
448 520 540 576 sed
577 519 807 575 meridie
854 520 969 589 ipso
1003 518 1056 571 in
1098 516 1218 572 luce
1251 517 1557 570 clarissima
1584 516 1838 569 universo
1869 521 1911 575 Α
1945 512 2180 567 insulam
2215 514 2480 573 ntanavit,
2520 514 2588 567 ob
2634 515 2684 567 id
2723 515 2882 587 Cypri
2918 519 3218 577 Ecclesiatn
3271 525 3370 578 sub
3421 529 3531 582 An-

253 612 868 682 Caustantinopolitanze
900 609 1052 664 urbis
1078 609 1273 679 populo
1295 609 1497 661 Christi
1529 607 1841 659 amantissi-

257 719 340 757 ιιιο
376 703 516 757 facta
548 715 654 767 est,
695 717 803 771 quo
837 711 1081 768 tempore
1132 699 1485 753 beatissimus
1528 697 1687 750 Pater
1732 695 1842 761 epi-

253 809 447 860 scoiius
499 805 557 848 et
612 794 873 864 magister
916 808 1037 846 cum
1086 794 1275 861 primis
1322 791 1581 860 probatus
1620 788 1845 842 Proetus

251 888 876 956 tlonstantinopolilanae
903 887 1016 939 sedi
1050 888 1397 953 praesidebat.
1424 883 1697 952 Quidquid
1743 898 1841 935 au-

255 991 357 1031 tem
392 979 584 1031 divina
619 982 795 1047 gratia
830 988 1150 1047 suggerente
1180 978 1445 1031 divinitus
1496 977 1653 1028 nobis
1692 990 1845 1029 reve-

254 1074 418 1123 latum
440 1081 544 1135 est,
584 1072 713 1125 illttd
744 1072 885 1124 nulla
920 1087 981 1125 ex
1009 1084 1159 1139 parte
1201 1086 1477 1131 mane-nm,
1510 1072 1599 1123 sed
1624 1070 1845 1122 omnino

253 1162 550 1229 perfectum
585 1175 689 1226 est,
739 1174 794 1218 et
846 1165 912 1217 ad
957 1166 1186 1218 salutem
1221 1164 1496 1223 idoneum,
1547 1178 1652 1215 non
1709 1160 1845 1213 iudi-

251 1275 382 1328 gens
412 1258 772 1312 humanarum
812 1261 1345 1329 argutuetttatiountn
1375 1258 1629 1321 inventis,
1670 1271 1846 1323 neque

252 1356 661 1416 additameuto,
707 1354 791 1409 vel
832 1356 1213 1409 subtractioue
1258 1354 1459 1420 aliqua,
1532 1362 1589 1406 ut
1651 1352 1845 1405 divinae

252 1442 473 1498 Litterae
507 1447 739 1510 docent,
791 1461 915 1500 cum
960 1446 1193 1499 dicunt:
1235 1442 1468 1499 Verbum
1494 1484 1508 1508 ,
1551 1445 1694 1512 quod
1748 1457 1844 1520 ego

251 1537 509 1605 przecipio
549 1538 644 1591 libi
691 1537 877 1603 hodie,
913 1539 1039 1593 vide
1092 1547 1149 1591 ut
1199 1538 1329 1591 illud
1373 1537 1527 1589 Valde
1561 1536 1842 1597 observes,

248 1644 427 1698 neque
456 1630 756 1698 quidquam
799 1629 990 1695 addas,
1033 1644 1207 1696 neque
1236 1630 1302 1683 ab
1337 1629 1625 1695 t-0aliqnid
1660 1626 1842 1679 immi-

248 1734 404 1783 nuas,
446 1736 569 1773 eum
622 1736 808 1775 revera
867 1722 1070 1776 divinis
1097 1722 1334 1788 eloquiis
1365 1720 1573 1788 aliquid
1609 1719 1831 1780 addere,

248 1812 328 1864 vel
379 1814 688 1876 detrahere,
726 1813 1123 1881 periculosum,
1181 1814 1361 1876 ait,et
1402 1812 1699 1879 perniciem
1752 1810 1839 1875 iis,

1951 605 2215 657 tiocliena‘
2242 606 2386 659 sedis
2426 607 2737 673 patriarcha
2771 626 2891 665 esse
2920 625 3158 682 Oportet,
3188 619 3531 689 quandoqui-

1948 698 2068 750 dem
2098 699 2394 762 apostolica
2432 710 2481 751 et
2514 699 2879 765 patriarchica
2914 707 3068 760 sedes
3106 718 3210 762 est.

2021 787 2211 841 XXIX.
2256 791 2382 845 Haec
2416 790 2504 844 ille
2534 802 2695 869 rectae
2731 792 2855 847 ﬁdei
2884 804 2937 848 et
2967 801 3250 855 sententiae
3285 800 3535 857 desertor

1947 883 2331 944 contendebat,
2379 894 2711 938 cumtamen
2761 900 2866 940 non
2912 886 3183 957 ignoraret
3221 908 3283 946 ea
3314 910 3434 963 quae
3481 899 3532 946 in

1948 974 2081 1026 urbe
2114 974 2326 1042 Epheso
2349 982 2535 1026 sancta
2571 974 2656 1027 illa
2684 978 2942 1046 synodus,
2966 978 3170 1048 Cyrillo
3193 984 3532 1050 praesidente.

1948 1064 2250 1129 delinierat,
2283 1080 2312 1117 a
2344 1080 2401 1118 se
2440 1067 2626 1119 violari
2659 1078 2820 1137 atque
2842 1072 3144 1140 corrumpi.
3181 1075 3284 1125 Sed
3310 1074 3533 1141 pietatis

1947 1173 2145 1228 primo,
2179 1166 2236 1211 et
2282 1159 2664 1213 sanctissimus
2717 1161 2996 1229 apostolus
3029 1161 3306 1218 Barnabas
3349 1169 3537 1235 patria:

1948 1265 2056 1303 sum
2104 1262 2411 1317 opportuno
2472 1259 2717 1319 tempore
2773 1254 3134 1317 SIIilVCIlIt‘IIS,
3198 1254 3343 1310 illius
3394 1257 3535 1311 Petri

1948 1340 2235 1395 stultitiam
2266 1341 2345 1395 vel
2379 1342 2640 1394 malitiam
2676 1344 2855 1411 potius
2893 1347 3190 1413 redarguit.
3218 1345 3349 1400 Cum
3389 1351 3536 1402 enim

1947 1436 2232 1502 episcopus
2268 1434 2557 1487 Salamina:
2585 1434 2768 1499 jussus
2803 1434 2993 1489 fttisSet
3018 1438 3083 1490 ad
3119 1441 3319 1506 regiam
3348 1443 3533 1495 urbem

1948 1539 2005 1578 se
2036 1523 2304 1585 cooferre,
2340 1534 2394 1578 et
2455 1525 2715 1577 adversus
2774 1526 3146 1580 Antiochenos
3203 1543 3388 1581 coram
3441 1545 3537 1596 pa-

1950 1615 2183 1666 triarcha
2223 1629 2444 1666 causam
2499 1616 2703 1677 dicere,
2753 1630 2863 1681 pra:
2918 1617 3111 1669 timore
3168 1620 3535 1686 torpescebat,

1948 1703 2191 1757 Fulloois
2231 1705 2375 1756 illius
2410 1706 2635 1757 insidias
2668 1720 2946 1774 suspectas
2981 1710 3205 1764 habens.
3249 1709 3379 1765 Eiat
3412 1726 3536 1767 tunc

1951 1793 2239 1845 Salamium
2280 1792 2429 1845 urbis
2455 1796 2743 1862 (Epist-opus
2775 1798 3120 1855 Anthemius,
3154 1797 3239 1848 vir
3272 1812 3396 1851 cunt
3426 1802 3536 1866 pri-

727 1860 1123 1881 ι-ν---ς--υυμ--ν,
1312 1860 1360 1866 --
1402 1860 1554 1879 ..ν-η
1597 1860 1641 1864 --
1672 1860 1698 1863 --
1755 1860 1788 1863 μ
1826 1860 1839 1875 .
2645 1860 2657 1862 -
3427 1860 3439 1866 -

246 1902 338 1970 qui
382 1904 494 1955 haec
530 1901 757 1963 faciunt.
789 1920 1037 1973 magnam
1073 1903 1261 1957 alTerat
1298 1921 1311 1955 :
1356 1918 1458 1955 non
1493 1902 1636 1954 enim
1675 1900 1710 1953 ii
1748 1916 1842 1954 su-
1876 1860 1921 1919 Β
1950 1889 2053 1939 "IIS
2094 1885 2454 1949 θάηιίωιθῖηδν
2488 1889 2630 1954 (1⁸³υά
2667 1886 2733 1940 ad
2761 1899 2963 1940 ιἐυιίηη
3000 1887 3157 1941 ﬁdem
3194 1899 3248 1941 οι
3292 1891 3414 1943 VII-13
3455 1890 3549 1943 In"

248 2008 402 2055 inus,
444 1996 533 2063 qui
574 1994 855 2048 Christum
906 1996 1189 2065 corrigere
1242 1994 1555 2063 poSsimus,
1608 1995 1701 2047 sed
1751 1992 1842 2061 qui

244 2086 467 2140 Christo
500 2087 693 2154 subjici
720 2096 771 2139 et
807 2088 1032 2141 obedire
1074 2088 1395 2141 debeamus.
1430 2086 1575 2150 Hzer,
1602 2085 1842 2138 etuiulta

245 2178 352 2231 alia
401 2179 525 2232 licet
563 2179 630 2232 de
677 2178 779 2234 hac
821 2194 878 2234 re
928 2182 1113 2234 dicere
1166 2180 1367 2232 nostris
1415 2178 1729 2232 hominibus
1766 2178 1838 2230 ita

243 2271 632 2333 sentientibus,
687 2286 825 2339 quos
867 2273 1050 2326 doceri
1083 2272 1354 2341 cupimus,
1386 2282 1642 2325 extretnre
1676 2270 1841 2324 insci-

249 2361 335 2413 tia:
362 2376 506 2422 esse,
533 2362 773 2415 haeretici
814 2362 1055 2417 hominis
1082 2362 1379 2414 novitatem
1405 2358 1717 2413 admittere.
1741 2359 1844 2411 De-

246 2455 433 2508 sinant
467 2455 632 2526 igitur
675 2470 798 2510 cum
853 2457 1110 2511 lueretico
1160 2455 1381 2510 homine
1414 2456 1670 2524 deinceps
1718 2468 1842 2509 seu-

248 2545 373 2598 tire.

323 2634 535 2691 X-XVII.
571 2636 759 2705 itaque
805 2651 927 2690 cum
962 2636 1152 2690 Petrus
1198 2637 1289 2690 ille
1341 2638 1407 2692 ab
1437 2637 1692 2692 omnibus
1722 2638 1841 2704 cpio

245 2726 430 2794 sc0pis
459 2729 559 2781 sub
582 2728 929 2781 anathemate
963 2728 1041 2797 (ut
1069 2727 1324 2797 diximus)
1354 2730 1642 2781 damnatus
1670 2739 1833 2791 esset,

242 2825 299 2870 et
351 2813 509 2869 Zeno
552 2827 770 2886 propter
818 2818 1150 2872 iuvasiunetu
1192 2818 1437 2873 Basilisci
1495 2820 1564 2873 ab
1616 2819 1841 2887 imperio

245 2904 577 2975 aufugisset.
606 2907 720 2973 ipse
755 2923 973 2977 quoque
1012 2909 1224 2975 fugiens
1281 2910 1346 2961 ad
1380 2911 1566 2977 ignota
1597 2910 1841 2971 quaedam

246 3000 363 3053 loca
408 3013 466 3052 se
497 3000 747 3053 contulit.
784 2998 980 3053 Postea
1010 3014 1140 3052 vero
1169 3015 1330 3064 quam
1374 2998 1519 3053 Zeno
1552 2999 1616 3051 ad
1666 3000 1841 3065 impe-

246 3089 388 3141 rium
434 3104 687 3143 reversus
720 3097 824 3154 est,
874 3088 1093 3143 Petrum
1130 3088 1409 3144 Fullonem
1449 3088 1751 3155 requisivit,
1789 3097 1841 3142 et

1950 1982 2254 2035 noveutiam
2303 1984 2622 2047 pertineret,
2678 1982 2770 2033 sed
2822 1980 2885 2033 ad
2939 1980 3360 2048 ὼενιιιιιιὶοιιθιιι
3410 1998 3533 2038 eum

1947 2074 2289 2127 adversariis
2314 2072 2711 2135 suStinendam,
2749 2087 2939 2140 parum
2984 2075 3215 2128 valebat.
3245 2074 3380 2128 Cttm
3430 2077 3534 2144 igi-

1948 2176 2035 2220 tur
2087 2165 2309 2235 ancipiti
2358 2167 2688 2231 capitatione
2755 2166 3061 2231 liuetuarct,
3096 2184 3269 2237 neque
3320 2183 3546 2223 certum.

1949 2254 2196 2320 haberet,
2234 2256 2362 2323 quid
2398 2267 2604 2325 ageret,
2639 2271 2764 2308 num
2801 2259 3053 2313 videlicet
3082 2259 3536 2331 Constantinopo-

1948 2346 2037 2399 lim
2092 2346 2362 2413 protirisci
2431 2347 2677 2409 deberet,
2733 2364 2905 2402 necne
2959 2367 2971 2401 :
3017 2362 3173 2404 noete
3226 2352 3278 2405 in
3327 2354 3534 2407 Sitlllnis

1945 2440 2116 2493 astitit
2144 2439 2217 2491 illi
2249 2439 2492 2507 quidam,
2531 2440 2769 2492 divinam
2803 2441 3093 2509 quamdam
3136 2444 3370 2510 speciem
3423 2462 3535 2515 με

1943 2547 2001 2585 se
2026 2532 2227 2596 ferens,
2254 2542 2309 2585 et
2337 2531 2558 2583 luminis
2589 2532 2881 2600 splendore
2931 2539 3099 2587 multo
3129 2536 3408 2605 effulgens,
3447 2539 3532 2591 lu-

1943 2622 2172 2688 cidaque
2222 2631 2370 2674 veste
2420 2620 2660 2685 indutus,
2708 2637 2770 2675 ac
2854 2638 3011 2676 sacro
3052 2625 3235 2677 habitu
3275 2628 3530 2686 dct'OrttS,

1943 2712 2034 2779 qui
2063 2721 2119 2764 et
2152 2711 2263 2763 lucc
2297 2710 2474 2763 dixit:
2507 2709 2618 2763 Cur
2646 2711 2718 2764 ita
2755 2712 2927 2768 tristis
2959 2730 3017 2767 es
3052 2731 3216 2779 nunc,
3239 2718 3533 2787 epis-cpe?

1944 2800 2225 2865 Quamodo
2245 2808 2428 2854 tantus
2463 2801 2564 2855 ISle
2594 2812 2778 2870 torpor
2807 2814 2855 2857 te
2884 2807 3187 2875 corripuit?
3210 2806 3323 2862 Cur
3350 2808 3526 2864 voltus

1946 2899 2070 2943 tuus
2129 2892 2201 2945 ita
2262 2892 2551 2946 concidtt?
2590 2892 2731 2947 Nihil
2767 2897 2891 2949 ntali
2947 2897 3014 2950 ab
3055 2900 3389 2957 adversariis
3424 2905 3529 2956 tuis

1944 2986 2189 3053 patieris.
2230 2984 2357 3041 Ilrec
2390 3002 2512 3041 cum
2545 2988 2792 3053 dixisset,
2821 2993 2887 3043 ab
2915 2990 3211 3047 Anthemio
3244 2995 3529 3059 discessit;

1944 3074 2033 3143 qui
2083 3084 2461 3141 experrectus,
2501 3087 2556 3130 et
2596 3079 2789 3131 timore
2849 3083 3170 3145 perterritus
3222 3087 3528 3153 episcopus,

242 3179 604 3233 Autiochena:
676 3178 938 3234 Ecclesia:
999 3182 1316 3248 episcOpum
1389 3180 1664 3245 restituit,
1713 3195 1834 3233 eum

1947 3166 1998 3220 iu
2027 3166 2218 3220 faciem
2253 3183 2312 3222 se
2344 3169 2635 3237 prostravit
2673 3183 2727 3223 et
2755 3171 2938 3224 multis
2967 3171 3221 3243 lacrymis
3254 3174 3422 3229 Deum
3457 3179 3529 3231 ita

243 3272 488 3324 nondum
531 3273 882 3325 anathemate
936 3272 1195 3325 liberatus
1230 3282 1415 3325 esset:
1446 3274 1659 3324 beatum
1710 3286 1837 3324 vero

240 3361 631 3416 Calendionem
665 3364 1034 3429 patriarcbani
1067 3362 1605 3418 iu-Oaximexsulem
1635 3365 1840 3431 relega-

241 3453 345 3517 vit,
382 3451 605 3507 Fullone
650 3454 742 3507 illo
770 3455 1124 3508 Antiocheua:
1180 3454 1324 3508 sedis
1374 3455 1746 3523 cpiscopatuut
1790 3453 1837 3507 vi

241 3545 515 3613 capiente.
551 3544 652 3611 Qiti
704 3556 761 3599 ut
802 3546 1022 3615 impius,
1050 3556 1102 3601 et
1143 3545 1345 3599 nullam
1383 3563 1533 3616 spem
1575 3548 1835 3614 reliquam

240 3637 475 3701 habens,
512 3641 851 3707 tyrannidem
916 3639 1089 3706 ipsam
1137 3640 1377 3706 impune,
1442 3637 1524 3692 vel
1576 3640 1840 3693 scelerate

240 3729 429 3799 potius
460 3732 773 3797 exercebat,
826 3731 1188 3796 interﬁciens,
1225 3731 1595 3799 proscribens,
1638 3741 1691 3784 et
1721 3748 1838 3784 om-

243 3836 346 3875 nes
392 3834 488 3873 eos
536 3820 753 3889 fugatis,
794 3823 883 3889 qui
921 3822 1179 3875 uolebant
1228 3837 1350 3875 cum
1401 3821 1515 3889 eius
1562 3822 1838 3889 impietate

239 3913 675 3968 communicare.
715 3912 822 3967 Sed
868 3914 979 3968 hare
1008 3914 1228 3982 quidem
1262 3916 1425 3968 missa
1462 3914 1679 3975 faciam,
1713 3929 1836 3967 cum

240 4002 417 4055 multa
446 4002 578 4069 sint,
611 4013 666 4057 et
699 4006 978 4073 propriam
1030 4004 1318 4058 historiam
1356 4006 1661 4072 requirant.
1692 4005 1836 4058 Cou-

238 4093 389 4145 feret
418 4103 597 4147 autem
630 4110 689 4149 se
716 4096 895 4150 oratio
931 4106 1119 4149 nostra
1148 4098 1212 4149 ad
1254 4097 1331 4160 id,
1365 4098 1509 4165 quod
1534 4098 1706 4165 magis
1744 4112 1837 4149 ur-

240 4193 361 4254 get,
390 4192 449 4236 ut
485 4188 662 4239 sancti
708 4187 939 4254 apostoli
994 4186 1263 4243 Barnabze
1309 4189 1538 4257 gratiam
1587 4188 1837 4242 omnibus

238 4286 431 4331 notam
483 4276 767 4342 faciamus,
813 4290 869 4334 et
916 4291 1115 4350 quanta
1159 4284 1391 4349 patriam
1423 4298 1573 4337 suam
1620 4297 1746 4336 cura
1784 4290 1838 4335 et

235 4371 580 4439 benignitate
604 4385 982 4443 prosequatur,
1018 4374 1165 4428 decla
1178 4390 1377 4429 remus.

317 4461 562 4516 XXVIII.
629 4463 765 4518 Cum
828 4466 1063 4519 nondum
1116 4478 1401 4522 contentus
1448 4479 1591 4524 esset
1645 4471 1837 4527 Petrus

246 4554 409 4609 Fullo
445 4554 935 4612 innumerabilibus
974 4560 1084 4614 illis
1135 4560 1311 4623 malis,
1345 4562 1540 4631 quibus
1592 4565 1833 4619 Orientis

236 4653 432 4715 partes
457 4643 655 4712 affecit,
694 4645 748 4699 in
802 4649 1112 4715 provincias
1165 4650 1329 4703 etiam
1364 4652 1502 4716 illas,
1541 4669 1660 4721 quae
1700 4656 1832 4707 nihil

234 4735 312 4789 ad
333 4750 459 4790 eum
504 4738 878 4806 pertinebant,
915 4755 1110 4794 manus
1142 4741 1350 4810 injecit.
1385 4743 1518 4796 Cum
1550 4744 1700 4797 enim
1732 4746 1833 4798 itit-

233 4828 540 4899 peratoris,
590 4840 647 4883 et
688 4843 876 4885 eorum
909 4833 1002 4901 qui
1061 4842 1218 4886 erant
1262 4834 1403 4902 apud
1450 4834 1831 4904 imperatorem

228 4918 495 4988 gratiosi,
540 4918 822 4973 leuitatem
874 4936 1011 4974 auro
1056 4922 1160 4977 sibi
1204 4934 1614 4992 comparasset,
1662 4927 1833 4995 ipsius

231 5010 412 5065 etiam
464 5010 556 5063 Dei
598 5011 772 5079 legem
808 5012 1065 5082 deinceps
1114 5019 1461 5085 contempsit,
1509 5028 1561 5071 et
1601 5018 1830 5088 Cyprios

233 5104 495 5160 homines
530 5101 626 5157 Dei
664 5116 717 5158 et
746 5105 868 5157 tidei
893 5115 1188 5169 amatores,
1222 5121 1283 5160 ac
1321 5121 1467 5163 recta
1496 5112 1824 5175 sentientes,

230 5197 500 5251 omnibus
536 5197 712 5250 modis
740 5211 940 5251 vexare
977 5199 1258 5268 cogitavit,
1292 5204 1548 5269 quoniam
1597 5204 1713 5271 ejus
1743 5205 1831 5256 iu-

228 5289 374 5347 sala:
407 5289 746 5343 habitatores
777 5291 1035 5358 pietatem
1067 5306 1095 5344 a
1132 5292 1376 5359 patribus
1409 5295 1521 5347 suis
1574 5297 1827 5347 traditam

228 5390 552 5445 servantes,
592 5383 923 5437 recusabant
955 5399 1080 5438 cum
1115 5385 1233 5451 ejus
1265 5385 1542 5454 impietate
1578 5402 1827 5441 conmm-

231 5476 450 5530 nicare.
484 5475 669 5543 Itaque
698 5474 863 5544 Cypri
894 5476 1074 5529 sedem
1112 5476 1533 5540 sanctissimam,
1554 5487 1606 5530 et
1638 5493 1663 5529 a
1687 5479 1831 5547 priu-

227 5565 388 5634 cipio
424 5565 546 5617 inde
585 5579 755 5630 usque
792 5567 857 5617 ab
886 5563 1255 5632 apostolorum
1293 5573 1534 5633 tempore
1576 5566 1824 5625 liberam,

230 5662 359 5726 ipse
383 5658 637 5724 arripere
678 5665 730 5709 et
756 5656 855 5710 sibi
898 5656 1165 5723 subjicere
1203 5672 1487 5726 aggressus
1526 5670 1628 5723 ρει,
1666 5661 1829 5728 idque.

228 5753 305 5805 ad
335 5750 720 5813 imperatorem
751 5749 952 5810 retulit,
980 5747 1173 5801 falsum
1207 5749 1456 5802 deferens
1492 5765 1553 5802 ac
1590 5752 1773 5805 dit-cus
1810 5770 1820 5805 ε

230 5836 517 5905 Quoniam
548 5839 769 5891 verbum
801 5838 890 5892 Dei
926 5837 992 5891 ab
1016 5838 1146 5890 urbe
1174 5838 1456 5891 Antiochia
1489 5840 1550 5891 ad
1591 5840 1822 5909 Cyptum

1944 3268 2195 3327 precatus
2224 3269 2307 3312 est
2346 3276 2360 3313 :
2416 3262 2642 3316 Domine
2685 3260 2813 3316 Jesu
2852 3263 3092 3329 Christe,
3128 3266 3228 3320 Fili
3276 3268 3366 3323 Dei
3399 3271 3526 3334 vivi,

1942 3353 2137 3419 adjuva
2173 3354 2466 3408 Ecclesiatu
2497 3355 2804 3408 hanc.Scio
2838 3367 3042 3421 autem,
3069 3362 3209 3427 quod
3246 3362 3391 3415 illam
3427 3364 3525 3416 ad-

1936 3444 2112 3511 juvas.
2150 3445 2203 3498 Si
2235 3447 2371 3499 visio
2406 3447 2519 3500 haec
2568 3462 2595 3498 a
2652 3455 2703 3500 te
2754 3449 2995 3515 profecta
3034 3458 3139 3512 est,
3177 3452 3279 3510 fac.
3317 3467 3523 3521 quaeso,

1941 3546 1997 3591 ut
2029 3539 2217 3591 eadem
2269 3540 2487 3601 iterum,
2530 3553 2593 3591 ac
2647 3542 2806 3593 tertio
2853 3542 2983 3594 mibi
3041 3543 3361 3598 ostendatur
3393 3556 3447 3599 ut
3478 3558 3528 3600 te

1942 3642 2152 3682 meeum
2188 3643 2309 3682 esse
2338 3641 2492 3682 certo
2526 3630 2667 3683 scire
2700 3632 2922 3695 possim.

2016 3718 2181 3773 XXX.
2204 3719 2415 3773 Interea
2447 3720 2733 3789 episcopus
2751 3720 2838 3773 ille
2857 3722 3053 3775 divinis
3077 3726 3327 3791 precibus
3350 3736 3525 3782 atten-

1943 3811 2046 3864 tius
2090 3811 2334 3875 vacabat,
2368 3811 2434 3864 ab
2458 3812 2697 3864 omnium
2734 3812 3010 3865 hominum
3032 3820 3417 3884 congressione
3441 3834 3525 3871 re-

1941 3914 2137 3959 motus.
2155 3903 2322 3958 Nocte
2347 3914 2552 3965 autem,
2567 3904 2952 3975 qumdeiuceps
2971 3923 3259 3961 consecuta
3275 3920 3378 3970 est,
3400 3927 3522 3965 cum

1941 3999 2205 4051 astitisset
2251 3998 2389 4051 idem
2428 3996 2517 4051 ille
2553 3998 2635 4050 vir
2661 3997 2852 4051 eadem
2888 4000 3060 4053 forma
3093 4011 3146 4053 et
3174 4003 3380 4061 habitu,
3418 4020 3525 4071 quo

1942 4097 2099 4141 antea
2154 4090 2302 4142 visus
2355 4088 2529 4142 fuerat
2577 4106 2589 4141 :
2633 4087 2777 4151 .Iaui,
2829 4092 3023 4161 inquit,
3093 4093 3186 4144 tibi
3236 4093 3345 4146 dixi
3390 4096 3521 4148 nihil

1942 4182 2067 4253 tuali
2106 4192 2155 4233 te
2192 4198 2475 4249 passurum
2507 4200 2573 4235 ex
2602 4184 2666 4236 iis
2692 4200 2811 4252 quae
2844 4186 2936 4238 tibi
2976 4186 3273 4238 adversarii
3311 4187 3523 4239 minan-

1944 4284 2047 4326 tur.
2080 4273 2222 4326 Nibil
2260 4275 2423 4342 igitur
2467 4276 2772 4343 suspicans,
2801 4286 3051 4344 prompto
3091 4278 3274 4331 animo
3325 4281 3389 4330 ad
3432 4295 3524 4332 ur-

1941 4366 2062 4421 bem
2116 4366 2639 4436 Constantinopolim
2687 4369 2893 4423 venias.
2944 4368 3068 4422 lla:c
3122 4385 3245 4423 cum
3276 4370 3522 4436 dixisset,

1941 4462 2213 4517 discessit.
2251 4461 2547 4530 Episcopus
2571 4477 2698 4514 vero
2722 4478 2911 4516 rursus
2937 4461 3167 4516 Domino
3192 4465 3394 4529 gratias
3414 4467 3525 4532 egit

1871 4538 1914 4593 Ῑ)
1946 4569 2118 4623 neque
2138 4556 2428 4624 quidquam
2458 4556 2617 4609 alicui
2650 4556 2809 4621 dixit,
2836 4560 2929 4610 sed
2956 4559 3312 4625 exspectabat
3337 4572 3519 4613 tamen

1940 4648 2322 4700 revelationem
2344 4649 2583 4701 tertiam.
2610 4647 2779 4703 Nocte
2806 4650 2964 4716 igitur
2985 4659 3351 4716 coiisequente
3380 4650 3521 4705 idem

1937 4740 2021 4792 vir
2052 4738 2319 4807 apparuit,
2349 4739 2439 4805 qui
2474 4739 2690 4807 gravius
2720 4754 2839 4793 eum
2868 4742 3152 4808 increpans
3183 4758 3196 4793 :
3232 4743 3521 4808 Quousque

1937 4831 2129 4897 inquit,
2162 4846 2267 4882 non
2304 4831 2382 4882 vis
2413 4831 2637 4914 credere
2668 4831 2847 4884 verbis
2880 4833 3034 4896 meis,
3069 4847 3187 4900 qute
3223 4835 3410 4887 diebus
3438 4835 3521 4888 his

1936 4921 2251 4990 complenda
2313 4923 2478 4973 sunt?
2527 4922 2878 4976 Proﬁciscere
2944 4925 2994 4976 in
3060 4927 3248 4978 urbem
3310 4922 3515 4993 regiam

1935 5025 2184 5082 prompto
2214 5025 2263 5067 et
2291 5013 2455 5068 alacri
2491 5016 2671 5067 animo
2705 5034 2719 5071 :
2760 5014 2869 5068 illic
2899 5016 3042 5068 enim
3080 5033 3201 5068 cum
3233 5017 3401 5082 gloria
3435 5032 3518 5070 re-

1938 5108 2170 5161 verti-ris
2194 5146 2208 5171 ,
2245 5122 2421 5176 neque
2454 5108 2745 5175 quidquam
2779 5109 2905 5162 tuali
2934 5110 3000 5161 ab
3027 5110 3359 5163 adVersarjis
3392 5126 3516 5179 pas-

1936 5215 2027 5253 sus
2062 5197 2251 5261 fueris,
2303 5214 2425 5252 cum
2488 5199 2654 5252 Deum
2695 5199 2868 5267 ipsum
2906 5212 3124 5270 promer
3161 5215 3245 5255 me
3294 5217 3517 5256 servum

1936 5306 2089 5343 suum
2157 5291 2230 5341 tui
2288 5303 2641 5357 pugnatorem
2693 5291 2917 5345 habeas.
2982 5291 3135 5346 Tunc
3181 5293 3512 5363 episcopus:

1936 5382 2146 5445 Quaeso,
2193 5381 2385 5450 inquit,
2428 5383 2642 5435 domine
2684 5384 2777 5448 mi,
2831 5386 2938 5448 dic,
3006 5386 3130 5453 quis
3175 5400 3234 5440 cs
3284 5396 3372 5449 tu,
3422 5386 3516 5453 qui

1940 5474 2049 5527 limc
2079 5488 2286 5526 meeum
2324 5473 2608 5542 loqueris?
2637 5474 2770 5527 Tum
2804 5476 2893 5530 ille
2928 5478 3002 5528 ait
3034 5494 3046 5528 :
3078 5477 3191 5546 Ego
3235 5493 3353 5531 sum
3387 5476 3517 5531 Bar-

1937 5564 2121 5627 nabas,
2151 5566 2448 5632 discipulus
2485 5567 2691 5621 Domini
2719 5570 2886 5622 nostri
2912 5568 3035 5621 .Iesu
3069 5568 3297 5633 Christi,
3329 5584 3515 5638 segre-

1934 5666 2089 5722 gatus
2123 5673 2148 5708 a
2184 5656 2384 5723 Spiritu
2433 5671 2642 5723 sancto,
2696 5669 2751 5712 ut
2786 5678 2887 5713 tina
2923 5677 3043 5715 cum
3073 5660 3237 5714 Paulo
3268 5666 3515 5724 apos;olo

1934 5749 2216 5801 electionis
2241 5765 2361 5801 vase
2384 5767 2578 5803 mttuus
2610 5754 2965 5819 apostolicum
2999 5756 3139 5804 inter
3160 5765 3516 5823 gt'Illt'SC‘.(‘l'-

1934 5855 2136 5894 cerem.
2194 5839 2360 5909 Hujus
2414 5844 2486 5896 rei
2540 5844 2746 5913 signum
2799 5849 2897 5899 hoc
2956 5847 3153 5897 habt-as
3192 5860 3204 5896 :
3242 5846 3514 5912 Egredere
