4228 6442
751 381 893 445 4193

745 599 866 636 eam
906 584 1200 652 regionem,
1251 597 1370 649 qua:
1405 584 1667 637 Sanitatis
1696 585 1847 640 locus
1879 589 2182 656 appellatur
2219 591 2337 656 (per

742 693 830 729 me
859 675 1003 730 enim
1045 677 1183 727 Dens
1217 677 1329 742 ipse
1381 676 1577 729 inloco
1621 677 1709 729 illo
1744 679 2004 732 miracula
2034 681 2245 746 cllicit),
2279 693 2335 735 et

742 768 846 820 sub
877 767 1074 820 arbore
1115 767 1320 834 Siliqua
1350 768 1576 822 elTodias
1609 788 1622 822 :
1655 769 1968 836 speluncam
1995 774 2142 825 enim
2169 781 2333 842 atque

741 875 923 913 :it'cattt
957 859 1223 922 invenies,
1285 861 1538 927 quoniam
1571 860 1681 914 illic
1714 871 1886 914 totum
1916 877 2114 931 corpus
2148 881 2330 918 meum

739 948 1018 1000 conditum
1051 958 1158 1011 est,
1179 961 1227 1001 et
1253 948 1600 1016 Evangelinm
1636 967 1795 1026 manu
1827 954 2042 1021 propria
2061 953 2326 1022 scriptum

737 1044 878 1107 quod
913 1055 942 1091 a
978 1052 1169 1094 saneto
1211 1042 1456 1110 apostolo
1493 1054 1544 1094 et
1581 1045 1913 1112 evangelista
1940 1045 2193 1102 Matlltzco
2226 1063 2327 1103 ex-

737 1134 876 1200 Cepi.
899 1132 1162 1197 Quoniam
1184 1149 1314 1187 vero
1337 1135 1635 1188 adversarii
1661 1138 1732 1188 tui
1757 1154 1969 1191 sursum
1995 1151 2049 1192 et
2068 1140 2322 1196 deorsum

735 1227 1029 1278 miscentes
1065 1227 1272 1286 omnia,
1304 1238 1356 1279 et
1396 1228 1517 1295 jura
1571 1232 1817 1296 qna-dam
1863 1233 2204 1297 objicientes,
2245 1244 2324 1289 te-

731 1333 854 1369 cum
884 1319 1213 1385 disceptant,
1243 1320 1544 1374 Antiot-ltite
1586 1322 1768 1375 sedem
1815 1325 2166 1392 apostolicam
2199 1341 2321 1382 esse

731 1412 1149 1474 contendentes,
1181 1422 1232 1465 et
1279 1424 1332 1465 tu
1369 1415 1671 1484 contrajns
1705 1426 1856 1468 tuum
1896 1418 2000 1471 illis
2025 1435 2264 1488 Opponas
2299 1437 2312 1472 :

729 1501 797 1554 Et
838 1518 987 1563 mea,
1039 1504 1328 1570 inquiens,
1387 1507 1543 1560 sedes
1593 1510 1888 1576 apostolica
1929 1521 2055 1562 cst:
2105 1527 2230 1564 nam
2263 1525 2317 1565 et

731 1592 1036 1656 apostolum
1072 1593 1244 1647 habeo
1269 1596 1319 1646 in
1347 1596 1519 1661 patria
1548 1612 1684 1648 mea.
1711 1596 1803 1649 llis
1828 1598 2005 1659 dictis,
2043 1597 2316 1652 Barnabas

727 1681 998 1738 discessit.

795 1794 988 1850 XXXI.
1023 1795 1323 1867 Episcopus
1355 1812 1488 1852 vero
1511 1812 1890 1867 experrectus,
1919 1801 2084 1856 Deum
2113 1805 2312 1858 adora-

723 1891 821 1951 vit,
879 1898 1100 1957 totoque
1145 1889 1289 1942 clero
1325 1900 1378 1943 et
1423 1891 1620 1958 popqu
1668 1891 1871 1946 Christi
1923 1897 2303 1951 amantissimo

729 1991 1084 2050 congregato,
1136 1980 1271 2033 exiit
1301 1981 1353 2033 itt
1381 1996 1504 2034 eum
1551 1981 1751 2045 iOL'UIII,
1787 1999 1944 2051 quem
1974 2002 2070 2053 per
2102 1987 2308 2042 revela-

719 2073 924 2124 tionem
983 2072 1285 2138 didicerat,
1331 2073 1501 2127 multo
1549 2087 1833 2142 apparatu,
1880 2087 1934 2129 et
1980 2093 2140 2134 cruce
2190 2080 2307 2148 ipsa

720 2167 966 2229 praelata.
1011 2166 1256 2235 Cumque
1302 2183 1491 2236 preces
1533 2169 1596 2221 ad
1624 2169 1790 2223 Deum
1842 2172 2100 2236 misisset,
2143 2173 2308 2240 jussit

721 2256 898 2308 lttt'lttn
949 2256 1109 2309 etl'odi
1145 2274 1157 2308 :
1197 2271 1356 2324 quem
1405 2267 1712 2324 postquam.
1738 2259 1957 2327 paulum
2007 2260 2304 2326 lodissent,

719 2351 1047 2402 invenerunt
1083 2349 1397 2417 speluncam
1466 2351 1738 2420 lapidibus
1774 2352 2131 2408 obstructaan.
2192 2356 2306 2411 lilis

719 2451 900 2495 autem
929 2441 1183 2509 sublatis,
1215 2444 1469 2511 apparuit
1501 2459 1629 2497 arca
1651 2444 1736 2498 illa
1772 2461 1785 2496 :
1820 2461 1924 2515 qua
1958 2446 2190 2510 detecta,
2220 2449 2304 2500 in-

719 2543 991 2586 venrrunt
1031 2539 1376 2591 venerandas
1416 2539 1589 2591 sancti
1623 2548 1678 2592 et
1708 2539 2040 2594 venerabilis
2070 2541 2300 2610 apostoli

728 2623 992 2678 ilarnaba:
1033 2625 1309 2694 reliquias,
1353 2641 1574 2682 suavem
1609 2632 1798 2696 gratia:
1837 2632 2139 2698 spiritualis
2171 2634 2303 2687 odo-

720 2731 834 2770 rem
860 2716 1154 2785 spirantes,
1196 2719 1523 2775 invenerunt
1556 2723 1720 2775 etiam
1754 2722 2106 2792 Evangelium
2135 2740 2302 2793 supra

717 2807 981 2863 Barnaba:
1014 2822 1204 2879 pectus
1229 2812 1562 2881 impositum.
1592 2811 1740 2867 Illam
1758 2829 1890 2868 vero
1915 2830 2096 2870 arcam
2129 2817 2304 2886 plum-

715 2902 818 2956 beo
841 2903 1018 2972 sigillo
1053 2904 1384 2959 munierunt.
1418 2905 1660 2976 Cumque
1686 2907 1852 2960 Deum
1878 2910 2082 2976 precati
2119 2922 2304 2966 essent

715 3003 769 3046 et
801 2993 1147 3059 adorassent,
1181 2996 1574 3061 discesserunt,
1612 2999 1745 3052 viris
1783 3000 2052 3069 religiosis
2095 3004 2149 3056 in
2182 3005 2301 3060 loco

715 3086 811 3140 illo
842 3086 912 3140 ab
941 3087 1057 3156 ipso
1085 3088 1345 3156 episeopo
1374 3090 1710 3154 constitutis,
1754 3092 1845 3160 qui
1880 3096 2204 3161 vespertinis
2245 3107 2300 3152 et

1966 392 2408 450 ALEXANDlil
2458 395 2796 458 MUNAL’HI

751 503 905 546 extra
937 492 1127 545 utbem
1173 493 1511 546 occidentem
1544 507 1735 548 versus
1763 494 1953 549 stadiis
1982 499 2248 566 quinque,
2279 498 2330 550 in
2364 503 2404 556 Α
2436 513 2542 564 est,

2575 507 2775 560 tiiYiitil.‘
2805 510 2994 574 gr.~:i'.‘e
3041 513 3256 568 divitias
3291 515 3596 582 admirans,
3643 522 3784 588 quod
3816 523 4032 592 itttperii

2444 595 2525 645 sui
2562 600 2896 662 temporibus
2943 615 3150 657 tantum
3207 607 3527 662 miraculum
3578 627 3606 664 a
3661 611 3774 668 Deo
3825 613 4032 671 factum

2437 703 2788 751 cogtttiSt-t-rel
2803 730 2814 742 .

2515 779 2750 838 XXXI".
2787 785 2938 838 Tune
2971 790 3323 846 Antiocheam
3346 794 3496 849 urbis
3531 798 3844 866 episcopum
3882 803 4032 856 illine

2435 873 2661 938 expulit,
2703 886 2756 928 et
2797 877 2981 945 jussit,
3037 893 3092 933 ιιι
3136 884 3187 935 itt
3227 895 3506 952 posterum
3542 888 3702 959 Cypri
3747 893 4025 963 episcopo,

2432 966 2576 1032 quod
2599 971 2665 1021 ad
2696 988 2813 1023 eam
2848 988 3069 1026 causam
3103 979 3432 1042 pertinebat,
3479 982 3610 1034 ttihd
3644 987 3869 1038 omnino
3913 1007 4029 1039 ιηυ-

2431 1056 2603 1112 lestus
2653 1075 2820 1118 esset.
2871 1063 3094 1119 Beatum
3147 1085 3272 1122 vero
3320 1073 3670 1126 Anthemium
3710 1080 4025 1145 episcopum

2431 1149 2504 1203 ita
2536 1155 2786 1221 rogavit:
2820 1155 3089 1221 Quoniam
3133 1164 3307 1215 Sancti
3357 1166 3704 1233 pontiﬁcatus
3753 1172 3828 1224 tui
3883 1187 4025 1226 tem-

2428 1245 2652 1312 poribus
2710 1247 2941 1306 Domino
2971 1263 3160 1308 nostro
3210 1254 3341 1311 Jesu
3374 1257 3598 1312 Christo
3645 1263 3869 1330 placuit,
3895 1280 4026 1318 Satt-

2428 1344 2575 1388 ctum
2614 1352 2772 1392 suum
2843 1345 3147 1411 apostolum
3195 1346 3496 1403 Barnabam
3557 1354 3834 1415 revelare,
3868 1356 4022 1422 μιν,

2423 1440 2630 1492 qua-Su,
2661 1430 2914 1485 celeriter
2961 1435 3314 1507 Evangelinttt
3362 1441 3510 1504 illttd,
3544 1447 3688 1512 quod
3735 1447 4020 1500 invi-ntum

2420 1528 2522 1582 est,
2559 1521 2712 1575 nobis
2749 1521 2954 1578 afferri.
3001 1525 3057 1579 ld
3104 1531 3148 1581 si
3199 1531 3416 1595 feceris,
3453 1534 3582 1587 mihi
3629 1535 3740 1589 ﬁlio
3770 1549 3860 1590 tuo
3897 1557 4021 1608 gra,

2421 1607 2690 1662 tissimum
2731 1614 2834 1665 erit
2869 1633 2882 1668 :
2920 1616 3144 1672 habt-bis
3193 1624 3340 1675 enim
3373 1633 3427 1676 et
3471 1628 3737 1692 meipsuttt
3785 1634 4019 1697 posthac

2421 1696 2538 1761 tibi,
2582 1712 2757 1766 pater,
2807 1705 2857 1756 in
2899 1709 3151 1763 omnibus
3198 1715 3689 1783 obtemperantem.
3733 1720 4018 1780 Assrtmts

2418 1799 2505 1840 est
2541 1791 2660 1858 ejus
2705 1796 2949 1861 petitioni
2993 1802 3302 1870 episcopus,
3343 1815 3396 1857 et
3444 1811 3733 1874 quemdam
3798 1827 3862 1864 ex
3913 1816 4014 1879 iis,

2416 1893 2554 1947 quos
2585 1898 2767 1937 secum
2815 1889 3068 1952 habebat,
3104 1907 3208 1944 una
3247 1910 3375 1948 cum
3423 1896 3739 1952 ﬁdelissimo
3768 1903 4016 1968 impera-

2415 1975 2550 2025 toris
2583 1978 2834 2033 ministro
2861 1983 3175 2052 episcopum
3210 1989 3380 2053 misit,
3421 1992 3512 2060 qui
3544 1993 3901 2063 Evangelium
3945 1999 4015 2050 il-

2414 2061 2501 2114 lud
2549 2065 2600 2117 in
2647 2069 2837 2120 urbem
2881 2070 3415 2146 Constantinopolim
3469 2084 3787 2138 attulerunt.
3836 2087 4015 2142 I'Irattt

2413 2163 2592 2208 autem
2626 2156 2746 2211 libri
2791 2161 2999 2214 tabella:
3030 2165 3233 2234 thyinis
3265 2169 3426 2236 lignis
3448 2176 3786 2240 eomposiun.
3820 2177 4013 2232 Evan-

2410 2245 2607 2312 gelium
2644 2249 2770 2301 illud
2803 2252 3103 2320 imperator
3135 2257 3188 2309 in
3231 2275 3422 2314 manus
3451 2268 3704 2332 sumpsit,
3747 2278 3800 2320 et
3836 2270 4013 2324 deos-

2408 2337 2622 2391 Cttialtts
2643 2352 2745 2404 est,
2778 2358 3021 2413 auroque
3050 2350 3219 2402 multo
3250 2364 3574 2407 exornatum
3597 2356 3646 2406 in
3675 2359 3879 2425 palatio
3904 2376 4014 2416 suo

2412 2433 2681 2498 reposuit,
2725 2434 2813 2487 ubi
2863 2439 2930 2489 ad
2964 2438 3289 2494 hodiernum
3343 2461 3517 2515 usque
3536 2446 3679 2501 diem
3720 2464 4010 2516 servatur,

2408 2532 2462 2574 et
2494 2523 2544 2575 itt
2572 2540 2763 2595 magna
2807 2530 2999 2598 quinta
3033 2531 3259 2589 Pascha:
3292 2535 3427 2589 feria
3469 2541 3766 2608 quotannis
3813 2545 3865 2596 in
3902 2560 4012 2611 pa-

2407 2612 2521 2668 latii
2550 2621 2790 2673 oratorio
2815 2620 3167 2694 Evangeliutn
3196 2643 3260 2681 ex
3295 2644 3361 2684 eo
3384 2631 3522 2683 libro
3549 2635 3829 2689 recitatur.
3872 2637 4014 2706 Epi-

2407 2723 2630 2776 scopum
2665 2726 2792 2765 vero
2825 2713 3172 2771 Anthemium
3211 2723 3426 2789 magnis
3463 2724 3761 2780 honoribus
3805 2743 4013 2794 prose-

2407 2809 2587 2864 cutus,
2624 2805 2871 2871 pecuniis
2904 2808 3090 2862 multis
3109 2811 3392 2876 donatum,
3418 2815 3484 2868 ad
3507 2817 3738 2869 insulam
3758 2817 4013 2889 Cyprum

2407 2890 2643 2960 remisit,
2681 2897 2842 2966 eique
2870 2901 3148 2956 mandavit
3187 2915 3246 2957 ut
3281 2918 3472 2961 saneto
3495 2911 3742 2977 apostolo
3785 2910 3971 2966 Barna
4005 2942 4016 2950 ~

2408 2984 2491 3039 bze
2537 2989 2798 3056 templum
2849 2992 2902 3044 in
2946 3007 3012 3047 eo
3053 2994 3173 3049 loco
3219 2997 3491 3066 erigeret,
3536 3002 3625 3054 ubi
3675 3005 4014 3058 veneranda:

2408 3077 2579 3146 ipsius
2605 3081 2848 3148 reliquiae
2884 3083 3115 3138 iuventte
3139 3086 3375 3141 fuerant.
3407 3089 3556 3143 Multi
3586 3103 3768 3144 autem
3802 3109 3870 3146 ex
3905 3110 4016 3163 op-

715 3180 996 3234 matutinis
1029 3179 1248 3250 hymnis
1280 3178 1450 3235 Deum
1476 3181 1873 3238 collaudarcnt.
1903 3186 1996 3240 Ille
2018 3187 2183 3256 igitur
2211 3191 2296 3242 in-

2406 3169 2653 3223 timatum
2686 3187 2914 3229 numero
2959 3189 3060 3244 pro
3091 3175 3236 3232 illius
3267 3180 3452 3248 templi
3491 3181 3859 3239 aediﬁcatione
3907 3202 4015 3255 pe-

713 3269 986 3337 signiores
1012 3269 1299 3338 episcopos
1319 3285 1508 3325 secum
1553 3273 1782 3339 habens,
1823 3276 1972 3330 venit
2007 3279 2061 3332 in
2103 3278 2295 3334 urbem

714 3363 918 3431 regiam
949 3361 1509 3434 Constantinopolim,
1535 3375 1590 3419 et
1612 3367 1682 3421 ad
1713 3369 2038 3437 patriarcha:
2066 3372 2290 3428 domum

711 3454 976 3510 deductus
1002 3467 1108 3510 est.
1144 3457 1217 3511 De
1245 3459 1400 3527 cujus
1433 3459 1667 3513 adventu
1701 3475 1824 3515 cum
1863 3463 2166 3532 imperator
2195 3483 2297 3522 au-

707 3547 956 3611 divisset,
981 3549 1305 3616 patriai-elice
1335 3550 1435 3618 ipsi
1469 3552 1771 3617 mandavit,
1802 3563 1859 3606 ttt
1883 3570 2006 3608 cum
2061 3557 2292 3627 synodo,

707 3655 828 3707 qum
864 3640 992 3693 illuc
1036 3653 1386 3705 convenerat,
1433 3644 1676 3696 omnium
1715 3647 1945 3712 partium
1974 3656 2295 3703 controver-

706 3736 844 3786 siam
892 3733 1140 3798 audiret,
1179 3746 1234 3788 et
1291 3735 1436 3803 quod
1484 3736 1556 3789 illi
1605 3738 1886 3793 videretur
1953 3741 2288 3796 decerneret.

704 3824 909 3880 Coacto
963 3827 1125 3895 igitur
1157 3828 1411 3893 concilio,
1441 3845 1566 3883 eum
1605 3845 1768 3885 causa
1815 3832 1900 3885 illa
1937 3843 2290 3898 tractaretur,

707 3921 1004 3972 adversarii
1052 3919 1352 3973 aITetebant
1401 3936 1495 3974 sua
1523 3921 1669 3990 jura,
1701 3933 1756 3976 ttt
1800 3925 1901 3977 sibi
1942 3925 2286 3992 videbantur,

706 4011 849 4078 quod
899 4013 1239 4066 Antiochena
1287 4012 1446 4068 sedes
1485 4015 1779 4080 apostolica
1826 4028 1880 4071 el
1925 4020 2286 4085 patriarebica

705 4101 859 4153 sedes
886 4111 1030 4155 esset
1059 4120 1071 4154 :
1101 4103 1172 4155 ob
1203 4102 1364 4171 idque
1395 4104 1799 4158 contendebant
1829 4115 1880 4159 et
1905 4106 2040 4159 alias
2065 4109 2289 4175 provin-

701 4193 816 4245 tias
849 4194 950 4244 sibi
985 4195 1255 4260 subjectus
1279 4210 1400 4249 esse
1432 4198 1651 4250 debere.

773 4284 988 4337 XXXII.
1025 4286 1147 4340 llaae
1199 4303 1320 4340 cum
1355 4299 1684 4357 assererem,
1728 4290 1794 4343 iis
1817 4330 1832 4354 ,
1857 4291 1948 4358 qui
1990 4301 2284 4360 praesentes

697 4387 872 4441 erant,
911 4380 1105 4432 rationi
1139 4392 1502 4434 consentanea
1547 4383 1728 4437 dicere
1762 4383 2106 4439 videbantur.
2149 4385 2284 4439 Bea-

703 4479 792 4523 ttts
815 4485 945 4524 vero
983 4473 1306 4526 Anthemius
1355 4474 1571 4542 paulum
1621 4488 1884 4542 moratus,
1914 4487 2102 4531 contra
2142 4477 2278 4545 obji-

698 4563 849 4616 cietts
875 4581 887 4615 :
927 4562 994 4615 Et
1012 4577 1152 4625 mea,
1181 4565 1377 4632 inquit,
1405 4565 1561 4619 sedes
1583 4567 1874 4633 apostolica
1906 4566 2158 4624 fuitinde
2187 4584 2276 4624 us-

697 4668 802 4719 que
837 4670 862 4704 a
902 4654 1168 4723 principio
1218 4665 1271 4707 et
1310 4657 1560 4709 libertate
1599 4659 1881 4726 honorata,
1913 4660 2087 4727 quiet
2147 4676 2278 4729 apo-

700 4745 896 4799 s;oittttt
935 4747 1108 4800 hab-ro
1141 4749 1191 4799 itt
1223 4750 1396 4814 patria
1448 4765 1564 4802 mea
1621 4753 1832 4820 integro
1887 4768 2115 4821 corpore
2146 4769 2278 4808 con-

695 4851 952 4903 stantem,
1006 4842 1398 4904 beatissimum,
1451 4843 1688 4911 ittquam,
1753 4844 1900 4897 illum
1947 4845 2272 4910 Barnabam,

695 4947 1009 4986 sanctarum
1068 4935 1280 4986 laudum
1340 4937 1626 5003 praeconiis
1681 4935 2116 4994 celeberrimum.
2164 4937 2275 4994 lloc

697 5044 822 5079 eum
859 5028 1181 5081 Anthemius
1212 5030 1573 5094 Opposuisset,
1623 5027 1754 5081 nihil
1803 5028 1904 5082 loci
1946 5030 2274 5084 adversariis

697 5121 944 5172 telittum
991 5129 1094 5182 est,
1129 5133 1253 5172 cum
1296 5119 1557 5187 episeopi,
1604 5121 1695 5188 qtti
1743 5130 2041 5188 prcesentes
2093 5132 2270 5184 erant,

695 5213 912 5263 silentio
939 5210 1212 5262 Anthemii
1245 5211 1547 5269 orationem
1583 5211 2019 5264 conﬁrmassent.
2066 5211 2270 5263 Adver-

693 5303 822 5356 Salii
866 5317 994 5356 vero
1033 5303 1131 5371 ipsi
1175 5305 1372 5354 rubore
1421 5300 1647 5370 perfusi,
1695 5302 1828 5355 muti
1868 5313 2268 5367 remanserunt,

694 5409 956 5464 tesponso
994 5397 1081 5447 illo
1114 5406 1221 5447 tam
1265 5394 1409 5460 justo
1434 5393 1689 5461 perculsi.
1728 5391 1852 5446 llt'ec
1883 5408 2004 5445 cum
2037 5394 2271 5462 impera-

691 5497 775 5537 tur
810 5486 1127 5548 audivisset,
1160 5487 1471 5553 episcopum
1507 5483 1668 5551 Cypri
1703 5485 1768 5534 ad
1794 5498 1851 5536 se
1879 5484 2268 5551 accet'sirijus-

693 5593 784 5641 sit,
827 5589 878 5630 et
906 5578 971 5630 tle
1019 5579 1347 5629 reti-latione
1387 5577 1559 5628 sancti
1598 5575 1822 5643 apostoli
1857 5574 2113 5628 Barttaine
2145 5576 2268 5628 dili-

689 5682 874 5737 ῖμιιιιυι·
925 5671 992 5721 ab
1033 5685 1097 5722 c0
1123 5670 1388 5737 tpimsitit.
1425 5668 1514 5721 ILIc
1545 5669 1676 5720 nihil
1717 5683 1780 5720 ex
1823 5669 1923 5729 his,
1981 5683 2099 5734 qua:
2141 5682 2266 5720 vera

690 5775 1038 5825 tertiumet-at,
1071 5763 1381 5824 occulxavit,
1409 5764 1502 5816 sed
1528 5764 1718 5815 ottline
1761 5775 1870 5814 rent
1904 5775 2120 5811 omnem
2161 5763 2264 5812 im-

687 5856 922 5924 pez'atori
965 5858 1219 5909 narravit.
1264 5853 1352 5908 lii:
1405 5856 1515 5908 hac
1546 5854 1787 5918 audiens,
1843 5853 1995 5909 valde
2043 5852 2258 5921 gavisits

2403 3261 2620 3314 cuniam
2653 3263 3032 3320 contulerunt.

2472 3350 2714 3406 XXXIV.
2759 3350 2850 3407 Ille
2898 3354 3065 3426 igitur
3097 3357 3148 3410 in
3186 3357 3424 3427 Cyprum
3464 3377 3745 3428 reversus,
3786 3366 4010 3432 multos

2401 3441 2644 3496 artiﬁces
2672 3454 2838 3510 atque
2863 3447 3148 3513 Operarios
3169 3449 3405 3520 collegit,
3426 3462 3481 3504 et
3505 3453 3856 3508 :nditicationi
3891 3472 4009 3512 non

2400 3534 2729 3588 mediocrem
2760 3552 2981 3605 operam
3010 3540 3178 3604 dedit,
3206 3552 3259 3594 et
3285 3545 3529 3611 apostolo
3565 3545 3829 3600 Barnabae
3855 3561 4009 3602 tein-

2400 3624 2547 3693 plum
2602 3628 2760 3680 valde
2811 3645 3065 3693 maguum
3115 3643 3226 3688 tum
3274 3636 3526 3701 anlitieio,
3579 3646 3690 3688 tuttt
3732 3640 3908 3692 tnulto
3945 3648 4011 3694 et

2399 3717 2555 3768 vario
2578 3728 2780 3770 ornatu
2817 3721 3032 3790 insigne
3062 3727 3394 3781 construxit.
3424 3728 3506 3780 Ad
3547 3743 3667 3780 eam
3699 3745 3832 3783 vero
3865 3743 4010 3785 tent-

2399 3808 2470 3878 pli
2494 3820 2724 3877 partem.
2743 3829 2864 3882 qua:
2891 3816 2957 3867 ad
2979 3816 3202 3888 Libyam
3228 3831 3465 3887 spectat,
3495 3821 3672 3874 aulam
3691 3825 4006 3892 quamdam

2394 3905 2727 3971 composuit,
2781 3918 3012 3976 quatuor
3068 3912 3314 3980 porticus
3359 3914 3682 3980 habentem,
3731 3927 3789 3968 et
3821 3919 4005 3970 cellas

2394 3996 2523 4051 hinc
2556 4008 2720 4067 atque
2758 3999 2910 4054 illinc
2949 4017 2980 4055 e
3012 4003 3238 4072 regione
3279 4005 3380 4058 sibi
3431 4007 3714 4074 oppositas
3770 4008 3824 4059 in
3867 4009 4006 4061 aula

2392 4095 2721 4156 construxit,
2755 4103 2814 4144 ttt
2851 4094 2942 4161 qui
2989 4095 3174 4148 divina
3204 4095 3381 4150 ollicia
3423 4099 3475 4151 itt
3512 4100 3715 4168 templo
3748 4101 3845 4153 illo
3871 4117 3996 4156 mo-

2391 4180 2552 4233 nachi
2597 4182 2963 4245 celebrarent.
3002 4187 3056 4239 itt
3104 4188 3211 4241 illis
3251 4189 3404 4244 cellis
3456 4190 3704 4244 habitare
3735 4203 3997 4260 possent.

2389 4270 2532 4336 Quin
2565 4274 2728 4326 etiam
2781 4290 2811 4328 e
2843 4275 3133 4346 longinqua
3179 4282 3401 4348 regione
3439 4297 3594 4350 aqua:
3629 4286 3857 4338 ductum
3898 4288 4001 4340 ἀεκ-

2390 4364 2552 4416 rivari
2600 4363 2748 4427 fecit,
2783 4376 2838 4418 et
2884 4368 2938 4421 in
2979 4371 3158 4424 medio
3197 4372 3340 4424 atrio
3370 4373 3634 4426 concham
3681 4376 3996 4442 quamdam

2385 4455 2806 4524 pulcherrimam
2838 4463 3168 4527 construxit,
3200 4464 3252 4516 in
3287 4479 3449 4532 quam
3476 4481 3615 4533 aqua
3655 4465 3744 4518 illa
3773 4467 3995 4520 deﬂue-

2388 4559 2491 4612 ret,
2542 4560 2601 4602 ut
2651 4560 2761 4605 tam
2807 4554 2899 4622 qtti
2953 4569 3020 4609 eo
3055 4555 3108 4608 in
3150 4557 3270 4610 loco
3311 4559 3849 4625 habitabant,quam
3890 4561 3988 4628 qui

2378 4658 2608 4712 peregre
2647 4646 2949 4708 venissent,
2991 4647 3207 4703 abunde
3240 4651 3398 4718 aquis
3437 4652 3546 4705 illis
3570 4651 3675 4704 ftui
3723 4666 3984 4720 possent.

2379 4735 2543 4790 Multa
2575 4740 2740 4793 etiam
2767 4741 2872 4795 alia
2923 4743 3160 4811 hospitia
3193 4743 3301 4794 illic
3330 4744 3643 4808 anlilicavit,
3678 4745 3735 4796 in
3767 4748 3984 4814 quibus

2376 4833 2651 4900 peregrini
2680 4844 2733 4885 et
2764 4833 3003 4902 hospites
3029 4837 3264 4890 recreari
3298 4847 3542 4904 possent,
3575 4837 3644 4888 ita
3675 4848 3734 4888 ut
3768 4840 3866 4905 qui
3899 4840 3984 4894 lo-

2378 4937 2501 4974 cum
2535 4923 2682 4975 illum
2725 4924 2967 4989 vidisset,
2995 4942 3174 4993 parva:
3214 4927 3445 4996 alioujus
3477 4935 3531 4981 et
3558 4927 3824 4996 jucundie
3877 4948 3983 4985 ur—

2376 5011 2462 5066 bis
2513 5016 2738 5083 tignram
2774 5017 2958 5070 videte
3013 5019 3114 5071 sibi
3166 5019 3316 5072 visus
3361 5031 3531 5074 esset.
3587 5021 3724 5075 Dein
3780 5039 3980 5078 arcam

2377 5105 2559 5169 illam,
2612 5108 2664 5159 in
2706 5123 2811 5177 qua
2867 5109 3130 5164 Barnaba:
3178 5113 3407 5182 apostoli
3436 5114 3680 5183 reliquiae
3729 5120 3982 5172 condita:

2373 5213 2554 5263 erant,
2601 5201 2655 5253 itt
2700 5203 2923 5256 dextera
2978 5219 3146 5258 saera:
3190 5221 3297 5258 ara:
3329 5216 3482 5275 parte
3505 5209 3831 5274 collocavit,
3877 5215 3980 5280 qui

2375 5293 2526 5348 locus
2552 5295 2722 5348 multo
2757 5307 2985 5364 argento
3013 5309 3068 5352 et
3101 5301 3425 5354 marmoreis
3446 5301 3720 5357 columnis
3737 5316 3982 5360 ornatus

2373 5399 2511 5439 erat.
2547 5387 2695 5440 Diem
2729 5403 2857 5442 vero
2882 5387 3102 5454 festum,
3137 5406 3245 5458 quo
3279 5392 3420 5446 beati
3451 5393 3679 5461 apostoli
3717 5406 3769 5447 et
3792 5411 3982 5464 gene-

2376 5483 2481 5533 rosi
2521 5483 2776 5551 martyris
2806 5482 3069 5537 Barnabte
3106 5485 3368 5538 memoria
3421 5485 3824 5548 celebraretur,
3858 5487 3981 5542 Pa-

2374 5584 2484 5628 ιιι-ε
2537 5579 2622 5642 agi
2684 5591 2780 5644 per
2846 5577 3089 5640 singulos
3153 5592 3326 5631 annos
3380 5577 3783 5632 conStitucrunt
3823 5618 3840 5641 ,
3907 5596 3980 5634 ιιι

2372 5667 2491 5719 llas
2537 5665 2706 5730 Junii,
2750 5677 2805 5719 ttt
2856 5668 3084 5719 lintnaui
3134 5678 3422 5722 numerant
3457 5688 3468 5722 :
3504 5681 3560 5722 ut
3602 5684 3732 5722 vero
3774 5671 3983 5739 Cyprii

2370 5760 2842 5823 ConstatttiCttscs,
2878 5762 2964 5814 die
3005 5762 3295 5815 nudet-imo
3339 5763 3456 5831 ejus
3510 5764 3738 5826 mensis,
3767 5777 3864 5830 qtt'.
3896 5766 3988 5819 ab

2372 5855 2474 5908 illa
2529 5852 2728 5906 ti.ti.'ur
2774 5852 3044 5920 Mauras,
3100 5866 3152 5907 et
3197 5856 3438 5909 dct'itztus
3483 5865 3806 5911 numeratur
3847 5874 3860 5909 :
3910 5871 3979 5911 :3:

3911 5874 3986 5911 ’{m's
