4228 6442
257 392 400 460 4105

1257 387 1643 455 LAUDATIO
1678 389 1760 449 IN
1803 386 2064 447 APOST.
2095 387 2532 447 BERNABAM.

3396 383 3537 445 4106

262 527 444 570 autem
475 512 664 568 Asiani
693 511 964 571 homines.
1002 509 1084 565 vel
1110 509 1300 579 Paphii
1338 515 1651 570 numerant,
1697 505 1844 559 ἀραῖ-
1875 504 1927 561 Λ
1954 501 2131 554 monis
2152 510 2526 570 paupertatem
2549 499 2797 571 exiguam
2819 500 2965 554 illam
2990 499 3231 567 quidem,
3255 501 3345 553 sed
3366 514 3535 568 prom-

261 622 352 659 mo
375 618 520 657 nono
552 602 778 666 mensis,
834 601 924 670 qui
970 599 1291 668 Pbthipatus
1316 599 1536 661 dicitur,
1574 605 1629 649 et
1673 608 1847 649 nonus

259 705 603 749 numeratur.
636 692 748 747 Hoc
777 693 942 762 igitur
977 693 1105 745 anni
1138 701 1381 760 tempore
1407 694 1461 744 in
1497 704 1620 744 eum
1643 688 1844 751 locum,

258 803 423 857 quem
448 803 614 856 supra
644 786 907 851 diximus,
948 785 1180 855 gentiles
1213 783 1463 853 plurimae
1490 781 1843 842 conveniunt,

259 890 315 932 et
345 880 529 933 divina
560 878 734 934 oﬂicia
768 878 1155 934 concelebrant
1186 877 1238 930 in
1265 876 1492 945 gloriam
1523 873 1721 935 Patris,
1752 870 1843 925 Fi-

261 967 341 1032 lii,
367 977 419 1022 et
455 967 694 1037 Spiritus
737 970 939 1035 sancti,
975 968 1062 1023 cui
1094 967 1322 1022 debetur
1346 966 1516 1037 gloria
1553 964 1604 1017 in
1655 962 1846 1016 srccula

259 1062 612 1115 saeculorum.
636 1060 831 1115 Amen.

336 1152 557 1206 XXXV.
603 1153 983 1218 Reliquiarum
1012 1152 1188 1207 sancti
1218 1151 1454 1222 apostoli
1478 1148 1744 1203 Barnabae
1769 1164 1850 1202 re-

263 1246 466 1303 velatio
494 1246 567 1300 ita
602 1261 660 1301 se
681 1247 891 1310 habuit,
927 1257 985 1300 ut
1010 1247 1271 1301 diximus.
1309 1246 1439 1313 Quae
1467 1259 1597 1298 vero
1614 1245 1849 1296 miracu-

263 1340 311 1393 la
342 1341 587 1411 quotidie
642 1354 671 1392 a
714 1340 1063 1394 sanctissimo
1114 1340 1285 1408 ipsius
1331 1337 1587 1406 sepulcro
1638 1334 1853 1389 abunde

264 1432 715 1502 proﬁciscunlur,
750 1447 810 1485 ea
835 1432 877 1486 si
909 1432 1033 1500 quis
1065 1430 1413 1485 conscribere
1441 1428 1589 1488 velit.
1618 1442 1683 1480 ne
1715 1426 1854 1479 mul-

263 1525 334 1577 tis
364 1524 582 1591 quidem
636 1525 1002 1578 voluminibus
1054 1523 1136 1593 (ut
1185 1522 1402 1591 Opinor)
1447 1521 1533 1574 illa
1567 1516 1851 1585 complecti

266 1616 488 1684 poterit.
526 1616 637 1670 Nos
683 1617 848 1686 igitur
888 1618 953 1669 ad
986 1631 1199 1681 eorum,
1232 1630 1352 1683 qua:
1399 1628 1559 1681 supra
1590 1611 1849 1671 diximus,

262 1710 583 1762 memoriam
636 1709 927 1763 redeuntes
955 1748 971 1773 ,
1014 1709 1189 1763 virum
1234 1709 1377 1762 hunc
1427 1704 1647 1775 pietatis
1690 1715 1851 1755 causa

258 1801 521 1855 omnibus
563 1802 951 1856 certaminibus
992 1801 1213 1871 egregie
1258 1799 1524 1865 functum,
1568 1796 1637 1851 ob
1689 1794 1852 1863 idque

1952 602 2098 661 ptam
2128 602 2298 655 certe,
2328 600 2607 661 acceptam
2641 592 2869 652 habens.
2906 606 3002 659 pro
3035 592 3190 646 nobis
3208 592 3347 657 apud
3382 606 3532 649 eum.

1952 699 2114 752 quem
2143 684 2401 749 dilexisti,
2431 684 2711 737 Christum
2743 683 3080 750 unigenitum
3117 683 3207 736 Dei
3234 681 3434 736 Filium
3480 693 3535 732 et

1954 778 2213 840 Verbum,
2250 778 2589 832 intercedere
2622 793 2724 832 non
2749 779 3015 847 graveris,
3046 789 3105 832 ut
3132 777 3221 833 ille
3242 794 3270 831 a
3298 793 3542 845 praesen-

1957 873 1991 926 ti
2037 880 2092 925 et
2142 871 2414 925 laborioso
2466 872 2567 924 hoc
2618 872 2818 926 saeculo
2862 886 2961 926 nos
3005 873 3222 941 eripiat,
3273 875 3541 940 nobisque

1953 963 2235 1026 concedat,
2262 972 2320 1015 ut
2352 962 2728 1017 remissionem
2774 970 3147 1031 peccatorum,
3183 964 3534 1018 clementiam

1955 1068 2009 1109 et
2066 1056 2501 1111 misericordiam
2547 1057 2771 1110 multam
2826 1071 3191 1126 assequamur
3235 1057 3288 1110 in
3332 1058 3422 1110 illo
3451 1058 3536 1109 die

1958 1146 2215 1210 terribili,
2257 1163 2379 1201 cum
2408 1148 2621 1201 venerit
2647 1147 2897 1217 judicare
2930 1151 3081 1203 vivos
3111 1160 3167 1203 et
3192 1161 3459 1206 mortuos.

2026 1239 2268 1295 XXXVI.
2323 1240 2494 1294 Tuum
2539 1256 2666 1296 vero
2716 1257 3125 1309 successorem,
3169 1244 3261 1314 qui
3292 1254 3537 1299 sanctam

1956 1334 2139 1387 sedem
2183 1344 2327 1388 tuam
2373 1334 2663 1403 gubernat,
2712 1333 2925 1388 ﬁrmam
2972 1346 3134 1405 atque
3185 1336 3540 1397 immobilem,

1957 1426 2110 1492 cujus
2136 1436 2189 1480 et
2217 1436 2270 1480 tu
2316 1436 2684 1497 propugnator
2726 1425 2903 1492 fuisti,
2943 1428 3100 1480 lidem
3145 1430 3335 1483 eodem
3380 1444 3541 1484 sensu

1960 1530 2222 1582 tuentem,
2270 1520 2586 1575 orthodoxae
2622 1520 2871 1574 veritatis
2906 1519 3204 1589 legitimum
3248 1529 3304 1574 et
3346 1536 3537 1574 verum

1956 1611 2261 1675 doctorem,
2310 1609 2612 1665 Salvatoris
2646 1612 2817 1665 nostri
2867 1612 3221 1676 imitatorem,
3265 1622 3537 1681 pastorem

1957 1714 2011 1759 et
2055 1702 2271 1756 Patrem
2316 1711 2585 1768 nostrum,
2634 1705 2725 1771 qui
2776 1718 3016 1771 prmsens
3045 1712 3148 1765 est,
3202 1712 3258 1758 et
3294 1716 3538 1758 sanctam

1959 1796 2036 1850 tui
2074 1796 2392 1851 memoriam
2440 1796 2703 1851 illustrem
2731 1807 3106 1866 repraesentat,
3145 1798 3315 1851 Deum
3342 1811 3533 1857 exora,

263 1892 477 1947 cmlesti
517 1893 1255 1962 coronadonatum,hymnis
1287 1893 1488 1947 divinis
1506 1905 1850 1959 prosequan-
1885 1866 1925 1920 Β
1957 1904 2013 1944 ut
2044 1890 2229 1945 multis
2258 1906 2524 1946 annorum
2558 1891 2776 1945 circulis
2808 1890 2860 1943 in
2900 1890 3248 1944 sanctissima
3284 1899 3372 1943 tua
3410 1892 3540 1943 sede

261 2000 403 2043 mur,
439 1995 492 2038 et
532 1986 780 2040 eumdem
805 1986 1022 2039 beatum
1050 1986 1432 2053 praedicantes,
1456 1984 1671 2037 laudum
1710 1997 1847 2050 prae-

258 2078 438 2130 eoniis
469 2077 833 2132 celebremus.
872 2077 971 2131 llic
1010 2077 1181 2143 enim,
1221 2087 1480 2144 tanquam
1524 2076 1666 2130 oliva
1702 2092 1849 2143 qua:-

263 2170 392 2222 dam
428 2169 730 2231 lructil‘era,
759 2170 811 2223 in
834 2170 994 2225 domo
1022 2170 1115 2225 Dei
1152 2171 1428 2239 plantalus
1454 2169 1697 2238 quotidie
1739 2168 1850 2221 l‘ru-

254 2272 382 2315 ctus
416 2276 636 2315 suavem
678 2261 902 2315 odorem
941 2263 1215 2333 spirantes
1257 2261 1369 2317 Deo
1394 2262 1495 2330 ipsi
1529 2258 1705 2316 olIert.
1733 2258 1848 2330 Illic

254 2353 653 2419 imperatorum
692 2354 892 2422 gloria,
928 2356 1273 2409 sacerdotum
1303 2353 1640 2423 jucunditas,
1673 2367 1845 2421 popu-

252 2445 431 2499 lorum
463 2446 780 2510 exsultatio,
825 2462 1037 2512 eorum,
1072 2448 1163 2517 qui
1197 2447 1465 2516 angustiis
1499 2454 1845 2514 premuntur,

253 2538 584 2604 consolatio,
618 2540 952 2596 amictorum
977 2540 1289 2610 profugium
1328 2556 1392 2594 ac
1426 2538 1719 2600 recreatio,
1750 2537 1845 2591 de-

252 2642 597 2698 speratarum
645 2648 771 2702 spes
814 2645 979 2704 atque
1022 2635 1257 2703 adjutor,
1300 2633 1712 2702 peregrinorum
1760 2646 1847 2686 re-

254 2724 441 2791 quies,
467 2725 855 2791 aegrotantium
888 2727 1181 2793 medicina,
1211 2741 1471 2780 sanorum
1494 2736 1700 2789 custos,
1732 2725 1845 2794 spi-

250 2816 537 2869 ritualium
579 2816 877 2887 gratiarum
911 2816 1053 2882 fons,
1107 2816 1365 2872 Ecclesia:
1418 2831 1626 2879 murus,
1663 2816 1841 2870 ortho-

258 2911 533 2963 doxorum
583 2913 1010 2977 ﬁrmamentum,
1055 2911 1293 2966 ﬁdelium
1339 2912 1619 2965 hominum
1650 2926 1846 2979 propu-

251 3004 465 3072 gnatio,
498 3005 664 3060 totius
688 3005 837 3060 orbis
862 3016 1133 3061 terrarum
1164 3008 1348 3060 decus.
1383 3005 1652 3059 Caeterum
1689 3011 1767 3056 tot
1793 3012 1847 3055 et

253 3106 431 3149 tanta:
454 3105 604 3161 sunt,
637 3097 955 3151 beatissime
986 3098 1229 3167 apostole
1256 3096 1386 3152 Jesu
1412 3095 1611 3150 Christi
1646 3094 1846 3147 Barna-

250 3190 346 3253 ba,
379 3189 565 3243 laudes
591 3199 715 3255 tua},
750 3200 808 3243 ut
836 3191 1080 3244 omnium
1108 3190 1393 3247 hominum
1424 3198 1657 3246 mentem
1682 3197 1847 3261 atque

261 3282 571 3337 orationem
602 3292 889 3355 superent.
920 3280 1282 3340 Nibilomiuns
1309 3295 1487 3339 tamen
1518 3285 1690 3339 nostri
1722 3300 1837 3338 ser-

570 5892 843 5955 Parnm.
893 5897 1006 5956 (in.
1061 5899 1436 5960 LXXXVII.

1956 1994 2239 2038 conservet
2278 1985 2573 2047 valentem,
2616 1994 2671 2039 et.
2718 1984 2970 2053 populum
3015 1983 3186 2053 ipsius
3220 1984 3271 2036 iu
3308 1998 3441 2052 pace
3483 1993 3539 2037 et

1956 2078 2349 2147 tranquillitate
2397 2087 2701 2147 regentem,
2731 2079 2819 2147 qui
2852 2088 2905 2133 et
2941 2080 3185 2132 veritatis
3225 2077 3534 2131 doctrinam

1952 2172 2100 2225 omni
2131 2187 2253 2225 cum
2298 2173 2588 2225 sanctitate
2618 2181 2670 2226 et
2696 2171 2909 2240 justitia
2938 2171 3155 2239 dirigat.
3192 2170 3268 2225 Te
3296 2172 3523 2239 insuper

1952 2278 2192 2329 oramus,
2238 2274 2296 2318 ut
2322 2280 2427 2333 qua
2479 2281 2606 2318 cura
2647 2264 2876 2333 patriam
2904 2275 3049 2317 tuam
3095 2281 3315 2335 semper
3342 2281 3532 2333 prose-

1952 2364 2111 2409 cutus
2139 2371 2218 2419 es,
2252 2359 2438 2413 eadem
2468 2366 2522 2411 et
2551 2373 2695 2411 nunc
2723 2357 2867 2411 illam
2891 2359 3263 2427 prosequaris,
3304 2374 3537 2425 eamque

1955 2449 2061 2504 tuis
2103 2452 2308 2505 sanctis
2352 2450 2490 2518 apud
2526 2451 2692 2504 Deum
2743 2452 2993 2520 precibus
3040 2452 3355 2515 custodias,
3402 2464 3455 2504 et
3505 2470 3533 2503 τι

1954 2540 2233 2594 scandalis
2288 2541 2631 2608 operantium
2683 2542 3025 2613 iniquitatem
3083 2543 3307 2611 eripias,
3372 2554 3429 2596 ut
3483 2544 3534 2597 in

1950 2650 2106 2705 pace,
2137 2635 2403 2689 modestia
2449 2651 2512 2690 ac
2545 2637 2746 2704 pietate
2792 2637 2955 2690 vitam
2984 2636 3035 2690 in
3078 2636 3180 2691 hoc
3216 2638 3414 2692 saeculo
3439 2638 3539 2691 du-

1949 2741 2157 2791 camus,
2185 2736 2240 2781 et
2265 2728 2697 2783 misericordiam
2732 2729 2943 2782 Domini
2972 2730 3143 2784 nostri
3166 2727 3294 2784 Jesu
3326 2728 3532 2785 Christi

1948 2830 2333 2888 exspectantes
2361 2863 2375 2885 ,
2414 2822 2481 2875 ad
2532 2831 2793 2876 aeternam
2832 2823 2976 2877 illam
3037 2824 3203 2876 vitam
3254 2824 3537 2893 pervenire

1950 2913 2246 2981 possimus,
2284 2913 2438 2982 cujus
2466 2929 2564 2967 nos
2597 2930 2788 2969 omnes
2819 2916 3114 2984 participes
3148 2916 3263 2969 fieri
3288 2927 3537 2985 Optamus

1949 3005 2147 3074 gratia,
2205 3005 2586 3061 misericordia
2632 3017 2686 3061 et
2725 3008 3061 3077 benignitate
3106 3007 3319 3062 Domini
3364 3008 3537 3061 nosrri

1950 3096 2080 3153 Jesu
2127 3097 2331 3154 Christi
2373 3117 2387 3153 :
2428 3099 2512 3154 cui
2566 3099 2737 3169 gloria
2783 3100 2875 3164 sit,
2928 3099 3192 3169 Patrique
3248 3109 3301 3155 et
3348 3111 3538 3153 sancto

1958 3190 2209 3262 Spiritui,
2253 3207 2394 3251 nunc
2435 3204 2489 3251 ct
2518 3208 2753 3267 semper,
2789 3201 2845 3251 et
2877 3195 2924 3247 in
2956 3194 3146 3251 srecula
3190 3194 3535 3253 smculorum.

1945 3292 2138 3344 Amen.

3096 5906 3205 5965 129
