4034 6246
354 371 497 436 2795

1619 383 1933 444 PROCOPI
1949 384 1968 442 ι
2009 386 2248 444 G:\Z.lil

3471 397 3610 462 2796

359 493 522 544 modo
551 487 811 544 beneficia
843 502 1098 561 rcpenset
1136 494 1306 563 gratia
1338 494 1660 559 referenda,
1687 495 1807 549 ideo
1842 500 1921 550 vel

2033 519 2117 554 ναι
2166 502 2273 554 τῶν
2312 503 2532 573 δωρεῶν
2587 505 2685 574 (Ι),
2751 507 2984 577 ἀμοιϐῆς
3037 511 3233 578 ἀπορεῖ
3278 511 3388 572 τοῖς
3431 511 3614 580 ἐρίοις

358 583 598 635 maxime
630 591 683 635 te
713 582 1017 650 admirans,
1045 586 1190 654 quod
1219 587 1593 641 munificentia
1617 597 1710 641 tua
1736 589 1802 641 ab
1832 589 1920 652 iis,

359 676 414 727 in
443 689 586 745 quos
618 690 737 729 eam
771 677 1078 742 contulisti,
1116 681 1393 747 repensari
1421 689 1674 748 nequeat.
1707 683 1756 733 Is
1781 682 1926 735 enim

357 775 588 822 ornatus
619 769 867 839 principe
915 769 1118 840 dignus
1165 781 1268 836 est,
1333 788 1440 827 una
1486 789 1612 827 cum
1677 773 1930 829 hostibus

358 859 522 912 etiam
549 859 802 914 subditos
824 876 1108 930 superare,
1141 862 1264 917 illos
1307 867 1496 929 armis,
1529 864 1628 920 hos
1680 867 1929 919 multitu-

359 950 482 1004 dine
529 950 827 1015 bonorum,
877 962 1141 1023 utrosque
1186 955 1506 1011 virtutibus.
1545 957 1745 1015 Nostra
1802 975 1930 1013 vero

361 1044 514 1104 urbs,
541 1058 683 1112 quae,
720 1042 1091 1101 benefactoris
1127 1047 1361 1117 imagine
1397 1050 1596 1118 posita,
1634 1052 1755 1121 ipso
1796 1068 1931 1122 prte-

361 1143 516 1186 sente
557 1133 780 1198 fruitur,
839 1138 1300 1204 quemadmodum
1339 1141 1641 1199 vehemens
1696 1153 1928 1208 amator,

360 1233 654 1293 conspecto
701 1241 862 1294 quem
914 1226 1113 1296 diligit,
1163 1231 1358 1299 surgit,
1411 1233 1702 1302 omnisque
1751 1236 1932 1289 artatis

361 1316 607 1372 homines
645 1319 889 1381 excitat,
921 1329 975 1374 et
1012 1330 1163 1388 pater
1212 1337 1385 1390 puero
1439 1333 1683 1379 etseuex
1739 1326 1931 1392 juveni

358 1424 478 1461 cum
515 1409 777 1474 ostendit,
803 1418 856 1464 et
882 1427 1075 1467 omnes
1095 1415 1258 1468 simul
1285 1419 1606 1484 spectacqu
1630 1419 1927 1472 exsultant.

359 1503 435 1554 Ac
491 1501 722 1558 fortasse
755 1504 975 1572 quidem
1018 1505 1239 1560 videbor
1275 1523 1419 1561 unus
1460 1517 1658 1576 prmter
1704 1516 1933 1564 catteros

360 1591 425 1644 ad
481 1600 587 1644 tam
623 1593 945 1648 immensam
980 1610 1159 1648 rerum
1201 1596 1416 1650 laudem
1449 1613 1533 1651 me
1585 1606 1928 1661 convertere,

361 1693 623 1754 tantaque
656 1683 886 1739 audacia
938 1685 1208 1756 instigari,
1257 1696 1317 1740 ut
1347 1688 1434 1741 vel
1468 1690 1648 1743 medio
1679 1707 1742 1744 ex
1777 1692 1930 1747 thea-

361 1783 445 1827 tro
498 1776 854 1839 surrexerim,
891 1787 944 1830 et
978 1777 1208 1832 recitare
1257 1779 1558 1849 quidquam
1597 1783 1849 1845 audeam,
1875 1793 1929 1836 et

2031 595 2418 666 ἀμιλλωμένης
2448 611 2459 624 ·
2514 598 2608 650 καὶ
2651 598 2742 650 τὸν
2775 599 3071 668 εὐεργέτην
3120 600 3372 654 ἐντεῦθεν
3411 603 3612 672 μᾶλλον

2031 685 2300 756 θαυμάζει
2353 688 2432 740 δι’
2468 681 2543 741 ὧν
2597 685 2655 742 εὖ
2711 692 2874 754 ποιεῖ,
2929 689 3040 744 τῶν
3101 687 3159 744 εὖ
3209 691 3492 747 παθόντων
3535 713 3611 745 νι-

2031 777 2213 832 κῶντα
2245 779 2341 842 τὰς
2372 779 2627 850 ἀμοιϐάς.
2674 781 2907 849 Πρέπων
2931 780 3039 851 γὰρ
3067 777 3219 845 οὗτος
3258 782 3469 852 βασιλεί
3520 784 3609 836 κό-

2033 890 2188 942 σμος,
2223 873 2360 942 μετὰ
2389 874 2494 926 τῶν
2541 873 2816 946 πολεμίων
2847 874 2940 927 καὶ
2968 873 3096 936 τοὺς
3131 874 3406 944 ὑπηκόους
3431 879 3606 946 νικᾷν,

2030 967 2155 1028 τοὺς
2186 967 2284 1033 μὲν
2317 968 2428 1028 τοῖς
2469 965 2677 1030 ὅπλοις,
2717 967 2843 1028 τοὺς
2870 966 2924 1019 δέ
2951 966 3030 1034 τῷ
3057 965 3252 1035 πλήθει
3287 967 3397 1020 τῶν
3427 969 3607 1039 ὑπαρ-

2032 1058 2234 1128 χόντων
2268 1057 2512 1126 ἀγαθῶν,
2551 1057 2895 1129 ἀμφοτέρους
2927 1059 2984 1111 δέ
3011 1061 3129 1120 ταῖς
3161 1059 3404 1128 ἀρεταῖς.
3450 1059 3512 1112 Ἰῐ
3551 1061 3607 1113 δέ

2031 1151 2278 1222 ἡμετέρα
2322 1152 2498 1214 πόλις,
2534 1152 2634 1206 ’διὰ
2674 1152 2775 1220 τῆς
2807 1151 3016 1214 εἰκόνος
3064 1151 3228 1203 αὐτὸν
3259 1151 3608 1205 ἀπολαϐοῦσα

2029 1247 2119 1295 τὸν
2161 1244 2479 1314 εὐεργέτην,
2507 1245 2698 1314 ῶσπερ
2721 1261 2801 1306 τις
2837 1243 3008 1304 δεινὸς
3040 1244 3296 1315 ἐραστὴς,
3327 1245 3607 1298 ἀνίσταται

2032 1335 2166 1406 πρὸς
2187 1334 2285 1406 τὴν
2325 1333 2471 1401 θέαν,
2511 1336 2603 1388 καὶ
2648 1336 2826 1387 πᾶσαν
2864 1334 3080 1404 ἠλικίαν
3108 1336 3346 1403 ἐγείρει·
3390 1336 3482 1389 καὶ
3505 1353 3608 1390 πα-

2028 1429 2134 1497 τὴρ
2168 1427 2317 1481 παιδὶ
2367 1428 2653 1497 παραστὰς
2697 1427 2791 1479 καὶ
2857 1426 3169 1498 πρεσϐύτης
3215 1428 3320 1498 νέῳ
3353 1429 3475 1498 ἦκει
3514 1430 3607 1481 καὶ

2029 1521 2270 1574 δείκνυσι
2328 1520 2420 1573 καί
2466 1518 2758 1591 σκιρτῶσιν
2799 1519 2912 1587 ἅμα
2954 1523 3018 1590 τῇ
3054 1519 3170 1591 θέᾳ.
3209 1522 3367 1584 Ἴσως
3396 1523 3492 1589 μὲν
3515 1519 3606 1574 οὖν

2029 1611 2164 1677 δόξω
2199 1613 2358 1682 μόνος
2401 1613 2548 1681 παρά
2578 1611 2709 1674 ’τοὺς
2747 1609 2936 1674 ἀλλους
2963 1612 3058 1663 ἐπὶ
3099 1611 3417 1681 τηλικοῦτον
3443 1612 3605 1679 ὄγκον
3697 1634 3702 1638 ·

2031 1705 2372 1775 πραγμάτιον
2424 1706 2582 1766 ἱέναι,
2628 1703 2721 1758 καὶ
2764 1704 3015 1758 τοσοῦτον
3065 1700 3204 1758 εἷναί
3251 1723 3340 1774 μοι
3381 1705 3602 1776 θράσος,

2032 1797 2171 1851 ὥστε
2226 1799 2320 1852 καὶ
2369 1781 2595 1869 θεάτρου
2651 1797 2812 1869 μέσος
2866 1797 3160 1868 ἀνέστηκα,
3205 1799 3300 1852 καὶ
3333 1798 3514 1866 τολμῶ
3553 1815 3604 1851 τι

361 1866 610 1933 quamvis
637 1867 877 1921 minetur
901 1867 1098 1937 aliquis
1129 1869 1197 1924 ab
1229 1870 1450 1940 incepto
1502 1886 1609 1926 non
1641 1873 1925 1928 desistam.

2035 1891 2232 1958 λέγειν,
2285 1889 2388 1943 κᾶν
2451 1866 2661 1961 ἀπειλῇ
2697 1907 2781 1953 τις
2841 1891 2900 1942 οὑ
2953 1866 3250 1960 παὺσομαι.
3299 1889 3372 1942 Τὸ
3413 1890 3469 1942 δέ
3507 1891 3604 1959 οὐχ

365 1957 560 2012 Verum
594 1958 698 2012 hoc
733 1973 841 2012 non
874 1959 1085 2024 estita,
1115 1960 1206 2014 sed
1241 1969 1356 2016 tota
1391 1963 1527 2018 urbs
1567 1963 1632 2016 ad
1679 1967 1930 2018 meritam

365 2063 461 2117 pro
494 2049 792 2104 benefactis
825 2050 1058 2121 gratiam
1095 2050 1438 2108 referendam
1491 2065 1775 2123 movetur;
1811 2072 1932 2126 qua:

361 2159 483 2194 cum
516 2151 733 2210 tempus
765 2157 874 2196 non
900 2141 1148 2198 sufﬁcere
1175 2145 1457 2200 existimet
1484 2153 1542 2200 ut
1574 2162 1672 2216 pro
1702 2165 1760 2203 se
1780 2150 1933 2219 quis-

360 2250 470 2303 que
499 2234 669 2298 dicat,
703 2234 948 2289 unanimi
995 2250 1190 2291 omnes
1219 2239 1492 2292 sententia
1526 2240 1764 2294 oratoris
1800 2257 1932 2295 voce

360 2326 604 2380 contenti
636 2334 764 2381 sunt
798 2345 812 2381 :
853 2325 900 2382 is
921 2329 1066 2382 enim
1095 2327 1162 2382 ad
1185 2329 1480 2384 dicendum
1507 2345 1607 2400 pro
1647 2333 1782 2386 urbe
1820 2333 1932 2386 ele-

359 2425 500 2479 ctus,
537 2431 642 2470 una
675 2432 808 2473 voce
836 2417 1081 2472 onmium
1117 2418 1353 2487 cogitata
1385 2420 1660 2490 exprimit.
1686 2421 1813 2477 lude
1844 2441 1932 2476 au-

361 2518 492 2572 tem,
526 2509 664 2563 mira
695 2526 803 2576 res,
859 2511 1023 2565 simul
1077 2521 1130 2564 et
1180 2511 1325 2566 bono
1378 2528 1464 2567 me
1506 2515 1691 2568 animo
1723 2530 1846 2571 esse
1878 2526 1933 2570 et

363 2605 576 2666 timere,
607 2603 808 2658 accidit
843 2622 855 2656 :
893 2603 1039 2672 quod
1074 2604 1220 2658 enim
1264 2602 1429 2669 facta,
1485 2621 1607 2674 quae
1647 2607 1784 2661 nihil
1827 2608 1930 2661 hu-

365 2697 492 2750 mile
526 2695 836 2757 continent,
877 2693 930 2747 in
963 2692 1200 2750 sublime
1225 2696 1484 2751 attollunt
1507 2698 1835 2762 orationem,
1879 2707 1933 2753 et

365 2787 564 2840 dicenti
597 2785 848 2855 expedita
876 2794 1026 2851 sunt,
1058 2801 1315 2858 magnum
1347 2789 1451 2843 hoc
1481 2797 1566 2844 est
1591 2799 1648 2844 et
1690 2791 1930 2860 splendi-

361 2880 512 2941 dam,
563 2893 760 2948 meque
809 2877 1032 2948 adjuvat
1080 2897 1092 2932 :
1132 2886 1316 2934 metuo
1367 2889 1572 2945 autem,
1629 2896 1696 2936 ne
1745 2897 1930 2938 rerum

365 2970 703 3025 abundantia
733 2977 788 3026 et
823 2970 1180 3026 multitudine
1229 2971 1665 3042 obstupefactus,
1715 2973 1928 3028 dicendi

364 3059 593 3114 materia
644 3059 725 3114 uti
754 3059 1031 3128 nesciens,
1064 3076 1172 3116 non
1213 3062 1396 3134 eloqui
1428 3063 1650 3119 divitias
1698 3065 1928 3133 possim,

365 3163 529 3223 atque
555 3153 770 3208 consilii
801 3153 959 3223 inops
985 3169 1299 3225 appaream,
1351 3157 1494 3216 sicut
1526 3156 1581 3210 in
1632 3165 1792 3226 prato
1843 3157 1930 3226 ju-

367 3244 548 3298 cunde
579 3254 631 3298 et
665 3246 875 3298 varium
907 3249 1275 3315 spectaculum
1305 3249 1578 3318 praebente
1610 3252 1791 3304 omnia
1816 3250 1936 3320 qui~

366 3341 489 3392 dem
515 3339 742 3410 pulchra
773 3349 907 3394 sunt
936 3351 1160 3410 aspectu
1197 3361 1213 3400 :
1251 3351 1526 3413 spectator
1551 3355 1757 3409 autem,
1809 3360 1933 3398 cum

327 3431 546 3512 ,υιιιιιίιι
582 3430 746 3485 simul
779 3430 1070 3496 delectent,
1123 3433 1344 3488 nescius
1397 3433 1527 3508 quid
1581 3436 1838 3504 praterat
1884 3445 1937 3488 et

357 3533 646 3598 decerpat,
699 3528 767 3582 ab
809 3527 1068 3584 omnibus
1121 3529 1286 3584 simul
1329 3529 1612 3586 abstinens
1656 3531 1932 3586 consistit.

311 3630 316 3634 ‘
369 3619 472 3673 Sed
518 3633 834 3688 quanquam
862 3633 950 3672 res
979 3618 1058 3672 sic
1087 3634 1146 3675 se
1185 3619 1402 3684 habeat,
1435 3621 1615 3674 oratio
1653 3628 1832 3674 tamen
1869 3621 1935 3673 ad

367 3713 548 3764 omnia
577 3711 754 3766 audax
787 3709 986 3766 ﬁducia
1021 3711 1251 3780 impleta
1281 3717 1390 3776 est,
1421 3721 1476 3767 et
1499 3713 1816 3783 petulanter
1845 3727 1938 3768 sa-

368 3805 449 3868 lit,
485 3812 540 3858 et
569 3817 679 3872 prae
727 3804 1003 3874 voluptate
1051 3804 1370 3871 bacchatur,
1406 3805 1736 3874 fortunaque
1765 3808 1937 3874 magis

368 3910 530 3964 quam
560 3895 793 3951 consilio
821 3896 1124 3964 conlidens,
1165 3913 1288 3974 qua;
1321 3898 1502 3953 futura
1533 3906 1659 3952 sunt
1686 3898 1820 3954 nihil
1843 3913 1937 3952 cu-

369 3998 472 4042 rat.
503 3985 622 4051 Qua
645 3985 712 4041 de
743 4000 907 4042 causa
962 3987 1286 4043 audebimus
1325 3988 1530 4060 aliquid
1560 4002 1724 4058 supra
1769 3989 1936 4053 vires,

368 4091 488 4142 quae
523 4077 859 4146 indulgentia
888 4087 1074 4148 egent,
1111 4079 1283 4133 animi
1312 4079 1498 4134 studio
1528 4080 1794 4134 excusati.

438 4281 506 4338 ll.
533 4281 653 4339 Tibi
689 4282 835 4338 enim
873 4280 1099 4338 fortuna
1129 4285 1288 4354 quasi
1336 4283 1521 4339 futura
1552 4285 1688 4340 bene
1725 4285 1939 4356 prospi-

368 4379 542 4442 ciens,
592 4376 775 4430 omnia
826 4374 976 4431 dedit
1021 4391 1142 4446 quae
1197 4377 1576 4446 imperatorem
1635 4375 1938 4430 Romanum

299 4517 306 4523 .
368 4469 642 4522 decerent.
661 4464 728 4520 Et
755 4465 1018 4537 primum,
1044 4475 1104 4522 ut
1132 4482 1234 4537 par
1263 4475 1402 4532 erat,
1428 4465 1649 4521 donavit
1679 4466 1933 4536 patriam,

2033 1983 2203 2048 οὑτως
2235 1983 2380 2054 ἔχει’
2415 1983 2508 2053 ὅλη
2555 1983 2611 2036 δὲ
2661 1983 2813 2045 πόλις
2854 1983 2970 2036 ἀνθ’
3012 1977 3086 2036 ὧν
3129 1978 3186 2037 εὖ
3238 1984 3433 2054 πάσχει
3469 1982 3604 2053 πρὸς

2034 2077 2269 2147 ἀμοιϐὴν
2319 2077 2549 2129 κινεῖται
2601 2075 2852 2129 δικαίανο
2897 2075 2991 2129 καὶ
3028 2074 3148 2129 καθ’
3180 2075 3409 2128 ἕκαστον
3438 2073 3604 2144 ἄνδρα

2032 2171 2212 2238 λέγειν
2240 2169 2338 2239 οὐχ
2381 2169 2564 2222 ἱκανὸν
2608 2167 2884 2239 ἡγουμένη
2916 2169 3007 2222 τὸν
3032 2167 3246 2238 χρόνον,
3277 2169 3427 2238 κοινῇ
3470 2167 3606 2219 πάν-

2031 2278 2122 2324 τες
2143 2261 2309 2331 ψήφῳ
2341 2261 2406 2330 τῇ
2445 2261 2540 2312 τοῦ
2591 2260 2818 2331 ῥήτορος
2861 2259 3156 2329 ἀρκοῦνται
3209 2261 3360 2330 φωνῇ
3395 2276 3408 2290 ο
3443 2259 3471 2311 ό
3499 2259 3605 2329 γὰρ

2033 2351 2173 2424 ὑπὲρ
2205 2349 2411 2414 πόλεως
2454 2349 2898 2422 προϐεϐλημένος
2939 2345 3017 2419 τῷ
3046 2349 3212 2420 λόγῳ,
3250 2351 3346 2420 μιᾷ
3393 2348 3606 2418 γλώττῃ

2029 2443 2130 2506 τὰς
2181 2443 2433 2523 ἁπάντων
2478 2440 2832 2512 ὑποκρίνεται
2870 2438 3116 2516 γνώμας.
3162 2441 3258 2493 Ἐκ
3304 2438 3361 2492 δὲ
3403 2439 3606 2491 τούτων

2033 2533 2255 2605 θαρρεῖν
2287 2550 2346 2587 τε
2375 2533 2489 2602 ἅμα
2528 2532 2621 2586 καὶ
2651 2531 2878 2585 δεδιέναι
2912 2547 2978 2600 με
3009 2529 3331 2600 παραλόγως
3369 2529 3606 2597 συμϐαί-

2031 2645 2113 2681 νει
2133 2647 2148 2662 ο
2168 2629 2251 2682 ὅτι
2280 2627 2378 2698 μὲν
2407 2626 2516 2695 γὰρ
2547 2625 2608 2677 τὸ
2629 2624 2737 2676 τῶν
2771 2624 3132 2694 πραγμάτων,
3168 2622 3424 2675 ταπεινὸν
3453 2621 3605 2673 οὐδὲν

2033 2720 2392 2789 ἐφελκόμενον
2413 2721 2489 2781 είς
2509 2716 2638 2786 ’ὑψος
2657 2715 2872 2786 ἐπαίρει
2892 2715 2981 2769 τὸν
2993 2715 3168 2781 λόγον,
3190 2713 3284 2766 καὶ
3307 2714 3380 2783 τῷ
3398 2714 3606 2780 λέγοντι

2034 2811 2171 2882 πρὸς
2190 2809 2447 2880 εὐπορίαν
2463 2808 2806 2872 καθίσταται,
2828 2808 2968 2878 μέγα
2980 2805 3139 2860 τοῦτο
3156 2806 3249 2858 καὶ
3265 2805 3510 2876 λαμπρὸν
3529 2807 3606 2866 εἰς

2034 2902 2289 2972 εὐτυχίαν
2317 2902 2457 2970 ἐμοί·
2478 2901 2688 2954 δέδοικα
2716 2900 2772 2953 δέ
2791 2899 2864 2970 μὴ
2887 2902 2952 2970 τῇ
2969 2898 3088 2952 λίαν
3106 2897 3376 2969 ὑπερϐολῇ
3410 2897 3499 2951 καὶ
3530 2895 3605 2965 τῷ

2034 2992 2225 3062 πλήθει
2247 2988 2352 3044 τῶν
2381 2992 2729 3061 ὑπαρχόντων
2763 2987 3155 3056 καταπλαγεὶς,
3189 2987 3288 3040 οὐκ
3311 2988 3448 3057 ἔχων
3483 2987 3511 3040 ὃ
3549 3003 3601 3038 τι

2034 3083 2310 3154 χρήσομαι
2343 3084 2454 3146 τοῖς
2474 3080 2761 3153 παροῦσιν,
2793 3083 2869 3144 εἰς
2893 3081 3134 3151 ἀφωνίαν
3171 3077 3487 3150 μεταϐάλλω
3514 3080 3605 3131 τὸν

1961 3209 2003 3267 C
2037 3171 2283 3238 πλοῦτον,
2299 3172 2392 3225 καὶ
2407 3172 2778 3243 ἀπορούμενος
2792 3172 3292 3244 στήσομαι.Ὢσπερ
3309 3173 3365 3224 ἐν
3381 3169 3605 3240 λειμῶνι

2038 3263 2368 3337 τερπνῷςκαὶ
2393 3264 2644 3336 ποικίλην
2667 3265 3025 3336 παρεχομένῳ
3041 3263 3135 3333 τὴν
3153 3262 3298 3325 θέαν,
3317 3261 3489 3314 πάντα
3511 3262 3606 3331 μὲν

2040 3359 2118 3419 είς
2171 3355 2366 3420 κάλλος
2403 3358 2592 3428 ὁρᾶται
2624 3373 2638 3388 ο
2677 3357 2704 3408 ὁ
2757 3355 2814 3408 δὲ
2867 3354 3086 3425 θεατὴς,
3138 3353 3355 3406 πάντων
3407 3351 3605 3422 ὁμοίως

2039 3447 2454 3516 εὐφραινόντων,
2496 3448 2596 3500 οὐκ
2629 3445 2766 3518 ἔχων
2800 3445 2828 3498 ὅ
2850 3461 2902 3498 τι
2935 3445 3262 3514 προτιμήσει
3289 3444 3384 3498 καὶ
3413 3443 3602 3514 δρέψε-

2037 3553 2148 3600 ται,
2191 3535 2407 3590 πάντων
2448 3537 2648 3608 ὁμοίως
2696 3535 3034 3609 ἀπεχόμενος
3082 3535 3331 3605 ἕστηκεν.
3387 3534 3462 3587 Οὑ
3500 3535 3606 3604 μὴν

2038 3627 2194 3690 ἀλλὰ,
2227 3627 2428 3700 καίπερ
2456 3628 2662 3682 τούτων
2683 3628 2856 3692 οὑτως
2883 3628 3132 3698 ἐχόντων,
3165 3626 3342 3681 πάντα
3367 3625 3608 3698 τολμῶν-

2037 3734 2128 3782 τες
2148 3720 2197 3772 οἱ
2215 3717 2365 3786 λόγοι
2393 3719 2488 3771 καὶ
2518 3719 2613 3772 νῦν
2635 3720 2836 3789 ὁμοίως
2872 3719 3248 3790 θρασύνονται,
3299 3720 3394 3772 καὶ
3435 3717 3610 3788 πηδῶ-

2041 3825 2124 3860 σιν
2178 3809 2448 3873 ἀτάκτως,
2507 3810 2600 3862 καὶ
2653 3807 2840 3879 ὥσπερ
2886 3810 2973 3879 ὑφ’
3007 3809 3197 3880 ἡδονῆς
3251 3807 3608 3878 βακχεύοντες

2040 3901 2281 3970 πάρεισι,
2318 3900 2453 3970 τύχῃ
2486 3901 2682 3971 μᾶλλον
2705 3903 2736 3971 ἢ
2763 3900 2956 3973 γνώμῃ
2981 3900 3310 3973 θαρροῦντες
3329 3940 3343 3965 ,
3380 3900 3473 3951 καὶ
3503 3898 3609 3950 τῶν

2043 3991 2343 4062 μελλόντων
2365 3992 2514 4045 οὐδὲν
2543 3992 3067 4064 λογιζόμενοι.”Οθεν
3091 3990 3431 4062 τολμήσομέν
3450 4008 3500 4043 τι
3517 3991 3611 4043 καὶ

1951 4117 1958 4124 -
2039 4084 2190 4154 παρά
2235 4084 2484 4153 δύναμιν,
2525 4084 2795 4153 ἀρκοῦσαν
2831 4086 2909 4148 εἰς
2967 4087 3298 4154 συγγνώμην
3333 4083 3432 4154 τὴν
3479 4101 3610 4155 προ-

2041 4174 2240 4244 θυμίαν
2275 4174 2727 4246 προϐεϐλημένοι.

2112 4287 2188 4342 B'.
2212 4287 2303 4340 Σοὶ
2328 4289 2436 4357 γὰρ
2465 4287 2654 4358 ὥσπερ
2705 4289 2738 4356 ἠ
2787 4288 2924 4358 τὺχη
2953 4286 3132 4350 καλῶς
3161 4285 3222 4340 τὸ
3255 4287 3444 4356 μέλλον
3481 4304 3614 4357 μανι

2042 4378 2328 4450 τευομένη,
2395 4379 2676 4450 πρέποντα
2717 4379 2894 4433 πάντα
2940 4378 3178 4448 παρέσχε
3209 4380 3273 4448 τῇ
3329 4376 3610 4446 Ῥωμαίων

2044 4469 2344 4540 ἠγεμονίαο
2379 4469 2473 4522 καὶ
2518 4469 2754 4536 πρῶτον,
2796 4467 2982 4537 ῶσπερ
3016 4466 3143 4529 ἔδει,
3183 4464 3468 4536 ,χαρίζεται
3512 4483 3614 4517 πα-

326 4601 329 4606 -
367 4577 490 4632 quae
514 4562 755 4630 “aliarum
789 4569 1063 4616 terrarum
1100 4561 1415 4617 felicitatem
1442 4570 1728 4632 superaret
1761 4575 1774 4614 :
1810 4562 1933 4631 Epi-

2043 4562 2197 4633 τρίδα
2251 4561 2488 4615 νικῶσαν
2535 4560 2634 4628 τὴν
2697 4560 2804 4612 τῶν
2856 4559 3030 4614 ἄλλων
3084 4558 3463 4628 εὐδαιμονίαν⁹
3517 4555 3613 4624 τὴν

366 4658 625 4709 damnum
656 4653 801 4709 enim
827 4662 1032 4709 canunt
1061 4655 1381 4725 scriptores,
1405 4663 1460 4709 et
1507 4669 1633 4709 cum
1682 4655 1789 4710 illis
1820 4656 1933 4709 cla-

367 4762 524 4804 mans
558 4745 834 4802 collaudat
861 4745 1027 4814 fama,
1064 4747 1252 4802 urbem
1311 4763 1375 4801 ea
1403 4747 1730 4802 continente
1761 4749 1942 4818 proje-

2040 4655 2147 4724 γάρ
2182 4653 2508 4724 Ἐπίδαμνον
2548 4652 2732 4724 ᾅδουσι
2783 4652 2860 4721 (2)
2910 4652 3005 4722 μὲν
3046 4652 3403 4720 συγγραφεῖς,
3451 4649 3613 4717 βοῶσι

2040 4746 2096 4801 δὲ
2154 4748 2246 4800 καὶ
2296 4747 2413 4817 μετ’
2449 4746 2670 4799 ἐκείνων
2717 4747 2773 4798 αἱ
2826 4745 3026 4815 φῆμαι,
3080 4744 3231 4797 πόλιν
3278 4743 3337 4806 ἐξ
3385 4743 3613 4811 ἠπείρου

1516 4922 1742 4978 ANSSII
1770 4923 2209 4979 V'ILLOISONIS
2235 4923 2464 4979 ΝΟΤᾸΕ.

439 5037 734 5109 (I)Eodem
767 5051 931 5109 sensu
959 5036 1246 5092 Choricius
1278 5039 1331 5090 in
1365 5037 1454 5090 illa
1481 5035 1741 5093 Oratione
1775 5035 1933 5091 fune-
1979 5029 1990 5042 ’

372 5112 475 5172 bri,
490 5107 596 5179 qua
617 5107 1229 5179 eumdemProcopium,
1249 5109 1772 5179 suuuimagistrum,
1795 5110 1937 5179 cele-

370 5175 523 5242 brat,
545 5180 686 5246 apud
719 5176 928 5232 Fabric.
961 5175 1103 5232 Bibl.
1135 5175 1303 5232 Gra’c.
1331 5188 1369 5230 t.
1404 5175 1545 5240 VIII,
1574 5195 1625 5246 p.
1651 5178 1754 5231 862
1777 5177 1938 5246 εῌΝὑν

369 5251 423 5300 ἑὲ
451 5241 530 5313 τίς
574 5241 642 5319 οὐ
670 5248 898 5300 κατόπιν
914 5249 1168 5319 ⁸χωρήσει
1219 5248 1325 5299 τῶν
1357 5241 1755 5318 εἰργασμένων,
1786 5241 1860 5300 ὧν
1889 5247 1940 5300 τί

371 5322 566 5389 παρεὶς
587 5318 737 5389 Δτίνος
764 5317 984 5389 μνησθῶ
1013 5317 1026 5383 ζ

443 5387 518 5457 (:2)
581 5387 843 5455 Evagrius
892 5387 1306 5457 Scholasticus,
1360 5387 1676 5442 Ecclesiast.
1732 5388 1942 5457 Πίθων.

371 5461 407 5512 1.
444 5452 522 5520 ιιι,
555 5473 603 5512 c.
626 5452 716 5520 29,
746 5474 800 5526 p.
839 5458 960 5523 557,
986 5456 1268 5512 ed.Valcs.
1309 5458 1690 5513 Amszelodami
1721 5477 1733 5510 :
1771 5452 1939 5518 Οὗτος

370 5536 397 5580 ο
464 5529 810 5599 Ἀναστάσιος
862 5528 1094 5599 πατρίδα
1152 5529 1249 5598 τὴν
1303 5529 1627 5599 Ἐπίδαμνον
1688 5527 1860 5599 ἔχων,
1904 5527 1938 5597 ἢ

373 5598 670 5671 ἐὺρῤάχιον
701 5597 794 5671 νῦν
829 5597 1282 5671 προσηγόρευται,
1322 5601 1439 5671 ,τήν
1470 5597 1528 5651 τε
1571 5599 1814 5667 Ζήνωνος
1842 5598 1939 5671 βα-

376 5667 586 5739 σιλείαν
645 5670 738 5721 καὶ
796 5667 1042 5739 γαμετὴν
1080 5667 1091 5669 “
1120 5669 1214 5722 τοῦ
1275 5668 1438 5723 αὐτοῦ
1499 5671 1776 5738 Ζήνωνος,
1840 5667 1939 5736 τὴν

386 5738 686 5811 Ἀριάδνην,
718 5738 1064 5811 ἐσοικίζεται,
1116 5741 1260 5793 Idem
1298 5741 1496 5811 ibidem
1532 5740 1693 5808 paulo
1725 5753 1892 5811 supra
1922 5755 1934 5788 :

382 5808 456 5862 Ἠ
483 5811 730 5878 Ἀριάδνη
783 5809 1112 5880 Ἀναστασέῳ
1137 5811 1226 5862 τὸν
1287 5810 1544 5877 στέφανον
1613 5808 1934 5877 ἐπιτίθησιν,

2041 5038 2196 5091 οὔπω
2221 5038 2320 5108 μὲν
2352 5039 2544 5106 ἥκοντι
2581 5040 2660 5100 εἰς
2690 5038 3002 5106 γερουσίαν,
3053 5039 3110 5089 ἐν
3135 5036 3190 5089 δὲ
3233 5037 3299 5106 τῇ
3348 5034 3617 5103 λεγομένῃ

2041 5108 2151 5162 τῶν
2178 5109 2563 5178 Σιλεντιαρίων
2613 5109 2774 5178 σχολῇ
2809 5108 3224 5176 καταλεγομένη)
3255 5123 3363 5178 {ex
3397 5123 3522 5173 ιιιιυ,
3559 5116 3616 5155 ιιι

2043 5195 2107 5232 ex
2147 5179 2237 5242 iis,
2265 5193 2385 5245 quae
2435 5178 2574 5230 infra
2603 5177 2934 5240 notabimus.
2995 5187 3219 5248 apparet
3267 5177 3614 5230 Anastasium

2046 5249 2284 5302 obscuro
2313 5257 2500 5300 natum
2544 5249 2683 5301 loco.
2722 5250 3016 5303 Silentiarii
3050 5259 3252 5309 autem,
3291 5251 3618 5299 observante

2022 5317 2254 5373 .Jacobo
2297 5317 2476 5370 Goa‘ro
2515 5334 2567 5386 p.
2613 5318 2681 5371 55
2716 5327 2768 5370 et
2800 5319 2868 5372 '56
2907 5333 3155 5372 notarum
3186 5319 3236 5370 in
3283 5318 3612 5372 (lcdrnuutn,

2051 5387 2256 5442 Grazcis
2285 5395 2414 5439 sunt
2445 5389 2785 5456 ἡσυχοποιοί,
2826 5389 2880 5442 id
2913 5399 3018 5450 est,
3048 5389 3140 5458 qui
3170 5389 3233 5440 ad
3272 5389 3616 5458 imperatoris

2046 5458 2218 5512 latera
2279 5458 2558 5512 silentium
2638 5466 2694 5510 et
2769 5461 3004 5526 quietem
3069 5456 3334 5512 VllitllCtllll
3371 5495 3385 5513 ,
3436 5456 3613 5526 juxta

2048 5528 2331 5598 Agathiam
2385 5526 2694 5598 fma-.5111:
2770 5524 2866 5598 τῆς
2927 5531 3068 5598 ἀμφὶ
3118 5529 3209 5580 τὸν
3262 5524 3488 5598 βασιλέα
3541 5539 3618 5572 σεο

2047 5594 2168 5666 γῆς.
2210 5596 2271 5649 V.
2301 5607 2354 5651 et
2385 5595 2633 5651 Fabrott.
2680 5601 2734 5651 in
2769 5594 3048 5654 Glossario
3075 5594 3326 5652 Cedreui.
3359 5594 3614 5662 Epidam-

2047 5683 2150 5720 nus
2187 5682 2337 5728 vero,
2377 5667 2524 5721 illius
2550 5670 2743 5737 patria.
2797 5682 2912 5721 erat
2943 5674 3004 5722 ἐκ
3052 5670 3149 5737 τῆς
3193 5670 3316 5728 νέας
3357 5667 3614 5722 Ἠπεριιυ

2047 5737 2336 5805 ἐπαρχίας,
2365 5748 2422 5790 ιιι
2452 5739 2527 5788 ait
2571 5739 2864 5792 Chronico"
2905 5740 3182 5803 Pasclmle,
3224 5742 3289 5790 de
3323 5741 3615 5788 Λιιοειςιδιυ

2049 5806 2336 5860 videndtlzu
2375 5823 2425 5877 p.
2464 5808 2567 5861 59.9
2605 5819 2652 5863 et
2693 5827 2847 5878 seqq.
