4034 6246
331 332 471 400 9803

1643 341 1999 403 PROCOPII
2048 345 2290 405 GAZ.EI

3431 347 3569 411 28M

331 456 446 502 tum
470 420 651 518 ‘raligo
681 449 948 520 dissipata
976 458 1083 507 est.
1140 451 1388 507 Divinum
1444 471 1569 511 vere
1619 457 1886 528 quoddam

1998 477 2087 522 νες
2127 461 2467 531 ἐλευθέριον·
2537 461 2763 527 κάκεῖνα
2824 462 3001 534 πέρας
3056 456 3237 534 εἶχεν·
3285 466 3319 536 ἡ
3356 465 3413 518 δὲ
3464 467 3571 518 τῶν

329 539 592 608 placitum
637 555 831 598 versus
888 551 942 596 te
999 545 1253 599 movebat
1312 545 1590 617 suffragia,
1625 560 1679 602 et
1732 550 1894 618 quasi

330 644 442 684 uno
467 645 564 686 ore
594 632 648 686 in
681 640 734 688 te
770 634 1003 703 populus
1030 635 1318 692 universus
1345 638 1635 694 clamando
1662 656 1900 696 consen-

332 724 519 787 tiehat,
547 739 795 781 summus
823 735 1048 783 senatus
1080 731 1501 797 assentiebatur,
1528 732 1768 805 Augusta
1800 752 1899 791 an-

327 818 554 878 nuebat,
579 827 633 872 et
657 818 875 873 comitia
904 820 1140 888 perfecta
1176 831 1320 878 sunt.
1350 823 1406 878 ld
1440 814 1639 879 nostra:
1671 825 1900 883 felicita-

329 906 400 961 tis
430 907 781 979 principium,
819 909 932 965 haec
962 911 1133 981 prima
1158 913 1348 981 quies;
1376 914 1478 969 hoc
1506 931 1723 971 omnem
1747 919 1897 974 exci-

328 999 480 1053 tabat
508 1000 695 1056 urbem
724 1000 999 1058 felicitatis
1016 1020 1200 1060 sensu.
1227 1007 1310 1060 Ab
1327 1006 1419 1060 illo
1437 1015 1681 1077 tempore
1702 1008 1898 1063 ﬂorent

326 1104 415 1145 res
446 1099 648 1144 nostra:
670 1098 724 1145 et
754 1100 973 1147 mutata:
997 1106 1125 1150 sunt
1152 1114 1165 1149 :
1205 1106 1371 1167 atque
1406 1097 1551 1151 milia
1590 1113 1780 1153 eorum
1816 1101 1897 1154 vis

328 1189 431 1241 ert.
474 1182 566 1250 qui
604 1197 703 1237 nos
735 1183 1010 1239 lteserant.

400 1269 482 1323 Vl.
530 1270 868 1337 Quibusdam
899 1275 1024 1330 inde
1054 1291 1080 1328 a
1115 1276 1291 1347 primo
1335 1281 1602 1335 nascendi
1650 1291 1896 1353 tempore

327 1359 458 1427 ipsae
498 1360 681 1417 fasciaa
715 1362 783 1418 de
811 1380 1055 1436 purpura
1095 1378 1246 1435 sunt,
1276 1385 1338 1425 ac
1378 1372 1564 1428 statim
1599 1388 1756 1443 reges
1798 1390 1894 1428 vo-

324 1459 522 1506 cantur
557 1455 873 1525 priusquam
922 1458 1201 1512 fortunam
1250 1462 1457 1530 experti
1496 1472 1647 1517 sunt.
1701 1462 1891 1518 Postea

324 1555 452 1595 vero
479 1544 680 1613 saepius
710 1560 775 1600 eo
808 1546 955 1601 dono
996 1547 1207 1618 indigni
1241 1550 1344 1604 visi
1380 1552 1623 1605 excitant
1665 1566 1893 1607 accusa-

324 1644 474 1690 tores
514 1644 706 1691 contra
738 1637 916 1705 deam,
951 1644 1108 1710 quasi
1155 1641 1286 1696 nihil
1315 1643 1382 1697 de
1434 1643 1502 1698 iis
1536 1659 1657 1714 qua:
1703 1643 1889 1699 futura

324 1730 600 1782 occultent
657 1728 901 1793 sciverit,
963 1747 1140 1803 neque
1189 1735 1508 1790 discernere
1533 1737 1739 1806 possit,
1796 1736 1890 1792 sed

1999 553 2341 623 πραγμάτων
2376 553 2540 624 ἀχλὺς
2562 553 2822 608 διελύετο.
2856 555 3045 627 Δόγμα
3072 574 3126 609 τι
3162 556 3306 610 θεῖον
3334 557 3410 621 ὡς
3441 557 3573 630 ἀλη-

1999 642 2106 706 θῶς
2141 643 2232 696 ἐπὶ
2258 643 2340 696 σοὶ
2378 643 2477 714 τὴν
2519 643 2699 715 ψῆφον
2737 644 2940 697 ἐκίνει*
2986 647 3081 698 καὶ
3124 644 3313 715 ὥσπερ
3341 647 3406 699 ἐκ
3444 646 3572 717 μιᾶς

1996 736 2225 805 γνώμης
2264 737 2293 788 ὁ
2327 734 2495 805 δῆμος
2525 736 2671 799 ἀπα-ς
2712 735 2875 789 ἐϐόα”
2926 736 3138 806 μεγάλη
3191 736 3353 808 βουλὴ
3400 753 3571 809 προσ-

1997 825 2237 879 ετίθετοσ
2272 825 2483 897 βασιλὶς
2511 826 2763 880 ἐπένευεν
2786 827 2895 897 (11)
2914 845 2929 861 ο
2962 830 2994 900 η
3023 828 3078 881 δὲ
3103 828 3279 897 ψῆφος
3319 826 3566 897 ἐφέρετο.

1998 917 2148 990 Αὕτη
2196 920 2294 988 τῆς
2342 919 2614 990 ἡμετέρας
2668 913 3011 989 εὐδαιμονίας
3048 920 3197 990 ἀρχὴ
3250 923 3346 973 καὶ
3400 920 3569 977 κατά-

2000 1029 2187 1075 στασις
2232 1011 2344 1082 (ιῖ)
2375 1010 2586 1081 πρώτη,
2622 1010 2780 1065 τοῦτο
2815 1014 2995 1065 πᾶσαν
3038 1011 3227 1083 ἥγειρε
3263 1012 3419 1065 πόλιν
3452 1013 3566 1075 ταῖς

1996 1102 2347 1174 εὐπραγίαις,
2396 1100 2645 1156 ἐντεῦθεν
2702 1102 2940 1172 ἀκμάζει
2989 1102 3058 1154 τά
3112 1101 3233 1155 καθ’
3273 1104 3423 1172 ἡμᾶς
3473 1102 3567 1158 καὶ

1998 1190 2421 1263 μεταϐέϐληται,
2454 1191 2548 1245 καὶ
2572 1190 2679 1243 τῶν
2698 1188 3011 1244 λυπούντων
3046 1188 3202 1259 λόγος
3226 1191 3420 1255 οὐδείς.

2064 1281 2160 1350 CT.
2192 1282 2405 1344 Ἀλλοις
2437 1282 2535 1352 μὲν
2563 1280 2657 1335 οὖν
2687 1282 2749 1335 ἐκ
2777 1280 3000 1352 πρώτης
3013 1282 3281 1351 γενέσεως
3310 1282 3565 1351 ἁλουργί-

1989 1373 2081 1440 δες
2098 1376 2190 1428 καὶ
2217 1373 2285 1427 τὰ
2318 1373 2606 1443 σπάργανα
2631 1390 2643 1403 ·
2674 1371 2767 1425 καὶ
2799 1371 3037 1443 βασιλεῖς
3053 1373 3213 1436 εὐθὺς
3250 1373 3560 1440 καλοῦνται,

1995 1467 2123 1537 πρὶν
2172 1464 2455 1519 αἰσθέσθαι
2514 1467 2615 1535 τῆς
2664 1463 2853 1536 τύχης.
2888 1464 3155 1537 ’Υστερον
3195 1466 3253 1521 δὲ
3304 1465 3562 1529 πολλάκις

1993 1553 2201 1619 ἀνάξιοι
2242 1555 2501 1624 φανέντες
2540 1555 2638 1623 τῆς
2668 1554 2877 1626 δωρεᾶς
2917 1556 3259 1625 κατηγόρους
3300 1556 3561 1624 ἐφιστῶσι

1994 1651 2060 1718 τῇ
2124 1647 2363 1716 δαίμονι,
2420 1646 2495 1709 ὡς
2555 1646 2710 1699 οὐδὲν
2753 1645 3020 1716 ἠπίστατο
3071 1645 3179 1701 τῶν
3238 1645 3559 1714 μελλόντων,

1993 1737 2115 1791 οὐδὲ
2177 1737 2384 1807 κρίνειν
2442 1732 2552 1789 οἶδε
2599 1736 2797 1801 καλῶς,
2840 1736 2956 1790 ἀλλ’
3000 1737 3121 1807 είκῆ
3174 1735 3559 1806 φιλοτιμεῖται,

323 1827 530 1876 temere
573 1821 805 1877 honores
834 1821 1061 1888 tribuat,
1111 1834 1164 1881 et
1194 1842 1252 1882 se
1303 1827 1485 1893 dedat,
1539 1845 1649 1884 non
1689 1830 1886 1899 quibus

1994 1830 2089 1882 καὶ
2114 1829 2332 1883 δίδωσιν
2363 1826 2559 1898 ἑαυτὴν
2607 1828 2705 1899 οὐχ
2731 1828 2877 1892 ὅσοις
2920 1828 3091 1895 ἄξιον,
3145 1827 3261 1882 ἀλλ’
3296 1828 3442 1893 ὅσοις
3465 1830 3559 1884 καί

325 1919 595 1979 oporteat,
623 1912 717 1967 sed
760 1913 961 1983 quibus
1000 1914 1202 1971 lubeat.
1249 1916 1392 1983 Quin
1445 1918 1490 1974 si
1531 1918 1680 1991 digni
1724 1936 1887 1989 appa-

322 2006 474 2053 reant
501 2014 565 2054 eo
599 2001 852 2069 culmine,
891 2012 1070 2059 tamen
1104 2006 1326 2062 honoris
1366 2008 1574 2074 studio,
1614 2019 1668 2064 et
1700 2026 1769 2064 ne
1798 2009 1886 2064 in-

320 2091 400 2143 fra
453 2090 599 2145 hunc
642 2092 1041 2163 relinquantur,
1100 2097 1330 2153 virtutes
1378 2100 1561 2155 colere
1607 2102 1885 2156 videntur.

320 2183 424 2237 Sed
452 2184 504 2238 in
532 2193 585 2239 te
609 2185 861 2249 eligendo
884 2197 1079 2257 prteter
1116 2194 1582 2261 exspectationem
1614 2193 1884 2262 judicium

318 2273 569 2329 adhibuit
600 2273 819 2331 fortuna
850 2286 905 2333 et
947 2280 1160 2349 justum
1209 2282 1529 2352 suffragium
1585 2283 1724 2338 tulit.
1782 2282 1882 2339 Se-

316 2369 586 2432 quebatur
623 2372 766 2426 enim
801 2374 1030 2431 virtutes
1080 2377 1370 2448 imperimn
1418 2379 1626 2449 pramii
1666 2379 1783 2434 loco
1832 2389 1887 2433 et

315 2461 504 2530 gratiae
554 2463 786 2530 donans,
832 2474 887 2521 et
939 2467 1287 2524 incruentum
1329 2470 1570 2537 quidem,
1630 2481 1684 2526 et
1736 2474 1879 2527 omni

316 2549 505 2608 fraude
536 2564 767 2610 remota.
808 2555 927 2612 Non
961 2559 1128 2627 enim,
1159 2569 1219 2614 ut
1260 2562 1401 2626 aliis,
1451 2578 1621 2627 arma,
1648 2572 1702 2617 et
1740 2577 1888 2634 proa-

316 2641 412 2709 lia,
445 2652 497 2699 et
531 2655 888 2716 cognatorum
933 2649 1131 2715 caedes,
1156 2660 1207 2706 et
1235 2652 1394 2708 dolus
1446 2654 1636 2709 fraude
1661 2655 1885 2709 vincens

319 2743 527 2789 tantum
569 2738 666 2792 tibi
697 2738 848 2795 dedit
888 2741 1169 2797 honorem.
1213 2743 1337 2800 llarc
1390 2745 1624 2801 infelicis
1670 2746 1881 2818 imperii

318 2824 554 2880 infelicia
592 2828 745 2883 initia
780 2840 931 2896 sunt,
972 2841 1026 2886 et
1057 2848 1246 2888 eorum
1272 2835 1488 2906 propria
1521 2837 1611 2906 qui
1647 2853 1881 2908 purpura

318 2915 384 2968 ad
421 2917 743 2986 explendam
775 2920 913 2978 lucri
947 2925 1301 2995 cupiditatem
1328 2926 1648 2983 induuntur.
1681 2929 1760 2984 Tu
1785 2932 1881 2985 tibi

316 3005 553 3061 debitam
581 3010 667 3077 pie
703 3012 983 3082 accepisti,
1018 3030 1219 3086 neque,
1248 3032 1334 3072 me
1363 3016 1612 3085 Hercule,
1656 3021 1884 3076 frustra-

318 3110 405 3151 tus
436 3115 495 3153 es
520 3111 570 3156 te
591 3102 905 3173 eligetitittm
931 3107 1328 3174 testimonium,
1352 3112 1444 3167 sed
1471 3112 1631 3166 etiam
1665 3113 1880 3167 illorum

316 3206 440 3259 spes
473 3196 765 3264 superasti.

389 3283 501 3339 Vil.
548 3286 822 3344 Hactenus
852 3292 1100 3346 oratione
1133 3310 1478 3365 pi-Ogrcssns.
1517 3305 1667 3350 tanta
1699 3313 1880 3352 rerum

319 3375 667 3433 inultitndine
706 3394 1020 3451 conspecta,
1049 3384 1189 3438 idem
1227 3386 1359 3440 mihi
1402 3388 1649 3443 accidere
1671 3390 1884 3443 videtur

317 3466 461 3533 quod
511 3467 619 3524 illis
663 3470 754 3541 qui
792 3483 1014 3540 pontum
1064 3486 1441 3546 prospectant.
1487 3476 1695 3547 Seepius
1735 3480 1879 3534 enim

317 3558 506 3611 oculos
537 3573 603 3612 co
641 3570 931 3630 vertentes,
966 3580 1117 3617 mare
1156 3567 1333 3620 Solum
1364 3567 1587 3622 vident:
1622 3567 1753 3621 nihil
1819 3583 1882 3621 a-

318 3661 560 3720 spectum
588 3654 931 3710 determinat.
953 3657 1317 3713 Nihilominus
1350 3661 1649 3730 perieulum
1684 3669 1767 3715 est
1803 3664 1883 3715 fa-

316 3746 615 3801 ciendum:
660 3764 837 3819 neque
879 3752 1022 3805 enim
1069 3752 1143 3805 illi
1186 3753 1585 3823 navigationem
1628 3753 1884 3808 reformi-

316 3839 466 3900 dant,
512 3857 562 3893 ut
581 3854 687 3909 que
717 3855 817 3895 nos
843 3841 1167 3896 orationem.
1196 3840 1328 3896 Nam
1357 3860 1481 3897 cum
1504 3845 1741 3914 primum
1765 3860 1885 3898 sce-

318 3942 433 3999 ptra
466 3933 790 4002 accepisses,
824 3933 1017 3989 decere
1065 3936 1389 3991 existimans
1430 3951 1593 3990 ornne
1632 3936 1881 4005 peregri—

318 4036 445 4075 num
475 4030 528 4077 et
563 4024 854 4078 barbarum
907 4025 1096 4094 procul
1129 4040 1156 4077 a
1192 4034 1286 4079 tuo
1324 4026 1555 4097 imperio
1592 4041 1801 4091 arcere,
1830 4036 1883 4079 et

318 4130 421 4166 una
455 4131 577 4167 cum
620 4115 868 4169 libertate
920 4115 1154 4171 subditis
1179 4132 1464 4187 apparere,
1495 4117 1608 4172 fieri
1636 4117 1876 4187 jnssisti,

316 4213 370 4258 et
401 4208 652 4275 protinus
676 4223 761 4264 res
795 4209 859 4264 ad
888 4209 1092 4264 exitum
1126 4211 1292 4267 venit.
1326 4210 1571 4282 Namque
1601 4225 1885 4280 compere-

319 4313 408 4352 ras
433 4297 706 4354 Orientem
727 4341 741 4359 ,
776 4302 1208 4372 pra-,stantioretn
1244 4303 1457 4374 imperii
1502 4311 1730 4373 partem,
1757 4304 1880 4372 qni-

318 4390 545 4447 busda-u
602 4392 847 4447 tiuitinris
905 4394 1157 4449 barbaris
1193 4396 1526 4463 perturbari,
1564 4393 1882 4448 hominibus

318 4483 571 4554 superbis
600 4492 654 4538 et
694 4483 993 4545 ferocibus,
1037 4485 1129 4553 qni
1165 4484 1393 4537 aliorum
1421 4484 1558 4537 bona
1617 4482 1880 4537 infestare

316 4578 474 4635 unice
504 4592 601 4647 pro
626 4576 826 4632 virtute
846 4584 1234 4645 agnoscerent;
1258 4585 1311 4631 et
1349 4577 1564 4647 quidem
1633 4576 1880 4631 celeriter

316 4670 647 4738 iugrnentes.
677 4669 928 4724 celeriter
966 4682 1182 4738 quoque
1207 4670 1541 4731 recedentes,
1562 4676 1633 4732 et,
1658 4683 1764 4736 quo
1823 4683 1881 4720 se

317 4746 895 4820 contulisscntpfarile
929 4758 1156 4813 latentes
1184 4776 1197 4812 :
1231 4759 1430 4826 quippe
1462 4757 1661 4826 quibus
1707 4771 1880 4829 neque

314 4868 469 4927 ‘Ot‘US
487 4867 657 4922 neque
675 4851 805 4908 urbs
821 4851 886 4905 ad
904 4849 1255 4908 habitandum
1273 4850 1494 4909 definita
1510 4858 1612 4911 est,
1626 4850 1718 4904 sed
1733 4851 1881 4919 quis-

1919 4485 2017 4580 ni

1997 1920 2269 1991 βούλεται⁶
2302 1922 2351 1973 εί
2394 1920 2450 1974 δὲ
2488 1921 2580 1975 καὶ
2612 1917 2750 1985 ἄξιοι
2804 1921 3023 1988 φανεῖεν
3068 1919 3160 1973 τού
3212 1922 3557 1991 πράγματος,

1990 2013 2104 2067 ἀλλ’
2117 2010 2209 2068 οὖν
2228 2013 2441 2066 δοκοῦσι
2467 2015 2533 2084 τῇ
2553 2013 2651 2083 τῆς
2676 2012 2841 2084 τιμῆς
2858 2014 3115 2067 ἀνατάσει
3136 2012 3156 2044 ³
3178 2012 3347 2084 (12⁸),
3363 2013 3458 2068 καὶ
3479 2013 3559 2084 τῷ

1993 2105 2068 2175 μὴ
2099 2106 2324 2158 κατόπιν
2339 2104 2568 2174 ὀφθῆναι
2589 2104 2809 2175 ταύτης,
2836 2103 3172 2173 ἐπιτηδεύειν
3209 2103 3307 2168 τὰς
3337 2105 3557 2176 ἀρετάς.

2004 2194 2126 2249 Ἐπὶ
2157 2196 2214 2249 δὲ
2249 2195 2344 2250 σοῦ
2396 2196 2712 2265 παραδόξως
2743 2196 2923 2268 κρίσιν
2948 2195 3103 2267 ἐσχεν
3131 2198 3165 2268 ἡ
3194 2197 3353 2266 τύχη.
3374 2195 3555 2266 ψῆφον

1991 2289 2129 2357 ἔγνω
2158 2289 2393 2344 δικαίαν.
2424 2282 2737 2344 ⁴Ηιιολούθει
2756 2289 2864 2363 γάρ
2890 2294 3008 2355 ταῖς
3034 2292 3251 2362 ἀρεταῖς
3273 2309 3287 2325 ο
3321 2291 3557 2362 ἀμοιϐὴν

1938 2432 1945 2441 ,
1990 2381 2085 2433 καὶ
2149 2381 2307 2452 χάριν
2348 2380 2445 2453 τὴν
2502 2380 2781 2451 βασιλειαν
2833 2382 3179 2448 ἀποδιδοῦσα,
3226 2383 3322 2437 καὶ⁵
3351 2382 3556 2451 ταύτην

1987 2472 2341 2541 ἀναίμακτον,
2384 2474 2478 2525 καὶ
2494 2472 2674 2545 πάσης
2711 2472 3141 2544 ἀπηλλαγμένην
3180 2472 3397 2541 ἀπάτης
3429 2487 3443 2503 ο
3491 2473 3554 2526 οὐ
3660 2508 3668 2514 -

1988 2564 2094 2634 γὰρ
2121 2563 2312 2635 ὥσπερ
2337 2565 2542 2636 ἑτέροις
2564 2565 2704 2618 ὅπλα
2731 2565 2825 2619 καὶ
2858 2565 3026 2636 μάχαι
3053 2564 3146 2618 καὶ
3166 2563 3555 2635 προσηκόντων

1988 2657 2214 2725 σφαγαὶ,
2247 2656 2340 2709 καὶ
2381 2655 2531 2718 δόλος
2565 2656 2747 2725 ἀπάτῃ
2774 2654 2959 2717 νικῶν,
2989 2652 3255 2722 τοσαύτην
3288 2669 3373 2706 σοι
3394 2669 3554 2723 περιρ

1986 2748 2198 2801 τέθεικε
2222 2746 2319 2818 τὴν
2344 2747 2529 2817 τιμήν.
2561 2745 2867 2816 Δυστυχοῦς
2900 2745 3074 2799 ταῦτα
3100 2744 3376 2815 βασιλείας
3422 2743 3551 2798 δυση

1984 2842 2120 2910 τυχῆ
2169 2841 2236 2894 τὰ
2278 2840 2571 2909 προοίμια,
2610 2838 2705 2892 καὶ
2744 2837 2854 2892 τῶν
2890 2838 3006 2892 ὅσοι
3042 2836 3351 2904 πλεονεξίας
3384 2836 3549 2907 ἀφορι

1988 2930 2094 3001 μὴν
2117 2930 2215 3001 τὴν
2239 2927 2535 3000 ἁλουργίδα
2568 2928 2932 2999 περίκεινται.
2969 2925 3135 2982 ’Λλλά
3168 2928 3551 2996 προσήκουσαν

1987 3022 2189 3091 ταύτην
2237 3020 2625 3091 προσηκόντως
2668 3019 2982 3089 δεξάμενος,
3045 3019 3146 3073 οὐκ
3191 3016 3443 3089 1ἤλεγξας,
3477 3016 3553 3087 μά

1986 3114 2105 3175 Δία,
2142 3112 2249 3165 τῶν
2287 3128 2343 3165 σε
2374 3109 2730 3182 ψηφισμένων
2753 3110 2775 3142 ⁸
2812 3109 2910 3181 τὴν
2940 3107 3267 3179 μαρτυρίαν,
3298 3105 3436 3162 ἀλλά
3456 3107 3551 3159 καὶ

1905 3184 1949 3245 C
1985 3204 2259 3275 παρῆλθες
2290 3202 2388 3267 τὰς
2418 3203 2642 3255 ἐκείνων
2684 3200 2906 3265 ἐλπίδας
2938 3199 3127 3254 νικῶν.

2052 3296 2126 3349 Z'.
2175 3294 2443 3350 Ἐνταῦθα
2484 3293 2541 3347 δέ
2584 3292 2677 3347 τοῦ
2735 3293 2896 3361 λόγου
2943 3291 3253 3361 γενόμενος,
3291 3288 3552 3358 καὶπρὸς

1983 3388 2235 3442 τοσοῦτον
2283 3386 2484 3457 πλῆθος
2533 3384 2877 3455 πραγμάτων
2920 3381 3083 3454 ὁρῶν,
3144 3381 3341 3435 ταυτὸν
3398 3380 3549 3433 ἐοικα

1985 3481 2215 3549 πάσχειν
2240 3481 2350 3540 τοῖς
2381 3479 2494 3531 ὅσοι
2539 3478 2605 3530 τὰ
2641 3474 2851 3545 πελάγη
2882 3472 3296 3544 περισκοποῦσι.
3344 3473 3551 3529 Πολλά-

1985 3588 2074 3635 κις
2103 3571 2209 3641 γὰρ
2242 3571 2371 3634 τοὺς
2409 3568 2721 3637 ὀφθαλμοὺς
2748 3568 3101 3638 ἐπιφέροντες
3121 3566 3254 3636 (1⁸5),
3281 3564 3551 3619 θάλατταν

1988 3663 2155 3733 μόνην
2198 3661 2426 3732 όρῶσιν’
2477 3658 2633 3712 οὐδὲν
2680 3658 2737 3711 δέ
2772 3655 2983 3721 τούτοις
3030 3655 3203 3725 ὁρίζει
3258 3656 3357 3728 τὴν
3399 3655 3547 3715 θέαν.

1988 3755 2175 3822 Ὅμως
2210 3750 2508 3823 τολμητέον
2568 3749 2669 3816 τὴν
2723 3749 2916 3818 πεῖραν
2944 3762 2958 3775 ·
3008 3745 3133 3799 οὕτε
3188 3746 3302 3814 ,γὰρ
3354 3745 3551 3798 ἐκεῖνοι

1985 3843 2151 3897 πλοῦν
2205 3841 2503 3897 ἀποκνοῦσι
2533 3858 2545 3873 ·
2596 3841 2734 3910 μήτε
2777 3839 2868 3893 τὸν
2916 3839 3075 3907 λόγον
3119 3839 3297 3909 ἡμεῖς.
3333 3837 3553 3906 Ἐπειδὴ

1984 3937 2092 4007 γὰρ
2130 3936 2322 3989 θᾶττον
2356 3936 2676 4005 ἀπειλήφεις
2703 3938 2771 3990 τὰ
2810 3938 3085 4007 σκῆπτρα,
3130 3934 3358 4005 πρέπειν
3385 3934 3550 4006 ἠγούο

1987 4046 2147 4096 μενος
2170 4031 2275 4081 πᾶν
2308 4029 2336 4080 ὅ
2369 4046 2419 4081 τι
2443 4029 2595 4082 νόθον
2622 4029 2715 4082 καὶ
2747 4028 3023 4100 βάρϐαρον
3075 4029 3263 4099 πόρῤω
3302 4028 3400 4096 τῆς
3452 4026 3551 4093 σῆς

1982 4119 2156 4189 ἀρχῆς
2188 4119 2533 4180 ἀπελαύνειν,
2571 4119 2667 4171 καὶ
2716 4118 2854 4188 μετὰ
2882 4119 2983 4186 τῆς
3018 4116 3329 4187 ἐλευθερίας
3353 4117 3552 4184 ἐπιφα-

1984 4213 2140 4279 νῆναι
2185 4212 2296 4271 τοῖς
2343 4208 2622 4276 ὑπηκόοις,
2677 4208 2977 4270 ἐπένευσας
3032 4206 3225 4273 ταῦτα,
3280 4206 3551 4275 καὶπρὸς

1985 4302 2158 4373 πέρας
2188 4301 2431 4369 ἀφίκετο.
2460 4301 2671 4367 Ἐγνως
2702 4300 2833 4371 γὰρ,
2864 4300 2939 4363 ὡς
2960 4299 3056 4368 τὴν
3084 4298 3223 4370 ἐῴαν
3244 4296 3413 4368 λῆξιν,
3452 4298 3550 4366 τῆς

1986 4394 2160 4462 ἀρχῆς
2192 4392 2252 4444 τὸ
2286 4391 2608 4461 σεμνότερον
2631 4432 2644 4453 ,
2684 4391 2962 4461 πρόσοικοί
3008 4407 3148 4452 τινες
3188 4390 3552 4459 ἐπετάραττον

2023 4484 2284 4553 ἀρϐαροι,
2328 4482 2517 4551 ἄνδρες
2566 4480 2816 4549 ὑϐρισταὶ
2856 4482 2949 4533 καὶ
3000 4480 3241 4549 θρασεῖς,
3283 4481 3376 4532 καὶ
3422 4476 3551 4547 μίαν

1988 4573 2183 4644 ἀρετὴν
2223 4572 2421 4634 εἰδότες
2454 4573 2564 4633 τοῖς
2592 4570 2891 4640 ἀλλοτρίοις
2920 4569 3143 4635 ἀγαθοῖς
3176 4564 3512 4620 ἐπιτίθεσθαι
3532 4582 3547 4596 ·

1988 4665 2081 4717 καὶ
2099 4664 2289 4717 θᾶττον
2325 4662 2420 4732 μὲν
2441 4661 2705 4725 ἐπιόντες,
2731 4659 2922 4714 θᾶττον
2940 4659 2995 4711 δὲ
3022 4657 3429 4729 μεθιστάμενοι,
3460 4658 3555 4709 καὶ

1986 4757 2109 4806 ὅποι
2159 4754 2287 4806 ποτέ
2318 4752 2420 4820 γῆς
2453 4753 2558 4804 εισι
2591 4751 2787 4822 ῥᾳδίως
2821 4750 3199 4811 λανθάνοντεςο
3223 4741 3305 4811 οἷς
3342 4746 3444 4820 γὰρ
3478 4745 3552 4817 μὴ
3646 4788 3649 4789 ν

1988 4846 2194 4918 χῶρος,
2229 4844 2303 4915 μὴ
2337 4843 2488 4906 πόλις
2528 4844 2606 4906 τίς
2645 4843 2958 4913 οἰκητήριον
2990 4839 3241 4913 ὥρισται,
3279 4838 3399 4893 ’ἀλλ’
3427 4836 3556 4906 ὅλην

1620 5022 1852 5078 VARle
1885 5021 2286 5076 LECTIONES.

386 5122 410 5153 ³
434 5122 537 5178 ἀνᾶ
562 5121 709 5187 cod.,
736 5121 992 5176 ἀνατάσει
1020 5120 1165 5191 conj.
1204 5118 1416 5176 Villois.
1494 5117 1513 5149 "
1546 5116 1674 5188 Leg.
1704 5114 2090 5186 ἐψηφισμένων
2122 5113 2204 5168 vel
2228 5111 2645 5185 ψηφισαμένων.

1476 5230 1699 5287 ANSSII
1725 5228 2159 5287 VILLOISONIS
2180 5226 2412 5284 NOTAE.

393 5334 501 5399 (ll)
555 5333 815 5395 Ariadna,
865 5349 1004 5399 quae,
1029 5332 1297 5387 referente
1339 5331 1590 5387 Cedreno
1636 5343 1688 5394 ρ.
1751 5328 1877 5391 555.

318 5410 536 5459 vivente
562 5401 801 5467 Zenone,
837 5419 937 5459 suo
989 5405 1164 5473 primo
1206 5404 1420 5473 marito,
1442 5402 1559 5473 jam
1595 5408 1715 5473 turn
1743 5400 1881 5473 Ana-

321 5476 547 5529 s‘tasiuar
578 5474 817 5543 amabat,
846 5484 905 5543 et
926 5467 1002 5528 de.
1025 5488 1130 5543 qua
1157 5490 1207 5527 v.
1244 5467 1412 5543 cura
1437 5472 1598 5543 lieatt.
1643 5467 1881 5543 Histoire

318 5548 390 5599 du
415 5542 713 5614 iBas-Emp.
770 5552 810 5597 t.
863 5541 1002 5607 Vill,
1035 5538 1085 5610 ᾖ.
1116 5543 1227 5614 509
1254 5559 1267 5606 ;
1313 5541 1635 5614 Theophani.
1677 5557 1731 5614 pA.
1758 5538 1881 5602 117,

320 5625 369 5668 et
411 5611 677 5683 Zonaram
714 5614 751 5669 l.
804 5629 913 5678 xrv,
946 5629 999 5683 p.
1034 5612 1157 5677 511,
1189 5623 1242 5666 et
1297 5629 1347 5682 p.
1385 5612 1487 5666 518
1537 5626 1650 5679 διιιι.
1700 5611 1879 5677 Supra

322 5693 563 5740 nostrum
593 5682 918 5754 Procopium
950 5682 1277 5754 audit-imus
1311 5686 1710 5752 prwdncantem,
1774 5695 1879 5754 non

322 5756 539 5831 quidem
569 5751 844 5815 Anastasii
886 5754 1083 5827 gentis,
1115 5753 1207 5808 scd
1254 5751 1496 5809 omnium
1545 5766 1754 5815 eorum,
1787 5751 1881 5822 qui

1988 5324 2273 5396 Epidamni
2302 5322 2414 5396 nati
2440 5318 3057 5396 sunt,_ant_iquis§_i_mum
3075 5326 3130 5396 e_t
3155 5316 3555 5396 nobilissimum

1986 5384 2178 5483 δέρης).
2215 5395 2275 5449 ν.
2330 5391 2525 5460 Evagr.
2577 5384 2788 5445 'Ecclei.
2842 5389 3048 5445 llistor.
3101 5390 3138 5446 Ι.
3177 5404 3258 5453 ιιι,
3305 5384 3471 5448 ο.29.
3503 5403 3554 5456 p.

1986 5467 2173 5603 0021.2)
2204 5535 2296 5588 Sic
2326 5531 2607 5588 emendavi
2638 5548 2735 5602 pro
2769 5532 3034 5593 κατάστα,
3073 5529 3218 5603 quod
3247 5529 3300 5583 in
3324 5525 3447 5603 cod.

1983 5599 2193 5713 ,θυεερ
2230 5604 2321 5660 Sic
2370 5604 2515 5675 (ἀνᾶ)
2564 5599 2769 5657 ἰιιιτοιι.
2824 5604 2906 5657 An
2938 5599 3253 5665 ἀναστάσει,
3311 5599 3393 5653 vel
3427 5599 3559 5656 ἀνα*

1997 5677 2176 5729 ζτάσειῖ

2061 5748 2172 5816 (15)
2207 5744 2419 5799 Mallem
2455 5743 2864 5814 περιφέροντες.
