4034 6246
429 320 566 385 2805

1342 323 1871 386 PANEGYRICUS
1907 323 1984 384 1N
2022 326 2179 385 IMP.
2213 323 2719 397 ANASTASWM.

3528 313 3669 376 28%

429 435 660 497 Exacta;
693 434 956 502 ἐπάγεται
994 436 1093 504 τὴν
1140 435 1347 501 οικεαν,
1391 436 1731 505 αὐτοσχέδιον
1758 434 1998 507 καλύϐην

2104 453 2209 505 que
2236 444 2400 490 totam
2426 437 2643 490 domum
2670 446 2850 488 secum
2876 429 3041 493 velit,
3067 426 3665 481 tumultuariamcasam
3720 472 3728 483 ,

432 525 541 595 ὅπη
568 523 705 596 τύχῃ
738 525 1198 595 συμπηγνύμενος
1232 525 1370 595 (14),
1401 529 1451 580 οἱ
1487 527 1550 599 δὴ
1598 528 1830 580 τοιοῦτοι
1860 528 2039 592 τίνος¹

431 615 497 671 ἂν
539 617 859 684 ἀπόσχοιντο
900 615 1132 686 τόλμης.
1176 617 1402 682 Τούτοις
1433 620 1513 682 εἰς
1551 619 1803 688 ἁρπαγὴν
1833 615 2002 688 προῦ-

432 723 612 760 κειντο
643 707 846 770 πόλεις,
868 705 927 758 τὸ
954 708 1084 776 πρὶν
1118 706 1215 776 μὲν
1248 706 1562 776 εὐδαίμονες
1599 708 1690 760 καὶ
1724 707 2000 778 λαμπραὶ,

431 800 548 851 τότε
583 798 639 851 δὲ
666 798 774 851 τῶν
826 797 1162 870 βοηθούντων
1194 798 1306 870 (15)
1331 798 1524 870 ἔρημοι
1553 799 1646 852 καὶ
1691 798 2004 868 συμμαχίας

428 888 788 957 ἐστερημέναι
804 890 970 957 ’καὶὴ
999 888 1096 957 μὲν
1113 887 1310 956 εῐχετο,
1336 890 1367 957 ἡ
1398 888 1455 942 δὲ
1482 884 1723 959 ἔμελλεν,
1744 891 1777 957 ἡ
1801 887 1856 941 δὲ
1878 904 2004 956 μετ⁴

427 978 712 1030 ανξστατοο
738 979 831 1030 καὶ
889 976 1091 1047 μᾶλλον
1130 977 1222 1030 τοῦ
1281 978 1486 1039 πάθους
1512 979 1668 1030 ὁτῶν
1704 977 2004 1047 μελλόντων

429 1067 587 1134 φόϐος
610 1067 794 1121 ἐλύπει
811 1085 824 1098 ο
844 1069 999 1139 φήμη
1024 1069 1080 1121 δέ
1098 1085 1180 1131 τις
1203 1069 1304 1122 οὐκ
1328 1068 1558 1139 εὐτυχὴς
1580 1067 1678 1132 τὰς
1703 1068 1812 1121 τῶν
1831 1067 2005 1121 ἀπάν-

424 1178 533 1211 των
555 1160 785 1214 διέσειεν
813 1160 951 1214 ἀκοὰ
970 1181 1000 1225 ·,
1037 1161 1122 1214 ἐπ’
1160 1161 1339 1224 ἄλλοις
1362 1159 1497 1215 ἄλλα
1517 1160 1871 1232 διηγουμένη,
1911 1161 2002 1212 καὶ

428 1253 604 1302 πάντα
640 1250 811 1305 δεινά.
861 1247 970 1304 Ἶιν
1013 1249 1121 1321 γὰρ
1159 1250 1375 1304 ἀκούειν
1419 1251 1573 1305 πόλιν
1603 1250 2000 1321 ἁλισκομένην,

428 1337 815 1407 ἀρπαζομένην
840 1338 1205 1407 εὐδαιμονίαν,
1240 1338 1600 1409 ὲλαυνομένας
1625 1342 1891 1407 γυναῖκας
1924 1342 2003 1405 εις

427 1429 713 1498 ἀσέλγειαν
735 1429 845 1496 (16)
876 1431 1315 1501 ἠναγκασμένας,
1352 1429 1736 1501 ὑϐριζομένους
1786 1432 2000 1495 παῖδας,

425 1518 783 1589 αξκιζομένην
810 1520 1021 1584 πολιὰν,
1043 1522 1340 1595 ἑλκομένην
1356 1524 1468 1592 (17)
1488 1524 1838 1593 νεότητα,καὶ
1863 1540 2003 1592 παρ⁹

425 1610 613 1674 θένους
652 1611 943 1682 ἀγομένας,
970 1614 1030 1666 οὐ
1062 1615 1197 1685 πρὸς
1227 1614 1427 1684 εὐτυχῆ
1459 1614 1707 1668 παστάδα
1741 1615 1834 1667 καὶ
1862 1632 2001 1685 νυμ-

2105 527 2417 595 ubicunque
2447 524 2609 580 fuerit
2638 522 3016 590 compingcns.
3056 518 3217 572 Tales
3247 532 3377 571 vero
3421 515 3669 570 homines

2103 631 2213 687 quo
2246 615 2489 670 facinore
2540 613 2888 670 abstineant?
2937 612 3029 665 llis
3065 611 3130 663 ad
3188 606 3539 680 praedandum
3574 622 3669 660 ex-

2104 712 2280 780 posita
2310 718 2468 765 erant
2498 706 2695 778 oppida
2739 705 2892 776 prius
2937 703 3208 758 fortunata
3259 710 3312 756 et
3357 698 3667 771 splendida,

2107 811 2218 856 tum
2289 817 2418 854 vero
2473 796 2693 852 auxiliis
2748 794 3009 849 destituta
3067 801 3122 845 et
3172 790 3670 861 propugnatoribus

2107 896 2351 964 privata;
2384 909 2414 947 e
2446 891 2648 961 quibus
2681 888 2786 943 hoc
2831 885 2995 957 quide
3020 904 3046 935 n
3096 885 3207 955 jam
3242 893 3475 964 captum
3526 888 3665 944 erat,

2106 986 2238 1041 illud
2265 984 2319 1039 in
2353 998 2440 1048 eo,
2473 990 2534 1037 ut
2573 986 2884 1050 caperetur,
2918 985 3036 1031 erat
3086 958 3250 1029 etiam
3296 990 3325 1028 c
3370 987 3479 1042 quo
3512 973 3661 1026 cives

2106 1081 2424 1150 migrarent.
2457 1077 2522 1130 Et
2566 1074 2739 1144 magis
2790 1085 2955 1143 quam
2994 1070 3111 1140 ipsa
3161 1066 3444 1122 calamitas
3499 1063 3667 1118 futuri

2106 1180 2284 1224 metus
2325 1166 2588 1237 angebat;
2625 1178 2813 1217 rumor
2843 1169 3025 1216 autem
3070 1157 3260 1213 infelix
3296 1154 3541 1221 omnium
3573 1166 3672 1205 au-

2107 1276 2194 1315 res
2230 1257 2653 1329 perstringebat,
2678 1253 2779 1308 alia
2810 1267 2977 1323 super
3008 1251 3114 1305 alia
3147 1248 3431 1310 nuntians,
3466 1252 3669 1299 cuneta

2108 1353 2399 1408 horrenda.
2433 1349 2638 1405 Audire
2678 1357 2893 1419 poteras
2937 1345 3127 1401 urbem
3177 1341 3503 1413 expugnari,
3532 1336 3673 1393 divi-

2103 1446 2208 1498 tias
2234 1441 2459 1505 auferri,
2494 1439 2751 1494 mulieres
2780 1437 2893 1508 rapi
2930 1436 2994 1491 ad
3024 1444 3300 1505 stuprum,
3345 1443 3545 1503 pueros
3574 1444 3672 1484 ne-

2106 1535 2268 1589 fande
2303 1532 2550 1599 tractari,
2589 1530 2781 1587 ftedari
2812 1528 3093 1591 canitiem,
3130 1526 3271 1580 trahi
3294 1524 3668 1593 iuventutem,

2102 1636 2156 1680 et
2181 1626 2416 1698 virgines
2453 1622 2603 1689 duci,
2635 1638 2745 1677 non
2776 1621 2840 1674 ad
2870 1619 3143 1690 genialem
3185 1618 3384 1673 lectum
3424 1623 3477 1670 et
3505 1612 3673 1667 fortu-

436 1703 558 1769 φξον
621 1702 930 1774 εὐδαίμονα,
986 1704 1127 1757 κατά
1182 1705 1282 1768 τὰς
1333 1704 1524 1777 πρώην
1574 1705 1813 1767 ἐλπίδας,
1866 1705 2001 1760 ἀλλά

2104 1726 2291 1772 natum
2325 1730 2612 1786 sponsum,
2647 1712 2949 1770 secundum
2980 1726 3106 1780 spes
3133 1718 3292 1766 antea
3349 1715 3669 1776 conceptas,

426 1794 563 1863 πρὸς
593 1793 750 1867 ὓϐριν
779 1795 976 1867 ἐχθροῦ
1004 1796 1095 1850 καὶ
1124 1774 1399 1867 βαρϐάρου
1424 1774 1517 1849 καὶ
1548 1797 1708 1868 μέχρι
1739 1798 1837 1865 τῆς
1870 1796 1997 1861 θέας

2103 1808 2196 1862 sed
2260 1808 2325 1859 ad
2358 1774 2643 1860 libidinem
2697 1805 2872 1859 hostis
2912 1802 3128 1857 barbari
3180 1808 3235 1855 et
3283 1800 3403 1870 ipso
3443 1774 3668 1869 aspectu
3738 1774 3751 1789 ’

425 1885 721 1948 λυποῦντος
743 1874 985 1941 σίπάντα
1012 1887 1124 1958 γὰρ
1156 1886 1448 1958 προῦκειτο
1480 1887 1708 1950 τούτοις.
1754 1888 1813 1941 '0
1839 1888 1892 1941 δὲ
1928 1888 2003 1960 μὴ

431 1976 618 2029 παθὼν
667 1976 863 2048 πρώην
898 1978 1002 2048 μὲν
1054 1979 1188 2050 μόνῃ
1216 1982 1282 2048 τῇ
1324 1978 1466 2051 τύχῃ
1495 1979 1656 2049 χάριν
1692 1979 1961 2048 ἠπίστατο
1984 1995 1999 2011 ο

427 2065 522 2117 νῦν
559 2056 709 2120 δὲ’σὲ
748 2058 947 2132 πάντες
982 2069 1208 2138 ὑμνοῦσι
1252 2068 1391 2138 μετά
1430 2068 1655 2138 ταύτης,
1682 2062 1727 2123 ὦ
1755 2068 2001 2139 βασιλεῦ,

427 2158 476 2210 οι
510 2157 609 2227 μὲν
636 2159 659 2191 ⁵
698 2158 788 2212 διὰ
812 2160 872 2214 σὲ
907 2159 982 2231 μὴ
1019 2160 1133 2232 (18)
1167 2160 1456 2223 παθόντες.
1490 2164 1539 2215 oi.
1572 2161 1630 2215 δὲ
1663 2161 1737 2232 μὴ
1774 2161 2003 2232 προσδο-

438 2247 645 2309 κῶντες
674 2248 838 2302 πάλιν
866 2250 1079 2302 παθεῖν.
1118 2250 1176 2304 '0
1208 2251 1317 2320 γὰρ
1375 2250 1671 2322 βάρϐαρος,
1705 2251 1805 2321 τὴν
1840 2268 2006 2321 προσ-

428 2340 672 2407 ήκουσαν
708 2338 925 2411 πληγὴν
951 2339 1291 2411 δεδεγμένος,
1318 2340 1469 2395 κάτω
1492 2341 1658 2402 νεύει,
1690 2343 1784 2395 καὶ
1808 2343 2004 2396 δεσπό-

425 2444 529 2497 την
564 2428 874 2489 ἐπίσταται.
919 2433 1014 2483 καὶ
1071 2434 1344 2502 σωφρονεῖ
1374 2431 1447 2502 μὴ
1477 2431 1819 2503 βουλόμενος.
1849 2434 1914 2487 Al
1946 2435 2003 2488 δὲ

427 2521 614 2583 πόλεις
662 2523 773 2577 τῶν
826 2523 1119 2595 δραμάτων
1148 2525 1171 2557 ⁸
1207 2524 1490 2596 ἐλεύθεραι
1516 2541 1530 2555 ο
1574 2525 1669 2580 καὶ
1708 2526 1889 2599 στείχῃ,
1933 2528 2004 2582 τά

431 2617 529 2686 μὲν
552 2617 903 2687 γεγηρακότα
918 2618 1120 2684 νεάζει,
1143 2618 1215 2673 τὰ
1234 2618 1290 2673 δὲ
1314 2618 1409 2672 νῦν
1438 2620 1653 2691 πρῶτον
1676 2620 2001 2675 ἀνίσταται·

427 2709 520 2761 καὶ
550 2708 917 2782 σωφρονοῦσιν
963 2712 1017 2764 αἱ
1059 2711 1262 2777 πόλεις,
1302 2711 1516 2782 ἀσφαλῆ
1545 2713 1750 2783 κόσμον
1793 2713 1999 2782 ἐπιδευ-

426 2800 691 2871 κνύμεναι
714 2806 823 2865 τοῖς
856 2802 1151 2874 βαρϐάροις
1180 2820 1192 2835 ·
1226 2803 1464 2876 φρούρια
1489 2804 1545 2859 δὲ
1577 2785 1859 2877 πανταχοῦ
1888 2807 2002 2861 τῶν

426 2892 685 2961 ὑπηκόων
708 2895 1097 2966 προϐέϐληται,
1128 2896 1223 2950 καὶ
1255 2897 1607 2969 στρατιωτῶν
1627 2898 1811 2970 ἡλικία
1842 2899 2002 2973 ῥώμῃ

426 2986 523 3039 καὶ
551 2985 744 3056 πλήθει
774 2978 1320 3061 ἕτυμπεφραγμένωνο
1350 2990 1541 3062 ἄνδρες
1577 2991 1729 3064 ἀκμῇ
1765 2992 1998 3058 ζέοντες,

427 3077 521 3128 καὶ
551 3074 838 3146 βλέποντές
868 3097 921 3132 τι
959 3079 1228 3148 νεανικὸν,
1260 3080 1356 3134 καὶ
1376 3081 1453 3143 ὡς
1479 3080 1545 3136 ἂν
1576 3080 1823 3153 Ὅμηρος
1852 3079 1995 3148 εῖπε,

425 3168 759 3238 θεράποντες
820 3173 1027 3242 Ἄρηος
1060 3189 1075 3204 ν

425 3260 521 3311 καὶ
549 3260 946 3329 γεγηρακότες,
972 3264 1029 3315 ἐν
1054 3266 1166 3326 τοῖς
1184 3264 1378 3328 δεινοῖς
1397 3264 1720 3335 ὑπότρομοι.
1752 3267 1847 3321 καὶ
1879 3267 2001 3338 μεθ’

426 3349 589 3419 ἡμῶν
630 3349 883 3417 δεδιότες,
924 3354 1016 3407 καὶ
1060 3354 1155 3409 τοῦ
1186 3353 1451 3419 σώζοντος
1484 3354 1685 3426 μᾶλλον
1716 3357 1960 3427 δεόμενοι
1983 3374 1997 3391 ·

424 3445 521 3495 καὶ
547 3444 757 3513 μάρτυς
783 3448 916 3518 ἡμῖν
936 3447 1168 3516 ἐγγύθεν
1185 3448 1349 3513 αὐτὸς
1375 3449 1511 3519 (l9),
1539 3449 1763 3505 τοιαῦτα
1784 3450 2000 3506 διατιιὶτ⁶

424 3534 623 3604 τωντῷ
649 3533 875 3604 βασιλεῖ.
895 3538 990 3591 καὶ
1011 3538 1237 3608 πρέπων
1258 3538 1451 3610 ἐκείνῳ
1474 3541 1610 3610 πρὸς
1630 3539 1817 3610 κοινὴν
1839 3541 2000 3611 εὐερ-

425 3623 614 3689 γεσίαν
647 3625 958 3697 ὑπηρετεῖν.
1017 3627 1180 3680 Ὅθεν
1226 3644 1290 3696 γε
1341 3627 1400 3681 σὲ
1445 3628 1659 3698 πατέρα
1691 3630 1875 3689 καλεῖ.
1905 3630 2001 3685 καὶ

426 3714 617 3768 πιστὸν
637 3718 872 3795 ἡγεῖται.
922 3717 1017 3770 καὶ
1059 3717 1262 3780 πάσαις
1285 3716 1488 3788 ψήφοις
1523 3720 1758 3782 ἐπαινεῖ,
1791 3719 1881 3774 καὶ
1907 3737 1999 3772 τε-

424 3804 672 3874 θαύμακε
690 3806 786 3860 καὶ
813 3804 1011 3860 οὔποτε
1045 3807 1336 3863 παύσεται.

495 4001 576 4058 Ην.
614 4004 774 4059 Ἀλλά
800 4006 909 4077 γάρ
941 4008 969 4061 ὁ
1002 4006 1178 4073 λόγος,
1243 4008 1331 4060 ἀεὶ
1360 4008 1458 4078 τῆς
1512 3988 1620 4060 τῶῖθ
1659 4008 2000 4077 πραγμάτων

419 4096 742 4160 ἀκολουθίας
771 4098 1054 4168 ἐχόμενος,
1114 4098 1306 4173 ὥσπερ
1350 4116 1405 4153 τι
1461 4098 1639 4171 ῥεῦμα
1676 4099 1994 4171 φερόμενον.

419 4183 654 4241 ἐνταῦθά
704 4205 807 4241 που
858 4190 1175 4260 παρήνεγκε
1200 4190 1309 4263 βίᾳ.
1364 4192 1665 4262 Τοιγαροῦν
1718 4191 2000 4246 ἐπανιτέον

418 4276 539 4329 ὅθεν
577 4277 864 4349 ἐξέϐημεν.
927 4278 1161 4350 Ὁμοίως
1210 4282 1321 4353 γὰρ
1376 4282 1606 4350 πρέπειν
1653 4282 1884 4350 ὲλογῑσω
1930 4285 1996 4352 τῇ

421 4371 688 4443 μελλούσῃ
714 4372 895 4435 καλῶς
923 4373 1071 4446 ἔχειν
1103 4377 1268 4445 ἀρχῇ,
1306 4374 1381 4447 μὴ
1409 4375 1569 4445 μόνον
1599 4373 1706 4427 τῶν
1753 4374 1994 4441 ἀλλοφύ-

2107 1901 2256 1954 foedi.
2290 1898 2387 1953 [iis
2413 1899 2560 1952 enim
2590 1898 2776 1952 omnia
2816 1897 3092 1966 patebant.
3131 1894 3233 1959 Qui
3282 1908 3412 1947 vero
3444 1906 3474 1945 a
3510 1891 3669 1945 malis

2106 1989 2366 2043 immunis
2395 1998 2532 2055 erat,
2585 1988 2631 2043 is
2670 1988 2829 2057 prius
2877 1986 3095 2056 quidem
3133 1984 3234 2040 soli
3286 1982 3520 2038 fortunae
3545 1997 3672 2052 gra—

2104 2081 2234 2133 tiam
2266 2079 2570 2143 referebat,
2606 2093 2753 2132 nunc
2776 2092 2905 2132 vero
2936 2084 3011 2140 te,
3046 2077 3309 2145 Auguste,
3350 2089 3545 2129 omnes
3576 2088 3672 2126 ca-

2106 2181 2241 2227 nunt
2272 2186 2391 2225 cum
2423 2169 2537 2234 illa,
2574 2168 2662 2223 alii
2704 2175 2758 2223 te
2791 2180 3013 2222 auctore
3060 2167 3198 2220 nihil
3245 2165 3538 2235 patientes,
3573 2165 3665 2217 alii

2107 2260 2352 2328 persuasi
2403 2274 2463 2314 se
2498 2257 2634 2312 nihil
2678 2272 2867 2313 rursus
2908 2270 3166 2327 passuros
3204 2256 3673 2317 esse._Barbarus

2103 2351 2248 2405 enim
2281 2351 2504 2405 vulnere
2548 2350 2744 2405 merito
2779 2356 3003 2418 accepto
3032 2348 3226 2402 oculos
3282 2346 3580 2410 submittit,
3620 2354 3675 2400 et

2103 2442 2385 2497 dominum
2428 2442 2700 2512 agnoscit,
2740 2448 2795 2494 et
2827 2438 3074 2493 modeste
3107 2438 3217 2509 agit
3246 2437 3496 2508 quamvis
3536 2439 3678 2492 invi-

2105 2548 2231 2600 tus;
2268 2539 2432 2590 urbes
2457 2541 2638 2587 autem
2675 2532 2937 2586 {erumnis
2970 2531 3153 2586 liberae
3175 2538 3333 2596 sunt;
3368 2539 3421 2585 et
3450 2532 3675 2592 mania,

2104 2641 2224 2696 quae
2252 2634 2657 2681 consenuerant
2686 2625 3073 2693 juvenescuut,
3115 2623 3221 2677 alia
3249 2637 3400 2678 nunc
3435 2623 3677 2692 primum

2103 2716 2461 2781 extiriuntur;
2499 2713 2752 2768 civitates
2777 2712 3026 2768 modeste
3053 2721 3244 2784 agunt,
3280 2726 3538 2768 securum
3579 2727 3674 2766 or-

2103 2815 2292 2861 natum
2326 2806 2677 2875 ostendentes
2716 2804 3000 2871 barbaris;
3052 2804 3281 2860 castella
3329 2804 3534 2874 ubique
3574 2819 3675 2872 op-

2103 2899 2280 2969 posita
2318 2909 2448 2953 sunt
2494 2899 2561 2952 ad
2616 2897 2851 2951 tuendos
2900 2897 3283 2967 provinciales,
3338 2906 3393 2952 et
3443 2896 3675 2951 militum

2099 2989 2359 3054 juventus
2387 2985 2582 3041 robore
2609 2993 2663 3040 et
2692 2985 3045 3040 multitudine
3091 2986 3297 3040 munita
3332 3002 3346 3039 :
3381 2984 3482 3039 viri
3518 2994 3678 3040 atavo

2105 3078 2383 3141 ﬂorentes,
2419 3085 2473 3131 et
2519 3085 2733 3132 torvum
2768 3078 3067 3141 intuentes,
3120 3084 3197 3144 et,
3243 3076 3519 3148 quomodo
3563 3075 3678 3131 lla—-

1132 3172 1231 3242 οὐχ
1272 3171 1465 3244 ὥσπερ
1508 3171 1702 3245 πρώην
1752 3174 2000 3240 ἀσθενεῖς

2107 3184 2289 3225 merus
2329 3169 2496 3232 dicat,
2536 3167 2725 3223 Martis
2755 3170 3020 3225 satellites
3054 3187 3068 3224 :
3100 3184 3208 3224 non
3240 3178 3301 3224 ut
3337 3177 3495 3224 antea
3522 3170 3674 3224 inllr-

2103 3262 2199 3325 mi,
2250 3269 2304 3316 et
2358 3261 2513 3315 senio
2557 3257 2817 3325 confecti,
2871 3258 2923 3311 in
2973 3258 3142 3314 rebus
3177 3258 3392 3327 asperis
3432 3264 3676 3312 tremen-

2103 3365 2204 3419 tes,
2234 3362 2285 3409 et
2312 3351 2595 3408 nobiscum
2633 3353 2827 3406 timore
2856 3352 3119 3420 perculsi.
3147 3359 3202 3407 et
3227 3351 3331 3420 ipsi
3366 3366 3677 3424 propugna-

2103 3454 2220 3499 tore
2269 3446 2595 3514 indigentes.
2649 3443 2712 3498 Et
2760 3442 2919 3498 testis
2963 3443 3122 3498 nobis
3153 3458 3320 3513 prope
3351 3443 3508 3499 adest
3561 3444 3679 3513 ipse

2099 3538 2396 3597 exercitus.
2448 3535 2682 3606 principi
2719 3535 2847 3589 talia
2907 3535 3215 3605 perfleiens,
3258 3541 3313 3591 et
3363 3550 3677 3591 accommo-

2099 3634 2261 3686 datus
2297 3632 2504 3685 servire
2533 3630 2609 3684 illi
2643 3631 2707 3683 ad
2753 3644 3101 3684 communem
3151 3629 3409 3701 .salutem
3465 3644 3670 3698 augen-

2099 3725 2242 3779 dam.
2285 3724 2466 3790 Quare
2511 3732 2564 3778 te
2594 3733 2800 3793 patrem
2838 3721 3095 3791 appellat,
3128 3727 3183 3777 et
3215 3721 3311 3775 tibi
3344 3719 3590 3781 conlidit,
3622 3730 3676 3775 ct

2103 3832 2211 3873 uno
2238 3830 2333 3870 ore
2367 3813 2573 3878 laudat,
2608 3825 2661 3869 et
2682 3813 3009 3877 admiratur,
3027 3823 3081 3868 et
3109 3828 3387 3882 nunquam
3414 3811 3674 3866 admirari

2100 3907 2335 3961 desinet.
3016 3956 3021 3963 .

2171 3997 2306 4053 VIII.
2350 3998 2453 4053 Sed
2492 3995 2695 4060 oratio,
2743 4009 2960 4065 semper
2999 4009 3183 4049 rerum
3225 3994 3425 4052 seriem
3486 4009 3676 4065 prase-

2100 4104 2247 4156 cuta,
2278 4090 2436 4161 quasi
2464 4088 2708 4143 ﬂuminis
2742 4089 2789 4141 vi
2835 4088 2941 4142 huc
2970 4087 3149 4141 delata
3183 4095 3297 4153 est;
3333 4086 3674 4142 redeundum

2102 4187 2266 4258 igitur
2289 4187 2433 4242 unde
2467 4185 2702 4255 digressi
2732 4198 2946 4240 sumus.
2988 4183 3255 4239 Similiter
3283 4185 3429 4238 enim
3461 4183 3528 4238 ad
3573 4185 3676 4237 im-

2104 4279 2313 4348 perium
2366 4278 2505 4332 bene
2555 4274 3001 4331 constituendum
3052 4285 3309 4346 oportere
3343 4274 3675 4331 existimasti

2104 4386 2210 4424 non
2242 4369 2417 4423 solum
2458 4385 2487 4421 ιι
2523 4367 2830 4439 peregrinis
2869 4367 2920 4421 id
2953 4375 3242 4437 purgatum
3268 4382 3413 4431 esse,
3447 4373 3501 4421 et
3537 4365 3674 4420 Iibe-

417 4461 524 4513 λων
557 4462 916 4533 κεκαθάρθαι,
949 4465 1043 4518 καὶ
1068 4456 1179 4517 τῶν
1200 4464 1409 4517 ἐκεῖθεν
1434 4464 1737 4533 ἀφεστάναι
1764 4462 1978 4528 δεινῶν,

2103 4470 2278 4512 ratum
2313 4458 2470 4512 malis
2520 4456 2645 4512 inde
2696 4457 3070 4521 nascentibus,
3121 4455 3215 4510 sed
3251 4455 3439 4519 etiam,
3476 4454 3522 4508 si
3555 4467 3675 4524 ηυδε

416 4551 553 4606 ἀλλὰ
578 4554 693 4620 καὶ,
727 4557 784 4608 ei
807 4572 861 4609 τι
903 4554 1069 4627 μέρος
1097 4555 1270 4627 αὐτῆς
1303 4555 1494 4610 νοσοῦν
1549 4558 1698 4612 ἔστιν
1745 4556 1847 4629 ἢδη
1898 4558 1993 4610 καὶ

2102 4554 2274 4623 Ipsius
2310 4566 2438 4624 pars
2464 4549 2712 4607 morbida
2751 4558 2898 4606 esset
2928 4556 2981 4604 et
3009 4549 3280 4615 ulcerosa,
3309 4556 3474 4620 atque
3505 4563 3541 4602 ε
3569 4562 3669 4602 ειε-

1680 4732 1917 4789 num
1956 4730 2356 4788 LECTIONES.
2438 4696 2441 4697 ί

499 4823 584 4879 ὀἱ
613 4827 669 4881 δὲ
697 4826 771 4900 μὴ
797 4827 884 4883 ed.
976 4829 998 4860 '
1025 4829 1365 4900 πραγμάτων
1386 4829 1530 4900 conj.
1563 4828 1627 4881 li.
1654 4844 1754 4898 pro
1783 4827 2133 4900 δραγμάτων.

1564 4966 1785 5023 ANSSlI
1817 4967 2258 5025 VILLOISONIS
2287 4966 2520 5025 NOT/E.

481 5059 593 5133 (14)
624 5060 709 5133 Cf.
746 5060 854 5133 iCl.
915 5062 964 5115 le
996 5060 1162 5127 Beau,
1189 5062 1425 5118 Histoire
1465 5062 1537 5116 du
1593 5062 1886 5133 Bas-Emp.
1935 5073 1979 5118 t.

409 5129 545 5195 Vlll,
583 5145 633 5198 p.
665 5131 789 5191 559.
824 5145 939 5199 seq.
971 5134 1145 5198 Quam
1176 5133 1401 5199 quidem
1432 5135 1699 5188 adversus
1729 5129 1982 5189 Scenitas

405 5200 808 5275 expeditionem
824 5203 906 5275 ad
929 5218 1135 5258 annum
1152 5203 1283 5275 498,
1301 5203 1466 5275 refert
1486 5201 1755 5275 idem].
1784 5204 1978 5273 Evagr.

406 5270 614 5345 instar.
646 5270 939 5345 ecclesinat.
979 5275 1017 5328 l.
1050 5289 1138 5345 ut,
1168 5289 1219 5327 c.
1258 5272 1351 5340 '56,
1398 5288 1452 5344 p.
1483 5272 1610 5329 366.
1656 5270 1977 5345 Tlteophan.

406 5343 463 5394 in
494 5341 921 5412 Cﬂonograplaia,
954 5358 1006 5412 ι).
1041 5342 1163 5398 121.

477 5410 590 5483 (ᾗ)
621 5409 757 5483 sine
786 5413 838 5483 in
870 5409 992 5467 cod.
1027 5409 1354 5483 βηθούντων.

479 5478 592 5548 (16)
630 5479 741 5533 Hoc
766 5482 848 5535 sic
870 5478 1115 5538 imitatur
1141 5483 1430 5538 Choricius
1461 5481 1708 5540 Oration.
1760 5485 1815 5539 in
1840 5500 1987 5539 sum-

408 5565 555 5620 mum
593 5549 799 5614 ducem,
854 5553 998 5620 apud
1051 5553 1267 5609 Fabric.
1322 5553 1578 5608 Bibliotla.
1636 5553 1806 5609 Graec.
1872 5555 1984 5608 vol.

408 5618 639 5695 Ytll,_p.
818 5638 833 5675 :
874 5618 949 5676 Οὑ
976 5623 1229 5695 γάρέστι
1277 5625 1535 5691 γλυκεῖαν
1573 5624 1732 5693 ἄγειν
1763 5626 1988 5695 εἰρήνην

411 5690 622 5775 (metiri;
662 5691 898 5775 πολέμου
923 5710 936 5724 ·
975 5690 1159 5775 ἡγὰρ
1202 5693 1359 5775 ἐλπὶς
1402 5690 1644 5775 εἰσιοῦσα
1687 5696 1777 5775 τὸν
1818 5690 1987 5775 ’λογιο

410 5760 568 5829 σμδν,
624 5761 726 5813 κᾶν
776 5760 1029 5832 βούληταί
1086 5760 1167 5826 τις
1220 5764 1380 5827 αὐτος
1446 5764 1633 5819 ἑαυτὸν
1694 5760 1980 5837 ἀπατήσας

2086 5065 2159 5134 ou

2162 5066 2436 5187 ἔαγωγείν
2483 5061 2622 5133 αὕτη
2663 5057 3128 5130 παρακαθημένη,
3176 5057 3278 5139 καὶ
3319 5055 3546 5144 θύουσα.
3574 5046 3673 5136 καὶ

2197 5136 2327 5187 sai:
2376 5132 2795 5187 ἀναπλάττουσα
2844 5127 3167 5187 φαντασίας,
3212 5141 3391 5187 γηρας
3418 5125 3673 5187 ουδαμως

2090 5125 2341 5219 ᾡοϐεράς
2376 5125 2795 5187 ἀναπλάττουσα
2844 5125 3167 5198 φαντασίας,
3212 5127 3391 5198 γῆρας
3418 5125 3673 5192 οὐδαμῶς

2088 5206 2432 5274 ἐλεούμενον,
2461 5199 3047 5274 κόρηννὺϐριζομένην,
3083 5198 3376 5274 ἑλκόμενον
3420 5197 3499 5256 εἰς
3546 5193 3673 5274 δου-

2090 5266 2263 5328 λείαν’
2306 5266 2556 5335 παιδίον’,
2584 5266 2595 5272 ’
2624 5266 2900 5339 ἀγομένην
2967 5266 3032 5322 ἐκ
3110 5266 3671 5339 παστάδοέηγυναῖκα

2091 5363 2147 5399 κ.
2182 5363 2233 5398 τ.
2263 5344 2313 5396 λ.
2348 5333 2569 5397 Scilicet
2603 5356 2633 5397 e
2666 5333 2942 5396 communi
2975 5339 3122 5393 fonte
3154 5337 3215 5393 Il.
3245 5353 3317 5396 Ix.
3347 5333 3470 5388 692.

2165 5414 2276 5484 (17)
2313 5414 2403 5467 Sic
2429 5415 2492 5465 ad
2518 5413 2814 5484 marginem
2842 5409 3190 5466 emendatum
3220 5407 3315 5461 καὶ
3341 5402 3671 5475 ἑλκομένην,

2091 5484 2148 5538 in
2175 5482 2331 5537 textu
2376 5482 2677 5553 έλωμένην.
3324 5545 3355 5553 __
3381 5544 3393 5553 _
3492 5545 3503 5553 _
3531 5544 3542 5553 _
3674 5520 3685 5531 .

2170 5554 2281 5622 (l8)
2341 5544 2501 5609 Prius
2534 5544 2630 5621 μὴ,
2688 5561 2746 5604 ut
2788 5564 3207 5622 supervacuum,
3264 5544 3396 5622 mihi
3455 5544 3672 5622 videtur

2093 5613 2428 5688 tollendum;
2488 5613 2822 5676 nisi-vertas
2850 5613 2873 5673 ε’
2898 5620 2999 5684 οιιὲ
3033 5636 3136 5673 non
3193 5619 3340 5689 passi
3389 5624 3532 5680 sunt,
3574 5613 3669 5667 tibi

2098 5694 2302 5749 debent.
2326 5694 2463 5760 quod
2497 5692 2626 5747 nihil
2658 5691 2888 5758 perpessi
2914 5691 3134 5759 fuerint.

2165 5765 2276 5841 (19)
2318 5765 2503 5827 Αὐτός.
2545 5767 2622 5816 An
2653 5766 2679 5815 ό
2712 5760 2983 5832 στρατόςῗ
3034 5773 3043 5783 '
