4034 6246
383 374 526 437 2809

386 487 518 553 φαίς
575 483 712 554 (26),
764 486 958 551 σώζειν
1014 487 1271 544 ἐκέλευε·

384 573 671 643 τρόπαιον,
706 574 798 627 τοῦ
845 575 1099 648 δευτέρου
1137 577 1399 643 νικῶντος
1448 579 1510 633 τὸ
1538 580 1830 653 πρότερον.
1883 581 1958 635 Τὸ

394 663 493 732 μὲν
517 663 629 734 γὰρ
660 666 934 738 κρατῆσαι
961 667 1262 738 πολεμίων,
1306 670 1436 734 ἴσως
1463 669 1530 724 ἂν
1553 671 1646 725 καὶ
1669 670 1840 742 τύχης
1864 670 1960 740 γέ-

384 771 531 807 νοιτο
565 756 733 827 μόνης
765 773 778 787 ·
809 757 871 809 τὺ
893 758 949 810 δὲ
977 760 1090 822 τοῖς
1118 758 1481 830 προλα6οῦσιν
1508 761 1775 815 ἀκόλουθα
1796 777 1965 833 προσ·

386 844 558 900 θεῖναι
589 847 655 900 τὰ
679 846 926 920 δεύτερα,
956 849 1115 905 τοῦτο
1139 853 1234 906 καὶ
1256 852 1355 924 τὴν
1388 853 1489 923 τῆς
1543 855 1720 925 μάχης
1769 853 1965 908 ἐπεκό-

385 951 573 1005 σμησε
603 936 778 1007 νίκην,
795 940 890 992 καὶ
924 940 1094 1014 μόνης
1118 942 1316 1013 ἀρετῆς
1337 943 1495 998 τοῦτό
1523 960 1588 1014 γε
1618 945 1679 999 τὸ
1701 944 1977 1017 τρόπαιον,

382 1028 498 1098 Οὐχ
532 1027 722 1100 ὥσπερ
742 1030 1009 1096 Φίλιππος
1042 1034 1070 1085 ὁ
1097 1034 1366 1088 Μακεδὼν
1383 1035 1554 1101 ὅντως
1577 1036 1690 1108 (27)
1715 1037 1811 1091 καὶ
1834 1035 1966 1106 βάρ-

383 1115 553 1203 ϐαρος
589 1121 684 1174 καὶ
714 1122 832 1184 ταῖς
897 1121 1240 1194 Ἑλληνικαῖς
1288 1128 1594 1196 συμφοραῖς
1639 1126 1965 1198 ὲνακμάζων

380 1209 568 1282 ἀπάτῃ
597 1212 691 1265 καὶ
722 1211 861 1284 δόλῳ
907 1212 1004 1267 δύο
1036 1215 1133 1268 καὶ
1158 1216 1454 1288 τριάκοντα
1485 1217 1819 1282 Χαλκιδικὰς
1867 1218 1965 1272 πό·

378 1299 493 1365 λεις
522 1302 679 1366 ἑλὼν,
707 1302 878 1368 οὕτως
915 1305 1122 1370 ἀνεῖλες
1153 1307 1341 1378 ὠμῶς,
1368 1308 1445 1370 ὡς
1492 1308 1766 1363 διαλαθεῖν
1793 1310 1840 1363 εἰ
1865 1326 1963 1379 γε-

378 1394 573 1461 γόνασι
601 1395 837 1467 πρόσθεν
865 1411 880 1427 ’
914 1398 1009 1452 καὶ
1044 1399 1232 1453 σιωπῶ
1253 1401 1381 1464 τοὺς
1414 1400 1763 1469 σοφωτάτους
1813 1402 1965 1475 Ἀθη-

376 1487 588 1552 ναίους,
618 1489 767 1552 ὅπως
807 1489 1055 1561 Μηλίους
1112 1492 1207 1545 καὶ
1273 1492 1605 1557 Σκιωναίους
1637 1494 1659 1526 ⁹
1685 1493 1961 1565 διέθηκαν.

378 1579 453 1632 Σὺ
487 1579 567 1646 δὲ,
599 1579 818 1646 δικαίας
852 1582 1111 1654 ἀφορμὰς
1138 1587 1238 1656 τῆς
1266 1585 1410 1639 κατά
1465 1586 1574 1639 τῶν
1630 1587 1964 1642 ἀδικούντων

376 1671 548 1742 ὀργῆς
582 1673 841 1746 εἰληφὼς,
876 1676 976 1746 οὐχ
1020 1674 1195 1741 οὕτως
1259 1678 1550 1750 μετῆλθες,
1582 1673 1627 1734 ὦ
1686 1677 1910 1751 βασιλεῦ
1943 1694 1957 1710 °

376 1765 516 1830 ἀλλ’,
555 1760 645 1819 οἷα
669 1767 845 1838 πατὴρ
878 1766 1084 1834 ἀγαθὸς
1114 1769 1250 1837 (:28),
1310 1770 1386 1834 ὡς
1438 1771 1665 1825 σεαυτδν
1716 1771 1955 1837 ἐκάλεις,

380 1859 684 1926 σωφρονεῖν
723 1859 883 1927 μόνον
911 1858 1230 1925 παιδεύσας,
1262 1862 1357 1915 καὶ
1391 1863 1544 1916 πόλιν
1600 1862 1712 1932 (29)
1746 1863 1954 1928 ἐδίδους

374 1949 445 2018 ῆν
483 1948 653 2023 αὐτὸς,
678 1950 1138 2023 ἐδημιούργησας,
1181 1954 1276 2008 καὶ
1332 1954 1516 2027 χώραν
1570 1955 1864 2027 εὐδαίμονα
1906 1956 1949 1987 ¹⁰

286 2080 299 2099 ,
374 2041 469 2093 καὶ
506 2039 600 2094 νῦν
620 2042 851 2107 δεόντως
883 2045 1121 2115 χρῶνται
1139 2048 1204 2117 τῇ
1239 2045 1348 2117 (50)
1384 2047 1591 2118 Ῥώμῃ,
1619 2050 1710 2102 καὶ
1732 2048 1841 2102 τῶν
1860 2049 1959 2102 ἀλ-

320 2118 327 2133 ’
374 2129 483 2185 λων
530 2132 742 2203 (ΞΟ-51)
787 2135 1204 2206 προϐέϐληνται.
1262 2138 1494 2208 Πρέπων
1542 2132 1696 2203 οὗτος
1751 2140 1962 2210 βασιλεῖ

375 2225 581 2293 κόσμος
629 2227 725 2281 καὶ
777 2227 957 2300 πάσης
990 2230 1252 2300 κρείττων
1283 2231 1516 2295 ἐλπίδος.
1541 2233 1651 2286 Καί
1677 2250 1767 2304 μοι
1786 2231 1962 2296 δοκεῖς

389 2314 738 2389 Ἀλέξανδρον
769 2319 977 2372 ἐκεῖνον
1003 2319 1267 2392 βασιλικῷ
1287 2325 1591 2393 φρονήματι
1624 2324 1912 2395 παρελθεῖν
1947 2342 1959 2355 ·

374 2408 451 2472 ὃς.
472 2408 659 2481 ἐπειδὴ
684 2410 777 2463 τὸν
812 2410 971 2464 Ἷνδδν
998 2415 1222 2483 νικήσας
1243 2409 1356 2484 εἶχε
1392 2415 1504 2488 (52)
1536 2417 1601 2487 τῇ
1632 2417 1799 2490 μάχῃ,
1827 2417 1966 2487 σύμ-

376 2501 566 2554 6ουλον
593 2500 738 2574 αὐτῷ
769 2504 1062 2577 ἐπεποίητο
1091 2506 1180 2560 τὸν
1208 2507 1491 2582 πολέμιον,
1508 2510 1652 2573 ὅπως
1682 2509 1831 2580 αὐτῷ
1856 2511 1964 2565 δέοι

377 2593 681 2663 κεχρῆσθαι
710 2610 726 2626 °
783 2595 877 2649 τοῦ
912 2596 968 2651 δὲ
999 2615 1016 2647 ι
1060 2598 1355 2668 βασιλικῶς
1389 2618 1409 2650 ι
1463 2601 1728 2668 εἰπόντος,
1776 2601 1963 2674 ἠρώτα

381 2685 454 2752 μή
482 2700 534 2737 τι
567 2684 913 2756 προστιθέναι
959 2687 1142 2757 μέλλει
1174 2691 1241 2761 τῇ
1295 2689 1609 2762 συμϐουλῇο
1653 2691 1731 2754 ὡς
1774 2693 1833 2745 δὲ
1887 2691 1953 2746 δι’
2010 2742 2013 2745 λ

377 2776 496 2840 ἑνὸς
540 2779 786 2848 ῥήματος
831 2781 1011 2835 πᾶσαν
1053 2782 1159 2851 ἔφη
1217 2781 1316 2854 τὴν
1356 2784 1559 2854 ἀρετὴν
1602 2783 1952 2853 δεδηλῶσθαι,

379 2869 670 2935 αἰδεσθεὶς,
705 2864 881 2942 οῐμαι,
913 2873 1011 2944 τὴν
1045 2875 1387 2946 παραίνεσιν,
1413 2876 1547 2935 ἴσως
1592 2875 1741 2930 ἀκων
1799 2872 1954 2944 ὤφθη

378 2959 784 3031 φιλάνθρωπος.
817 2964 889 3017 Σὺ
944 2964 1001 3016 δὲ
1035 2964 1197 3033 φύσει
1251 2964 1313 3019 τὸ
1357 2965 1520 3020 καλὸν
1570 2965 1958 3034 ἐπιστάμενος.

1307 380 1839 444 PANEGYRICUS
1872 383 1953 444 IN
1995 382 2149 444 1MP.
2182 380 2689 443 ANASTASIUM.

1323 485 1427 544 ita).
1464 491 1685 545 διπλοῦν
1727 491 1961 561 ἕστησας

2072 492 2225 562 prius
2253 492 2512 547 vincitur.
2547 492 2778 547 Vincere
2805 489 2948 545 enim
2986 490 3181 545 hostes
3216 485 3449 543 fortasse
3472 486 3637 539 etiam

3496 368 3638 433 2510

2068 600 2163 654 per
2183 584 2354 639 solam
2385 583 2660 639 fortunam
2702 583 3033 654 contigerit;
3064 582 3158 638 sed
3190 580 3467 652 prioribus
3495 578 3637 632 alte.

2065 691 2123 731 ra
2156 676 2412 745 adjicere,
2459 675 2565 731 hoc
2602 689 2798 745 pugna
2828 673 3116 729 victoriam
3157 683 3342 737 ornat,
3382 678 3440 726 et
3470 671 3634 726 unius

2065 768 2286 823 virtutis
2339 766 2443 822 hoc
2491 774 2758 836 tropzeum
2812 774 2918 821 est.
2972 765 3115 832 Non,
3173 761 3633 836 quemadmodum

2066 855 2372 928 Philippus,
2402 873 2527 914 vere
2567 857 2790 912 Macedo
2822 864 2877 911 et
2907 857 3197 920 barbarus,
3233 865 3288 911 et
3316 854 3630 911 Graecorum

2066 946 2473 1014 calamitatibus
2519 944 2740 1011 ﬂorens,
2791 943 2984 1000 fraude
3035 956 3089 999 et
3136 943 3261 999 dolo
3306 943 3632 1015 expugnatis

2065 1038 2286 1093 duobus
2312 1046 2367 1093 et
2394 1038 2621 1108 triginta
2652 1036 2870 1108 oppidis
2904 1035 3255 1104 Chalcidicis,
3287 1037 3369 1090 sie
3396 1037 3634 1090 crudeli-

2066 1137 2152 1183 ter
2196 1127 2325 1183 illos
2376 1128 2691 1193 sustulisti,
2734 1136 2794 1182 ut
2832 1129 3101 1183 incertum
3152 1127 3261 1192 sit,
3291 1142 3419 1181 num
3474 1137 3633 1181 antea

2069 1218 2290 1274 fuerint.
2338 1218 2520 1274 Taceo
2558 1220 2996 1288 sapientissimos
3052 1217 3448 1285 Athenienses,
3492 1236 3636 1288 quo-

2068 1311 2228 1366 modo
2298 1309 2587 1367 Melienses
2634 1321 2690 1366 et
2749 1309 3078 1365 Sciouenses
3132 1310 3505 1363 traetaveriut.
3552 1306 3636 1363 Τιι

2066 1419 2217 1470 vero,
2250 1419 2411 1474 quem
2456 1403 2525 1458 ad
2571 1401 2705 1458 iram
2737 1402 3002 1458 adversus
3033 1402 3220 1457 hostes
3246 1401 3408 1470 justae
3448 1402 3637 1469 impet-

2066 1494 2251 1550 lehaut
2308 1507 2508 1560 causae,
2569 1509 2679 1549 non
2751 1492 2935 1557 talem,
3003 1492 3321 1561 imperator,
3374 1489 3632 1558 ultionem

2065 1584 2372 1655 sumpsisti.
2409 1584 2513 1640 Sed
2544 1582 3003 1654 quemadmodum
3036 1590 3191 1654 pater
3214 1582 3410 1649 bonus,
3441 1592 3496 1634 ut
3519 1583 3636 1651 ipse

2065 1685 2119 1731 te
2148 1675 2483 1745 appellabas,
2524 1681 2735 1729 tantum
2768 1673 3017 1729 modeSte
3044 1688 3205 1743 agere
3242 1687 3338 1727 eos
3374 1671 3637 1738 docuisti,

2064 1775 2117 1822 et
2146 1767 2331 1821 urbem
2364 1783 2392 1820 a
2424 1775 2477 1822 te
2518 1764 2839 1821 aedificatam
2891 1764 3107 1819 donasti
3150 1772 3204 1818 et
3233 1764 3507 1835 regionem
3552 1763 3634 1817 fe-

2060 1857 2321 1913 cundam.
2376 1842 2441 1910 Et
2470 1857 2604 1927 jam,
2653 1865 2711 1910 ut
2765 1863 3004 1927 oportet,
3037 1853 3359 1910 fortitudine
3382 1863 3631 1919 utuntur,

2061 1957 2113 2003 et
2151 1949 2289 2004 alios
2334 1955 2646 2019 protegunt.
2698 1945 2864 2001 Decet
2912 1946 3001 2000 hic
3034 1946 3418 2014 imperatorem
3468 1959 3635 1998 orna-

2062 2050 2149 2098 tus
2211 2050 2266 2096 et
2334 2041 2481 2096 omni
2538 2055 2635 2109 Spe
2698 2037 2872 2107 major
2934 2045 3041 2092 est.
3103 2035 3168 2089 Et
3252 2035 3383 2089 mihi
3431 2034 3634 2089 videris

2062 2136 2428 2191 Alexandrum
2452 2134 2602 2187 illum
2622 2134 2801 2186 animo
2835 2131 2985 2201 regio
3008 2143 3302 2198 superare;
3334 2129 3447 2199 qui,
3488 2135 3635 2198 post-

2066 2244 2228 2300 quam
2279 2228 2469 2282 Indum
2508 2240 2688 2296 pugna
2733 2224 2959 2289 vicerat,
3022 2222 3235 2277 hostem
3290 2221 3632 2286 consulebat,
3730 2234 3737 2240 '

2067 2321 2339 2391 quomodo
2373 2333 2434 2373 se
2471 2315 2696 2371 tractari
2733 2311 3052 2385 oporteret?
3078 2326 3187 2381 quo
3226 2310 3631 2379 respondente:
3680 2327 3698 2349 ο

2072 2429 2090 2463 ι
2130 2411 2331 2480 Kegie,
2369 2426 2388 2460 ι
2445 2409 2640 2462 iterum
2676 2404 2976 2475 quaerebat,
3030 2419 3157 2456 num
3207 2401 3335 2471 quid
3396 2400 3633 2469 adjicere

2064 2505 2224 2559 vellet
2281 2503 2411 2557 huic
2457 2498 2729 2555 consilio?
2777 2497 2911 2552 Cum
2958 2512 3086 2551 vero
3138 2497 3184 2549 is
3216 2511 3324 2548 uuo
3364 2495 3531 2548 verbo
3574 2509 3634 2548 se

2064 2603 2236 2650 totam
2259 2595 2513 2648 virtutem
2548 2590 2826 2645 indicasse
2860 2588 3087 2652 diceret,
3112 2595 3317 2649 motus,
3350 2592 3499 2655 pulo,
3537 2599 3636 2638 ex-

2063 2683 2396 2740 hortationis
2425 2680 2653 2753 pudore,
2685 2677 2921 2733 fortasse
2966 2676 3174 2732 invitus
3212 2675 3510 2729 humanum
3555 2672 3639 2728 illi

2065 2794 2123 2835 se
2164 2775 2419 2846 praebuit.
2448 2774 2529 2827 Tu
2561 2786 2691 2826 vero
2712 2786 2779 2825 ex
2809 2769 3028 2840 ingenio
3055 2776 3150 2823 tuo
3167 2766 3379 2837 pulchri
3406 2782 3634 2837 gnarus,

2066 2867 2288 2940 proprio
2313 2881 2448 2921 usus
2474 2879 2535 2919 es
2564 2860 2818 2918 consilio.
2849 2860 2914 2914 Et
2940 2860 3081 2931 grati
3116 2867 3245 2914 sunt
3279 2858 3427 2924 victi,
3456 2866 3510 2912 et
3533 2859 3639 2911 hoc

2069 2975 2237 3013 unum
2266 2956 2476 3018 dolent,
2520 2953 2683 3007 talem
2711 2966 2743 3006 a
2777 2966 2836 3008 se
2871 2951 3061 3005 laesum
3100 2965 3243 3005 esse.

380 3052 594 3106 οἴκοθεν
653 3049 798 3123 εἶχες
844 3054 944 3125 τὴν
997 3056 1347 3128 συμϐουλήνο
1405 3059 1502 3114 καὶ
1557 3059 1720 3132 χάριν
1778 3058 1959 3112 ῐσασιν
1997 3051 2343 3125 ἡττηθέντες,
2371 3044 2548 3119 οἶμαι,
2601 3045 2694 3099 καὶ
2738 3043 2865 3115 μίαν
2898 3040 3157 3113 ἡγοῦνται
3236 3037 3523 3111 συμφορὰν
3579 3044 3641 3098 τὺ

379 3147 623 3202 τοιοῦτον
653 3149 776 3222 ὄντα
806 3150 1197 3222 λελυπηκέναι.

448 3241 555 3298 IA'.
589 3221 884 3315 otpas'ptv
919 3241 1015 3299 οῦν
1047 3248 1095 3300 εἰ
1142 3236 1237 3301 καὶ
1272 3245 1410 3317 μόνα
1442 3246 1614 3301 ταῦτα
1646 3246 1827 3318 λέγειν
1884 3240 1953 3316 ἦν

2136 3235 2231 3291 XI.
2262 3231 2441 3289 Credo
2467 3225 2742 3297 equidem,
2773 3222 2819 3279 si
2865 3222 2979 3277 haec
3009 3228 3217 3275 tantum
3265 3216 3495 3276 dicenda
3544 3218 3642 3272 ha-

380 3334 525 3405 ἐμοὶ,
558 3339 693 3406 πρὸς
728 3337 912 3393 ἱκανὸν
953 3340 1127 3411 πέρας
1162 3339 1392 3411 ἀφῖχθαι.
1422 3340 1720 3407 τὸνλόγον,
1761 3340 1853 3393 καὶ
1894 3341 1957 3392 οὐ

383 3425 620 3497 μετρίως
648 3430 763 3491 τοῖς
778 3429 1091 3501 εἰρημένοις
1126 3430 1545 3503 φιλοτιμεῖσθαι.
1580 3426 1801 3485 Νυνῖδὲ
1824 3432 1959 3502 πρὸς

377 3523 478 3589 τὴν
516 3519 612 3573 τοῦ
646 3519 915 3591 βασιλέως
942 3522 1144 3594 ἀρετὴν
1205 3522 1643 3592 φιλονεικοῦντες
1698 3524 1749 3576 oi
1810 3522 1958 3591 λόγοι.

377 3613 549 3667 δεινὸν
590 3613 855 3685 ἡγοῦνται
889 3615 984 3669 καὶ
1007 3616 1190 3687 πάσης
1213 3616 1504 3687 ἀνανδρίας
1533 3615 1753 3687 μεστὸν,
1784 3617 1832 3668 εί
1851 3633 1956 3686 μηο

376 3703 435 3756 δὲ
454 3703 639 3772 λέγειν
671 3703 844 3775 ψιλῶς
867 3704 1248 3777 καρτεροῦσιν,
1277 3705 1314 3761 ἃ
1340 3709 1452 3771 τοῖς
1484 3706 1669 3777 ἔργοις
1699 3701 1757 3760 εὖ
1788 3705 1958 3761 ποιῶν

376 3799 585 3860 ἐκεῖνος
612 3797 673 3850 οὐ
698 3797 1045 3869 δυσχεραίνει
1077 3797 1153 3869 τῷ
1171 3798 1363 3869 πλήθει
1398 3799 1492 3853 καὶ
1514 3798 1768 3857 παύεται.
1802 3799 1959 3852 Δυοῖν

377 3887 487 3959 γὰρ
515 3888 690 3943 ὄντοιν
716 3890 775 3943 ὲν
823 3888 1131 3962 ἀνθρώποις
1194 3892 1425 3961 καιροῖν,
1480 3893 1703 3962 εἰρήνης
1748 3908 1807 3944 τε
1862 3889 1960 3944 καὶ

379 3979 641 4050 πολέμου,
673 3980 809 4052 πρὸς
848 3982 1138 4054 ἀμφότερα
1191 3982 1404 4053 μερίζει
1457 3980 1554 4052 τὴν
1588 3979 1809 4053 ἀρετὴν,
1866 3982 1959 4036 κα).

385 4068 633 4137 μέτεισιν
657 4070 942 4141 ἑκάτερον,
968 4071 1045 4134 ὡς
1096 4072 1229 4124 αὐτὸ
1287 4071 1446 4141 μόνον
1498 4070 1675 4137 εἰδὼς,
1731 4071 1957 4144 θατέρου

374 4156 433 4210 δὲ
485 4158 654 4228 μηδὲν
702 4161 1085 4232 ἐπιστάμενος.
1149 4162 1261 4215 Καὶ
1293 4163 1393 4233 τῆς
1456 4162 1555 4232 μὲν
1597 4165 1653 4215 ὲν
1702 4163 1959 4235 πολέμοις

373 4249 738 4321 ἀνδραγαθίας
772 4253 936 4307 ἱκανά
961 4253 1233 4324 δείγματα
1267 4255 1395 4324 περὶ
1442 4248 1517 4309 ὧν
1554 4254 1728 4324 λέγων
1783 4257 1957 4311 ἐπαυ-

376 4342 555 4412 σάμην
575 4343 815 4414 ἀρτίως·
863 4345 972 4399 τῶν
996 4347 1053 4400 δὲ
1101 4347 1220 4400 κατ’
1255 4349 1478 4420 εἰρήνην
1534 4348 1754 4418 ἀγαθῶν
1807 4349 1962 4418 μέγι-

374 4449 496 4485 στον
526 4435 705 4486 ἐκεῖνο
722 4475 738 4498 ,
771 4435 867 4488 καὶ
889 4434 1099 4488 πολλῶν
1124 4434 1234 4488 τῶν
1262 4434 1405 4489 κατὰ
1436 4434 1599 4505 μέρος
1623 4435 1814 4498 αἴτιον,
1863 4435 1959 4488 καὶ

371 4523 400 4576 δ
431 4523 667 4592 μάλιστα
710 4524 849 4595 πρὸς
879 4524 1230 4596 εὐδαιμονίαν
1260 4524 1382 4593 ἄγει
1429 4523 1527 4587 τὰς
1558 4524 1744 4587 πόλεις
1767 4538 1781 4551 ·
1819 4523 1877 4588 ἐξ
1893 4514 1975 4575 οῦ

2061 3331 2269 3394 berem,
2309 3324 2375 3379 ad
2431 3320 2792 3377 suﬂicientem
2843 3316 3006 3370 linem
3055 3314 3268 3368 venisse
3311 3314 3639 3376 orationem,

2062 3424 2227 3479 rebus
2243 3418 2508 3489 expositis
2531 3429 2638 3468 non
2660 3407 3006 3466 mediocriter
3034 3416 3305 3462 ornatam.
3330 3405 3484 3461 Nunc
3516 3420 3642 3459 vero

2061 3512 2412 3584 imperatoris
2453 3511 2711 3564 virtutem
2757 3505 3023 3566 aemulans
3053 3518 3160 3556 non
3193 3500 3473 3556 ferendum
3518 3513 3642 3553 esse

2060 3606 2384 3671 arbitratur,
2428 3596 2651 3671 remque
2699 3601 2943 3656 omnium
3002 3594 3437 3666 ignavissimam,
3484 3590 3529 3645 si
3576 3605 3642 3643 ne

2063 3697 2241 3768 eloqui
2273 3694 2493 3767 quidem
2521 3694 2699 3748 valeat
2721 3708 2806 3757 ea,
2849 3706 2971 3761 qua:
2994 3689 3084 3742 ille
3109 3686 3238 3741 dum
3272 3684 3380 3751 agit
3423 3690 3645 3752 propter

2062 3788 2467 3843 multitudinem
2521 3800 2628 3839 non
2682 3783 2966 3852 fatigatur.
3024 3778 3158 3833 Nam
3199 3791 3323 3832 cum
3373 3776 3482 3828 duo
3531 3773 3644 3828 sint

2060 3879 2206 3951 apud
2240 3878 2486 3933 homines
2517 3884 2785 3946 tempora,
2813 3888 2914 3944 pax
2942 3879 2995 3926 et
3026 3870 3250 3935 bellum,
3279 3869 3351 3921 ita
3386 3865 3475 3919 ille
3501 3863 3644 3917 divi-

2061 3972 2141 4028 dit
2180 3972 2458 4034 virtutem,
2512 3975 2572 4022 ut
2634 3974 2927 4035 utrumque
2975 3961 3341 4024 administret,
3369 3957 3528 4029 quasi
3586 3955 3639 4010 id

2062 4066 2240 4121 solum
2281 4061 2554 4128 didicerit,
2588 4062 2812 4115 alterius
2843 4058 3092 4127 ignarus.
3128 4052 3194 4107 Et
3221 4049 3563 4105 fortitudinis
3588 4049 3641 4102 in

2059 4158 2217 4214 bellis
2259 4149 2768 4212 documenta'satis
2822 4151 2991 4205 multa
3031 4162 3094 4202 ea
3144 4143 3518 4216 suppeditant,
3570 4142 3640 4197 de

2060 4250 2260 4320 quibus
2319 4248 2480 4303 modo
2525 4247 2631 4302 dixi
2667 4260 2683 4312 ;
2761 4258 2904 4297 nunc
2951 4256 3079 4294 vero
3108 4240 3174 4293 de
3209 4253 3272 4293 eo
3327 4235 3639 4297 dicendum,

2061 4339 2209 4408 quod
2259 4338 2408 4409 pacis
2438 4339 2703 4391 bonorum
2753 4334 3046 4386 maximum
3096 4339 3198 4394 est,
3250 4335 3304 4382 et
3345 4327 3639 4380 multorqu

2062 4430 2318 4499 deinceps
2372 4443 2561 4492 causa,
2607 4434 2661 4481 et
2714 4423 2859 4495 quod
2915 4424 3147 4477 maxime
3204 4420 3269 4474 ad
3321 4417 3640 4473 felicitatem

2062 4522 2282 4576 adducit
2309 4521 2577 4574 civitates.
2608 4517 2742 4572 Nam
2770 4534 2835 4572 ex
2863 4520 2973 4587 q‘uo
3027 4512 3281 4584 imperari
3324 4510 3642 4565 hominibus

371 4586 477 4687 γάρ
506 4586 774 4688 ἄρχεσθαι
826 4586 1136 4687 πεφύκασιν
1186 4586 1619 4689 ἅνθρωποι,κα“ι
1681 4586 1948 4688 βασιλέως

2063 4622 2320 4684 cwptum,
2371 4624 2425 4667 et
2480 4614 2621 4683 regis
2662 4626 2860 4666 nouten
2888 4616 2944 4664 et
2984 4607 3270 4676 imperium
3317 4611 3505 4658 natum
3535 4611 3639 4667 est,

373 4707 638 4776 προῆλθεν
665 4706 837 4779 ὄνομα
873 4725 934 4761 τε
991 4709 1085 4763 καὶ
1136 4711 1391 4781 πρᾶγμα,
1449 4709 1558 4763 τῶν
1597 4709 1949 4781 κρατούντων

371 4798 595 4864 ἕκαστος
618 4840 634 4866 ,
667 4801 889 4873 ἀπορῶν
905 4801 970 4856 δι’
996 4803 1113 4867 ἐνὸς
1140 4801 1657 4875 σώματοςπανταχῆ
1694 4803 1948 4874 παρεῖναι

2061 4707 2437 4777 unusquisque
2459 4706 2823 4776 regnantium,
2847 4717 2969 4755 cum
3000 4716 3109 4755 uno
3132 4712 3365 4769 corpore
3385 4693 3642 4749 omnibus

2060 4799 2164 4855 sibi
2207 4798 2471 4868 subjectis
2495 4799 2688 4853 adesse
2709 4812 2812 4851 uon
2837 4793 3029 4865 possit,
3055 4806 3148 4863 per
3178 4805 3274 4846 eos
3301 4788 3396 4860 qui
3429 4784 3642 4856 imperii

1752 4960 1990 5017 VARIIE
2034 4960 2441 5019 LECTIONES.

414 5074 433 5104 ⁹
467 5076 797 5144 Σκιωναίους
835 5078 925 5146 R.,
951 5080 1319 5146 Σικυωναίους
1347 5080 1435 5136 ed.
1531 5082 1573 5113 ¹⁰
1596 5080 1831 5152 δαίμονα
1862 5081 1952 5136 ed.

1526 5190 1742 5248 ANSSII
1774 5191 2208 5250 VILLOISONIS
2243 5189 2481 5246 NOTAE.

369 5282 550 5384 "98)
608 5283 744 5346 Ταῖς
791 5283 1071 5352 ἀδελφαῖς,
1135 5285 1189 5341 id
1232 5298 1320 5343 est
1370 5286 1493 5348 ταῖς
1539 5283 1756 5350 λοιπαῖς
1812 5287 1945 5357 ἀρε-

580 5422 723 5479 Male
753 5423 807 5478 in
838 5423 963 5491 cod.
996 5426 1172 5491 ὄντος.

370 5559 385 5569 ἢ
440 5492 549 5564 (28)
592 5493 734 5563 Lege
768 5513 786 5569 ι
812 5490 1404 5569 οἷαᾼπατὴρλάγαθδς,
1452 5496 1526 5561 ὡς
1561 5498 1786 5551 σεαυτὸν
1817 5498 1945 5553 ἐκά-

371 5565 479 5633 λεις
516 5567 818 5633 σωφρονεῖν
853 5565 1013 5633 μόνον
1045 5565 1358 5631 παιδεύσας.

439 5632 549 5702 (‘29)
605 5632 772 5690 Forte
828 5632 914 5691 hic
968 5654 1067 5693 vox
1114 5641 1321 5693 omissa
1379 5645 1485 5695 est.
1529 5645 1590 5691 ut
1635 5636 1809 5703 πόλιν,
1864 5637 1946 5691 vel

368 5703 494 5784 quid
522 5704 741 5772 simile;
776 5709 857 5762 vel
891 5709 1069 5777 potius
1098 5709 1383 5778 legendum
1418 5710 1510 5761 καὶ
1538 5708 1692 5763 πόλιν
1729 5725 1826 5779 pro
1859 5708 1949 5761 καὶ

369 5788 472 5825 πα).
481 5790 546 5828 ιν.

2127 5285 2336 5357 (ὅθ-51)
2392 5283 2623 5339 Restitui
2647 5284 2734 5355 τῇ,
2757 5280 2900 5352 quod
2933 5281 2986 5334 in
3043 5276 3163 5334 eod.
3221 5284 3348 5330 ante
3394 5272 3502 5326 τῶν
3545 5271 3642 5325 ἀλ·

2053 5357 2160 5411 λων
2186 5357 2485 5410 exciderat.

2125 5425 2238 5497 (52)
2269 5424 2432 5480 Forte
2481 5417 2591 5497 εἷλε
2623 5437 2722 5490 pro
2754 5417 2888 5497 εἶχε.
2940 5417 3266 5497 suspicarer
3303 5414 3643 5497 Procopium

2055 5485 2159 5553 hoc
2193 5485 2316 5550 Pori
2362 5485 2674 5562 exemplum
2731 5485 2881 5562 ideo,
2904 5492 3268 5562 potissiumur
3304 5485 3634 5562 protulisse,

2057 5568 2202 5636 quod
2242 5580 2383 5620 unus
2406 5581 2470 5618 ex
2504 5553 2816 5636 Isaurorum
2856 5553 3086 5614 ducibus
3117 5553 3639 5636 voca'bjtttrhlndus,

2059 5624 2163 5692 nisi
2233 5638 2321 5690 hic
2380 5635 2648 5703 supplicio
2711 5632 2941 5687 affectus
3007 5637 3061 5682 et
3123 5627 3351 5681 minime
3425 5624 3638 5695 βασιλι-

2060 5709 2169 5771 κῶς
2200 5713 2464 5761 ιι·;ι‹;ῑυιιιιδ
2507 5704 2723 5759 fuisset.
