4034 6246
356 291 493 355 2811

1666 297 2019 356 PROCOPII
2078 298 2320 361 GAZ.’E[

3475 310 3616 378 2812

358 411 567 475 partem
604 400 1015 467 administrant,
1049 404 1247 459 civitas
1269 405 1512 458 continet
1547 421 1560 471 ;
1597 413 1648 457 et
1680 422 1777 474 per
1807 404 1927 458 illos

2053 412 2139 473 τοῖς
2164 412 2444 481 ὑπηκόοις,
2483 413 2569 468 διὰ
2606 416 2712 468 τῶν
2725 418 2863 470 κατὰ
2887 419 3054 489 μέρος
3086 419 3360 492 ἀρχόντων
3403 425 3613 496 συνέχει

357 494 640 551 benefacta
661 495 910 550 tribuens
937 496 1189 549 omnibus
1223 496 1415 550 adesse
1437 497 1669 557 videtur,
1705 506 1754 550 ct
1780 498 1924 567 quod

359 597 553 642 natura
593 586 804 642 eﬂicere
847 602 953 641 non
988 594 1187 657 potest,
1221 588 1272 640 id
1318 589 1495 640 facere
1531 596 1761 641 conatur
1796 602 1928 656 pru-

361 677 564 729 dentia.
608 674 730 729 Haac
765 676 932 745 igitur
965 678 1033 729 ab
1069 677 1224 729 initio
1251 676 1389 731 bene
1420 677 1719 731 constituta
1756 677 1928 747 spurii

361 769 581 836 quidam
613 769 863 823 homines
903 777 955 823 et
1001 767 1068 821 ad
1112 769 1311 836 regiam
1363 769 1682 838 dignitatem
1739 778 1934 840 praeter

358 867 448 935 jus
483 861 678 923 evecti,
723 861 931 914 lucrum
966 861 1235 928 privatum
1282 875 1313 914 e
1351 875 1410 914 re
1459 861 1674 929 publica
1719 862 1933 931 imperii

361 962 690 1022 qua-rentes,
718 959 1117 1019 perverterunt,
1137 957 1191 1004 et
1210 950 1359 1003 utilia
1380 950 1639 1005 damnosa
1666 950 1931 1008 fecerunt.

363 1042 644 1112 Tanquam
678 1042 820 1095 enim
858 1042 1197 1107 negotiantes
1220 1040 1532 1097 vendebant
1557 1046 1908 1114 magistratus

363 1143 415 1188 et
444 1133 627 1186 videre
662 1139 881 1201 poteras
911 1133 1013 1187 sub
1055 1133 1410 1201 magistratus
1443 1133 1599 1186 titulo
1627 1134 1786 1189 vendi
1818 1151 1936 1207 pr¢~

365 1227 573 1279 vincias
612 1225 705 1289 iis,
752 1224 844 1295 qui
882 1225 1144 1294 pecunias
1181 1226 1312 1281 dare
1341 1232 1396 1280 et
1436 1228 1687 1296 accipere
1715 1227 1937 1291 vellent,

369 1333 474 1371 nou
519 1318 610 1387 qui
666 1325 810 1372 recte
868 1332 1028 1386 agere
1094 1319 1318 1373 scirent.
1365 1317 1708 1388 Quapropter
1776 1320 1940 1375 simul

368 1425 532 1482 atque
558 1414 610 1465 in
644 1412 976 1482 provinciam
1007 1413 1308 1481 venissent,
1341 1413 1391 1468 id
1420 1417 1651 1484 agebant
1672 1415 1832 1484 cujus
1862 1417 1936 1470 rei

358 1514 532 1559 'eausa
576 1505 826 1573 aderant,
861 1513 914 1561 et
942 1521 973 1561 ε
997 1506 1212 1577 publica
1235 1508 1544 1563 calamitate
1582 1510 1941 1580 magistratus

374 1597 860 1663 locupletabantur.

440 1688 555 1744 XII.
592 1689 697 1744 Sed
728 1706 795 1744 ex
834 1704 944 1759 quo
979 1695 1037 1743 tu
1067 1689 1320 1745 civitates
1358 1688 1518 1744 nobis
1554 1697 1687 1743 nutu
1722 1698 1944 1745 susten-

373 1792 479 1847 tas,
513 1780 892 1852 cognovimus,
920 1780 1235 1835 divitiarum
1268 1780 1633 1835 insatiabilem
1677 1794 1940 1845 amorem,

372 1877 463 1945 qui
488 1875 757 1945 justitiam
786 1875 927 1944 apud
962 1874 1211 1929 homines
1244 1874 1494 1929 habitare
1531 1891 1635 1928 non
1660 1875 1811 1941 sinit,
1837 1890 1943 1928 non

2031 501 2128 564 τὰς
2141 503 2350 567 πόλεις,
2372 506 2458 558 διὰ
2478 507 2679 561 τούτων
2698 509 3002 579 εὐεργετῶν
3044 514 3177 567 πᾶσι
3222 518 3479 583 παρεῖναι
3526 518 3614 570 δο-

2031 594 2136 644 κεῖ’
2158 594 2248 645 καὶ
2271 596 2406 665 ὅπερ
2423 596 2661 650 ἐκλείπει
2688 601 2754 669 τῇ
2786 600 2966 667 φύσει,
2989 605 3295 672 μηχανᾶται
3313 609 3378 675 τῇ
3397 607 3612 678 γνώμῃ.

2039 684 2225 739 Ταῦτα
2243 686 2418 741 τοίνυν
2435 689 2491 754 ἐξ
2506 689 2682 759 ἀρχῆς
2704 691 2845 745 οὕτω
2855 693 3033 754 καλῶς
3054 696 3371 768 ἐγνωσμένα
3387 700 3528 752 νόθοι
3539 720 3617 755 τι-

2039 776 2127 840 νὲς
2156 777 2428 849 ἄνθρωποι
2458 783 2551 834 καὶ
2580 784 2995 855 παρέγγραπτοι
3024 790 3090 860 τῇ
3124 788 3393 863 βασιλεία,
3419 794 3612 866 κέρδος

2040 868 2170 923 ἴδιον
2214 870 2311 942 τὴν
2338 873 2524 944 κοινὴν
2550 874 2824 930 πολιτείαν
2879 881 3269 950 πεποιημένοι,
3301 884 3617 955 διέφθειράν

2040 976 2100 1012 τε
2137 962 2230 1014 καὶ
2264 963 2397 1033 πρὸς
2424 966 2733 1019 τούναντίον
2759 968 2857 1037 τῆς
2882 970 3075 1040 χρείας
3113 972 3414 1041 μετέϐαλον
3457 975 3570 1048 (55)
3596 990 3614 1009 ⁸

1996 1078 2001 1081 ·
2042 1052 2117 1116 ὡς
2142 1053 2247 1125 γὰρ
2279 1057 2328 1107 οῑ
2357 1057 2627 1128 ἐμπορίας
2656 1059 2802 1123 τινὸς
2844 1064 3267 1134 προεστηκότες,
3306 1067 3406 1130 τὰς
3440 1068 3615 1143 ἀρχὰς

2043 1144 2236 1208 ὠνίους
2284 1146 2501 1200 ἐποίουν
2527 1163 2543 1177 ⁸
2588 1152 2681 1202 καὶ
2709 1146 2777 1221 ἦν
2810 1152 2938 1205 ἰδεῖν
2962 1154 3021 1208 ἐν
3047 1154 3223 1225 ἀρχῆς
3255 1157 3498 1227 σχήματι
3524 1178 3618 1214 πι-

2046 1236 2436 1306 πρασκομένας
2478 1238 2579 1302 τὰς
2611 1239 2796 1304 πόλεις
2822 1244 2936 1304 τοῖς
2982 1245 3243 1314 χρήματα
3290 1246 3475 1302 δοῦναι
3521 1252 3619 1304 καὶ

2048 1327 2227 1380 λαϐεῖν
2256 1329 2574 1396 ἐγνωκόσιν,
2600 1333 2660 1384 ού
2687 1336 2798 1397 τοῖς
2823 1331 2882 1389 εὖ
2923 1339 3097 1391 ποιεῖν
3122 1339 3461 1409 δυναμένοις.
3492 1342 3619 1395 Τοι-

2045 1418 2252 1489 γαροῦν
2275 1418 2391 1489 ἅμα
2417 1438 2477 1474 τε
2501 1425 2622 1487 ταῖς
2650 1424 2866 1477 πόλεσιν
2890 1427 3219 1498 ἐπεδήμουν,
3277 1431 3372 1483 καὶ
3429 1435 3547 1502 ἐφ’.
3575 1425 3621 1500 ᾦ

2048 1510 2302 1578 παρῆσαν
2334 1511 2639 1580 ἐπράττετο
2669 1513 2808 1585 (34),
2844 1517 2937 1569 καὶ
2978 1518 3079 1587 τῆς
3123 1519 3163 1551 ⁸¹
3199 1521 3386 1588 κοινῆς
3412 1539 3622 1591 συμφο-

2050 1603 2150 1673 ρᾶς
2183 1602 2233 1655 οί
2266 1601 2371 1654 τῶν
2405 1602 2706 1673 ἀνθρώπων
2740 1605 3006 1674 ἡγεμόνες
3035 1607 3355 1663 ἐπλούτουν.

2122 1688 2216 1740 ΙΒ’.
2263 1689 2354 1753 Ἐξ
2379 1684 2448 1743 οὗ
2480 1689 2536 1744 δὲ
2575 1692 2705 1760 ἡμῖν
2726 1691 2821 1755 τὰς
2854 1693 3040 1757 πόλεις
3065 1694 3279 1764 ἀνέχεις
3294 1695 3371 1766 τῷ
3396 1696 3623 1765 νεύματι

2052 1778 2297 1849 ἔγνωμεν
2316 1780 2390 1844 ὡς
2423 1784 2451 1833 ό
2482 1781 2591 1834 τῶν
2623 1782 2922 1852 χρήματων
2953 1785 3231 1856 ἄπληστος
3272 1786 3433 1858 ἔρως,
3468 1787 3496 1841 ὁ
3521 1791 3624 1854 τὴν

2050 1869 2206 1940 δίκην
2237 1870 2516 1939 ἁπείργων
2572 1872 2701 1941 παρ’
2758 1872 3067 1943 ἀνθρώποις
3125 1875 3517 1941 ἐνδιαιτᾶσθαι,
3559 1877 3622 1929 οὐ

372 1969 577 2034 omnia,
612 1979 668 2022 ut
699 1968 1005 2031 videbatur,
1045 1968 1284 2032 vincere,
1324 1969 1434 2023 imo
1459 1984 1588 2023 vero
1613 1977 1807 2039 praeter
1841 1984 1939 2025 ex-

2053 1961 2222 2014 πὰντα
2250 1962 2428 2031 νικᾷν,
2469 1961 2544 2022 ὡς
2566 1961 2762 2027 ἔοικεν,
2792 1960 2956 2033 εἶχεν,
3024 1965 3161 2020 ἀλλὰ
3203 1968 3312 2038 γάρ
3352 1952 3486 2022 Ῐποτε
3528 1971 3627 2023 καὶ

374 2061 763 2132 spectationem
810 2076 934 2116 eum
989 2060 1284 2128 aliquando
1335 2062 1605 2131 superari.
1654 2060 1721 2115 Et
1769 2071 1946 2116 tamen

2053 2052 2368 2123 παραδόξως
2395 2054 2903 2124 ὴττᾶσθαι.’Καίτοι
2946 2058 3033 2112 διὰ
3060 2059 3221 2114 τοῦτο
3263 2060 3376 2132 (55)
3435 2060 3625 2130 πατὴρ

373 2162 596 2223 propter
646 2153 791 2207 hunc
842 2161 994 2222 pater
1028 2153 1196 2207 lilium
1243 2152 1446 2223 prodit,
1481 2168 1629 2207 utor
1655 2155 1855 2219 virum,
1896 2162 1950 2208 et

2054 2145 2154 2215 μέν
2201 2143 2494 2212 προδίδωσι
2550 2146 2741 2211 παῖδα,
2791 2148 3012 2216 γύναιον
3046 2150 3102 2203 δέ
3156 2150 3247 2204 τὸν
3303 2152 3493 2222 ἄνδρα,
3529 2152 3629 2205 καὶ

302 2300 327 2311 ,ι
375 2254 567 2314 gentes
603 2244 833 2298 invicem
870 2258 1020 2297 arma
1048 2244 1293 2314 capiunt.
1327 2241 1407 2296 Τιι
1427 2259 1556 2299 vero
1586 2259 1708 2298 eum
1743 2243 1950 2300 assidcs

2053 2237 2120 2291 τὰ
2149 2238 2277 2308 γένη
2307 2239 2426 2291 κατ’
2451 2238 2695 2311 ἀλλήλων
2727 2241 3025 2306 όπλὶζεται.
3070 2241 3171 2296 Σοῦ
3199 2243 3257 2296 δέ
3306 2243 3627 2315 παρακαθη-

375 2336 657 2399 tribunali,
685 2345 810 2389 ante
841 2336 1030 2389 oeulos
1067 2342 1317 2388 versatur
1338 2334 1574 2402 jnstitia,
1605 2342 1659 2389 et
1693 2342 1950 2405 tanquam

2058 2327 2217 2396 μένου
2244 2324 2318 2398 τῷ
2351 2326 2554 2400 βήματι
2581 2330 2715 2400 ('56),
2732 2332 2835 2400 πρὸ
2860 2332 2957 2402 μὲν
2982 2332 3394 2402 τῶνόφθαλμῶν
3427 2333 3626 2403 eam.

375 2441 435 2478 ea
457 2432 736 2489 cernente,
757 2422 972 2492 judiees
996 2423 1049 2475 in
1087 2421 1342 2492 sulfragia
1364 2425 1554 2479 mittis.
1588 2426 1766 2496 Atque
1797 2437 1946 2482 tuam

2058 2418 2267 2489 Ὠσπερ
2305 2418 2361 2473 δὲ
2395 2421 2596 2490 ταύτης
2627 2421 2842 2492 ὁρώσης
2875 2423 3128 2491 μέλλουσι
3162 2423 3449 2487 δικασταῖς
3504 2426 3628 2477 ἐπι-

377 2518 702 2571 seutcntiam
746 2514 849 2571 sibi
890 2514 1147 2569 conciliat
1199 2529 1310 2568 non
1358 2516 1450 2584 qui
1510 2530 1704 2571 aurum
1742 2517 1950 2584 offerat,

2059 2510 2246 2579 φέρεις
2279 2510 2376 2583 τὴν
2402 2513 2581 2582 ψῆφον
2604 2529 2617 2542 ·
2655 2515 2749 2566 καὶ
2774 2508 2886 2566 εἷλέ
2923 2514 3013 2568 σού
3043 2532 3129 2578 τις
3154 2515 3255 2587 τὴν
3282 2515 3507 2585 γνώμην
3566 2516 3627 2569 οὐ

379 2611 472 2666 sed
503 2614 704 2664 virtute
739 2610 916 2673 dives,
952 2606 1044 2677 qui
1097 2606 1346 2662 homines
1379 2606 1563 2664 felices
1592 2610 1821 2665 reddere
1857 2627 1950 2666 no-

2060 2603 2256 2672 χρυσὺν
2286 2603 2726 2674 προτεινόμενος,
2754 2604 2868 2656 ἀλλ’
2898 2604 3070 2675 ἀρετῇ
3104 2605 3372 2671 πλουτῶν,
3407 2606 3503 2660 καὶ
3535 2622 3633 2675 με·

380 2704 540 2758 verit.
598 2701 880 2773 Lysander
923 2715 1075 2764 vero,
1125 2698 1254 2752 licet
1291 2699 1618 2769 Spartanus,
1648 2709 1704 2757 et
1733 2712 1950 2772 proptet

2063 2694 2346 2747 ταϐἀλλειν
2373 2694 2692 2764 ἀνθρώπους
2717 2698 2795 2759 εἰς
2827 2697 3172 2767 εὐδαιμονίαν
3206 2698 3383 2762 εἰδώς.
3455 2697 3514 2753 Ὀ
3569 2697 3629 2751 δὲ

382 2810 472 2849 res
500 2794 729 2847 feliciter
751 2799 944 2862 gestas
976 2790 1161 2845 animo
1205 2790 1404 2854 elatus,
1440 2789 1600 2845 factis
1632 2789 1950 2861 Spartauun'

2066 2784 2391 2854 Λύσανδρος,
2423 2786 2473 2837 εί
2497 2784 2590 2837 καὶ
2615 2787 2963 2855 Σπαρτιάτης
3000 2782 3089 2857 ἦν,
3124 2788 3217 2840 καὶ
3248 2787 3442 2858 σεμνὸν
3470 2787 3631 2857 ἐςίξορὸ⁴

389 2888 652 2940 mentitus
691 2892 776 2938 est
820 2898 989 2937 :cum
1015 2883 1159 2938 enim
1213 2882 1568 2952 magistratus
1618 2899 1726 2939 non
1777 2895 1839 2941 ut
1872 2902 1950 2955 pal

2067 2894 2147 2929 νει
2177 2876 2265 2929 διὰ
2306 2876 2374 2929 τὰ
2428 2874 2617 2947 πρώην
2672 2877 3056 2948 εὑτυχηθέντα,
3101 2878 3235 2932 ἀλλὰ
3276 2881 3384 2940 τοῖς
3453 2880 3634 2948 ἔργοις

387 2986 505 3031 erat
542 2978 845 3038 eonlerret,
891 2974 1036 3029 carde
1080 2982 1133 3029 et
1165 2974 1342 3028 turbis
1382 2973 1697 3031 Grtecorum
1741 2986 1950 3047 genten

2069 2968 2157 3023 τὸν
2188 2969 2532 3038 Σπαρτιάτην
2586 2967 2876 3037 ἐψεύδετοο
2918 2969 3014 3039 τὴν
3067 2971 3176 3041 γὰρ
3202 2970 3309 3022 τῶν
3361 2970 3636 3039 ἀρχόντων

391 3065 656 3135 implevit,
695 3075 750 3123 et
803 3066 1252 3139 unius'consilio
1302 3066 1555 3124 civitates
1590 3068 1791 3124 misere
1822 3070 1972 3125 vive-

393 3162 545 3218 baut.

424 3390 425 3393 η
469 3326 606 3384 XIII.
649 3328 755 3385 Sed
792 3344 959 3383 unum
1001 3328 1085 3383 vel
1113 3302 1368 3396 alterum,
1405 3344 1516 3398 quo
1544 3336 1711 3384 totam
1762 3329 1969 3400 adjuvit

399 3439 512 3478 rem
552 3423 849 3492 publicam,
882 3421 970 3475 ubi
999 3420 1212 3484 dixero,
1244 3430 1375 3476 tunc
1406 3421 1474 3475 ad
1504 3435 1568 3477 ea
1600 3437 1817 3492 quoque
1846 3438 1970 3477 ora-

403 3518 602 3570 tionem
633 3523 972 3575 convertam,
1011 3528 1131 3583 quae
1167 3515 1219 3565 iu
1254 3513 1500 3581 singulos
1533 3513 1787 3569 muniﬁce
1818 3514 1966 3570 fecit.

401 3608 650 3677 Namque
686 3606 840 3661 scitis
873 3606 996 3674 ipsi,
1028 3634 1095 3645 -—
1123 3614 1285 3675 atque
1334 3613 1393 3662 ut
1423 3606 1717 3674 tranquilla
1754 3622 1836 3661 me
1866 3623 1967 3661 au-

403 3702 565 3756 diatis
595 3707 774 3755 mente
806 3716 902 3755 vos
943 3715 1093 3770 rogo,
1124 3731 1191 3741 —
1222 3699 1485 3754 tributum
1521 3698 1790 3770 quoddam
1820 3714 1972 3755 acer-

407 3798 532 3849 bum
572 3792 728 3865 quasi
786 3791 985 3847 malum
1032 3790 1362 3844 horrendum
1410 3792 1578 3847 certis
1629 3791 1970 3860 temporibus

408 3888 677 3942 invasisse
726 3883 998 3945 civitates,
1034 3881 1392 3952 singulosque
1438 3881 1588 3937 cives
1616 3882 1968 3952 corripuisse,

408 3978 643 4032 alienum
704 3991 734 4029 a
786 3974 1023 4045 iustitia,
1081 3973 1378 4027 infaustum
1450 3972 1686 4030 subditis
1752 3990 1971 4039 nomen,

409 4085 601 4124 anrutn
640 4077 691 4121 et
744 4075 1026 4137 argentum
1075 4081 1186 4119 uno
1220 4066 1386 4120 verbo
1414 4068 1828 4137 comprehensa.
1867 4066 1975 4125 Ho-

411 4162 586 4217 mines
612 4161 756 4214 enim
793 4157 1052 4227 operarii,
1086 4158 1231 4211 victu
1260 4158 1578 4227 quotidiano
1603 4172 1844 4229 egentes,
1875 4162 1974 4231 qui

412 4265 624 4305 onmem
657 4248 779 4302 vitae
806 4263 956 4312 spem
990 4248 1042 4300 in
1083 4247 1334 4301 manibus
1368 4249 1660 4317 repositam
1690 4249 1973 4319 haberent,

2070 3060 2282 3131 αἵρεσιν
2313 3061 2373 3113 ού
2410 3060 2798 3131 προσηκόντως
2824 3060 3148 3130 ποιούμενος
3183 3059 3484 3129 φόνου,,καὶ
3542 3076 3636 3110 τα-

2074 3152 2247 3224 ραχῆς
2275 3152 2335 3205 τὸ
2362 3151 2470 3204 τῶν
2510 3151 2778 3224 Ἑλλήνων
2816 3151 3076 3221 ἐνέπλησε
3103 3151 3165 3203 τὸ
3196 3151 3370 3220 γένος,
3419 3149 3513 3202 καὶ
3568 3148 3636 3203 δι’

2075 3244 2191 3304 ἐνὸς
2216 3244 2439 3314 γνώμην
2475 3244 2798 3313 ἐδυστύχουν
2832 3245 2889 3295 αἱ
2922 3242 3124 3303 πόλεις.

2140 3336 2237 3391 Il".
2299 3335 2458 3388 Ἀλλὰ
2492 3334 2602 3406 γὰρ
2634 3335 2690 3388 ἓν
2716 3333 2748 3406 ἢ
2779 3333 3027 3404 δεύτερον
3080 3329 3269 3395 εἰπὼν,
3297 3328 3376 3382 ἔτι
3404 3327 3501 3399 τῆς
3524 3345 3641 3383 κοι-

2067 3429 2164 3497 νῆς
2196 3425 2457 3480 καὶκατὰ
2521 3426 2741 3478 πάντων
2790 3421 3110 3493 εὐεργεσίας
3172 3420 3450 3491 ἐχόμενον,
3500 3419 3642 3473 οὕτω

2070 3518 2163 3570 καὶ
2194 3518 2327 3589 πρὸς
2351 3518 2447 3587 τὴν
2473 3518 2614 3571 κατὰ
2659 3517 2825 3588 μέρος
2850 3504 3265 3584 ’φιλανθρωπίαν
3297 3513 3499 3582 πέμψω
3551 3512 3642 3565 τὸν

2068 3606 2245 3676 λόγον.
2284 3610 2429 3661 Ἵστε
2462 3608 2592 3679 γὰρ,
2619 3637 2692 3648 --
2723 3606 2815 3660 καί
2849 3624 2937 3677 μοι
2967 3606 3153 3676 μηδεὶς
3169 3604 3522 3676 ταραττέσθω
3546 3604 3646 3675 τὴν

2069 3701 2316 3770 γνώμην,
2348 3730 2412 3741 -
2444 3698 2518 3763 ὡς
2550 3699 2713 3769 φόρος
2748 3715 2829 3761 τις
2886 3697 3151 3768 δυσχερὴς
3188 3696 3379 3768 ὥσπερ
3440 3714 3493 3750 τι
3534 3696 3643 3749 τῶν

2069 3793 2256 3848 δεινῶν
2290 3796 2353 3848 ἐκ
2387 3793 2633 3865 περιόδου
2664 3795 2783 3858 ταῖς
2822 3792 3043 3846 πόλεσιν
3076 3790 3376 3855 ἐπετίθετο,
3405 3792 3499 3844 καὶ
3555 3790 3645 3844 διὰ

2072 3885 2288 3940 πάντων
2331 3886 2540 3954 ἐφοίτα,
2575 3884 2848 3959 πρόφασιν
2881 3884 3097 3937 δικαίαν
3127 3883 3227 3936 οὐκ
3259 3882 3418 3953 ἔχων,
3473 3882 3643 3951 ὄνομα

2071 3978 2328 4049 δυστυχὲς
2355 3980 2466 4041 τοῖς
2510 3977 2791 4048 ὑπηκόοις,
2850 3977 3048 4047 χρυσὸς
3102 3977 3196 4029 καὶ
3233 3974 3474 4044 ἄργυρος
3533 3972 3645 4044 (57)

2074 4073 2156 4135 είς
2187 4072 2315 4141 μίαν
2348 4069 2592 4133 ἐλθόντες
2625 4069 3012 4141 προσηγορίαν.
3040 4067 3315 4138 Ὀσοιγὰρ
3345 4065 3646 4138 ἀνθρώπων

2074 4162 2388 4231 αὑτουργῶν
2420 4162 2464 4192 ⁸⁸
2491 4177 2550 4213 τε
2584 4161 2678 4213 καὶ
2705 4161 2813 4212 τῶν
2841 4161 2963 4213 καθ’
2994 4159 3205 4229 ἡμέραν
3280 4158 3500 4224 ἐνδεεῖς,
3552 4160 3649 4210 καὶ

2075 4254 2192 4316 ταῖς
2220 4253 2375 4323 χερσὶ
2413 4253 2591 4305 πᾶσαν
2616 4251 2802 4304 ἐλπίδα
2850 4249 3208 4320 πεποιημένοι
3246 4245 3340 4302 τοῦ
3373 4248 3516 4320 βίου,
3540 4246 3650 4301 ὥσ-

411 4343 464 4398 hi
490 4341 644 4412 quasi
670 4340 884 4395 sudoris
901 4348 952 4393 ct
972 4338 1311 4394 miseriarum
1338 4341 1640 4395 mercedem
1663 4342 1945 4398 solvebant

2079 4362 2182 4414 περ
2219 4344 2456 4411 ἱδρώτων
2511 4344 2607 4396 καὶ
2655 4343 2940 4412 δυστυχίας
2996 4341 3187 4411 μισθὸν
3228 4341 3482 4393 ἐτέλουνσ
3557 4342 3653 4394 καὶ

415 4436 603 4489 ethoc
634 4445 828 4502 [muter
872 4431 1142 4485 fortunam
1195 4432 1319 4485 illos
1373 4432 1673 4501 premebat.
1727 4435 1950 4505 Agricol

2079 4434 2234 4489 τοῦτο
2259 4435 2398 4506 μετὰ
2428 4435 2522 4503 τῆς
2546 4434 2713 4503 τύχης
2726 4434 2909 4496 αὐτοῖς
2930 4433 3454 4486 ἐπετίθετο.Ἒστενε
3480 4447 3655 4502 γεωρο

415 4528 562 4581 circa
599 4527 821 4580 arbores
847 4522 1239 4594 ingemiscehat
1271 4539 1286 4577 :
1335 4522 1535 4591 duplici
1565 4525 1710 4578 enim
1747 4525 1949 4582 infortu

2080 4526 2175 4595 γδς
2201 4527 2326 4597 περὶ
2354 4524 2422 4578 τὰ
2454 4525 2645 4595 δένδρα
2678 4526 2790 4594 (58)
2818 4542 2829 4554 '
2863 4525 3055 4595 διπλῆν
3087 4525 3195 4593 γὰρ
3229 4520 3346 4593 εἶχε
3378 4524 3474 4594 τὴν
3517 4540 3656 4591 συμ-

417 4620 510 4674 nio
536 4618 893 4679 aliieiebatur,
931 4625 985 4669 et
1033 4615 1250 4667 labores
1292 4627 1520 4681 corpore
1556 4615 1900 4683 perferendo,
1929 4635 1950 4671 ο

2053 4633 2060 4671 l
2090 4617 2281 4690 φορὰν,
2311 4619 2401 4671 καὶ
2432 4617 2607 4670 πονῶν
2642 4617 2718 4687 τῷ
2752 4617 2983 4685 σώματι,
3025 4617 3119 4668 καὶ
3150 4615 3498 4684 μεμνημένος
3548 4614 3658 4667 τῶν

418 4721 707 4783 aerumnas
743 4722 927 4763 secum
986 4705 1489 4762 commemorando.
1537 4703 1789 4762 Piscator
1841 4723 1944 4776 apu

2089 4705 2348 4779 λυπηρῶν
2379 4722 2393 4737 ⁸
2444 4707 2627 4772 ἁλιεὺς
2669 4710 2816 4780 παρᾶ
2859 4707 2957 4777 τὴν
2986 4706 3254 4760 θάλατταν
3306 4705 3455 4775 ἠφίει
3484 4704 3543 4756 τὸ
3576 4702 3658 4755 δί-

1715 4880 1952 4938 ἾΑΒΙίΕ
1993 4882 2396 4942 LECTIONES.

497 4978 539 5010 ’ί
566 4977 660 5032 καὶ
683 4975 777 5049 διὴ
798 4975 897 5047 τῆς
919 4974 1063 5045 cnnj.
1088 4972 1157 5030 N.
1230 4972 1654 5046 αὐτουργοῦντες
1686 4973 1780 5026 καὶ
1808 4972 1872 5027 Ν.

1572 5090 1800 5149 ANSSII
1831 5091 2264 5153 VILLOISONIS
2294 5098 2524 5155 NOTAE.

501 5193 611 5265 (55)
669 5186 746 5245 De
798 5190 901 5245 hoc
947 5189 1018 5244 cf.
1072 5190 1155 5244 CI.
1185 5188 1238 5245 Ie
1284 5187 1430 5245 Beau
1492 5193 1530 5239 t.
1581 5182 1732 5248 Vill,
1788 5201 1843 5257 p.
1889 5185 1991 5240 ’547
2099 5191 2135 5244 1.
2164 5208 2324 5265 iu,_c.
2356 5191 2444 5265 59,
2480 5208 2531 5260 p.
2563 5189 2698 5253 568;
2728 5187 3161 5265 :I‘heotlortth.
3191 5185 3667 5265 x_x_t_;'l:b_e_opbla_u.

430 5257 547 5332 seq.
596 5257 600 5259 ’
653 5330 690 5332 μ
782 5329 795 5332 _
838 5329 849 5332 _
2093 5275 2151 5332 ρ.
2186 5262 2327 5327 125;
2358 5257 2610 5332 Anastas.
2641 5277 2693 5325 τι.
2726 5260 2792 5314 5t)
2818 5277 2844 5332 ;_
2867 5258 3115 5332 Cetlren._
3134 5258 3343 5332 p.551.
3368 5258 3493 5332 55s.
3526 5257 3667 5325 563;

501 5326 612 5398 (54)
652 5329 1017 5402 vendebatur.
1040 5397 1066 5402 _
1471 5391 1494 5402 Δ
1843 5393 1854 5402 _
2099 5326 2393 5402 Zonar.p.
2429 5331 2497 5385 54
2519 5331 2794 5402 ;Glycam,
2832 5329 2870 5402 Ιζ
2900 5342 3059 5402 ινλρ,
3088 5326 3371 5402 265,266;
3480 5344 3668 5402 anass.

507 5391 621 5469 ὧδ’)
682 5401 825 5470 Lege
851 5400 941 5452 διὰ
972 5397 1184 5470 τοῦτον,
1227 5410 1440 5470 nempe,
1471 5391 1649 5463 ἔρωτα
1674 5393 1997 5470 χρημάτωνι
2097 5416 2152 5470 p.
2186 5401 2254 5455 65
2286 5420 2301 5467 ;
2342 5391 2584 5454 'Suida'm
2619 5391 2789 5470 'voce’
2829 5391 3138 5470 ’I‘tuéoégg;
3193 5397 3319 5470 Pagi
3378 5398 3444 5470 ad
3505 5396 3673 5470 Barn-

507 5464 619 5553 (_56i
673 5471 729 5524 In
763 5464 886 5609 amp.
932 5469 1159 5540 ῥήματι,
1213 5476 1268 5522 et
1313 5466 1418 5520 alia
1448 5479 1610 5518 manu
1642 5478 1807 5533 supra
1868 5464 1928 5517 τὸ
1965 5464 1996 5532 ῤ
2099 5464 2252 5593 ἱζὲιῖιι
2286 5464 2299 5539 ;
2344 5473 2633 5536 Asscman,
2668 5464 2972 5523 Bibliothéc.
3011 5464 3291 5522 Orientali
3315 5477 3355 5520 t.
3393 5469 3437 5530 I,
3470 5466 3668 5537 p.208,

507 5552 697 5607 ruptum
727 5556 786 5594 es
885 5577 898 5591 .
1424 5605 1433 5609 _
1728 5601 1787 5609 μ
1836 5601 1886 5609 __
1955 5601 1970 5609 _
2114 5581 2144 5595 -
2185 5577 2235 5593 ι.
2712 5608 2717 5609 ί
2886 5607 2930 5609 η
3426 5607 3435 5609 4
3505 5607 3537 5609 Α

437 5544 697 5607 scriptum
727 5549 813 5595 est
848 5544 898 5607 β.
1425 5605 1432 5607 _
1730 5601 1787 5607 μ
1838 5601 1886 5607 __
1955 5601 1969 5607 _
2109 5544 2235 5595 261i.

514 5601 621 5681 =57)
659 5601 876 5681 Scilicet
914 5610 1211 5681 vocabatur
1265 5605 1675 5681 1919351970905.-
1719 5601 1910 5681 Cf._t3l.
1955 5601 2007 5654 Ie

1666 5648 1675 5682 ὲ
1719 5607 1910 5682 ϐίηφι.
1956 5607 2007 5654 le
2184 5610 2294 5677 (58)
2325 5609 2535 5682 Mallem
2587 5608 2735 5677 mpii
2768 5609 2835 5663 τὰ
2877 5607 3088 5680 δένδρα,
3135 5618 3195 5662 ιιι
3244 5608 3383 5661 infra
3416 5607 3443 5658 ὁ
3492 5607 3676 5670 ἁλιεὺς

442 5672 615 5748 Bentl;
643 5690 681 5737 t.
719 5678 825 5735 VIII
848 5722 861 5747 ,
897 5696 951 5754 p.
981 5679 1103 5743 3l5,
1137 5680 1227 5748 qui
1269 5672 1537 5731 videndos
1571 5673 1773 5727 indicat
1816 5672 2007 5740 Etagr.

2121 5682 2268 5749 παρὰ
2303 5681 2399 5751 τὴν
2431 5680 2721 5733 θάλασσαν.
