4034 6246
305 400 446 462 seu
535 382 548 389 ”

1182 398 1707 459 PANEGYRICUS
1740 398 1822 457 IN
1860 399 2017 476 1MP.
2046 400 2547 461 ANAbTASlUM.

3416 403 3560 485 2818

304 517 407 578 γῆς
434 510 622 581 χρείας
648 511 745 581 τὴν
767 510 1177 583 φιλανθρωπίαν
1224 509 1504 574 ἐκτείνειν,
1532 509 1648 562 ἀλλ’
1692 508 1880 579 ὥσπερ

1998 511 2288 581 :omplecti,
2322 511 2415 566 sed
2444 509 2595 580 quasi
2626 516 2880 579 perpetuo
2931 508 3300 566 benefaciendi
3350 511 3564 568 deside-

308 603 621 672 εὐεργετεῖν
654 605 740 655 ἀεὶ
765 602 946 656 ποθῶν
975 603 1291 663 ἐπισκοπεῖς
1311 601 1438 663 τοὺς
1462 595 1521 653 εὖ
1553 600 1743 653 παθεῖν
1766 601 1884 654 δεο-

314 694 532 763 μένους,
590 694 684 747 καὶ
740 695 840 748 ὅσα
902 692 1045 746 κατὰ
1081 692 1245 763 μέρος
1292 691 1481 743 ἐλύπει
1540 691 1633 753 τὰς
1676 692 1882 754 πόλεις.

309 784 478 846 Γνοὺς
512 786 567 837 δὲ
597 782 772 837 ταῦτα
819 783 1156 854 προσετίθεις
1183 782 1245 835 τὸ
1279 782 1484 846 λεῖπον,
1531 782 1623 833 καὶ
1654 781 1790 852 πρδς
1824 780 1885 832 τδ

311 878 562 945 κρεῖττον
595 875 952 940 μεταϐάλλειν
973 874 1157 944 ἠξίους
1180 891 1192 906 ·
1224 874 1319 927 καὶ
1343 871 1754 942 μετεὸάλλοντο.
1784 866 1885 924 Ὧν

312 969 379 1019 τὰ
419 968 647 1020 πλεῖστα
680 969 875 1039 παρεὶς
899 966 1097 1037 (μείζω
1119 965 1227 1036 γάρ
1256 965 1428 1018 ταῦτα
1453 967 1546 1017 καὶ
1577 963 1669 1017 τοῦ
1696 961 1884 1032 καιροῦ

312 1058 571 1123 νικῶντος
600 1060 698 1129 τήν
754 1058 986 1130 χρείαν),
1021 1057 1211 1127 ὥσπερ
1259 1056 1318 1121 ἐξ
1360 1057 1519 1127 ἱερῶν
1571 1058 1886 1126 πρέπουσαν

314 1151 491 1221 ἀρχὴν
533 1150 795 1221 ποιοῦμαι
824 1151 901 1221 τῷ
925 1151 1090 1220 λόγῳ.

387 1335 497 1388 ιη’.
533 1333 695 1397 Πόλις
730 1333 878 1386 ἐστὶν
930 1333 1052 1401 ἱερὰ
1112 1332 1248 1402 (49),
1291 1331 1399 1385 τῶν
1429 1331 1564 1402 προς
1595 1331 1744 1402 ἥλιον
1802 1330 1891 1383 ἀν-

324 1426 606 1495 ισχόντων,
634 1422 1079 1495 πολυάνθρωπος,
1110 1426 1172 1477 ἐκ
1198 1427 1293 1493 τῆς
1332 1424 1610 1487 εὐσεϐείας
1653 1423 1890 1493 φέρουσα

314 1515 623 1586 γνώρισμα,
651 1515 746 1569 καὶ
772 1517 890 1577 ταῖς
923 1514 1097 1577 θείαις
1137 1515 1383 1577 τελεταῖς
1410 1513 1518 1566 τῶν
1549 1514 1724 1567 ἄλλων
1756 1532 1890 1585 προ-

315 1607 629 1677 εεϐλημένη
646 1622 661 1636 ⁶
688 1607 808 1659 ὅθεν
832 1608 913 1669 είς
936 1605 1137 1675 ταύτην
1169 1605 1427 1674 φοιτῶσιν
1457 1605 1607 1658 Ἰνδοὶ
1626 1606 1718 1659 καὶ
1746 1607 1889 1675 Πέρ-

318 1716 409 1751 σαι
440 1699 533 1751 καὶ
572 1697 815 1760 Φοίνικες
843 1698 935 1750 καὶ
964 1695 1186 1749 Σκυθῶν
1219 1696 1349 1766 γένη
1378 1696 1471 1749 καὶ
1495 1697 1561 1748 τὰ
1591 1696 1764 1767 σεμνὰ
1790 1698 1889 1766 τῆς

326 1790 340 1807 σ
388 1790 405 1804 ς
467 1791 476 1804 ι
849 1792 856 1796 -
1262 1788 1273 1802 ι
1320 1785 1343 1802 η
1595 1786 1621 1797 -ι
1698 1787 1724 1800 α-

346 1789 600 1851 Ει.λαδος,
649 1786 823 1841 Ἰωνία
855 1805 915 1840 τε
949 1788 1096 1841 πᾶσα
1120 1804 1135 1819 ο
1190 1805 1283 1840 και
1311 1803 1498 1857 ωσπερ
1529 1804 1623 1839 του
1657 1804 1766 1840 των
1794 1788 1888 1840 ἁν-

1990 602 2071 656 rio
2124 612 2323 666 motus,
2378 602 2468 672 qui
2518 602 2816 657 benefactis
2876 601 3205 671 indigerent,
3254 602 3565 673 quibusque

1987 704 2364 763 premerentur
2391 694 2603 763 singula
2656 693 2848 762 oppida
2893 692 3255 749 incommodis
3323 694 3558 749 circum-

1987 784 2245 854 spiciens,
2279 785 2422 855 quod
2454 785 2669 840 deesset
2704 784 3071 853 suppeditare,
3104 793 3265 855 atque
3296 787 3351 840 in
3377 786 3566 841 melio-

1988 888 2100 949 rem
2130 882 2331 927 statum
2362 887 2549 927 eorum
2582 889 2696 927 rem
2727 882 3048 928 convertere
3095 876 3357 930 statuisti.
3388 874 3567 945 Atque

1988 971 2214 1017 eventus
2246 962 2579 1019 voluntatem
2624 972 2952 1018 consecutus
2977 972 3077 1018 est.
3110 963 3351 1030 Quarqu
3381 983 3562 1020 rerum

1990 1054 2239 1121 plurimis
2284 1056 2689 1125 prmtermissis,
2721 1055 3003 1127 (ampliora
3051 1058 3197 1110 enim
3257 1059 3370 1112 luec
3417 1067 3565 1120 sunt,

1988 1147 2188 1215 quibus
2221 1148 2543 1203 enarraudis
2588 1159 2802 1216 tempus
2832 1164 2938 1202 non
2964 1147 3245 1219 suﬂiciat,)
3279 1149 3437 1219 quasi
3502 1164 3567 1205 ex

1990 1239 2162 1292 sacris
2187 1238 2399 1292 initium
2441 1240 2673 1293 orationi
2701 1241 2959 1293 decorum
2996 1248 3198 1308 petam.

2060 1328 2244 1383 XVIII.
2275 1327 2415 1384 Urbs
2443 1339 2525 1384 est
2549 1346 2725 1397 sacra,
2749 1331 2800 1384 in
2821 1330 3061 1385 Orientis
3093 1331 3409 1399 regionibus
3441 1333 3567 1397 sita,

1991 1417 2268 1487 frequens,
2303 1419 2502 1487 pietate
2533 1404 2770 1488 cognita,
2801 1435 2863 1474 ac
2897 1421 3095 1476 divinis
3129 1423 3403 1492 mysteriis
3434 1423 3562 1478 aliis

1989 1519 2276 1581 prmstans.
2338 1510 2525 1580 Itaque
2578 1511 2716 1564 hanc
2756 1512 2957 1565 adeunt
3011 1511 3151 1575 Indi,
3185 1522 3238 1566 et
3269 1511 3446 1566 Persae
3469 1552 3484 1579 ,
3511 1521 3566 1566 et

1991 1601 2164 1666 Pmni,
2193 1611 2243 1655 et
2268 1598 2595 1671 Scytharum
2622 1601 3230 1671 nationes,Gramizeque
3260 1610 3446 1669 gentes
3475 1618 3571 1656 nn-

1992 1692 2148 1754 bilrs,
2186 1700 2240 1746 et
2266 1700 2378 1746 tota
2420 1689 2567 1746 Ionia
2591 1711 2606 1747 :
2634 1708 2863 1763 eamque
2895 1695 3050 1764 quasi
3087 1708 3429 1747 communem
3461 1694 3567 1747 hu-

1992 1784 2134 1836 mani
2165 1785 2380 1854 generis
2407 1785 2637 1855 patriam
2677 1784 2900 1839 dixeris.
2927 1784 3098 1851 Quam
3134 1800 3286 1854 aquae
3341 1785 3568 1854 penuria

316 1881 551 1951 θρὼπων
575 1880 765 1947 γένους
810 1880 999 1949 κοινήν
1049 1895 1134 1942 τις
1188 1877 1255 1931 ἂν
1289 1879 1428 1931 εἴποι
1461 1879 1715 1949 πατρίδα.
1744 1878 1889 1950 Αὕτη

2003 1874 2269 1936 laborare,
2304 1874 2356 1929 id
2400 1885 2596 1946 praeter
2628 1877 2775 1932 cives
2831 1878 2995 1930 etiam
3022 1877 3260 1931 advenas
3319 1878 3559 1947 undique

315 1971 427 2024 τῶν
458 1971 670 2024 ὑδάτων
719 1969 897 2038 ἐνδείᾳ
949 1969 1083 2038 μετὰ
1126 1968 1234 2021 τῶν
1262 1968 1563 2038 οἰκητόρων
1615 1968 1709 2021 καὶ
1763 1969 1891 2030 τοὺς

320 2059 656 2129 πανταχόθεν
672 2058 829 2121 ὄντας
854 2058 1060 2111 ἐλύπει.
1092 2056 1340 2111 Τοσαῦτα
1366 2059 1473 2129 γὰρ
1494 2056 1775 2128 παρεῖχεν,
1794 2058 1893 2111 ὅσα

318 2152 429 2205 τῶν
455 2149 679 2221 ὄμϐρων
708 2151 741 2221 ἡ
797 2149 934 2219 τύχη
955 2163 968 2177 ⁸
1008 2149 1103 2202 καὶ
1138 2150 1250 2201 ἀντ’
1283 2147 1444 2201 ἄλλου
1505 2146 1649 2211 τινός
1689 2146 1892 2200 ὑδάτων

320 2242 629 2313 θησαυροὺς
659 2239 986 2310 ἐπεποίηντο
1014 2255 1027 2269 ⁶
1074 2239 1170 2292 καὶ
1199 2239 1293 2310 τὴν
1315 2239 1519 2292 ἔνδειαν
1550 2237 1891 2308 σοφιζόμενοι

322 2336 461 2407 πρὸς
491 2335 552 2387 τὸ
581 2332 753 2386 δεινὸν
802 2333 947 2386 οὓτω
982 2334 1135 2403 μόλις
1198 2335 1464 2403 ἀντεῖχον.
1512 2332 1672 2387 Ἀλλὰ
1735 2333 1894 2403 μέχρι

322 2424 416 2476 σοῦ
452 2424 497 2454 ³³
524 2422 619 2480 καὶ
655 2420 811 2474 τοῦτο
840 2420 1001 2475 πάλιν
1031 2423 1220 2475 ἐλύπει
1239 2440 1251 2454 ·
1275 2423 1373 2494 τήν
1397 2440 1454 2475 τε
1477 2423 1585 2494 γὰρ
1616 2422 1767 2476 πόλιν
1788 2422 1894 2493 duo

321 2513 432 2564 δεῖν
464 2510 727 2580 τιμᾶσθαι
772 2511 840 2564 τὰ
869 2512 1200 2585 *πρέπονταο
1241 2513 1337 2566 καὶ
1380 2512 1549 2565 δεινὸν
1592 2512 1896 2583 ἡγούμενος

320 2602 408 2654 διὰ
442 2605 571 2672 μιᾶς
602 2601 809 2670 ταύτης
841 2603 1047 2666 πάντας
1084 2601 1414 2675 ἀνθρώπους
1465 2604 1756 2677 πειρᾶσθαι
1789 2604 1897 2657 τῶν

319 2692 622 2763 δυσχερῶν,
642 2693 864 2763 ὀχετοὺς
893 2693 1099 2748 ὑδάτων
1120 2697 1200 2759 είς
1235 2695 1369 2766 ὕψος
1414 2696 1623 2768 ἐπάρας
1645 2696 1780 2767 (50),
1805 2697 1898 2749 καὶ

321 2789 402 2850 εἰς
430 2788 626 2842 ταυτὸν
652 2786 876 2857 ἀγαγὼν
898 2787 965 2841 τὰ
998 2788 1073 2861 μὴ
1091 2788 1135 2820 ³⁸
1156 2787 1547 2859 διανεστηκότα
1562 2790 1673 2853 τοῖς
1697 2785 1900 2857 μετεώ-

325 2894 466 2945 ροις,
506 2878 599 2931 καὶ
641 2878 710 2930 δι’
749 2878 1035 2946 ἀνωμάλου
1087 2877 1182 2930 καὶ
1227 2878 1488 2948 τραχείας
1531 2875 1632 2945 γῆς
1683 2876 1899 2928 εὐθεῖαν

319 2968 445 3023 ὀδδν
500 2966 846 3032 διατυπώσας
904 2966 985 3037 τῷ
1039 2968 1306 3037 ῥεύματι,
1363 2967 1546 3038 πηγὰς
1575 2967 1661 3019 διὰ
1697 2965 1901 3034 ταύτης

320 3059 611 3131 ’πόρρωθεν
638 3059 906 3129 συνῆπτες
924 3076 937 3089 ·
960 3061 1053 3113 καὶ⁴
1078 3063 1134 3113 ὲν
1157 3061 1338 3123 αὐτοῖς
1366 3059 1600 3129 διαφανῆ
1621 3062 1714 3113 καὶ
1736 3059 1901 3126 deﬂo-

1992 1961 2269 2018 alﬂuentes
2301 1964 2551 2019 vexabat.
2577 1965 2809 2019 Tantum
2827 1967 2970 2021 enim
3011 1967 3279 2037 praebebat
3306 1977 3585 2038 quantum‘

1994 2054 2195 2109 imbres
2226 2057 2362 2109 forte
2386 2055 2734 2110 demitterent
2766 2076 2780 2112 :
2805 2072 3036 2125 cumque
3064 2066 3223 2113 terra!
3247 2075 3381 2113 vena
3415 2060 3573 2112 dees-

1994 2157 2096 2210 sel,
2131 2147 2324 2214 pluviae
2357 2146 2643 2201 thesaurus
2684 2154 3020 2213 struxerant,
3046 2164 3149 2214 qua
3184 2151 3398 2204 ratione
3452 2150 3571 2204 ino-

1995 2237 2134 2307 piam
2191 2240 2590 2299 arte,vincente
2620 2255 2761 2308 aegre
2792 2255 2849 2293 se
2906 2244 3308 2295 sustentabant.
3369 2240 3473 2294 Sed
3507 2248 3564 2295 et

1996 2329 2098 2383 hoc
2122 2346 2321 2384 rursus»
2342 2346 2515 2400 usque
2552 2330 2619 2383 ad
2645 2340 2696 2383 te
2726 2330 2975 2399 angebat.
3008 2330 3144 2384 Cum
3194 2332 3338 2385 enim
3379 2348 3573 2385 cense-

1997 2434 2084 2473 res
2127 2420 2312 2474 urbem
2343 2421 2487 2473 illam
2542 2420 2724 2475 debito
2783 2421 2986 2475 honore
3036 2421 3372 2476 alliciendam
3425 2438 3568 2486 esse,

1997 2509 2344 2578 graviterque
2370 2508 2541 2563 ferres
2570 2525 2664 2578 per
2706 2508 2846 2561 hanc
2878 2524 3041 2563 unam
3098 2525 3290 2564 omnes
3326 2511 3573 2567 hOmines

1999 2599 2358 2654 incommodis
2386 2600 2653 2667 laborare,
2701 2612 2855 2670 aqua:
2884 2601 3140 2655 ductibus
3168 2603 3222 2655 in
3268 2602 3432 2656 altum
3479 2618 3573 2657 οι·
3621 2657 3624 2660 .

2000 2692 2228 2745 structis
2271 2699 2326 2744 et
2384 2691 2629 2746 collectis
2675 2685 2939 2757 fontibus,
2974 2694 3064 2760 qui
3117 2692 3168 2745 in
3199 2693 3574 2761 superioribus

2000 2779 2130 2834 locis
2156 2783 2506 2847 scaturircnt,
2544 2789 2597 2837 et
2653 2798 2748 2853 per
2802 2783 3140 2838 salebrosum
3205 2798 3570 2854 asperumque

2004 2878 2159 2919 terra:
2185 2869 2360 2921 solum
2394 2869 2558 2923 ducto
2587 2868 2829 2925 ﬂuminis
2861 2871 3036 2936 alveo,
3058 2872 3384 2942 longinquos
3427 2874 3572 2927 rivos

2009 2957 2368 3026 conjuuxisti,
2398 2960 2489 3028 qui
2518 2976 2614 3029 per
2635 2961 2758 3016 illos
2789 2962 2985 3016 ductus
3036 2962 3357 3032 pellucidam
3388 2974 3439 3017 et
3463 2965 3571 3017 lar-

2001 3066 2120 3120 gum
2180 3065 2332 3121 aqum
2389 3053 2600 3120 cepiam
2658 3053 2970 3119 effundunt,
3007 3052 3246 3110 ﬂuminis
3297 3057 3574 3111 celeritate

324 3166 388 3203 να
419 3149 668 3218 ῥεύματα
692 3148 985 3218 πέμπουσι,
1010 3150 1074 3219 τῇ
1096 3149 1197 3217 τῆς
1231 3149 1400 3219 φορᾶς
1429 3146 1646 3216 ὀξύτητι
1666 3147 1895 3200 νικῶντα

2003 3152 2279 3211 aspectum
2312 3152 2625 3213 superante,
2647 3145 2722 3199 ita
2761 3152 2817 3198 ut
2841 3161 2985 3199 nunc
3017 3145 3238 3200 advena:
3272 3147 3340 3200 ad
3368 3147 3567 3205 volun:

322 3237 420 3310 τὴν
456 3237 617 3291 θέαν·
664 3236 737 3300 ὡς
793 3237 1045 3300 καὶτοὺς
1099 3237 1532 3308 ἀφικνουμένους
1576 3236 1662 3290 ἐπ’
1707 3236 1890 3301 ἁδείας

324 3326 719 3396 πανηγυρίζειν
748 3326 842 3378 καὶ
874 3326 970 3379 σὺν
1002 3327 1160 3397 ἡδονῇ
1193 3327 1402 3390 πάντας
1434 3327 1820 3381 ἐνδιαιτᾶσθαι.

397 3416 496 3471 ΙΘ’.
528 3418 697 3472 Πάλιν
728 3418 797 3470 τὰ
819 3417 937 3471 καθ’
968 3419 1136 3486 ἡμᾶς.
1167 3416 1275 3470 Τοῦ
1307 3418 1585 3490 Καίσαρος
1613 3419 1766 3472 πόλιν
1795 3419 1896 3472 ἐπ-

326 3508 562 3578 ώνυμον,
600 3508 964 3579 ἀπειρηκότος
1008 3509 1145 3580 αὐτῇ
1189 3508 1283 3562 τοῦ
1325 3509 1542 3579 λιμένος
1571 3509 1648 3582 τῷ
1696 3511 1891 3582 χρόνῳ,

326 3601 423 3653 καὶ
449 3599 583 3670 πρὸς
617 3601 796 3653 πᾶσαν
820 3598 1048 3670 ἀπειλὴν
1078 3598 1350 3670 θαλάττης
1390 3601 1759 3671 ἡνεῳγμένου,
1801 3603 1895 3655 καὶ

330 3691 529 3761 μηκέτι
558 3689 825 3754 σώζοντος
868 3690 968 3761 τὴν
1018 3689 1350 3761 κατηγορίαν
1388 3693 1500 3753 τοῖς
1547 3690 1747 3762 ἔργοις,
1780 3692 1895 3744 ἀλλ’

328 3784 393 3833 ἐκ
430 3782 527 3849 τῆς
552 3781 787 3844 παλαιᾶς
819 3781 987 3853 τύχης
1011 3780 1165 3850 ψιλὸν
1185 3781 1421 3852 τοῦνομα
1451 3799 1617 3853 κεκτη
1628 3782 1809 3852 μένου,
1834 3782 1895 3834 ού

327 3873 596 3941 περιεῖδες
618 3871 879 3942 δεομένην
910 3873 1005 3924 καὶ
1050 3871 1351 3943 θρηνοῦσαν
1389 3873 1480 3927 ἀεὶ
1504 3872 1601 3937 τάς
1641 3872 1894 3938 ὁλκάδας,

330 3965 385 4017 οἳ
439 3965 700 4028 πολλάκις
750 3962 1109 4034 διαφυγοῦσαι
1163 3964 1225 4018 τὸ
1248 3965 1485 4034 πέλαγος
1524 3968 1582 4020 ἐν
1612 3965 1688 4036 τῷ
1718 3967 1896 4036 λιμένι

328 4058 426 4125 τὴν
455 4058 721 4125 ναυαγίαν
750 4058 1068 4126 ὑπέμειναν.
1106 4059 1213 4111 Καὶ
1250 4060 1301 4111 ol
1334 4057 1577 4128 δεόμενοι
1617 4058 1724 4111 τῶν
1767 4074 1900 4129 φορ-

329 4147 461 4199 τίων
481 4149 838 4217 ἐλεεινότερον
865 4142 1011 4218 εἶχον
1037 4148 1099 4202 τὺ
1126 4149 1298 4214 πάθος
1313 4164 1328 4181 ο
1350 4147 1771 4220 διαφθειρόμενα
1790 4151 1899 4222 γὰρ

330 4238 517 4309 ἐώρων
536 4233 611 4292 ὧν
638 4242 698 4292 ἐν
728 4241 891 4312 χρείᾳ
925 4241 1282 4311 τυγχάνοντες
1318 4240 1576 4311 ἀνόνητον
1625 4237 1772 4312 εἶχον
1800 4242 1902 4310 τὴν

332 4330 481 4384 θέαν.
520 4330 678 4385 Ἀλλά
717 4331 826 4404 γὰρ
858 4328 952 4385 σοῦ
992 4331 1345 4403 βουληθέντος
1390 4329 1593 4396 νεάζει,
1626 4334 1720 4385 καὶ
1770 4332 1902 4404 θαρ-

1998 3243 2158 3287 latent
2193 3234 2310 3289 dies
2342 3233 2510 3292 festos
2551 3237 2851 3304 celebrent,
2881 3253 3181 3308 omnesque
3208 3238 3454 3293 hilariter
3488 3238 3562 3293 ibi

2000 3332 2305 3378 verScntnr.

2072 3412 2209 3467 XIX.
2246 3416 2325 3470 Ad
2348 3425 2569 3472 nostras
2630 3397 2879 3486 regiones
2937 3426 3196 3472 revertor.
3261 3415 3425 3484 Urbs,
3453 3434 3573 3487 quae

1997 3505 2249 3562 Caesareo
2274 3509 2491 3562 nomine
2523 3518 2770 3572 ornatur,
2807 3523 2865 3563 re
2903 3507 3021 3578 ipsa
3055 3510 3258 3564 nomini
3298 3527 3400 3565 non
3458 3529 3573 3567 am-

2001 3598 2141 3665 plius
2168 3599 2550 3670 respondebat,
2580 3599 2691 3654 imo
2714 3599 2845 3654 nihil
2875 3609 3069 3670 prreter
3118 3601 3320 3655 nudum
3377 3615 3569 3655 nemen

1998 3704 2063 3743 ex
2093 3691 2258 3744 veleri
2286 3689 2502 3745 fortuna
2533 3701 2884 3758 servaverat;
2913 3706 3036 3746 eum
3072 3701 3263 3760 portus
3304 3702 3571 3749 vetuState

2001 3780 2310 3844 defecisset,
2336 3784 2697 3852 omnibusque
2721 3783 2979 3838 ﬂuctuum
3007 3784 3166 3839 minis
3182 3792 3405 3854 pateret.
3435 3786 3562 3840 Eam

2002 3881 2060 3928 tu
2092 3890 2199 3929 non
2226 3875 2601 3943 contempsisti
2625 3876 2891 3934 orantem.
2910 3885 2963 3930 et
2991 3878 3251 3928 continuo
3280 3873 3565 3929 deﬂentem

2004 3966 2239 4036 navigia,
2280 3981 2401 4037 quae
2421 3981 2563 4036 stepe
2615 3973 2737 4036 post
2766 3973 3021 4036 superata
3045 3964 3210 4020 maris
3238 3965 3479 4036 pericula
3515 3967 3569 4021 in

2003 4069 2165 4130 portu
2221 4058 2583 4114 elidebatitur.
2622 4055 2764 4124 Quin
2816 4055 2995 4113 adhuc
3039 4059 3213 4128 magis
3268 4058 3568 4115 miserandi

1999 4149 2266 4219 erantqui
2312 4149 2585 4203 mercibus
2613 4149 2920 4217 indigerent
2957 4167 2973 4205 :
3014 4150 3192 4218 perire
3219 4150 3365 4205 enim
3427 4151 3576 4204 vide-

2002 4239 2132 4313 bant
2150 4255 2274 4310 quae
2299 4254 2436 4309 opus
2466 4248 2672 4306 essent,
2709 4240 2984 4295 incassum
3017 4242 3193 4297 oculis
3230 4243 3431 4296 oblata.
3469 4239 3575 4296 Sed

2005 4339 2056 4385 te
2088 4332 2302 4385 volente
2345 4332 2476 4384 urbs
2515 4329 2841 4400 juveneseit,
2876 4339 2931 4384 et
2987 4332 3331 4388 confidenter
3383 4335 3576 4402 recipit

336 4422 500 4475 σοῦσα
526 4423 738 4493 δέχεται
762 4424 861 4488 τὰς
886 4428 1021 4488 ναῦς
1042 4440 1056 4455 ·
1085 4424 1178 4478 καὶ
1210 4423 1426 4494 πλήρης
1446 4423 1553 4476 τῶν
1582 4422 1895 4493 ἐπιτηδείων

2006 4434 2171 4474 naves
2196 4438 2209 4473 :
2236 4428 2285 4474 et
2311 4418 2552 4474 abundat
2582 4419 2745 4474 rebus
2781 4420 3128 4476 necessariis.

277 4547 289 4560 ν
331 4517 366 4584 ἡ
397 4515 570 4578 πόλις.
1862 4562 1869 4565 .

404 4604 487 4656 K'.
519 4603 910 4676 Παραπλήσιον
930 4603 988 4659 δέ
1014 4620 1069 4657 τι
1095 4602 1266 4667 πάθος
1298 4602 1496 4675 μικροῦ
1524 4601 1634 4656 δεῖν
1677 4600 1774 4655 καὶ
1804 4600 1903 4671 τὴν

345 4693 697 4769 Ἀλεξάνδρου
727 4699 1041 4770 κατείληφε.
1092 4697 1309 4767 Πύργος
1345 4694 1455 4765 γὰρ
1506 4696 1646 4762 ἄγαν
1680 4693 1906 4763 ὑψηλὸς,

334 4785 570 4848 παλαιᾶς
598 4786 758 4857 ἔργον
805 4786 1174 4856 εὐδαιμονίας,
1219 4784 1310 4837 ἐπ’
1355 4783 1526 4853 ἄκρου
1551 4782 1646 4836 τοῦ
1691 4782 1908 4854 λιμένος

333 4875 559 4946 ἀνέχων,
613 4876 816 4948 ἐγείρει
850 4876 1024 4946 φλόγα
1072 4878 1187 4939 τοῖς
1212 4868 1278 4929 ἔκ
1317 4873 1589 4942 πελάγους
1619 4873 1906 4943 σωτήριον.

335 4967 444 5019 Καὶ
501 4970 906 5039 παραμυθεῖται
949 4969 1077 5030 τοὺς
1129 4968 1193 5019 ἐκ
1248 4964 1540 5035 θαλάττης,
1577 4964 1908 5035 προμηνύων

334 5058 430 5127 τὴν
468 5060 646 5113 πόλιν.
678 5060 823 5129 Πρὸς
851 5059 1041 5113 τοῦτον
1066 5058 1404 5129 κυϐερνήτης
1447 5054 1590 5125 ὁρῶν
1638 5055 1805 5108 ἰθύνει
1833 5055 1905 5111 ,τὸ

338 5151 564 5218 σκάφος,
612 5150 708 5205 καὶ
741 5149 841 5221 τὴν
871 5150 1004 5205 ναῦν
1034 5148 1294 5220 ἀπείρατι
1325 5146 1370 5179 ¹⁵
1401 5145 1564 5209 σώζει
1591 5146 1699 5198 τῶν
1726 5163 1905 5216 παρα-

337 5239 604 5309 κειμένων
634 5239 925 5292 κινδύνων·
961 5240 1011 5291 οί
1039 5237 1097 5291 δὲ
1127 5237 1318 5290 ναῦται
1347 5237 1484 5306 πρὸς
1508 5235 1609 5307 τὴν
1638 5235 1766 5290 θέαν
1783 5236 1907 5305 ἠδό-

342 5346 487 5395 μειοι
515 5329 804 5401 κροτοῦσιν
823 5330 1006 5394 εὐθὺς,
1032 5329 1126 5385 καὶ
1153 5329 1422 5383 δείκνυσιν
1444 5326 1599 5390 ἄλλος
1625 5327 1792 5397 ἄλλῳ,
1809 5329 1908 5380 καὶ

2082 4599 2198 4657 XX.
2224 4599 2341 4657 Non
2373 4602 2600 4656 multum
2639 4599 2837 4669 abfuit,
2873 4602 3002 4672 quin
3033 4584 3235 4658 similis
3260 4614 3425 4675 casus
3451 4600 3578 4654 Ale-

2003 4692 2289 4748 xandriam
2322 4688 2540 4764 queque
2569 4693 2890 4764 corriperet.
2926 4692 3118 4748 Turris
3145 4692 3286 4747 enim
3328 4693 3573 4760 prmalta,

2005 4784 2248 4855 pristinae
2276 4784 2563 4854 opulentia
2588 4799 2746 4854 opus,
2766 4793 3012 4838 extremo
3046 4782 3101 4836 in
3130 4793 3284 4852 portu
3323 4797 3381 4836 se
3414 4781 3575 4833 attol-

2006 4878 2142 4944 lens,
2172 4879 2372 4932 excitat
2396 4876 2669 4932 ﬂammam
2701 4892 2733 4931 e
2763 4877 2897 4930 mari
2929 4877 3339 4930 advenientibus
3370 4873 3576 4928 saluta-

2006 4984 2142 5032 rem,
2170 4971 2422 5024 solatium
2451 4969 2856 5038 navigantibus,
2884 4968 3070 5023 urbem
3101 4966 3294 5022 adesse
3327 4981 3576 5035 praenun-

2012 5062 2178 5116 tians.
2203 5059 2393 5116 Oculis
2420 5060 2473 5115 in
2503 5061 2643 5116 hanc
2666 5060 2947 5116 conversis
2972 5059 3309 5141 gubernatur
3352 5071 3574 5113 cursum

2012 5150 2216 5220 dirigit,
2249 5159 2304 5205 et
2332 5165 2524 5206 navem
2557 5160 2739 5207 servat
2759 5157 3032 5220 expertem
3063 5149 3385 5204 instantium
3437 5145 3578 5214 peri-

2013 5242 2284 5298 culorum.
2313 5241 2498 5297 Nauta!
2526 5258 2652 5299 vero
2691 5243 2797 5298 laeti
2826 5251 3045 5313 aspectu
3079 5240 3259 5296 szatitn
3293 5238 3574 5307 plaudunt,

2012 5341 2066 5386 et
2098 5333 2240 5387 alius
2262 5334 2352 5388 alii
2387 5349 2506 5390 eam
2535 5335 2772 5391 ostendit
2804 5342 2856 5391 et
2899 5334 2963 5388 ad
3016 5334 3202 5388 urbem
3254 5347 3312 5385 se
3365 5328 3579 5383 venisse

1604 5442 1842 5498 VAle
1882 5443 2290 5505 LECTIONES.

380 5541 414 5577 -⁴
449 5543 615 5614 μέχρι
647 5540 743 5596 σοῦ
779 5548 1034 5611 corrupta
1056 5556 1180 5598 esse
1208 5556 1363 5610 susp.
1396 5538 1460 5593 Ν.
1540 5540 1584 5573 ν’
1613 5540 1685 5610 μὴ
1720 5548 1847 5594 ante
1884 5539 2276 5609 διανεστηκὸτα
2296 5544 2402 5597 del.
2431 5560 2551 5600 esse
2586 5553 2737 5616 putat
2764 5543 2828 5597 N.
2907 5542 2949 5575 "
2981 5541 3273 5611 ἀπείρατον
3294 5534 3362 5591 Ν.

1495 5635 1617 5689 ANS
1631 5635 1713 5688 Sil
1751 5634 2183 5691 \‘lLLOlSONlS
2215 5633 2436 5693 ΝΟΤίΕ.

409 5724 513 5793 (49)
539 5724 860 5794 liicrapofts.

406 5796 518 5865 (50)
546 5795 618 5851 De
653 5793 755 5852 hac
789 5795 957 5851 altuin
983 5799 1126 5865 apud
1151 5811 1341 5851 omnes
1374 5793 1624 5849 Historia'
1654 5793 1964 5865 Byzantina:
1999 5794 2294 5863 scriptores
2314 5793 2609 5850 silentium.
