  <div class='ocr_page' id='page_1' title='image "/cluster/home/n/w/nwhite01/storage/ocr_20150623/87 pt.3 1965/mdp.39015012172931/025.png"; bbox 0 0 4034 6246; ppageno 0'>
   <div class='ocr_carea' id='block_1_1' title="bbox 416 324 556 386">
    <p class='ocr_par' dir='ltr' id='par_1_1' title="bbox 416 324 556 386">
     <span class='ocr_line' id='line_1_1' title="bbox 416 324 556 386; baseline 0 -1"><span class='ocrx_word' id='word_1_1' title='bbox 416 324 556 386; x_wconf 70' lang='lat' dir='ltr'><strong>281T)</strong></span> 
     </span>
    </p>
   </div>
   <div class='ocr_carea' id='block_1_2' title="bbox 1740 320 2373 383">
    <p class='ocr_par' dir='ltr' id='par_1_2' title="bbox 1740 320 2373 383">
     <span class='ocr_line' id='line_1_2' title="bbox 1740 320 2373 383; baseline -0.005 0"><span class='ocrx_word' id='word_1_2' title='bbox 1740 320 2086 383; x_wconf 79' lang='lat' dir='ltr'><strong>PROCOPII</strong></span> <span class='ocrx_word' id='word_1_3' title='bbox 2134 321 2373 381; x_wconf 65' lang='grc' dir='ltr'><strong>(ΞΑΖςῙΞΙ</strong></span> 
     </span>
    </p>
   </div>
   <div class='ocr_carea' id='block_1_3' title="bbox 3533 316 3674 376">
    <p class='ocr_par' dir='ltr' id='par_1_3' title="bbox 3533 316 3674 376">
     <span class='ocr_line' id='line_1_3' title="bbox 3533 316 3674 376; baseline 0 0"><span class='ocrx_word' id='word_1_4' title='bbox 3533 316 3674 376; x_wconf 70' lang='grc'><strong>2820</strong></span> 
     </span>
    </p>
   </div>
   <div class='ocr_carea' id='block_1_4' title="bbox 417 428 1989 505">
    <p class='ocr_par' dir='ltr' id='par_1_4' title="bbox 417 435 1989 505">
     <span class='ocr_line' id='line_1_4' title="bbox 417 435 1989 505; baseline 0 -16"><span class='ocrx_word' id='word_1_5' title='bbox 417 437 520 491; x_wconf 86' lang='lat' dir='ltr'><strong>sibi</strong></span> <span class='ocrx_word' id='word_1_6' title='bbox 548 435 777 490; x_wconf 78' lang='lat' dir='ltr'><strong>invicem</strong></span> <span class='ocrx_word' id='word_1_7' title='bbox 811 442 1059 497; x_wconf 83' lang='lat' dir='ltr'><strong>narrant,</strong></span> <span class='ocrx_word' id='word_1_8' title='bbox 1092 438 1255 505; x_wconf 86' lang='lat' dir='ltr'><strong>atque</strong></span> <span class='ocrx_word' id='word_1_9' title='bbox 1280 445 1338 490; x_wconf 85' lang='grc' dir='ltr'><strong>ιιι</strong></span> <span class='ocrx_word' id='word_1_10' title='bbox 1360 451 1468 491; x_wconf 86' lang='lat' dir='ltr'><strong>uno</strong></span> <span class='ocrx_word' id='word_1_11' title='bbox 1508 437 1672 492; x_wconf 86' lang='lat' dir='ltr'><strong>verho</strong></span> <span class='ocrx_word' id='word_1_12' title='bbox 1695 436 1892 499; x_wconf 88' lang='lat' dir='ltr'><strong>dicam,</strong></span> <span class='ocrx_word' id='word_1_13' title='bbox 1913 452 1989 489; x_wconf 88' lang='lat' dir='ltr'><strong>vo-</strong></span> 
     </span>
    </p>
   </div>
   <div class='ocr_carea' id='block_1_5' title="bbox 2091 428 3673 505">
    <p class='ocr_par' dir='ltr' id='par_1_5' title="bbox 2103 428 3673 505">
     <span class='ocr_line' id='line_1_5' title="bbox 2103 428 3673 505; baseline -0.006 -16"><span class='ocrx_word' id='word_1_14' title='bbox 2103 436 2201 505; x_wconf 78' lang='grc' dir='ltr'><strong>τὴν</strong></span> <span class='ocrx_word' id='word_1_15' title='bbox 2230 437 2383 489; x_wconf 84' lang='grc' dir='ltr'>πόλιν</span> <span class='ocrx_word' id='word_1_16' title='bbox 2431 436 2573 504; x_wconf 82' lang='grc' dir='ltr'>ἔχειν</span> <span class='ocrx_word' id='word_1_17' title='bbox 2622 430 3155 500; x_wconf 77' lang='grc' dir='ltr'>κατεπαγγέλλονται</span> <span class='ocrx_word' id='word_1_18' title='bbox 3180 445 3191 459; x_wconf 89' lang='grc'><strong>·</strong></span> <span class='ocrx_word' id='word_1_19' title='bbox 3238 428 3334 481; x_wconf 75' lang='grc' dir='ltr'><strong>καὶ</strong></span> <span class='ocrx_word' id='word_1_20' title='bbox 3377 428 3563 492; x_wconf 75' lang='grc' dir='ltr'>ἀπλῶς</span> <span class='ocrx_word' id='word_1_21' title='bbox 3593 430 3673 482; x_wconf 42' lang='lat' dir='ltr'><strong>eis</strong></span> 
     </span>
    </p>
   </div>
   <div class='ocr_carea' id='block_1_6' title="bbox 416 510 1994 597">
    <p class='ocr_par' dir='ltr' id='par_1_6' title="bbox 416 510 1994 597">
     <span class='ocr_line' id='line_1_6' title="bbox 416 510 1994 597; baseline -0.002 -16"><span class='ocrx_word' id='word_1_22' title='bbox 416 528 679 596; x_wconf 81' lang='lat' dir='ltr'><strong>luptatetn</strong></span> <span class='ocrx_word' id='word_1_23' title='bbox 733 526 896 582; x_wconf 82' lang='lat' dir='ltr'><strong>simul</strong></span> <span class='ocrx_word' id='word_1_24' title='bbox 950 537 1002 579; x_wconf 78' lang='lat' dir='ltr'><strong>et</strong></span> <span class='ocrx_word' id='word_1_25' title='bbox 1024 510 1254 581; x_wconf 82' lang='lat' dir='ltr'><strong>salutent</strong></span> <span class='ocrx_word' id='word_1_26' title='bbox 1295 527 1498 596; x_wconf 67' lang='lat' dir='ltr'><strong>praebet</strong></span> <span class='ocrx_word' id='word_1_27' title='bbox 1549 526 1994 597; x_wconf 84' lang='lat' dir='ltr'><strong>appropinquan-</strong></span> 
     </span>
    </p>
   </div>
   <div class='ocr_carea' id='block_1_7' title="bbox 2102 520 3676 594">
    <p class='ocr_par' dir='ltr' id='par_1_7' title="bbox 2102 520 3676 594">
     <span class='ocr_line' id='line_1_7' title="bbox 2102 520 3676 594; baseline -0.005 -17"><span class='ocrx_word' id='word_1_28' title='bbox 2102 526 2247 586; x_wconf 82' lang='grc' dir='ltr'>πεῖν,</span> <span class='ocrx_word' id='word_1_29' title='bbox 2276 524 2468 593; x_wconf 77' lang='grc' dir='ltr'>ἡδονὴν</span> <span class='ocrx_word' id='word_1_30' title='bbox 2498 524 2614 594; x_wconf 72' lang='grc' dir='ltr'>ἅμα</span> <span class='ocrx_word' id='word_1_31' title='bbox 2651 524 2746 575; x_wconf 75' lang='grc' dir='ltr'><strong>καὶ</strong></span> <span class='ocrx_word' id='word_1_32' title='bbox 2783 521 3057 590; x_wconf 77' lang='grc' dir='ltr'><strong>σωτηρίαν</strong></span> <span class='ocrx_word' id='word_1_33' title='bbox 3097 521 3209 577; x_wconf 82' lang='grc' dir='ltr'>τοῖς</span> <span class='ocrx_word' id='word_1_34' title='bbox 3255 520 3676 587; x_wconf 77' lang='grc' dir='ltr'><strong>ἀφικνουμένοις</strong></span> 
     </span>
    </p>
   </div>
   <div class='ocr_carea' id='block_1_8' title="bbox 421 608 1989 691">
    <p class='ocr_par' dir='ltr' id='par_1_8' title="bbox 421 615 1989 691">
     <span class='ocr_line' id='line_1_8' title="bbox 421 615 1989 691; baseline 0 -21"><span class='ocrx_word' id='word_1_35' title='bbox 421 619 589 673; x_wconf 76' lang='lat' dir='ltr'><strong>tinus.</strong></span> <span class='ocrx_word' id='word_1_36' title='bbox 645 616 794 691; x_wconf 82' lang='lat' dir='ltr'><strong>Ilanc</strong></span> <span class='ocrx_word' id='word_1_37' title='bbox 848 618 1017 671; x_wconf 83' lang='lat' dir='ltr'><strong>maris</strong></span> <span class='ocrx_word' id='word_1_38' title='bbox 1052 615 1251 672; x_wconf 84' lang='lat' dir='ltr'><strong>ﬂuctus</strong></span> <span class='ocrx_word' id='word_1_39' title='bbox 1290 633 1320 670; x_wconf 92' lang='lat' dir='ltr'><strong>a</strong></span> <span class='ocrx_word' id='word_1_40' title='bbox 1369 626 1519 687; x_wconf 81' lang='lat' dir='ltr'><strong>tergo</strong></span> <span class='ocrx_word' id='word_1_41' title='bbox 1569 619 1869 681; x_wconf 78' lang='lat' dir='ltr'><strong>assultaus.</strong></span> <span class='ocrx_word' id='word_1_42' title='bbox 1932 632 1989 670; x_wconf 84' lang='lat' dir='ltr'><strong>ac</strong></span> 
     </span>
    </p>
   </div>
   <div class='ocr_carea' id='block_1_9' title="bbox 2091 608 3677 691">
    <p class='ocr_par' dir='ltr' id='par_1_9' title="bbox 2097 608 3677 686">
     <span class='ocr_line' id='line_1_9' title="bbox 2097 608 3677 686; baseline -0.006 -16"><span class='ocrx_word' id='word_1_43' title='bbox 2097 616 2401 686; x_wconf 73' lang='grc' dir='ltr'>χαρίζεται.</span> <span class='ocrx_word' id='word_1_44' title='bbox 2432 614 2631 668; x_wconf 82' lang='grc' dir='ltr'>Τοῦτον</span> <span class='ocrx_word' id='word_1_45' title='bbox 2673 615 2706 683; x_wconf 81' lang='grc' dir='ltr'><strong>ἡ</strong></span> <span class='ocrx_word' id='word_1_46' title='bbox 2744 613 2983 667; x_wconf 79' lang='grc' dir='ltr'><strong>Θάλαττα</strong></span> <span class='ocrx_word' id='word_1_47' title='bbox 3035 611 3176 665; x_wconf 72' lang='grc' dir='ltr'>κατὰ</span> <span class='ocrx_word' id='word_1_48' title='bbox 3213 608 3384 664; x_wconf 83' lang='grc' dir='ltr'>νώτου</span> <span class='ocrx_word' id='word_1_49' title='bbox 3435 609 3677 681; x_wconf 84' lang='grc' dir='ltr'>προσϐα-</span> 
     </span>
    </p>
   </div>
   <div class='ocr_carea' id='block_1_10' title="bbox 418 708 1993 779">
    <p class='ocr_par' dir='ltr' id='par_1_10' title="bbox 418 708 1993 779">
     <span class='ocr_line' id='line_1_10' title="bbox 418 708 1993 779; baseline -0.002 -16"><span class='ocrx_word' id='word_1_50' title='bbox 418 712 683 763; x_wconf 84' lang='lat' dir='ltr'><strong>nudatum</strong></span> <span class='ocrx_word' id='word_1_51' title='bbox 712 710 970 779; x_wconf 73' lang='lat' dir='ltr'><strong>paulatim</strong></span> <span class='ocrx_word' id='word_1_52' title='bbox 1018 709 1372 764; x_wconf 88' lang='lat' dir='ltr'><strong>munimentis</strong></span> <span class='ocrx_word' id='word_1_53' title='bbox 1408 709 1519 778; x_wconf 87' lang='lat' dir='ltr'><strong>jam</strong></span> <span class='ocrx_word' id='word_1_54' title='bbox 1553 708 1805 764; x_wconf 90' lang='lat' dir='ltr'><strong>cominus</strong></span> <span class='ocrx_word' id='word_1_55' title='bbox 1835 710 1993 762; x_wconf 87' lang='lat' dir='ltr'><strong>inva-</strong></span> 
     </span>
    </p>
   </div>
   <div class='ocr_carea' id='block_1_11' title="bbox 417 799 1994 869">
    <p class='ocr_par' dir='ltr' id='par_1_11' title="bbox 417 799 1994 869">
     <span class='ocr_line' id='line_1_11' title="bbox 417 799 1994 869; baseline 0.001 -17"><span class='ocrx_word' id='word_1_56' title='bbox 417 799 558 853; x_wconf 82' lang='lat' dir='ltr'><strong>dens</strong></span> <span class='ocrx_word' id='word_1_57' title='bbox 580 800 929 854; x_wconf 86' lang='lat' dir='ltr'><strong>concutiehat</strong></span> <span class='ocrx_word' id='word_1_58' title='bbox 957 806 1010 852; x_wconf 86' lang='lat' dir='ltr'><strong>et</strong></span> <span class='ocrx_word' id='word_1_59' title='bbox 1041 800 1182 853; x_wconf 90' lang='lat' dir='ltr'><strong>ineo</strong></span> <span class='ocrx_word' id='word_1_60' title='bbox 1210 807 1349 863; x_wconf 87' lang='lat' dir='ltr'><strong>erat,</strong></span> <span class='ocrx_word' id='word_1_61' title='bbox 1378 806 1435 852; x_wconf 92' lang='lat' dir='ltr'><strong>ut</strong></span> <span class='ocrx_word' id='word_1_62' title='bbox 1472 800 1523 852; x_wconf 92' lang='lat' dir='ltr'><strong>in</strong></span> <span class='ocrx_word' id='word_1_63' title='bbox 1558 801 1733 853; x_wconf 87' lang='lat' dir='ltr'><strong>solum</strong></span> <span class='ocrx_word' id='word_1_64' title='bbox 1792 800 1994 869; x_wconf 84' lang='lat' dir='ltr'><strong>dejice-</strong></span> 
     </span>
    </p>
   </div>
   <div class='ocr_carea' id='block_1_12' title="bbox 416 887 1992 958">
    <p class='ocr_par' dir='ltr' id='par_1_12' title="bbox 416 887 1992 958">
     <span class='ocr_line' id='line_1_12' title="bbox 416 887 1992 958; baseline 0 -16"><span class='ocrx_word' id='word_1_65' title='bbox 416 897 521 942; x_wconf 85' lang='lat' dir='ltr'><strong>rel.</strong></span> <span class='ocrx_word' id='word_1_66' title='bbox 553 888 658 943; x_wconf 84' lang='lat' dir='ltr'><strong>Sed</strong></span> <span class='ocrx_word' id='word_1_67' title='bbox 694 897 749 939; x_wconf 90' lang='lat' dir='ltr'><strong>tu</strong></span> <span class='ocrx_word' id='word_1_68' title='bbox 797 902 916 940; x_wconf 90' lang='lat' dir='ltr'><strong>eam</strong></span> <span class='ocrx_word' id='word_1_69' title='bbox 967 888 1336 940; x_wconf 83' lang='lat' dir='ltr'><strong>calamitatem</strong></span> <span class='ocrx_word' id='word_1_70' title='bbox 1394 888 1603 942; x_wconf 81' lang='lat' dir='ltr'><strong>medela</strong></span> <span class='ocrx_word' id='word_1_71' title='bbox 1655 887 1992 958; x_wconf 67' lang='lat' dir='ltr'><strong>praevenisti.</strong></span> 
     </span>
    </p>
   </div>
   <div class='ocr_carea' id='block_1_13' title="bbox 418 978 1990 1051">
    <p class='ocr_par' dir='ltr' id='par_1_13' title="bbox 418 978 1990 1051">
     <span class='ocr_line' id='line_1_13' title="bbox 418 978 1990 1051; baseline -0.001 -18"><span class='ocrx_word' id='word_1_72' title='bbox 418 979 931 1034; x_wconf 77' lang='lat' dir='ltr'><strong>Substructionibus</strong></span> <span class='ocrx_word' id='word_1_73' title='bbox 971 979 1116 1032; x_wconf 90' lang='lat' dir='ltr'><strong>enim</strong></span> <span class='ocrx_word' id='word_1_74' title='bbox 1166 978 1660 1045; x_wconf 80' lang='lat' dir='ltr'><strong>indissolubilthus,</strong></span> <span class='ocrx_word' id='word_1_75' title='bbox 1688 995 1808 1051; x_wconf 74' lang='lat' dir='ltr'><strong>qua:</strong></span> <span class='ocrx_word' id='word_1_76' title='bbox 1862 979 1990 1035; x_wconf 64' lang='lat' dir='ltr'><strong>saevi</strong></span> 
     </span>
    </p>
   </div>
   <div class='ocr_carea' id='block_1_14' title="bbox 414 1069 1992 1141">
    <p class='ocr_par' dir='ltr' id='par_1_14' title="bbox 414 1069 1992 1141">
     <span class='ocr_line' id='line_1_14' title="bbox 414 1069 1992 1141; baseline 0 -18"><span class='ocrx_word' id='word_1_77' title='bbox 414 1070 593 1136; x_wconf 77' lang='lat' dir='ltr'><strong>maris</strong></span> <span class='ocrx_word' id='word_1_78' title='bbox 631 1069 739 1122; x_wconf 83' lang='lat' dir='ltr'><strong>vim</strong></span> <span class='ocrx_word' id='word_1_79' title='bbox 776 1069 1137 1131; x_wconf 88' lang='lat' dir='ltr'><strong>sustinerent,</strong></span> <span class='ocrx_word' id='word_1_80' title='bbox 1175 1069 1533 1133; x_wconf 81' lang='lat' dir='ltr'><strong>communita,</strong></span> <span class='ocrx_word' id='word_1_81' title='bbox 1563 1070 1616 1123; x_wconf 93' lang='lat' dir='ltr'><strong>in</strong></span> <span class='ocrx_word' id='word_1_82' title='bbox 1670 1077 1992 1141; x_wconf 87' lang='lat' dir='ltr'><strong>perpetuum</strong></span> 
     </span>
    </p>
   </div>
   <div class='ocr_carea' id='block_1_15' title="bbox 414 1160 1219 1215">
    <p class='ocr_par' dir='ltr' id='par_1_15' title="bbox 414 1160 1219 1215">
     <span class='ocr_line' id='line_1_15' title="bbox 414 1160 1219 1215; baseline 0 -1"><span class='ocrx_word' id='word_1_83' title='bbox 414 1174 725 1214; x_wconf 81' lang='lat' dir='ltr'><strong>mansuram</strong></span> <span class='ocrx_word' id='word_1_84' title='bbox 761 1161 880 1215; x_wconf 89' lang='lat' dir='ltr'><strong>urbi</strong></span> <span class='ocrx_word' id='word_1_85' title='bbox 912 1160 1219 1215; x_wconf 73' lang='lat' dir='ltr'><strong>restituisti.</strong></span> 
     </span>
    </p>
   </div>
   <div class='ocr_carea' id='block_1_16' title="bbox 482 1249 1994 1322">
    <p class='ocr_par' dir='ltr' id='par_1_16' title="bbox 482 1249 1994 1322">
     <span class='ocr_line' id='line_1_16' title="bbox 482 1249 1994 1322; baseline 0.003 -19"><span class='ocrx_word' id='word_1_86' title='bbox 482 1249 758 1306; x_wconf 77' lang='lat' dir='ltr'><strong>XXI..Sed</strong></span> <span class='ocrx_word' id='word_1_87' title='bbox 782 1252 911 1320; x_wconf 89' lang='lat' dir='ltr'><strong>quid</strong></span> <span class='ocrx_word' id='word_1_88' title='bbox 947 1267 1087 1321; x_wconf 91' lang='lat' dir='ltr'><strong>opus</strong></span> <span class='ocrx_word' id='word_1_89' title='bbox 1141 1259 1229 1305; x_wconf 87' lang='lat' dir='ltr'><strong>est</strong></span> <span class='ocrx_word' id='word_1_90' title='bbox 1292 1251 1605 1322; x_wconf 71' lang='lat' dir='ltr'><strong>singulatim</strong></span> <span class='ocrx_word' id='word_1_91' title='bbox 1669 1266 1994 1308; x_wconf 84' lang='lat' dir='ltr'><strong>enumerare</strong></span> 
     </span>
    </p>
   </div>
   <div class='ocr_carea' id='block_1_17' title="bbox 412 1343 1989 1414">
    <p class='ocr_par' dir='ltr' id='par_1_17' title="bbox 412 1343 1989 1414">
     <span class='ocr_line' id='line_1_17' title="bbox 412 1343 1989 1414; baseline 0 -18"><span class='ocrx_word' id='word_1_92' title='bbox 412 1343 615 1396; x_wconf 77' lang='lat' dir='ltr'><strong>nuenia</strong></span> <span class='ocrx_word' id='word_1_93' title='bbox 674 1351 728 1397; x_wconf 93' lang='lat' dir='ltr'><strong>et</strong></span> <span class='ocrx_word' id='word_1_94' title='bbox 780 1354 991 1412; x_wconf 90' lang='lat' dir='ltr'><strong>portus,</strong></span> <span class='ocrx_word' id='word_1_95' title='bbox 1028 1343 1491 1413; x_wconf 81' lang='lat' dir='ltr'><strong>aediﬁciorumque</strong></span> <span class='ocrx_word' id='word_1_96' title='bbox 1532 1344 1989 1414; x_wconf 73' lang='lat' dir='ltr'><strong>pulchritudinem</strong></span> 
     </span>
    </p>
   </div>
   <div class='ocr_carea' id='block_1_18' title="bbox 411 1434 1993 1505">
    <p class='ocr_par' dir='ltr' id='par_1_18' title="bbox 411 1434 1993 1505">
     <span class='ocr_line' id='line_1_18' title="bbox 411 1434 1993 1505; baseline 0.001 -18"><span class='ocrx_word' id='word_1_97' title='bbox 411 1448 477 1488; x_wconf 88' lang='lat' dir='ltr'><strong>ac</strong></span> <span class='ocrx_word' id='word_1_98' title='bbox 521 1435 871 1502; x_wconf 84' lang='lat' dir='ltr'><strong>pecuniarum</strong></span> <span class='ocrx_word' id='word_1_99' title='bbox 926 1434 1139 1502; x_wconf 90' lang='lat' dir='ltr'><strong>copiam</strong></span> <span class='ocrx_word' id='word_1_100' title='bbox 1203 1434 1268 1488; x_wconf 88' lang='lat' dir='ltr'><strong>ad</strong></span> <span class='ocrx_word' id='word_1_101' title='bbox 1310 1436 1677 1505; x_wconf 87' lang='lat' dir='ltr'><strong>comparanda</strong></span> <span class='ocrx_word' id='word_1_102' title='bbox 1735 1436 1993 1491; x_wconf 86' lang='lat' dir='ltr'><strong>alimenta</strong></span> 
     </span>
    </p>
   </div>
   <div class='ocr_carea' id='block_1_19' title="bbox 412 1523 1990 1594">
    <p class='ocr_par' dir='ltr' id='par_1_19' title="bbox 412 1523 1990 1594">
     <span class='ocr_line' id='line_1_19' title="bbox 412 1523 1990 1594; baseline 0.001 -17"><span class='ocrx_word' id='word_1_103' title='bbox 412 1523 711 1578; x_wconf 88' lang='lat' dir='ltr'><strong>liberaliter</strong></span> <span class='ocrx_word' id='word_1_104' title='bbox 733 1524 1110 1594; x_wconf 79' lang='lat' dir='ltr'><strong>insumptam?</strong></span> <span class='ocrx_word' id='word_1_105' title='bbox 1132 1524 1258 1592; x_wconf 82' lang='lat' dir='ltr'><strong>quid</strong></span> <span class='ocrx_word' id='word_1_106' title='bbox 1281 1524 1500 1578; x_wconf 81' lang='lat' dir='ltr'><strong>maximi</strong></span> <span class='ocrx_word' id='word_1_107' title='bbox 1528 1524 1675 1579; x_wconf 89' lang='lat' dir='ltr'><strong>illius</strong></span> <span class='ocrx_word' id='word_1_108' title='bbox 1692 1532 1745 1578; x_wconf 91' lang='lat' dir='ltr'><strong>et</strong></span> <span class='ocrx_word' id='word_1_109' title='bbox 1775 1540 1990 1579; x_wconf 89' lang='lat' dir='ltr'><strong>omnem</strong></span> 
     </span>
    </p>
   </div>
   <div class='ocr_carea' id='block_1_20' title="bbox 411 1616 1990 1686">
    <p class='ocr_par' dir='ltr' id='par_1_20' title="bbox 411 1616 1990 1686">
     <span class='ocr_line' id='line_1_20' title="bbox 411 1616 1990 1686; baseline -0.001 -15"><span class='ocrx_word' id='word_1_110' title='bbox 411 1616 798 1686; x_wconf 81' lang='lat' dir='ltr'><strong>cogitationem</strong></span> <span class='ocrx_word' id='word_1_111' title='bbox 841 1617 1159 1685; x_wconf 86' lang='lat' dir='ltr'><strong>superantis</strong></span> <span class='ocrx_word' id='word_1_112' title='bbox 1211 1616 1352 1669; x_wconf 80' lang='lat' dir='ltr'><strong>nutri</strong></span> <span class='ocrx_word' id='word_1_113' title='bbox 1410 1621 1862 1682; x_wconf 74' lang='lat' dir='ltr'><strong>exstructionem,</strong></span> <span class='ocrx_word' id='word_1_114' title='bbox 1896 1618 1990 1686; x_wconf 93' lang='lat' dir='ltr'><strong>qui</strong></span> 
     </span>
    </p>
   </div>
   <div class='ocr_carea' id='block_1_21' title="bbox 410 1705 1992 1776">
    <p class='ocr_par' dir='ltr' id='par_1_21' title="bbox 410 1705 1992 1776">
     <span class='ocr_line' id='line_1_21' title="bbox 410 1705 1992 1776; baseline 0.001 -16"><span class='ocrx_word' id='word_1_115' title='bbox 410 1708 557 1762; x_wconf 88' lang='lat' dir='ltr'><strong>altus</strong></span> <span class='ocrx_word' id='word_1_116' title='bbox 586 1717 642 1761; x_wconf 83' lang='lat' dir='ltr'><strong>et</strong></span> <span class='ocrx_word' id='word_1_117' title='bbox 672 1721 903 1774; x_wconf 77' lang='lat' dir='ltr'><strong>magnus</strong></span> <span class='ocrx_word' id='word_1_118' title='bbox 936 1721 1032 1776; x_wconf 80' lang='lat' dir='ltr'><strong>per</strong></span> <span class='ocrx_word' id='word_1_119' title='bbox 1090 1714 1258 1759; x_wconf 89' lang='lat' dir='ltr'><strong>totam</strong></span> <span class='ocrx_word' id='word_1_120' title='bbox 1294 1705 1407 1761; x_wconf 80' lang='lat' dir='ltr'><strong>fere</strong></span> <span class='ocrx_word' id='word_1_121' title='bbox 1457 1706 1746 1761; x_wconf 82' lang='lat' dir='ltr'><strong>Thraciam</strong></span> <span class='ocrx_word' id='word_1_122' title='bbox 1791 1705 1992 1762; x_wconf 89' lang='lat' dir='ltr'><strong>ductus</strong></span> 
     </span>
    </p>
   </div>
   <div class='ocr_carea' id='block_1_22' title="bbox 409 1795 1990 1867">
    <p class='ocr_par' dir='ltr' id='par_1_22' title="bbox 409 1795 1990 1867">
     <span class='ocr_line' id='line_1_22' title="bbox 409 1795 1990 1867; baseline -0.002 -14"><span class='ocrx_word' id='word_1_123' title='bbox 409 1806 495 1853; x_wconf 88' lang='lat' dir='ltr'><strong>est</strong></span> <span class='ocrx_word' id='word_1_124' title='bbox 522 1795 701 1851; x_wconf 83' lang='lat' dir='ltr'><strong>?Nam</strong></span> <span class='ocrx_word' id='word_1_125' title='bbox 733 1812 763 1850; x_wconf 91' lang='lat' dir='ltr'><strong>a</strong></span> <span class='ocrx_word' id='word_1_126' title='bbox 794 1797 930 1850; x_wconf 85' lang='lat' dir='ltr'><strong>mari</strong></span> <span class='ocrx_word' id='word_1_127' title='bbox 956 1812 1131 1867; x_wconf 89' lang='lat' dir='ltr'><strong>usque</strong></span> <span class='ocrx_word' id='word_1_128' title='bbox 1170 1796 1238 1851; x_wconf 90' lang='lat' dir='ltr'><strong>ad</strong></span> <span class='ocrx_word' id='word_1_129' title='bbox 1283 1812 1431 1851; x_wconf 89' lang='lat' dir='ltr'><strong>mare</strong></span> <span class='ocrx_word' id='word_1_130' title='bbox 1464 1797 1828 1866; x_wconf 74' lang='lat' dir='ltr'><strong>protenditur,</strong></span> <span class='ocrx_word' id='word_1_131' title='bbox 1865 1798 1990 1851; x_wconf 87' lang='lat' dir='ltr'><strong>bar-</strong></span> 
     </span>
    </p>
   </div>
   <div class='ocr_carea' id='block_1_23' title="bbox 411 1887 1986 1957">
    <p class='ocr_par' dir='ltr' id='par_1_23' title="bbox 411 1887 1986 1957">
     <span class='ocr_line' id='line_1_23' title="bbox 411 1887 1986 1957; baseline -0.002 -14"><span class='ocrx_word' id='word_1_132' title='bbox 411 1888 575 1943; x_wconf 89' lang='lat' dir='ltr'><strong>baros</strong></span> <span class='ocrx_word' id='word_1_133' title='bbox 623 1887 773 1940; x_wconf 86' lang='lat' dir='ltr'><strong>aditu</strong></span> <span class='ocrx_word' id='word_1_134' title='bbox 805 1901 1021 1950; x_wconf 90' lang='lat' dir='ltr'><strong>arcens,</strong></span> <span class='ocrx_word' id='word_1_135' title='bbox 1050 1901 1381 1956; x_wconf 86' lang='lat' dir='ltr'><strong>omnemque</strong></span> <span class='ocrx_word' id='word_1_136' title='bbox 1425 1887 1666 1942; x_wconf 88' lang='lat' dir='ltr'><strong>hostium</strong></span> <span class='ocrx_word' id='word_1_137' title='bbox 1722 1896 1986 1957; x_wconf 75' lang='lat' dir='ltr'><strong>impetum</strong></span> 
     </span>
    </p>
   </div>
   <div class='ocr_carea' id='block_1_24' title="bbox 409 1977 1991 2049">
    <p class='ocr_par' dir='ltr' id='par_1_24' title="bbox 409 1977 1991 2049">
     <span class='ocr_line' id='line_1_24' title="bbox 409 1977 1991 2049; baseline 0.001 -17"><span class='ocrx_word' id='word_1_138' title='bbox 409 1979 698 2049; x_wconf 85' lang='lat' dir='ltr'><strong>repellens.</strong></span> <span class='ocrx_word' id='word_1_139' title='bbox 731 1977 914 2048; x_wconf 83' lang='lat' dir='ltr'><strong>Itaque</strong></span> <span class='ocrx_word' id='word_1_140' title='bbox 938 1993 1138 2048; x_wconf 88' lang='lat' dir='ltr'><strong>parvus</strong></span> <span class='ocrx_word' id='word_1_141' title='bbox 1161 1993 1270 2047; x_wconf 70' lang='lat' dir='ltr'><strong>prae</strong></span> <span class='ocrx_word' id='word_1_142' title='bbox 1290 1979 1391 2032; x_wconf 92' lang='lat' dir='ltr'><strong>hoc</strong></span> <span class='ocrx_word' id='word_1_143' title='bbox 1413 1980 1577 2032; x_wconf 88' lang='lat' dir='ltr'><strong>etiam</strong></span> <span class='ocrx_word' id='word_1_144' title='bbox 1606 1978 1991 2033; x_wconf 80' lang='lat' dir='ltr'><strong>Themistoclis</strong></span> 
     </span>
    </p>
   </div>
   <div class='ocr_carea' id='block_1_25' title="bbox 410 2070 1988 2143">
    <p class='ocr_par' dir='ltr' id='par_1_25' title="bbox 410 2070 1988 2143">
     <span class='ocr_line' id='line_1_25' title="bbox 410 2070 1988 2143; baseline 0 -19"><span class='ocrx_word' id='word_1_145' title='bbox 410 2085 602 2143; x_wconf 73' lang='lat' dir='ltr'><strong>murus</strong></span> <span class='ocrx_word' id='word_1_146' title='bbox 656 2079 763 2136; x_wconf 88' lang='lat' dir='ltr'><strong>est,</strong></span> <span class='ocrx_word' id='word_1_147' title='bbox 825 2073 950 2125; x_wconf 88' lang='lat' dir='ltr'><strong>licet</strong></span> <span class='ocrx_word' id='word_1_148' title='bbox 1001 2070 1120 2140; x_wconf 87' lang='lat' dir='ltr'><strong>ejus</strong></span> <span class='ocrx_word' id='word_1_149' title='bbox 1170 2072 1397 2125; x_wconf 86' lang='lat' dir='ltr'><strong>latitudo</strong></span> <span class='ocrx_word' id='word_1_150' title='bbox 1461 2070 1793 2138; x_wconf 77' lang='lat' dir='ltr'><strong>celebratur,</strong></span> <span class='ocrx_word' id='word_1_151' title='bbox 1843 2071 1988 2141; x_wconf 90' lang='lat' dir='ltr'><strong>quod</strong></span> 
     </span>
    </p>
   </div>
   <div class='ocr_carea' id='block_1_26' title="bbox 410 2161 1993 2235">
    <p class='ocr_par' dir='ltr' id='par_1_26' title="bbox 410 2161 1993 2235">
     <span class='ocr_line' id='line_1_26' title="bbox 410 2161 1993 2235; baseline -0.001 -18"><span class='ocrx_word' id='word_1_152' title='bbox 410 2163 519 2217; x_wconf 87' lang='lat' dir='ltr'><strong>duo</strong></span> <span class='ocrx_word' id='word_1_153' title='bbox 537 2162 776 2231; x_wconf 90' lang='lat' dir='ltr'><strong>plaustra</strong></span> <span class='ocrx_word' id='word_1_154' title='bbox 802 2162 903 2217; x_wconf 88' lang='lat' dir='ltr'><strong>sibi</strong></span> <span class='ocrx_word' id='word_1_155' title='bbox 931 2161 1275 2235; x_wconf 86' lang='lat' dir='ltr'><strong>occurrentia</strong></span> <span class='ocrx_word' id='word_1_156' title='bbox 1304 2162 1530 2232; x_wconf 88' lang='lat' dir='ltr'><strong>ceperit.</strong></span> <span class='ocrx_word' id='word_1_157' title='bbox 1553 2161 1811 2232; x_wconf 82' lang='lat' dir='ltr'><strong>Equidem</strong></span> <span class='ocrx_word' id='word_1_158' title='bbox 1842 2163 1993 2217; x_wconf 84' lang='lat' dir='ltr'><strong>exis-</strong></span> 
     </span>
    </p>
   </div>
   <div class='ocr_carea' id='block_1_27' title="bbox 410 2249 1988 2323">
    <p class='ocr_par' dir='ltr' id='par_1_27' title="bbox 410 2249 1988 2323">
     <span class='ocr_line' id='line_1_27' title="bbox 410 2249 1988 2323; baseline 0 -19"><span class='ocrx_word' id='word_1_159' title='bbox 410 2253 544 2305; x_wconf 89' lang='lat' dir='ltr'><strong>timo</strong></span> <span class='ocrx_word' id='word_1_160' title='bbox 572 2250 884 2312; x_wconf 86' lang='lat' dir='ltr'><strong>Homerum,</strong></span> <span class='ocrx_word' id='word_1_161' title='bbox 913 2250 959 2303; x_wconf 90' lang='lat' dir='ltr'><strong>si</strong></span> <span class='ocrx_word' id='word_1_162' title='bbox 985 2249 1187 2305; x_wconf 82' lang='lat' dir='ltr'><strong>viveret</strong></span> <span class='ocrx_word' id='word_1_163' title='bbox 1208 2259 1262 2304; x_wconf 88' lang='lat' dir='ltr'><strong>et</strong></span> <span class='ocrx_word' id='word_1_164' title='bbox 1290 2251 1402 2305; x_wconf 67' lang='lat' dir='ltr'><strong>haec</strong></span> <span class='ocrx_word' id='word_1_165' title='bbox 1436 2264 1601 2320; x_wconf 87' lang='lat' dir='ltr'><strong>opera</strong></span> <span class='ocrx_word' id='word_1_166' title='bbox 1625 2251 1988 2323; x_wconf 79' lang='lat' dir='ltr'><strong>conspiceret,</strong></span> 
     </span>
    </p>
   </div>
   <div class='ocr_carea' id='block_1_28' title="bbox 409 2342 1992 2417">
    <p class='ocr_par' dir='ltr' id='par_1_28' title="bbox 409 2342 1992 2417">
     <span class='ocr_line' id='line_1_28' title="bbox 409 2342 1992 2417; baseline 0.004 -23"><span class='ocrx_word' id='word_1_167' title='bbox 409 2343 591 2397; x_wconf 82' lang='lat' dir='ltr'><strong>valere</strong></span> <span class='ocrx_word' id='word_1_168' title='bbox 605 2342 761 2413; x_wconf 84' lang='lat' dir='ltr'><strong>jussa</strong></span> <span class='ocrx_word' id='word_1_169' title='bbox 792 2342 1018 2398; x_wconf 81' lang='lat' dir='ltr'><strong>Achillis</strong></span> <span class='ocrx_word' id='word_1_170' title='bbox 1051 2343 1129 2396; x_wconf 87' lang='lat' dir='ltr'><strong>ira</strong></span> <span class='ocrx_word' id='word_1_171' title='bbox 1170 2351 1225 2398; x_wconf 94' lang='lat' dir='ltr'><strong>et</strong></span> <span class='ocrx_word' id='word_1_172' title='bbox 1262 2343 1386 2397; x_wconf 86' lang='lat' dir='ltr'><strong>navi</strong></span> <span class='ocrx_word' id='word_1_173' title='bbox 1413 2359 1518 2397; x_wconf 91' lang='lat' dir='ltr'><strong>una</strong></span> <span class='ocrx_word' id='word_1_174' title='bbox 1544 2343 1787 2408; x_wconf 86' lang='lat' dir='ltr'><strong>incensa,</strong></span> <span class='ocrx_word' id='word_1_175' title='bbox 1811 2343 1992 2417; x_wconf 73' lang='grc' dir='ltr'>Μυειιε</span> 
     </span>
    </p>
   </div>
   <div class='ocr_carea' id='block_1_29' title="bbox 411 2433 1991 2505">
    <p class='ocr_par' dir='ltr' id='par_1_29' title="bbox 411 2433 1991 2505">
     <span class='ocr_line' id='line_1_29' title="bbox 411 2433 1991 2505; baseline 0 -16"><span class='ocrx_word' id='word_1_176' title='bbox 411 2447 555 2503; x_wconf 66' lang='lat' dir='ltr'><strong>saepe</strong></span> <span class='ocrx_word' id='word_1_177' title='bbox 604 2433 1016 2497; x_wconf 85' lang='lat' dir='ltr'><strong>advocaturum.</strong></span> <span class='ocrx_word' id='word_1_178' title='bbox 1075 2449 1145 2489; x_wconf 89' lang='lat' dir='ltr'><strong>ne</strong></span> <span class='ocrx_word' id='word_1_179' title='bbox 1223 2434 1436 2505; x_wconf 87' lang='lat' dir='ltr'><strong>poetica</strong></span> <span class='ocrx_word' id='word_1_180' title='bbox 1505 2434 1801 2491; x_wconf 89' lang='lat' dir='ltr'><strong>verborum</strong></span> <span class='ocrx_word' id='word_1_181' title='bbox 1873 2451 1991 2490; x_wconf 88' lang='lat' dir='ltr'><strong>ma-</strong></span> 
     </span>
    </p>
   </div>
   <div class='ocr_carea' id='block_1_30' title="bbox 408 2523 1987 2597">
    <p class='ocr_par' dir='ltr' id='par_1_30' title="bbox 408 2523 1987 2597">
     <span class='ocr_line' id='line_1_30' title="bbox 408 2523 1987 2597; baseline 0.002 -20"><span class='ocrx_word' id='word_1_182' title='bbox 408 2523 723 2595; x_wconf 74' lang='lat' dir='ltr'><strong>gniﬁcentia</strong></span> <span class='ocrx_word' id='word_1_183' title='bbox 784 2525 948 2580; x_wconf 88' lang='lat' dir='ltr'><strong>nimis</strong></span> <span class='ocrx_word' id='word_1_184' title='bbox 994 2523 1139 2580; x_wconf 82' lang='lat' dir='ltr'><strong>infra</strong></span> <span class='ocrx_word' id='word_1_185' title='bbox 1183 2539 1364 2582; x_wconf 89' lang='lat' dir='ltr'><strong>rerum</strong></span> <span class='ocrx_word' id='word_1_186' title='bbox 1423 2524 1739 2597; x_wconf 73' lang='lat' dir='ltr'><strong>dignitatem</strong></span> <span class='ocrx_word' id='word_1_187' title='bbox 1797 2526 1987 2585; x_wconf 86' lang='lat' dir='ltr'><strong>subsi-</strong></span> 
     </span>
    </p>
   </div>
   <div class='ocr_carea' id='block_1_31' title="bbox 411 2627 542 2674">
    <p class='ocr_par' dir='ltr' id='par_1_31' title="bbox 411 2627 542 2674">
     <span class='ocr_line' id='line_1_31' title="bbox 411 2627 542 2674; baseline -0.008 0"><span class='ocrx_word' id='word_1_188' title='bbox 411 2627 542 2674; x_wconf 81' lang='lat' dir='ltr'><strong>stat.</strong></span> 
     </span>
    </p>
   </div>
   <div class='ocr_carea' id='block_1_32' title="bbox 479 2800 1987 2873">
    <p class='ocr_par' dir='ltr' id='par_1_32' title="bbox 479 2800 1987 2873">
     <span class='ocr_line' id='line_1_32' title="bbox 479 2800 1987 2873; baseline -0.001 -15"><span class='ocrx_word' id='word_1_189' title='bbox 479 2800 648 2859; x_wconf 79' lang='lat' dir='ltr'><strong>XXII.</strong></span> <span class='ocrx_word' id='word_1_190' title='bbox 677 2801 892 2858; x_wconf 82' lang='lat' dir='ltr'><strong>Etenim</strong></span> <span class='ocrx_word' id='word_1_191' title='bbox 926 2810 1124 2873; x_wconf 61' lang='lat' dir='ltr'><strong>prater</strong></span> <span class='ocrx_word' id='word_1_192' title='bbox 1176 2807 1374 2858; x_wconf 53' lang='lat' dir='ltr'><strong>caetera</strong></span> <span class='ocrx_word' id='word_1_193' title='bbox 1400 2802 1698 2859; x_wconf 90' lang='lat' dir='ltr'><strong>clementer</strong></span> <span class='ocrx_word' id='word_1_194' title='bbox 1727 2802 1887 2859; x_wconf 87' lang='lat' dir='ltr'><strong>audis</strong></span> <span class='ocrx_word' id='word_1_195' title='bbox 1921 2802 1987 2856; x_wconf 86' lang='lat' dir='ltr'><strong>ad</strong></span> 
     </span>
    </p>
   </div>
   <div class='ocr_carea' id='block_1_33' title="bbox 410 2895 1990 2968">
    <p class='ocr_par' dir='ltr' id='par_1_33' title="bbox 410 2895 1990 2968">
     <span class='ocr_line' id='line_1_33' title="bbox 410 2895 1990 2968; baseline -0.001 -17"><span class='ocrx_word' id='word_1_196' title='bbox 410 2905 466 2952; x_wconf 87' lang='lat' dir='ltr'><strong>te</strong></span> <span class='ocrx_word' id='word_1_197' title='bbox 496 2897 902 2968; x_wconf 86' lang='lat' dir='ltr'><strong>ascendentem,</strong></span> <span class='ocrx_word' id='word_1_198' title='bbox 923 2895 1013 2965; x_wconf 89' lang='lat' dir='ltr'><strong>qui</strong></span> <span class='ocrx_word' id='word_1_199' title='bbox 1047 2896 1168 2951; x_wconf 91' lang='lat' dir='ltr'><strong>sine</strong></span> <span class='ocrx_word' id='word_1_200' title='bbox 1195 2895 1391 2950; x_wconf 90' lang='lat' dir='ltr'><strong>timore</strong></span> <span class='ocrx_word' id='word_1_201' title='bbox 1414 2895 1481 2950; x_wconf 84' lang='lat' dir='ltr'><strong>de</strong></span> <span class='ocrx_word' id='word_1_202' title='bbox 1516 2895 1680 2951; x_wconf 89' lang='lat' dir='ltr'><strong>rebus</strong></span> <span class='ocrx_word' id='word_1_203' title='bbox 1700 2911 1823 2966; x_wconf 66' lang='lat' dir='ltr'><strong>quae</strong></span> <span class='ocrx_word' id='word_1_204' title='bbox 1850 2911 1990 2964; x_wconf 88' lang='lat' dir='ltr'><strong>opus</strong></span> 
     </span>
    </p>
   </div>
   <div class='ocr_carea' id='block_1_34' title="bbox 411 2983 1990 3055">
    <p class='ocr_par' dir='ltr' id='par_1_34' title="bbox 411 2983 1990 3055">
     <span class='ocr_line' id='line_1_34' title="bbox 411 2983 1990 3055; baseline -0.002 -15"><span class='ocrx_word' id='word_1_205' title='bbox 411 2994 540 3041; x_wconf 89' lang='lat' dir='ltr'><strong>sunt</strong></span> <span class='ocrx_word' id='word_1_206' title='bbox 592 2993 771 3040; x_wconf 89' lang='lat' dir='ltr'><strong>tecum</strong></span> <span class='ocrx_word' id='word_1_207' title='bbox 809 2985 1071 3055; x_wconf 84' lang='lat' dir='ltr'><strong>loquitur,</strong></span> <span class='ocrx_word' id='word_1_208' title='bbox 1100 2983 1382 3054; x_wconf 80' lang='lat' dir='ltr'><strong>dignitatis</strong></span> <span class='ocrx_word' id='word_1_209' title='bbox 1435 2983 1866 3054; x_wconf 77' lang='lat' dir='ltr'><strong>magnitudinem</strong></span> <span class='ocrx_word' id='word_1_210' title='bbox 1921 2983 1990 3037; x_wconf 91' lang='lat' dir='ltr'><strong>ab</strong></span> 
     </span>
    </p>
   </div>
   <div class='ocr_carea' id='block_1_35' title="bbox 2094 702 3673 777">
    <p class='ocr_par' dir='ltr' id='par_1_35' title="bbox 2094 702 3673 777">
     <span class='ocr_line' id='line_1_35' title="bbox 2094 702 3673 777; baseline -0.005 -17"><span class='ocrx_word' id='word_1_211' title='bbox 2094 707 2263 761; x_wconf 80' lang='grc' dir='ltr'>λοῠσα</span> <span class='ocrx_word' id='word_1_212' title='bbox 2288 707 2384 762; x_wconf 78' lang='grc' dir='ltr'><strong>καὶ</strong></span> <span class='ocrx_word' id='word_1_213' title='bbox 2417 706 2698 777; x_wconf 78' lang='grc' dir='ltr'>γυμνοῦσα</span> <span class='ocrx_word' id='word_1_214' title='bbox 2729 705 2852 758; x_wconf 87' lang='grc' dir='ltr'>κατ’</span> <span class='ocrx_word' id='word_1_215' title='bbox 2886 704 3065 772; x_wconf 78' lang='grc' dir='ltr'><strong>ὀλίγον</strong></span> <span class='ocrx_word' id='word_1_216' title='bbox 3103 704 3211 756; x_wconf 87' lang='grc' dir='ltr'><strong>τῶν</strong></span> <span class='ocrx_word' id='word_1_217' title='bbox 3246 702 3673 772; x_wconf 88' lang='grc' dir='ltr'>προϐλημάτων,</span> 
     </span>
    </p>
   </div>
   <div class='ocr_carea' id='block_1_36' title="bbox 2096 791 3675 868">
    <p class='ocr_par' dir='ltr' id='par_1_36' title="bbox 2096 791 3675 868">
     <span class='ocr_line' id='line_1_36' title="bbox 2096 791 3675 868; baseline -0.003 -18"><span class='ocrx_word' id='word_1_218' title='bbox 2096 797 2323 868; x_wconf 85' lang='grc' dir='ltr'><strong>πλησίον</strong></span> <span class='ocrx_word' id='word_1_219' title='bbox 2360 798 2461 868; x_wconf 76' lang='grc' dir='ltr'><strong>ήδη</strong></span> <span class='ocrx_word' id='word_1_220' title='bbox 2518 797 2809 867; x_wconf 78' lang='grc' dir='ltr'>γενομένη,</span> <span class='ocrx_word' id='word_1_221' title='bbox 2863 796 3058 850; x_wconf 81' lang='grc' dir='ltr'>διέσειέ</span> <span class='ocrx_word' id='word_1_222' title='bbox 3087 812 3144 848; x_wconf 88' lang='grc' dir='ltr'><strong>τε</strong></span> <span class='ocrx_word' id='word_1_223' title='bbox 3184 796 3278 848; x_wconf 72' lang='grc' dir='ltr'>καὶ</span> <span class='ocrx_word' id='word_1_224' title='bbox 3316 793 3511 866; x_wconf 79' lang='grc' dir='ltr'><strong>μικροῦ</strong></span> <span class='ocrx_word' id='word_1_225' title='bbox 3557 791 3675 849; x_wconf 81' lang='grc' dir='ltr'>δεῖν</span> 
     </span>
    </p>
   </div>
   <div class='ocr_carea' id='block_1_37' title="bbox 2095 882 3675 955">
    <p class='ocr_par' dir='ltr' id='par_1_37' title="bbox 2095 882 3675 955">
     <span class='ocr_line' id='line_1_37' title="bbox 2095 882 3675 955; baseline -0.004 -13"><span class='ocrx_word' id='word_1_226' title='bbox 2095 886 2345 942; x_wconf 78' lang='grc' dir='ltr'>καθεῖλεν</span> <span class='ocrx_word' id='word_1_227' title='bbox 2386 891 2467 949; x_wconf 76' lang='grc' dir='ltr'>εὶς</span> <span class='ocrx_word' id='word_1_228' title='bbox 2516 886 2731 954; x_wconf 74' lang='grc' dir='ltr'>ἔδαφος.</span> <span class='ocrx_word' id='word_1_229' title='bbox 2787 885 2928 939; x_wconf 83' lang='grc' dir='ltr'>Ἀλλ’</span> <span class='ocrx_word' id='word_1_230' title='bbox 2963 884 3204 951; x_wconf 73' lang='grc' dir='ltr'>ἔφθασας</span> <span class='ocrx_word' id='word_1_231' title='bbox 3227 888 3293 955; x_wconf 83' lang='grc' dir='ltr'>τῇ</span> <span class='ocrx_word' id='word_1_232' title='bbox 3323 883 3589 955; x_wconf 80' lang='grc' dir='ltr'><strong>θεραπείᾳ</strong></span> <span class='ocrx_word' id='word_1_233' title='bbox 3609 882 3675 934; x_wconf 76' lang='grc' dir='ltr'><strong>τὸ</strong></span> 
     </span>
    </p>
   </div>
   <div class='ocr_carea' id='block_1_38' title="bbox 2095 973 3674 1049">
    <p class='ocr_par' dir='ltr' id='par_1_38' title="bbox 2095 973 3674 1049">
     <span class='ocr_line' id='line_1_38' title="bbox 2095 973 3674 1049; baseline -0.003 -19"><span class='ocrx_word' id='word_1_234' title='bbox 2095 976 2290 1041; x_wconf 80' lang='grc' dir='ltr'><strong>πάθος.</strong></span> <span class='ocrx_word' id='word_1_235' title='bbox 2338 977 2636 1049; x_wconf 74' lang='grc' dir='ltr'>Ἀρραγέσι</span> <span class='ocrx_word' id='word_1_236' title='bbox 2677 976 2784 1046; x_wconf 90' lang='grc' dir='ltr'><strong>γάρ</strong></span> <span class='ocrx_word' id='word_1_237' title='bbox 2804 974 3089 1046; x_wconf 84' lang='grc' dir='ltr'>προϐόλοις</span> <span class='ocrx_word' id='word_1_238' title='bbox 3124 974 3313 1028; x_wconf 80' lang='grc' dir='ltr'>τοῦτον</span> <span class='ocrx_word' id='word_1_239' title='bbox 3359 973 3674 1043; x_wconf 77' lang='grc' dir='ltr'>άποφραξά-</span> 
     </span>
    </p>
   </div>
   <div class='ocr_carea' id='block_1_39' title="bbox 2097 1065 3668 1138">
    <p class='ocr_par' dir='ltr' id='par_1_39' title="bbox 2097 1065 3668 1138">
     <span class='ocr_line' id='line_1_39' title="bbox 2097 1065 3668 1138; baseline -0.003 -18"><span class='ocrx_word' id='word_1_240' title='bbox 2097 1084 2257 1138; x_wconf 88' lang='grc' dir='ltr'>μενος</span> <span class='ocrx_word' id='word_1_241' title='bbox 2291 1069 2385 1120; x_wconf 71' lang='grc' dir='ltr'>καὶ</span> <span class='ocrx_word' id='word_1_242' title='bbox 2429 1067 2694 1138; x_wconf 84' lang='grc' dir='ltr'>δυσμάχῳ</span> <span class='ocrx_word' id='word_1_243' title='bbox 2742 1067 2980 1138; x_wconf 80' lang='grc' dir='ltr'><strong>θαλάττῃ</strong></span> <span class='ocrx_word' id='word_1_244' title='bbox 3016 1065 3284 1136; x_wconf 84' lang='grc' dir='ltr'>μάχεσθαι</span> <span class='ocrx_word' id='word_1_245' title='bbox 3326 1066 3668 1135; x_wconf 81' lang='grc' dir='ltr'><strong>δυναμένοις,</strong></span> 
     </span>
    </p>
   </div>
   <div class='ocr_carea' id='block_1_40' title="bbox 2092 1156 3397 1228">
    <p class='ocr_par' dir='ltr' id='par_1_40' title="bbox 2092 1156 3397 1228">
     <span class='ocr_line' id='line_1_40' title="bbox 2092 1156 3397 1228; baseline -0.004 -16"><span class='ocrx_word' id='word_1_246' title='bbox 2092 1157 2363 1212; x_wconf 80' lang='grc' dir='ltr'>ἀθάνατον</span> <span class='ocrx_word' id='word_1_247' title='bbox 2385 1158 2674 1222; x_wconf 77' lang='grc' dir='ltr'><strong>ἀπέδωκας</strong></span> <span class='ocrx_word' id='word_1_248' title='bbox 2704 1157 2815 1226; x_wconf 83' lang='grc'><strong>(51)</strong></span> <span class='ocrx_word' id='word_1_249' title='bbox 2834 1160 2901 1228; x_wconf 78' lang='grc' dir='ltr'>τῇ</span> <span class='ocrx_word' id='word_1_250' title='bbox 2936 1158 3087 1210; x_wconf 86' lang='grc' dir='ltr'>πόλει</span> <span class='ocrx_word' id='word_1_251' title='bbox 3108 1156 3168 1209; x_wconf 76' lang='grc' dir='ltr'>τὸ</span> <span class='ocrx_word' id='word_1_252' title='bbox 3193 1157 3397 1225; x_wconf 84' lang='grc' dir='ltr'>κτῆμα.</span> 
     </span>
    </p>
   </div>
   <div class='ocr_carea' id='block_1_41' title="bbox 2165 1246 3666 1317">
    <p class='ocr_par' dir='ltr' id='par_1_41' title="bbox 2165 1246 3666 1317">
     <span class='ocr_line' id='line_1_41' title="bbox 2165 1246 3666 1317; baseline -0.002 -17"><span class='ocrx_word' id='word_1_253' title='bbox 2165 1249 2294 1301; x_wconf 83' lang='lat' dir='ltr'><strong>KA&#39;.</strong></span> <span class='ocrx_word' id='word_1_254' title='bbox 2328 1250 2438 1301; x_wconf 72' lang='grc' dir='ltr'><strong>Καὶ</strong></span> <span class='ocrx_word' id='word_1_255' title='bbox 2459 1250 2512 1302; x_wconf 85' lang='grc' dir='ltr'><strong>τί</strong></span> <span class='ocrx_word' id='word_1_256' title='bbox 2538 1250 2620 1301; x_wconf 85' lang='grc' dir='ltr'><strong>δεῖ</strong></span> <span class='ocrx_word' id='word_1_257' title='bbox 2647 1248 2773 1317; x_wconf 80' lang='grc' dir='ltr'>καθ’</span> <span class='ocrx_word' id='word_1_258' title='bbox 2800 1249 3032 1302; x_wconf 72' lang='grc' dir='ltr'>ἕκαστον</span> <span class='ocrx_word' id='word_1_259' title='bbox 3058 1247 3261 1317; x_wconf 86' lang='grc' dir='ltr'>ἀπαριθ</span> <span class='ocrx_word' id='word_1_260' title='bbox 3271 1246 3490 1317; x_wconf 81' lang='grc' dir='ltr'>μεῖσθαι</span> <span class='ocrx_word' id='word_1_261' title='bbox 3512 1246 3666 1317; x_wconf 88' lang='grc' dir='ltr'>τείχη</span> 
     </span>
    </p>
   </div>
   <div class='ocr_carea' id='block_1_42' title="bbox 2093 1337 3669 1412">
    <p class='ocr_par' dir='ltr' id='par_1_42' title="bbox 2093 1337 3669 1412">
     <span class='ocr_line' id='line_1_42' title="bbox 2093 1337 3669 1412; baseline -0.001 -20"><span class='ocrx_word' id='word_1_262' title='bbox 2093 1340 2189 1392; x_wconf 72' lang='grc' dir='ltr'>καὶ</span> <span class='ocrx_word' id='word_1_263' title='bbox 2217 1340 2460 1410; x_wconf 81' lang='grc' dir='ltr'><strong>λιμένας,</strong></span> <span class='ocrx_word' id='word_1_264' title='bbox 2489 1340 2936 1412; x_wconf 81' lang='grc' dir='ltr'>οἰκοδομημάτων</span> <span class='ocrx_word' id='word_1_265' title='bbox 2957 1357 3015 1392; x_wconf 89' lang='grc' dir='ltr'>τε</span> <span class='ocrx_word' id='word_1_266' title='bbox 3044 1340 3216 1408; x_wconf 80' lang='grc' dir='ltr'>κάλλη</span> <span class='ocrx_word' id='word_1_267' title='bbox 3248 1339 3341 1390; x_wconf 84' lang='grc' dir='ltr'><strong>καὶ</strong></span> <span class='ocrx_word' id='word_1_268' title='bbox 3370 1337 3669 1407; x_wconf 71' lang='grc' dir='ltr'>χρημάτων</span> 
     </span>
    </p>
   </div>
   <div class='ocr_carea' id='block_1_43' title="bbox 2092 1429 3667 1503">
    <p class='ocr_par' dir='ltr' id='par_1_43' title="bbox 2092 1429 3667 1503">
     <span class='ocr_line' id='line_1_43' title="bbox 2092 1429 3667 1503; baseline -0.001 -19"><span class='ocrx_word' id='word_1_269' title='bbox 2092 1432 2354 1498; x_wconf 84' lang='grc' dir='ltr'>ἀφθονίαν</span> <span class='ocrx_word' id='word_1_270' title='bbox 2399 1432 2535 1501; x_wconf 68' lang='grc'>(52),</span> <span class='ocrx_word' id='word_1_271' title='bbox 2566 1433 2648 1496; x_wconf 83' lang='grc' dir='ltr'><strong>εἰς</strong></span> <span class='ocrx_word' id='word_1_272' title='bbox 2704 1432 3059 1503; x_wconf 82' lang='grc' dir='ltr'>παρασκευὴν</span> <span class='ocrx_word' id='word_1_273' title='bbox 3104 1431 3310 1502; x_wconf 78' lang='grc' dir='ltr'>τροφῆς</span> <span class='ocrx_word' id='word_1_274' title='bbox 3359 1429 3667 1499; x_wconf 79' lang='grc' dir='ltr'>φιλοτιμού·</span> 
     </span>
    </p>
   </div>
   <div class='ocr_carea' id='block_1_44' title="bbox 2095 1521 3671 1593">
    <p class='ocr_par' dir='ltr' id='par_1_44' title="bbox 2095 1521 3671 1593">
     <span class='ocr_line' id='line_1_44' title="bbox 2095 1521 3671 1593; baseline -0.002 -18"><span class='ocrx_word' id='word_1_275' title='bbox 2095 1540 2258 1593; x_wconf 65' lang='grc' dir='ltr'>μενας</span> <span class='ocrx_word' id='word_1_276' title='bbox 2286 1522 2415 1576; x_wconf 88' lang='grc' dir='ltr'>τίδὲ</span> <span class='ocrx_word' id='word_1_277' title='bbox 2448 1523 2510 1575; x_wconf 79' lang='grc' dir='ltr'><strong>τὸ</strong></span> <span class='ocrx_word' id='word_1_278' title='bbox 2543 1523 2800 1592; x_wconf 80' lang='grc' dir='ltr'>μέγιστον</span> <span class='ocrx_word' id='word_1_279' title='bbox 2832 1523 2927 1575; x_wconf 74' lang='grc' dir='ltr'>καὶ</span> <span class='ocrx_word' id='word_1_280' title='bbox 2956 1525 3203 1593; x_wconf 73' lang='grc' dir='ltr'>κρεῖττον</span> <span class='ocrx_word' id='word_1_281' title='bbox 3246 1521 3426 1592; x_wconf 82' lang='grc' dir='ltr'>πάσης</span> <span class='ocrx_word' id='word_1_282' title='bbox 3460 1521 3671 1584; x_wconf 76' lang='grc' dir='ltr'>ἐννοίας</span> 
     </span>
    </p>
   </div>
   <div class='ocr_carea' id='block_1_45' title="bbox 2090 1612 3671 1685">
    <p class='ocr_par' dir='ltr' id='par_1_45' title="bbox 2090 1612 3671 1685">
     <span class='ocr_line' id='line_1_45' title="bbox 2090 1612 3671 1685; baseline -0.001 -21"><span class='ocrx_word' id='word_1_283' title='bbox 2090 1615 2267 1683; x_wconf 86' lang='grc' dir='ltr'>τεῖχος</span> <span class='ocrx_word' id='word_1_284' title='bbox 2301 1615 2650 1683; x_wconf 73' lang='grc' dir='ltr'>ἐγειρόμενον</span> <span class='ocrx_word' id='word_1_285' title='bbox 2685 1614 2819 1685; x_wconf 72' lang='grc'><strong>(55),</strong></span> <span class='ocrx_word' id='word_1_286' title='bbox 2846 1613 3047 1683; x_wconf 77' lang='grc' dir='ltr'>ὑψηλόν</span> <span class='ocrx_word' id='word_1_287' title='bbox 3073 1631 3132 1667; x_wconf 91' lang='grc' dir='ltr'><strong>τε</strong></span> <span class='ocrx_word' id='word_1_288' title='bbox 3166 1613 3260 1666; x_wconf 73' lang='grc' dir='ltr'><strong>καὶ</strong></span> <span class='ocrx_word' id='word_1_289' title='bbox 3284 1614 3425 1683; x_wconf 80' lang='grc' dir='ltr'>μέγα</span> <span class='ocrx_word' id='word_1_290' title='bbox 3442 1613 3509 1667; x_wconf 92' lang='grc' dir='ltr'>δι’</span> <span class='ocrx_word' id='word_1_291' title='bbox 3538 1612 3671 1681; x_wconf 77' lang='grc' dir='ltr'>ὅλης</span> 
     </span>
    </p>
   </div>
   <div class='ocr_carea' id='block_1_46' title="bbox 2094 1703 3671 1778">
    <p class='ocr_par' dir='ltr' id='par_1_46' title="bbox 2094 1703 3671 1778">
     <span class='ocr_line' id='line_1_46' title="bbox 2094 1703 3671 1778; baseline 0.001 -21"><span class='ocrx_word' id='word_1_292' title='bbox 2094 1708 2151 1757; x_wconf 82' lang='grc' dir='ltr'>ὲν</span> <span class='ocrx_word' id='word_1_293' title='bbox 2196 1707 2354 1776; x_wconf 82' lang='grc' dir='ltr'>μέρει</span> <span class='ocrx_word' id='word_1_294' title='bbox 2390 1703 2489 1775; x_wconf 83' lang='grc' dir='ltr'><strong>τῆς</strong></span> <span class='ocrx_word' id='word_1_295' title='bbox 2525 1705 2746 1778; x_wconf 82' lang='grc' dir='ltr'><strong>Θρᾴκης</strong></span> <span class='ocrx_word' id='word_1_296' title='bbox 2778 1707 3084 1775; x_wconf 70' lang='grc' dir='ltr'>ἀγόμενονξ</span> <span class='ocrx_word' id='word_1_297' title='bbox 3127 1709 3189 1760; x_wconf 78' lang='grc' dir='ltr'>ὲκ</span> <span class='ocrx_word' id='word_1_298' title='bbox 3247 1705 3517 1775; x_wconf 74' lang='grc' dir='ltr'>θαλάττης</span> <span class='ocrx_word' id='word_1_299' title='bbox 3557 1706 3671 1776; x_wconf 76' lang='grc' dir='ltr'><strong>γάρ</strong></span> 
     </span>
    </p>
   </div>
   <div class='ocr_carea' id='block_1_47' title="bbox 2025 1779 3670 1870">
    <p class='ocr_par' dir='ltr' id='par_1_47' title="bbox 2025 1779 3670 1870">
     <span class='ocr_line' id='line_1_47' title="bbox 2025 1779 3670 1870; baseline -0.001 -19"><span class='ocrx_word' id='word_1_300' title='bbox 2025 1779 2063 1834; x_wconf 73' lang='grc' dir='ltr'><strong>Β</strong></span> <span class='ocrx_word' id='word_1_301' title='bbox 2089 1799 2172 1862; x_wconf 84' lang='grc' dir='ltr'><strong>είς</strong></span> <span class='ocrx_word' id='word_1_302' title='bbox 2205 1798 2473 1852; x_wconf 83' lang='grc' dir='ltr'>θάλατταν</span> <span class='ocrx_word' id='word_1_303' title='bbox 2502 1799 2743 1860; x_wconf 77' lang='grc' dir='ltr'>ἕλκεται,</span> <span class='ocrx_word' id='word_1_304' title='bbox 2776 1802 2887 1863; x_wconf 88' lang='grc' dir='ltr'>τοῖς</span> <span class='ocrx_word' id='word_1_305' title='bbox 2920 1798 3213 1870; x_wconf 80' lang='grc' dir='ltr'>βαρϐάροις</span> <span class='ocrx_word' id='word_1_306' title='bbox 3253 1799 3539 1852; x_wconf 83' lang='grc' dir='ltr'>ἀποκλεῖον</span> <span class='ocrx_word' id='word_1_307' title='bbox 3568 1799 3670 1869; x_wconf 80' lang='grc' dir='ltr'><strong>τὴν</strong></span> 
     </span>
    </p>
   </div>
   <div class='ocr_carea' id='block_1_48' title="bbox 2093 1886 3671 1959">
    <p class='ocr_par' dir='ltr' id='par_1_48' title="bbox 2093 1886 3671 1959">
     <span class='ocr_line' id='line_1_48' title="bbox 2093 1886 3671 1959; baseline -0.001 -20"><span class='ocrx_word' id='word_1_308' title='bbox 2093 1886 2302 1954; x_wconf 78' lang='grc' dir='ltr'>ἔφοδον,</span> <span class='ocrx_word' id='word_1_309' title='bbox 2334 1888 2427 1941; x_wconf 72' lang='grc' dir='ltr'>καὶ</span> <span class='ocrx_word' id='word_1_310' title='bbox 2458 1890 2640 1941; x_wconf 82' lang='grc' dir='ltr'>πᾶσαν</span> <span class='ocrx_word' id='word_1_311' title='bbox 2697 1887 2972 1959; x_wconf 85' lang='grc' dir='ltr'>πολεμίων</span> <span class='ocrx_word' id='word_1_312' title='bbox 3002 1888 3389 1957; x_wconf 63' lang='grc' dir='ltr'>ἀπωθούμενον</span> <span class='ocrx_word' id='word_1_313' title='bbox 3442 1887 3671 1957; x_wconf 83' lang='grc' dir='ltr'>προσϐο-</span> 
     </span>
    </p>
   </div>
   <div class='ocr_carea' id='block_1_49' title="bbox 2093 1977 3669 2051">
    <p class='ocr_par' dir='ltr' id='par_1_49' title="bbox 2093 1977 3669 2051">
     <span class='ocr_line' id='line_1_49' title="bbox 2093 1977 3669 2051; baseline -0.001 -21"><span class='ocrx_word' id='word_1_314' title='bbox 2093 1977 2191 2048; x_wconf 81' lang='grc' dir='ltr'><strong>λήν</strong></span> <span class='ocrx_word' id='word_1_315' title='bbox 2216 1994 2229 2008; x_wconf 90' lang='grc'><strong>·</strong></span> <span class='ocrx_word' id='word_1_316' title='bbox 2276 1978 2352 2041; x_wconf 85' lang='grc' dir='ltr'><strong>ὡς</strong></span> <span class='ocrx_word' id='word_1_317' title='bbox 2388 1978 2583 2051; x_wconf 78' lang='grc' dir='ltr'>μικρὸν</span> <span class='ocrx_word' id='word_1_318' title='bbox 2628 1980 2766 2049; x_wconf 83' lang='grc' dir='ltr'>πρὸς</span> <span class='ocrx_word' id='word_1_319' title='bbox 2811 1979 2969 2032; x_wconf 82' lang='grc' dir='ltr'>τοῦτο</span> <span class='ocrx_word' id='word_1_320' title='bbox 3006 1980 3099 2031; x_wconf 76' lang='grc' dir='ltr'><strong>καὶ</strong></span> <span class='ocrx_word' id='word_1_321' title='bbox 3145 1980 3204 2030; x_wconf 79' lang='grc' dir='ltr'><strong>τὸ</strong></span> <span class='ocrx_word' id='word_1_322' title='bbox 3233 1977 3669 2048; x_wconf 70' lang='grc' dir='ltr'>Θεμιστοκλέους</span> 
     </span>
    </p>
   </div>
   <div class='ocr_carea' id='block_1_50' title="bbox 2094 2067 3669 2143">
    <p class='ocr_par' dir='ltr' id='par_1_50' title="bbox 2094 2067 3669 2143">
     <span class='ocr_line' id='line_1_50' title="bbox 2094 2067 3669 2143; baseline 0.001 -21"><span class='ocrx_word' id='word_1_323' title='bbox 2094 2067 2235 2123; x_wconf 76' lang='grc' dir='ltr'>εἶναι</span> <span class='ocrx_word' id='word_1_324' title='bbox 2267 2070 2507 2134; x_wconf 82' lang='grc' dir='ltr'>πλάτους</span> <span class='ocrx_word' id='word_1_325' title='bbox 2536 2071 2696 2124; x_wconf 69' lang='grc' dir='ltr'>ἕνεκα</span> <span class='ocrx_word' id='word_1_326' title='bbox 2737 2070 2848 2142; x_wconf 68' lang='grc'><strong>(54)</strong></span> <span class='ocrx_word' id='word_1_327' title='bbox 2881 2072 2973 2124; x_wconf 74' lang='grc' dir='ltr'>καὶ</span> <span class='ocrx_word' id='word_1_328' title='bbox 2998 2071 3096 2134; x_wconf 83' lang='grc' dir='ltr'><strong>τάς</strong></span> <span class='ocrx_word' id='word_1_329' title='bbox 3116 2070 3329 2141; x_wconf 79' lang='grc' dir='ltr'>ἀμάξας</span> <span class='ocrx_word' id='word_1_330' title='bbox 3353 2070 3669 2143; x_wconf 79' lang='grc' dir='ltr'>ἀμφοτέρας</span> 
     </span>
    </p>
   </div>
   <div class='ocr_carea' id='block_1_51' title="bbox 2097 2158 3665 2232">
    <p class='ocr_par' dir='ltr' id='par_1_51' title="bbox 2097 2158 3665 2232">
     <span class='ocr_line' id='line_1_51' title="bbox 2097 2158 3665 2232; baseline 0.001 -22"><span class='ocrx_word' id='word_1_331' title='bbox 2097 2160 2320 2230; x_wconf 80' lang='grc' dir='ltr'>φέρειν,</span> <span class='ocrx_word' id='word_1_332' title='bbox 2373 2162 2423 2215; x_wconf 81' lang='grc' dir='ltr'>εἰ</span> <span class='ocrx_word' id='word_1_333' title='bbox 2461 2161 2555 2214; x_wconf 79' lang='grc' dir='ltr'><strong>καὶ</strong></span> <span class='ocrx_word' id='word_1_334' title='bbox 2613 2161 2747 2231; x_wconf 73' lang='grc' dir='ltr'>πρὸς</span> <span class='ocrx_word' id='word_1_335' title='bbox 2785 2161 3096 2215; x_wconf 80' lang='grc' dir='ltr'>τούναντίον</span> <span class='ocrx_word' id='word_1_336' title='bbox 3150 2159 3412 2232; x_wconf 81' lang='grc' dir='ltr'>ἀλλήλαις</span> <span class='ocrx_word' id='word_1_337' title='bbox 3440 2163 3538 2219; x_wconf 69' lang='grc' dir='ltr'>,ἐπὶ</span> <span class='ocrx_word' id='word_1_338' title='bbox 3571 2158 3665 2213; x_wconf 80' lang='grc' dir='ltr'>τοῦ</span> 
     </span>
    </p>
   </div>
   <div class='ocr_carea' id='block_1_52' title="bbox 2093 2247 3665 2323">
    <p class='ocr_par' dir='ltr' id='par_1_52' title="bbox 2093 2247 3665 2323">
     <span class='ocr_line' id='line_1_52' title="bbox 2093 2247 3665 2323; baseline 0 -19"><span class='ocrx_word' id='word_1_339' title='bbox 2093 2252 2307 2321; x_wconf 77' lang='grc' dir='ltr'>τείχους</span> <span class='ocrx_word' id='word_1_340' title='bbox 2338 2250 2597 2322; x_wconf 77' lang='grc' dir='ltr'>ἐχώρουν.</span> <span class='ocrx_word' id='word_1_341' title='bbox 2634 2247 2805 2322; x_wconf 83' lang='grc' dir='ltr'>Οἶμαι</span> <span class='ocrx_word' id='word_1_342' title='bbox 2836 2252 2945 2321; x_wconf 87' lang='grc' dir='ltr'><strong>γάρ</strong></span> <span class='ocrx_word' id='word_1_343' title='bbox 2964 2250 3048 2317; x_wconf 65' lang='grc' dir='ltr'>ἄν,</span> <span class='ocrx_word' id='word_1_344' title='bbox 3078 2254 3127 2305; x_wconf 78' lang='grc' dir='ltr'><strong>εἰ</strong></span> <span class='ocrx_word' id='word_1_345' title='bbox 3167 2253 3363 2323; x_wconf 81' lang='grc' dir='ltr'>περιῆν</span> <span class='ocrx_word' id='word_1_346' title='bbox 3394 2252 3665 2321; x_wconf 84' lang='grc' dir='ltr'>Ὅμηρος,</span> 
     </span>
    </p>
   </div>
   <div class='ocr_carea' id='block_1_53' title="bbox 2095 2341 3668 2413">
    <p class='ocr_par' dir='ltr' id='par_1_53' title="bbox 2095 2341 3668 2413">
     <span class='ocr_line' id='line_1_53' title="bbox 2095 2341 3668 2413; baseline -0.001 -17"><span class='ocrx_word' id='word_1_347' title='bbox 2095 2344 2188 2396; x_wconf 74' lang='grc' dir='ltr'>καὶ</span> <span class='ocrx_word' id='word_1_348' title='bbox 2213 2344 2469 2395; x_wconf 78' lang='grc' dir='ltr'>τοιούτων</span> <span class='ocrx_word' id='word_1_349' title='bbox 2488 2342 2665 2412; x_wconf 72' lang='grc' dir='ltr'>ἔργων</span> <span class='ocrx_word' id='word_1_350' title='bbox 2690 2343 2985 2397; x_wconf 77' lang='grc' dir='ltr'>καθίστατο</span> <span class='ocrx_word' id='word_1_351' title='bbox 3017 2342 3235 2413; x_wconf 82' lang='grc' dir='ltr'>θεατὴς,</span> <span class='ocrx_word' id='word_1_352' title='bbox 3269 2341 3541 2411; x_wconf 77' lang='grc' dir='ltr'>ἀφέμενον</span> <span class='ocrx_word' id='word_1_353' title='bbox 3564 2341 3668 2395; x_wconf 82' lang='grc' dir='ltr'><strong>αὒ-</strong></span> 
     </span>
    </p>
   </div>
   <div class='ocr_carea' id='block_1_54' title="bbox 2091 2432 3670 2503">
    <p class='ocr_par' dir='ltr' id='par_1_54' title="bbox 2091 2432 3670 2503">
     <span class='ocr_line' id='line_1_54' title="bbox 2091 2432 3670 2503; baseline 0 -19"><span class='ocrx_word' id='word_1_354' title='bbox 2091 2432 2182 2485; x_wconf 81' lang='grc' dir='ltr'><strong>τδν</strong></span> <span class='ocrx_word' id='word_1_355' title='bbox 2208 2433 2306 2503; x_wconf 84' lang='grc' dir='ltr'><strong>τῆς</strong></span> <span class='ocrx_word' id='word_1_356' title='bbox 2343 2432 2560 2503; x_wconf 86' lang='grc' dir='ltr'>μήνιδος</span> <span class='ocrx_word' id='word_1_357' title='bbox 2582 2432 2686 2502; x_wconf 90' lang='grc' dir='ltr'><strong>τῆς</strong></span> <span class='ocrx_word' id='word_1_358' title='bbox 2721 2432 3009 2502; x_wconf 80' lang='grc' dir='ltr'>Ἀχιλλέως</span> <span class='ocrx_word' id='word_1_359' title='bbox 3039 2432 3288 2503; x_wconf 47' lang='grc' dir='ltr'>καὶκμιᾶς</span> <span class='ocrx_word' id='word_1_360' title='bbox 3314 2432 3670 2502; x_wconf 76' lang='grc' dir='ltr'>ἐμπιπλαμέ-</span> 
     </span>
    </p>
   </div>
   <div class='ocr_carea' id='block_1_55' title="bbox 2092 2521 3668 2592">
    <p class='ocr_par' dir='ltr' id='par_1_55' title="bbox 2092 2521 3668 2592">
     <span class='ocr_line' id='line_1_55' title="bbox 2092 2521 3668 2592; baseline -0.003 -15"><span class='ocrx_word' id='word_1_361' title='bbox 2092 2540 2189 2592; x_wconf 88' lang='grc' dir='ltr'><strong>νης</strong></span> <span class='ocrx_word' id='word_1_362' title='bbox 2221 2522 2265 2554; x_wconf 68' lang='grc' dir='ltr'>η</span> <span class='ocrx_word' id='word_1_363' title='bbox 2287 2521 2530 2587; x_wconf 86' lang='grc' dir='ltr'>ὁλκάδος,</span> <span class='ocrx_word' id='word_1_364' title='bbox 2559 2522 2820 2587; x_wconf 84' lang='grc' dir='ltr'>πολλάκις</span> <span class='ocrx_word' id='word_1_365' title='bbox 2848 2521 3084 2577; x_wconf 74' lang='grc' dir='ltr'>ἐνταῦθα</span> <span class='ocrx_word' id='word_1_366' title='bbox 3110 2522 3339 2575; x_wconf 83' lang='grc' dir='ltr'>καλέσαι</span> <span class='ocrx_word' id='word_1_367' title='bbox 3385 2522 3481 2585; x_wconf 82' lang='grc' dir='ltr'>τὰς</span> <span class='ocrx_word' id='word_1_368' title='bbox 3518 2522 3668 2576; x_wconf 80' lang='grc' dir='ltr'><strong>Μού-</strong></span> 
     </span>
    </p>
   </div>
   <div class='ocr_carea' id='block_1_56' title="bbox 2094 2613 3668 2686">
    <p class='ocr_par' dir='ltr' id='par_1_56' title="bbox 2094 2613 3668 2686">
     <span class='ocr_line' id='line_1_56' title="bbox 2094 2613 3668 2686; baseline 0.001 -20"><span class='ocrx_word' id='word_1_369' title='bbox 2094 2630 2211 2678; x_wconf 87' lang='grc' dir='ltr'>σας,</span> <span class='ocrx_word' id='word_1_370' title='bbox 2238 2615 2386 2678; x_wconf 87' lang='grc' dir='ltr'>ὄπως</span> <span class='ocrx_word' id='word_1_371' title='bbox 2417 2617 2674 2685; x_wconf 80' lang='grc' dir='ltr'>ποιητικῇ</span> <span class='ocrx_word' id='word_1_372' title='bbox 2708 2614 3089 2685; x_wconf 70' lang='grc' dir='ltr'>μεγαλοφωνίᾳ</span> <span class='ocrx_word' id='word_1_373' title='bbox 3120 2613 3197 2685; x_wconf 83' lang='grc' dir='ltr'>μὴ</span> <span class='ocrx_word' id='word_1_374' title='bbox 3222 2614 3319 2686; x_wconf 80' lang='grc' dir='ltr'><strong>τῆς</strong></span> <span class='ocrx_word' id='word_1_375' title='bbox 3349 2614 3507 2682; x_wconf 78' lang='grc' dir='ltr'>ἀξίας</span> <span class='ocrx_word' id='word_1_376' title='bbox 3529 2616 3668 2682; x_wconf 82' lang='grc' dir='ltr'><strong>ἄγαν</strong></span> 
     </span>
    </p>
   </div>
   <div class='ocr_carea' id='block_1_57' title="bbox 2093 2704 2701 2775">
    <p class='ocr_par' dir='ltr' id='par_1_57' title="bbox 2093 2704 2701 2775">
     <span class='ocr_line' id='line_1_57' title="bbox 2093 2704 2701 2775; baseline 0.005 -19"><span class='ocrx_word' id='word_1_377' title='bbox 2093 2704 2351 2775; x_wconf 79' lang='grc' dir='ltr'>ὑστερίζῃ</span> <span class='ocrx_word' id='word_1_378' title='bbox 2375 2704 2483 2757; x_wconf 88' lang='grc' dir='ltr'><strong>τῶν</strong></span> <span class='ocrx_word' id='word_1_379' title='bbox 2505 2704 2701 2775; x_wconf 83' lang='grc' dir='ltr'>ἔργων.</span> 
     </span>
    </p>
   </div>
   <div class='ocr_carea' id='block_1_58' title="bbox 2161 2791 3667 2870">
    <p class='ocr_par' dir='ltr' id='par_1_58' title="bbox 2161 2791 3667 2870">
     <span class='ocr_line' id='line_1_58' title="bbox 2161 2791 3667 2870; baseline 0.001 -20"><span class='ocrx_word' id='word_1_380' title='bbox 2161 2793 2292 2850; x_wconf 82' lang='grc' dir='ltr'><strong>ΚΒ’.</strong></span> <span class='ocrx_word' id='word_1_381' title='bbox 2324 2797 2465 2868; x_wconf 82' lang='grc' dir='ltr'>Πρὸς</span> <span class='ocrx_word' id='word_1_382' title='bbox 2489 2794 2598 2866; x_wconf 73' lang='grc' dir='ltr'>γὰρ</span> <span class='ocrx_word' id='word_1_383' title='bbox 2629 2791 2695 2851; x_wconf 73' lang='grc' dir='ltr'>αὖ</span> <span class='ocrx_word' id='word_1_384' title='bbox 2725 2798 2840 2862; x_wconf 78' lang='grc' dir='ltr'>τοῖς</span> <span class='ocrx_word' id='word_1_385' title='bbox 2889 2797 3071 2862; x_wconf 76' lang='grc' dir='ltr'>ἄλλοις</span> <span class='ocrx_word' id='word_1_386' title='bbox 3127 2799 3222 2852; x_wconf 69' lang='grc' dir='ltr'>καὶ</span> <span class='ocrx_word' id='word_1_387' title='bbox 3257 2798 3334 2870; x_wconf 85' lang='grc' dir='ltr'>τῷ</span> <span class='ocrx_word' id='word_1_388' title='bbox 3387 2799 3667 2870; x_wconf 86' lang='grc' dir='ltr'>προσιόντι</span> 
     </span>
    </p>
   </div>
   <div class='ocr_carea' id='block_1_59' title="bbox 2093 2886 3668 2960">
    <p class='ocr_par' dir='ltr' id='par_1_59' title="bbox 2093 2886 3668 2960">
     <span class='ocr_line' id='line_1_59' title="bbox 2093 2886 3668 2960; baseline 0.003 -20"><span class='ocrx_word' id='word_1_389' title='bbox 2093 2886 2471 2958; x_wconf 88' lang='grc' dir='ltr'>φιλάνθρωπον</span> <span class='ocrx_word' id='word_1_390' title='bbox 2501 2887 2723 2958; x_wconf 77' lang='grc' dir='ltr'>ὑπέχεις</span> <span class='ocrx_word' id='word_1_391' title='bbox 2747 2889 2846 2960; x_wconf 83' lang='grc' dir='ltr'>τὴν</span> <span class='ocrx_word' id='word_1_392' title='bbox 2871 2889 3060 2960; x_wconf 84' lang='grc' dir='ltr'>ἀκοήν.</span> <span class='ocrx_word' id='word_1_393' title='bbox 3090 2891 3200 2944; x_wconf 74' lang='grc' dir='ltr'><strong>Καὶ</strong></span> <span class='ocrx_word' id='word_1_394' title='bbox 3224 2891 3533 2959; x_wconf 80' lang='grc' dir='ltr'>διαλέγεται</span> <span class='ocrx_word' id='word_1_395' title='bbox 3582 2909 3668 2954; x_wconf 87' lang='grc' dir='ltr'><strong>τις</strong></span> 
     </span>
    </p>
   </div>
   <div class='ocr_carea' id='block_1_60' title="bbox 2092 2979 3667 3053">
    <p class='ocr_par' dir='ltr' id='par_1_60' title="bbox 2092 2979 3667 3053">
     <span class='ocr_line' id='line_1_60' title="bbox 2092 2979 3667 3053; baseline 0.002 -19"><span class='ocrx_word' id='word_1_396' title='bbox 2092 2980 2264 3045; x_wconf 85' lang='grc' dir='ltr'>ἀδεῶς</span> <span class='ocrx_word' id='word_1_397' title='bbox 2298 2980 2409 3049; x_wconf 82' lang='grc'><strong>(55)</strong></span> <span class='ocrx_word' id='word_1_398' title='bbox 2440 2979 2570 3051; x_wconf 77' lang='grc' dir='ltr'>περὶ</span> <span class='ocrx_word' id='word_1_399' title='bbox 2597 2980 2706 3033; x_wconf 88' lang='grc' dir='ltr'><strong>τῶν</strong></span> <span class='ocrx_word' id='word_1_400' title='bbox 2757 2983 3165 3053; x_wconf 84' lang='grc' dir='ltr'>προσηκόντων,</span> <span class='ocrx_word' id='word_1_401' title='bbox 3198 2983 3338 3053; x_wconf 88' lang='grc' dir='ltr'>όρῶν</span> <span class='ocrx_word' id='word_1_402' title='bbox 3365 2983 3438 3047; x_wconf 86' lang='grc' dir='ltr'>ὼς</span> <span class='ocrx_word' id='word_1_403' title='bbox 3465 2983 3528 3035; x_wconf 84' lang='grc' dir='ltr'><strong>τὸ</strong></span> <span class='ocrx_word' id='word_1_404' title='bbox 3565 2983 3667 3050; x_wconf 75' lang='grc' dir='ltr'><strong>τῆς</strong></span> 
     </span>
    </p>
   </div>
   <div class='ocr_carea' id='block_1_61' title="bbox 410 3071 1989 3171">
    <p class='ocr_par' dir='ltr' id='par_1_61' title="bbox 410 3077 1986 3164">
     <span class='ocr_line' id='line_1_61' title="bbox 410 3077 1986 3164; baseline -0.001 -35"><span class='ocrx_word' id='word_1_405' title='bbox 410 3077 562 3164; x_wconf 60' lang='lat' dir='ltr'><strong>omni</strong></span> <span class='ocrx_word' id='word_1_406' title='bbox 629 3077 770 3132; x_wconf 78' lang='lat' dir='ltr'><strong>fastu</strong></span> <span class='ocrx_word' id='word_1_407' title='bbox 828 3077 1124 3132; x_wconf 89' lang='lat' dir='ltr'><strong>immunem</strong></span> <span class='ocrx_word' id='word_1_408' title='bbox 1183 3077 1582 3146; x_wconf 87' lang='lat' dir='ltr'><strong>conspiciens:</strong></span> <span class='ocrx_word' id='word_1_409' title='bbox 1627 3090 1749 3143; x_wconf 69' lang='lat' dir='ltr'><strong>quae</strong></span> <span class='ocrx_word' id='word_1_410' title='bbox 1806 3082 1986 3128; x_wconf 84' lang='lat' dir='ltr'><strong>tamen</strong></span> 
     </span>
    </p>
   </div>
   <div class='ocr_carea' id='block_1_62' title="bbox 2091 3071 3659 3171">
    <p class='ocr_par' dir='ltr' id='par_1_62' title="bbox 2095 3071 3659 3145">
     <span class='ocr_line' id='line_1_62' title="bbox 2095 3071 3659 3145; baseline 0.001 -19"><span class='ocrx_word' id='word_1_411' title='bbox 2095 3072 2249 3137; x_wconf 82' lang='grc' dir='ltr'>ἀξίας</span> <span class='ocrx_word' id='word_1_412' title='bbox 2271 3071 2472 3142; x_wconf 80' lang='grc' dir='ltr'>ὑψηλὸν</span> <span class='ocrx_word' id='word_1_413' title='bbox 2503 3072 2733 3143; x_wconf 81' lang='grc' dir='ltr'>σοϐαρὸν</span> <span class='ocrx_word' id='word_1_414' title='bbox 2759 3073 2910 3126; x_wconf 73' lang='grc' dir='ltr'>οὐδὲν</span> <span class='ocrx_word' id='word_1_415' title='bbox 2926 3074 3295 3129; x_wconf 79' lang='grc' dir='ltr'>ἐπιδείκνυται</span> <span class='ocrx_word' id='word_1_416' title='bbox 3313 3091 3326 3105; x_wconf 88' lang='grc'><strong>·</strong></span> <span class='ocrx_word' id='word_1_417' title='bbox 3357 3076 3493 3145; x_wconf 83' lang='grc' dir='ltr'>ὅπερ</span> <span class='ocrx_word' id='word_1_418' title='bbox 3519 3078 3659 3128; x_wconf 85' lang='grc' dir='ltr'>Παυ-</span> 
     </span>
    </p>
   </div>
   <div class='ocr_carea' id='block_1_63' title="bbox 411 3166 1983 3247">
    <p class='ocr_par' dir='ltr' id='par_1_63' title="bbox 411 3166 1983 3247">
     <span class='ocr_line' id='line_1_63' title="bbox 411 3166 1983 3247; baseline -0.004 -22"><span class='ocrx_word' id='word_1_419' title='bbox 411 3170 737 3225; x_wconf 87' lang='lat' dir='ltr'><strong>Pausaniam</strong></span> <span class='ocrx_word' id='word_1_420' title='bbox 767 3167 1093 3247; x_wconf 80' lang='lat' dir='ltr'><strong>Spartanum</strong></span> <span class='ocrx_word' id='word_1_421' title='bbox 1118 3167 1322 3223; x_wconf 80' lang='lat' dir='ltr'><strong>stolide</strong></span> <span class='ocrx_word' id='word_1_422' title='bbox 1349 3168 1414 3222; x_wconf 88' lang='lat' dir='ltr'><strong>ad</strong></span> <span class='ocrx_word' id='word_1_423' title='bbox 1432 3167 1750 3238; x_wconf 86' lang='lat' dir='ltr'><strong>jactantiaru</strong></span> <span class='ocrx_word' id='word_1_424' title='bbox 1768 3166 1983 3230; x_wconf 79' lang='lat' dir='ltr'><strong>extulit,</strong></span> 
     </span>
    </p>
   </div>
   <div class='ocr_carea' id='block_1_64' title="bbox 411 3257 1984 3330">
    <p class='ocr_par' dir='ltr' id='par_1_64' title="bbox 411 3257 1984 3330">
     <span class='ocr_line' id='line_1_64' title="bbox 411 3257 1984 3330; baseline 0.003 -22"><span class='ocrx_word' id='word_1_425' title='bbox 411 3259 589 3330; x_wconf 79' lang='lat' dir='ltr'><strong>qualis</strong></span> <span class='ocrx_word' id='word_1_426' title='bbox 640 3268 807 3325; x_wconf 90' lang='lat' dir='ltr'><strong>esset,</strong></span> <span class='ocrx_word' id='word_1_427' title='bbox 868 3257 1160 3313; x_wconf 82' lang='lat' dir='ltr'><strong>Persarum</strong></span> <span class='ocrx_word' id='word_1_428' title='bbox 1220 3259 1437 3314; x_wconf 79' lang='lat' dir='ltr'><strong>luxuria</strong></span> <span class='ocrx_word' id='word_1_429' title='bbox 1501 3259 1838 3314; x_wconf 90' lang='lat' dir='ltr'><strong>convictum.</strong></span> <span class='ocrx_word' id='word_1_430' title='bbox 1902 3257 1984 3312; x_wconf 84' lang='lat' dir='ltr'><strong>&#39;l‘u</strong></span> 
     </span>
    </p>
   </div>
   <div class='ocr_carea' id='block_1_65' title="bbox 414 3350 1987 3421">
    <p class='ocr_par' dir='ltr' id='par_1_65' title="bbox 414 3350 1987 3421">
     <span class='ocr_line' id='line_1_65' title="bbox 414 3350 1987 3421; baseline 0.001 -18"><span class='ocrx_word' id='word_1_431' title='bbox 414 3366 542 3406; x_wconf 86' lang='lat' dir='ltr'><strong>vero</strong></span> <span class='ocrx_word' id='word_1_432' title='bbox 576 3352 868 3405; x_wconf 86' lang='lat' dir='ltr'><strong>clementer</strong></span> <span class='ocrx_word' id='word_1_433' title='bbox 904 3358 960 3405; x_wconf 92' lang='lat' dir='ltr'><strong>et</strong></span> <span class='ocrx_word' id='word_1_434' title='bbox 988 3350 1251 3421; x_wconf 86' lang='lat' dir='ltr'><strong>loqueris,</strong></span> <span class='ocrx_word' id='word_1_435' title='bbox 1284 3362 1338 3407; x_wconf 89' lang='lat' dir='ltr'><strong>et</strong></span> <span class='ocrx_word' id='word_1_436' title='bbox 1360 3353 1602 3409; x_wconf 85' lang='lat' dir='ltr'><strong>dicentes</strong></span> <span class='ocrx_word' id='word_1_437' title='bbox 1638 3352 1834 3417; x_wconf 89' lang='lat' dir='ltr'><strong>audis;</strong></span> <span class='ocrx_word' id='word_1_438' title='bbox 1864 3351 1987 3405; x_wconf 88' lang='lat' dir='ltr'><strong>vul-</strong></span> 
     </span>
    </p>
   </div>
   <div class='ocr_carea' id='block_1_66' title="bbox 412 3442 1985 3510">
    <p class='ocr_par' dir='ltr' id='par_1_66' title="bbox 412 3442 1985 3510">
     <span class='ocr_line' id='line_1_66' title="bbox 412 3442 1985 3510; baseline 0.003 -13"><span class='ocrx_word' id='word_1_439' title='bbox 412 3453 500 3497; x_wconf 88' lang='lat' dir='ltr'><strong>tus</strong></span> <span class='ocrx_word' id='word_1_440' title='bbox 536 3442 794 3497; x_wconf 89' lang='lat' dir='ltr'><strong>terribilis</strong></span> <span class='ocrx_word' id='word_1_441' title='bbox 819 3449 873 3497; x_wconf 86' lang='lat' dir='ltr'><strong>et</strong></span> <span class='ocrx_word' id='word_1_442' title='bbox 903 3443 1156 3510; x_wconf 86' lang='lat' dir='ltr'><strong>superbia</strong></span> <span class='ocrx_word' id='word_1_443' title='bbox 1206 3442 1469 3499; x_wconf 87' lang='lat' dir='ltr'><strong>adversus</strong></span> <span class='ocrx_word' id='word_1_444' title='bbox 1494 3444 1758 3500; x_wconf 85' lang='lat' dir='ltr'><strong>barbaros</strong></span> <span class='ocrx_word' id='word_1_445' title='bbox 1801 3452 1855 3499; x_wconf 90' lang='lat' dir='ltr'><strong>et</strong></span> <span class='ocrx_word' id='word_1_446' title='bbox 1886 3446 1985 3501; x_wconf 53' lang='lat' dir='ltr'><strong>hoc</strong></span> 
     </span>
    </p>
   </div>
   <div class='ocr_carea' id='block_1_67' title="bbox 412 3531 1988 3604">
    <p class='ocr_par' dir='ltr' id='par_1_67' title="bbox 412 3531 1988 3604">
     <span class='ocr_line' id='line_1_67' title="bbox 412 3531 1988 3604; baseline 0.002 -16"><span class='ocrx_word' id='word_1_447' title='bbox 412 3543 522 3588; x_wconf 82' lang='lat' dir='ltr'><strong>stes</strong></span> <span class='ocrx_word' id='word_1_448' title='bbox 543 3545 845 3589; x_wconf 79' lang='lat' dir='ltr'><strong>servantur.</strong></span> <span class='ocrx_word' id='word_1_449' title='bbox 879 3531 1049 3589; x_wconf 88' lang='lat' dir='ltr'><strong>Nobis</strong></span> <span class='ocrx_word' id='word_1_450' title='bbox 1081 3533 1290 3603; x_wconf 89' lang='lat' dir='ltr'><strong>judicia</strong></span> <span class='ocrx_word' id='word_1_451' title='bbox 1319 3549 1542 3591; x_wconf 80' lang='lat' dir='ltr'><strong>exerces</strong></span> <span class='ocrx_word' id='word_1_452' title='bbox 1594 3536 1875 3604; x_wconf 87' lang='lat' dir='ltr'><strong>benevole,</strong></span> <span class='ocrx_word' id='word_1_453' title='bbox 1909 3537 1988 3592; x_wconf 89' lang='lat' dir='ltr'><strong>le-</strong></span> 
     </span>
    </p>
   </div>
   <div class='ocr_carea' id='block_1_68' title="bbox 411 3624 1986 3699">
    <p class='ocr_par' dir='ltr' id='par_1_68' title="bbox 411 3624 1986 3699">
     <span class='ocr_line' id='line_1_68' title="bbox 411 3624 1986 3699; baseline 0.004 -23"><span class='ocrx_word' id='word_1_454' title='bbox 411 3624 570 3694; x_wconf 77' lang='lat' dir='ltr'><strong>gibus</strong></span> <span class='ocrx_word' id='word_1_455' title='bbox 601 3624 765 3694; x_wconf 89' lang='lat' dir='ltr'><strong>jubes</strong></span> <span class='ocrx_word' id='word_1_456' title='bbox 792 3626 1105 3682; x_wconf 89' lang='lat' dir='ltr'><strong>necessaria</strong></span> <span class='ocrx_word' id='word_1_457' title='bbox 1135 3642 1149 3680; x_wconf 90' lang='lat'><strong>:</strong></span> <span class='ocrx_word' id='word_1_458' title='bbox 1184 3641 1420 3697; x_wconf 85' lang='lat' dir='ltr'><strong>cumque</strong></span> <span class='ocrx_word' id='word_1_459' title='bbox 1451 3635 1509 3682; x_wconf 90' lang='lat' dir='ltr'><strong>tu</strong></span> <span class='ocrx_word' id='word_1_460' title='bbox 1548 3627 1791 3699; x_wconf 72' lang='lat' dir='ltr'><strong>legitime</strong></span> <span class='ocrx_word' id='word_1_461' title='bbox 1823 3628 1986 3683; x_wconf 88' lang='lat' dir='ltr'><strong>time-</strong></span> 
     </span>
    </p>
   </div>
   <div class='ocr_carea' id='block_1_69' title="bbox 413 3717 1984 3790">
    <p class='ocr_par' dir='ltr' id='par_1_69' title="bbox 413 3717 1984 3790">
     <span class='ocr_line' id='line_1_69' title="bbox 413 3717 1984 3790; baseline 0.003 -20"><span class='ocrx_word' id='word_1_462' title='bbox 413 3718 515 3784; x_wconf 88' lang='lat' dir='ltr'><strong>ris,</strong></span> <span class='ocrx_word' id='word_1_463' title='bbox 543 3717 690 3785; x_wconf 78' lang='lat' dir='ltr'><strong>iusta</strong></span> <span class='ocrx_word' id='word_1_464' title='bbox 719 3724 847 3772; x_wconf 87' lang='lat' dir='ltr'><strong>sunt</strong></span> <span class='ocrx_word' id='word_1_465' title='bbox 902 3719 1252 3784; x_wconf 86' lang='lat' dir='ltr'><strong>commercia,</strong></span> <span class='ocrx_word' id='word_1_466' title='bbox 1282 3727 1338 3774; x_wconf 93' lang='lat' dir='ltr'><strong>et</strong></span> <span class='ocrx_word' id='word_1_467' title='bbox 1387 3717 1584 3790; x_wconf 86' lang='lat' dir='ltr'><strong>pudica</strong></span> <span class='ocrx_word' id='word_1_468' title='bbox 1637 3719 1984 3775; x_wconf 81' lang='lat' dir='ltr'><strong>subditorum</strong></span> 
     </span>
    </p>
   </div>
   <div class='ocr_carea' id='block_1_70' title="bbox 411 3810 1984 3882">
    <p class='ocr_par' dir='ltr' id='par_1_70' title="bbox 411 3810 1984 3882">
     <span class='ocr_line' id='line_1_70' title="bbox 411 3810 1984 3882; baseline 0.003 -21"><span class='ocrx_word' id='word_1_469' title='bbox 411 3810 780 3875; x_wconf 86' lang='lat' dir='ltr'><strong>matrimonia,</strong></span> <span class='ocrx_word' id='word_1_470' title='bbox 814 3810 1169 3881; x_wconf 77' lang='lat' dir='ltr'><strong>cognationes</strong></span> <span class='ocrx_word' id='word_1_471' title='bbox 1200 3811 1472 3881; x_wconf 59' lang='lat' dir='ltr'><strong>genuinae,</strong></span> <span class='ocrx_word' id='word_1_472' title='bbox 1513 3826 1689 3882; x_wconf 88' lang='lat' dir='ltr'><strong>neque</strong></span> <span class='ocrx_word' id='word_1_473' title='bbox 1740 3810 1984 3882; x_wconf 76' lang='lat' dir='ltr'><strong>ambigui</strong></span> 
     </span>
    </p>
   </div>
   <div class='ocr_carea' id='block_1_71' title="bbox 411 3899 1447 3971">
    <p class='ocr_par' dir='ltr' id='par_1_71' title="bbox 411 3899 1447 3971">
     <span class='ocr_line' id='line_1_71' title="bbox 411 3899 1447 3971; baseline 0.006 -21"><span class='ocrx_word' id='word_1_474' title='bbox 411 3907 632 3969; x_wconf 88' lang='lat' dir='ltr'><strong>propter</strong></span> <span class='ocrx_word' id='word_1_475' title='bbox 653 3899 1020 3970; x_wconf 85' lang='lat' dir='ltr'><strong>suspicionem</strong></span> <span class='ocrx_word' id='word_1_476' title='bbox 1053 3900 1299 3971; x_wconf 87' lang='lat' dir='ltr'><strong>patrihus</strong></span> <span class='ocrx_word' id='word_1_477' title='bbox 1329 3900 1447 3956; x_wconf 82' lang='lat' dir='ltr'><strong>lilii.</strong></span> 
     </span>
    </p>
   </div>
   <div class='ocr_carea' id='block_1_72' title="bbox 480 4093 1989 4157">
    <p class='ocr_par' dir='ltr' id='par_1_72' title="bbox 480 4093 1989 4157">
     <span class='ocr_line' id='line_1_72' title="bbox 480 4093 1989 4157; baseline 0.005 -8"><span class='ocrx_word' id='word_1_478' title='bbox 480 4094 671 4151; x_wconf 77' lang='lat' dir='ltr'><strong>XXIII.</strong></span> <span class='ocrx_word' id='word_1_479' title='bbox 694 4093 865 4152; x_wconf 86' lang='lat' dir='ltr'><strong>Nobis</strong></span> <span class='ocrx_word' id='word_1_480' title='bbox 887 4112 1018 4153; x_wconf 76' lang='lat' dir='ltr'><strong>sane</strong></span> <span class='ocrx_word' id='word_1_481' title='bbox 1042 4112 1266 4154; x_wconf 88' lang='lat' dir='ltr'><strong>aureum</strong></span> <span class='ocrx_word' id='word_1_482' title='bbox 1294 4098 1425 4153; x_wconf 90' lang='lat' dir='ltr'><strong>illud</strong></span> <span class='ocrx_word' id='word_1_483' title='bbox 1455 4100 1711 4155; x_wconf 84' lang='lat' dir='ltr'><strong>saeculum</strong></span> <span class='ocrx_word' id='word_1_484' title='bbox 1735 4101 1989 4157; x_wconf 85' lang='lat' dir='ltr'><strong>oratione</strong></span> 
     </span>
    </p>
   </div>
   <div class='ocr_carea' id='block_1_73' title="bbox 410 4187 1990 4262">
    <p class='ocr_par' dir='ltr' id='par_1_73' title="bbox 410 4187 1990 4262">
     <span class='ocr_line' id='line_1_73' title="bbox 410 4187 1990 4262; baseline 0.003 -20"><span class='ocrx_word' id='word_1_485' title='bbox 410 4187 767 4253; x_wconf 89' lang='lat' dir='ltr'><strong>celebratum,</strong></span> <span class='ocrx_word' id='word_1_486' title='bbox 814 4188 991 4257; x_wconf 87' lang='lat' dir='ltr'><strong>reipsa</strong></span> <span class='ocrx_word' id='word_1_487' title='bbox 1033 4190 1249 4245; x_wconf 85' lang='lat' dir='ltr'><strong>tandem</strong></span> <span class='ocrx_word' id='word_1_488' title='bbox 1283 4204 1457 4245; x_wconf 66' lang='lat' dir='ltr'><strong>rerum</strong></span> <span class='ocrx_word' id='word_1_489' title='bbox 1504 4191 1766 4247; x_wconf 78' lang='lat' dir='ltr'><strong>ostendit.</strong></span> <span class='ocrx_word' id='word_1_490' title='bbox 1798 4191 1990 4262; x_wconf 83' lang='lat' dir='ltr'><strong>Neque</strong></span> 
     </span>
    </p>
   </div>
   <div class='ocr_carea' id='block_1_74' title="bbox 407 4277 1991 4353">
    <p class='ocr_par' dir='ltr' id='par_1_74' title="bbox 407 4277 1991 4353">
     <span class='ocr_line' id='line_1_74' title="bbox 407 4277 1991 4353; baseline 0.004 -21"><span class='ocrx_word' id='word_1_491' title='bbox 407 4277 555 4332; x_wconf 87' lang='lat' dir='ltr'><strong>enim</strong></span> <span class='ocrx_word' id='word_1_492' title='bbox 584 4278 794 4351; x_wconf 73' lang='lat' dir='ltr'><strong>legibus</strong></span> <span class='ocrx_word' id='word_1_493' title='bbox 841 4287 1054 4336; x_wconf 86' lang='lat' dir='ltr'><strong>tantum</strong></span> <span class='ocrx_word' id='word_1_494' title='bbox 1086 4282 1244 4338; x_wconf 88' lang='lat' dir='ltr'><strong>nobis</strong></span> <span class='ocrx_word' id='word_1_495' title='bbox 1281 4282 1465 4337; x_wconf 78' lang='lat' dir='ltr'><strong>sancis</strong></span> <span class='ocrx_word' id='word_1_496' title='bbox 1499 4284 1723 4353; x_wconf 86' lang='lat' dir='ltr'><strong>optima,</strong></span> <span class='ocrx_word' id='word_1_497' title='bbox 1760 4284 1861 4339; x_wconf 88' lang='lat' dir='ltr'><strong>sed</strong></span> <span class='ocrx_word' id='word_1_498' title='bbox 1909 4284 1991 4338; x_wconf 88' lang='lat' dir='ltr'><strong>vi-</strong></span> 
     </span>
    </p>
   </div>
   <div class='ocr_carea' id='block_1_75' title="bbox 2096 3158 3669 3237">
    <p class='ocr_par' dir='ltr' id='par_1_75' title="bbox 2096 3158 3669 3237">
     <span class='ocr_line' id='line_1_75' title="bbox 2096 3158 3669 3237; baseline 0.003 -21"><span class='ocrx_word' id='word_1_499' title='bbox 2096 3165 2285 3217; x_wconf 89' lang='grc' dir='ltr'>σανίαν</span> <span class='ocrx_word' id='word_1_500' title='bbox 2312 3164 2402 3218; x_wconf 85' lang='grc' dir='ltr'><strong>τὸν</strong></span> <span class='ocrx_word' id='word_1_501' title='bbox 2440 3165 2786 3237; x_wconf 82' lang='grc' dir='ltr'>Σπαρτιάτην</span> <span class='ocrx_word' id='word_1_502' title='bbox 2823 3166 3205 3237; x_wconf 85' lang='grc' dir='ltr'>ἀπειροκάλως</span> <span class='ocrx_word' id='word_1_503' title='bbox 3236 3158 3315 3227; x_wconf 79' lang='grc' dir='ltr'>ε’ίς</span> <span class='ocrx_word' id='word_1_504' title='bbox 3344 3167 3669 3231; x_wconf 81' lang='grc' dir='ltr'>ἀλαζονείαν</span> 
     </span>
    </p>
   </div>
   <div class='ocr_carea' id='block_1_76' title="bbox 2074 3256 3668 3329">
    <p class='ocr_par' dir='ltr' id='par_1_76' title="bbox 2074 3256 3668 3329">
     <span class='ocr_line' id='line_1_76' title="bbox 2074 3256 3668 3329; baseline 0.003 -20"><span class='ocrx_word' id='word_1_505' title='bbox 2074 3256 2319 3328; x_wconf 83' lang='grc' dir='ltr'>’ὲπῆρεν,</span> <span class='ocrx_word' id='word_1_506' title='bbox 2350 3257 2456 3311; x_wconf 77' lang='grc' dir='ltr'><strong>ὑπὸ</strong></span> <span class='ocrx_word' id='word_1_507' title='bbox 2492 3259 2768 3328; x_wconf 86' lang='grc' dir='ltr'>Περσικῆς</span> <span class='ocrx_word' id='word_1_508' title='bbox 2814 3259 3026 3329; x_wconf 79' lang='grc' dir='ltr'>τρυφῆς</span> <span class='ocrx_word' id='word_1_509' title='bbox 3070 3258 3446 3328; x_wconf 78' lang='grc' dir='ltr'>ἐλεγχόμενον.</span> <span class='ocrx_word' id='word_1_510' title='bbox 3486 3260 3559 3313; x_wconf 78' lang='grc' dir='ltr'><strong>Σὺ</strong></span> <span class='ocrx_word' id='word_1_511' title='bbox 3608 3261 3668 3314; x_wconf 70' lang='grc' dir='ltr'>δὲ</span> 
     </span>
    </p>
   </div>
   <div class='ocr_carea' id='block_1_77' title="bbox 2091 3348 3665 3424">
    <p class='ocr_par' dir='ltr' id='par_1_77' title="bbox 2091 3348 3665 3424">
     <span class='ocr_line' id='line_1_77' title="bbox 2091 3348 3665 3424; baseline 0.001 -20"><span class='ocrx_word' id='word_1_512' title='bbox 2091 3350 2272 3419; x_wconf 81' lang='grc' dir='ltr'>λέγεις</span> <span class='ocrx_word' id='word_1_513' title='bbox 2300 3367 2357 3402; x_wconf 86' lang='grc' dir='ltr'><strong>τε</strong></span> <span class='ocrx_word' id='word_1_514' title='bbox 2378 3348 2794 3420; x_wconf 83' lang='grc' dir='ltr'>φιλανθρώπως,</span> <span class='ocrx_word' id='word_1_515' title='bbox 2816 3352 2910 3404; x_wconf 83' lang='grc' dir='ltr'>καὶ</span> <span class='ocrx_word' id='word_1_516' title='bbox 2930 3350 3196 3419; x_wconf 81' lang='grc' dir='ltr'>λεγόντων</span> <span class='ocrx_word' id='word_1_517' title='bbox 3223 3351 3441 3415; x_wconf 82' lang='grc' dir='ltr'>ἀκούεις</span> <span class='ocrx_word' id='word_1_518' title='bbox 3462 3368 3476 3383; x_wconf 79' lang='grc' dir='ltr'><strong>ο</strong></span> <span class='ocrx_word' id='word_1_519' title='bbox 3504 3351 3665 3424; x_wconf 76' lang='grc' dir='ltr'>βλέμ-</span> 
     </span>
    </p>
   </div>
   <div class='ocr_carea' id='block_1_78' title="bbox 2098 3442 3666 3515">
    <p class='ocr_par' dir='ltr' id='par_1_78' title="bbox 2098 3442 3666 3515">
     <span class='ocr_line' id='line_1_78' title="bbox 2098 3442 3666 3515; baseline -0.001 -18"><span class='ocrx_word' id='word_1_520' title='bbox 2098 3461 2174 3515; x_wconf 90' lang='grc' dir='ltr'><strong>μα</strong></span> <span class='ocrx_word' id='word_1_521' title='bbox 2209 3444 2266 3497; x_wconf 78' lang='grc' dir='ltr'>δὲ</span> <span class='ocrx_word' id='word_1_522' title='bbox 2294 3443 2464 3496; x_wconf 74' lang='grc' dir='ltr'>δεινὸν</span> <span class='ocrx_word' id='word_1_523' title='bbox 2497 3442 2589 3497; x_wconf 70' lang='grc' dir='ltr'>καὶ</span> <span class='ocrx_word' id='word_1_524' title='bbox 2618 3443 2875 3513; x_wconf 86' lang='grc' dir='ltr'>φρόνημα</span> <span class='ocrx_word' id='word_1_525' title='bbox 2903 3443 3044 3513; x_wconf 82' lang='grc' dir='ltr'>μέγα</span> <span class='ocrx_word' id='word_1_526' title='bbox 3069 3444 3211 3496; x_wconf 85' lang='grc' dir='ltr'><strong>κατά</strong></span> <span class='ocrx_word' id='word_1_527' title='bbox 3239 3442 3346 3496; x_wconf 85' lang='grc' dir='ltr'><strong>τῶν</strong></span> <span class='ocrx_word' id='word_1_528' title='bbox 3373 3443 3666 3515; x_wconf 82' lang='grc' dir='ltr'>βαρϐάρων</span> 
     </span>
    </p>
   </div>
   <div class='ocr_carea' id='block_1_79' title="bbox 2095 3531 3665 3603">
    <p class='ocr_par' dir='ltr' id='par_1_79' title="bbox 2095 3531 3665 3603">
     <span class='ocr_line' id='line_1_79' title="bbox 2095 3531 3665 3603; baseline 0 -17"><span class='ocrx_word' id='word_1_529' title='bbox 2095 3532 2318 3587; x_wconf 77' lang='grc' dir='ltr'>καὶτῶν</span> <span class='ocrx_word' id='word_1_530' title='bbox 2372 3531 2703 3587; x_wconf 84' lang='grc' dir='ltr'>ἀδικούντων</span> <span class='ocrx_word' id='word_1_531' title='bbox 2759 3531 3075 3603; x_wconf 86' lang='grc' dir='ltr'>τετήρηται.</span> <span class='ocrx_word' id='word_1_532' title='bbox 3114 3532 3224 3586; x_wconf 71' lang='grc' dir='ltr'><strong>Καὶ</strong></span> <span class='ocrx_word' id='word_1_533' title='bbox 3270 3533 3513 3596; x_wconf 77' lang='grc' dir='ltr'>δικάζεις</span> <span class='ocrx_word' id='word_1_534' title='bbox 3567 3534 3665 3600; x_wconf 84' lang='grc' dir='ltr'>μὲν</span> 
     </span>
    </p>
   </div>
   <div class='ocr_carea' id='block_1_80' title="bbox 2093 3622 3665 3696">
    <p class='ocr_par' dir='ltr' id='par_1_80' title="bbox 2093 3622 3665 3696">
     <span class='ocr_line' id='line_1_80' title="bbox 2093 3622 3665 3696; baseline 0.002 -20"><span class='ocrx_word' id='word_1_535' title='bbox 2093 3625 2224 3693; x_wconf 80' lang='grc' dir='ltr'>ἡμῖν</span> <span class='ocrx_word' id='word_1_536' title='bbox 2255 3622 2535 3695; x_wconf 79' lang='grc' dir='ltr'>εὐμενῶς·</span> <span class='ocrx_word' id='word_1_537' title='bbox 2581 3622 2891 3693; x_wconf 85' lang='grc' dir='ltr'>νομοθετεῖς</span> <span class='ocrx_word' id='word_1_538' title='bbox 2942 3624 2999 3677; x_wconf 75' lang='grc' dir='ltr'>δὲ</span> <span class='ocrx_word' id='word_1_539' title='bbox 3033 3622 3104 3677; x_wconf 80' lang='grc' dir='ltr'>τὰ</span> <span class='ocrx_word' id='word_1_540' title='bbox 3153 3624 3523 3696; x_wconf 87' lang='grc' dir='ltr'>προσήκοντα.</span> <span class='ocrx_word' id='word_1_541' title='bbox 3555 3626 3665 3679; x_wconf 69' lang='grc' dir='ltr'><strong>Καὶ</strong></span> 
     </span>
    </p>
   </div>
   <div class='ocr_carea' id='block_1_81' title="bbox 2090 3713 3660 3786">
    <p class='ocr_par' dir='ltr' id='par_1_81' title="bbox 2090 3713 3660 3786">
     <span class='ocr_line' id='line_1_81' title="bbox 2090 3713 3660 3786; baseline -0.001 -16"><span class='ocrx_word' id='word_1_542' title='bbox 2090 3716 2177 3770; x_wconf 84' lang='grc' dir='ltr'>διὰ</span> <span class='ocrx_word' id='word_1_543' title='bbox 2203 3715 2296 3769; x_wconf 80' lang='grc' dir='ltr'><strong>τὸν</strong></span> <span class='ocrx_word' id='word_1_544' title='bbox 2332 3713 2423 3768; x_wconf 86' lang='grc' dir='ltr'>σὸν</span> <span class='ocrx_word' id='word_1_545' title='bbox 2453 3715 2675 3786; x_wconf 76' lang='grc' dir='ltr'>ἔννομον</span> <span class='ocrx_word' id='word_1_546' title='bbox 2699 3714 2866 3785; x_wconf 87' lang='grc' dir='ltr'>φόϐον</span> <span class='ocrx_word' id='word_1_547' title='bbox 2892 3713 3076 3768; x_wconf 81' lang='grc' dir='ltr'>δίκαια</span> <span class='ocrx_word' id='word_1_548' title='bbox 3105 3714 3205 3784; x_wconf 82' lang='grc' dir='ltr'>μὲν</span> <span class='ocrx_word' id='word_1_549' title='bbox 3236 3715 3302 3769; x_wconf 90' lang='grc' dir='ltr'><strong>τά</strong></span> <span class='ocrx_word' id='word_1_550' title='bbox 3332 3715 3660 3785; x_wconf 82' lang='grc' dir='ltr'>συμϐόλαια·</span> 
     </span>
    </p>
   </div>
   <div class='ocr_carea' id='block_1_82' title="bbox 2094 3805 3661 3877">
    <p class='ocr_par' dir='ltr' id='par_1_82' title="bbox 2094 3805 3661 3877">
     <span class='ocr_line' id='line_1_82' title="bbox 2094 3805 3661 3877; baseline -0.001 -18"><span class='ocrx_word' id='word_1_551' title='bbox 2094 3805 2367 3877; x_wconf 82' lang='grc' dir='ltr'>σώφρονες</span> <span class='ocrx_word' id='word_1_552' title='bbox 2391 3806 2447 3860; x_wconf 67' lang='grc' dir='ltr'>δὲ</span> <span class='ocrx_word' id='word_1_553' title='bbox 2468 3808 2579 3869; x_wconf 76' lang='grc' dir='ltr'>τοῖς</span> <span class='ocrx_word' id='word_1_554' title='bbox 2624 3806 2889 3874; x_wconf 80' lang='grc' dir='ltr'>ὑπηκόοις</span> <span class='ocrx_word' id='word_1_555' title='bbox 2936 3805 2987 3858; x_wconf 78' lang='lat' dir='ltr'><strong>ei.</strong></span> <span class='ocrx_word' id='word_1_556' title='bbox 3018 3806 3188 3875; x_wconf 88' lang='grc' dir='ltr'>γάμοι</span> <span class='ocrx_word' id='word_1_557' title='bbox 3213 3821 3227 3835; x_wconf 85' lang='grc'><strong>’</strong></span> <span class='ocrx_word' id='word_1_558' title='bbox 3274 3806 3475 3875; x_wconf 87' lang='grc' dir='ltr'>γνήσια</span> <span class='ocrx_word' id='word_1_559' title='bbox 3509 3806 3565 3858; x_wconf 80' lang='grc' dir='ltr'>δὲ</span> <span class='ocrx_word' id='word_1_560' title='bbox 3596 3806 3661 3859; x_wconf 88' lang='grc' dir='ltr'><strong>τά</strong></span> 
     </span>
    </p>
   </div>
   <div class='ocr_carea' id='block_1_83' title="bbox 2089 3895 3664 3971">
    <p class='ocr_par' dir='ltr' id='par_1_83' title="bbox 2089 3895 3664 3971">
     <span class='ocr_line' id='line_1_83' title="bbox 2089 3895 3664 3971; baseline -0.001 -20"><span class='ocrx_word' id='word_1_561' title='bbox 2089 3898 2221 3969; x_wconf 83' lang='grc' dir='ltr'>γένη</span> <span class='ocrx_word' id='word_1_562' title='bbox 2245 3915 2259 3929; x_wconf 90' lang='grc'><strong>·</strong></span> <span class='ocrx_word' id='word_1_563' title='bbox 2287 3899 2381 3952; x_wconf 78' lang='grc' dir='ltr'>καὶ</span> <span class='ocrx_word' id='word_1_564' title='bbox 2401 3900 2503 3953; x_wconf 84' lang='grc' dir='ltr'>οὐκ</span> <span class='ocrx_word' id='word_1_565' title='bbox 2527 3897 2824 3971; x_wconf 80' lang='grc' dir='ltr'>ἀμφίϐολοι</span> <span class='ocrx_word' id='word_1_566' title='bbox 2848 3899 2960 3962; x_wconf 80' lang='grc' dir='ltr'>τοῖς</span> <span class='ocrx_word' id='word_1_567' title='bbox 2991 3897 3235 3969; x_wconf 87' lang='grc' dir='ltr'>πατράσι</span> <span class='ocrx_word' id='word_1_568' title='bbox 3280 3895 3367 3950; x_wconf 81' lang='grc' dir='ltr'>διὰ</span> <span class='ocrx_word' id='word_1_569' title='bbox 3406 3895 3503 3968; x_wconf 82' lang='grc' dir='ltr'>τὴν</span> <span class='ocrx_word' id='word_1_570' title='bbox 3530 3897 3664 3950; x_wconf 64' lang='lat' dir='ltr'><strong>ﬁm-</strong></span> 
     </span>
    </p>
   </div>
   <div class='ocr_carea' id='block_1_84' title="bbox 2087 3989 2531 4061">
    <p class='ocr_par' dir='ltr' id='par_1_84' title="bbox 2087 3989 2531 4061">
     <span class='ocr_line' id='line_1_84' title="bbox 2087 3989 2531 4061; baseline 0.005 -18"><span class='ocrx_word' id='word_1_571' title='bbox 2087 3989 2215 4061; x_wconf 72' lang='grc' dir='ltr'>ψίαν</span> <span class='ocrx_word' id='word_1_572' title='bbox 2249 3992 2297 4044; x_wconf 79' lang='grc' dir='ltr'><strong>οἱ</strong></span> <span class='ocrx_word' id='word_1_573' title='bbox 2325 3990 2531 4053; x_wconf 83' lang='grc' dir='ltr'>παῖδες.</span> 
     </span>
    </p>
   </div>
   <div class='ocr_carea' id='block_1_85' title="bbox 2159 4099 3665 4177">
    <p class='ocr_par' dir='ltr' id='par_1_85' title="bbox 2159 4099 3665 4177">
     <span class='ocr_line' id='line_1_85' title="bbox 2159 4099 3665 4177; baseline -0.004 -19"><span class='ocrx_word' id='word_1_574' title='bbox 2159 4105 2287 4159; x_wconf 65' lang='grc' dir='ltr'><strong>ΚΓτ.</strong></span> <span class='ocrx_word' id='word_1_575' title='bbox 2332 4105 2490 4160; x_wconf 81' lang='grc' dir='ltr'>Ἀλλὰ</span> <span class='ocrx_word' id='word_1_576' title='bbox 2531 4105 2640 4177; x_wconf 87' lang='grc' dir='ltr'>γὰρ</span> <span class='ocrx_word' id='word_1_577' title='bbox 2674 4107 2807 4177; x_wconf 87' lang='grc' dir='ltr'>ήμῖν</span> <span class='ocrx_word' id='word_1_578' title='bbox 2826 4103 2886 4157; x_wconf 81' lang='grc' dir='ltr'><strong>τὸ</strong></span> <span class='ocrx_word' id='word_1_579' title='bbox 2919 4101 3156 4174; x_wconf 82' lang='grc' dir='ltr'>χρυσοῦν</span> <span class='ocrx_word' id='word_1_580' title='bbox 3187 4103 3363 4156; x_wconf 75' lang='grc' dir='ltr'>ἐκεῖνο</span> <span class='ocrx_word' id='word_1_581' title='bbox 3394 4101 3573 4169; x_wconf 82' lang='grc' dir='ltr'>γένος,</span> <span class='ocrx_word' id='word_1_582' title='bbox 3598 4099 3665 4153; x_wconf 78' lang='grc' dir='ltr'><strong>τὸ</strong></span> 
     </span>
    </p>
   </div>
   <div class='ocr_carea' id='block_1_86' title="bbox 2095 4189 3661 4266">
    <p class='ocr_par' dir='ltr' id='par_1_86' title="bbox 2095 4189 3661 4266">
     <span class='ocr_line' id='line_1_86' title="bbox 2095 4189 3661 4266; baseline -0.003 -19"><span class='ocrx_word' id='word_1_583' title='bbox 2095 4195 2252 4265; x_wconf 77' lang='grc' dir='ltr'>μέχρι</span> <span class='ocrx_word' id='word_1_584' title='bbox 2276 4194 2450 4263; x_wconf 85' lang='grc' dir='ltr'>λόγων</span> <span class='ocrx_word' id='word_1_585' title='bbox 2465 4194 2744 4266; x_wconf 79' lang='grc' dir='ltr'>ᾀδόμενον,</span> <span class='ocrx_word' id='word_1_586' title='bbox 2798 4194 2949 4263; x_wconf 88' lang='grc' dir='ltr'>μόλις</span> <span class='ocrx_word' id='word_1_587' title='bbox 2983 4190 3232 4256; x_wconf 80' lang='grc' dir='ltr'>ἀπέδειξε</span> <span class='ocrx_word' id='word_1_588' title='bbox 3272 4192 3387 4253; x_wconf 78' lang='grc' dir='ltr'>τοῖς</span> <span class='ocrx_word' id='word_1_589' title='bbox 3415 4189 3598 4260; x_wconf 76' lang='grc' dir='ltr'>ἔργοις</span> <span class='ocrx_word' id='word_1_590' title='bbox 3631 4190 3661 4241; x_wconf 82' lang='grc' dir='ltr'><strong>ό</strong></span> 
     </span>
    </p>
   </div>
   <div class='ocr_carea' id='block_1_87' title="bbox 2090 4280 3661 4357">
    <p class='ocr_par' dir='ltr' id='par_1_87' title="bbox 2090 4280 3661 4357">
     <span class='ocr_line' id='line_1_87' title="bbox 2090 4280 3661 4357; baseline -0.002 -19"><span class='ocrx_word' id='word_1_591' title='bbox 2090 4284 2302 4356; x_wconf 89' lang='grc' dir='ltr'>χρόνος.</span> <span class='ocrx_word' id='word_1_592' title='bbox 2334 4286 2410 4339; x_wconf 87' lang='grc' dir='ltr'><strong>Οὑ</strong></span> <span class='ocrx_word' id='word_1_593' title='bbox 2443 4287 2604 4356; x_wconf 89' lang='grc' dir='ltr'>μόνον</span> <span class='ocrx_word' id='word_1_594' title='bbox 2631 4286 2739 4357; x_wconf 84' lang='grc' dir='ltr'>γὰρ</span> <span class='ocrx_word' id='word_1_595' title='bbox 2767 4286 2897 4356; x_wconf 82' lang='grc' dir='ltr'>ἡμῖν</span> <span class='ocrx_word' id='word_1_596' title='bbox 2922 4283 2991 4337; x_wconf 79' lang='grc' dir='ltr'><strong>τά</strong></span> <span class='ocrx_word' id='word_1_597' title='bbox 3023 4282 3272 4354; x_wconf 77' lang='grc' dir='ltr'>βέλτιστα</span> <span class='ocrx_word' id='word_1_598' title='bbox 3297 4281 3405 4336; x_wconf 68' lang='grc' dir='ltr'><strong>ιδιά</strong></span> <span class='ocrx_word' id='word_1_599' title='bbox 3434 4281 3544 4337; x_wconf 85' lang='grc' dir='ltr'><strong>τῶν</strong></span> <span class='ocrx_word' id='word_1_600' title='bbox 3572 4280 3661 4335; x_wconf 82' lang='grc' dir='ltr'>νό-</span> 
     </span>
    </p>
   </div>
   <div class='ocr_carea' id='block_1_88' title="bbox 1692 4453 2374 4514">
    <p class='ocr_par' dir='ltr' id='par_1_88' title="bbox 1692 4453 2374 4514">
     <span class='ocr_line' id='line_1_88' title="bbox 1692 4453 2374 4514; baseline 0.013 -11"><span class='ocrx_word' id='word_1_601' title='bbox 1692 4453 1933 4510; x_wconf 65' lang='grc' dir='ltr'>νΑιιιΑῑ</span> <span class='ocrx_word' id='word_1_602' title='bbox 1974 4455 2374 4514; x_wconf 85' lang='lat' dir='ltr'><strong>LECTIONES.</strong></span> 
     </span>
    </p>
   </div>
   <div class='ocr_carea' id='block_1_89' title="bbox 504 4560 2666 4641">
    <p class='ocr_par' dir='ltr' id='par_1_89' title="bbox 504 4560 2666 4641">
     <span class='ocr_line' id='line_1_89' title="bbox 504 4560 2666 4641; baseline 0.001 -18"><span class='ocrx_word' id='word_1_603' title='bbox 504 4568 529 4603; x_wconf 80' lang='grc'><strong><em>⁸</em></strong></span> <span class='ocrx_word' id='word_1_604' title='bbox 547 4568 975 4641; x_wconf 71' lang='grc' dir='ltr'>ἐμπιπραμένης</span> <span class='ocrx_word' id='word_1_605' title='bbox 1003 4564 1150 4636; x_wconf 81' lang='lat' dir='ltr'><strong>conj.</strong></span> <span class='ocrx_word' id='word_1_606' title='bbox 1177 4574 1231 4621; x_wconf 87' lang='lat' dir='ltr'><strong>et</strong></span> <span class='ocrx_word' id='word_1_607' title='bbox 1262 4575 1401 4622; x_wconf 83' lang='lat' dir='ltr'><strong>vert.</strong></span> <span class='ocrx_word' id='word_1_608' title='bbox 1437 4560 1529 4633; x_wconf 82' lang='lat' dir='ltr'><strong>R.,</strong></span> <span class='ocrx_word' id='word_1_609' title='bbox 1558 4566 1767 4624; x_wconf 88' lang='lat' dir='ltr'><strong>scilicet</strong></span> <span class='ocrx_word' id='word_1_610' title='bbox 1797 4565 2101 4640; x_wconf 80' lang='lat' dir='ltr'><strong>Odysseam</strong></span> <span class='ocrx_word' id='word_1_611' title='bbox 2128 4587 2188 4640; x_wconf 87' lang='grc' dir='ltr'><strong>μ.</strong></span> <span class='ocrx_word' id='word_1_612' title='bbox 2217 4569 2324 4626; x_wconf 73' lang='grc'><strong>415</strong></span> <span class='ocrx_word' id='word_1_613' title='bbox 2347 4569 2666 4640; x_wconf 87' lang='lat' dir='ltr'><strong>respiciens.</strong></span> 
     </span>
    </p>
   </div>
   <div class='ocr_carea' id='block_1_90' title="bbox 1551 4722 2509 4784">
    <p class='ocr_par' dir='ltr' id='par_1_90' title="bbox 1551 4722 2509 4784">
     <span class='ocr_line' id='line_1_90' title="bbox 1551 4722 2509 4784; baseline 0.004 -6"><span class='ocrx_word' id='word_1_614' title='bbox 1551 4722 1777 4780; x_wconf 76' lang='lat' dir='ltr'><strong>ANSSII</strong></span> <span class='ocrx_word' id='word_1_615' title='bbox 1814 4722 2243 4783; x_wconf 74' lang='lat' dir='ltr'><strong>VILLOISONIS</strong></span> <span class='ocrx_word' id='word_1_616' title='bbox 2275 4725 2509 4784; x_wconf 69' lang='lat' dir='ltr'><strong>NOTAE.</strong></span> 
     </span>
    </p>
   </div>
   <div class='ocr_carea' id='block_1_91' title="bbox 479 4842 3657 4938">
    <p class='ocr_par' dir='ltr' id='par_1_91' title="bbox 479 4842 3657 4938">
     <span class='ocr_line' id='line_1_91' title="bbox 479 4842 3657 4938; baseline 0.003 -22"><span class='ocrx_word' id='word_1_617' title='bbox 479 4862 589 4938; x_wconf 68' lang='lat' dir='ltr'><strong>(5i)</strong></span> <span class='ocrx_word' id='word_1_618' title='bbox 618 4860 784 4938; x_wconf 79' lang='lat' dir='ltr'><strong>Forte</strong></span> <span class='ocrx_word' id='word_1_619' title='bbox 842 4859 1155 4938; x_wconf 69' lang='grc' dir='ltr'>ἀπέδωκας,</span> <span class='ocrx_word' id='word_1_620' title='bbox 1221 4858 1325 4913; x_wconf 89' lang='lat' dir='ltr'><strong>nisi</strong></span> <span class='ocrx_word' id='word_1_621' title='bbox 1385 4842 1854 4929; x_wconf 80' lang='grc' dir='ltr'>ἀποφραξάμενος</span> <span class='ocrx_word' id='word_1_622' title='bbox 1917 4860 1988 4916; x_wconf 87' lang='lat' dir='ltr'><strong>sit</strong></span> <span class='ocrx_word' id='word_1_623' title='bbox 2022 4865 2064 4918; x_wconf 92' lang='lat' dir='ltr'><strong>D</strong></span> <span class='ocrx_word' id='word_1_624' title='bbox 2161 4862 2272 4938; x_wconf 64' lang='lat'><strong>(5.5)</strong></span> <span class='ocrx_word' id='word_1_625' title='bbox 2300 4864 2473 4938; x_wconf 74' lang='lat' dir='ltr'><strong>Forte</strong></span> <span class='ocrx_word' id='word_1_626' title='bbox 2499 4868 2589 4923; x_wconf 89' lang='lat' dir='ltr'><strong>hic</strong></span> <span class='ocrx_word' id='word_1_627' title='bbox 2617 4867 2770 4924; x_wconf 86' lang='lat' dir='ltr'><strong>deest</strong></span> <span class='ocrx_word' id='word_1_628' title='bbox 2801 4871 2896 4923; x_wconf 73' lang='grc' dir='ltr'>καὶ</span> <span class='ocrx_word' id='word_1_629' title='bbox 2919 4880 3047 4925; x_wconf 89' lang='lat' dir='ltr'><strong>ante</strong></span> <span class='ocrx_word' id='word_1_630' title='bbox 3079 4869 3310 4933; x_wconf 83' lang='grc' dir='ltr'>πλάτους</span> <span class='ocrx_word' id='word_1_631' title='bbox 3331 4870 3527 4938; x_wconf 68' lang='lat' dir='ltr'><strong>Evam;</strong></span> <span class='ocrx_word' id='word_1_632' title='bbox 3576 4874 3657 4928; x_wconf 83' lang='lat' dir='ltr'><strong>vel</strong></span> 
     </span>
    </p>
   </div>
   <div class='ocr_carea' id='block_1_92' title="bbox 407 4931 1119 4990">
    <p class='ocr_par' dir='ltr' id='par_1_92' title="bbox 407 4931 1119 4990">
     <span class='ocr_line' id='line_1_92' title="bbox 407 4931 1119 4990; baseline -0.014 0"><span class='ocrx_word' id='word_1_633' title='bbox 407 4931 778 4990; x_wconf 78' lang='lat' dir='ltr'><strong>nominativus</strong></span> <span class='ocrx_word' id='word_1_634' title='bbox 814 4931 1119 4985; x_wconf 80' lang='lat' dir='ltr'><strong>absolutus.</strong></span> 
     </span>
    </p>
   </div>
   <div class='ocr_carea' id='block_1_93' title="bbox 475 4995 1987 5074">
    <p class='ocr_par' dir='ltr' id='par_1_93' title="bbox 475 4995 1987 5074">
     <span class='ocr_line' id='line_1_93' title="bbox 475 4995 1987 5074; baseline -0.007 -17"><span class='ocrx_word' id='word_1_635' title='bbox 475 5001 587 5072; x_wconf 73' lang='lat' dir='ltr'><strong>(se)</strong></span> <span class='ocrx_word' id='word_1_636' title='bbox 619 5000 817 5074; x_wconf 65' lang='lat' dir='ltr'><strong>C(._CI.</strong></span> <span class='ocrx_word' id='word_1_637' title='bbox 846 4999 1094 5074; x_wconf 64' lang='lat' dir='ltr'><strong>_le_I}eau,</strong></span> <span class='ocrx_word' id='word_1_638' title='bbox 1137 5006 1175 5051; x_wconf 85' lang='grc' dir='ltr'><strong>ι.</strong></span> <span class='ocrx_word' id='word_1_639' title='bbox 1224 4995 1441 5074; x_wconf 70' lang='lat' dir='ltr'><strong>vut,_p.</strong></span> <span class='ocrx_word' id='word_1_640' title='bbox 1492 4995 1781 5074; x_wconf 40' lang='lat' dir='ltr'><strong>IIS-H7“;</strong></span> <span class='ocrx_word' id='word_1_641' title='bbox 1812 4997 1987 5074; x_wconf 55' lang='lat' dir='ltr'><strong>Mula-</strong></span> 
     </span>
    </p>
   </div>
   <div class='ocr_carea' id='block_1_94' title="bbox 403 5064 1985 5191">
    <p class='ocr_par' dir='ltr' id='par_1_94' title="bbox 403 5064 1985 5191">
     <span class='ocr_line' id='line_1_94' title="bbox 403 5064 1985 5140; baseline -0.004 -14"><span class='ocrx_word' id='word_1_642' title='bbox 403 5064 533 5135; x_wconf 79' lang='lat' dir='ltr'><strong>lam,</strong></span> <span class='ocrx_word' id='word_1_643' title='bbox 566 5064 617 5140; x_wconf 86' lang='lat' dir='ltr'><strong>p.</strong></span> <span class='ocrx_word' id='word_1_644' title='bbox 657 5071 762 5135; x_wconf 69' lang='grc'>46,</span> <span class='ocrx_word' id='word_1_645' title='bbox 796 5068 881 5122; x_wconf 89' lang='lat' dir='ltr'><strong>ed.</strong></span> <span class='ocrx_word' id='word_1_646' title='bbox 918 5066 1199 5131; x_wconf 86' lang='lat' dir='ltr'><strong>Venet.,et</strong></span> <span class='ocrx_word' id='word_1_647' title='bbox 1222 5064 1484 5138; x_wconf 82' lang='lat' dir='ltr'><strong>Cangium</strong></span> <span class='ocrx_word' id='word_1_648' title='bbox 1514 5069 1569 5121; x_wconf 91' lang='lat' dir='ltr'><strong>in</strong></span> <span class='ocrx_word' id='word_1_649' title='bbox 1606 5064 1772 5123; x_wconf 79' lang='lat' dir='ltr'><strong>CPoli</strong></span> <span class='ocrx_word' id='word_1_650' title='bbox 1819 5068 1985 5122; x_wconf 76' lang='lat' dir='ltr'><strong>Chri-</strong></span> 
     </span>
     <span class='ocr_line' id='line_1_95' title="bbox 403 5137 1076 5191; baseline 0 0"><span class='ocrx_word' id='word_1_651' title='bbox 403 5145 603 5191; x_wconf 78' lang='lat' dir='ltr'><strong>sliana.</strong></span> <span class='ocrx_word' id='word_1_652' title='bbox 644 5138 680 5191; x_wconf 93' lang='lat' dir='ltr'><strong>l.</strong></span> <span class='ocrx_word' id='word_1_653' title='bbox 716 5153 772 5191; x_wconf 89' lang='lat' dir='ltr'><strong>It.</strong></span> <span class='ocrx_word' id='word_1_654' title='bbox 805 5152 926 5191; x_wconf 64' lang='lat' dir='ltr'><strong>nas.</strong></span> <span class='ocrx_word' id='word_1_655' title='bbox 957 5137 1076 5191; x_wconf 69' lang='grc'>114.</span> 
     </span>
    </p>
   </div>
   <div class='ocr_carea' id='block_1_95' title="bbox 403 5145 1076 5199">
    <p class='ocr_par' dir='ltr' id='par_1_95' title="bbox 403 5145 1076 5199">
     <span class='ocr_line' id='line_1_96' title="bbox 403 5145 1076 5199; baseline -0.009 -2"><span class='ocrx_word' id='word_1_656' title='bbox 403 5145 603 5199; x_wconf 73' lang='lat' dir='ltr'><strong>aliena,</strong></span> <span class='ocrx_word' id='word_1_657' title='bbox 644 5145 680 5193; x_wconf 97' lang='grc'><strong>1.</strong></span> <span class='ocrx_word' id='word_1_658' title='bbox 716 5153 772 5196; x_wconf 86' lang='lat' dir='ltr'><strong>It.</strong></span> <span class='ocrx_word' id='word_1_659' title='bbox 805 5152 926 5199; x_wconf 77' lang='lat' dir='ltr'><strong>pag.</strong></span> <span class='ocrx_word' id='word_1_660' title='bbox 957 5145 1076 5191; x_wconf 76' lang='lat' dir='ltr'><strong>‘IM.</strong></span> 
     </span>
    </p>
   </div>
   <div class='ocr_carea' id='block_1_96' title="bbox 474 5152 1982 5279">
    <p class='ocr_par' dir='ltr' id='par_1_96' title="bbox 474 5152 1982 5279">
     <span class='ocr_line' id='line_1_97' title="bbox 478 5152 1076 5207; baseline -0.003 -14"><span class='ocrx_word' id='word_1_661' title='bbox 478 5157 603 5199; x_wconf 77' lang='lat' dir='ltr'><strong>ana,</strong></span> <span class='ocrx_word' id='word_1_662' title='bbox 645 5152 680 5193; x_wconf 88' lang='grc'><strong>1.</strong></span> <span class='ocrx_word' id='word_1_663' title='bbox 716 5153 772 5196; x_wconf 86' lang='lat' dir='ltr'><strong>It.</strong></span> <span class='ocrx_word' id='word_1_664' title='bbox 805 5152 926 5207; x_wconf 83' lang='lat' dir='ltr'><strong>pag.</strong></span> <span class='ocrx_word' id='word_1_665' title='bbox 957 5152 1076 5191; x_wconf 75' lang='lat' dir='ltr'><strong>‘IM.</strong></span> 
     </span>
     <span class='ocr_line' id='line_1_98' title="bbox 474 5203 1982 5279; baseline -0.002 -16"><span class='ocrx_word' id='word_1_666' title='bbox 474 5211 585 5279; x_wconf 79' lang='grc'><strong>(55)</strong></span> <span class='ocrx_word' id='word_1_667' title='bbox 615 5208 820 5279; x_wconf 47' lang='lat' dir='ltr'><strong>CECI.</strong></span> <span class='ocrx_word' id='word_1_668' title='bbox 860 5211 907 5261; x_wconf 90' lang='lat' dir='ltr'><strong>le</strong></span> <span class='ocrx_word' id='word_1_669' title='bbox 955 5208 1122 5279; x_wconf 69' lang='lat' dir='ltr'><strong>Bentt,</strong></span> <span class='ocrx_word' id='word_1_670' title='bbox 1157 5216 1197 5260; x_wconf 85' lang='grc' dir='ltr'><strong>ι.</strong></span> <span class='ocrx_word' id='word_1_671' title='bbox 1242 5205 1377 5279; x_wconf 83' lang='lat' dir='ltr'><strong>_Vl|l,</strong></span> <span class='ocrx_word' id='word_1_672' title='bbox 1410 5221 1465 5277; x_wconf 94' lang='lat' dir='ltr'><strong>p.</strong></span> <span class='ocrx_word' id='word_1_673' title='bbox 1511 5203 1982 5279; x_wconf 36' lang='grc' dir='ltr'><strong>όὶἣὸμ-οιηνξιίθ</strong></span> 
     </span>
    </p>
   </div>
   <div class='ocr_carea' id='block_1_97' title="bbox 404 5276 1983 5349">
    <p class='ocr_par' dir='ltr' id='par_1_97' title="bbox 404 5276 1983 5349">
     <span class='ocr_line' id='line_1_99' title="bbox 404 5276 1983 5349; baseline -0.001 -16"><span class='ocrx_word' id='word_1_674' title='bbox 404 5276 597 5349; x_wconf 73' lang='lat' dir='ltr'><strong>Evagr.</strong></span> <span class='ocrx_word' id='word_1_675' title='bbox 659 5276 861 5349; x_wconf 65' lang='lat' dir='ltr'><strong>Ijistor.</strong></span> <span class='ocrx_word' id='word_1_676' title='bbox 904 5276 1201 5349; x_wconf 55' lang='lat' dir='ltr'><strong>ecclesia”.</strong></span> <span class='ocrx_word' id='word_1_677' title='bbox 1241 5276 1276 5329; x_wconf 93' lang='lat' dir='ltr'><strong>I.</strong></span> <span class='ocrx_word' id='word_1_678' title='bbox 1324 5276 1492 5341; x_wconf 26' lang='lat' dir='ltr'><strong>ttt,’c.</strong></span> <span class='ocrx_word' id='word_1_679' title='bbox 1529 5278 1618 5341; x_wconf 77' lang='lat'><strong>39,</strong></span> <span class='ocrx_word' id='word_1_680' title='bbox 1668 5293 1744 5349; x_wconf 69' lang='lat' dir='ltr'><strong>p._</strong></span> <span class='ocrx_word' id='word_1_681' title='bbox 1764 5277 1889 5342; x_wconf 74' lang='lat'><strong>367,</strong></span> <span class='ocrx_word' id='word_1_682' title='bbox 1922 5289 1983 5333; x_wconf 83' lang='lat' dir='ltr'><strong>et</strong></span> 
     </span>
    </p>
   </div>
   <div class='ocr_carea' id='block_1_98' title="bbox 408 5345 1983 5417">
    <p class='ocr_par' dir='ltr' id='par_1_98' title="bbox 408 5345 1983 5417">
     <span class='ocr_line' id='line_1_100' title="bbox 408 5345 1983 5417; baseline -0.001 -16"><span class='ocrx_word' id='word_1_683' title='bbox 408 5345 622 5407; x_wconf 60' lang='lat' dir='ltr'><strong>Pvtr&#39;um</strong></span> <span class='ocrx_word' id='word_1_684' title='bbox 655 5345 887 5417; x_wconf 71' lang='lat' dir='ltr'><strong>Gyllium</strong></span> <span class='ocrx_word' id='word_1_685' title='bbox 918 5348 969 5401; x_wconf 92' lang='lat' dir='ltr'><strong>iu</strong></span> <span class='ocrx_word' id='word_1_686' title='bbox 1017 5348 1055 5400; x_wconf 97' lang='lat' dir='ltr'><strong>l.</strong></span> <span class='ocrx_word' id='word_1_687' title='bbox 1105 5363 1123 5401; x_wconf 81' lang='grc' dir='ltr'><strong>ι</strong></span> <span class='ocrx_word' id='word_1_688' title='bbox 1170 5346 1241 5400; x_wconf 86' lang='lat' dir='ltr'><strong>Dc</strong></span> <span class='ocrx_word' id='word_1_689' title='bbox 1287 5356 1487 5417; x_wconf 85' lang='lat' dir='ltr'><strong>topogr.</strong></span> <span class='ocrx_word' id='word_1_690' title='bbox 1526 5345 1681 5401; x_wconf 75' lang='lat' dir='ltr'><strong>urbis</strong></span> <span class='ocrx_word' id='word_1_691' title='bbox 1705 5345 1983 5417; x_wconf 78' lang='lat' dir='ltr'><strong>Constan-</strong></span> 
     </span>
    </p>
   </div>
   <div class='ocr_carea' id='block_1_99' title="bbox 408 5415 1983 5500">
    <p class='ocr_par' dir='ltr' id='par_1_99' title="bbox 408 5415 1983 5500">
     <span class='ocr_line' id='line_1_101' title="bbox 408 5415 1983 5500; baseline -0.001 -30"><span class='ocrx_word' id='word_1_692' title='bbox 408 5420 577 5500; x_wconf 53' lang='grc' dir='ltr'><strong>ιὶηοιζι</strong></span> <span class='ocrx_word' id='word_1_693' title='bbox 601 5431 650 5500; x_wconf 82' lang='lat' dir='ltr'><strong>c.</strong></span> <span class='ocrx_word' id='word_1_694' title='bbox 795 5415 897 5500; x_wconf 72' lang='lat' dir='ltr'><strong>Hie</strong></span> <span class='ocrx_word' id='word_1_695' title='bbox 924 5425 1103 5500; x_wconf 55' lang='lat' dir='ltr'><strong>autem</strong></span> <span class='ocrx_word' id='word_1_696' title='bbox 1124 5432 1353 5499; x_wconf 25' lang='lat' dir='ltr'><strong>“murus,</strong></span> <span class='ocrx_word' id='word_1_697' title='bbox 1386 5415 1445 5471; x_wconf 87' lang='lat' dir='ltr'><strong>ut</strong></span> <span class='ocrx_word' id='word_1_698' title='bbox 1489 5417 1745 5500; x_wconf 74' lang='lat' dir='ltr'><strong>observat</strong></span> <span class='ocrx_word' id='word_1_699' title='bbox 1776 5416 1983 5500; x_wconf 76' lang='lat' dir='ltr'><strong>Henri-</strong></span> 
     </span>
    </p>
   </div>
   <div class='ocr_carea' id='block_1_100' title="bbox 406 5484 1985 5697">
    <p class='ocr_par' dir='ltr' id='par_1_100' title="bbox 406 5484 1985 5697">
     <span class='ocr_line' id='line_1_102' title="bbox 406 5484 1983 5556; baseline -0.001 -14"><span class='ocrx_word' id='word_1_700' title='bbox 406 5502 504 5543; x_wconf 92' lang='lat' dir='ltr'><strong>cus</strong></span> <span class='ocrx_word' id='word_1_701' title='bbox 533 5485 784 5542; x_wconf 82' lang='lat' dir='ltr'><strong>Valesius</strong></span> <span class='ocrx_word' id='word_1_702' title='bbox 829 5484 898 5540; x_wconf 80' lang='lat' dir='ltr'><strong>ad</strong></span> <span class='ocrx_word' id='word_1_703' title='bbox 947 5487 1267 5556; x_wconf 80' lang='lat' dir='ltr'><strong>Evagrium,</strong></span> <span class='ocrx_word' id='word_1_704' title='bbox 1321 5502 1385 5541; x_wconf 80' lang='lat' dir='ltr'><strong>ex</strong></span> <span class='ocrx_word' id='word_1_705' title='bbox 1439 5488 1741 5542; x_wconf 86' lang='lat' dir='ltr'><strong>conditoris</strong></span> <span class='ocrx_word' id='word_1_706' title='bbox 1792 5489 1983 5541; x_wconf 85' lang='lat' dir='ltr'><strong>nomi-</strong></span> 
     </span>
     <span class='ocr_line' id='line_1_103' title="bbox 409 5554 1985 5625; baseline 0.001 -16"><span class='ocrx_word' id='word_1_707' title='bbox 409 5572 478 5610; x_wconf 92' lang='lat' dir='ltr'><strong>ne</strong></span> <span class='ocrx_word' id='word_1_708' title='bbox 505 5558 680 5611; x_wconf 64' lang='lat' dir='ltr'><strong>ilictus</strong></span> <span class='ocrx_word' id='word_1_709' title='bbox 703 5563 787 5611; x_wconf 86' lang='lat' dir='ltr'><strong>est</strong></span> <span class='ocrx_word' id='word_1_710' title='bbox 822 5554 1370 5612; x_wconf 75' lang='lat' dir='ltr'><strong>Anastasiantts.Vid.</strong></span> <span class='ocrx_word' id='word_1_711' title='bbox 1411 5568 1465 5610; x_wconf 88' lang='lat' dir='ltr'><strong>et</strong></span> <span class='ocrx_word' id='word_1_712' title='bbox 1491 5555 1814 5625; x_wconf 80' lang='lat' dir='ltr'><strong>Procopium</strong></span> <span class='ocrx_word' id='word_1_713' title='bbox 1865 5560 1985 5611; x_wconf 66' lang='lat' dir='ltr'><strong>(Lae-</strong></span> 
     </span>
     <span class='ocr_line' id='line_1_104' title="bbox 406 5624 1985 5697; baseline 0 -17"><span class='ocrx_word' id='word_1_714' title='bbox 406 5630 722 5697; x_wconf 73' lang='lat' dir='ltr'><strong>snriensem.</strong></span> <span class='ocrx_word' id='word_1_715' title='bbox 755 5624 827 5680; x_wconf 81' lang='lat' dir='ltr'><strong>De</strong></span> <span class='ocrx_word' id='word_1_716' title='bbox 848 5627 1109 5697; x_wconf 74' lang='lat' dir='ltr'><strong>wdiﬁciis,</strong></span> <span class='ocrx_word' id='word_1_717' title='bbox 1144 5628 1181 5683; x_wconf 95' lang='lat' dir='ltr'><strong>l.</strong></span> <span class='ocrx_word' id='word_1_718' title='bbox 1224 5642 1294 5695; x_wconf 84' lang='lat' dir='ltr'><strong>tv,</strong></span> <span class='ocrx_word' id='word_1_719' title='bbox 1324 5642 1373 5681; x_wconf 90' lang='lat' dir='ltr'><strong>e.</strong></span> <span class='ocrx_word' id='word_1_720' title='bbox 1409 5629 1462 5694; x_wconf 90' lang='lat'><strong>9,</strong></span> <span class='ocrx_word' id='word_1_721' title='bbox 1503 5644 1554 5697; x_wconf 79' lang='grc' dir='ltr'>ι).</span> <span class='ocrx_word' id='word_1_722' title='bbox 1601 5629 1689 5691; x_wconf 84' lang='grc'>86,</span> <span class='ocrx_word' id='word_1_723' title='bbox 1721 5639 1775 5682; x_wconf 87' lang='lat' dir='ltr'><strong>et</strong></span> <span class='ocrx_word' id='word_1_724' title='bbox 1811 5631 1985 5686; x_wconf 69' lang='lat' dir='ltr'><strong>Zma-</strong></span> 
     </span>
    </p>
   </div>
   <div class='ocr_carea' id='block_1_101' title="bbox 406 5628 1988 5751">
    <p class='ocr_par' dir='ltr' id='par_1_101' title="bbox 406 5628 1988 5751">
     <span class='ocr_line' id='line_1_105' title="bbox 406 5628 1988 5751; baseline 0 -71"><span class='ocrx_word' id='word_1_725' title='bbox 406 5630 736 5751; x_wconf 59' lang='lat' dir='ltr'><strong>sariensergé</strong></span> <span class='ocrx_word' id='word_1_726' title='bbox 755 5628 827 5680; x_wconf 81' lang='lat' dir='ltr'><strong>De</strong></span> <span class='ocrx_word' id='word_1_727' title='bbox 848 5628 1109 5697; x_wconf 72' lang='lat' dir='ltr'><strong>wdiﬁciis,</strong></span> <span class='ocrx_word' id='word_1_728' title='bbox 1144 5628 1181 5683; x_wconf 95' lang='lat' dir='ltr'><strong>l.</strong></span> <span class='ocrx_word' id='word_1_729' title='bbox 1224 5642 1294 5695; x_wconf 84' lang='lat' dir='ltr'><strong>tv,</strong></span> <span class='ocrx_word' id='word_1_730' title='bbox 1324 5642 1373 5681; x_wconf 90' lang='lat' dir='ltr'><strong>e.</strong></span> <span class='ocrx_word' id='word_1_731' title='bbox 1409 5629 1462 5694; x_wconf 90' lang='lat'><strong>9,</strong></span> <span class='ocrx_word' id='word_1_732' title='bbox 1503 5644 1554 5697; x_wconf 79' lang='grc' dir='ltr'>ι).</span> <span class='ocrx_word' id='word_1_733' title='bbox 1601 5629 1689 5691; x_wconf 84' lang='grc'>86,</span> <span class='ocrx_word' id='word_1_734' title='bbox 1721 5639 1775 5682; x_wconf 87' lang='lat' dir='ltr'><strong>et</strong></span> <span class='ocrx_word' id='word_1_735' title='bbox 1811 5631 1988 5686; x_wconf 64' lang='lat' dir='ltr'><strong>Zum-</strong></span> 
     </span>
     <span class='ocr_line' id='line_1_106' title="bbox 412 5712 756 5751; baseline -0.003 -1"><span class='ocrx_word' id='word_1_736' title='bbox 412 5712 547 5751; x_wconf 79' lang='lat' dir='ltr'><strong>ram.</strong></span> <span class='ocrx_word' id='word_1_737' title='bbox 583 5713 633 5751; x_wconf 79' lang='grc' dir='ltr'>ι).</span> <span class='ocrx_word' id='word_1_738' title='bbox 742 5734 756 5749; x_wconf 95' lang='grc'><strong>.</strong></span> 
     </span>
    </p>
   </div>
   <div class='ocr_carea' id='block_1_102' title="bbox 412 5712 756 5767">
    <p class='ocr_par' dir='ltr' id='par_1_102' title="bbox 412 5712 756 5767">
     <span class='ocr_line' id='line_1_107' title="bbox 412 5712 756 5767; baseline -0.003 -17"><span class='ocrx_word' id='word_1_739' title='bbox 412 5712 547 5762; x_wconf 78' lang='lat' dir='ltr'><strong>ram,</strong></span> <span class='ocrx_word' id='word_1_740' title='bbox 582 5713 633 5767; x_wconf 91' lang='lat' dir='ltr'><strong>p.</strong></span> <span class='ocrx_word' id='word_1_741' title='bbox 668 5712 756 5751; x_wconf 72' lang='grc' dir='ltr'>οδ.</span> 
     </span>
    </p>
   </div>
   <div class='ocr_carea' id='block_1_103' title="bbox 2092 4935 3657 5017">
    <p class='ocr_par' dir='ltr' id='par_1_103' title="bbox 2092 4935 3657 5017">
     <span class='ocr_line' id='line_1_108' title="bbox 2092 4935 3657 5017; baseline 0.009 -33"><span class='ocrx_word' id='word_1_742' title='bbox 2092 4936 2272 5017; x_wconf 67' lang='lat' dir='ltr'><strong>potius</strong></span> <span class='ocrx_word' id='word_1_743' title='bbox 2299 4935 2582 5017; x_wconf 64' lang='lat' dir='ltr'><strong>legendum</strong></span> <span class='ocrx_word' id='word_1_744' title='bbox 2610 4938 2790 5017; x_wconf 75' lang='lat' dir='ltr'><strong>_cpépov</strong></span> <span class='ocrx_word' id='word_1_745' title='bbox 2822 4955 2921 5009; x_wconf 87' lang='lat' dir='ltr'><strong>pro</strong></span> <span class='ocrx_word' id='word_1_746' title='bbox 2966 4940 3171 5017; x_wconf 76' lang='grc' dir='ltr'>φέρειν,</span> <span class='ocrx_word' id='word_1_747' title='bbox 3204 4948 3262 4995; x_wconf 88' lang='lat' dir='ltr'><strong>ut</strong></span> <span class='ocrx_word' id='word_1_748' title='bbox 3290 4935 3560 4997; x_wconf 66' lang='lat' dir='ltr'><strong>referatur</strong></span> <span class='ocrx_word' id='word_1_749' title='bbox 3592 4945 3657 5001; x_wconf 90' lang='lat' dir='ltr'><strong>ad</strong></span> 
     </span>
    </p>
   </div>
   <div class='ocr_carea' id='block_1_104' title="bbox 2090 5004 2744 5072">
    <p class='ocr_par' dir='ltr' id='par_1_104' title="bbox 2090 5004 2744 5072">
     <span class='ocr_line' id='line_1_109' title="bbox 2090 5004 2744 5072; baseline 0.009 -16"><span class='ocrx_word' id='word_1_750' title='bbox 2090 5004 2520 5072; x_wconf 81' lang='grc' dir='ltr'>θεμιστοκλέους</span> <span class='ocrx_word' id='word_1_751' title='bbox 2545 5004 2744 5072; x_wconf 76' lang='grc' dir='ltr'>τεῖχος.</span> 
     </span>
    </p>
   </div>
   <div class='ocr_carea' id='block_1_105' title="bbox 2164 5074 3657 5147">
    <p class='ocr_par' dir='ltr' id='par_1_105' title="bbox 2164 5074 3657 5147">
     <span class='ocr_line' id='line_1_110' title="bbox 2164 5074 3657 5147; baseline 0.005 -18"><span class='ocrx_word' id='word_1_752' title='bbox 2323 5078 2524 5131; x_wconf 78' lang='lat' dir='ltr'><strong>Contra</strong></span> <span class='ocrx_word' id='word_1_753' title='bbox 2584 5074 2814 5133; x_wconf 73' lang='lat' dir='ltr'><strong>Photius</strong></span> <span class='ocrx_word' id='word_1_754' title='bbox 2861 5079 2913 5133; x_wconf 89' lang='lat' dir='ltr'><strong>in</strong></span> <span class='ocrx_word' id='word_1_755' title='bbox 2981 5079 3338 5144; x_wconf 79' lang='lat' dir='ltr'><strong>Bibliotheca,</strong></span> <span class='ocrx_word' id='word_1_756' title='bbox 3400 5090 3533 5147; x_wconf 23' lang='lat' dir='ltr'><strong>art.‘</strong></span> <span class='ocrx_word' id='word_1_757' title='bbox 3565 5082 3657 5147; x_wconf 76' lang='lat'><strong>69,</strong></span> 
     </span>
    </p>
   </div>
   <div class='ocr_carea' id='block_1_106' title="bbox 2090 5144 3656 5219">
    <p class='ocr_par' dir='ltr' id='par_1_106' title="bbox 2090 5144 3656 5219">
     <span class='ocr_line' id='line_1_111' title="bbox 2090 5144 3656 5219; baseline 0.005 -24"><span class='ocrx_word' id='word_1_758' title='bbox 2090 5144 2306 5219; x_wconf 61' lang='lat' dir='ltr'><strong>p._I_04,</strong></span> <span class='ocrx_word' id='word_1_759' title='bbox 2350 5150 2565 5202; x_wconf 81' lang='lat' dir='ltr'><strong>nescire</strong></span> <span class='ocrx_word' id='word_1_760' title='bbox 2602 5165 2660 5203; x_wconf 89' lang='lat' dir='ltr'><strong>se</strong></span> <span class='ocrx_word' id='word_1_761' title='bbox 2696 5147 2851 5219; x_wconf 88' lang='lat' dir='ltr'><strong>dicit.</strong></span> <span class='ocrx_word' id='word_1_762' title='bbox 2914 5164 3012 5203; x_wconf 89' lang='lat' dir='ltr'><strong>cur</strong></span> <span class='ocrx_word' id='word_1_763' title='bbox 3059 5148 3362 5219; x_wconf 82' lang='lat' dir='ltr'><strong>Hesychius</strong></span> <span class='ocrx_word' id='word_1_764' title='bbox 3405 5144 3656 5214; x_wconf 79' lang='lat' dir='ltr'><strong>illustris,</strong></span> 
     </span>
    </p>
   </div>
   <div class='ocr_carea' id='block_1_107' title="bbox 2090 5215 3656 5290">
    <p class='ocr_par' dir='ltr' id='par_1_107' title="bbox 2090 5215 3656 5290">
     <span class='ocr_line' id='line_1_112' title="bbox 2090 5215 3656 5290; baseline 0.006 -24"><span class='ocrx_word' id='word_1_765' title='bbox 2090 5215 2182 5281; x_wconf 84' lang='lat' dir='ltr'><strong>qui</strong></span> <span class='ocrx_word' id='word_1_766' title='bbox 2212 5215 2265 5268; x_wconf 93' lang='lat' dir='ltr'><strong>in</strong></span> <span class='ocrx_word' id='word_1_767' title='bbox 2299 5226 2452 5271; x_wconf 81' lang='lat' dir='ltr'><strong>sexto</strong></span> <span class='ocrx_word' id='word_1_768' title='bbox 2473 5233 2585 5272; x_wconf 76' lang='lat' dir='ltr'><strong>sua:</strong></span> <span class='ocrx_word' id='word_1_769' title='bbox 2611 5218 2907 5288; x_wconf 83' lang='grc' dir='ltr'>καθολικῆς</span> <span class='ocrx_word' id='word_1_770' title='bbox 2932 5215 3191 5290; x_wconf 72' lang='grc' dir='ltr'>Ἱστορίας</span> <span class='ocrx_word' id='word_1_771' title='bbox 3225 5220 3360 5274; x_wconf 88' lang='lat' dir='ltr'><strong>libro</strong></span> <span class='ocrx_word' id='word_1_772' title='bbox 3383 5219 3656 5275; x_wconf 57' lang='lat' dir='ltr'><strong>Anastasii</strong></span> 
     </span>
    </p>
   </div>
   <div class='ocr_carea' id='block_1_108' title="bbox 2090 5290 3659 5351">
    <p class='ocr_par' dir='ltr' id='par_1_108' title="bbox 2090 5290 3659 5351">
     <span class='ocr_line' id='line_1_113' title="bbox 2090 5290 3659 5351; baseline 0.008 -18"><span class='ocrx_word' id='word_1_773' title='bbox 2090 5292 2240 5351; x_wconf 69' lang='lat' dir='ltr'><strong>gesta</strong></span> <span class='ocrx_word' id='word_1_774' title='bbox 2297 5296 2646 5351; x_wconf 82' lang='lat' dir='ltr'><strong>narraverat,</strong></span> <span class='ocrx_word' id='word_1_775' title='bbox 2695 5304 2817 5341; x_wconf 91' lang='lat' dir='ltr'><strong>eum</strong></span> <span class='ocrx_word' id='word_1_776' title='bbox 2870 5290 3057 5342; x_wconf 90' lang='lat' dir='ltr'><strong>multis</strong></span> <span class='ocrx_word' id='word_1_777' title='bbox 3105 5290 3229 5343; x_wconf 88' lang='lat' dir='ltr'><strong>aliis</strong></span> <span class='ocrx_word' id='word_1_778' title='bbox 3276 5290 3558 5344; x_wconf 80' lang='lat' dir='ltr'><strong>clementia</strong></span> <span class='ocrx_word' id='word_1_779' title='bbox 3604 5300 3659 5345; x_wconf 89' lang='lat' dir='ltr'><strong>et</strong></span> 
     </span>
    </p>
   </div>
   <div class='ocr_carea' id='block_1_109' title="bbox 2092 5353 3660 5429">
    <p class='ocr_par' dir='ltr' id='par_1_109' title="bbox 2092 5353 3660 5429">
     <span class='ocr_line' id='line_1_114' title="bbox 2092 5353 3660 5429; baseline 0.004 -22"><span class='ocrx_word' id='word_1_780' title='bbox 2092 5355 2427 5429; x_wconf 77' lang='lat' dir='ltr'><strong>benignitate</strong></span> <span class='ocrx_word' id='word_1_781' title='bbox 2456 5359 2776 5429; x_wconf 66' lang='lat' dir='ltr'><strong>praestitisse</strong></span> <span class='ocrx_word' id='word_1_782' title='bbox 2808 5359 3092 5426; x_wconf 88' lang='lat' dir='ltr'><strong>scripserit</strong></span> <span class='ocrx_word' id='word_1_783' title='bbox 3123 5374 3137 5410; x_wconf 88' lang='lat'>:</span> <span class='ocrx_word' id='word_1_784' title='bbox 3176 5360 3271 5411; x_wconf 86' lang='grc' dir='ltr'>Ὃν</span> <span class='ocrx_word' id='word_1_785' title='bbox 3295 5353 3447 5429; x_wconf 74' lang='grc' dir='ltr'>οὗτος</span> <span class='ocrx_word' id='word_1_786' title='bbox 3479 5361 3507 5411; x_wconf 82' lang='grc' dir='ltr'>ὁ</span> <span class='ocrx_word' id='word_1_787' title='bbox 3529 5377 3660 5429; x_wconf 81' lang='grc' dir='ltr'>συγ-</span> 
     </span>
    </p>
   </div>
   <div class='ocr_carea' id='block_1_110' title="bbox 2091 5424 3657 5498">
    <p class='ocr_par' dir='ltr' id='par_1_110' title="bbox 2091 5424 3657 5498">
     <span class='ocr_line' id='line_1_115' title="bbox 2091 5424 3657 5498; baseline 0.001 -17"><span class='ocrx_word' id='word_1_788' title='bbox 2091 5424 2336 5498; x_wconf 67' lang='grc' dir='ltr'>γραφεὺς</span> <span class='ocrx_word' id='word_1_789' title='bbox 2366 5424 2633 5498; x_wconf 77' lang='grc' dir='ltr'>πραότητί</span> <span class='ocrx_word' id='word_1_790' title='bbox 2661 5444 2726 5498; x_wconf 84' lang='grc' dir='ltr'><strong>τε</strong></span> <span class='ocrx_word' id='word_1_791' title='bbox 2741 5429 2837 5480; x_wconf 60' lang='grc' dir='ltr'><strong>καλ⁵</strong></span> <span class='ocrx_word' id='word_1_792' title='bbox 2877 5424 3194 5498; x_wconf 77' lang='grc' dir='ltr'>ἡμερότητι,</span> <span class='ocrx_word' id='word_1_793' title='bbox 3234 5429 3334 5481; x_wconf 74' lang='grc' dir='ltr'><strong>οὐκ</strong></span> <span class='ocrx_word' id='word_1_794' title='bbox 3361 5424 3456 5480; x_wconf 75' lang='grc' dir='ltr'>οἷδ’</span> <span class='ocrx_word' id='word_1_795' title='bbox 3485 5424 3657 5494; x_wconf 80' lang='grc' dir='ltr'>ὅπως,</span> 
     </span>
    </p>
   </div>
   <div class='ocr_carea' id='block_1_111' title="bbox 2094 5494 3661 5571">
    <p class='ocr_par' dir='ltr' id='par_1_111' title="bbox 2094 5494 3661 5571">
     <span class='ocr_line' id='line_1_116' title="bbox 2094 5494 3661 5571; baseline 0.004 -26"><span class='ocrx_word' id='word_1_796' title='bbox 2094 5494 2304 5548; x_wconf 82' lang='grc' dir='ltr'>πολλῶν</span> <span class='ocrx_word' id='word_1_797' title='bbox 2324 5494 3006 5571; x_wconf 11' lang='grc' dir='ltr'>ἀποσεμνύνειῄδιενεγκείν</span> <span class='ocrx_word' id='word_1_798' title='bbox 3027 5514 3039 5526; x_wconf 85' lang='lat'>&#39;</span> <span class='ocrx_word' id='word_1_799' title='bbox 3071 5494 3214 5571; x_wconf 76' lang='lat' dir='ltr'><strong>quod</strong></span> <span class='ocrx_word' id='word_1_800' title='bbox 3242 5498 3458 5571; x_wconf 85' lang='lat' dir='ltr'><strong>quidem</strong></span> <span class='ocrx_word' id='word_1_801' title='bbox 3483 5499 3661 5571; x_wconf 79' lang='lat' dir='ltr'><strong>Chry-</strong></span> 
     </span>
    </p>
   </div>
   <div class='ocr_carea' id='block_1_112' title="bbox 2093 5566 3659 5688">
    <p class='ocr_par' dir='ltr' id='par_1_112' title="bbox 2093 5566 3659 5688">
     <span class='ocr_line' id='line_1_117' title="bbox 2093 5566 3659 5688; baseline 0.005 -71"><span class='ocrx_word' id='word_1_802' title='bbox 2093 5580 2328 5688; x_wconf 48' lang='lat' dir='ltr'><strong>gargyuro</strong></span> <span class='ocrx_word' id='word_1_803' title='bbox 2376 5566 2591 5623; x_wconf 80' lang='lat' dir='ltr'><strong>sublato</strong></span> <span class='ocrx_word' id='word_1_804' title='bbox 2647 5567 2994 5624; x_wconf 84' lang='lat' dir='ltr'><strong>tribuendum</strong></span> <span class='ocrx_word' id='word_1_805' title='bbox 3061 5566 3375 5638; x_wconf 77' lang='lat' dir='ltr'><strong>suspicatur</strong></span> <span class='ocrx_word' id='word_1_806' title='bbox 3412 5566 3659 5625; x_wconf 76' lang='lat' dir='ltr'><strong>Andreas</strong></span> 
     </span>
     <span class='ocr_line' id='line_1_118' title="bbox 2133 5651 2373 5688; baseline 0 0"><span class='ocrx_word' id='word_1_807' title='bbox 2133 5651 2236 5688; x_wconf 74' lang='lat' dir='ltr'><strong>cio</strong></span> <span class='ocrx_word' id='word_1_808' title='bbox 2289 5651 2373 5688; x_wconf 87' lang='lat' dir='ltr'><strong>us.</strong></span> 
     </span>
    </p>
   </div>
   <div class='ocr_carea' id='block_1_113' title="bbox 2133 5643 2373 5690">
    <p class='ocr_par' dir='ltr' id='par_1_113' title="bbox 2133 5643 2373 5690">
     <span class='ocr_line' id='line_1_119' title="bbox 2133 5643 2373 5690; baseline 0.008 -2"><span class='ocrx_word' id='word_1_809' title='bbox 2133 5643 2373 5690; x_wconf 87' lang='lat' dir='ltr'><strong>chottus.</strong></span> 
     </span>
    </p>
   </div>
  </div>
