4034 6246
400 370 544 433 ἱθῗίῖῑ

1725 363 2075 453 ΙἮΟΟΟΙξΙί
2116 362 2357 422 (ΞΛΖᾸΞΙ

3501 354 3641 420 2824

404 481 551 536 {erro
579 488 636 536 et
663 479 815 535 bellis
843 480 1066 545 invasit,
1093 495 1298 552 eosque
1345 480 1413 537 ad
1453 482 1769 538 servitutem
1798 492 1851 537 et
1892 483 1965 536 Ie-

2085 476 2372 547 ςαῦτα(64)
2410 475 2614 547 σιδήρῳ
2649 474 2738 528 καὶ
2775 473 2975 545 μάχαις
3002 472 3161 545 ἐπῄει
3191 474 3317 538 τοὺς
3362 470 3463 543 τῆς
3489 473 3644 526 ἐλευ-

405 586 500 641 ges
538 571 782 625 insuetas
815 571 997 641 adegit
1028 591 1041 625 :
1091 573 1273 642 itaque
1316 588 1413 643 per
1456 574 1740 627 victoriam
1769 572 1846 649 de
1870 587 1968 627 ne.

405 664 665 718 cessariis
692 663 874 718 Asiam
911 664 1167 719 obtinuit.
1210 664 1290 719 Tu
1315 679 1464 729 vero,
1497 665 1645 720 nulla
1674 665 1971 735 cupiditate

407 756 501 809 sed
531 753 698 822 justis
728 752 1000 823 sullragiis
1051 753 1116 806 ad
1172 752 1464 824 imperium
1515 764 1757 818 evectus,
1811 754 1972 809 nobis

408 842 662 897 omnibus
694 840 833 896 idem
861 839 1036 894 factus
1063 856 1146 903 es,
1183 840 1331 911 quod
1369 841 1549 912 Cyrus
1578 842 1712 897 solis
1747 840 1926 898 Persis
1954 861 1966 897 :

410 944 524 989 tum
557 945 688 986 vero
717 940 906 985 contra
936 946 1099 1000 quam
1143 929 1255 999 ille,
1289 933 1572 989 consuetis
1607 933 1826 988 tributis
1872 948 1974 989 nos

411 1024 679 1081 liberasti.
719 1023 781 1076 Et
813 1037 958 1077 nunc
985 1023 1208 1092 quidem
1265 1038 1330 1078 ea
1380 1024 1541 1078 unice
1599 1023 1824 1079 libertas
1849 1038 1976 1078 esse

411 1116 667 1171 omnibus
695 1113 936 1183 videtur,
982 1115 1081 1169 tibi
1116 1122 1308 1184 sponte
1339 1115 1562 1171 obedire
1586 1123 1640 1171 et
1668 1116 1775 1171 tuis
1801 1115 1975 1185 jussis

411 1209 813 1276 obtemperare.
1460 1257 1469 1265 .

484 1292 672 1349 XXVI.
712 1294 1023 1365 Agesilaum
1075 1294 1330 1363 Spartani
1383 1294 1665 1350 celebrant
1708 1304 1762 1349 et
1808 1295 1876 1349 de
1913 1311 1979 1351 eo

414 1383 705 1452 magniﬁce
745 1383 1007 1439 sentiunt.
1042 1383 1110 1437 Et
1139 1398 1239 1454 ego
1264 1398 1482 1454 quoque
1504 1398 1629 1437 cum
1660 1383 1769 1438 illis
1798 1383 1978 1455 ipsum

416 1472 583 1543 diligo
609 1482 664 1526 et
698 1471 947 1526 admiror
984 1488 1152 1526 unum
1194 1489 1260 1527 ex
1299 1473 1578 1536 omnibus,
1614 1473 1708 1543 qui
1742 1488 1980 1543 unquam

420 1562 630 1631 Spartae
672 1570 1005 1633 regnarunt;
1058 1573 1346 1632 propterea
1394 1563 1561 1632 quod,
1608 1578 1730 1617 cum
1791 1578 1984 1633 parere

423 1652 715 1718 didicerat,
762 1652 830 1707 ad
888 1654 1176 1723 imperium
1228 1653 1483 1708 accessit.
1533 1650 1985 1722 Conspiciebatur

424 1743 480 1797 in
521 1743 615 1796 illo
653 1742 736 1796 vir
772 1743 972 1807 bonus,
1007 1743 1233 1812 spiritus
1283 1743 1489 1800 ducens
1528 1741 1851 1810 Laconicus,
1890 1745 1983 1814 qui

2072 562 2257 635 θερίας
2285 562 2548 633 ἐρῶντας,
2579 564 2659 625 είς
2704 561 2946 614 δουλείαν
2992 561 3141 629 ἄγων
3185 562 3280 614 καὶ
3316 560 3514 631 νόμους
3543 562 3648 631 ἀή-

2073 653 2186 717 θεις
2206 669 2222 685 θ
2254 657 2362 709 κάκ
2386 654 2496 708 τῶν
2524 653 2910 724 προσηκόντων
2939 654 3239 722 ἀνεδήσατο
3282 654 3381 723 τὴν
3425 652 3612 706 ⁹Ασίαν
3630 670 3645 684 ο

2075 746 2139 798 σὺ
2173 746 2230 798 δὲ
2259 744 2421 816 ἔρωτι
2482 746 2582 816 μὲν
2629 745 2825 810 οὐδενὶ,
2857 744 3022 816 ψήφῳ
3048 745 3105 798 δὲ
3129 745 3315 815 δικαίᾳ
3351 743 3449 814 τὴν
3496 743 3651 814 βασι-

2073 834 2222 890 λείαν
2251 835 2561 903 ἀπολαϐὼν,
2592 836 2823 905 γέγονας
2869 837 3001 906 ἡμῖν
3032 836 3259 900 ἆπασιν,
3299 836 3435 905 ὅπερ
3469 834 3652 905 μόνοις

2073 930 2186 989 τοῖς
2215 928 2451 999 Πέρσαις
2477 929 2505 980 ό
2538 927 2718 997 Κῦρος
2738 943 2754 958 ’
2808 928 2902 980 καὶ
2936 926 3071 996 πρὸς
3101 926 3410 980 τούναντίον
3459 926 3654 995 ἐκείνῳ

2074 1018 2182 1072 τῶν
2220 1019 2463 1100 συνήθων
2488 1018 2666 1090 φόρων
2693 1017 3004 1082 ἀπαλλάξας
3024 1018 3263 1088 (65-66).
3287 1017 3397 1073 Καὶ
3417 1015 3511 1070 νῦν
3554 1016 3654 1086 μία

2076 1105 2225 1159 δοκεῖ
2250 1108 2415 1160 πᾶσιν
2441 1105 2720 1178 ἐλευθερία
2751 1107 2811 1161 τὸ
2837 1106 2944 1160 ὑπὸ
2974 1106 3059 1159 σο)⁸
3092 1106 3264 1160 τελεῖν
3297 1106 3654 1169 ἐκόντας,κα“ι

2079 1196 2441 1267 φιλανθρώπῳ
2470 1196 2751 1250 πείθεσθαι
2785 1195 3035 1266 νεύματι.

2148 1287 2293 1354 KG’.
2321 1288 2423 1340 Τὸν
2469 1285 2788 1357 Ἀγησίλαον
2817 1286 3077 1355 ὑμνοῦσιν
3097 1288 3145 1339 οἱ
3177 1286 3538 1355 Σπαρτιᾶται,
3559 1288 3654 1339 καὶ

2083 1378 2269 1448 σεμνοί
2296 1377 2407 1450 (67)
2441 1378 2582 1441 τινές
2612 1379 2750 1431 εἰσιν
2779 1378 2867 1430 ἐπ’
2897 1378 3089 1447 ἐκείνῳ
3118 1377 3439 1448 φρονοῦντες
3457 1374 3655 1443 ’,κάγὼ

2081 1468 2137 1522 δὲ
2162 1470 2281 1536 μετ’
2315 1469 2536 1521 ἐκείνων
2569 1468 2803 1538 ἐραστής
2834 1469 2970 1537 είμι,
3003 1466 3096 1520 καὶ
3138 1466 3458 1534 τεθαύμακα
3495 1464 3655 1534 μόνον

2081 1562 2192 1615 τῶν
2224 1561 2442 1615 πώποτε
2493 1563 2748 1633 Σπάρτης
2807 1559 3072 1630 βασιλέων
3115 1557 3378 1630 ἄρχεσθαι
3440 1558 3656 1627 πρῶτον

2085 1652 2262 1714 καλῶς
2292 1652 2589 1720 ἐγνωκότα,
2622 1653 2714 1707 καὶ
2743 1652 2887 1704 οὕτω
2918 1651 3015 1721 τὴν
3057 1649 3230 1723 ἀρχὴν
3266 1649 3654 1719 κομισάμενον.

2084 1737 2194 1796 Ἦν
2223 1744 2331 1812 γὰρ
2354 1742 2482 1796 ίδεῖν
2513 1743 2714 1810 ἀγαθὸν
2737 1743 2923 1813 ἄνδρα,
2954 1742 3048 1794 κα)⁷
3077 1741 3306 1794 πνέοντά
3326 1757 3378 1792 τι
3407 1740 3657 1793 Λακωνι-

420 1833 685 1888 barbaros
726 1834 986 1889 docuerat
1041 1836 1282 1889 modeste
1329 1850 1488 1906 agere
1532 1843 1586 1891 et
1628 1850 1983 1907 cognoscere,

2087 1836 2203 1900 κον,
2234 1836 2332 1890 καὶ
2361 1837 2484 1898 τοὺς
2527 1836 2835 1907 βαρϐάρους
2863 1835 3188 1888 παιδεύοντα
3210 1835 3527 1905 σωφρονεῖν,
3567 1833 3658 1885 καὶ

421 1940 542 1995 quae
565 1933 711 1981 esset
738 1924 963 1981 Graeciae
985 1925 1217 1980 indoles.
1248 1925 1418 1980 Porro
1444 1926 1535 1980 ille
1556 1927 1700 1997 quod
1728 1927 1782 1982 in
1808 1928 1985 1997 patria

421 2016 737 2070 morbosum
801 2023 855 2070 et
917 2015 1236 2070 seditiosum
1296 2026 1442 2070 esset
1508 2017 1881 2085 compescuit,
1932 2027 1984 2072 et

423 2105 677 2174 Spartam
734 2104 983 2160 consiliis
1037 2104 1106 2160 ad
1159 2103 1507 2160 concordiam
1558 2103 1807 2161 adduxit.
1864 2103 1983 2159 Jam

424 2211 552 2251 vero
597 2196 881 2267 superbire
915 2196 1201 2267 Spartanis
1250 2209 1362 2250 non
1406 2196 1549 2250 ultra
1599 2196 1981 2262 concedcmus,

423 2300 546 2340 cum
582 2302 782 2343 novum
822 2286 1122 2341 habeamus
1149 2285 1488 2357 Agesilaum,
1522 2301 1618 2356 per
1654 2301 1815 2356 quem
1858 2286 1984 2341 bar-

423 2376 589 2432 barus
622 2392 891 2447 suspenso
923 2379 1115 2450 clypeo
1140 2378 1392 2448 quiescit,
1422 2384 1476 2431 et
1515 2390 1702 2446 pacem
1733 2377 1986 2447 quamvis

424 2467 687 2534 ingratam
718 2466 1088 2537 amplectitur,
1126 2465 1392 2536 quidquid
1437 2479 1568 2519 vero
1601 2465 1831 2534 imperio
1868 2473 1985 2520 tur-

424 2558 605 2609 hatum
636 2566 752 2612 erat
781 2556 846 2610 ad
878 2558 1291 2626 temperantiam
1323 2565 1377 2611 et
1407 2555 1705 2626 legitimum
1737 2558 1985 2612 ordinem

425 2653 734 2700 revocatum
763 2657 868 2701 est.
899 2642 1104 2699 Verum
1137 2645 1280 2700 enim
1314 2644 1507 2700 anticis
1538 2646 1740 2715 injuste
1772 2644 1984 2712 adesse,

424 2751 488 2791 ac
527 2746 722 2806 prmter
767 2734 852 2791 Ias
898 2736 1091 2790 honori
1137 2736 1363 2801 servire,
1393 2735 1534 2789 unde
1577 2743 1707 2788 tunc
1750 2736 1986 2804 primum

424 2825 663 2880 hostium
688 2827 841 2896 ignes
869 2824 1061 2897 Sparta
1091 2825 1247 2891 vidit,
1269 2824 1566 2894 ﬂoremque
1592 2824 1733 2895 apud
1755 2822 1987 2899 Leuctra

425 2918 627 2980 amisit,
666 2916 781 2970 haec
827 2918 1088 2988 antiquus
1143 2918 1235 2971 ille
1279 2916 1567 2986 Agesilaus
1613 2916 1717 2971 sibi
1768 2915 1985 2982 habeto,

425 3025 526 3066 nos
561 3009 627 3064 ab
666 3010 788 3064 istis
828 3011 987 3081 longe
1022 3009 1214 3065 remoti
1248 3024 1461 3065 sumus.

2084 1925 2373 1979 πεπεῖσθαι
2406 1926 2607 1993 καλῶς,
2640 1929 2763 1980 ὅσον
2799 1921 2868 1997 ἦν
2894 1926 3001 1996 ἄρα
3030 1926 3222 1995 χρῆμα
3257 1925 3353 1994 τῆς
3409 1924 3659 1986 Ἐλλάδῖς

2082 2019 2115 2089 ἡ
2146 2017 2325 2086 φύσις.
2354 2018 2494 2086 ’[Ιδη
2527 2017 2584 2069 δὲ
2606 2017 2699 2070 καὶ
2725 2016 2825 2085 τῆς
2857 2016 3115 2087 πατρίδος
3146 2016 3207 2068 τὸ
3238 2015 3428 2069 νοσοῦν
3456 2032 3516 2067 τε
3565 2016 3658 2068 καὶ

2085 2106 2373 2171 στασιάζον
2400 2108 2735 2172 κατέπαυσε,
2775 2110 2868 2161 καὶ
2898 2107 3027 2177 μίαν
3056 2106 3154 2176 τὴν
3197 2107 3454 2178 Σπάρτην
3482 2106 3657 2158 ἑποίει

2083 2200 2203 2261 ταῖς
2251 2196 2512 2268 γνώμαις.
2579 2197 2737 2252 Ἀλλά
2786 2198 2947 2269 μέχρι
3003 2197 3208 2251 τούτων
3254 2198 3472 2266 φρονεῖν
3500 2198 3659 2250 οὐδὲν

2032 2340 2035 2341 ,
2084 2289 2243 2341 πλέον
2273 2289 2633 2359 ἐπιτρέψομεν
2662 2292 2772 2351 ταῖς
2805 2289 3192 2359 Σπαρτιάταις,
3233 2288 3324 2341 τὸν
3366 2288 3483 2341 νέον
3510 2288 3659 2358 ἔχον-

2084 2398 2175 2443 τες
2220 2380 2561 2450 Ἀγησίλαον,
2586 2380 2652 2432 δι’
2680 2380 2738 2433 ὃν
2764 2378 3037 2453 βάρϐαρος
3069 2380 3288 2449 ἠρεμεῖ,
3333 2380 3432 2448 τὴν
3457 2378 3658 2432 ἀσπίδα

2087 2471 2391 2542 κρεμάσας,
2436 2471 2531 2523 καὶ
2562 2470 2662 2541 τὴν
2690 2472 2933 2541 εἰρήνην,
2987 2469 3162 2522 καίτοι
3200 2469 3274 2538 μὴ
3304 2468 3463 2539 φίλην
3494 2465 3659 2523 οὖσαν

2089 2560 2426 2626 ἀσπάζεται·
2454 2562 2553 2629 τῆς
2591 2556 2766 2632 ἀρχῆς
2791 2561 2849 2614 δὲ
2881 2563 3005 2614 ὅσον
3046 2560 3280 2614 ἄτακτον
3329 2561 3408 2624 είς
3444 2578 3660 2633 σωφροοο

2085 2655 2309 2718 νοῦντας
2339 2652 2761 2725 μεταϐέϐληται,
2808 2657 2903 2706 καὶ
2938 2653 3123 2723 φέρειν
3168 2651 3399 2723 ἔννομον
3452 2652 3659 2716 εἰδότας

2086 2744 2280 2814 ἀρχὴν.
2314 2742 2387 2795 Τὸ
2431 2741 2487 2795 δὲ
2536 2745 2648 2804 τοῖς
2695 2741 2869 2811 φίλοις
2927 2741 3127 2803 ἀδίκως
3158 2740 3532 2811 παρίστασθαι
3566 2744 3661 2796 καὶ

2087 2834 2239 2903 παρὰ
2264 2832 2323 2886 τὸ
2344 2832 2460 2886 δέον
2483 2832 2824 2902 φιλονεικεῖν,
2848 2830 2916 2886 δι’
2943 2831 2971 2886 ὃ
2996 2832 3088 2885 καὶ
3113 2832 3223 2903 πῦρ
3248 2850 3377 2887 ποτε
3404 2833 3660 2904 πολέμιον

2086 2928 2207 2981 τότε
2240 2927 2457 3000 πρῶτον
2486 2923 2625 2981 εῐδεν
2650 2930 2681 2997 ἡ
2706 2929 2951 2998 Σπάρτη,
2985 2927 3077 2980 καὶ
3125 2928 3186 2981 τὸ
3242 2927 3399 2992 ἄνθος
3431 2931 3488 2982 ἐν
3519 2930 3661 2983 Λεύ-

2089 3037 2275 3092 κτροις
2297 3020 2557 3085 ἀπέϐαλε,
2587 3019 2762 3074 ταῦτα
2806 3018 2862 3073 δὲ
2904 3019 3226 3091 Ἀγησίλαος
3260 3022 3289 3075 ό
3318 3020 3509 3092 πρώην
3548 3021 3660 3093 (68)

2037 3166 2059 3186 π
2090 3113 2278 3182 ἐχέτω,
2308 3111 2495 3182 τιόρρω
2517 3111 2582 3182 δὴ
2608 3113 2651 3146 ³⁸
2685 3110 2887 3164 τούτων
2909 3112 3096 3181 ἡμεῖς.

497 3191 710 3249 XXVII.
748 3191 885 3249 Cum
938 3207 1070 3249 vero
1117 3192 1360 3248 audirem
1411 3191 1817 3256 Alexandrum,
1861 3191 1984 3247 Phi-

2120 3168 2287 3258 "KZ".
2320 3168 2665 3273 Ἀλέξανδρον
2690 3202 2746 3256 δὲ
2767 3201 2855 3255 τὸν
2878 3168 3148 3255 esse.
3184 3200 3486 3271 πυθόμενος
3504 3201 3662 3268 ἀξίαν

427 3284 560 3355 lippi
593 3285 785 3350 lilium,
818 3284 1060 3339 animum
1104 3291 1256 3338 tanto
1296 3285 1526 3354 imperio
1564 3284 1789 3354 dignum
1838 3285 1990 3339 exhi-

426 3380 633 3444 buisse,
670 3394 795 3433 cum
835 3394 1054 3433 manum
1102 3378 1336 3434 subditis
1383 3381 1684 3450 porrigeret
1723 3394 1859 3435 auro
1899 3396 1987 3435 rc-

425 3471 781 3536 dundnnletn,
805 3480 858 3526 et
885 3472 1255 3543 voluptatibus
1282 3473 1528 3542 corporis
1548 3470 1990 3543 imperaret,imo

428 3577 557 3619 vero
590 3563 773 3619 divina
804 3573 997 3618 natura
1031 3565 1320 3635 praeditum
1357 3563 1549 3631 fuisse,
1579 3575 1739 3619 antea
1770 3565 1989 3635 quidem

426 3653 743 3709 incredulus
796 3654 1036 3708 fabulam
1093 3657 1207 3709 hazc
1264 3669 1386 3711 esse
1444 3663 1650 3717 temere
1703 3655 1990 3712 conﬁctam

429 3747 709 3814 putabam.
759 3745 916 3800 Nunc
961 3761 1091 3800 vero
1129 3755 1387 3816 expertus
1435 3746 1591 3801 video
1641 3762 1763 3817 qua:
1811 3748 1992 3803 verbis

430 3836 626 3889 tradita
658 3834 918 3909 mirabar.
952 3833 1044 3890 Sic
1073 3834 1141 3890 de
1173 3836 1266 3890 illo
1303 3836 1481 3893 sentio
1519 3854 1533 3892 :
1566 3836 1834 3908 siquidem
1868 3837 1992 3892 talis

426 3939 563 3995 crat,
598 3920 816 3999 'qualom
862 3935 915 3984 te
961 3944 1060 3986 usu
1114 3939 1453 4000 compertum
1496 3928 1781 3995 habemus,
1828 3928 1993 3986 credo

426 4034 554 4072 eum
599 4018 856 4074 omnibus
902 4020 1248 4089 excelluisse,
1286 4029 1342 4076 et
1384 4019 1533 4077 Jovis
1583 4020 1754 4078 fuisse
1799 4022 1991 4089 illium,

429 4125 494 4165 ac
522 4109 831 4180 Philippum
869 4110 1177 4182 deceptum.

501 4198 736 4255 XXVlll.
778 4200 955 4273 Atque
986 4205 1067 4260 sic
1094 4204 1255 4271 nobis
1295 4204 1633 4276 processisti,
1661 4219 1852 4261 omnes
1889 4205 1994 4259 mi~

430 4291 623 4346 raculo
650 4292 953 4349 occultans.
1000 4292 1145 4349 lhnc
1188 4294 1350 4350 urbes
1392 4305 1596 4350 nostrae
1637 4294 1824 4351 felices
1861 4302 1997 4350 cho-

431 4379 541 4433 reis
578 4386 632 4435 et
664 4380 806 4437 ludis
842 4393 1054 4439 vacant.
1111 4382 1226 4438 Pax
1280 4385 1426 4440 enim
1474 4385 1531 4440 in
1584 4389 1748 4441 rebus
1792 4386 1995 4441 nostris

2091 3297 2316 3365 γνώμην
2348 3295 2445 3365 τῆς
2467 3293 2723 3365 τοιαύτης
2751 3295 3083 3364 παρέχεσθαι
3115 3292 3410 3364 βασιλείας,
3436 3294 3662 3363 χρυσίου

2094 3388 2318 3457 ῥέουσαν
2350 3387 2703 3456 προτείνοντα
2733 3388 2891 3457 χεῖρα
2946 3388 3058 3451 τοῖς
3095 3388 3379 3456 ὑπηκόοις,
3413 3386 3507 3440 καὶ
3555 3385 3665 3439 τῶν

2091 3476 2184 3529 τοῦ
2216 3475 2465 3547 σώματος
2495 3474 2699 3547 ἡδονῶν
2715 3475 3045 3546 κρατοῦντα,
3079 3475 3178 3545 ἤδη
3210 3474 3266 3528 δὲ
3298 3474 3393 3527 καὶ
3424 3473 3666 3544 κρείττο-

2093 3583 2181 3629 νος
2216 3565 2325 3633 (69)
2348 3563 2601 3633 γενέσθαι
2641 3562 2876 3632 φύσεως,
2910 3562 3105 3634 πρώην
3130 3563 3231 3633 μὲν
3253 3562 3540 3633 ἠπίστουν,
3572 3564 3666 3616 καὶ

2097 3656 2264 3727 μῦθος
2289 3656 2460 3719 ἄλλως
2486 3655 2598 3725 (70)
2630 3653 2804 3708 ἐδόκει
2827 3672 2916 3727 μοι
2943 3653 3100 3708 τοῦτο
3129 3654 3222 3708 καὶ
3273 3654 3517 3726 πλάσμα.
3551 3654 3666 3708 Νῦν

2092 3748 2149 3801 δὲ
2168 3750 2279 3811 τοῖς
2309 3746 2490 3818 ἔργοις
2518 3746 2651 3817 ὁρῶ,
2672 3745 2708 3799 δι
2736 3749 2848 3807 τοῖς
2869 3745 3048 3813 λόγοις
3079 3745 3296 3799 ἀκούων
3328 3746 3662 3816 ἐθαύμαζον.

2094 3837 2356 3892 Τοσοῦτον
2382 3837 2493 3907 (71)
2524 3837 2652 3906 περὶ
2677 3835 2868 3889 τούτου
2908 3833 3160 3904 γινώσκω
3185 3851 3199 3866 ·
3229 3838 3277 3889 εί
3317 3835 3556 3899 τοιοῦτος
3599 3831 3668 3906 ἦν

2095 3932 2273 3983 ἐκεῖνο
2284 3945 2332 3992 ς,
2358 3923 2468 3991 οἷος
2483 3929 2617 3998 ἡμῖν
2635 3926 2795 3990 αὐτὸς
2814 3925 3082 3999 προῆλθες
3104 3928 3170 3997 τῇ
3195 3926 3383 3997 πείρᾳ,
3408 3926 3668 3994 πείθομαι

2093 4020 2285 4075 τοῦτον
2319 4022 2432 4082 τοῖς
2468 4019 2602 4072 πᾶσι
2628 4017 3000 4087 νενικηκέναι,
3032 4018 3126 4071 καὶ
3158 4019 3278 4080 Διὸς
3312 4012 3451 4070 εἶναι
3480 4017 3664 4083 παῖδα,

2096 4113 2192 4168 καὶ
2219 4111 2484 4166 Φίλιππον
2513 4109 2852 4181 ὴπατῆσθαι.

2165 4203 2302 4258 KH’.
2333 4201 2446 4257 Καὶ
2467 4200 2639 4264 οῦτως
2669 4200 2802 4271 ἡμῖν
2832 4197 3101 4272 προῆλθες
3121 4240 3138 4260 .
3178 4198 3384 4264 πάντας
3427 4198 3669 4271 ἀποκρύ-

2098 4312 2247 4349 πτων
2271 4293 2347 4365 τῷ
2389 4292 2649 4363 θαύματι.
2683 4289 2846 4345 Ὅθεν
2868 4291 3000 4362 ἡμῖν
3027 4291 3083 4344 αί
3119 4290 3302 4352 πόλεις
3328 4289 3667 4362 εὐδαίμονες,

2096 4387 2277 4458 χοροῖς
2334 4381 2712 4455 μεμελημέναι
2765 4382 2861 4436 καὶ
2892 4380 3295 4453 πανηγύρεσιν·
3331 4382 3522 4453 εἰρήνη
3559 4379 3669 4453 γὰρ

431 4469 605 4536 lloret,
640 4470 785 4527 Mars
821 4481 877 4528 et
923 4475 1122 4529 seditio
1165 4478 1357 4545 procul
1395 4492 1427 4530 a
1468 4478 1628 4533 nobis
1663 4477 1806 4546 pulsi
1844 4484 1984 4542 sunt,

2102 4480 2232 4547 ἡμῖν
2257 4479 2371 4539 τοῖς
2406 4476 2726 4545 πράγμασιν
2758 4472 3016 4527 ἐπανθεῖ·
3058 4472 3230 4544 Ἀρης
3258 4472 3315 4525 δὲ
3357 4475 3451 4526 καὶ
3483 4472 3670 4536 στάσις

432 4569 764 4617 mercatores
810 4565 991 4619 securi
1042 4581 1139 4636 per
1181 4581 1333 4621 mare
1375 4569 1631 4638 navigant
1665 4586 1680 4622 :
1712 4567 1830 4622 laeta
1870 4582 1994 4621 cum

431 4666 527 4719 spe
571 4666 699 4723 ager
727 4655 966 4721 colitur;
1007 4670 1073 4709 ac
1099 4655 1253 4725 galea
1296 4671 1420 4710 cum
1456 4657 1610 4713 hasta
1643 4667 1698 4713 et
1727 4656 1908 4728 gladio
1939 4656 1994 4709 in

432 4752 613 4796 aratra
650 4754 703 4799 et
732 4753 887 4815 grata
918 4752 1124 4799 mutata
1155 4753 1285 4801 sunt
1313 4747 1530 4800 nomina
1562 4763 1577 4800 :

498 4912 746 4971 Mulieres
778 4934 896 4973 vero
937 4919 1260 4989 genitoribus
1295 4920 1492 4976 similes
1522 4924 1736 4991 pariunt
1763 4936 1937 4982 natos.

2104 4570 2291 4641 πόρρω
2312 4568 2421 4622 τῶν
2472 4568 2759 4641 ἡμετέρων
2815 4567 3111 4622 πλανᾶται.
3157 4566 3375 4619 Πλεῖται
3434 4566 3533 4635 μὲν
3563 4568 3671 4629 τοῖς

2102 4661 2368 4731 ἐμπόροις
2392 4659 2688 4724 ἀκινδύνως
2710 4660 2745 4731 ἡ
2776 4658 3018 4713 θάλαττα
3042 4674 3055 4688 ο
3090 4657 3185 4710 ἐπὶ
3221 4657 3277 4712 δὲ
3323 4655 3552 4725 κούφαις
3586 4658 3675 4709 έλ-

2105 4737 2304 4823 πίσινῆ
2334 4752 2406 4822 γῆ
2425 4753 2749 4822 γεωργεῖται
2773 4767 2787 4780 ·
2816 4749 3012 4821 κράνος
3040 4748 3097 4801 δὲ
3132 4749 3227 4801 καὶ
3253 4748 3378 4819 δόρυ
3405 4748 3498 4800 καὶ
3523 4747 3674 4819 ξίφος

2102 4846 2182 4906 εἰς
2206 4843 2416 4914 ἄροτρα
2446 4842 2878 4913 μετεσκεύασται
2910 4841 3004 4894 καὶ
3049 4839 3207 4909 φίλας
3242 4839 3606 4911 προσηγορίας
3628 4856 3643 4872 ⁸

2151 4936 2428 4990 Τικτουσι
2463 4933 2533 4987 δὲ
2576 4932 2854 5005 γυναῖκες
2882 4930 3117 4986 ἐοικότα
3159 4931 3341 4988 τέκνα
3370 4931 3631 5001 γονεῦσι.

1681 5106 1915 5166 VARIA:
1966 5110 2368 5168 LECTIONES.

507 5187 549 5220 ³⁸
574 5190 637 5263 δὴ
669 5191 815 5261 conj.
847 5190 1053 5263 Scliop.

1577 5314 1800 5370 ANSSll
1830 5314 2259 5374 VILLOISONIS
2284 5318 2522 5379 ΝΟΤΑΞ.

505 5406 617 5478 (ϐτί)
644 5404 805 5478 Forte
834 5408 968 5478 μετὰ
990 5408 1178 5462 ταῦτα.

502 5475 707 5614 ἓϋό-ϋϋ)
740 5475 845 5531 ΙΙὶιξ
874 5480 1085 5532 mallent
1116 5478 1450 5548 ἁπήλλαξας.

527 5545 614 5611 67)
646 5545 785 5614 Lege
814 5551 1028 5614 σεμνόν,
1061 5551 1204 5614 quod
1251 5552 1450 5604 rcl'crtu

527 5545 614 5611 67)
646 5545 785 5620 Lege
814 5551 1028 5620 σεμνόν,
1061 5545 1225 5619 (μιοά
1251 5552 1488 5604 τρίὐηυν
1523 5548 1586 5604 ai
1632 5549 1955 5620 φρονοῦντες
1985 5570 1999 5606 :

436 5622 495 5669 ut
524 5630 684 5693 supra
718 5618 1102 5693 ιᾼύσανδρος,
1139 5622 1187 5671 εἰ
1232 5621 1325 5672 καὶ
1369 5618 1712 5693 Σπαρτιάτης
1759 5618 1861 5693 ἦν,
1906 5622 2003 5675 καὶ

437 5700 494 5739 σε
503 5684 632 5757 μνον
649 5688 726 5757 se
734 5688 894 5757 ρόνει.

509 5756 619 5826 t63)
647 5755 781 5811 Male
809 5760 860 5813 in
885 5759 1004 5814 cod.
1035 5759 1209 5830 πρῶν.

2181 5416 2652 5492 (θῶ-κρείττονος.
2690 5420 2869 5492 Supra
2913 5422 3205 5477 humanam
3244 5433 3492 5478 naturam
3517 5426 3677 5492 posi-

2107 5487 2420 5610 tfrdivinw.
2467 5488 2678 5546 Passim
2733 5487 2796 5545 τὸ
2839 5495 3087 5565 κρεῖττον
3134 5510 3233 5566 pro
3267 5498 3493 5551 numine
3526 5487 3680 5551 ἰιιοὶ-

2179 5627 2290 5696 (70)
2325 5626 2380 5682 In
2409 5630 2533 5685 cod.
2568 5630 2748 5696 ἄλλος.

2180 5698 2260 5765 (7|
2275 5709 2293 5768 )
2318 5700 2592 5757 τοσοῦτον.
2625 5703 2736 5758 lloc
2772 5713 2977 5760 tantum
3008 5705 3074 5759 de
3101 5703 3205 5760 hoc
3230 5713 3412 5763 teneo.
