  <div class='ocr_page' id='page_1' title='image "/cluster/home/n/w/nwhite01/storage/ocr_20150623/87 pt.3 1965/mdp.39015012172931/035.png"; bbox 0 0 4034 6246; ppageno 0'>
   <div class='ocr_carea' id='block_1_1' title="bbox 421 312 563 376">
    <p class='ocr_par' dir='ltr' id='par_1_1' title="bbox 421 312 563 376">
     <span class='ocr_line' id='line_1_1' title="bbox 421 312 563 376; baseline 0 0"><span class='ocrx_word' id='word_1_1' title='bbox 421 312 563 376; x_wconf 65' lang='grc' dir='ltr'><strong>ἓηπςδ</strong></span> 
     </span>
    </p>
   </div>
   <div class='ocr_carea' id='block_1_2' title="bbox 1736 323 2370 389">
    <p class='ocr_par' dir='ltr' id='par_1_2' title="bbox 1736 323 2370 389">
     <span class='ocr_line' id='line_1_2' title="bbox 1736 323 2370 389; baseline 0.013 -7"><span class='ocrx_word' id='word_1_2' title='bbox 1736 323 2089 385; x_wconf 77' lang='lat' dir='ltr'><strong>PROCOPII</strong></span> <span class='ocrx_word' id='word_1_3' title='bbox 2126 326 2370 389; x_wconf 72' lang='grc' dir='ltr'><strong>ΟΑΖΕΙ</strong></span> 
     </span>
    </p>
   </div>
   <div class='ocr_carea' id='block_1_3' title="bbox 3553 327 3694 393">
    <p class='ocr_par' dir='ltr' id='par_1_3' title="bbox 3553 327 3694 393">
     <span class='ocr_line' id='line_1_3' title="bbox 3553 327 3694 393; baseline -0.014 0"><span class='ocrx_word' id='word_1_4' title='bbox 3553 327 3694 393; x_wconf 68' lang='lat' dir='ltr'><strong>esto</strong></span> 
     </span>
    </p>
   </div>
   <div class='ocr_carea' id='block_1_4' title="bbox 425 404 3684 513">
    <p class='ocr_par' dir='ltr' id='par_1_4' title="bbox 425 404 3684 513">
     <span class='ocr_line' id='line_1_4' title="bbox 425 404 3684 513; baseline 0.007 -39"><span class='ocrx_word' id='word_1_5' title='bbox 425 428 762 513; x_wconf 55' lang='lat' dir='ltr'><strong>(irationem,</strong></span> <span class='ocrx_word' id='word_1_6' title='bbox 796 440 825 511; x_wconf 69' lang='grc' dir='ltr'><strong>ε</strong></span> <span class='ocrx_word' id='word_1_7' title='bbox 855 428 1087 513; x_wconf 74' lang='lat' dir='ltr'><strong>tumulo,</strong></span> <span class='ocrx_word' id='word_1_8' title='bbox 1114 445 1222 498; x_wconf 89' lang='lat' dir='ltr'><strong>quo</strong></span> <span class='ocrx_word' id='word_1_9' title='bbox 1256 430 1539 513; x_wconf 52' lang='lat' dir='ltr'><strong>[fabra-ius</strong></span> <span class='ocrx_word' id='word_1_10' title='bbox 1571 436 1858 493; x_wconf 80' lang='lat' dir='ltr'><strong>universas</strong></span> <span class='ocrx_word' id='word_1_11' title='bbox 1895 437 2160 503; x_wconf 75' lang='lat' dir='ltr'><strong>condidit,</strong></span> <span class='ocrx_word' id='word_1_12' title='bbox 2197 439 2510 506; x_wconf 68' lang='lat' dir='ltr'><strong>excitatam,</strong></span> <span class='ocrx_word' id='word_1_13' title='bbox 2543 404 2882 511; x_wconf 65' lang='lat' dir='ltr'><strong>protulerint.</strong></span> <span class='ocrx_word' id='word_1_14' title='bbox 2919 438 3095 510; x_wconf 76' lang='lat' dir='ltr'><strong>Ipsam</strong></span> <span class='ocrx_word' id='word_1_15' title='bbox 3153 455 3282 496; x_wconf 76' lang='lat' dir='ltr'><strong>vero</strong></span> <span class='ocrx_word' id='word_1_16' title='bbox 3328 440 3444 511; x_wconf 85' lang='lat' dir='ltr'><strong>jam</strong></span> <span class='ocrx_word' id='word_1_17' title='bbox 3490 455 3684 513; x_wconf 77' lang='lat' dir='ltr'><strong>super-</strong></span> 
     </span>
    </p>
   </div>
   <div class='ocr_carea' id='block_1_5' title="bbox 425 499 1380 571">
    <p class='ocr_par' dir='ltr' id='par_1_5' title="bbox 425 499 1380 571">
     <span class='ocr_line' id='line_1_5' title="bbox 425 499 1380 571; baseline 0.012 -24"><span class='ocrx_word' id='word_1_18' title='bbox 425 499 631 553; x_wconf 68' lang='lat' dir='ltr'><strong>stitem.</strong></span> <span class='ocrx_word' id='word_1_19' title='bbox 662 500 771 564; x_wconf 84' lang='lat' dir='ltr'><strong>jam</strong></span> <span class='ocrx_word' id='word_1_20' title='bbox 811 500 1141 555; x_wconf 83' lang='lat' dir='ltr'><strong>incolumem</strong></span> <span class='ocrx_word' id='word_1_21' title='bbox 1171 504 1380 571; x_wconf 84' lang='lat' dir='ltr'><strong>aspice.</strong></span> 
     </span>
    </p>
   </div>
   <div class='ocr_carea' id='block_1_6' title="bbox 497 588 2079 671">
    <p class='ocr_par' dir='ltr' id='par_1_6' title="bbox 497 588 2079 671">
     <span class='ocr_line' id='line_1_6' title="bbox 497 588 2079 671; baseline 0.009 -30"><span class='ocrx_word' id='word_1_22' title='bbox 497 588 618 642; x_wconf 83' lang='lat' dir='ltr'><strong>Fuit</strong></span> <span class='ocrx_word' id='word_1_23' title='bbox 678 592 844 662; x_wconf 79' lang='lat' dir='ltr'><strong>igitur</strong></span> <span class='ocrx_word' id='word_1_24' title='bbox 883 593 1169 649; x_wconf 78' lang='lat' dir='ltr'><strong>calamitas</strong></span> <span class='ocrx_word' id='word_1_25' title='bbox 1217 596 1553 661; x_wconf 77' lang='lat' dir='ltr'><strong>calamitate,</strong></span> <span class='ocrx_word' id='word_1_26' title='bbox 1589 598 1745 654; x_wconf 87' lang='lat' dir='ltr'><strong>dolor</strong></span> <span class='ocrx_word' id='word_1_27' title='bbox 1794 598 2001 663; x_wconf 83' lang='lat' dir='ltr'><strong>dolore,</strong></span> <span class='ocrx_word' id='word_1_28' title='bbox 2033 615 2079 671; x_wconf 74' lang='grc' dir='ltr'>Α</span> 
     </span>
    </p>
   </div>
   <div class='ocr_carea' id='block_1_7' title="bbox 426 685 2005 761">
    <p class='ocr_par' dir='ltr' id='par_1_7' title="bbox 426 685 2005 761">
     <span class='ocr_line' id='line_1_7' title="bbox 426 685 2005 761; baseline 0.006 -19"><span class='ocrx_word' id='word_1_29' title='bbox 426 685 610 742; x_wconf 73' lang='grc' dir='ltr'><strong>Ιιιιῑιιε</strong></span> <span class='ocrx_word' id='word_1_30' title='bbox 642 688 829 755; x_wconf 89' lang='lat' dir='ltr'><strong>lucttt,</strong></span> <span class='ocrx_word' id='word_1_31' title='bbox 875 688 1111 760; x_wconf 79' lang='lat' dir='ltr'><strong>gemitus</strong></span> <span class='ocrx_word' id='word_1_32' title='bbox 1157 693 1360 761; x_wconf 83' lang='lat' dir='ltr'><strong>gemitu</strong></span> <span class='ocrx_word' id='word_1_33' title='bbox 1398 733 1414 757; x_wconf 94' lang='lat'><strong>,</strong></span> <span class='ocrx_word' id='word_1_34' title='bbox 1461 704 1516 749; x_wconf 88' lang='lat' dir='ltr'><strong>et</strong></span> <span class='ocrx_word' id='word_1_35' title='bbox 1560 696 1880 751; x_wconf 77' lang='lat' dir='ltr'><strong>lamentatio</strong></span> <span class='ocrx_word' id='word_1_36' title='bbox 1924 699 2005 751; x_wconf 87' lang='lat' dir='ltr'><strong>la-</strong></span> 
     </span>
    </p>
   </div>
   <div class='ocr_carea' id='block_1_8' title="bbox 426 777 2006 856">
    <p class='ocr_par' dir='ltr' id='par_1_8' title="bbox 426 777 2006 856">
     <span class='ocr_line' id='line_1_8' title="bbox 426 777 2006 856; baseline 0.006 -27"><span class='ocrx_word' id='word_1_37' title='bbox 426 778 763 831; x_wconf 74' lang='lat' dir='ltr'><strong>mentatione</strong></span> <span class='ocrx_word' id='word_1_38' title='bbox 791 777 968 847; x_wconf 83' lang='lat' dir='ltr'><strong>major</strong></span> <span class='ocrx_word' id='word_1_39' title='bbox 991 787 1046 833; x_wconf 90' lang='lat' dir='ltr'><strong>et</strong></span> <span class='ocrx_word' id='word_1_40' title='bbox 1070 781 1272 833; x_wconf 82' lang='lat' dir='ltr'><strong>acrior.</strong></span> <span class='ocrx_word' id='word_1_41' title='bbox 1292 781 1511 838; x_wconf 75' lang='lat' dir='ltr'><strong>Caetera:</strong></span> <span class='ocrx_word' id='word_1_42' title='bbox 1538 786 1761 856; x_wconf 88' lang='lat' dir='ltr'><strong>quidem</strong></span> <span class='ocrx_word' id='word_1_43' title='bbox 1792 786 2006 842; x_wconf 82' lang='lat' dir='ltr'><strong>amicti-</strong></span> 
     </span>
    </p>
   </div>
   <div class='ocr_carea' id='block_1_9' title="bbox 427 871 2003 940">
    <p class='ocr_par' dir='ltr' id='par_1_9' title="bbox 427 871 2003 940">
     <span class='ocr_line' id='line_1_9' title="bbox 427 871 2003 940; baseline 0.006 -16"><span class='ocrx_word' id='word_1_44' title='bbox 427 884 582 937; x_wconf 87' lang='lat' dir='ltr'><strong>ones,</strong></span> <span class='ocrx_word' id='word_1_45' title='bbox 622 871 812 940; x_wconf 78' lang='lat' dir='ltr'><strong>quales</strong></span> <span class='ocrx_word' id='word_1_46' title='bbox 840 871 963 926; x_wconf 87' lang='lat' dir='ltr'><strong>libri</strong></span> <span class='ocrx_word' id='word_1_47' title='bbox 992 880 1044 927; x_wconf 91' lang='lat' dir='ltr'><strong>et</strong></span> <span class='ocrx_word' id='word_1_48' title='bbox 1072 876 1348 929; x_wconf 65' lang='lat' dir='ltr'><strong>memoriae</strong></span> <span class='ocrx_word' id='word_1_49' title='bbox 1369 875 1575 940; x_wconf 87' lang='lat' dir='ltr'><strong>ferunt,</strong></span> <span class='ocrx_word' id='word_1_50' title='bbox 1610 879 1825 935; x_wconf 85' lang='lat' dir='ltr'><strong>urbium</strong></span> <span class='ocrx_word' id='word_1_51' title='bbox 1847 894 2003 934; x_wconf 83' lang='lat' dir='ltr'><strong>ever-</strong></span> 
     </span>
    </p>
   </div>
   <div class='ocr_carea' id='block_1_10' title="bbox 427 961 2005 1032">
    <p class='ocr_par' dir='ltr' id='par_1_10' title="bbox 427 961 2005 1032">
     <span class='ocr_line' id='line_1_10' title="bbox 427 961 2005 1032; baseline 0.007 -19"><span class='ocrx_word' id='word_1_52' title='bbox 427 962 633 1025; x_wconf 84' lang='lat' dir='ltr'><strong>siones,</strong></span> <span class='ocrx_word' id='word_1_53' title='bbox 667 961 997 1032; x_wconf 81' lang='lat' dir='ltr'><strong>templorum</strong></span> <span class='ocrx_word' id='word_1_54' title='bbox 1042 965 1406 1030; x_wconf 80' lang='lat' dir='ltr'><strong>vastationes,</strong></span> <span class='ocrx_word' id='word_1_55' title='bbox 1452 968 1740 1024; x_wconf 88' lang='lat' dir='ltr'><strong>domorum</strong></span> <span class='ocrx_word' id='word_1_56' title='bbox 1787 972 2005 1027; x_wconf 87' lang='lat' dir='ltr'><strong>destru-</strong></span> 
     </span>
    </p>
   </div>
   <div class='ocr_carea' id='block_1_11' title="bbox 425 1050 2003 1129">
    <p class='ocr_par' dir='ltr' id='par_1_11' title="bbox 425 1050 2003 1129">
     <span class='ocr_line' id='line_1_11' title="bbox 425 1050 2003 1129; baseline 0.009 -27"><span class='ocrx_word' id='word_1_57' title='bbox 425 1050 656 1111; x_wconf 85' lang='lat' dir='ltr'><strong>ctiones.</strong></span> <span class='ocrx_word' id='word_1_58' title='bbox 702 1060 1008 1107; x_wconf 75' lang='lat' dir='ltr'><strong>statuarum</strong></span> <span class='ocrx_word' id='word_1_59' title='bbox 1055 1054 1294 1124; x_wconf 76' lang='lat' dir='ltr'><strong>excidia,</strong></span> <span class='ocrx_word' id='word_1_60' title='bbox 1335 1061 1867 1129; x_wconf 79' lang='lat' dir='ltr'><strong>transmigrationes,</strong></span> <span class='ocrx_word' id='word_1_61' title='bbox 1905 1062 2003 1115; x_wconf 86' lang='lat' dir='ltr'><strong>ab-</strong></span> 
     </span>
    </p>
   </div>
   <div class='ocr_carea' id='block_1_12' title="bbox 424 1141 2003 1229">
    <p class='ocr_par' dir='ltr' id='par_1_12' title="bbox 424 1141 2003 1229">
     <span class='ocr_line' id='line_1_12' title="bbox 424 1141 2003 1229; baseline 0.008 -36"><span class='ocrx_word' id='word_1_62' title='bbox 424 1141 734 1206; x_wconf 82' lang='lat' dir='ltr'><strong>dactiones,</strong></span> <span class='ocrx_word' id='word_1_63' title='bbox 777 1145 1125 1213; x_wconf 75' lang='lat' dir='ltr'><strong>Captit&#39;ilales</strong></span> <span class='ocrx_word' id='word_1_64' title='bbox 1179 1149 1435 1204; x_wconf 76' lang='lat' dir='ltr'><strong>norimus</strong></span> <span class='ocrx_word' id='word_1_65' title='bbox 1483 1158 1537 1206; x_wconf 89' lang='lat' dir='ltr'><strong>et</strong></span> <span class='ocrx_word' id='word_1_66' title='bbox 1582 1151 1812 1208; x_wconf 87' lang='lat' dir='ltr'><strong>scimus.</strong></span> <span class='ocrx_word' id='word_1_67' title='bbox 1848 1150 2003 1229; x_wconf 58' lang='grc' dir='ltr'><strong>νωι-</strong></span> 
     </span>
    </p>
   </div>
   <div class='ocr_carea' id='block_1_13' title="bbox 425 1236 2002 1309">
    <p class='ocr_par' dir='ltr' id='par_1_13' title="bbox 425 1236 2002 1309">
     <span class='ocr_line' id='line_1_13' title="bbox 425 1236 2002 1309; baseline 0.011 -29"><span class='ocrx_word' id='word_1_68' title='bbox 425 1246 546 1285; x_wconf 87' lang='lat' dir='ltr'><strong>nms</strong></span> <span class='ocrx_word' id='word_1_69' title='bbox 573 1245 695 1300; x_wconf 78' lang='lat' dir='ltr'><strong>quae</strong></span> <span class='ocrx_word' id='word_1_70' title='bbox 728 1248 838 1287; x_wconf 87' lang='lat' dir='ltr'><strong>non</strong></span> <span class='ocrx_word' id='word_1_71' title='bbox 863 1236 1229 1304; x_wconf 86' lang='lat' dir='ltr'><strong>speravimus,</strong></span> <span class='ocrx_word' id='word_1_72' title='bbox 1269 1254 1377 1292; x_wconf 90' lang='lat' dir='ltr'><strong>non</strong></span> <span class='ocrx_word' id='word_1_73' title='bbox 1405 1243 1870 1309; x_wconf 75' lang='lat' dir='ltr'><strong>exspectavimus,</strong></span> <span class='ocrx_word' id='word_1_74' title='bbox 1896 1259 2002 1297; x_wconf 90' lang='lat' dir='ltr'><strong>non</strong></span> 
     </span>
    </p>
   </div>
   <div class='ocr_carea' id='block_1_14' title="bbox 422 1328 2005 1405">
    <p class='ocr_par' dir='ltr' id='par_1_14' title="bbox 422 1328 2005 1405">
     <span class='ocr_line' id='line_1_14' title="bbox 422 1328 2005 1405; baseline 0.01 -32"><span class='ocrx_word' id='word_1_75' title='bbox 422 1330 604 1377; x_wconf 85' lang='lat' dir='ltr'><strong>mente</strong></span> <span class='ocrx_word' id='word_1_76' title='bbox 630 1339 870 1394; x_wconf 89' lang='lat' dir='ltr'><strong>unquam</strong></span> <span class='ocrx_word' id='word_1_77' title='bbox 894 1328 1247 1398; x_wconf 89' lang='lat' dir='ltr'><strong>concepimus</strong></span> <span class='ocrx_word' id='word_1_78' title='bbox 1276 1346 1295 1389; x_wconf 86' lang='lat'><strong>.&#39;</strong></span> <span class='ocrx_word' id='word_1_79' title='bbox 1320 1330 1482 1401; x_wconf 86' lang='lat' dir='ltr'><strong>cujus</strong></span> <span class='ocrx_word' id='word_1_80' title='bbox 1513 1332 1800 1389; x_wconf 85' lang='lat' dir='ltr'><strong>calamitas</strong></span> <span class='ocrx_word' id='word_1_81' title='bbox 1831 1336 2005 1405; x_wconf 83' lang='lat' dir='ltr'><strong>major</strong></span> 
     </span>
    </p>
   </div>
   <div class='ocr_carea' id='block_1_15' title="bbox 422 1410 2002 1494">
    <p class='ocr_par' dir='ltr' id='par_1_15' title="bbox 422 1410 2002 1494">
     <span class='ocr_line' id='line_1_15' title="bbox 422 1410 2002 1494; baseline 0.01 -29"><span class='ocrx_word' id='word_1_82' title='bbox 422 1416 524 1469; x_wconf 88' lang='lat' dir='ltr'><strong>t&#39;nit</strong></span> <span class='ocrx_word' id='word_1_83' title='bbox 575 1418 696 1473; x_wconf 86' lang='lat' dir='ltr'><strong>visu</strong></span> <span class='ocrx_word' id='word_1_84' title='bbox 744 1435 909 1489; x_wconf 84' lang='lat' dir='ltr'><strong>quam</strong></span> <span class='ocrx_word' id='word_1_85' title='bbox 971 1422 1185 1487; x_wconf 87' lang='lat' dir='ltr'><strong>auditu,</strong></span> <span class='ocrx_word' id='word_1_86' title='bbox 1230 1424 1374 1494; x_wconf 91' lang='lat' dir='ltr'><strong>quod</strong></span> <span class='ocrx_word' id='word_1_87' title='bbox 1436 1410 1567 1480; x_wconf 74' lang='lat' dir='ltr'><strong>ante</strong></span> <span class='ocrx_word' id='word_1_88' title='bbox 1619 1443 1813 1483; x_wconf 87' lang='lat' dir='ltr'><strong>omnes</strong></span> <span class='ocrx_word' id='word_1_89' title='bbox 1864 1430 2002 1484; x_wconf 87' lang='lat' dir='ltr'><strong>mori</strong></span> 
     </span>
    </p>
   </div>
   <div class='ocr_carea' id='block_1_16' title="bbox 420 1507 2001 1583">
    <p class='ocr_par' dir='ltr' id='par_1_16' title="bbox 420 1507 2001 1583">
     <span class='ocr_line' id='line_1_16' title="bbox 420 1507 2001 1583; baseline 0.008 -24"><span class='ocrx_word' id='word_1_90' title='bbox 420 1507 779 1576; x_wconf 78' lang='lat' dir='ltr'><strong>cupivissent.</strong></span> <span class='ocrx_word' id='word_1_91' title='bbox 817 1510 959 1576; x_wconf 84' lang='lat' dir='ltr'><strong>Quid</strong></span> <span class='ocrx_word' id='word_1_92' title='bbox 1037 1520 1121 1568; x_wconf 87' lang='lat' dir='ltr'><strong>est</strong></span> <span class='ocrx_word' id='word_1_93' title='bbox 1156 1514 1260 1568; x_wconf 90' lang='lat' dir='ltr'><strong>hoc</strong></span> <span class='ocrx_word' id='word_1_94' title='bbox 1315 1515 1338 1569; x_wconf 89' lang='lat'><strong>?</strong></span> <span class='ocrx_word' id='word_1_95' title='bbox 1398 1516 1663 1572; x_wconf 87' lang='lat' dir='ltr'><strong>tttundum</strong></span> <span class='ocrx_word' id='word_1_96' title='bbox 1729 1529 2001 1583; x_wconf 87' lang='lat' dir='ltr'><strong>nostrum,</strong></span> 
     </span>
    </p>
   </div>
   <div class='ocr_carea' id='block_1_17' title="bbox 420 1603 2001 1682">
    <p class='ocr_par' dir='ltr' id='par_1_17' title="bbox 420 1603 2001 1682">
     <span class='ocr_line' id='line_1_17' title="bbox 420 1603 2001 1682; baseline 0.009 -30"><span class='ocrx_word' id='word_1_97' title='bbox 420 1609 669 1655; x_wconf 81' lang='lat' dir='ltr'><strong>nostrum</strong></span> <span class='ocrx_word' id='word_1_98' title='bbox 727 1603 955 1668; x_wconf 84' lang='lat' dir='ltr'><strong>coelum,</strong></span> <span class='ocrx_word' id='word_1_99' title='bbox 987 1605 1183 1672; x_wconf 86' lang='lat' dir='ltr'><strong>solem,</strong></span> <span class='ocrx_word' id='word_1_100' title='bbox 1226 1615 1453 1673; x_wconf 87' lang='lat' dir='ltr'><strong>tectum,</strong></span> <span class='ocrx_word' id='word_1_101' title='bbox 1506 1609 1794 1679; x_wconf 78' lang='lat' dir='ltr'><strong>elfugiunt,</strong></span> <span class='ocrx_word' id='word_1_102' title='bbox 1825 1627 2001 1682; x_wconf 83' lang='lat' dir='ltr'><strong>spem,</strong></span> 
     </span>
    </p>
   </div>
   <div class='ocr_carea' id='block_1_18' title="bbox 419 1692 2001 1772">
    <p class='ocr_par' dir='ltr' id='par_1_18' title="bbox 419 1692 2001 1772">
     <span class='ocr_line' id='line_1_18' title="bbox 419 1692 2001 1772; baseline 0.009 -27"><span class='ocrx_word' id='word_1_103' title='bbox 419 1692 598 1750; x_wconf 79' lang='lat' dir='ltr'><strong>solum</strong></span> <span class='ocrx_word' id='word_1_104' title='bbox 643 1694 1128 1761; x_wconf 86' lang='lat' dir='ltr'><strong>delcctamentum,</strong></span> <span class='ocrx_word' id='word_1_105' title='bbox 1185 1700 1363 1755; x_wconf 88' lang='lat' dir='ltr'><strong>solum</strong></span> <span class='ocrx_word' id='word_1_106' title='bbox 1399 1701 1684 1771; x_wconf 79' lang='lat' dir='ltr'><strong>juvamett,</strong></span> <span class='ocrx_word' id='word_1_107' title='bbox 1710 1704 2001 1772; x_wconf 76' lang='lat' dir='ltr'><strong>auxilium,</strong></span> 
     </span>
    </p>
   </div>
   <div class='ocr_carea' id='block_1_19' title="bbox 420 1785 2002 1863">
    <p class='ocr_par' dir='ltr' id='par_1_19' title="bbox 420 1785 2002 1863">
     <span class='ocr_line' id='line_1_19' title="bbox 420 1785 2002 1863; baseline 0.011 -28"><span class='ocrx_word' id='word_1_108' title='bbox 420 1785 887 1854; x_wconf 86' lang='lat' dir='ltr'><strong>propitiatorium,</strong></span> <span class='ocrx_word' id='word_1_109' title='bbox 920 1789 1026 1842; x_wconf 89' lang='lat' dir='ltr'><strong>hoc</strong></span> <span class='ocrx_word' id='word_1_110' title='bbox 1056 1789 1407 1860; x_wconf 75' lang='lat' dir='ltr'><strong>magniﬁcum</strong></span> <span class='ocrx_word' id='word_1_111' title='bbox 1431 1793 1712 1863; x_wconf 81' lang='lat' dir='ltr'><strong>templum,</strong></span> <span class='ocrx_word' id='word_1_112' title='bbox 1740 1795 1883 1852; x_wconf 88' lang='lat' dir='ltr'><strong>hanc</strong></span> <span class='ocrx_word' id='word_1_113' title='bbox 1913 1799 2002 1852; x_wconf 89' lang='lat' dir='ltr'><strong>in-</strong></span> 
     </span>
    </p>
   </div>
   <div class='ocr_carea' id='block_1_20' title="bbox 418 1877 2004 1955">
    <p class='ocr_par' dir='ltr' id='par_1_20' title="bbox 418 1877 2004 1955">
     <span class='ocr_line' id='line_1_20' title="bbox 418 1877 2004 1955; baseline 0.008 -25"><span class='ocrx_word' id='word_1_114' title='bbox 418 1877 1080 1947; x_wconf 85' lang='lat' dir='ltr'><strong>comparabilemdomum</strong></span> <span class='ocrx_word' id='word_1_115' title='bbox 1097 1896 1262 1951; x_wconf 85' lang='lat' dir='ltr'><strong>quant</strong></span> <span class='ocrx_word' id='word_1_116' title='bbox 1281 1884 1570 1940; x_wconf 63' lang='lat' dir='ltr'><strong>aedificavit</strong></span> <span class='ocrx_word' id='word_1_117' title='bbox 1590 1886 1794 1955; x_wconf 72' lang='lat' dir='ltr'><strong>sophia,</strong></span> <span class='ocrx_word' id='word_1_118' title='bbox 1826 1885 1880 1942; x_wconf 89' lang='lat' dir='ltr'><strong>id</strong></span> <span class='ocrx_word' id='word_1_119' title='bbox 1917 1897 2004 1945; x_wconf 89' lang='lat' dir='ltr'><strong>est</strong></span> 
     </span>
    </p>
   </div>
   <div class='ocr_carea' id='block_1_21' title="bbox 2179 597 3685 676">
    <p class='ocr_par' dir='ltr' id='par_1_21' title="bbox 2179 597 3685 676">
     <span class='ocr_line' id='line_1_21' title="bbox 2179 597 3685 676; baseline 0.001 -23"><span class='ocrx_word' id='word_1_120' title='bbox 2179 597 2285 654; x_wconf 85' lang='grc' dir='ltr'><strong>’Ἦν</strong></span> <span class='ocrx_word' id='word_1_121' title='bbox 2306 601 2414 672; x_wconf 77' lang='grc' dir='ltr'><strong>ἄρα</strong></span> <span class='ocrx_word' id='word_1_122' title='bbox 2431 604 2525 657; x_wconf 77' lang='grc' dir='ltr'><strong>καὶ</strong></span> <span class='ocrx_word' id='word_1_123' title='bbox 2543 601 2797 674; x_wconf 70' lang='grc' dir='ltr'><strong>συμφορὰ</strong></span> <span class='ocrx_word' id='word_1_124' title='bbox 2817 604 3123 676; x_wconf 77' lang='grc' dir='ltr'><strong>συμφορᾶς,</strong></span> <span class='ocrx_word' id='word_1_125' title='bbox 3143 603 3237 657; x_wconf 79' lang='grc' dir='ltr'><strong>καὶ</strong></span> <span class='ocrx_word' id='word_1_126' title='bbox 3259 601 3430 665; x_wconf 80' lang='grc' dir='ltr'><strong>πάθος</strong></span> <span class='ocrx_word' id='word_1_127' title='bbox 3454 601 3685 667; x_wconf 77' lang='grc' dir='ltr'><strong>πάθους,</strong></span> 
     </span>
    </p>
   </div>
   <div class='ocr_carea' id='block_1_22' title="bbox 2108 678 3693 777">
    <p class='ocr_par' dir='ltr' id='par_1_22' title="bbox 2108 678 3693 777">
     <span class='ocr_line' id='line_1_22' title="bbox 2108 678 3693 777; baseline 0 -32"><span class='ocrx_word' id='word_1_128' title='bbox 2108 693 2200 745; x_wconf 72' lang='grc' dir='ltr'><strong>καὶ</strong></span> <span class='ocrx_word' id='word_1_129' title='bbox 2232 693 2376 764; x_wconf 80' lang='grc' dir='ltr'><strong>λύπη</strong></span> <span class='ocrx_word' id='word_1_130' title='bbox 2406 692 2606 764; x_wconf 83' lang='grc' dir='ltr'><strong>λύπης,</strong></span> <span class='ocrx_word' id='word_1_131' title='bbox 2625 694 2719 748; x_wconf 75' lang='grc' dir='ltr'><strong>καὶ</strong></span> <span class='ocrx_word' id='word_1_132' title='bbox 2757 678 2987 764; x_wconf 13' lang='grc' dir='ltr'><strong>οἰμωγὴν</strong></span> <span class='ocrx_word' id='word_1_133' title='bbox 3015 693 3263 777; x_wconf 76' lang='grc' dir='ltr'><strong>οἱμωγῇς</strong></span> <span class='ocrx_word' id='word_1_134' title='bbox 3291 734 3306 758; x_wconf 96' lang='grc'><strong>,</strong></span> <span class='ocrx_word' id='word_1_135' title='bbox 3349 693 3445 747; x_wconf 76' lang='grc' dir='ltr'><strong>καὶ</strong></span> <span class='ocrx_word' id='word_1_136' title='bbox 3495 694 3693 764; x_wconf 82' lang='grc' dir='ltr'><strong>θρῆνος</strong></span> 
     </span>
    </p>
   </div>
   <div class='ocr_carea' id='block_1_23' title="bbox 2107 784 3690 858">
    <p class='ocr_par' dir='ltr' id='par_1_23' title="bbox 2107 784 3690 858">
     <span class='ocr_line' id='line_1_23' title="bbox 2107 784 3690 858; baseline 0 -19"><span class='ocrx_word' id='word_1_137' title='bbox 2107 788 2306 857; x_wconf 86' lang='grc' dir='ltr'><strong>θρήνου</strong></span> <span class='ocrx_word' id='word_1_138' title='bbox 2348 788 2552 858; x_wconf 76' lang='grc' dir='ltr'><strong>μείζων</strong></span> <span class='ocrx_word' id='word_1_139' title='bbox 2595 805 2655 841; x_wconf 87' lang='grc' dir='ltr'><strong>τε</strong></span> <span class='ocrx_word' id='word_1_140' title='bbox 2707 789 2802 842; x_wconf 78' lang='grc' dir='ltr'><strong>καὶ</strong></span> <span class='ocrx_word' id='word_1_141' title='bbox 2844 784 3293 858; x_wconf 80' lang='grc' dir='ltr'><strong>ἀργαλεώτερος·</strong></span> <span class='ocrx_word' id='word_1_142' title='bbox 3328 786 3424 840; x_wconf 78' lang='grc' dir='ltr'><strong>καὶ</strong></span> <span class='ocrx_word' id='word_1_143' title='bbox 3475 786 3541 840; x_wconf 84' lang='grc' dir='ltr'><strong>τὰ</strong></span> <span class='ocrx_word' id='word_1_144' title='bbox 3591 786 3690 858; x_wconf 64' lang='grc' dir='ltr'><strong>μιν</strong></span> 
     </span>
    </p>
   </div>
   <div class='ocr_carea' id='block_1_24' title="bbox 2106 876 3691 948">
    <p class='ocr_par' dir='ltr' id='par_1_24' title="bbox 2106 876 3691 948">
     <span class='ocr_line' id='line_1_24' title="bbox 2106 876 3691 948; baseline -0.001 -19"><span class='ocrx_word' id='word_1_145' title='bbox 2106 876 2243 930; x_wconf 78' lang='grc' dir='ltr'><strong>ἄλλα</strong></span> <span class='ocrx_word' id='word_1_146' title='bbox 2274 877 2384 930; x_wconf 85' lang='grc' dir='ltr'><strong>τῶν</strong></span> <span class='ocrx_word' id='word_1_147' title='bbox 2416 878 2560 948; x_wconf 84' lang='grc' dir='ltr'><strong>παθη</strong></span> <span class='ocrx_word' id='word_1_148' title='bbox 2571 878 2755 948; x_wconf 83' lang='grc' dir='ltr'><strong>μάτων</strong></span> <span class='ocrx_word' id='word_1_149' title='bbox 2781 879 2880 932; x_wconf 85' lang='grc' dir='ltr'><strong>ὅσα</strong></span> <span class='ocrx_word' id='word_1_150' title='bbox 2902 879 2997 932; x_wconf 72' lang='grc' dir='ltr'><strong>καὶ</strong></span> <span class='ocrx_word' id='word_1_151' title='bbox 3021 877 3194 948; x_wconf 87' lang='grc' dir='ltr'><strong>βίϐλοι</strong></span> <span class='ocrx_word' id='word_1_152' title='bbox 3227 878 3325 931; x_wconf 73' lang='grc' dir='ltr'><strong>καὶ</strong></span> <span class='ocrx_word' id='word_1_153' title='bbox 3353 877 3564 947; x_wconf 79' lang='grc' dir='ltr'><strong>μνῆμαι</strong></span> <span class='ocrx_word' id='word_1_154' title='bbox 3592 877 3691 944; x_wconf 81' lang='grc' dir='ltr'><strong>φέ-</strong></span> 
     </span>
    </p>
   </div>
   <div class='ocr_carea' id='block_1_25' title="bbox 2117 952 3691 1041">
    <p class='ocr_par' dir='ltr' id='par_1_25' title="bbox 2117 952 3691 1041">
     <span class='ocr_line' id='line_1_25' title="bbox 2117 952 3691 1041; baseline -0.001 -18"><span class='ocrx_word' id='word_1_155' title='bbox 2117 986 2307 1041; x_wconf 84' lang='grc' dir='ltr'><strong>ρουσι·</strong></span> <span class='ocrx_word' id='word_1_156' title='bbox 2342 952 2551 1024; x_wconf 78' lang='grc' dir='ltr'><strong>πόλεων</strong></span> <span class='ocrx_word' id='word_1_157' title='bbox 2593 971 2976 1040; x_wconf 75' lang='grc' dir='ltr'><strong>κατασκαφὰς,</strong></span> <span class='ocrx_word' id='word_1_158' title='bbox 3023 970 3166 1024; x_wconf 86' lang='grc' dir='ltr'><strong>ναῶν</strong></span> <span class='ocrx_word' id='word_1_159' title='bbox 3203 969 3534 1040; x_wconf 79' lang='grc' dir='ltr'><strong>ἐρημώσεις,</strong></span> <span class='ocrx_word' id='word_1_160' title='bbox 3602 971 3691 1022; x_wconf 84' lang='lat' dir='ltr'><strong>ol-</strong></span> 
     </span>
    </p>
   </div>
   <div class='ocr_carea' id='block_1_26' title="bbox 2107 1061 3693 1133">
    <p class='ocr_par' dir='ltr' id='par_1_26' title="bbox 2107 1061 3693 1133">
     <span class='ocr_line' id='line_1_26' title="bbox 2107 1061 3693 1133; baseline 0.001 -20"><span class='ocrx_word' id='word_1_161' title='bbox 2107 1063 2243 1115; x_wconf 79' lang='grc' dir='ltr'><strong>κιῶν</strong></span> <span class='ocrx_word' id='word_1_162' title='bbox 2310 1061 2666 1133; x_wconf 81' lang='grc' dir='ltr'><strong>ἐρειπώσεις,</strong></span> <span class='ocrx_word' id='word_1_163' title='bbox 2721 1063 3056 1133; x_wconf 79' lang='grc' dir='ltr'><strong>ἀγαλμάτων</strong></span> <span class='ocrx_word' id='word_1_164' title='bbox 3121 1061 3513 1131; x_wconf 79' lang='grc' dir='ltr'><strong>συμπτώσεις.</strong></span> <span class='ocrx_word' id='word_1_165' title='bbox 3563 1077 3693 1131; x_wconf 84' lang='grc' dir='ltr'><strong>μετ-</strong></span> 
     </span>
    </p>
   </div>
   <div class='ocr_carea' id='block_1_27' title="bbox 2106 1153 3689 1226">
    <p class='ocr_par' dir='ltr' id='par_1_27' title="bbox 2106 1153 3689 1226">
     <span class='ocr_line' id='line_1_27' title="bbox 2106 1153 3689 1226; baseline 0 -20"><span class='ocrx_word' id='word_1_166' title='bbox 2106 1154 2470 1223; x_wconf 77' lang='grc' dir='ltr'><strong>αναστάσεις,</strong></span> <span class='ocrx_word' id='word_1_167' title='bbox 2516 1155 2852 1223; x_wconf 77' lang='grc' dir='ltr'><strong>ἀπαγωγὰς,</strong></span> <span class='ocrx_word' id='word_1_168' title='bbox 2908 1154 3288 1226; x_wconf 75' lang='grc' dir='ltr'><strong>αἰχμαλωσίας</strong></span> <span class='ocrx_word' id='word_1_169' title='bbox 3338 1153 3586 1222; x_wconf 81' lang='grc' dir='ltr'><strong>ἐγνωμέν</strong></span> <span class='ocrx_word' id='word_1_170' title='bbox 3626 1170 3689 1206; x_wconf 88' lang='grc' dir='ltr'><strong>τε</strong></span> 
     </span>
    </p>
   </div>
   <div class='ocr_carea' id='block_1_28' title="bbox 2106 1245 3689 1321">
    <p class='ocr_par' dir='ltr' id='par_1_28' title="bbox 2106 1245 3689 1321">
     <span class='ocr_line' id='line_1_28' title="bbox 2106 1245 3689 1321; baseline 0.001 -23"><span class='ocrx_word' id='word_1_171' title='bbox 2106 1248 2201 1298; x_wconf 70' lang='grc' dir='ltr'><strong>καὶ</strong></span> <span class='ocrx_word' id='word_1_172' title='bbox 2232 1247 2453 1317; x_wconf 82' lang='grc' dir='ltr'><strong>οἴδαμεν</strong></span> <span class='ocrx_word' id='word_1_173' title='bbox 2470 1264 2482 1277; x_wconf 88' lang='grc'><strong>·</strong></span> <span class='ocrx_word' id='word_1_174' title='bbox 2515 1246 2727 1321; x_wconf 77' lang='grc' dir='ltr'><strong>εἴδομέν</strong></span> <span class='ocrx_word' id='word_1_175' title='bbox 2755 1264 2815 1300; x_wconf 88' lang='grc' dir='ltr'><strong>τε</strong></span> <span class='ocrx_word' id='word_1_176' title='bbox 2842 1245 2878 1301; x_wconf 79' lang='grc' dir='ltr'>ἃ</span> <span class='ocrx_word' id='word_1_177' title='bbox 2902 1248 3003 1300; x_wconf 80' lang='grc' dir='ltr'><strong>οὐκ</strong></span> <span class='ocrx_word' id='word_1_178' title='bbox 3034 1247 3100 1303; x_wconf 84' lang='grc' dir='ltr'>ἂν</span> <span class='ocrx_word' id='word_1_179' title='bbox 3124 1247 3433 1318; x_wconf 77' lang='grc' dir='ltr'><strong>ἠλπίσαμεν</strong></span> <span class='ocrx_word' id='word_1_180' title='bbox 3456 1262 3470 1277; x_wconf 75' lang='grc' dir='ltr'>ο</span> <span class='ocrx_word' id='word_1_181' title='bbox 3498 1247 3597 1299; x_wconf 67' lang='grc' dir='ltr'><strong>οὐκ</strong></span> <span class='ocrx_word' id='word_1_182' title='bbox 3622 1245 3689 1301; x_wconf 79' lang='grc' dir='ltr'><strong>ἃν</strong></span> 
     </span>
    </p>
   </div>
   <div class='ocr_carea' id='block_1_29' title="bbox 2107 1338 3687 1410">
    <p class='ocr_par' dir='ltr' id='par_1_29' title="bbox 2107 1338 3687 1410">
     <span class='ocr_line' id='line_1_29' title="bbox 2107 1338 3687 1410; baseline 0.001 -19"><span class='ocrx_word' id='word_1_183' title='bbox 2107 1339 2625 1410; x_wconf 57' lang='grc' dir='ltr'><strong>προσεδοκήσαμεν</strong></span> <span class='ocrx_word' id='word_1_184' title='bbox 2656 1342 2759 1393; x_wconf 76' lang='grc' dir='ltr'><strong>οὐκ</strong></span> <span class='ocrx_word' id='word_1_185' title='bbox 2789 1342 2855 1395; x_wconf 85' lang='grc' dir='ltr'><strong>ἂν</strong></span> <span class='ocrx_word' id='word_1_186' title='bbox 2886 1344 2963 1405; x_wconf 77' lang='grc' dir='ltr'><strong>είς</strong></span> <span class='ocrx_word' id='word_1_187' title='bbox 3001 1342 3127 1395; x_wconf 83' lang='grc' dir='ltr'><strong>νοῦν</strong></span> <span class='ocrx_word' id='word_1_188' title='bbox 3160 1358 3291 1394; x_wconf 87' lang='grc' dir='ltr'><strong>ποτε</strong></span> <span class='ocrx_word' id='word_1_189' title='bbox 3326 1338 3687 1394; x_wconf 81' lang='grc' dir='ltr'><strong>ἀνετυπώσα-</strong></span> 
     </span>
    </p>
   </div>
   <div class='ocr_carea' id='block_1_30' title="bbox 2110 1428 3683 1505">
    <p class='ocr_par' dir='ltr' id='par_1_30' title="bbox 2110 1428 3683 1505">
     <span class='ocr_line' id='line_1_30' title="bbox 2110 1428 3683 1505; baseline -0.001 -19"><span class='ocrx_word' id='word_1_190' title='bbox 2110 1451 2236 1504; x_wconf 83' lang='grc' dir='ltr'><strong>μεν·</strong></span> <span class='ocrx_word' id='word_1_191' title='bbox 2270 1433 2362 1486; x_wconf 73' lang='grc' dir='ltr'><strong>καὶ</strong></span> <span class='ocrx_word' id='word_1_192' title='bbox 2389 1428 2449 1488; x_wconf 76' lang='grc' dir='ltr'><strong>οὖ</strong></span> <span class='ocrx_word' id='word_1_193' title='bbox 2481 1434 2665 1503; x_wconf 76' lang='grc' dir='ltr'><strong>μεῖζον</strong></span> <span class='ocrx_word' id='word_1_194' title='bbox 2695 1434 2796 1488; x_wconf 80' lang='grc' dir='ltr'><strong>οὐκ</strong></span> <span class='ocrx_word' id='word_1_195' title='bbox 2836 1429 2903 1504; x_wconf 79' lang='grc' dir='ltr'><strong>ἦν</strong></span> <span class='ocrx_word' id='word_1_196' title='bbox 2937 1434 3108 1488; x_wconf 74' lang='grc' dir='ltr'><strong>κακὸν</strong></span> <span class='ocrx_word' id='word_1_197' title='bbox 3138 1433 3172 1505; x_wconf 83' lang='grc' dir='ltr'>ἢ</span> <span class='ocrx_word' id='word_1_198' title='bbox 3206 1433 3333 1487; x_wconf 82' lang='grc' dir='ltr'><strong>ἰδεῖν</strong></span> <span class='ocrx_word' id='word_1_199' title='bbox 3363 1434 3395 1503; x_wconf 83' lang='grc' dir='ltr'>ἢ</span> <span class='ocrx_word' id='word_1_200' title='bbox 3421 1432 3683 1487; x_wconf 79' lang='grc' dir='ltr'><strong>ἀκοῦσαιο</strong></span> 
     </span>
    </p>
   </div>
   <div class='ocr_carea' id='block_1_31' title="bbox 2107 1520 3689 1598">
    <p class='ocr_par' dir='ltr' id='par_1_31' title="bbox 2107 1520 3689 1598">
     <span class='ocr_line' id='line_1_31' title="bbox 2107 1520 3689 1598; baseline -0.001 -20"><span class='ocrx_word' id='word_1_201' title='bbox 2107 1527 2202 1578; x_wconf 68' lang='grc' dir='ltr'><strong>καὶ</strong></span> <span class='ocrx_word' id='word_1_202' title='bbox 2237 1520 2298 1579; x_wconf 71' lang='grc' dir='ltr'><strong>οὗ</strong></span> <span class='ocrx_word' id='word_1_203' title='bbox 2324 1526 2726 1596; x_wconf 79' lang='grc' dir='ltr'><strong>προαποθανεῖν</strong></span> <span class='ocrx_word' id='word_1_204' title='bbox 2771 1529 2878 1591; x_wconf 80' lang='grc' dir='ltr'><strong>πᾶς</strong></span> <span class='ocrx_word' id='word_1_205' title='bbox 2918 1527 2984 1581; x_wconf 82' lang='grc' dir='ltr'>ἂν</span> <span class='ocrx_word' id='word_1_206' title='bbox 3028 1526 3255 1598; x_wconf 78' lang='grc' dir='ltr'><strong>ηὔξατο·</strong></span> <span class='ocrx_word' id='word_1_207' title='bbox 3294 1526 3348 1580; x_wconf 84' lang='grc' dir='ltr'><strong>τί</strong></span> <span class='ocrx_word' id='word_1_208' title='bbox 3377 1526 3565 1592; x_wconf 71' lang='grc' dir='ltr'><strong>τοῦτος</strong></span> <span class='ocrx_word' id='word_1_209' title='bbox 3594 1527 3689 1579; x_wconf 72' lang='grc' dir='ltr'><strong>τὸν</strong></span> 
     </span>
    </p>
   </div>
   <div class='ocr_carea' id='block_1_32' title="bbox 2107 1618 3689 1693">
    <p class='ocr_par' dir='ltr' id='par_1_32' title="bbox 2107 1618 3689 1693">
     <span class='ocr_line' id='line_1_32' title="bbox 2107 1618 3689 1693; baseline -0.001 -20"><span class='ocrx_word' id='word_1_210' title='bbox 2107 1619 2310 1691; x_wconf 80' lang='grc' dir='ltr'>κόσμον</span> <span class='ocrx_word' id='word_1_211' title='bbox 2335 1620 2513 1690; x_wconf 82' lang='grc' dir='ltr'><strong>ἡμῶν,</strong></span> <span class='ocrx_word' id='word_1_212' title='bbox 2538 1620 2630 1674; x_wconf 80' lang='grc' dir='ltr'><strong>τὸν</strong></span> <span class='ocrx_word' id='word_1_213' title='bbox 2660 1620 2889 1693; x_wconf 80' lang='grc' dir='ltr'><strong>οὐρανὸν</strong></span> <span class='ocrx_word' id='word_1_214' title='bbox 2919 1620 3099 1690; x_wconf 79' lang='grc' dir='ltr'><strong>ἡμῶν,</strong></span> <span class='ocrx_word' id='word_1_215' title='bbox 3130 1620 3227 1674; x_wconf 81' lang='grc' dir='ltr'><strong>τὸν</strong></span> <span class='ocrx_word' id='word_1_216' title='bbox 3250 1619 3427 1691; x_wconf 75' lang='grc' dir='ltr'><strong>ἥλιον,</strong></span> <span class='ocrx_word' id='word_1_217' title='bbox 3449 1618 3549 1689; x_wconf 75' lang='grc' dir='ltr'><strong>τὴν</strong></span> <span class='ocrx_word' id='word_1_218' title='bbox 3572 1618 3689 1672; x_wconf 83' lang='grc' dir='ltr'><strong>σκέ-</strong></span> 
     </span>
    </p>
   </div>
   <div class='ocr_carea' id='block_1_33' title="bbox 2106 1709 3686 1785">
    <p class='ocr_par' dir='ltr' id='par_1_33' title="bbox 2106 1709 3686 1785">
     <span class='ocr_line' id='line_1_33' title="bbox 2106 1709 3686 1785; baseline 0.004 -22"><span class='ocrx_word' id='word_1_219' title='bbox 2106 1731 2236 1783; x_wconf 84' lang='grc' dir='ltr'><strong>πην,</strong></span> <span class='ocrx_word' id='word_1_220' title='bbox 2271 1713 2372 1785; x_wconf 77' lang='grc' dir='ltr'><strong>τὴν</strong></span> <span class='ocrx_word' id='word_1_221' title='bbox 2405 1713 2752 1784; x_wconf 78' lang='grc' dir='ltr'><strong>καταφυγὴν,</strong></span> <span class='ocrx_word' id='word_1_222' title='bbox 2783 1715 2885 1783; x_wconf 84' lang='grc' dir='ltr'><strong>τὴν</strong></span> <span class='ocrx_word' id='word_1_223' title='bbox 2921 1713 3147 1776; x_wconf 86' lang='grc' dir='ltr'><strong>ἐλπίδα,</strong></span> <span class='ocrx_word' id='word_1_224' title='bbox 3182 1712 3283 1782; x_wconf 79' lang='grc' dir='ltr'><strong>τὴν</strong></span> <span class='ocrx_word' id='word_1_225' title='bbox 3319 1713 3488 1782; x_wconf 84' lang='grc' dir='ltr'><strong>μόνην</strong></span> <span class='ocrx_word' id='word_1_226' title='bbox 3545 1709 3686 1780; x_wconf 70' lang='grc' dir='ltr'><strong>ψυχ-</strong></span> 
     </span>
    </p>
   </div>
   <div class='ocr_carea' id='block_1_34' title="bbox 2105 1801 3690 1877">
    <p class='ocr_par' dir='ltr' id='par_1_34' title="bbox 2105 1801 3690 1877">
     <span class='ocr_line' id='line_1_34' title="bbox 2105 1801 3690 1877; baseline -0.015 -2"><span class='ocrx_word' id='word_1_227' title='bbox 2105 1804 2318 1873; x_wconf 80' lang='grc' dir='ltr'><strong>γωγίαν</strong></span> <span class='ocrx_word' id='word_1_228' title='bbox 2339 1845 2355 1871; x_wconf 79' lang='lat'><strong>,</strong></span> <span class='ocrx_word' id='word_1_229' title='bbox 2379 1805 2479 1877; x_wconf 80' lang='grc' dir='ltr'><strong>τὴν</strong></span> <span class='ocrx_word' id='word_1_230' title='bbox 2507 1805 2676 1876; x_wconf 82' lang='grc' dir='ltr'><strong>μόνην</strong></span> <span class='ocrx_word' id='word_1_231' title='bbox 2696 1805 3003 1875; x_wconf 76' lang='grc' dir='ltr'><strong>ἀντίληψιν,</strong></span> <span class='ocrx_word' id='word_1_232' title='bbox 3025 1803 3089 1857; x_wconf 78' lang='grc' dir='ltr'><strong>τὸ</strong></span> <span class='ocrx_word' id='word_1_233' title='bbox 3114 1801 3439 1873; x_wconf 74' lang='grc' dir='ltr'><strong>ἔρεισμα,τδ</strong></span> <span class='ocrx_word' id='word_1_234' title='bbox 3471 1802 3690 1871; x_wconf 73' lang='grc' dir='ltr'><strong>ἱλαστήο</strong></span> 
     </span>
    </p>
   </div>
   <div class='ocr_carea' id='block_1_35' title="bbox 2108 1887 3689 1969">
    <p class='ocr_par' dir='ltr' id='par_1_35' title="bbox 2108 1887 3689 1969">
     <span class='ocr_line' id='line_1_35' title="bbox 2108 1887 3689 1969; baseline -0.005 -19"><span class='ocrx_word' id='word_1_235' title='bbox 2108 1914 2244 1969; x_wconf 86' lang='grc' dir='ltr'><strong>ριον,</strong></span> <span class='ocrx_word' id='word_1_236' title='bbox 2290 1896 2380 1951; x_wconf 81' lang='grc' dir='ltr'><strong>τὸν</strong></span> <span class='ocrx_word' id='word_1_237' title='bbox 2421 1895 2730 1969; x_wconf 78' lang='grc' dir='ltr'><strong>περικαλλῆ</strong></span> <span class='ocrx_word' id='word_1_238' title='bbox 2773 1893 3028 1960; x_wconf 65' lang='grc' dir='ltr'><strong>ναὸν,τδν</strong></span> <span class='ocrx_word' id='word_1_239' title='bbox 3080 1892 3413 1963; x_wconf 80' lang='grc' dir='ltr'><strong>ἀσύγκριτον</strong></span> <span class='ocrx_word' id='word_1_240' title='bbox 3451 1887 3598 1944; x_wconf 80' lang='grc' dir='ltr'><strong>οἶκον</strong></span> <span class='ocrx_word' id='word_1_241' title='bbox 3626 1890 3689 1942; x_wconf 78' lang='grc' dir='ltr'><strong>ὃν</strong></span> 
     </span>
    </p>
   </div>
   <div class='ocr_carea' id='block_1_36' title="bbox 418 1969 2000 2059">
    <p class='ocr_par' dir='ltr' id='par_1_36' title="bbox 418 1969 1999 2047">
     <span class='ocr_line' id='line_1_36' title="bbox 418 1969 1999 2047; baseline 0.01 -25"><span class='ocrx_word' id='word_1_242' title='bbox 418 1969 686 2039; x_wconf 76' lang='lat' dir='ltr'><strong>sapientia</strong></span> <span class='ocrx_word' id='word_1_243' title='bbox 739 1972 842 2028; x_wconf 89' lang='lat' dir='ltr'><strong>sub</strong></span> <span class='ocrx_word' id='word_1_244' title='bbox 871 1973 1095 2029; x_wconf 88' lang='lat' dir='ltr'><strong>nomine</strong></span> <span class='ocrx_word' id='word_1_245' title='bbox 1142 1989 1267 2041; x_wconf 90' lang='lat' dir='ltr'><strong>suo,</strong></span> <span class='ocrx_word' id='word_1_246' title='bbox 1292 1991 1457 2047; x_wconf 86' lang='lat' dir='ltr'><strong>super</strong></span> <span class='ocrx_word' id='word_1_247' title='bbox 1485 1992 1649 2046; x_wconf 81' lang='lat' dir='ltr'><strong>quam</strong></span> <span class='ocrx_word' id='word_1_248' title='bbox 1680 1974 1876 2036; x_wconf 83' lang='lat' dir='ltr'><strong>staiuit</strong></span> <span class='ocrx_word' id='word_1_249' title='bbox 1899 1981 1999 2038; x_wconf 82' lang='lat' dir='ltr'><strong>has</strong></span> 
     </span>
    </p>
   </div>
   <div class='ocr_carea' id='block_1_37' title="bbox 2103 1969 3688 2059">
    <p class='ocr_par' dir='ltr' id='par_1_37' title="bbox 2139 1973 3688 2059">
     <span class='ocr_line' id='line_1_37' title="bbox 2139 1973 3688 2059; baseline -0.006 -18"><span class='ocrx_word' id='word_1_250' title='bbox 2139 1987 2490 2059; x_wconf 80' lang='grc' dir='ltr'><strong>ᾠκοδόμησεν</strong></span> <span class='ocrx_word' id='word_1_251' title='bbox 2521 1989 2555 2059; x_wconf 78' lang='grc' dir='ltr'><strong>ἡ</strong></span> <span class='ocrx_word' id='word_1_252' title='bbox 2585 1988 2777 2056; x_wconf 76' lang='grc' dir='ltr'><strong>Σοφία</strong></span> <span class='ocrx_word' id='word_1_253' title='bbox 2806 1987 2901 2039; x_wconf 74' lang='grc' dir='ltr'><strong>ἐπὶ</strong></span> <span class='ocrx_word' id='word_1_254' title='bbox 2927 1984 3005 2055; x_wconf 84' lang='grc' dir='ltr'><strong>τῷ</strong></span> <span class='ocrx_word' id='word_1_255' title='bbox 3028 1983 3226 2053; x_wconf 77' lang='grc' dir='ltr'><strong>ἑαυτῆς</strong></span> <span class='ocrx_word' id='word_1_256' title='bbox 3253 1982 3476 2051; x_wconf 81' lang='grc' dir='ltr'><strong>ὀνόματι</strong></span> <span class='ocrx_word' id='word_1_257' title='bbox 3493 1997 3507 2011; x_wconf 83' lang='grc'><em>’</em></span> <span class='ocrx_word' id='word_1_258' title='bbox 3525 1984 3618 2034; x_wconf 67' lang='grc' dir='ltr'><strong>καὶ</strong></span> <span class='ocrx_word' id='word_1_259' title='bbox 3642 1973 3688 2046; x_wconf 78' lang='grc' dir='ltr'>ᾧ</span> 
     </span>
    </p>
   </div>
   <div class='ocr_carea' id='block_1_38' title="bbox 417 2064 1994 2137">
    <p class='ocr_par' dir='ltr' id='par_1_38' title="bbox 417 2064 1994 2137">
     <span class='ocr_line' id='line_1_38' title="bbox 417 2064 1994 2137; baseline 0.01 -26"><span class='ocrx_word' id='word_1_260' title='bbox 417 2069 628 2131; x_wconf 63' lang='lat' dir='ltr'><strong>septem</strong></span> <span class='ocrx_word' id='word_1_261' title='bbox 653 2064 964 2129; x_wconf 89' lang='lat' dir='ltr'><strong>columnas,</strong></span> <span class='ocrx_word' id='word_1_262' title='bbox 997 2065 1050 2119; x_wconf 91' lang='lat' dir='ltr'><strong>in</strong></span> <span class='ocrx_word' id='word_1_263' title='bbox 1082 2082 1187 2135; x_wconf 85' lang='lat' dir='ltr'><strong>qua</strong></span> <span class='ocrx_word' id='word_1_264' title='bbox 1220 2082 1350 2124; x_wconf 88' lang='lat' dir='ltr'><strong>suas</strong></span> <span class='ocrx_word' id='word_1_265' title='bbox 1392 2070 1696 2126; x_wconf 77' lang='lat' dir='ltr'><strong>immolavit</strong></span> <span class='ocrx_word' id='word_1_266' title='bbox 1716 2072 1994 2137; x_wconf 78' lang='lat' dir='ltr'><strong>victimas,</strong></span> 
     </span>
    </p>
   </div>
   <div class='ocr_carea' id='block_1_39' title="bbox 415 2153 1997 2227">
    <p class='ocr_par' dir='ltr' id='par_1_39' title="bbox 415 2153 1997 2227">
     <span class='ocr_line' id='line_1_39' title="bbox 415 2153 1997 2227; baseline 0.01 -23"><span class='ocrx_word' id='word_1_267' title='bbox 415 2163 470 2205; x_wconf 76' lang='lat' dir='ltr'><strong>et</strong></span> <span class='ocrx_word' id='word_1_268' title='bbox 496 2153 763 2227; x_wconf 79' lang='lat' dir='ltr'><strong>scyphum</strong></span> <span class='ocrx_word' id='word_1_269' title='bbox 795 2155 1052 2223; x_wconf 87' lang='lat' dir='ltr'><strong>miscuit;</strong></span> <span class='ocrx_word' id='word_1_270' title='bbox 1082 2172 1115 2212; x_wconf 92' lang='grc' dir='ltr'><strong>ο</strong></span> <span class='ocrx_word' id='word_1_271' title='bbox 1148 2159 1422 2216; x_wconf 80' lang='lat' dir='ltr'><strong>dolorem!</strong></span> <span class='ocrx_word' id='word_1_272' title='bbox 1462 2177 1496 2217; x_wconf 94' lang='grc' dir='ltr'><strong>ο</strong></span> <span class='ocrx_word' id='word_1_273' title='bbox 1525 2163 1895 2220; x_wconf 82' lang='lat' dir='ltr'><strong>calamitatem</strong></span> <span class='ocrx_word' id='word_1_274' title='bbox 1920 2166 1934 2219; x_wconf 78' lang='grc' dir='ltr'><strong>ι</strong></span> <span class='ocrx_word' id='word_1_275' title='bbox 1964 2181 1997 2220; x_wconf 93' lang='grc' dir='ltr'><strong>ο</strong></span> 
     </span>
    </p>
   </div>
   <div class='ocr_carea' id='block_1_40' title="bbox 419 2245 1994 2328">
    <p class='ocr_par' dir='ltr' id='par_1_40' title="bbox 419 2245 1994 2328">
     <span class='ocr_line' id='line_1_40' title="bbox 419 2245 1994 2328; baseline 0.011 -34"><span class='ocrx_word' id='word_1_276' title='bbox 419 2245 690 2299; x_wconf 87' lang='lat' dir='ltr'><strong>malorum</strong></span> <span class='ocrx_word' id='word_1_277' title='bbox 724 2247 1157 2315; x_wconf 75' lang='lat' dir='ltr'><strong>magnitudinem</strong></span> <span class='ocrx_word' id='word_1_278' title='bbox 1190 2252 1203 2304; x_wconf 76' lang='grc' dir='ltr'>Ξ</span> <span class='ocrx_word' id='word_1_279' title='bbox 1240 2264 1275 2311; x_wconf 89' lang='lat' dir='ltr'><strong>o</strong></span> <span class='ocrx_word' id='word_1_280' title='bbox 1304 2250 1566 2309; x_wconf 86' lang='lat' dir='ltr'><strong>Iliadem!</strong></span> <span class='ocrx_word' id='word_1_281' title='bbox 1600 2256 1727 2326; x_wconf 86' lang='lat' dir='ltr'><strong>quis</strong></span> <span class='ocrx_word' id='word_1_282' title='bbox 1754 2256 1994 2328; x_wconf 81' lang='lat' dir='ltr'><strong>linguam</strong></span> 
     </span>
    </p>
   </div>
   <div class='ocr_carea' id='block_1_41' title="bbox 419 2331 1999 2411">
    <p class='ocr_par' dir='ltr' id='par_1_41' title="bbox 419 2331 1999 2411">
     <span class='ocr_line' id='line_1_41' title="bbox 419 2331 1999 2411; baseline 0.01 -24"><span class='ocrx_word' id='word_1_283' title='bbox 419 2352 528 2389; x_wconf 87' lang='lat' dir='ltr'><strong>non</strong></span> <span class='ocrx_word' id='word_1_284' title='bbox 571 2336 791 2393; x_wconf 75' lang='lat' dir='ltr'><strong>laederet</strong></span> <span class='ocrx_word' id='word_1_285' title='bbox 825 2339 1096 2395; x_wconf 81' lang='lat' dir='ltr'><strong>dicendo?</strong></span> <span class='ocrx_word' id='word_1_286' title='bbox 1123 2341 1253 2411; x_wconf 86' lang='lat' dir='ltr'><strong>quis</strong></span> <span class='ocrx_word' id='word_1_287' title='bbox 1279 2342 1458 2398; x_wconf 83' lang='lat' dir='ltr'><strong>libens</strong></span> <span class='ocrx_word' id='word_1_288' title='bbox 1492 2360 1602 2400; x_wconf 91' lang='lat' dir='ltr'><strong>tton</strong></span> <span class='ocrx_word' id='word_1_289' title='bbox 1631 2331 1999 2403; x_wconf 74' lang='lat' dir='ltr'><strong>suﬂocaretur</strong></span> 
     </span>
    </p>
   </div>
   <div class='ocr_carea' id='block_1_42' title="bbox 415 2432 1997 2509">
    <p class='ocr_par' dir='ltr' id='par_1_42' title="bbox 415 2432 1997 2509">
     <span class='ocr_line' id='line_1_42' title="bbox 415 2432 1997 2509; baseline 0.008 -27"><span class='ocrx_word' id='word_1_290' title='bbox 415 2438 711 2501; x_wconf 80' lang='lat' dir='ltr'><strong>antequam</strong></span> <span class='ocrx_word' id='word_1_291' title='bbox 743 2432 1066 2502; x_wconf 86' lang='lat' dir='ltr'><strong>loqueretur</strong></span> <span class='ocrx_word' id='word_1_292' title='bbox 1094 2434 1166 2490; x_wconf 89' lang='lat' dir='ltr'><strong>de</strong></span> <span class='ocrx_word' id='word_1_293' title='bbox 1193 2435 1295 2490; x_wconf 86' lang='lat' dir='ltr'><strong>hac</strong></span> <span class='ocrx_word' id='word_1_294' title='bbox 1314 2435 1481 2492; x_wconf 85' lang='lat' dir='ltr'><strong>domo</strong></span> <span class='ocrx_word' id='word_1_295' title='bbox 1515 2454 1676 2509; x_wconf 85' lang='lat' dir='ltr'><strong>quant</strong></span> <span class='ocrx_word' id='word_1_296' title='bbox 1719 2438 1823 2496; x_wconf 86' lang='lat' dir='ltr'><strong>sibi</strong></span> <span class='ocrx_word' id='word_1_297' title='bbox 1853 2440 1997 2496; x_wconf 91' lang='lat' dir='ltr'><strong>Dens</strong></span> 
     </span>
    </p>
   </div>
   <div class='ocr_carea' id='block_1_43' title="bbox 413 2521 1998 2601">
    <p class='ocr_par' dir='ltr' id='par_1_43' title="bbox 413 2521 1998 2601">
     <span class='ocr_line' id='line_1_43' title="bbox 413 2521 1998 2601; baseline 0.008 -27"><span class='ocrx_word' id='word_1_298' title='bbox 413 2521 732 2592; x_wconf 71' lang='lat' dir='ltr'><strong>selegerat?</strong></span> <span class='ocrx_word' id='word_1_299' title='bbox 783 2538 946 2594; x_wconf 82' lang='lat' dir='ltr'><strong>quam</strong></span> <span class='ocrx_word' id='word_1_300' title='bbox 1015 2525 1419 2596; x_wconf 82' lang='lat' dir='ltr'><strong>frequentabat,</strong></span> <span class='ocrx_word' id='word_1_301' title='bbox 1478 2544 1644 2600; x_wconf 86' lang='lat' dir='ltr'><strong>quam</strong></span> <span class='ocrx_word' id='word_1_302' title='bbox 1698 2539 1754 2585; x_wconf 85' lang='grc' dir='ltr'><strong>ιιι</strong></span> <span class='ocrx_word' id='word_1_303' title='bbox 1822 2533 1998 2601; x_wconf 78' lang='lat' dir='ltr'><strong>magis</strong></span> 
     </span>
    </p>
   </div>
   <div class='ocr_carea' id='block_1_44' title="bbox 412 2613 1997 2694">
    <p class='ocr_par' dir='ltr' id='par_1_44' title="bbox 412 2613 1997 2694">
     <span class='ocr_line' id='line_1_44' title="bbox 412 2613 1997 2694; baseline 0.009 -31"><span class='ocrx_word' id='word_1_304' title='bbox 412 2613 611 2678; x_wconf 86' lang='lat' dir='ltr'><strong>dicam,</strong></span> <span class='ocrx_word' id='word_1_305' title='bbox 650 2621 712 2668; x_wconf 92' lang='lat' dir='ltr'><strong>ut</strong></span> <span class='ocrx_word' id='word_1_306' title='bbox 756 2614 988 2683; x_wconf 87' lang='lat' dir='ltr'><strong>patriam</strong></span> <span class='ocrx_word' id='word_1_307' title='bbox 1021 2616 1322 2684; x_wconf 79' lang='lat' dir='ltr'><strong>habitabat,</strong></span> <span class='ocrx_word' id='word_1_308' title='bbox 1366 2619 1421 2674; x_wconf 90' lang='lat' dir='ltr'><strong>in</strong></span> <span class='ocrx_word' id='word_1_309' title='bbox 1449 2636 1553 2691; x_wconf 87' lang='lat' dir='ltr'><strong>qua</strong></span> <span class='ocrx_word' id='word_1_310' title='bbox 1586 2623 1862 2694; x_wconf 88' lang='lat' dir='ltr'><strong>propitius</strong></span> <span class='ocrx_word' id='word_1_311' title='bbox 1884 2622 1997 2678; x_wconf 82' lang='lat' dir='ltr'><strong>clli-</strong></span> 
     </span>
    </p>
   </div>
   <div class='ocr_carea' id='block_1_45' title="bbox 412 2704 1999 2782">
    <p class='ocr_par' dir='ltr' id='par_1_45' title="bbox 412 2704 1999 2782">
     <span class='ocr_line' id='line_1_45' title="bbox 412 2704 1999 2782; baseline 0.006 -25"><span class='ocrx_word' id='word_1_312' title='bbox 412 2704 683 2769; x_wconf 72' lang='lat' dir='ltr'><strong>ciebatttr,</strong></span> <span class='ocrx_word' id='word_1_313' title='bbox 714 2721 822 2776; x_wconf 91' lang='lat' dir='ltr'><strong>qua</strong></span> <span class='ocrx_word' id='word_1_314' title='bbox 847 2706 1248 2770; x_wconf 79' lang='lat' dir='ltr'><strong>delectabatur.</strong></span> <span class='ocrx_word' id='word_1_315' title='bbox 1285 2713 1340 2768; x_wconf 90' lang='lat' dir='ltr'><strong>in</strong></span> <span class='ocrx_word' id='word_1_316' title='bbox 1383 2727 1489 2782; x_wconf 90' lang='lat' dir='ltr'><strong>qua</strong></span> <span class='ocrx_word' id='word_1_317' title='bbox 1522 2715 1999 2770; x_wconf 87' lang='lat' dir='ltr'><strong>conservabantur</strong></span> 
     </span>
    </p>
   </div>
   <div class='ocr_carea' id='block_1_46' title="bbox 414 2796 2000 2875">
    <p class='ocr_par' dir='ltr' id='par_1_46' title="bbox 414 2796 2000 2875">
     <span class='ocr_line' id='line_1_46' title="bbox 414 2796 2000 2875; baseline 0.011 -29"><span class='ocrx_word' id='word_1_318' title='bbox 414 2796 840 2865; x_wconf 81' lang='lat' dir='ltr'><strong>pretiosissima,</strong></span> <span class='ocrx_word' id='word_1_319' title='bbox 895 2801 1099 2865; x_wconf 87' lang='lat' dir='ltr'><strong>oleum,</strong></span> <span class='ocrx_word' id='word_1_320' title='bbox 1156 2801 1418 2865; x_wconf 81' lang='lat' dir='ltr'><strong>chrisma,</strong></span> <span class='ocrx_word' id='word_1_321' title='bbox 1465 2805 1674 2875; x_wconf 74' lang='lat' dir='ltr'><strong>regium</strong></span> <span class='ocrx_word' id='word_1_322' title='bbox 1747 2806 1877 2861; x_wconf 90' lang='lat' dir='ltr'><strong>dico</strong></span> <span class='ocrx_word' id='word_1_323' title='bbox 1945 2816 2000 2863; x_wconf 90' lang='lat' dir='ltr'><strong>et</strong></span> 
     </span>
    </p>
   </div>
   <div class='ocr_carea' id='block_1_47' title="bbox 412 2890 1999 2966">
    <p class='ocr_par' dir='ltr' id='par_1_47' title="bbox 412 2890 1999 2966">
     <span class='ocr_line' id='line_1_47' title="bbox 412 2890 1999 2966; baseline 0.009 -28"><span class='ocrx_word' id='word_1_324' title='bbox 412 2890 832 2955; x_wconf 75' lang='lat' dir='ltr'><strong>sacramentalc,</strong></span> <span class='ocrx_word' id='word_1_325' title='bbox 866 2892 1254 2948; x_wconf 88' lang='lat' dir='ltr'><strong>miraculosutn</strong></span> <span class='ocrx_word' id='word_1_326' title='bbox 1284 2894 1488 2951; x_wconf 84' lang='lat' dir='ltr'><strong>Christi</strong></span> <span class='ocrx_word' id='word_1_327' title='bbox 1531 2911 1734 2966; x_wconf 86' lang='lat' dir='ltr'><strong>corpus</strong></span> <span class='ocrx_word' id='word_1_328' title='bbox 1767 2907 1822 2953; x_wconf 91' lang='lat' dir='ltr'><strong>et</strong></span> <span class='ocrx_word' id='word_1_329' title='bbox 1870 2912 1999 2953; x_wconf 85' lang='lat' dir='ltr'><strong>san-</strong></span> 
     </span>
    </p>
   </div>
   <div class='ocr_carea' id='block_1_48' title="bbox 407 2980 1999 3060">
    <p class='ocr_par' dir='ltr' id='par_1_48' title="bbox 407 2980 1999 3060">
     <span class='ocr_line' id='line_1_48' title="bbox 407 2980 1999 3060; baseline 0.008 -26"><span class='ocrx_word' id='word_1_330' title='bbox 407 2980 555 3050; x_wconf 69' lang='lat' dir='ltr'><strong>guis,</strong></span> <span class='ocrx_word' id='word_1_331' title='bbox 620 2982 675 3037; x_wconf 92' lang='lat' dir='ltr'><strong>in</strong></span> <span class='ocrx_word' id='word_1_332' title='bbox 742 2998 846 3053; x_wconf 85' lang='lat' dir='ltr'><strong>qua</strong></span> <span class='ocrx_word' id='word_1_333' title='bbox 919 2984 1305 3042; x_wconf 87' lang='lat' dir='ltr'><strong>immolabatur</strong></span> <span class='ocrx_word' id='word_1_334' title='bbox 1346 2988 1549 3059; x_wconf 84' lang='lat' dir='ltr'><strong>ipse?</strong></span> <span class='ocrx_word' id='word_1_335' title='bbox 1616 2991 1742 3060; x_wconf 89' lang='lat' dir='ltr'><strong>quis</strong></span> <span class='ocrx_word' id='word_1_336' title='bbox 1818 2990 1999 3046; x_wconf 87' lang='lat' dir='ltr'><strong>dicere</strong></span> 
     </span>
    </p>
   </div>
   <div class='ocr_carea' id='block_1_49' title="bbox 412 3072 1999 3151">
    <p class='ocr_par' dir='ltr' id='par_1_49' title="bbox 412 3072 1999 3151">
     <span class='ocr_line' id='line_1_49' title="bbox 412 3072 1999 3151; baseline 0.01 -26"><span class='ocrx_word' id='word_1_337' title='bbox 412 3072 639 3129; x_wconf 78' lang='lat' dir='ltr'><strong>audebit</strong></span> <span class='ocrx_word' id='word_1_338' title='bbox 691 3078 838 3147; x_wconf 90' lang='lat' dir='ltr'><strong>quod</strong></span> <span class='ocrx_word' id='word_1_339' title='bbox 909 3077 1115 3133; x_wconf 74' lang='lat' dir='ltr'><strong>laetum</strong></span> <span class='ocrx_word' id='word_1_340' title='bbox 1173 3079 1309 3135; x_wconf 83' lang='lat' dir='ltr'><strong>est?</strong></span> <span class='ocrx_word' id='word_1_341' title='bbox 1347 3080 1474 3151; x_wconf 92' lang='lat' dir='ltr'><strong>quis</strong></span> <span class='ocrx_word' id='word_1_342' title='bbox 1539 3080 1707 3139; x_wconf 86' lang='lat' dir='ltr'><strong>ferret</strong></span> <span class='ocrx_word' id='word_1_343' title='bbox 1781 3085 1999 3141; x_wconf 88' lang='lat' dir='ltr'><strong>animus</strong></span> 
     </span>
    </p>
   </div>
   <div class='ocr_carea' id='block_1_50' title="bbox 380 3167 2001 3245">
    <p class='ocr_par' dir='ltr' id='par_1_50' title="bbox 380 3167 2001 3245">
     <span class='ocr_line' id='line_1_50' title="bbox 380 3167 2001 3245; baseline 0.008 -28"><span class='ocrx_word' id='word_1_344' title='bbox 380 3181 601 3245; x_wconf 26' lang='lat' dir='ltr'><strong>&#39;Vocem</strong></span> <span class='ocrx_word' id='word_1_345' title='bbox 645 3167 947 3239; x_wconf 82' lang='lat' dir='ltr'><strong>proferre?</strong></span> <span class='ocrx_word' id='word_1_346' title='bbox 985 3172 1243 3241; x_wconf 87' lang='lat' dir='ltr'><strong>templum</strong></span> <span class='ocrx_word' id='word_1_347' title='bbox 1289 3172 1396 3228; x_wconf 90' lang='lat' dir='ltr'><strong>hoc</strong></span> <span class='ocrx_word' id='word_1_348' title='bbox 1427 3173 1724 3240; x_wconf 89' lang='lat' dir='ltr'><strong>famosum,</strong></span> <span class='ocrx_word' id='word_1_349' title='bbox 1758 3175 2001 3232; x_wconf 88' lang='lat' dir='ltr'><strong>celebra-</strong></span> 
     </span>
    </p>
   </div>
   <div class='ocr_carea' id='block_1_51' title="bbox 412 3260 1996 3335">
    <p class='ocr_par' dir='ltr' id='par_1_51' title="bbox 412 3260 1996 3335">
     <span class='ocr_line' id='line_1_51' title="bbox 412 3260 1996 3335; baseline 0.006 -24"><span class='ocrx_word' id='word_1_350' title='bbox 412 3269 551 3324; x_wconf 86' lang='lat' dir='ltr'><strong>tum,</strong></span> <span class='ocrx_word' id='word_1_351' title='bbox 608 3260 930 3317; x_wconf 85' lang='lat' dir='ltr'><strong>inviolatum</strong></span> <span class='ocrx_word' id='word_1_352' title='bbox 963 3263 1183 3328; x_wconf 89' lang='lat' dir='ltr'><strong>cecidit,</strong></span> <span class='ocrx_word' id='word_1_353' title='bbox 1228 3271 1406 3335; x_wconf 87' lang='lat' dir='ltr'><strong>puto;</strong></span> <span class='ocrx_word' id='word_1_354' title='bbox 1458 3266 1661 3321; x_wconf 88' lang='lat' dir='ltr'><strong>cecidit</strong></span> <span class='ocrx_word' id='word_1_355' title='bbox 1687 3275 1996 3323; x_wconf 70' lang='lat' dir='ltr'><strong>terraentotn</strong></span> 
     </span>
    </p>
   </div>
   <div class='ocr_carea' id='block_1_52' title="bbox 2102 2065 3689 2150">
    <p class='ocr_par' dir='ltr' id='par_1_52' title="bbox 2102 2065 3689 2150">
     <span class='ocr_line' id='line_1_52' title="bbox 2102 2065 3689 2150; baseline -0.005 -18"><span class='ocrx_word' id='word_1_356' title='bbox 2102 2080 2370 2150; x_wconf 83' lang='grc' dir='ltr'><strong>ὑπήρεισε</strong></span> <span class='ocrx_word' id='word_1_357' title='bbox 2401 2077 2530 2143; x_wconf 86' lang='grc' dir='ltr'><strong>τοὺς</strong></span> <span class='ocrx_word' id='word_1_358' title='bbox 2557 2077 2697 2131; x_wconf 79' lang='grc' dir='ltr'><strong>ἑπτὰ</strong></span> <span class='ocrx_word' id='word_1_359' title='bbox 2747 2076 2974 2140; x_wconf 78' lang='grc' dir='ltr'><strong>στύλους</strong></span> <span class='ocrx_word' id='word_1_360' title='bbox 3001 2075 3244 2136; x_wconf 76' lang='grc' dir='ltr'><strong>ἐκείνους</strong></span> <span class='ocrx_word' id='word_1_361' title='bbox 3264 2092 3279 2106; x_wconf 74' lang='grc' dir='ltr'><strong><em>ο</em></strong></span> <span class='ocrx_word' id='word_1_362' title='bbox 3325 2074 3467 2143; x_wconf 81' lang='grc' dir='ltr'><strong>ὑπὲρ</strong></span> <span class='ocrx_word' id='word_1_363' title='bbox 3504 2065 3565 2127; x_wconf 69' lang='grc' dir='ltr'><strong>οὗ</strong></span> <span class='ocrx_word' id='word_1_364' title='bbox 3590 2071 3689 2126; x_wconf 76' lang='grc' dir='ltr'><strong>καὶ</strong></span> 
     </span>
    </p>
   </div>
   <div class='ocr_carea' id='block_1_53' title="bbox 2099 2162 3688 2240">
    <p class='ocr_par' dir='ltr' id='par_1_53' title="bbox 2099 2162 3688 2240">
     <span class='ocr_line' id='line_1_53' title="bbox 2099 2162 3688 2240; baseline -0.007 -15"><span class='ocrx_word' id='word_1_365' title='bbox 2099 2170 2168 2225; x_wconf 82' lang='grc' dir='ltr'><strong>τὰ</strong></span> <span class='ocrx_word' id='word_1_366' title='bbox 2197 2171 2394 2240; x_wconf 80' lang='grc' dir='ltr'><strong>ἑαυτῆς</strong></span> <span class='ocrx_word' id='word_1_367' title='bbox 2426 2168 2629 2238; x_wconf 74' lang='grc' dir='ltr'><strong>ἔσφαξε</strong></span> <span class='ocrx_word' id='word_1_368' title='bbox 2656 2167 2878 2239; x_wconf 83' lang='grc' dir='ltr'><strong>θύματα</strong></span> <span class='ocrx_word' id='word_1_369' title='bbox 2899 2184 2914 2198; x_wconf 76' lang='grc' dir='ltr'>ο</span> <span class='ocrx_word' id='word_1_370' title='bbox 2953 2168 3047 2221; x_wconf 72' lang='grc' dir='ltr'><strong>καὶ</strong></span> <span class='ocrx_word' id='word_1_371' title='bbox 3084 2165 3180 2220; x_wconf 80' lang='grc' dir='ltr'><strong>τὸν</strong></span> <span class='ocrx_word' id='word_1_372' title='bbox 3208 2164 3384 2236; x_wconf 84' lang='grc' dir='ltr'><strong>κρατῆ</strong></span> <span class='ocrx_word' id='word_1_373' title='bbox 3396 2180 3463 2232; x_wconf 86' lang='grc' dir='ltr'><strong>ρο.</strong></span> <span class='ocrx_word' id='word_1_374' title='bbox 3492 2162 3688 2232; x_wconf 80' lang='grc' dir='ltr'><strong>ἐκέρα-</strong></span> 
     </span>
    </p>
   </div>
   <div class='ocr_carea' id='block_1_54' title="bbox 2102 2252 3684 2328">
    <p class='ocr_par' dir='ltr' id='par_1_54' title="bbox 2102 2252 3684 2328">
     <span class='ocr_line' id='line_1_54' title="bbox 2102 2252 3684 2328; baseline -0.004 -15"><span class='ocrx_word' id='word_1_375' title='bbox 2102 2277 2218 2314; x_wconf 85' lang='grc' dir='ltr'><strong>σεν.</strong></span> <span class='ocrx_word' id='word_1_376' title='bbox 2250 2260 2315 2312; x_wconf 86' lang='grc' dir='ltr'><strong>Ὢ</strong></span> <span class='ocrx_word' id='word_1_377' title='bbox 2352 2258 2446 2312; x_wconf 81' lang='grc' dir='ltr'><strong>τοῦ</strong></span> <span class='ocrx_word' id='word_1_378' title='bbox 2478 2257 2718 2321; x_wconf 72' lang='grc' dir='ltr'><strong>πάθουςῐ</strong></span> <span class='ocrx_word' id='word_1_379' title='bbox 2754 2256 2800 2310; x_wconf 83' lang='grc' dir='ltr'><strong>ὣ</strong></span> <span class='ocrx_word' id='word_1_380' title='bbox 2830 2257 2932 2325; x_wconf 86' lang='grc' dir='ltr'><strong>τῆς</strong></span> <span class='ocrx_word' id='word_1_381' title='bbox 2966 2257 3252 2328; x_wconf 73' lang='grc' dir='ltr'><strong>συμφορᾶς</strong></span> <span class='ocrx_word' id='word_1_382' title='bbox 3279 2256 3293 2310; x_wconf 87' lang='lat' dir='ltr'><strong>l</strong></span> <span class='ocrx_word' id='word_1_383' title='bbox 3321 2252 3367 2307; x_wconf 84' lang='grc' dir='ltr'><strong>ὣ</strong></span> <span class='ocrx_word' id='word_1_384' title='bbox 3394 2253 3489 2308; x_wconf 82' lang='grc' dir='ltr'><strong>τοῦ</strong></span> <span class='ocrx_word' id='word_1_385' title='bbox 3520 2252 3684 2323; x_wconf 71' lang='grc' dir='ltr'><strong>μεγέ·</strong></span> 
     </span>
    </p>
   </div>
   <div class='ocr_carea' id='block_1_55' title="bbox 2102 2342 3688 2417">
    <p class='ocr_par' dir='ltr' id='par_1_55' title="bbox 2102 2342 3688 2417">
     <span class='ocr_line' id='line_1_55' title="bbox 2102 2342 3688 2417; baseline -0.005 -15"><span class='ocrx_word' id='word_1_386' title='bbox 2102 2348 2227 2413; x_wconf 85' lang='grc' dir='ltr'><strong>θους</strong></span> <span class='ocrx_word' id='word_1_387' title='bbox 2248 2349 2356 2402; x_wconf 87' lang='grc' dir='ltr'><strong>τῶν</strong></span> <span class='ocrx_word' id='word_1_388' title='bbox 2379 2348 2564 2402; x_wconf 83' lang='grc' dir='ltr'><strong>κακῶν</strong></span> <span class='ocrx_word' id='word_1_389' title='bbox 2589 2350 2601 2402; x_wconf 87' lang='lat' dir='ltr'><strong>l</strong></span> <span class='ocrx_word' id='word_1_390' title='bbox 2631 2347 2677 2401; x_wconf 83' lang='grc' dir='ltr'><strong>ὣ</strong></span> <span class='ocrx_word' id='word_1_391' title='bbox 2704 2349 2804 2417; x_wconf 84' lang='grc' dir='ltr'><strong>τῆς</strong></span> <span class='ocrx_word' id='word_1_392' title='bbox 2843 2347 3093 2410; x_wconf 75' lang='grc' dir='ltr'><strong>Ἰλιάδοςί</strong></span> <span class='ocrx_word' id='word_1_393' title='bbox 3125 2346 3220 2409; x_wconf 74' lang='grc' dir='ltr'><strong>Τίς</strong></span> <span class='ocrx_word' id='word_1_394' title='bbox 3245 2344 3345 2398; x_wconf 74' lang='grc' dir='ltr'><strong>οὐκ</strong></span> <span class='ocrx_word' id='word_1_395' title='bbox 3375 2342 3441 2396; x_wconf 75' lang='grc' dir='ltr'><strong>ἂν</strong></span> <span class='ocrx_word' id='word_1_396' title='bbox 3473 2342 3569 2396; x_wconf 77' lang='grc' dir='ltr'><strong>καὶ</strong></span> <span class='ocrx_word' id='word_1_397' title='bbox 3587 2344 3688 2412; x_wconf 81' lang='grc' dir='ltr'><strong>τὴν</strong></span> 
     </span>
    </p>
   </div>
   <div class='ocr_carea' id='block_1_56' title="bbox 2142 2431 3686 2507">
    <p class='ocr_par' dir='ltr' id='par_1_56' title="bbox 2142 2431 3686 2507">
     <span class='ocr_line' id='line_1_56' title="bbox 2142 2431 3686 2507; baseline -0.002 -18"><span class='ocrx_word' id='word_1_398' title='bbox 2142 2436 2395 2503; x_wconf 85' lang='grc' dir='ltr'><strong>γλῶσσαν</strong></span> <span class='ocrx_word' id='word_1_399' title='bbox 2421 2436 2634 2493; x_wconf 82' lang='grc' dir='ltr'><strong>ἐνδάκοι</strong></span> <span class='ocrx_word' id='word_1_400' title='bbox 2687 2436 2832 2491; x_wconf 84' lang='grc' dir='ltr'><strong>ὥστε</strong></span> <span class='ocrx_word' id='word_1_401' title='bbox 2863 2437 2937 2507; x_wconf 79' lang='grc' dir='ltr'><strong>μὴ</strong></span> <span class='ocrx_word' id='word_1_402' title='bbox 2972 2437 3146 2503; x_wconf 73' lang='grc' dir='ltr'><strong>εἰπεῖν</strong></span> <span class='ocrx_word' id='word_1_403' title='bbox 3170 2452 3184 2500; x_wconf 88' lang='lat'><strong>;</strong></span> <span class='ocrx_word' id='word_1_404' title='bbox 3218 2434 3301 2498; x_wconf 85' lang='grc' dir='ltr'><strong>τίς</strong></span> <span class='ocrx_word' id='word_1_405' title='bbox 3326 2434 3427 2486; x_wconf 80' lang='grc' dir='ltr'><strong>οὐκ</strong></span> <span class='ocrx_word' id='word_1_406' title='bbox 3452 2432 3518 2486; x_wconf 85' lang='grc' dir='ltr'>ἂν</span> <span class='ocrx_word' id='word_1_407' title='bbox 3543 2431 3686 2487; x_wconf 80' lang='grc' dir='ltr'><strong>ἐκὼν</strong></span> 
     </span>
    </p>
   </div>
   <div class='ocr_carea' id='block_1_57' title="bbox 2101 2520 3685 2597">
    <p class='ocr_par' dir='ltr' id='par_1_57' title="bbox 2101 2520 3685 2597">
     <span class='ocr_line' id='line_1_57' title="bbox 2101 2520 3685 2597; baseline -0.002 -18"><span class='ocrx_word' id='word_1_408' title='bbox 2101 2524 2431 2595; x_wconf 79' lang='grc' dir='ltr'><strong>ἀποπνιγείη</strong></span> <span class='ocrx_word' id='word_1_409' title='bbox 2459 2526 2589 2597; x_wconf 74' lang='grc' dir='ltr'><strong>πρὶν</strong></span> <span class='ocrx_word' id='word_1_410' title='bbox 2628 2525 2926 2596; x_wconf 72' lang='grc' dir='ltr'><strong>ἐκλαλῆσαι.</strong></span> <span class='ocrx_word' id='word_1_411' title='bbox 2950 2524 3139 2578; x_wconf 82' lang='grc' dir='ltr'><strong>τοῦτον</strong></span> <span class='ocrx_word' id='word_1_412' title='bbox 3167 2524 3378 2577; x_wconf 77' lang='grc' dir='ltr'><strong>ἐκεῖνον</strong></span> <span class='ocrx_word' id='word_1_413' title='bbox 3403 2520 3464 2575; x_wconf 73' lang='grc' dir='ltr'><strong>δν</strong></span> <span class='ocrx_word' id='word_1_414' title='bbox 3493 2523 3521 2575; x_wconf 90' lang='grc' dir='ltr'><strong>ό</strong></span> <span class='ocrx_word' id='word_1_415' title='bbox 3553 2520 3685 2586; x_wconf 75' lang='grc' dir='ltr'><strong>Θεὸς</strong></span> 
     </span>
    </p>
   </div>
   <div class='ocr_carea' id='block_1_58' title="bbox 2099 2609 3686 2685">
    <p class='ocr_par' dir='ltr' id='par_1_58' title="bbox 2099 2609 3686 2685">
     <span class='ocr_line' id='line_1_58' title="bbox 2099 2609 3686 2685; baseline -0.002 -16"><span class='ocrx_word' id='word_1_416' title='bbox 2099 2615 2405 2684; x_wconf 73' lang='grc' dir='ltr'><strong>ἐξελέξατο,</strong></span> <span class='ocrx_word' id='word_1_417' title='bbox 2451 2609 2495 2685; x_wconf 81' lang='grc' dir='ltr'><strong>ᾧ</strong></span> <span class='ocrx_word' id='word_1_418' title='bbox 2523 2617 2824 2685; x_wconf 69' lang='grc' dir='ltr'><strong>ἐπεφοίτα,</strong></span> <span class='ocrx_word' id='word_1_419' title='bbox 2864 2610 2910 2685; x_wconf 80' lang='grc' dir='ltr'>ᾧ</span> <span class='ocrx_word' id='word_1_420' title='bbox 2961 2615 3163 2685; x_wconf 82' lang='grc' dir='ltr'><strong>μᾶλλον</strong></span> <span class='ocrx_word' id='word_1_421' title='bbox 3196 2615 3370 2668; x_wconf 81' lang='grc' dir='ltr'><strong>εἰπεῖν</strong></span> <span class='ocrx_word' id='word_1_422' title='bbox 3409 2612 3686 2685; x_wconf 77' lang='grc' dir='ltr'><strong>ἐνεδὴμει,</strong></span> 
     </span>
    </p>
   </div>
   <div class='ocr_carea' id='block_1_59' title="bbox 2098 2700 3679 2780">
    <p class='ocr_par' dir='ltr' id='par_1_59' title="bbox 2098 2700 3679 2780">
     <span class='ocr_line' id='line_1_59' title="bbox 2098 2700 3679 2780; baseline 0.001 -22"><span class='ocrx_word' id='word_1_423' title='bbox 2098 2700 2143 2776; x_wconf 79' lang='grc' dir='ltr'>ᾧ</span> <span class='ocrx_word' id='word_1_424' title='bbox 2179 2709 2469 2779; x_wconf 69' lang='grc' dir='ltr'><strong>ἠρέσκετο,</strong></span> <span class='ocrx_word' id='word_1_425' title='bbox 2519 2700 2564 2776; x_wconf 82' lang='grc' dir='ltr'>ᾧ</span> <span class='ocrx_word' id='word_1_426' title='bbox 2601 2708 2956 2780; x_wconf 77' lang='grc' dir='ltr'><strong>ἐπετέρπετο,</strong></span> <span class='ocrx_word' id='word_1_427' title='bbox 3014 2706 3092 2771; x_wconf 83' lang='grc' dir='ltr'><strong>είς</strong></span> <span class='ocrx_word' id='word_1_428' title='bbox 3129 2705 3189 2760; x_wconf 71' lang='grc' dir='ltr'><strong>ὃν</strong></span> <span class='ocrx_word' id='word_1_429' title='bbox 3226 2705 3487 2759; x_wconf 80' lang='grc' dir='ltr'><strong>ἀπέκειτο</strong></span> <span class='ocrx_word' id='word_1_430' title='bbox 3511 2703 3581 2758; x_wconf 79' lang='grc' dir='ltr'><strong>τὰ</strong></span> <span class='ocrx_word' id='word_1_431' title='bbox 3605 2720 3679 2760; x_wconf 69' lang='grc' dir='ltr'><strong>τιι</strong></span> 
     </span>
    </p>
   </div>
   <div class='ocr_carea' id='block_1_60' title="bbox 2104 2797 3682 2872">
    <p class='ocr_par' dir='ltr' id='par_1_60' title="bbox 2104 2797 3682 2872">
     <span class='ocr_line' id='line_1_60' title="bbox 2104 2797 3682 2872; baseline -0.001 -19"><span class='ocrx_word' id='word_1_432' title='bbox 2104 2800 2372 2871; x_wconf 84' lang='grc' dir='ltr'><strong>μιὼτατα,</strong></span> <span class='ocrx_word' id='word_1_433' title='bbox 2405 2798 2468 2855; x_wconf 79' lang='grc' dir='ltr'><strong>τὸ</strong></span> <span class='ocrx_word' id='word_1_434' title='bbox 2500 2799 2696 2872; x_wconf 82' lang='grc' dir='ltr'><strong>μύρον,</strong></span> <span class='ocrx_word' id='word_1_435' title='bbox 2739 2799 2802 2853; x_wconf 79' lang='grc' dir='ltr'><strong>τὸ</strong></span> <span class='ocrx_word' id='word_1_436' title='bbox 2834 2799 3062 2871; x_wconf 82' lang='grc' dir='ltr'><strong>χρίσμα,</strong></span> <span class='ocrx_word' id='word_1_437' title='bbox 3103 2798 3164 2851; x_wconf 78' lang='grc' dir='ltr'><strong>τὸ</strong></span> <span class='ocrx_word' id='word_1_438' title='bbox 3200 2798 3481 2868; x_wconf 83' lang='grc' dir='ltr'><strong>βασιλικὸν</strong></span> <span class='ocrx_word' id='word_1_439' title='bbox 3512 2797 3682 2866; x_wconf 84' lang='grc' dir='ltr'><strong>λέγω,</strong></span> 
     </span>
    </p>
   </div>
   <div class='ocr_carea' id='block_1_61' title="bbox 2101 2888 3684 2964">
    <p class='ocr_par' dir='ltr' id='par_1_61' title="bbox 2101 2888 3684 2964">
     <span class='ocr_line' id='line_1_61' title="bbox 2101 2888 3684 2964; baseline -0.001 -18"><span class='ocrx_word' id='word_1_440' title='bbox 2101 2892 2195 2946; x_wconf 75' lang='grc' dir='ltr'><strong>καὶ</strong></span> <span class='ocrx_word' id='word_1_441' title='bbox 2229 2893 2291 2947; x_wconf 77' lang='grc' dir='ltr'><strong>τὸ</strong></span> <span class='ocrx_word' id='word_1_442' title='bbox 2329 2891 2607 2963; x_wconf 78' lang='grc' dir='ltr'><strong>ἱερατικὸν</strong></span> <span class='ocrx_word' id='word_1_443' title='bbox 2625 2932 2641 2956; x_wconf 88' lang='grc'><strong>,</strong></span> <span class='ocrx_word' id='word_1_444' title='bbox 2664 2891 2805 2944; x_wconf 80' lang='grc' dir='ltr'><strong>εἴπω</strong></span> <span class='ocrx_word' id='word_1_445' title='bbox 2824 2892 2884 2945; x_wconf 83' lang='grc' dir='ltr'><strong>τὺ</strong></span> <span class='ocrx_word' id='word_1_446' title='bbox 2904 2888 3205 2964; x_wconf 80' lang='grc' dir='ltr'><strong>παράδοξον</strong></span> <span class='ocrx_word' id='word_1_447' title='bbox 3227 2889 3289 2944; x_wconf 79' lang='grc' dir='ltr'><strong>τὸ</strong></span> <span class='ocrx_word' id='word_1_448' title='bbox 3316 2888 3412 2946; x_wconf 79' lang='grc' dir='ltr'><strong>τοῦ</strong></span> <span class='ocrx_word' id='word_1_449' title='bbox 3441 2888 3684 2960; x_wconf 81' lang='grc' dir='ltr'><strong>Χριστοῦ</strong></span> 
     </span>
    </p>
   </div>
   <div class='ocr_carea' id='block_1_62' title="bbox 2103 2972 3687 3053">
    <p class='ocr_par' dir='ltr' id='par_1_62' title="bbox 2103 2972 3687 3053">
     <span class='ocr_line' id='line_1_62' title="bbox 2103 2972 3687 3053; baseline -0.001 -18"><span class='ocrx_word' id='word_1_450' title='bbox 2103 2981 2262 3053; x_wconf 80' lang='grc' dir='ltr'><strong>σῶμα</strong></span> <span class='ocrx_word' id='word_1_451' title='bbox 2303 2983 2399 3036; x_wconf 78' lang='grc' dir='ltr'><strong>καὶ</strong></span> <span class='ocrx_word' id='word_1_452' title='bbox 2439 2976 2598 3053; x_wconf 70' lang='grc' dir='ltr'><strong>αἷμα,</strong></span> <span class='ocrx_word' id='word_1_453' title='bbox 2631 2983 2688 3036; x_wconf 83' lang='grc' dir='ltr'><strong>ἐν</strong></span> <span class='ocrx_word' id='word_1_454' title='bbox 2719 2975 2764 3050; x_wconf 81' lang='grc' dir='ltr'>ᾧ</span> <span class='ocrx_word' id='word_1_455' title='bbox 2790 2980 2981 3037; x_wconf 76' lang='grc' dir='ltr'><strong>ἐθύετο</strong></span> <span class='ocrx_word' id='word_1_456' title='bbox 3009 2972 3198 3047; x_wconf 51' lang='grc' dir='ltr'><strong>οὗτος</strong></span> <span class='ocrx_word' id='word_1_457' title='bbox 3231 2980 3327 3043; x_wconf 77' lang='grc' dir='ltr'><strong>Τίς</strong></span> <span class='ocrx_word' id='word_1_458' title='bbox 3361 2982 3535 3034; x_wconf 76' lang='grc' dir='ltr'><strong>εἰπεῖν</strong></span> <span class='ocrx_word' id='word_1_459' title='bbox 3568 2978 3687 3034; x_wconf 85' lang='grc' dir='ltr'><strong>τολ-</strong></span> 
     </span>
    </p>
   </div>
   <div class='ocr_carea' id='block_1_63' title="bbox 2105 3071 3684 3146">
    <p class='ocr_par' dir='ltr' id='par_1_63' title="bbox 2105 3071 3684 3146">
     <span class='ocr_line' id='line_1_63' title="bbox 2105 3071 3684 3146; baseline -0.003 -17"><span class='ocrx_word' id='word_1_460' title='bbox 2105 3076 2267 3146; x_wconf 85' lang='grc' dir='ltr'><strong>μήσει</strong></span> <span class='ocrx_word' id='word_1_461' title='bbox 2294 3074 2356 3129; x_wconf 83' lang='grc' dir='ltr'><strong>τὸ</strong></span> <span class='ocrx_word' id='word_1_462' title='bbox 2388 3076 2647 3144; x_wconf 85' lang='grc' dir='ltr'><strong>γεγονός;</strong></span> <span class='ocrx_word' id='word_1_463' title='bbox 2683 3075 2769 3138; x_wconf 82' lang='grc' dir='ltr'><strong>τίς</strong></span> <span class='ocrx_word' id='word_1_464' title='bbox 2795 3074 3009 3142; x_wconf 81' lang='grc' dir='ltr'><strong>ἐνέγκοι</strong></span> <span class='ocrx_word' id='word_1_465' title='bbox 3028 3071 3175 3145; x_wconf 82' lang='grc' dir='ltr'>ψυχὴ</span> <span class='ocrx_word' id='word_1_466' title='bbox 3205 3074 3558 3146; x_wconf 74' lang='grc' dir='ltr'><strong>προενεγκεῖν</strong></span> <span class='ocrx_word' id='word_1_467' title='bbox 3581 3071 3684 3143; x_wconf 74' lang='grc' dir='ltr'><strong>τὴν</strong></span> 
     </span>
    </p>
   </div>
   <div class='ocr_carea' id='block_1_64' title="bbox 2103 3159 3686 3238">
    <p class='ocr_par' dir='ltr' id='par_1_64' title="bbox 2103 3159 3686 3238">
     <span class='ocr_line' id='line_1_64' title="bbox 2103 3159 3686 3238; baseline -0.003 -17"><span class='ocrx_word' id='word_1_468' title='bbox 2103 3168 2316 3238; x_wconf 78' lang='grc' dir='ltr'><strong>φωνήνς</strong></span> <span class='ocrx_word' id='word_1_469' title='bbox 2369 3159 2525 3230; x_wconf 74' lang='grc' dir='ltr'><strong>οὗτος</strong></span> <span class='ocrx_word' id='word_1_470' title='bbox 2577 3163 2881 3237; x_wconf 72' lang='grc' dir='ltr'><strong>διώνυμοςο</strong></span> <span class='ocrx_word' id='word_1_471' title='bbox 2933 3167 2963 3219; x_wconf 92' lang='grc' dir='ltr'><strong>ό</strong></span> <span class='ocrx_word' id='word_1_472' title='bbox 3007 3164 3361 3237; x_wconf 81' lang='grc' dir='ltr'><strong>περιϐόητος,</strong></span> <span class='ocrx_word' id='word_1_473' title='bbox 3411 3166 3441 3219; x_wconf 97' lang='lat'><strong>6</strong></span> <span class='ocrx_word' id='word_1_474' title='bbox 3487 3164 3686 3226; x_wconf 77' lang='grc' dir='ltr'><strong>ἄσυλος</strong></span> 
     </span>
    </p>
   </div>
   <div class='ocr_carea' id='block_1_65' title="bbox 2103 3253 3687 3330">
    <p class='ocr_par' dir='ltr' id='par_1_65' title="bbox 2103 3253 3687 3330">
     <span class='ocr_line' id='line_1_65' title="bbox 2103 3253 3687 3330; baseline -0.003 -18"><span class='ocrx_word' id='word_1_475' title='bbox 2103 3253 2521 3330; x_wconf 72' lang='grc' dir='ltr'><strong>ἕπεσεν,οἷμαιί</strong></span> <span class='ocrx_word' id='word_1_476' title='bbox 2557 3257 2722 3311; x_wconf 75' lang='grc' dir='ltr'><strong>ἔπεσε</strong></span> <span class='ocrx_word' id='word_1_477' title='bbox 2758 3256 2968 3328; x_wconf 86' lang='grc' dir='ltr'><strong>σεισμῷ</strong></span> <span class='ocrx_word' id='word_1_478' title='bbox 2995 3256 3278 3327; x_wconf 77' lang='grc' dir='ltr'><strong>κλονηοεὶς</strong></span> <span class='ocrx_word' id='word_1_479' title='bbox 3317 3256 3412 3311; x_wconf 74' lang='grc' dir='ltr'><strong>καὶ</strong></span> <span class='ocrx_word' id='word_1_480' title='bbox 3451 3254 3687 3327; x_wconf 74' lang='grc' dir='ltr'><strong>βρασμῷ</strong></span> 
     </span>
    </p>
   </div>
   <div class='ocr_carea' id='block_1_66' title="bbox 409 3342 2000 3432">
    <p class='ocr_par' dir='ltr' id='par_1_66' title="bbox 409 3357 1999 3432">
     <span class='ocr_line' id='line_1_66' title="bbox 409 3357 1999 3432; baseline 0.006 -25"><span class='ocrx_word' id='word_1_481' title='bbox 409 3369 729 3420; x_wconf 77' lang='lat' dir='ltr'><strong>excussum,</strong></span> <span class='ocrx_word' id='word_1_482' title='bbox 766 3364 927 3412; x_wconf 64' lang='lat' dir='ltr'><strong>terra:</strong></span> <span class='ocrx_word' id='word_1_483' title='bbox 955 3368 1194 3413; x_wconf 88' lang='lat' dir='ltr'><strong>tremore</strong></span> <span class='ocrx_word' id='word_1_484' title='bbox 1221 3357 1514 3429; x_wconf 71' lang='lat' dir='ltr'><strong>deiectum.</strong></span> <span class='ocrx_word' id='word_1_485' title='bbox 1550 3358 1613 3413; x_wconf 89' lang='lat' dir='ltr'><strong>Et</strong></span> <span class='ocrx_word' id='word_1_486' title='bbox 1638 3361 1731 3432; x_wconf 91' lang='lat' dir='ltr'><strong>qui</strong></span> <span class='ocrx_word' id='word_1_487' title='bbox 1765 3360 1999 3432; x_wconf 87' lang='lat' dir='ltr'><strong>despicit</strong></span> 
     </span>
    </p>
   </div>
   <div class='ocr_carea' id='block_1_67' title="bbox 2103 3342 3686 3432">
    <p class='ocr_par' dir='ltr' id='par_1_67' title="bbox 2103 3346 3686 3422">
     <span class='ocr_line' id='line_1_67' title="bbox 2103 3346 3686 3422; baseline -0.007 -14"><span class='ocrx_word' id='word_1_488' title='bbox 2103 3352 2205 3422; x_wconf 80' lang='grc' dir='ltr'><strong>γῆς</strong></span> <span class='ocrx_word' id='word_1_489' title='bbox 2250 3349 2560 3422; x_wconf 83' lang='grc' dir='ltr'><strong>τιναχθείς·</strong></span> <span class='ocrx_word' id='word_1_490' title='bbox 2599 3350 2692 3404; x_wconf 73' lang='grc' dir='ltr'><strong>καὶ</strong></span> <span class='ocrx_word' id='word_1_491' title='bbox 2738 3350 2768 3403; x_wconf 91' lang='lat'><strong>6</strong></span> <span class='ocrx_word' id='word_1_492' title='bbox 2816 3348 3126 3403; x_wconf 78' lang='grc' dir='ltr'><strong>ἐπιϐλέπων</strong></span> <span class='ocrx_word' id='word_1_493' title='bbox 3162 3348 3257 3402; x_wconf 77' lang='grc' dir='ltr'><strong>ἐπὶ</strong></span> <span class='ocrx_word' id='word_1_494' title='bbox 3297 3347 3398 3419; x_wconf 81' lang='grc' dir='ltr'><strong>τὴν</strong></span> <span class='ocrx_word' id='word_1_495' title='bbox 3443 3346 3547 3416; x_wconf 84' lang='grc' dir='ltr'><strong>γῆν</strong></span> <span class='ocrx_word' id='word_1_496' title='bbox 3587 3347 3686 3402; x_wconf 81' lang='grc' dir='ltr'><strong>καὶ</strong></span> 
     </span>
    </p>
   </div>
   <div class='ocr_carea' id='block_1_68' title="bbox 409 3448 1997 3518">
    <p class='ocr_par' dir='ltr' id='par_1_68' title="bbox 409 3448 1997 3518">
     <span class='ocr_line' id='line_1_68' title="bbox 409 3448 1997 3518; baseline 0.005 -18"><span class='ocrx_word' id='word_1_497' title='bbox 409 3448 467 3501; x_wconf 91' lang='lat' dir='ltr'><strong>in</strong></span> <span class='ocrx_word' id='word_1_498' title='bbox 522 3455 724 3503; x_wconf 88' lang='lat' dir='ltr'><strong>terram</strong></span> <span class='ocrx_word' id='word_1_499' title='bbox 751 3457 805 3505; x_wconf 93' lang='lat' dir='ltr'><strong>et</strong></span> <span class='ocrx_word' id='word_1_500' title='bbox 846 3448 977 3504; x_wconf 86' lang='lat' dir='ltr'><strong>facit</strong></span> <span class='ocrx_word' id='word_1_501' title='bbox 1008 3464 1128 3505; x_wconf 91' lang='lat' dir='ltr'><strong>eam</strong></span> <span class='ocrx_word' id='word_1_502' title='bbox 1179 3457 1416 3507; x_wconf 87' lang='lat' dir='ltr'><strong>tremere</strong></span> <span class='ocrx_word' id='word_1_503' title='bbox 1465 3466 1574 3506; x_wconf 91' lang='lat' dir='ltr'><strong>non</strong></span> <span class='ocrx_word' id='word_1_504' title='bbox 1620 3460 1673 3509; x_wconf 88' lang='lat' dir='ltr'><strong>te</strong></span> <span class='ocrx_word' id='word_1_505' title='bbox 1705 3453 1997 3518; x_wconf 83' lang='lat' dir='ltr'><strong>reveritus,</strong></span> 
     </span>
    </p>
   </div>
   <div class='ocr_carea' id='block_1_69' title="bbox 410 3538 2001 3611">
    <p class='ocr_par' dir='ltr' id='par_1_69' title="bbox 410 3538 2001 3611">
     <span class='ocr_line' id='line_1_69' title="bbox 410 3538 2001 3611; baseline 0.004 -20"><span class='ocrx_word' id='word_1_506' title='bbox 410 3553 520 3591; x_wconf 86' lang='lat' dir='ltr'><strong>nun</strong></span> <span class='ocrx_word' id='word_1_507' title='bbox 557 3538 922 3596; x_wconf 82' lang='lat' dir='ltr'><strong>collabentem</strong></span> <span class='ocrx_word' id='word_1_508' title='bbox 952 3548 1020 3611; x_wconf 38' lang='lat' dir='ltr'><strong>Ite</strong></span> <span class='ocrx_word' id='word_1_509' title='bbox 1053 3540 1349 3597; x_wconf 89' lang='lat' dir='ltr'><strong>miseratus</strong></span> <span class='ocrx_word' id='word_1_510' title='bbox 1406 3543 1535 3597; x_wconf 75' lang='lat' dir='ltr'><strong>est“!</strong></span> <span class='ocrx_word' id='word_1_511' title='bbox 1571 3543 1637 3597; x_wconf 87' lang='lat' dir='ltr'><strong>ad</strong></span> <span class='ocrx_word' id='word_1_512' title='bbox 1669 3552 1720 3598; x_wconf 88' lang='lat' dir='ltr'><strong>te</strong></span> <span class='ocrx_word' id='word_1_513' title='bbox 1765 3544 1932 3606; x_wconf 91' lang='lat' dir='ltr'><strong>enim,</strong></span> <span class='ocrx_word' id='word_1_514' title='bbox 1968 3562 2001 3598; x_wconf 90' lang='grc' dir='ltr'><strong>υ</strong></span> 
     </span>
    </p>
   </div>
   <div class='ocr_carea' id='block_1_70' title="bbox 411 3631 2001 3701">
    <p class='ocr_par' dir='ltr' id='par_1_70' title="bbox 411 3631 2001 3701">
     <span class='ocr_line' id='line_1_70' title="bbox 411 3631 2001 3701; baseline 0.006 -18"><span class='ocrx_word' id='word_1_515' title='bbox 411 3632 699 3701; x_wconf 86' lang='lat' dir='ltr'><strong>templum,</strong></span> <span class='ocrx_word' id='word_1_516' title='bbox 739 3631 834 3686; x_wconf 92' lang='lat' dir='ltr'><strong>Dei</strong></span> <span class='ocrx_word' id='word_1_517' title='bbox 887 3648 1070 3690; x_wconf 85' lang='lat' dir='ltr'><strong>sermo</strong></span> <span class='ocrx_word' id='word_1_518' title='bbox 1112 3648 1129 3698; x_wconf 88' lang='lat'><strong>;</strong></span> <span class='ocrx_word' id='word_1_519' title='bbox 1182 3641 1238 3689; x_wconf 90' lang='lat' dir='ltr'><strong>et</strong></span> <span class='ocrx_word' id='word_1_520' title='bbox 1278 3636 1562 3690; x_wconf 85' lang='lat' dir='ltr'><strong>ruinarum</strong></span> <span class='ocrx_word' id='word_1_521' title='bbox 1610 3650 1867 3691; x_wconf 73' lang='lat' dir='ltr'><strong>acervum</strong></span> <span class='ocrx_word' id='word_1_522' title='bbox 1923 3637 2001 3693; x_wconf 89' lang='lat' dir='ltr'><strong>fa-</strong></span> 
     </span>
    </p>
   </div>
   <div class='ocr_carea' id='block_1_71' title="bbox 415 3720 2001 3793">
    <p class='ocr_par' dir='ltr' id='par_1_71' title="bbox 415 3720 2001 3793">
     <span class='ocr_line' id='line_1_71' title="bbox 415 3720 2001 3793; baseline 0.006 -24"><span class='ocrx_word' id='word_1_523' title='bbox 415 3732 563 3775; x_wconf 70' lang='lat' dir='ltr'><strong>rtum</strong></span> <span class='ocrx_word' id='word_1_524' title='bbox 598 3730 652 3775; x_wconf 88' lang='lat' dir='ltr'><strong>et</strong></span> <span class='ocrx_word' id='word_1_525' title='bbox 680 3720 973 3791; x_wconf 76' lang='lat' dir='ltr'><strong>disiectum</strong></span> <span class='ocrx_word' id='word_1_526' title='bbox 1004 3730 1059 3777; x_wconf 92' lang='lat' dir='ltr'><strong>et</strong></span> <span class='ocrx_word' id='word_1_527' title='bbox 1088 3723 1374 3793; x_wconf 80' lang='lat' dir='ltr'><strong>pulverem</strong></span> <span class='ocrx_word' id='word_1_528' title='bbox 1408 3723 1476 3778; x_wconf 87' lang='lat' dir='ltr'><strong>ad</strong></span> <span class='ocrx_word' id='word_1_529' title='bbox 1513 3733 1714 3779; x_wconf 86' lang='lat' dir='ltr'><strong>terram</strong></span> <span class='ocrx_word' id='word_1_530' title='bbox 1743 3725 2001 3780; x_wconf 85' lang='lat' dir='ltr'><strong>delaben-</strong></span> 
     </span>
    </p>
   </div>
   <div class='ocr_carea' id='block_1_72' title="bbox 413 3812 2000 3883">
    <p class='ocr_par' dir='ltr' id='par_1_72' title="bbox 413 3812 2000 3883">
     <span class='ocr_line' id='line_1_72' title="bbox 413 3812 2000 3883; baseline 0.006 -22"><span class='ocrx_word' id='word_1_531' title='bbox 413 3823 521 3866; x_wconf 72' lang='lat' dir='ltr'><strong>tum</strong></span> <span class='ocrx_word' id='word_1_532' title='bbox 587 3821 753 3883; x_wconf 88' lang='lat' dir='ltr'><strong>atque</strong></span> <span class='ocrx_word' id='word_1_533' title='bbox 798 3812 1073 3868; x_wconf 82' lang='lat' dir='ltr'><strong>sublatum</strong></span> <span class='ocrx_word' id='word_1_534' title='bbox 1131 3828 1241 3868; x_wconf 90' lang='lat' dir='ltr'><strong>non</strong></span> <span class='ocrx_word' id='word_1_535' title='bbox 1306 3815 1786 3870; x_wconf 81' lang='lat' dir='ltr'><strong>attenditl‘nulla</strong></span> <span class='ocrx_word' id='word_1_536' title='bbox 1827 3816 1893 3871; x_wconf 90' lang='lat' dir='ltr'><strong>de</strong></span> <span class='ocrx_word' id='word_1_537' title='bbox 1946 3821 2000 3871; x_wconf 87' lang='lat' dir='ltr'><strong>te</strong></span> 
     </span>
    </p>
   </div>
   <div class='ocr_carea' id='block_1_73' title="bbox 410 3904 1999 3977">
    <p class='ocr_par' dir='ltr' id='par_1_73' title="bbox 410 3904 1999 3977">
     <span class='ocr_line' id='line_1_73' title="bbox 410 3904 1999 3977; baseline 0.004 -22"><span class='ocrx_word' id='word_1_538' title='bbox 410 3904 733 3975; x_wconf 69' lang='lat' dir='ltr'><strong>«:ompttnxit</strong></span> <span class='ocrx_word' id='word_1_539' title='bbox 773 3904 1099 3961; x_wconf 84' lang='lat' dir='ltr'><strong>miseratio!</strong></span> <span class='ocrx_word' id='word_1_540' title='bbox 1145 3905 1267 3961; x_wconf 90' lang='lat' dir='ltr'><strong>sine</strong></span> <span class='ocrx_word' id='word_1_541' title='bbox 1325 3906 1618 3964; x_wconf 87' lang='lat' dir='ltr'><strong>sacrificiis</strong></span> <span class='ocrx_word' id='word_1_542' title='bbox 1648 3904 1703 3962; x_wconf 87' lang='lat' dir='ltr'><strong>et</strong></span> <span class='ocrx_word' id='word_1_543' title='bbox 1753 3906 1999 3977; x_wconf 82' lang='lat' dir='ltr'><strong>pulchris</strong></span> 
     </span>
    </p>
   </div>
   <div class='ocr_carea' id='block_1_74' title="bbox 411 3993 1996 4067">
    <p class='ocr_par' dir='ltr' id='par_1_74' title="bbox 411 3993 1996 4067">
     <span class='ocr_line' id='line_1_74' title="bbox 411 3993 1996 4067; baseline 0.003 -22"><span class='ocrx_word' id='word_1_544' title='bbox 411 3993 610 4050; x_wconf 81' lang='lat' dir='ltr'><strong>ritibus</strong></span> <span class='ocrx_word' id='word_1_545' title='bbox 639 3995 766 4061; x_wconf 91' lang='lat' dir='ltr'><strong>crit,</strong></span> <span class='ocrx_word' id='word_1_546' title='bbox 794 3995 916 4050; x_wconf 90' lang='lat' dir='ltr'><strong>sine</strong></span> <span class='ocrx_word' id='word_1_547' title='bbox 939 3996 1196 4051; x_wconf 85' lang='lat' dir='ltr'><strong>cantibus</strong></span> <span class='ocrx_word' id='word_1_548' title='bbox 1225 3996 1475 4052; x_wconf 87' lang='lat' dir='ltr'><strong>manebit</strong></span> <span class='ocrx_word' id='word_1_549' title='bbox 1499 4014 1516 4064; x_wconf 91' lang='lat'><strong>;</strong></span> <span class='ocrx_word' id='word_1_550' title='bbox 1574 4012 1678 4051; x_wconf 88' lang='lat' dir='ltr'><strong>nec</strong></span> <span class='ocrx_word' id='word_1_551' title='bbox 1707 4005 1996 4067; x_wconf 86' lang='lat' dir='ltr'><strong>pr0pterea</strong></span> 
     </span>
    </p>
   </div>
   <div class='ocr_carea' id='block_1_75' title="bbox 410 4088 1995 4159">
    <p class='ocr_par' dir='ltr' id='par_1_75' title="bbox 410 4088 1995 4159">
     <span class='ocr_line' id='line_1_75' title="bbox 410 4088 1995 4159; baseline 0.003 -20"><span class='ocrx_word' id='word_1_552' title='bbox 410 4088 615 4158; x_wconf 84' lang='lat' dir='ltr'><strong>aliquid</strong></span> <span class='ocrx_word' id='word_1_553' title='bbox 651 4103 848 4159; x_wconf 87' lang='lat' dir='ltr'><strong>passus</strong></span> <span class='ocrx_word' id='word_1_554' title='bbox 864 4098 946 4146; x_wconf 83' lang='lat' dir='ltr'><strong>est</strong></span> <span class='ocrx_word' id='word_1_555' title='bbox 970 4089 1024 4145; x_wconf 91' lang='lat' dir='ltr'><strong>in</strong></span> <span class='ocrx_word' id='word_1_556' title='bbox 1056 4100 1144 4146; x_wconf 87' lang='lat' dir='ltr'><strong>tua</strong></span> <span class='ocrx_word' id='word_1_557' title='bbox 1165 4091 1471 4159; x_wconf 86' lang='lat' dir='ltr'><strong>eversione,</strong></span> <span class='ocrx_word' id='word_1_558' title='bbox 1508 4091 1602 4146; x_wconf 90' lang='lat' dir='ltr'><strong>sed</strong></span> <span class='ocrx_word' id='word_1_559' title='bbox 1628 4089 1820 4145; x_wconf 81' lang='lat' dir='ltr'><strong>faciem</strong></span> <span class='ocrx_word' id='word_1_560' title='bbox 1839 4105 1995 4146; x_wconf 88' lang='lat' dir='ltr'><strong>suam</strong></span> 
     </span>
    </p>
   </div>
   <div class='ocr_carea' id='block_1_76' title="bbox 414 4178 1997 4254">
    <p class='ocr_par' dir='ltr' id='par_1_76' title="bbox 414 4178 1997 4254">
     <span class='ocr_line' id='line_1_76' title="bbox 414 4178 1997 4254; baseline 0.003 -21"><span class='ocrx_word' id='word_1_561' title='bbox 414 4189 475 4233; x_wconf 87' lang='grc' dir='ltr'><strong>ιιι</strong></span> <span class='ocrx_word' id='word_1_562' title='bbox 499 4178 692 4234; x_wconf 88' lang='lat' dir='ltr'><strong>duram</strong></span> <span class='ocrx_word' id='word_1_563' title='bbox 745 4187 960 4250; x_wconf 85' lang='lat' dir='ltr'><strong>petram</strong></span> <span class='ocrx_word' id='word_1_564' title='bbox 1010 4183 1365 4254; x_wconf 88' lang='lat' dir='ltr'><strong>composuit!</strong></span> <span class='ocrx_word' id='word_1_565' title='bbox 1403 4181 1544 4238; x_wconf 89' lang='lat' dir='ltr'><strong>istud</strong></span> <span class='ocrx_word' id='word_1_566' title='bbox 1587 4181 1633 4237; x_wconf 92' lang='lat' dir='ltr'><strong>si</strong></span> <span class='ocrx_word' id='word_1_567' title='bbox 1686 4181 1888 4249; x_wconf 88' lang='lat' dir='ltr'><strong>adhuc,</strong></span> <span class='ocrx_word' id='word_1_568' title='bbox 1938 4190 1997 4238; x_wconf 91' lang='lat' dir='ltr'><strong>ut</strong></span> 
     </span>
    </p>
   </div>
   <div class='ocr_carea' id='block_1_77' title="bbox 410 4271 1998 4341">
    <p class='ocr_par' dir='ltr' id='par_1_77' title="bbox 410 4271 1998 4341">
     <span class='ocr_line' id='line_1_77' title="bbox 410 4271 1998 4341; baseline 0.004 -18"><span class='ocrx_word' id='word_1_569' title='bbox 410 4271 645 4338; x_wconf 62' lang='lat' dir='ltr'><strong>videtur,</strong></span> <span class='ocrx_word' id='word_1_570' title='bbox 677 4272 884 4328; x_wconf 87' lang='lat' dir='ltr'><strong>oblitus</strong></span> <span class='ocrx_word' id='word_1_571' title='bbox 907 4282 1026 4341; x_wconf 83' lang='lat' dir='ltr'><strong>est;</strong></span> <span class='ocrx_word' id='word_1_572' title='bbox 1060 4274 1299 4330; x_wconf 87' lang='lat' dir='ltr'><strong>humano</strong></span> <span class='ocrx_word' id='word_1_573' title='bbox 1331 4275 1513 4341; x_wconf 88' lang='lat' dir='ltr'><strong>modo,</strong></span> <span class='ocrx_word' id='word_1_574' title='bbox 1541 4273 1743 4335; x_wconf 84' lang='lat' dir='ltr'><strong>dicam.</strong></span> <span class='ocrx_word' id='word_1_575' title='bbox 1771 4285 1826 4330; x_wconf 91' lang='lat' dir='ltr'><strong>et</strong></span> <span class='ocrx_word' id='word_1_576' title='bbox 1849 4291 1998 4331; x_wconf 88' lang='lat' dir='ltr'><strong>com—</strong></span> 
     </span>
    </p>
   </div>
   <div class='ocr_carea' id='block_1_78' title="bbox 411 4366 1996 4435">
    <p class='ocr_par' dir='ltr' id='par_1_78' title="bbox 411 4366 1996 4435">
     <span class='ocr_line' id='line_1_78' title="bbox 411 4366 1996 4435; baseline 0.004 -17"><span class='ocrx_word' id='word_1_577' title='bbox 411 4371 597 4420; x_wconf 87' lang='lat' dir='ltr'><strong>motus</strong></span> <span class='ocrx_word' id='word_1_578' title='bbox 625 4374 683 4420; x_wconf 93' lang='lat' dir='ltr'><strong>ut</strong></span> <span class='ocrx_word' id='word_1_579' title='bbox 715 4366 879 4420; x_wconf 88' lang='lat' dir='ltr'><strong>homo</strong></span> <span class='ocrx_word' id='word_1_580' title='bbox 913 4366 1089 4423; x_wconf 83' lang='lat' dir='ltr'><strong>factus</strong></span> <span class='ocrx_word' id='word_1_581' title='bbox 1110 4376 1215 4433; x_wconf 88' lang='lat' dir='ltr'><strong>est,</strong></span> <span class='ocrx_word' id='word_1_582' title='bbox 1244 4375 1300 4423; x_wconf 86' lang='lat' dir='ltr'><strong>et</strong></span> <span class='ocrx_word' id='word_1_583' title='bbox 1325 4368 1631 4435; x_wconf 86' lang='lat' dir='ltr'><strong>corporalia</strong></span> <span class='ocrx_word' id='word_1_584' title='bbox 1663 4367 1875 4435; x_wconf 86' lang='lat' dir='ltr'><strong>induit;</strong></span> <span class='ocrx_word' id='word_1_585' title='bbox 1896 4384 1996 4425; x_wconf 84' lang='lat' dir='ltr'><strong>vos</strong></span> 
     </span>
    </p>
   </div>
   <div class='ocr_carea' id='block_1_79' title="bbox 410 4457 1997 4530">
    <p class='ocr_par' dir='ltr' id='par_1_79' title="bbox 410 4457 1997 4530">
     <span class='ocr_line' id='line_1_79' title="bbox 410 4457 1997 4530; baseline 0.003 -21"><span class='ocrx_word' id='word_1_586' title='bbox 410 4464 625 4525; x_wconf 86' lang='lat' dir='ltr'><strong>autem,</strong></span> <span class='ocrx_word' id='word_1_587' title='bbox 653 4465 709 4514; x_wconf 91' lang='lat' dir='ltr'><strong>ut</strong></span> <span class='ocrx_word' id='word_1_588' title='bbox 734 4457 829 4512; x_wconf 87' lang='lat' dir='ltr'><strong>lilii</strong></span> <span class='ocrx_word' id='word_1_589' title='bbox 886 4457 1019 4515; x_wconf 89' lang='lat' dir='ltr'><strong>Sion</strong></span> <span class='ocrx_word' id='word_1_590' title='bbox 1052 4458 1236 4514; x_wconf 89' lang='lat' dir='ltr'><strong>decori</strong></span> <span class='ocrx_word' id='word_1_591' title='bbox 1259 4465 1313 4512; x_wconf 90' lang='lat' dir='ltr'><strong>et</strong></span> <span class='ocrx_word' id='word_1_592' title='bbox 1351 4473 1487 4513; x_wconf 86' lang='lat' dir='ltr'><strong>auro</strong></span> <span class='ocrx_word' id='word_1_593' title='bbox 1534 4460 1860 4530; x_wconf 84' lang='lat' dir='ltr'><strong>comparati,</strong></span> <span class='ocrx_word' id='word_1_594' title='bbox 1893 4460 1997 4514; x_wconf 88' lang='lat' dir='ltr'><strong>mi-</strong></span> 
     </span>
    </p>
   </div>
   <div class='ocr_carea' id='block_1_80' title="bbox 414 4553 1994 4625">
    <p class='ocr_par' dir='ltr' id='par_1_80' title="bbox 414 4553 1994 4625">
     <span class='ocr_line' id='line_1_80' title="bbox 414 4553 1994 4625; baseline 0.001 -17"><span class='ocrx_word' id='word_1_595' title='bbox 414 4555 601 4620; x_wconf 78' lang='lat' dir='ltr'><strong>nistri,</strong></span> <span class='ocrx_word' id='word_1_596' title='bbox 644 4555 965 4610; x_wconf 86' lang='lat' dir='ltr'><strong>sacerdotes</strong></span> <span class='ocrx_word' id='word_1_597' title='bbox 1003 4561 1058 4609; x_wconf 89' lang='lat' dir='ltr'><strong>ct</strong></span> <span class='ocrx_word' id='word_1_598' title='bbox 1099 4553 1510 4611; x_wconf 77' lang='lat' dir='ltr'><strong>sacriﬁcatores</strong></span> <span class='ocrx_word' id='word_1_599' title='bbox 1541 4555 1724 4625; x_wconf 83' lang='lat' dir='ltr'><strong>magni</strong></span> <span class='ocrx_word' id='word_1_600' title='bbox 1773 4562 1829 4609; x_wconf 88' lang='lat' dir='ltr'><strong>et</strong></span> <span class='ocrx_word' id='word_1_601' title='bbox 1868 4555 1994 4610; x_wconf 84' lang='lat' dir='ltr'><strong>novi</strong></span> 
     </span>
    </p>
   </div>
   <div class='ocr_carea' id='block_1_81' title="bbox 404 4644 1998 4727">
    <p class='ocr_par' dir='ltr' id='par_1_81' title="bbox 404 4644 1998 4727">
     <span class='ocr_line' id='line_1_81' title="bbox 404 4644 1998 4727; baseline 0 -27"><span class='ocrx_word' id='word_1_602' title='bbox 404 4644 694 4727; x_wconf 61' lang='lat' dir='ltr'><strong>sacriﬁcii,</strong></span> <span class='ocrx_word' id='word_1_603' title='bbox 746 4653 801 4701; x_wconf 90' lang='lat' dir='ltr'><strong>et</strong></span> <span class='ocrx_word' id='word_1_604' title='bbox 843 4645 892 4701; x_wconf 89' lang='lat' dir='ltr'><strong>si</strong></span> <span class='ocrx_word' id='word_1_605' title='bbox 921 4644 1051 4716; x_wconf 91' lang='lat' dir='ltr'><strong>qttid</strong></span> <span class='ocrx_word' id='word_1_606' title='bbox 1086 4644 1234 4700; x_wconf 86' lang='lat' dir='ltr'><strong>aliud</strong></span> <span class='ocrx_word' id='word_1_607' title='bbox 1267 4652 1353 4701; x_wconf 88' lang='lat' dir='ltr'><strong>est</strong></span> <span class='ocrx_word' id='word_1_608' title='bbox 1402 4645 1458 4699; x_wconf 91' lang='lat' dir='ltr'><strong>in</strong></span> <span class='ocrx_word' id='word_1_609' title='bbox 1487 4644 1736 4701; x_wconf 89' lang='lat' dir='ltr'><strong>diaconis</strong></span> <span class='ocrx_word' id='word_1_610' title='bbox 1766 4652 1822 4701; x_wconf 90' lang='lat' dir='ltr'><strong>et</strong></span> <span class='ocrx_word' id='word_1_611' title='bbox 1867 4646 1998 4700; x_wconf 81' lang='lat' dir='ltr'><strong>sub-</strong></span> 
     </span>
    </p>
   </div>
   <div class='ocr_carea' id='block_1_82' title="bbox 410 4736 1991 4808">
    <p class='ocr_par' dir='ltr' id='par_1_82' title="bbox 410 4736 1991 4808">
     <span class='ocr_line' id='line_1_82' title="bbox 410 4736 1991 4808; baseline 0.002 -19"><span class='ocrx_word' id='word_1_612' title='bbox 410 4739 679 4804; x_wconf 85' lang='lat' dir='ltr'><strong>diaconis,</strong></span> <span class='ocrx_word' id='word_1_613' title='bbox 715 4745 770 4792; x_wconf 86' lang='lat' dir='ltr'><strong>et</strong></span> <span class='ocrx_word' id='word_1_614' title='bbox 822 4737 907 4793; x_wconf 83' lang='lat' dir='ltr'><strong>Itis</strong></span> <span class='ocrx_word' id='word_1_615' title='bbox 953 4747 1132 4793; x_wconf 74' lang='lat' dir='ltr'><strong>vestes</strong></span> <span class='ocrx_word' id='word_1_616' title='bbox 1175 4737 1442 4793; x_wconf 90' lang='lat' dir='ltr'><strong>tolluntur</strong></span> <span class='ocrx_word' id='word_1_617' title='bbox 1471 4745 1526 4793; x_wconf 90' lang='lat' dir='ltr'><strong>et</strong></span> <span class='ocrx_word' id='word_1_618' title='bbox 1573 4736 1991 4808; x_wconf 82' lang='lat' dir='ltr'><strong>disperduntur.</strong></span> 
     </span>
    </p>
   </div>
   <div class='ocr_carea' id='block_1_83' title="bbox 409 4830 2001 4902">
    <p class='ocr_par' dir='ltr' id='par_1_83' title="bbox 409 4830 2001 4902">
     <span class='ocr_line' id='line_1_83' title="bbox 409 4830 2001 4902; baseline 0.001 -17"><span class='ocrx_word' id='word_1_619' title='bbox 409 4841 464 4885; x_wconf 73' lang='lat' dir='ltr'><strong>c-t</strong></span> <span class='ocrx_word' id='word_1_620' title='bbox 504 4842 793 4887; x_wconf 87' lang='lat' dir='ltr'><strong>cantorqu</strong></span> <span class='ocrx_word' id='word_1_621' title='bbox 838 4839 890 4885; x_wconf 91' lang='lat' dir='ltr'><strong>et</strong></span> <span class='ocrx_word' id='word_1_622' title='bbox 930 4830 1264 4887; x_wconf 87' lang='lat' dir='ltr'><strong>musicorum</strong></span> <span class='ocrx_word' id='word_1_623' title='bbox 1328 4841 1387 4888; x_wconf 90' lang='lat' dir='ltr'><strong>et</strong></span> <span class='ocrx_word' id='word_1_624' title='bbox 1441 4833 1742 4902; x_wconf 89' lang='lat' dir='ltr'><strong>psaltarum</strong></span> <span class='ocrx_word' id='word_1_625' title='bbox 1795 4832 2001 4887; x_wconf 83' lang='lat' dir='ltr'><strong>cohors</strong></span> 
     </span>
    </p>
   </div>
   <div class='ocr_carea' id='block_1_84' title="bbox 412 4918 1997 4992">
    <p class='ocr_par' dir='ltr' id='par_1_84' title="bbox 412 4918 1997 4992">
     <span class='ocr_line' id='line_1_84' title="bbox 412 4918 1997 4992; baseline 0 -18"><span class='ocrx_word' id='word_1_626' title='bbox 412 4937 730 4983; x_wconf 81' lang='lat' dir='ltr'><strong>numerosa,</strong></span> <span class='ocrx_word' id='word_1_627' title='bbox 762 4923 878 4992; x_wconf 91' lang='lat' dir='ltr'><strong>qni,</strong></span> <span class='ocrx_word' id='word_1_628' title='bbox 915 4928 973 4975; x_wconf 92' lang='lat' dir='ltr'><strong>ut</strong></span> <span class='ocrx_word' id='word_1_629' title='bbox 997 4918 1266 4977; x_wconf 80' lang='lat' dir='ltr'><strong>Jeremias</strong></span> <span class='ocrx_word' id='word_1_630' title='bbox 1298 4921 1455 4988; x_wconf 89' lang='lat' dir='ltr'><strong>dicit,</strong></span> <span class='ocrx_word' id='word_1_631' title='bbox 1488 4922 1681 4976; x_wconf 79' lang='lat' dir='ltr'><strong>molles</strong></span> <span class='ocrx_word' id='word_1_632' title='bbox 1731 4930 1786 4977; x_wconf 90' lang='lat' dir='ltr'><strong>ct</strong></span> <span class='ocrx_word' id='word_1_633' title='bbox 1826 4922 1997 4976; x_wconf 88' lang='lat' dir='ltr'><strong>malo-</strong></span> 
     </span>
    </p>
   </div>
   <div class='ocr_carea' id='block_1_85' title="bbox 412 5009 1993 5082">
    <p class='ocr_par' dir='ltr' id='par_1_85' title="bbox 412 5009 1993 5082">
     <span class='ocr_line' id='line_1_85' title="bbox 412 5009 1993 5082; baseline 0.001 -18"><span class='ocrx_word' id='word_1_634' title='bbox 412 5027 533 5065; x_wconf 80' lang='lat' dir='ltr'><strong>t-nm</strong></span> <span class='ocrx_word' id='word_1_635' title='bbox 556 5020 830 5080; x_wconf 77' lang='lat' dir='ltr'><strong>expertes,</strong></span> <span class='ocrx_word' id='word_1_636' title='bbox 849 5020 905 5065; x_wconf 89' lang='lat' dir='ltr'><strong>et</strong></span> <span class='ocrx_word' id='word_1_637' title='bbox 931 5009 1023 5065; x_wconf 87' lang='lat' dir='ltr'><strong>Dei</strong></span> <span class='ocrx_word' id='word_1_638' title='bbox 1048 5012 1452 5082; x_wconf 75' lang='lat' dir='ltr'><strong>magnitudines</strong></span> <span class='ocrx_word' id='word_1_639' title='bbox 1466 5026 1606 5068; x_wconf 55' lang='lat' dir='ltr'><strong>socc</strong></span> <span class='ocrx_word' id='word_1_640' title='bbox 1626 5013 1993 5077; x_wconf 86' lang='lat' dir='ltr'><strong>celebrantes,</strong></span> 
     </span>
    </p>
   </div>
   <div class='ocr_carea' id='block_1_86' title="bbox 410 5106 2000 5180">
    <p class='ocr_par' dir='ltr' id='par_1_86' title="bbox 410 5106 2000 5180">
     <span class='ocr_line' id='line_1_86' title="bbox 410 5106 2000 5180; baseline 0.001 -21"><span class='ocrx_word' id='word_1_641' title='bbox 410 5106 848 5176; x_wconf 85' lang='lat' dir='ltr'><strong>quomodonuuc</strong></span> <span class='ocrx_word' id='word_1_642' title='bbox 873 5108 1248 5179; x_wconf 80' lang='lat' dir='ltr'><strong>transmigrati</strong></span> <span class='ocrx_word' id='word_1_643' title='bbox 1281 5108 1456 5164; x_wconf 83' lang='lat' dir='ltr'><strong>estis?</strong></span> <span class='ocrx_word' id='word_1_644' title='bbox 1478 5123 1586 5180; x_wconf 90' lang='lat' dir='ltr'><strong>quo</strong></span> <span class='ocrx_word' id='word_1_645' title='bbox 1613 5107 1954 5163; x_wconf 84' lang='lat' dir='ltr'><strong>couvenietis</strong></span> <span class='ocrx_word' id='word_1_646' title='bbox 1976 5109 2000 5161; x_wconf 64' lang='grc' dir='ltr'><em>ἲ</em></span> 
     </span>
    </p>
   </div>
   <div class='ocr_carea' id='block_1_87' title="bbox 410 5196 1999 5269">
    <p class='ocr_par' dir='ltr' id='par_1_87' title="bbox 410 5196 1999 5269">
     <span class='ocr_line' id='line_1_87' title="bbox 410 5196 1999 5269; baseline 0 -19"><span class='ocrx_word' id='word_1_647' title='bbox 410 5196 687 5267; x_wconf 84' lang='lat' dir='ltr'><strong>quomodo</strong></span> <span class='ocrx_word' id='word_1_648' title='bbox 715 5212 981 5253; x_wconf 78' lang='lat' dir='ltr'><strong>conversa</strong></span> <span class='ocrx_word' id='word_1_649' title='bbox 1014 5207 1312 5255; x_wconf 85' lang='lat' dir='ltr'><strong>estnostra</strong></span> <span class='ocrx_word' id='word_1_650' title='bbox 1344 5199 1513 5256; x_wconf 85' lang='lat' dir='ltr'><strong>facies</strong></span> <span class='ocrx_word' id='word_1_651' title='bbox 1550 5200 1604 5253; x_wconf 90' lang='lat' dir='ltr'><strong>in</strong></span> <span class='ocrx_word' id='word_1_652' title='bbox 1637 5197 1999 5269; x_wconf 84' lang='lat' dir='ltr'><strong>squalorem?</strong></span> 
     </span>
    </p>
   </div>
   <div class='ocr_carea' id='block_1_88' title="bbox 412 5288 1994 5363">
    <p class='ocr_par' dir='ltr' id='par_1_88' title="bbox 412 5288 1994 5363">
     <span class='ocr_line' id='line_1_88' title="bbox 412 5288 1994 5363; baseline 0.001 -19"><span class='ocrx_word' id='word_1_653' title='bbox 412 5289 687 5359; x_wconf 75' lang='lat' dir='ltr'><strong>quomodo</strong></span> <span class='ocrx_word' id='word_1_654' title='bbox 714 5288 848 5346; x_wconf 83' lang='lat' dir='ltr'><strong>festa</strong></span> <span class='ocrx_word' id='word_1_655' title='bbox 879 5290 936 5345; x_wconf 88' lang='lat' dir='ltr'><strong>in</strong></span> <span class='ocrx_word' id='word_1_656' title='bbox 982 5292 1402 5348; x_wconf 86' lang='lat' dir='ltr'><strong>lamentationes</strong></span> <span class='ocrx_word' id='word_1_657' title='bbox 1430 5292 1455 5346; x_wconf 88' lang='lat'><strong>?</strong></span> <span class='ocrx_word' id='word_1_658' title='bbox 1481 5307 1669 5348; x_wconf 90' lang='lat' dir='ltr'><strong>nonne</strong></span> <span class='ocrx_word' id='word_1_659' title='bbox 1701 5290 1994 5363; x_wconf 90' lang='lat' dir='ltr'><strong>pulchrum</strong></span> 
     </span>
    </p>
   </div>
   <div class='ocr_carea' id='block_1_89' title="bbox 360 5383 1994 5455">
    <p class='ocr_par' dir='ltr' id='par_1_89' title="bbox 360 5383 1994 5455">
     <span class='ocr_line' id='line_1_89' title="bbox 360 5383 1994 5455; baseline 0.003 -18"><span class='ocrx_word' id='word_1_660' title='bbox 360 5383 610 5438; x_wconf 82' lang='lat' dir='ltr'><strong>-ftdsset</strong></span> <span class='ocrx_word' id='word_1_661' title='bbox 635 5383 795 5440; x_wconf 88' lang='lat' dir='ltr'><strong>nobis</strong></span> <span class='ocrx_word' id='word_1_662' title='bbox 816 5395 869 5439; x_wconf 90' lang='lat' dir='ltr'><strong>et</strong></span> <span class='ocrx_word' id='word_1_663' title='bbox 888 5383 1125 5455; x_wconf 84' lang='lat' dir='ltr'><strong>justum,</strong></span> <span class='ocrx_word' id='word_1_664' title='bbox 1150 5393 1212 5440; x_wconf 91' lang='lat' dir='ltr'><strong>ut</strong></span> <span class='ocrx_word' id='word_1_665' title='bbox 1240 5387 1372 5441; x_wconf 88' lang='lat' dir='ltr'><strong>mihi</strong></span> <span class='ocrx_word' id='word_1_666' title='bbox 1397 5386 1614 5441; x_wconf 82' lang='lat' dir='ltr'><strong>videtur</strong></span> <span class='ocrx_word' id='word_1_667' title='bbox 1636 5395 1691 5442; x_wconf 92' lang='lat' dir='ltr'><strong>et</strong></span> <span class='ocrx_word' id='word_1_668' title='bbox 1716 5386 1994 5453; x_wconf 88' lang='lat' dir='ltr'><strong>omnibus,</strong></span> 
     </span>
    </p>
   </div>
   <div class='ocr_carea' id='block_1_90' title="bbox 413 5476 2002 5549">
    <p class='ocr_par' dir='ltr' id='par_1_90' title="bbox 413 5476 2002 5549">
     <span class='ocr_line' id='line_1_90' title="bbox 413 5476 2002 5549; baseline 0.001 -16"><span class='ocrx_word' id='word_1_669' title='bbox 413 5477 557 5533; x_wconf 79' lang='lat' dir='ltr'><strong>mori</strong></span> <span class='ocrx_word' id='word_1_670' title='bbox 593 5487 892 5549; x_wconf 76' lang='lat' dir='ltr'><strong>antequam</strong></span> <span class='ocrx_word' id='word_1_671' title='bbox 925 5476 1396 5539; x_wconf 78' lang='lat' dir='ltr'><strong>commorerentur</strong></span> <span class='ocrx_word' id='word_1_672' title='bbox 1428 5481 1483 5535; x_wconf 91' lang='lat' dir='ltr'><strong>in</strong></span> <span class='ocrx_word' id='word_1_673' title='bbox 1514 5481 1619 5536; x_wconf 88' lang='lat' dir='ltr'><strong>hac</strong></span> <span class='ocrx_word' id='word_1_674' title='bbox 1656 5481 1942 5537; x_wconf 76' lang='lat' dir='ltr'><strong>eversione</strong></span> <span class='ocrx_word' id='word_1_675' title='bbox 1975 5481 2002 5534; x_wconf 82' lang='lat'><strong>?</strong></span> 
     </span>
    </p>
   </div>
   <div class='ocr_carea' id='block_1_91' title="bbox 414 5571 1994 5629">
    <p class='ocr_par' dir='ltr' id='par_1_91' title="bbox 414 5571 1994 5629">
     <span class='ocr_line' id='line_1_91' title="bbox 414 5571 1994 5629; baseline 0.003 -6"><span class='ocrx_word' id='word_1_676' title='bbox 414 5572 550 5625; x_wconf 63' lang='lat' dir='ltr'><strong>(tam</strong></span> <span class='ocrx_word' id='word_1_677' title='bbox 580 5578 761 5627; x_wconf 88' lang='lat' dir='ltr'><strong>autem</strong></span> <span class='ocrx_word' id='word_1_678' title='bbox 799 5571 940 5629; x_wconf 84' lang='lat' dir='ltr'><strong>Deus</strong></span> <span class='ocrx_word' id='word_1_679' title='bbox 968 5571 1153 5627; x_wconf 73' lang='lat' dir='ltr'><strong>virere</strong></span> <span class='ocrx_word' id='word_1_680' title='bbox 1190 5572 1352 5629; x_wconf 90' lang='lat' dir='ltr'><strong>nobis</strong></span> <span class='ocrx_word' id='word_1_681' title='bbox 1388 5572 1542 5627; x_wconf 85' lang='lat' dir='ltr'><strong>dedit</strong></span> <span class='ocrx_word' id='word_1_682' title='bbox 1567 5582 1622 5628; x_wconf 84' lang='lat' dir='ltr'><strong>et</strong></span> <span class='ocrx_word' id='word_1_683' title='bbox 1656 5587 1755 5628; x_wconf 77' lang='lat' dir='ltr'><strong>vos</strong></span> <span class='ocrx_word' id='word_1_684' title='bbox 1800 5574 1994 5627; x_wconf 83' lang='lat' dir='ltr'><strong>rudera</strong></span> 
     </span>
    </p>
   </div>
   <div class='ocr_carea' id='block_1_92' title="bbox 418 5663 1990 5736">
    <p class='ocr_par' dir='ltr' id='par_1_92' title="bbox 418 5663 1990 5736">
     <span class='ocr_line' id='line_1_92' title="bbox 418 5663 1990 5736; baseline 0.002 -19"><span class='ocrx_word' id='word_1_685' title='bbox 418 5672 628 5720; x_wconf 62' lang='lat' dir='ltr'><strong>tantum</strong></span> <span class='ocrx_word' id='word_1_686' title='bbox 662 5663 823 5721; x_wconf 85' lang='lat' dir='ltr'><strong>nobis</strong></span> <span class='ocrx_word' id='word_1_687' title='bbox 851 5665 1090 5736; x_wconf 77' lang='lat' dir='ltr'><strong>reliquit,</strong></span> <span class='ocrx_word' id='word_1_688' title='bbox 1144 5682 1332 5736; x_wconf 54' lang='lat' dir='ltr'><strong>quaero</strong></span> <span class='ocrx_word' id='word_1_689' title='bbox 1369 5666 1459 5722; x_wconf 88' lang='lat' dir='ltr'><strong>ubi</strong></span> <span class='ocrx_word' id='word_1_690' title='bbox 1515 5669 1703 5722; x_wconf 86' lang='lat' dir='ltr'><strong>sedeat</strong></span> <span class='ocrx_word' id='word_1_691' title='bbox 1751 5675 1990 5721; x_wconf 75' lang='lat' dir='ltr'><strong>vestrum</strong></span> 
     </span>
    </p>
   </div>
   <div class='ocr_carea' id='block_1_93' title="bbox 407 5756 1992 5828">
    <p class='ocr_par' dir='ltr' id='par_1_93' title="bbox 407 5756 1992 5828">
     <span class='ocr_line' id='line_1_93' title="bbox 407 5756 1992 5828; baseline 0.004 -18"><span class='ocrx_word' id='word_1_692' title='bbox 407 5756 698 5828; x_wconf 72' lang='lat' dir='ltr'><strong>templum.</strong></span> <span class='ocrx_word' id='word_1_693' title='bbox 722 5757 812 5813; x_wconf 89' lang='lat' dir='ltr'><strong>ubi</strong></span> <span class='ocrx_word' id='word_1_694' title='bbox 834 5766 942 5815; x_wconf 86' lang='lat' dir='ltr'><strong>stet</strong></span> <span class='ocrx_word' id='word_1_695' title='bbox 969 5757 1340 5814; x_wconf 76' lang='lat' dir='ltr'><strong>venerandum</strong></span> <span class='ocrx_word' id='word_1_696' title='bbox 1366 5756 1874 5826; x_wconf 81' lang='lat' dir='ltr'><strong>concionatorlunt;</strong></span> <span class='ocrx_word' id='word_1_697' title='bbox 1900 5758 1992 5816; x_wconf 82' lang='lat' dir='ltr'><strong>ubi</strong></span> 
     </span>
    </p>
   </div>
   <div class='ocr_carea' id='block_1_94' title="bbox 2102 3438 3685 3515">
    <p class='ocr_par' dir='ltr' id='par_1_94' title="bbox 2102 3438 3685 3515">
     <span class='ocr_line' id='line_1_94' title="bbox 2102 3438 3685 3515; baseline -0.004 -17"><span class='ocrx_word' id='word_1_698' title='bbox 2102 3443 2274 3498; x_wconf 81' lang='grc' dir='ltr'><strong>ποιῶν</strong></span> <span class='ocrx_word' id='word_1_699' title='bbox 2293 3444 2461 3515; x_wconf 79' lang='grc' dir='ltr'><strong>αὐτὴν</strong></span> <span class='ocrx_word' id='word_1_700' title='bbox 2480 3443 2730 3514; x_wconf 76' lang='grc' dir='ltr'><strong>τρέμειν,</strong></span> <span class='ocrx_word' id='word_1_701' title='bbox 2753 3442 2854 3496; x_wconf 76' lang='grc' dir='ltr'><strong>οὐκ</strong></span> <span class='ocrx_word' id='word_1_702' title='bbox 2880 3440 3081 3513; x_wconf 74' lang='grc' dir='ltr'><strong>ᾐδέσθη</strong></span> <span class='ocrx_word' id='word_1_703' title='bbox 3103 3456 3162 3493; x_wconf 90' lang='grc' dir='ltr'><strong>σε</strong></span> <span class='ocrx_word' id='word_1_704' title='bbox 3188 3440 3296 3510; x_wconf 80' lang='grc' dir='ltr'><strong>ἄρα</strong></span> <span class='ocrx_word' id='word_1_705' title='bbox 3319 3456 3335 3505; x_wconf 89' lang='grc'><strong>;</strong></span> <span class='ocrx_word' id='word_1_706' title='bbox 3366 3440 3467 3492; x_wconf 79' lang='grc' dir='ltr'><strong>οὐκ</strong></span> <span class='ocrx_word' id='word_1_707' title='bbox 3492 3438 3685 3510; x_wconf 78' lang='grc' dir='ltr'><strong>ἐλέησε</strong></span> 
     </span>
    </p>
   </div>
   <div class='ocr_carea' id='block_1_95' title="bbox 2104 3530 3685 3607">
    <p class='ocr_par' dir='ltr' id='par_1_95' title="bbox 2104 3530 3685 3607">
     <span class='ocr_line' id='line_1_95' title="bbox 2104 3530 3685 3607; baseline -0.004 -17"><span class='ocrx_word' id='word_1_708' title='bbox 2104 3535 2410 3601; x_wconf 83' lang='grc' dir='ltr'><strong>πίπτοντα;</strong></span> <span class='ocrx_word' id='word_1_709' title='bbox 2441 3535 2579 3607; x_wconf 77' lang='grc' dir='ltr'><strong>πρὸς</strong></span> <span class='ocrx_word' id='word_1_710' title='bbox 2614 3534 2673 3587; x_wconf 83' lang='grc' dir='ltr'><strong>σὲ</strong></span> <span class='ocrx_word' id='word_1_711' title='bbox 2707 3533 2811 3606; x_wconf 83' lang='grc' dir='ltr'><strong>γὰρ</strong></span> <span class='ocrx_word' id='word_1_712' title='bbox 2863 3537 2891 3588; x_wconf 93' lang='lat'><strong>6</strong></span> <span class='ocrx_word' id='word_1_713' title='bbox 2917 3532 3093 3602; x_wconf 88' lang='grc' dir='ltr'><strong>λόγος,</strong></span> <span class='ocrx_word' id='word_1_714' title='bbox 3126 3532 3224 3587; x_wconf 83' lang='grc' dir='ltr'><strong>ναὲ</strong></span> <span class='ocrx_word' id='word_1_715' title='bbox 3255 3530 3347 3586; x_wconf 81' lang='grc' dir='ltr'><strong>τοῦ</strong></span> <span class='ocrx_word' id='word_1_716' title='bbox 3377 3531 3513 3585; x_wconf 79' lang='grc' dir='ltr'><strong>Θεοῦ</strong></span> <span class='ocrx_word' id='word_1_717' title='bbox 3536 3548 3552 3562; x_wconf 74' lang='grc' dir='ltr'><strong>ο</strong></span> <span class='ocrx_word' id='word_1_718' title='bbox 3587 3530 3685 3585; x_wconf 81' lang='grc' dir='ltr'><strong>καὶ</strong></span> 
     </span>
    </p>
   </div>
   <div class='ocr_carea' id='block_1_96' title="bbox 2103 3623 3683 3699">
    <p class='ocr_par' dir='ltr' id='par_1_96' title="bbox 2103 3623 3683 3699">
     <span class='ocr_line' id='line_1_96' title="bbox 2103 3623 3683 3699; baseline -0.004 -18"><span class='ocrx_word' id='word_1_719' title='bbox 2103 3628 2266 3699; x_wconf 84' lang='grc' dir='ltr'><strong>χῶμα</strong></span> <span class='ocrx_word' id='word_1_720' title='bbox 2286 3629 2572 3697; x_wconf 87' lang='grc' dir='ltr'><strong>γινόμενον</strong></span> <span class='ocrx_word' id='word_1_721' title='bbox 2593 3627 2689 3680; x_wconf 77' lang='grc' dir='ltr'><strong>καὶ</strong></span> <span class='ocrx_word' id='word_1_722' title='bbox 2713 3625 3068 3696; x_wconf 85' lang='grc' dir='ltr'><strong>διαλυόμενον</strong></span> <span class='ocrx_word' id='word_1_723' title='bbox 3088 3641 3103 3657; x_wconf 75' lang='grc' dir='ltr'><strong>ο</strong></span> <span class='ocrx_word' id='word_1_724' title='bbox 3126 3625 3220 3678; x_wconf 76' lang='grc' dir='ltr'><strong>καὶ</strong></span> <span class='ocrx_word' id='word_1_725' title='bbox 3242 3625 3521 3696; x_wconf 83' lang='grc' dir='ltr'><strong>κονιορτὸν</strong></span> <span class='ocrx_word' id='word_1_726' title='bbox 3546 3623 3683 3694; x_wconf 74' lang='grc' dir='ltr'><strong>πρὸς</strong></span> 
     </span>
    </p>
   </div>
   <div class='ocr_carea' id='block_1_97' title="bbox 2104 3714 3685 3788">
    <p class='ocr_par' dir='ltr' id='par_1_97' title="bbox 2104 3714 3685 3788">
     <span class='ocr_line' id='line_1_97' title="bbox 2104 3714 3685 3788; baseline -0.003 -16"><span class='ocrx_word' id='word_1_727' title='bbox 2104 3718 2278 3788; x_wconf 76' lang='grc' dir='ltr'><strong>αὐτὴν</strong></span> <span class='ocrx_word' id='word_1_728' title='bbox 2314 3718 2478 3772; x_wconf 81' lang='grc' dir='ltr'><strong>πάλιν</strong></span> <span class='ocrx_word' id='word_1_729' title='bbox 2516 3716 2804 3788; x_wconf 81' lang='grc' dir='ltr'><strong>αἰρόμενον</strong></span> <span class='ocrx_word' id='word_1_730' title='bbox 2853 3715 2948 3769; x_wconf 80' lang='grc' dir='ltr'><strong>καὶ</strong></span> <span class='ocrx_word' id='word_1_731' title='bbox 2998 3714 3404 3786; x_wconf 77' lang='grc' dir='ltr'><strong>ἀναφερόμενον</strong></span> <span class='ocrx_word' id='word_1_732' title='bbox 3443 3715 3544 3767; x_wconf 85' lang='grc' dir='ltr'><strong>οὐκ</strong></span> <span class='ocrx_word' id='word_1_733' title='bbox 3590 3716 3685 3768; x_wconf 82' lang='grc' dir='ltr'><strong>ἑπ-</strong></span> 
     </span>
    </p>
   </div>
   <div class='ocr_carea' id='block_1_98' title="bbox 2101 3803 3681 3881">
    <p class='ocr_par' dir='ltr' id='par_1_98' title="bbox 2101 3803 3681 3881">
     <span class='ocr_line' id='line_1_98' title="bbox 2101 3803 3681 3881; baseline -0.003 -17"><span class='ocrx_word' id='word_1_734' title='bbox 2101 3810 2373 3881; x_wconf 76' lang='grc' dir='ltr'><strong>εστρὰφη.</strong></span> <span class='ocrx_word' id='word_1_735' title='bbox 2396 3810 2527 3863; x_wconf 82' lang='grc' dir='ltr'><strong>Οὐδὲ</strong></span> <span class='ocrx_word' id='word_1_736' title='bbox 2550 3807 2823 3879; x_wconf 84' lang='grc' dir='ltr'><strong>κατενύγη</strong></span> <span class='ocrx_word' id='word_1_737' title='bbox 2854 3807 2946 3862; x_wconf 76' lang='grc' dir='ltr'><strong>ἐπὶ</strong></span> <span class='ocrx_word' id='word_1_738' title='bbox 2970 3806 3029 3861; x_wconf 82' lang='grc' dir='ltr'><strong>σέ</strong></span> <span class='ocrx_word' id='word_1_739' title='bbox 3059 3808 3088 3860; x_wconf 91' lang='grc' dir='ltr'><strong>ό</strong></span> <span class='ocrx_word' id='word_1_740' title='bbox 3113 3803 3681 3878; x_wconf 77' lang='grc' dir='ltr'><strong>εὔσπλαγχνος.”Αθυ-</strong></span> 
     </span>
    </p>
   </div>
   <div class='ocr_carea' id='block_1_99' title="bbox 2049 3894 3684 3971">
    <p class='ocr_par' dir='ltr' id='par_1_99' title="bbox 2049 3894 3684 3971">
     <span class='ocr_line' id='line_1_99' title="bbox 2049 3894 3684 3971; baseline -0.005 -16"><span class='ocrx_word' id='word_1_741' title='bbox 2049 3894 2055 3901; x_wconf 78' lang='grc'><em>’</em></span> <span class='ocrx_word' id='word_1_742' title='bbox 2103 3919 2194 3963; x_wconf 88' lang='grc' dir='ltr'><strong>τος</strong></span> <span class='ocrx_word' id='word_1_743' title='bbox 2224 3901 2281 3954; x_wconf 85' lang='grc' dir='ltr'><strong>δέ</strong></span> <span class='ocrx_word' id='word_1_744' title='bbox 2310 3900 2468 3955; x_wconf 76' lang='grc' dir='ltr'><strong>ἔσται</strong></span> <span class='ocrx_word' id='word_1_745' title='bbox 2495 3901 2593 3955; x_wconf 80' lang='grc' dir='ltr'><strong>καὶ</strong></span> <span class='ocrx_word' id='word_1_746' title='bbox 2634 3898 3096 3971; x_wconf 76' lang='grc' dir='ltr'><strong>ἀκαλλιέργητοςο</strong></span> <span class='ocrx_word' id='word_1_747' title='bbox 3126 3900 3222 3954; x_wconf 76' lang='grc' dir='ltr'><strong>καὶ</strong></span> <span class='ocrx_word' id='word_1_748' title='bbox 3253 3898 3499 3969; x_wconf 81' lang='grc' dir='ltr'><strong>διαμενεῖ</strong></span> <span class='ocrx_word' id='word_1_749' title='bbox 3515 3895 3684 3965; x_wconf 80' lang='grc' dir='ltr'><strong>ἀμελ-</strong></span> 
     </span>
    </p>
   </div>
   <div class='ocr_carea' id='block_1_100' title="bbox 2105 3985 3682 4063">
    <p class='ocr_par' dir='ltr' id='par_1_100' title="bbox 2105 3985 3682 4063">
     <span class='ocr_line' id='line_1_100' title="bbox 2105 3985 3682 4063; baseline -0.006 -16"><span class='ocrx_word' id='word_1_750' title='bbox 2105 3991 2347 4063; x_wconf 62' lang='grc' dir='ltr'><strong>ᾠδητοςη·</strong></span> <span class='ocrx_word' id='word_1_751' title='bbox 2382 3990 2499 4045; x_wconf 82' lang='grc' dir='ltr'><strong>ἀνθ’</strong></span> <span class='ocrx_word' id='word_1_752' title='bbox 2555 3985 2633 4044; x_wconf 86' lang='grc' dir='ltr'><strong>ὦν</strong></span> <span class='ocrx_word' id='word_1_753' title='bbox 2694 3991 2796 4044; x_wconf 82' lang='grc' dir='ltr'><strong>οὐκ</strong></span> <span class='ocrx_word' id='word_1_754' title='bbox 2845 3989 3016 4042; x_wconf 72' lang='grc' dir='ltr'><strong>ἔπαθέ</strong></span> <span class='ocrx_word' id='word_1_755' title='bbox 3066 4007 3120 4043; x_wconf 85' lang='grc' dir='ltr'><strong>τι</strong></span> <span class='ocrx_word' id='word_1_756' title='bbox 3163 3989 3258 4043; x_wconf 72' lang='grc' dir='ltr'><strong>ἐπὶ</strong></span> <span class='ocrx_word' id='word_1_757' title='bbox 3304 3991 3369 4060; x_wconf 81' lang='grc' dir='ltr'><strong>τῇ</strong></span> <span class='ocrx_word' id='word_1_758' title='bbox 3424 3986 3682 4058; x_wconf 76' lang='grc' dir='ltr'><strong>συντριϐῇ</strong></span> 
     </span>
    </p>
   </div>
   <div class='ocr_carea' id='block_1_101' title="bbox 2100 4078 3686 4155">
    <p class='ocr_par' dir='ltr' id='par_1_101' title="bbox 2100 4078 3686 4155">
     <span class='ocr_line' id='line_1_101' title="bbox 2100 4078 3686 4155; baseline -0.003 -18"><span class='ocrx_word' id='word_1_759' title='bbox 2100 4101 2197 4137; x_wconf 87' lang='grc' dir='ltr'><strong>σου</strong></span> <span class='ocrx_word' id='word_1_760' title='bbox 2218 4100 2231 4113; x_wconf 81' lang='lat'><strong><em>°</em></strong></span> <span class='ocrx_word' id='word_1_761' title='bbox 2265 4084 2380 4137; x_wconf 84' lang='grc' dir='ltr'><strong>ἀλλ’</strong></span> <span class='ocrx_word' id='word_1_762' title='bbox 2404 4083 2566 4155; x_wconf 78' lang='grc' dir='ltr'><strong>ἔθηκε</strong></span> <span class='ocrx_word' id='word_1_763' title='bbox 2598 4083 2658 4137; x_wconf 88' lang='grc' dir='ltr'><strong>τὸ</strong></span> <span class='ocrx_word' id='word_1_764' title='bbox 2706 4083 2996 4154; x_wconf 83' lang='grc' dir='ltr'><strong>πρόσωπον</strong></span> <span class='ocrx_word' id='word_1_765' title='bbox 3036 4080 3202 4137; x_wconf 83' lang='grc' dir='ltr'><strong>αὐτοῦ</strong></span> <span class='ocrx_word' id='word_1_766' title='bbox 3233 4081 3309 4145; x_wconf 86' lang='grc' dir='ltr'><strong>ὡς</strong></span> <span class='ocrx_word' id='word_1_767' title='bbox 3341 4078 3566 4151; x_wconf 85' lang='grc' dir='ltr'><strong>στερεὰν</strong></span> <span class='ocrx_word' id='word_1_768' title='bbox 3592 4078 3686 4132; x_wconf 84' lang='grc' dir='ltr'><strong>πέ-</strong></span> 
     </span>
    </p>
   </div>
   <div class='ocr_carea' id='block_1_102' title="bbox 2099 4170 3687 4246">
    <p class='ocr_par' dir='ltr' id='par_1_102' title="bbox 2099 4170 3687 4246">
     <span class='ocr_line' id='line_1_102' title="bbox 2099 4170 3687 4246; baseline -0.004 -18"><span class='ocrx_word' id='word_1_769' title='bbox 2099 4193 2267 4246; x_wconf 71' lang='grc' dir='ltr'><strong>ιιτραν⁹</strong></span> <span class='ocrx_word' id='word_1_770' title='bbox 2309 4175 2377 4228; x_wconf 82' lang='grc' dir='ltr'><strong>ἵν’</strong></span> <span class='ocrx_word' id='word_1_771' title='bbox 2409 4176 2490 4246; x_wconf 82' lang='grc' dir='ltr'><strong>ἰδῇ</strong></span> <span class='ocrx_word' id='word_1_772' title='bbox 2522 4176 2615 4229; x_wconf 74' lang='grc' dir='ltr'><strong>καὶ</strong></span> <span class='ocrx_word' id='word_1_773' title='bbox 2648 4174 2781 4228; x_wconf 82' lang='grc' dir='ltr'><strong>αὐτὸ</strong></span> <span class='ocrx_word' id='word_1_774' title='bbox 2831 4177 2879 4229; x_wconf 84' lang='grc' dir='ltr'><strong>εἰ</strong></span> <span class='ocrx_word' id='word_1_775' title='bbox 2913 4175 3007 4229; x_wconf 75' lang='grc' dir='ltr'><strong>καὶ</strong></span> <span class='ocrx_word' id='word_1_776' title='bbox 3046 4174 3142 4229; x_wconf 81' lang='grc' dir='ltr'>νῦν</span> <span class='ocrx_word' id='word_1_777' title='bbox 3167 4173 3243 4237; x_wconf 85' lang='grc' dir='ltr'><strong>ὡς</strong></span> <span class='ocrx_word' id='word_1_778' title='bbox 3280 4172 3460 4227; x_wconf 80' lang='grc' dir='ltr'><strong>ἔοικεν</strong></span> <span class='ocrx_word' id='word_1_779' title='bbox 3503 4170 3687 4224; x_wconf 75' lang='grc' dir='ltr'><strong>ἐπιλέ-</strong></span> 
     </span>
    </p>
   </div>
   <div class='ocr_carea' id='block_1_103' title="bbox 2104 4262 3688 4340">
    <p class='ocr_par' dir='ltr' id='par_1_103' title="bbox 2104 4262 3688 4340">
     <span class='ocr_line' id='line_1_103' title="bbox 2104 4262 3688 4340; baseline -0.004 -18"><span class='ocrx_word' id='word_1_780' title='bbox 2104 4268 2338 4340; x_wconf 79' lang='grc' dir='ltr'><strong>λησται’</strong></span> <span class='ocrx_word' id='word_1_781' title='bbox 2393 4269 2461 4323; x_wconf 81' lang='grc' dir='ltr'><strong>ἶν’</strong></span> <span class='ocrx_word' id='word_1_782' title='bbox 2499 4268 2857 4340; x_wconf 77' lang='grc' dir='ltr'><strong>ἀνθρωπίνως</strong></span> <span class='ocrx_word' id='word_1_783' title='bbox 2890 4269 3052 4334; x_wconf 77' lang='grc' dir='ltr'><strong>εἴπω,</strong></span> <span class='ocrx_word' id='word_1_784' title='bbox 3097 4268 3194 4321; x_wconf 77' lang='grc' dir='ltr'><strong>καὶ</strong></span> <span class='ocrx_word' id='word_1_785' title='bbox 3243 4264 3564 4337; x_wconf 81' lang='grc' dir='ltr'><strong>περιπαθῶς</strong></span> <span class='ocrx_word' id='word_1_786' title='bbox 3609 4262 3688 4326; x_wconf 84' lang='grc' dir='ltr'><strong>ὡς</strong></span> 
     </span>
    </p>
   </div>
   <div class='ocr_carea' id='block_1_104' title="bbox 2100 4355 3684 4433">
    <p class='ocr_par' dir='ltr' id='par_1_104' title="bbox 2100 4355 3684 4433">
     <span class='ocr_line' id='line_1_104' title="bbox 2100 4355 3684 4433; baseline -0.008 -14"><span class='ocrx_word' id='word_1_787' title='bbox 2100 4361 2387 4433; x_wconf 80' lang='grc' dir='ltr'><strong>ἄνθρωπός</strong></span> <span class='ocrx_word' id='word_1_788' title='bbox 2416 4378 2475 4415; x_wconf 80' lang='grc' dir='ltr'><strong>τε</strong></span> <span class='ocrx_word' id='word_1_789' title='bbox 2508 4363 2727 4430; x_wconf 77' lang='grc' dir='ltr'><strong>ἐγένετο</strong></span> <span class='ocrx_word' id='word_1_790' title='bbox 2751 4376 2768 4391; x_wconf 83' lang='grc'>⁶</span> <span class='ocrx_word' id='word_1_791' title='bbox 2813 4359 2909 4416; x_wconf 81' lang='grc' dir='ltr'><strong>καὶ</strong></span> <span class='ocrx_word' id='word_1_792' title='bbox 2934 4360 3002 4414; x_wconf 72' lang='grc' dir='ltr'><strong>τὰ</strong></span> <span class='ocrx_word' id='word_1_793' title='bbox 3028 4357 3320 4430; x_wconf 79' lang='grc' dir='ltr'><strong>σωματικὰ</strong></span> <span class='ocrx_word' id='word_1_794' title='bbox 3359 4355 3650 4421; x_wconf 76' lang='grc' dir='ltr'><strong>ἀνεδέξατο</strong></span> <span class='ocrx_word' id='word_1_795' title='bbox 3668 4370 3684 4384; x_wconf 75' lang='grc' dir='ltr'><strong>ο</strong></span> 
     </span>
    </p>
   </div>
   <div class='ocr_carea' id='block_1_105' title="bbox 2101 4449 3690 4525">
    <p class='ocr_par' dir='ltr' id='par_1_105' title="bbox 2101 4449 3690 4525">
     <span class='ocr_line' id='line_1_105' title="bbox 2101 4449 3690 4525; baseline -0.005 -17"><span class='ocrx_word' id='word_1_796' title='bbox 2101 4454 2259 4525; x_wconf 82' lang='grc' dir='ltr'><strong>ὑμεῖς</strong></span> <span class='ocrx_word' id='word_1_797' title='bbox 2283 4455 2340 4509; x_wconf 81' lang='grc' dir='ltr'><strong>δὲ</strong></span> <span class='ocrx_word' id='word_1_798' title='bbox 2372 4455 2447 4519; x_wconf 82' lang='grc' dir='ltr'><strong>ὡς</strong></span> <span class='ocrx_word' id='word_1_799' title='bbox 2480 4454 2584 4507; x_wconf 71' lang='grc' dir='ltr'><strong>υἱοὶ</strong></span> <span class='ocrx_word' id='word_1_800' title='bbox 2611 4452 2751 4507; x_wconf 85' lang='grc' dir='ltr'><strong>Σιὼν</strong></span> <span class='ocrx_word' id='word_1_801' title='bbox 2783 4454 2832 4506; x_wconf 86' lang='grc' dir='ltr'><strong>οἱ</strong></span> <span class='ocrx_word' id='word_1_802' title='bbox 2860 4453 3035 4522; x_wconf 80' lang='grc' dir='ltr'><strong>τίμιοι</strong></span> <span class='ocrx_word' id='word_1_803' title='bbox 3069 4452 3165 4505; x_wconf 73' lang='grc' dir='ltr'><strong>καὶ</strong></span> <span class='ocrx_word' id='word_1_804' title='bbox 3185 4449 3526 4521; x_wconf 85' lang='grc' dir='ltr'><strong>ἀντιθέμενοι</strong></span> <span class='ocrx_word' id='word_1_805' title='bbox 3555 4464 3690 4519; x_wconf 85' lang='grc' dir='ltr'><strong>χρυ-</strong></span> 
     </span>
    </p>
   </div>
   <div class='ocr_carea' id='block_1_106' title="bbox 2105 4539 3686 4620">
    <p class='ocr_par' dir='ltr' id='par_1_106' title="bbox 2105 4539 3686 4620">
     <span class='ocr_line' id='line_1_106' title="bbox 2105 4539 3686 4620; baseline -0.004 -20"><span class='ocrx_word' id='word_1_806' title='bbox 2105 4548 2206 4619; x_wconf 76' lang='grc' dir='ltr'><strong>σίῳ</strong></span> <span class='ocrx_word' id='word_1_807' title='bbox 2226 4564 2241 4580; x_wconf 79' lang='grc' dir='ltr'><strong><em>ο</em></strong></span> <span class='ocrx_word' id='word_1_808' title='bbox 2260 4548 2313 4601; x_wconf 83' lang='grc' dir='ltr'><strong>οἱ</strong></span> <span class='ocrx_word' id='word_1_809' title='bbox 2333 4547 2662 4617; x_wconf 71' lang='grc' dir='ltr'><strong>λειτουργοὶ,</strong></span> <span class='ocrx_word' id='word_1_810' title='bbox 2690 4546 2783 4602; x_wconf 71' lang='grc' dir='ltr'><strong>καὶ</strong></span> <span class='ocrx_word' id='word_1_811' title='bbox 2804 4546 2989 4620; x_wconf 75' lang='grc' dir='ltr'><strong>ἱερεῖς,</strong></span> <span class='ocrx_word' id='word_1_812' title='bbox 3014 4543 3109 4598; x_wconf 67' lang='grc' dir='ltr'><strong>καὶ</strong></span> <span class='ocrx_word' id='word_1_813' title='bbox 3131 4542 3289 4598; x_wconf 67' lang='grc' dir='ltr'><strong>θύται</strong></span> <span class='ocrx_word' id='word_1_814' title='bbox 3322 4541 3413 4595; x_wconf 81' lang='grc' dir='ltr'><strong>τοῦ</strong></span> <span class='ocrx_word' id='word_1_815' title='bbox 3446 4539 3686 4613; x_wconf 81' lang='grc' dir='ltr'><strong>μεγάλου</strong></span> 
     </span>
    </p>
   </div>
   <div class='ocr_carea' id='block_1_107' title="bbox 2108 4632 3692 4710">
    <p class='ocr_par' dir='ltr' id='par_1_107' title="bbox 2108 4632 3692 4710">
     <span class='ocr_line' id='line_1_107' title="bbox 2108 4632 3692 4710; baseline -0.004 -18"><span class='ocrx_word' id='word_1_816' title='bbox 2108 4643 2202 4692; x_wconf 74' lang='grc' dir='ltr'><strong>καὶ</strong></span> <span class='ocrx_word' id='word_1_817' title='bbox 2230 4639 2419 4693; x_wconf 84' lang='grc' dir='ltr'><strong>καινοῦ</strong></span> <span class='ocrx_word' id='word_1_818' title='bbox 2442 4639 2684 4710; x_wconf 84' lang='grc' dir='ltr'><strong>θύματος</strong></span> <span class='ocrx_word' id='word_1_819' title='bbox 2700 4656 2714 4671; x_wconf 76' lang='grc' dir='ltr'><strong>ο</strong></span> <span class='ocrx_word' id='word_1_820' title='bbox 2745 4639 2839 4693; x_wconf 78' lang='grc' dir='ltr'><strong>καὶ</strong></span> <span class='ocrx_word' id='word_1_821' title='bbox 2862 4637 2916 4691; x_wconf 83' lang='lat' dir='ltr'><strong>sl’</strong></span> <span class='ocrx_word' id='word_1_822' title='bbox 2936 4655 2987 4690; x_wconf 90' lang='grc' dir='ltr'><strong>τι</strong></span> <span class='ocrx_word' id='word_1_823' title='bbox 3009 4637 3196 4708; x_wconf 75' lang='grc' dir='ltr'><strong>ἕτερον</strong></span> <span class='ocrx_word' id='word_1_824' title='bbox 3220 4638 3279 4690; x_wconf 87' lang='grc' dir='ltr'><strong>ἐν</strong></span> <span class='ocrx_word' id='word_1_825' title='bbox 3297 4635 3567 4698; x_wconf 78' lang='grc' dir='ltr'><strong>διακόνοις</strong></span> <span class='ocrx_word' id='word_1_826' title='bbox 3595 4632 3692 4687; x_wconf 69' lang='grc' dir='ltr'><strong>καὶ</strong></span> 
     </span>
    </p>
   </div>
   <div class='ocr_carea' id='block_1_108' title="bbox 2111 4726 3690 4802">
    <p class='ocr_par' dir='ltr' id='par_1_108' title="bbox 2111 4726 3690 4802">
     <span class='ocr_line' id='line_1_108' title="bbox 2111 4726 3690 4802; baseline -0.004 -17"><span class='ocrx_word' id='word_1_827' title='bbox 2111 4733 2516 4797; x_wconf 80' lang='grc' dir='ltr'><strong>ὖποδιακόνοις·</strong></span> <span class='ocrx_word' id='word_1_828' title='bbox 2550 4735 2645 4786; x_wconf 80' lang='grc' dir='ltr'><strong>καὶ</strong></span> <span class='ocrx_word' id='word_1_829' title='bbox 2673 4734 2787 4796; x_wconf 86' lang='grc' dir='ltr'><strong>τοῖς</strong></span> <span class='ocrx_word' id='word_1_830' title='bbox 2815 4732 3032 4802; x_wconf 76' lang='grc' dir='ltr'><strong>αἴρουσι</strong></span> <span class='ocrx_word' id='word_1_831' title='bbox 3064 4729 3132 4782; x_wconf 74' lang='grc' dir='ltr'><strong>τὰ</strong></span> <span class='ocrx_word' id='word_1_832' title='bbox 3163 4726 3335 4798; x_wconf 77' lang='grc' dir='ltr'><strong>σκεύη</strong></span> <span class='ocrx_word' id='word_1_833' title='bbox 3363 4728 3458 4781; x_wconf 73' lang='grc' dir='ltr'><strong>καὶ</strong></span> <span class='ocrx_word' id='word_1_834' title='bbox 3496 4726 3690 4780; x_wconf 79' lang='grc' dir='ltr'><strong>καθαι-</strong></span> 
     </span>
    </p>
   </div>
   <div class='ocr_carea' id='block_1_109' title="bbox 2106 4818 3690 4898">
    <p class='ocr_par' dir='ltr' id='par_1_109' title="bbox 2106 4818 3690 4898">
     <span class='ocr_line' id='line_1_109' title="bbox 2106 4818 3690 4898; baseline -0.006 -19"><span class='ocrx_word' id='word_1_835' title='bbox 2106 4827 2288 4898; x_wconf 72' lang='grc' dir='ltr'><strong>ροῦσι*</strong></span> <span class='ocrx_word' id='word_1_836' title='bbox 2322 4828 2418 4880; x_wconf 70' lang='grc' dir='ltr'><strong>καὶ</strong></span> <span class='ocrx_word' id='word_1_837' title='bbox 2472 4826 2816 4897; x_wconf 84' lang='grc' dir='ltr'><strong>μελουργοῖς,</strong></span> <span class='ocrx_word' id='word_1_838' title='bbox 2849 4825 2945 4878; x_wconf 76' lang='grc' dir='ltr'><strong>καὶ</strong></span> <span class='ocrx_word' id='word_1_839' title='bbox 2992 4822 3281 4894; x_wconf 77' lang='grc' dir='ltr'><strong>ὑμνῳδοῖς,</strong></span> <span class='ocrx_word' id='word_1_840' title='bbox 3308 4820 3404 4874; x_wconf 81' lang='grc' dir='ltr'><strong>καὶ</strong></span> <span class='ocrx_word' id='word_1_841' title='bbox 3456 4818 3690 4889; x_wconf 74' lang='grc' dir='ltr'><strong>ψάλταις</strong></span> 
     </span>
    </p>
   </div>
   <div class='ocr_carea' id='block_1_110' title="bbox 2112 4912 3692 4993">
    <p class='ocr_par' dir='ltr' id='par_1_110' title="bbox 2112 4912 3692 4993">
     <span class='ocr_line' id='line_1_110' title="bbox 2112 4912 3692 4993; baseline -0.008 -17"><span class='ocrx_word' id='word_1_842' title='bbox 2112 4920 2369 4993; x_wconf 74' lang='grc' dir='ltr'><strong>σύστημά</strong></span> <span class='ocrx_word' id='word_1_843' title='bbox 2388 4938 2447 4974; x_wconf 81' lang='grc' dir='ltr'><strong>τε</strong></span> <span class='ocrx_word' id='word_1_844' title='bbox 2478 4921 2574 4974; x_wconf 72' lang='grc' dir='ltr'><strong>καὶ</strong></span> <span class='ocrx_word' id='word_1_845' title='bbox 2594 4919 2864 4991; x_wconf 78' lang='grc' dir='ltr'><strong>πλήρωμα</strong></span> <span class='ocrx_word' id='word_1_846' title='bbox 2885 4920 2899 4971; x_wconf 83' lang='grc' dir='ltr'><strong>ι</strong></span> <span class='ocrx_word' id='word_1_847' title='bbox 2919 4916 2988 4980; x_wconf 82' lang='grc' dir='ltr'><strong>οἳ,</strong></span> <span class='ocrx_word' id='word_1_848' title='bbox 3008 4916 3082 4979; x_wconf 86' lang='grc' dir='ltr'><strong>ὼς</strong></span> <span class='ocrx_word' id='word_1_849' title='bbox 3101 4912 3369 4985; x_wconf 86' lang='grc' dir='ltr'><strong>Ἱερεμίας</strong></span> <span class='ocrx_word' id='word_1_850' title='bbox 3389 4912 3544 4982; x_wconf 70' lang='grc' dir='ltr'><strong>φησὶ,</strong></span> <span class='ocrx_word' id='word_1_851' title='bbox 3563 4926 3692 4980; x_wconf 81' lang='grc' dir='ltr'><strong>τρυ-</strong></span> 
     </span>
    </p>
   </div>
   <div class='ocr_carea' id='block_1_111' title="bbox 2103 5003 3793 5091">
    <p class='ocr_par' dir='ltr' id='par_1_111' title="bbox 2103 5003 3793 5091">
     <span class='ocr_line' id='line_1_111' title="bbox 2103 5003 3793 5091; baseline -0.008 -22"><span class='ocrx_word' id='word_1_852' title='bbox 2103 5013 2260 5086; x_wconf 79' lang='grc' dir='ltr'><strong>φεροί</strong></span> <span class='ocrx_word' id='word_1_853' title='bbox 2285 5031 2346 5068; x_wconf 88' lang='grc' dir='ltr'><strong>τε</strong></span> <span class='ocrx_word' id='word_1_854' title='bbox 2381 5014 2476 5069; x_wconf 74' lang='grc' dir='ltr'><strong>καὶ</strong></span> <span class='ocrx_word' id='word_1_855' title='bbox 2521 5012 2708 5067; x_wconf 83' lang='grc' dir='ltr'><strong>κακῶν</strong></span> <span class='ocrx_word' id='word_1_856' title='bbox 2741 5011 3004 5087; x_wconf 77' lang='grc' dir='ltr'><strong>ἀπαθεῖς·</strong></span> <span class='ocrx_word' id='word_1_857' title='bbox 3041 5008 3138 5063; x_wconf 74' lang='grc' dir='ltr'><strong>καὶ</strong></span> <span class='ocrx_word' id='word_1_858' title='bbox 3185 5008 3286 5071; x_wconf 81' lang='grc' dir='ltr'><strong>τὰς</strong></span> <span class='ocrx_word' id='word_1_859' title='bbox 3325 5004 3563 5076; x_wconf 78' lang='grc' dir='ltr'><strong>ὑψώσεις</strong></span> <span class='ocrx_word' id='word_1_860' title='bbox 3594 5003 3690 5058; x_wconf 78' lang='grc' dir='ltr'><strong>τοῦ</strong></span> <span class='ocrx_word' id='word_1_861' title='bbox 3776 5080 3793 5091; x_wconf 47' lang='lat'><strong>.</strong></span> 
     </span>
    </p>
   </div>
   <div class='ocr_carea' id='block_1_112' title="bbox 2103 5097 3687 5179">
    <p class='ocr_par' dir='ltr' id='par_1_112' title="bbox 2103 5097 3687 5179">
     <span class='ocr_line' id='line_1_112' title="bbox 2103 5097 3687 5179; baseline -0.009 -16"><span class='ocrx_word' id='word_1_862' title='bbox 2103 5107 2241 5163; x_wconf 70' lang='lat' dir='ltr'><strong>Geo-3</strong></span> <span class='ocrx_word' id='word_1_863' title='bbox 2274 5111 2333 5162; x_wconf 85' lang='grc' dir='ltr'><strong>ἐν</strong></span> <span class='ocrx_word' id='word_1_864' title='bbox 2358 5107 2439 5179; x_wconf 73' lang='grc' dir='ltr'><strong>τῷ</strong></span> <span class='ocrx_word' id='word_1_865' title='bbox 2476 5106 2714 5177; x_wconf 85' lang='grc' dir='ltr'><strong>λάρυγγι</strong></span> <span class='ocrx_word' id='word_1_866' title='bbox 2754 5103 3162 5175; x_wconf 82' lang='grc' dir='ltr'><strong>περιφέροντες,</strong></span> <span class='ocrx_word' id='word_1_867' title='bbox 3188 5100 3306 5165; x_wconf 82' lang='grc' dir='ltr'><strong>πῶς</strong></span> <span class='ocrx_word' id='word_1_868' title='bbox 3335 5099 3431 5154; x_wconf 83' lang='grc' dir='ltr'><strong>νῦν</strong></span> <span class='ocrx_word' id='word_1_869' title='bbox 3465 5097 3687 5168; x_wconf 72' lang='grc' dir='ltr'><strong>μετατε-</strong></span> 
     </span>
    </p>
   </div>
   <div class='ocr_carea' id='block_1_113' title="bbox 2100 5184 3690 5270">
    <p class='ocr_par' dir='ltr' id='par_1_113' title="bbox 2100 5184 3690 5270">
     <span class='ocr_line' id='line_1_113' title="bbox 2100 5184 3690 5270; baseline -0.008 -15"><span class='ocrx_word' id='word_1_870' title='bbox 2100 5202 2313 5262; x_wconf 86' lang='grc' dir='ltr'><strong>θεισθε;</strong></span> <span class='ocrx_word' id='word_1_871' title='bbox 2342 5184 2443 5253; x_wconf 66' lang='grc' dir='ltr'><strong>ποῧ</strong></span> <span class='ocrx_word' id='word_1_872' title='bbox 2483 5197 2839 5270; x_wconf 74' lang='grc' dir='ltr'><strong>ἀθροίζεσθες</strong></span> <span class='ocrx_word' id='word_1_873' title='bbox 2870 5196 2989 5260; x_wconf 78' lang='grc' dir='ltr'><strong>πῶς</strong></span> <span class='ocrx_word' id='word_1_874' title='bbox 3009 5193 3260 5266; x_wconf 79' lang='grc' dir='ltr'><strong>ἐστράφη</strong></span> <span class='ocrx_word' id='word_1_875' title='bbox 3290 5194 3324 5265; x_wconf 81' lang='grc' dir='ltr'>ἠ</span> <span class='ocrx_word' id='word_1_876' title='bbox 3356 5195 3499 5264; x_wconf 68' lang='grc' dir='ltr'><strong>χαρὰ</strong></span> <span class='ocrx_word' id='word_1_877' title='bbox 3533 5189 3690 5262; x_wconf 73' lang='grc' dir='ltr'><strong>ἡμῶν</strong></span> 
     </span>
    </p>
   </div>
   <div class='ocr_carea' id='block_1_114' title="bbox 2100 5278 3692 5360">
    <p class='ocr_par' dir='ltr' id='par_1_114' title="bbox 2100 5278 3692 5360">
     <span class='ocr_line' id='line_1_114' title="bbox 2100 5278 3692 5360; baseline -0.009 -14"><span class='ocrx_word' id='word_1_878' title='bbox 2100 5295 2180 5357; x_wconf 84' lang='grc' dir='ltr'><strong>εἰς</strong></span> <span class='ocrx_word' id='word_1_879' title='bbox 2210 5292 2439 5360; x_wconf 80' lang='grc' dir='ltr'><strong>πένθος;</strong></span> <span class='ocrx_word' id='word_1_880' title='bbox 2471 5293 2589 5354; x_wconf 86' lang='grc' dir='ltr'><strong>πῶς</strong></span> <span class='ocrx_word' id='word_1_881' title='bbox 2631 5291 2686 5343; x_wconf 87' lang='grc' dir='ltr'><strong>αἱ</strong></span> <span class='ocrx_word' id='word_1_882' title='bbox 2717 5281 2903 5360; x_wconf 56' lang='grc' dir='ltr'><strong>ἑὸρταὶ</strong></span> <span class='ocrx_word' id='word_1_883' title='bbox 2932 5289 3011 5351; x_wconf 87' lang='grc' dir='ltr'><strong>εἰς</strong></span> <span class='ocrx_word' id='word_1_884' title='bbox 3038 5287 3302 5358; x_wconf 79' lang='grc' dir='ltr'><strong>θρήνους;</strong></span> <span class='ocrx_word' id='word_1_885' title='bbox 3326 5285 3401 5338; x_wconf 76' lang='grc' dir='ltr'><strong>Οὐ</strong></span> <span class='ocrx_word' id='word_1_886' title='bbox 3433 5282 3597 5337; x_wconf 75' lang='grc' dir='ltr'><strong>καλὸν</strong></span> <span class='ocrx_word' id='word_1_887' title='bbox 3614 5278 3692 5352; x_wconf 76' lang='grc' dir='ltr'><strong>,ἦν</strong></span> 
     </span>
    </p>
   </div>
   <div class='ocr_carea' id='block_1_115' title="bbox 2101 5378 3690 5458">
    <p class='ocr_par' dir='ltr' id='par_1_115' title="bbox 2101 5378 3690 5458">
     <span class='ocr_line' id='line_1_115' title="bbox 2101 5378 3690 5458; baseline -0.008 -19"><span class='ocrx_word' id='word_1_888' title='bbox 2101 5388 2232 5458; x_wconf 74' lang='grc' dir='ltr'><strong>ἡμῖν</strong></span> <span class='ocrx_word' id='word_1_889' title='bbox 2264 5386 2357 5439; x_wconf 78' lang='grc' dir='ltr'><strong>καὶ</strong></span> <span class='ocrx_word' id='word_1_890' title='bbox 2384 5387 2554 5453; x_wconf 84' lang='grc' dir='ltr'><strong>ὅσιον,</strong></span> <span class='ocrx_word' id='word_1_891' title='bbox 2573 5384 2648 5447; x_wconf 84' lang='grc' dir='ltr'><strong>ὡς</strong></span> <span class='ocrx_word' id='word_1_892' title='bbox 2682 5385 2776 5437; x_wconf 70' lang='grc' dir='ltr'><strong>καὶ</strong></span> <span class='ocrx_word' id='word_1_893' title='bbox 2806 5383 2931 5452; x_wconf 70' lang='grc' dir='ltr'><strong>ἐμοὶ</strong></span> <span class='ocrx_word' id='word_1_894' title='bbox 2954 5379 3100 5446; x_wconf 77' lang='grc' dir='ltr'><strong>ἔδοξε</strong></span> <span class='ocrx_word' id='word_1_895' title='bbox 3140 5378 3235 5434; x_wconf 76' lang='grc' dir='ltr'><strong>καὶ</strong></span> <span class='ocrx_word' id='word_1_896' title='bbox 3255 5380 3413 5442; x_wconf 81' lang='grc' dir='ltr'><strong>πᾶσι,</strong></span> <span class='ocrx_word' id='word_1_897' title='bbox 3441 5392 3690 5447; x_wconf 85' lang='grc' dir='ltr'><strong>προαπο-</strong></span> 
     </span>
    </p>
   </div>
   <div class='ocr_carea' id='block_1_116' title="bbox 2102 5466 3693 5547">
    <p class='ocr_par' dir='ltr' id='par_1_116' title="bbox 2102 5466 3693 5547">
     <span class='ocr_line' id='line_1_116' title="bbox 2102 5466 3693 5547; baseline -0.008 -15"><span class='ocrx_word' id='word_1_898' title='bbox 2102 5479 2305 5543; x_wconf 87' lang='grc' dir='ltr'><strong>θανεῖν,</strong></span> <span class='ocrx_word' id='word_1_899' title='bbox 2331 5478 2364 5547; x_wconf 80' lang='grc' dir='ltr'><strong>ἢ</strong></span> <span class='ocrx_word' id='word_1_900' title='bbox 2397 5476 2787 5533; x_wconf 80' lang='grc' dir='ltr'><strong>συναποθανεῖν</strong></span> <span class='ocrx_word' id='word_1_901' title='bbox 2809 5473 2886 5546; x_wconf 82' lang='grc' dir='ltr'><strong>τῷ</strong></span> <span class='ocrx_word' id='word_1_902' title='bbox 2917 5473 3209 5543; x_wconf 75' lang='grc' dir='ltr'><strong>πτώματις</strong></span> <span class='ocrx_word' id='word_1_903' title='bbox 3247 5469 3404 5525; x_wconf 74' lang='grc' dir='ltr'><strong>Ἐπεὶ</strong></span> <span class='ocrx_word' id='word_1_904' title='bbox 3426 5469 3484 5523; x_wconf 87' lang='grc' dir='ltr'><strong>δέ</strong></span> <span class='ocrx_word' id='word_1_905' title='bbox 3512 5470 3540 5522; x_wconf 92' lang='lat'><strong>6</strong></span> <span class='ocrx_word' id='word_1_906' title='bbox 3558 5466 3693 5530; x_wconf 78' lang='grc' dir='ltr'><strong>Θεὸς</strong></span> 
     </span>
    </p>
   </div>
   <div class='ocr_carea' id='block_1_117' title="bbox 2104 5558 3693 5639">
    <p class='ocr_par' dir='ltr' id='par_1_117' title="bbox 2104 5558 3693 5639">
     <span class='ocr_line' id='line_1_117' title="bbox 2104 5558 3693 5639; baseline -0.023 -5"><span class='ocrx_word' id='word_1_907' title='bbox 2104 5569 2201 5639; x_wconf 69' lang='grc' dir='ltr'><strong>ζῇν</strong></span> <span class='ocrx_word' id='word_1_908' title='bbox 2235 5571 2365 5638; x_wconf 75' lang='grc' dir='ltr'><strong>ἡμῖν</strong></span> <span class='ocrx_word' id='word_1_909' title='bbox 2398 5567 2564 5621; x_wconf 75' lang='grc' dir='ltr'><strong>ἔδωκε</strong></span> <span class='ocrx_word' id='word_1_910' title='bbox 2602 5567 2695 5619; x_wconf 70' lang='grc' dir='ltr'><strong>καὶ</strong></span> <span class='ocrx_word' id='word_1_911' title='bbox 2747 5564 3165 5633; x_wconf 79' lang='grc' dir='ltr'><strong>ἐγκατάλειμμα</strong></span> <span class='ocrx_word' id='word_1_912' title='bbox 3208 5563 3340 5633; x_wconf 79' lang='grc' dir='ltr'><strong>ἡμῖν</strong></span> <span class='ocrx_word' id='word_1_913' title='bbox 3383 5559 3528 5627; x_wconf 79' lang='grc' dir='ltr'><strong>ὑμᾶς</strong></span> <span class='ocrx_word' id='word_1_914' title='bbox 3588 5558 3693 5610; x_wconf 74' lang='grc' dir='ltr'><strong>ὑπ.</strong></span> 
     </span>
    </p>
   </div>
   <div class='ocr_carea' id='block_1_118' title="bbox 2104 5652 3695 5735">
    <p class='ocr_par' dir='ltr' id='par_1_118' title="bbox 2104 5652 3695 5735">
     <span class='ocr_line' id='line_1_118' title="bbox 2104 5652 3695 5735; baseline -0.005 -19"><span class='ocrx_word' id='word_1_915' title='bbox 2104 5662 2371 5729; x_wconf 77' lang='grc' dir='ltr'><strong>ελείπετο,</strong></span> <span class='ocrx_word' id='word_1_916' title='bbox 2388 5659 2535 5731; x_wconf 74' lang='grc' dir='ltr'><strong>ζητῶ</strong></span> <span class='ocrx_word' id='word_1_917' title='bbox 2564 5660 2666 5713; x_wconf 76' lang='grc' dir='ltr'><strong>ποῦ</strong></span> <span class='ocrx_word' id='word_1_918' title='bbox 2684 5660 2743 5713; x_wconf 86' lang='grc' dir='ltr'><strong>τὸ</strong></span> <span class='ocrx_word' id='word_1_919' title='bbox 2774 5660 2917 5730; x_wconf 70' lang='grc' dir='ltr'><strong>ἱερὸν</strong></span> <span class='ocrx_word' id='word_1_920' title='bbox 2941 5657 3098 5735; x_wconf 74' lang='grc' dir='ltr'><strong>ὑμῶν</strong></span> <span class='ocrx_word' id='word_1_921' title='bbox 3118 5657 3353 5727; x_wconf 74' lang='grc' dir='ltr'><strong>κάθηται</strong></span> <span class='ocrx_word' id='word_1_922' title='bbox 3375 5653 3470 5707; x_wconf 83' lang='grc' dir='ltr'>νῦν</span> <span class='ocrx_word' id='word_1_923' title='bbox 3493 5652 3526 5723; x_wconf 82' lang='grc' dir='ltr'><strong>ἥ</strong></span> <span class='ocrx_word' id='word_1_924' title='bbox 3549 5652 3695 5708; x_wconf 74' lang='grc' dir='ltr'><strong>ἵστα-</strong></span> 
     </span>
    </p>
   </div>
   <div class='ocr_carea' id='block_1_119' title="bbox 2104 5743 3688 5826">
    <p class='ocr_par' dir='ltr' id='par_1_119' title="bbox 2104 5743 3688 5826">
     <span class='ocr_line' id='line_1_119' title="bbox 2104 5743 3688 5826; baseline -0.008 -16"><span class='ocrx_word' id='word_1_925' title='bbox 2104 5772 2195 5812; x_wconf 85' lang='grc' dir='ltr'><strong>ται</strong></span> <span class='ocrx_word' id='word_1_926' title='bbox 2224 5752 2629 5826; x_wconf 74' lang='grc' dir='ltr'><strong>σεμνολόγημαο</strong></span> <span class='ocrx_word' id='word_1_927' title='bbox 2659 5752 2760 5809; x_wconf 75' lang='grc' dir='ltr'><strong>ποῦ</strong></span> <span class='ocrx_word' id='word_1_928' title='bbox 2791 5755 2821 5822; x_wconf 67' lang='grc' dir='ltr'>ἡ</span> <span class='ocrx_word' id='word_1_929' title='bbox 2858 5751 3066 5815; x_wconf 64' lang='grc' dir='ltr'><strong>σύνοδος</strong></span> <span class='ocrx_word' id='word_1_930' title='bbox 3096 5766 3106 5778; x_wconf 92' lang='grc'><strong>·</strong></span> <span class='ocrx_word' id='word_1_931' title='bbox 3148 5747 3246 5801; x_wconf 77' lang='grc' dir='ltr'><strong>ποῦ</strong></span> <span class='ocrx_word' id='word_1_932' title='bbox 3282 5748 3319 5818; x_wconf 77' lang='grc' dir='ltr'><strong>ἠ</strong></span> <span class='ocrx_word' id='word_1_933' title='bbox 3357 5743 3688 5808; x_wconf 55' lang='lat' dir='ltr'><strong>cavillam;</strong></span> 
     </span>
    </p>
   </div>
  </div>
