4034 6246
350 310 496 378 ειη

1308 316 1313 321 ’
1356 312 1699 375 ΜΟΝΟΒΙΑ
1729 312 1810 374 ΙΝ
1866 314 2211 375 SA'NCTAM
2261 313 2618 376 SOPHIAM.

3434 310 3439 313 ’
3474 314 3615 381 2842

347 424 461 479 ποῖ»
496 424 525 492 ἡ
559 418 854 490 συζήτησις
877 419 985 473 τῶν
1034 417 1322 491 Γραφικῶν
1371 421 1548 492 ῥητῶν
1574 437 1628 473 τι
1666 422 1798 492 περὶ
1832 419 1925 489 τῆς

2033 419 2423 489 congregatio?
2437 419 2532 473 ubi
2559 418 2835 475 amuentia
2860 419 2889 474 ?
2908 419 3000 475 ubi
3024 420 3296 491 expositio
3315 413 3612 493 Scriptum.

349 512 646 581 σδμφορᾶς
696 509 909 578 ἐκείνης
948 508 1228 579 φιλοσοφεῖ
1254 526 1334 576 τε,
1380 510 1509 580 περὶ
1550 509 1930 578 εὐδοκήσεως·

2035 511 2327 564 verborum
2364 508 2389 562 ?
2425 518 2607 564 utrum
2639 509 2846 580 aliquid
2893 508 2962 565 de
2999 508 3101 565 hac
3163 510 3474 566 calamitate
3503 513 3615 570 dis-

349 605 488 675 περὶ
538 602 1021 674 παραχωρήσεως,
1087 604 1214 674 περὶ
1264 602 1597 672 οἰκονομίας,
1653 601 1783 671 περὶ
1822 600 1925 653 τῶν

2035 609 2180 657 serat
2229 601 2350 669 ;de
2409 602 2812 666 benevolentia,
2870 601 2938 656 de
2986 602 3330 668 remissione,
3379 604 3447 661 de
3490 605 3610 661 dis-

346 697 667 766 ἀνεφίκτων
711 696 1041 767 χρημάτων·
1079 695 1245 759 εἴτις
1292 695 1448 766 ἐδόθη
1488 692 1680 764 ὑμῖνῆ
1719 696 1931 747 ἁπεκαο

347 787 533 857 λύφθη
579 787 735 856 λόγος
754 804 768 817 ο
799 788 991 841 εἴπατε
1022 788 1297 859 ωὶήμῖν·
1334 787 1529 858 καὶμὴ
1558 787 1754 857 ἐάσητε
1785 786 1935 856 μόνῳ

346 879 430 952 τῷ
461 879 857 948 ἁποσπάσματι
904 877 998 933 τοῦ
1032 878 1179 949 ἱεροῦ
1208 878 1378 949 ὕμνου
1409 879 1766 949 προσανέχειν
1787 895 1801 909 ο
1830 879 1931 933 οὐκ

346 971 501 1024 ἐστιν
523 973 582 1025 ἐν
603 970 682 1042 τῷ
705 970 883 1042 καιρῷ
906 969 1491 1041 τούτῳ,λέγων,ἄρχων
1523 969 1573 1041 ἦν
1585 970 1871 1042 προφήτης
1894 970 1928 1042 ἣ

347 1064 654 1136 ἡγούμενος
677 1079 693 1095 ⁸
716 1064 835 1118 οὐδὲ
850 1064 1215 1127 ὀλοκαὺτωσις
1236 1079 1250 1095 ο
1268 1063 1390 1117 οὐδὲ
1409 1063 1588 1126 θυσία,
1606 1062 1725 1116 οὐδὲ
1755 1080 1928 1133 προσ-

350 1157 519 1227 φορὰ,
557 1156 678 1209 οὐδὲ
734 1155 1002 1228 θυμίαμα.
1034 1156 1108 1210 Οὐ
1156 1155 1322 1219 τόπος
1363 1155 1459 1209 τοῦ
1510 1154 1800 1226 καρπῶσαι
1843 1157 1929 1208 ἐνι

348 1248 527 1301 ώπιὸν
555 1267 650 1302 σου
694 1250 787 1302 καὶ
828 1250 1009 1320 εὑρεῖν
1041 1249 1215 1313 ἕλεος·
1242 1248 1354 1302 ἀλλ’
1380 1249 1535 1319 ὑμεῖς
1568 1248 1667 1317 μὲν
1696 1248 1789 1301 καὶ
1820 1247 1926 1300 σώ-

350 1342 534 1407 ζοισθε
574 1342 669 1396 καὶ
701 1341 863 1396 ἴδοιτε
894 1342 992 1413 τὴν
1022 1342 1152 1394 νέαν
1190 1342 1548 1413 Ἰερουσαλὴμ
1584 1340 1929 1411 ἀναγομένην

347 1451 409 1488 τε
438 1435 519 1497 είς
563 1432 695 1504 ὕψος
737 1434 833 1487 καὶ
880 1432 1393 1503 ἀνακαινιζομένην,
1440 1432 1534 1485 καὶ
1575 1434 1696 1495 ταῖς
1739 1431 1929 1502 εὐχαῖς

351 1528 715 1596 συγκάμοιτε,
758 1527 853 1580 καὶ
898 1523 1320 1596 δοξασθήσοισθε
1369 1527 1429 1578 ὲν
1481 1525 1617 1595 αὐτῇ
1650 1524 1744 1577 καὶ
1798 1523 1932 1591 λαμ-

351 1619 754 1691 πρυνθήσοισθε
773 1636 787 1649 ”
821 1618 884 1671 σὺ
916 1617 994 1683 δὲ,
1023 1616 1162 1687 ἥλιε,
1188 1616 1286 1669 καὶ
1322 1614 1541 1686 σελήνη,
1571 1615 1663 1668 καὶ
1696 1613 1929 1685 ἀστέρες

2034 695 2376 765 pensatione,
2424 695 2493 749 de
2547 694 2849 750 inaccessis
2903 694 3130 762 divitiis,
3183 704 3366 751 utrum
3408 697 3610 768 aliquis

2032 786 2195 842 datus
2244 787 2315 843 sit
2364 784 2521 840 vobis
2570 792 2666 839 aut
2704 783 3064 839 absconditus
3122 800 3308 841 sermo
3367 787 3392 840 ?
3439 788 3610 844 dicite

2031 879 2212 941 nobis.
2240 893 2420 949 neque
2438 877 2601 933 sinite
2632 876 2727 931 uni
2756 891 2787 930 e
2812 875 2999 945 templi
3029 874 3349 946 fragmentis
3374 878 3609 950 hymnos
3634 906 3641 915 -

2031 972 2330 1027 adbasrere.
2364 968 2485 1025 Non
2533 979 2618 1025 est
2662 969 2717 1022 in
2746 967 2850 1023 hoc
2900 977 3145 1038 tempore
3177 969 3404 1039 loquens
3444 971 3609 1061 prin.

2030 1079 2182 1137 ceps,
2229 1062 2494 1134 propheta
2521 1070 2614 1115 aut
2641 1060 2753 1114 dux
2788 1075 2807 1130 ;
2861 1075 2972 1115 non
3012 1061 3392 1116 holocaustum
3431 1060 3457 1128 ;’
3500 1079 3609 1117 non

2029 1157 2360 1214 sacrificium
2390 1169 2566 1226 neque
2593 1152 2802 1209 oblatio
2830 1169 2847 1221 ;
2876 1169 2987 1207 non
3018 1153 3610 1215 incensum,neclocus

2027 1247 2317 1319 colligendi
2373 1261 2557 1302 coram
2614 1255 2666 1300 te
2697 1252 2752 1300 et
2796 1244 3116 1299 inveniendi
3151 1243 3608 1298 misericordiam.

2033 1336 2140 1394 Vos
2177 1346 2358 1392 autem
2402 1342 2734 1389 mementote
2762 1344 2816 1390 et
2846 1333 3025 1389 videte
3069 1348 3269 1389 novam
3305 1332 3609 1390 Jerusalem

2027 1431 2415 1488 ascendentem
2457 1429 2512 1483 in
2545 1429 2713 1483 altum
2742 1436 2794 1482 et
2825 1434 3143 1482 renovatam
3180 1443 3195 1492 ;
3232 1428 3485 1497 precibus
3518 1428 3614 1482 ad-

2024 1522 2234 1593 iuvate,
2257 1528 2311 1577 et
2340 1519 2783 1593 glorificabimini
2818 1518 2873 1573 in
2910 1518 3000 1572 illa
3025 1528 3079 1574 et
3107 1517 3608 1589 magniticabimini.

2029 1612 2072 1667 T
2077 1630 2108 1668 ιι
2138 1623 2341 1680 autem,
2368 1612 2450 1668 sol
2480 1622 2535 1667 et
2567 1611 2717 1676 luna,
2741 1624 2839 1666 vos
2861 1610 3051 1672 stella},
3085 1609 3179 1664 ubi
3201 1626 3348 1665 nunc
3372 1609 3566 1665 lucetis
3587 1610 3614 1666 ?

347 1711 530 1781 ὑμεῖς,
566 1708 672 1763 ποῦ
702 1725 832 1762 ποτε
874 1708 998 1780 ἄρτι
1051 1706 1305 1776 φαίνετε;
1335 1703 1438 1760 ποῦ
1481 1704 1778 1772 αὐγάζετες
1824 1702 1925 1756 ποῦ

2030 1704 2121 1758 ubi
2181 1702 2457 1774 fulgetis?
2509 1701 2603 1756 ubi
2654 1700 2838 1756 radios
2891 1702 3109 1758 mittitis
3169 1702 3458 1759 orlentes?
3489 1718 3617 1773 qua

347 1804 449 1867 τὰς
474 1804 702 1867 ἀκτῖνας
739 1802 1049 1872 ἀνίσχοντες
1076 1798 1358 1869 πέμπετε;
1391 1801 1543 1861 ποῖος
1571 1798 1715 1867 ὑμᾶς
1738 1796 1925 1866 ἕτερος

2032 1811 2127 1852 vos
2165 1796 2336 1851 altera
2368 1794 2564 1850 domus
2592 1794 2797 1864 excipit
2839 1804 2894 1849 et
2946 1794 3254 1863 hospitatur
3287 1796 3312 1848 ?
3332 1809 3439 1864 qua
3464 1811 3613 1850 nunc

346 1893 494 1962 οἶκος
512 1896 790 1966 ἐκδέχεται
808 1896 896 1948 καὶ
922 1893 1238 1963 ὑποδέχεται
1255 1909 1271 1959 ;
1287 1890 1396 1945 τίνι
1415 1889 1776 1962 ὲναϐρύνεσθε
1797 1887 1922 1954 vim;

344 1990 453 2044 τίνι
480 1988 881 2058 ἀντιλάμπετε;
911 1985 1050 2056 ποίῳ
1073 1985 1219 2056 ἔργῳ
1242 1981 1669 2053 ἑνσεμνύνεσθες
1691 1981 1776 2043 τίς
1797 1980 1924 2034 ίδείν

348 2081 494 2151 ὑμᾶς
532 2079 650 2133 ἄνω
678 2078 890 2150 βλέπων
912 2078 1121 2142 ἐθέλοις
1157 2078 1239 2141 τίς
1265 2074 1390 2148 οὐχὶ
1430 2074 1630 2146 μᾶλλον
1677 2072 1923 2129 κατακύ-

350 2191 499 2227 πτων
528 2174 586 2226 ὲν
617 2172 796 2225 σκότει
838 2168 1242 2241 διαπορεύεται,
1277 2167 1373 2222 καὶ
1424 2167 1539 2237 φῶς
1582 2166 1922 2237 ἀποστρέφεσ

346 2282 471 2332 ut;
500 2264 614 2317 Οὐκ
639 2262 745 2316 ἔδει
770 2280 829 2315 σε
872 2260 1259 2333 περιϐαλέσθαι
1291 2258 1482 2323 σκότος
1524 2260 1586 2311 τὺ
1628 2256 1921 2329 πένθιμον;

348 2359 526 2410 ἐκεῖνο
551 2354 710 2410 τοῦτο
731 2355 830 2427 ήδη
855 2353 1130 2425 δεύτερον,
1161 2353 1466 2423 φωστήρων
1492 2350 1678 2432 ἄριστε
1704 2350 1800 2404 καὶ
1830 2348 1925 2421 μέ-

348 2467 500 2518 γιστε
532 2449 681 2520 illius;
720 2448 840 2519 οὐχὶ
878 2449 972 2501 καὶ
1016 2446 1103 2512 σὲ,
1140 2446 1465 2515 πανσέληνε,
1501 2445 1777 2498 κωνοειδεῖ
1816 2462 1924 2499 τινι

348 2541 646 2610 σκιάσματι
672 2540 1006 2609 ὑποδραμεῖν
1038 2538 1136 2592 καὶ
1167 2538 1542 2609 ὑποκρυσῆναι
1569 2537 1603 2607 ἢ
1637 2536 1921 2606 ἐκλείψαι;

359 2631 495 2684 Ἀλλ’
522 2627 663 2682 οὕτω
711 2628 996 2699 παρείδετε
1023 2628 1087 2681 τὸ
1122 2627 1345 2697 γεγονὸς
1370 2627 1445 2690 ὡς
1471 2626 1736 2697 ἀγένητον
1758 2642 1771 2655 ο
1829 2627 1924 2679 καὶ

346 2720 453 2773 ποῦ
471 2718 827 2790 ὲνδοξασθήσε
837 2717 929 2771 σθε
951 2737 965 2787 ;
985 2719 1188 2789 Ἐγωγ’
1208 2714 1304 2772 οὖν
1323 2718 1583 2779 πολλάκις
1614 2718 1755 2788 ὑμᾶς
1782 2713 1924 2771 εἶδον

343 2809 406 2862 ἐν
444 2809 523 2880 τῷ
565 2809 882 2879 σελασφόρῳ
929 2810 1329 2880 περιγνάμπτῳ
1379 2808 1491 2881 ναῷ
1538 2808 1732 2878 ἐκείνῳ
1762 2826 1776 2840 δ
1828 2808 1924 2863 καὶ

348 2898 475 2954 ἰδὼν
501 2900 787 2971 ἐθαύμασα
807 2901 899 2952 καὶ
926 2900 1020 2971 τὴν
1043 2901 1221 2953 αἰτίαν
1243 2898 1521 2972 ἠρεύνησε
1542 2939 1557 2963 ,
1588 2900 1654 2954 δι’
1676 2903 1743 2973 ην
1765 2900 1925 2955 τοῦτο

344 2990 642 3062 ὑπέστητε.
670 2990 779 3046 Καὶ
805 2991 866 3045 τι
892 2989 984 3044 τοῦ
1007 2990 1138 3045 νανιῦ
1165 2990 1363 3053 κάλλος
1395 2993 1567 3045 αἴτιον
1598 2990 1801 3063 ἔμαθον
1823 2992 1923 3061 τῆς

343 3084 631 3156 διατριϐῆς
682 3083 915 3156 ἐκείνης.
955 3083 1148 3139 Καίτοι
1192 3083 1502 3157 δυσέρωτας
1545 3085 1692 3155 ὑμᾶς
1764 3084 1924 3157 ᾤμην

343 3175 486 3232 εἶναι
515 3178 550 3249 ἧ
587 3177 863 3249 ἁνέρωτας
884 3194 901 3210 ⁸
942 3178 1072 3232 ποτὲ
1100 3177 1158 3231 δέ
1198 3194 1291 3248 μοι
1331 3179 1426 3231 καὶ
1454 3179 1521 3232 δι’
1548 3178 1677 3249 ὅλης
1718 3180 1925 3249 ἐφάνης

343 3270 447 3342 τῆς
473 3271 706 3341 ἡμέρας,
729 3270 865 3339 ῆλιε,
898 3270 1291 3341 ἐμφιλοχωρῶν
1319 3271 1500 3322 ἐκεῖσε
1522 3286 1535 3299 ·
1570 3271 1663 3324 καὶ
1695 3269 1929 3342 στρεφό-

346 3378 509 3432 μενος
538 3363 631 3415 καὶ
660 3362 868 3431 φαίνων
910 3362 1003 3416 καὶ
1028 3361 1296 3431 λάμλιιων⁹
1334 3360 1430 3415 καὶ
1474 3343 1618 3415 ἑκὼν
1665 3361 1766 3416 οὐκ
1818 3364 1927 3431 ἀφ-

345 3451 541 3507 ίστασο
575 3454 610 3526 ἢ
637 3453 959 3524 μεθίστασοο
985 3454 1090 3519 ἕως
1118 3457 1152 3525 ἡ
1184 3454 1281 3520 νὺξ
1312 3454 1515 3525 ἐπῆλθε
1558 3452 1656 3526 τὴν
1685 3454 1927 3525 διάδοχόν

345 3564 431 3600 σοι
464 3547 695 3617 σελήνην
740 3547 1003 3617 φέρουσα.
1026 3548 1137 3602 Καὶ
1167 3546 1329 3601 τοῦτο
1353 3546 1465 3616 ἐγὼ
1504 3546 1718 3616 βλέπων
1749 3546 1926 3615 ἐλογι-

345 3637 523 3708 ζόμην
547 3638 631 3690 ὅτι
674 3638 766 3691 καὶ
793 3637 1024 3707 γίγαντα
1069 3638 1163 3691 καὶ
1197 3638 1429 3708 νυμφίον
1480 3638 1545 3691 ἐκ
1573 3637 1668 3691 τοῦ
1715 3637 1923 3691 παστοῦ

344 3730 703 3801 ὲξερχόμενον
751 3731 779 3783 ὁ
839 3730 1073 3801 μελῳδὸς
1135 3731 1298 3784 Δαυϊδ
1357 3747 1419 3785 σε
1471 3728 1921 3802 προανεφώνησε.

346 3823 570 3893 Προεῖῶ
606 3824 716 3896 τὰρ
754 3840 815 3876 σε
845 3825 1054 3893 ἐκεῖνος
1086 3825 1181 3877 τοῦ
1212 3823 1509 3895 παμφαοῦς
1550 3824 1763 3878 ἐκείνου
1791 3822 1923 3877 ναοῦ

345 3913 580 3983 ἐρῶντα.
612 3915 723 3968 Καὶ
753 3909 873 3968 sim
903 3914 959 3967 δέ
985 3932 1065 3969 σοι
1099 3914 1290 3968 ταῦτα.
1321 3916 1435 3969 Καὶ
1474 3915 1569 3969 νῦν
1598 3914 1788 3968 τοῦτον
1824 3915 1924 3969 οὐκ

344 4004 655 4074 ἐνετράπης
679 4004 946 4058 πίπτοντα
968 4004 1037 4057 δι’
1063 3997 1137 4057 ὧν
1159 4000 1227 4075 ἦς
1254 4005 1455 4075 μείζων
1482 4020 1496 4035 ·
1526 4004 1593 4059 δι’
1615 3997 1690 4058 ὧν
1723 4005 1926 4071 ἐνδοξό-

346 4113 506 4167 τερος
532 4137 548 4162 ,
575 4096 643 4149 δι’
664 4090 739 4150 ὧν
766 4097 1120 4168 φαιδρότερος
1153 4097 1283 4168 ἔσῃ’
1316 4098 1409 4151 καὶ
1443 4098 1508 4151 σὺ
1542 4097 1762 4151 πάντων
1794 4098 1922 4151 ἁδό-

347 4186 542 4250 ξαστος
559 4188 943 4260 ταπεινωθήσῃ
987 4189 1181 4260 μικρὸν
1211 4190 1307 4243 καὶ
1349 4190 1673 4258 στυγνάσεις
1706 4191 1814 4242 ἐπὶ
1843 4189 1923 4262 τῷ

346 4281 640 4350 πτώματι·
687 4282 772 4335 ἵνα
808 4282 984 4354 μάθῃς
1023 4283 1313 4347 ἀλλοιωτὺς
1350 4284 1444 4337 καὶ
1472 4284 1635 4347 αὐτὸς
1676 4283 1770 4337 καὶ
1796 4301 1923 4355 τρε-

347 4371 479 4435 me;
512 4372 786 4440 γεγονὼς,
823 4375 918 4427 καὶ
956 4358 1133 4445 φθορᾷ
1161 4376 1552 4446 ὑποκείμενοςο
1590 4371 1745 4441 οὗτος
1774 4376 1831 4429 δὲ
1872 4376 1922 4429 εί

348 4464 448 4535 μὲν
483 4464 870 4535 ἀναστήσεται,
906 4466 1001 4519 καὶ
1033 4467 1401 4539 ὑψωθήσεται,
1429 4469 1525 4521 καὶ
1557 4469 1922 4541 ἐδραιωθήσε-

344 4648 394 4701 εί
432 4649 737 4715 ἑπιὸιώσω,
766 4651 814 4706 si
848 4651 1093 4719 εἰσέλθω,
1121 4654 1170 4706 εί
1205 4652 1350 4720 εἴδω,
1376 4655 1425 4708 εί
1452 4655 1839 4725 προσκυνήσω,
1870 4655 1924 4709 εί

346 4738 709 4815 θεοκλυτήσω,
735 4742 872 4797 Θεοῦ
896 4743 1003 4815 ἄρα
1037 4744 1195 4798 τοῦτο
1228 4748 1450 4799 κάκεῖνο
1486 4745 1711 4811 εἰδότος,

1950 3143 1996 3205 C

2031 1888 2339 1959 gloriamini
2370 1887 2392 1942 ?
2425 1885 2558 1956 quid
2582 1885 2948 1942 illuminatis?
2972 1902 3083 1957 quo
3104 1895 3299 1943 ornatu
3323 1887 3614 1958 gaudetis?

2033 1982 2158 2052 quis
2191 1994 2417 2035 cernere
2449 1994 2546 2033 vos
2582 1995 2820 2051 superne
2854 1981 3124 2052 aspiciens
3157 1980 3324 2044 velit?
3350 1980 3472 2051 quis
3502 1996 3610 2036 non

2030 2075 2210 2147 pntius
2238 2080 2403 2143 caput
2448 2071 2720 2127 inclinans
2745 2073 2799 2127 in
2819 2073 3063 2131 tenebris
3092 2073 3377 2144 graditur?
3408 2072 3610 2129 Lucem

2030 2167 2176 2220 enim
2204 2163 2510 2220 abhorrens
2528 2178 2633 2218 non
2654 2163 2834 2217 timuit
2850 2163 3181 2219 circumdari
3197 2165 3436 2222 tenebris
3454 2166 3616 2239 lugu-

2031 2258 2241 2315 bribus.
2296 2254 2410 2312 Hoc
2433 2256 2700 2326 idemjam
2737 2257 2979 2312 secundo
3008 2257 3308 2324 illuminas,
3328 2260 3532 2328 optime
3558 2268 3614 2312 et

2030 2348 2265 2405 maxime
2275 2347 2354 2404 sol
2371 2365 2384 2401 :
2400 2362 2508 2402 non
2521 2347 2678 2417 plena
2698 2336 3041 2411 luna,conica
3060 2347 3162 2402 sub
3176 2348 3368 2403 umbra
3383 2349 3615 2404 submit-

2036 2440 2188 2506 tcris,
2221 2439 2516 2495 occultaris
2531 2450 2584 2493 et
2601 2438 2791 2494 deficis
2811 2454 2827 2504 ;
2847 2438 2943 2494 sed
2973 2439 3047 2493 ita
3073 2440 3326 2508 apparuit
3352 2441 3497 2509 quod
3526 2439 3613 2494 fa-

2028 2542 2176 2589 ctum
2205 2539 2291 2587 est
2321 2538 2382 2585 ut
2408 2545 2518 2586 non
2543 2532 2841 2593 factum,et
2881 2532 2972 2586 ubi
2991 2530 3243 2587 colemini
3270 2530 3424 2602 ?Ego
3444 2532 3615 2602 igitur

2029 2637 2173 2694 saepe
2202 2634 2300 2676 vos
2337 2618 2448 2675 vidi
2508 2620 2563 2674 in
2596 2620 2702 2674 hoc
2734 2618 2959 2691 fulgenti
2988 2618 3258 2689 sphaerico
3286 2618 3484 2688 templo
3512 2635 3528 2687 ;
3556 2625 3612 2673 et

2029 2716 2219 2772 videns
2251 2716 2534 2786 obstupui,
2562 2725 2617 2771 et
2654 2729 2878 2770 causam
2914 2714 3181 2785 quaesivi,
3219 2727 3321 2767 cur
3351 2712 3429 2767 ibi
3455 2710 3613 2766 babi—

2029 2810 2223 2867 taretis
2262 2826 2281 2879 ;
2321 2817 2376 2866 et
2422 2809 2608 2880 templi
2661 2807 3130 2879 pulchritudinem
3151 2820 3380 2863 causam
3442 2803 3612 2862 didici

2031 2903 2195 2973 hujus
2243 2903 2594 2959 morationis.
2644 2901 2712 2958 Et
2761 2918 2857 2959 vos
2912 2901 3136 2973 quidem
3195 2900 3517 2972 reputabant
3548 2900 3613 2955 in

2030 3011 2217 3052 amore
2245 2996 2492 3054 infelices
2524 3007 2620 3052 aut
2646 2996 2851 3052 amoris
2880 3004 3134 3067 expertes
3159 3010 3305 3062 esse,
3334 2994 3422 3050 hic
3474 2994 3609 3050 mihi

2031 3096 2145 3146 toto
2163 3090 2252 3144 die
2267 3090 2419 3145 visus
2441 3105 2522 3155 es,
2542 3089 2725 3153 sol,ex
2749 3089 2927 3144 amica
2958 3087 3088 3144 sede
3107 3089 3284 3153 exsul,
3302 3097 3358 3142 et
3386 3087 3612 3144 volvens

2029 3191 2084 3238 et
2129 3184 2307 3238 lucem
2339 3190 2394 3238 et
2439 3181 2680 3251 fulgens,
2715 3189 2772 3236 et
2808 3181 2983 3236 libens
3023 3196 3131 3235 non
3162 3181 3468 3237 abccdehas
3509 3196 3612 3237 nec

2032 3271 2210 3327 locum
2244 3272 2515 3333 mutabas.
2553 3270 2858 3342 usquedum
2890 3286 2993 3326 nox
3018 3272 3225 3327 venerit
3252 3272 3611 3328 alternantem

2028 3363 2128 3419 tibi
2175 3362 2362 3418 lunam
2405 3363 2633 3418 ducens.
2668 3360 2737 3416 Et
2776 3361 2910 3416 illud
2941 3377 3173 3419 cernens
3220 3363 3526 3433 cogitabam
3558 3372 3612 3420 te

1986 3516 1993 3521 ,
2031 3461 2091 3511 ut
2134 3454 2428 3524 gigantem,
2480 3468 2541 3508 ut
2558 3468 2824 3524 sponsum
2882 3467 2914 3509 e
2962 3454 3206 3509 thalamo
3242 3455 3613 3526 egredientem

2029 3527 2205 3601 vatem
2233 3545 2401 3601 David
2428 3545 2696 3602 cecinisse
2724 3562 2738 3598 :
2779 3546 2867 3602 hic
2897 3549 3042 3602 enim
3071 3547 3321 3618 praevidit
3350 3556 3404 3604 te
3447 3548 3611 3618 hujus

2028 3636 2293 3709 fulgentis
2319 3639 2503 3709 templi
2536 3654 2725 3694 amore
2755 3648 2998 3709 captum,
3021 3650 3077 3697 et
3102 3643 3216 3696 haec
3249 3641 3317 3697 de
3367 3652 3419 3696 te
3458 3642 3611 3696 locu-

2027 3739 2116 3787 tus
2145 3730 2331 3786 est.Et
2357 3746 2503 3785 nunc
2522 3731 2601 3785 illi
2627 3732 2871 3799 collapso
2896 3746 3004 3786 non
3029 3732 3276 3787 adhaeres
3308 3733 3322 3787 l
3359 3731 3462 3787 Per
3486 3747 3612 3802 quae

2029 3821 2208 3892 major
2238 3837 2391 3879 esses
2418 3822 2560 3892 ?per
2597 3837 2719 3892 qua:
2756 3822 3075 3878 illustrior?
3121 3838 3217 3893 per
3265 3837 3386 3893 quae
3420 3824 3608 3892 splen-

2026 3916 2208 3972 didior
2237 3918 2345 3972 eris
2368 3915 2470 3971 ?Et
2495 3924 2552 3971 tu
2580 3915 2825 3971 omnium
2850 3918 3084 3971 maxime
3115 3916 3381 3987 inglorius
3403 3917 3603 3971 deruit-

2026 4010 2159 4066 teris
2197 4010 2349 4066 brevi
2389 4016 2446 4064 et
2502 4008 2889 4065 obscuraberis
2938 4010 3041 4064 hac
3087 4008 3482 4072 destructione,
3546 4019 3608 4063 ut

2026 4103 2210 4159 discas
2245 4110 2300 4157 et
2336 4112 2392 4157 ιιι
2428 4102 2750 4157 inconstans
2786 4111 2843 4157 et
2873 4102 3132 4158 volubilis
3177 4101 3379 4167 factus,
3415 4103 3606 4159 eadem

2028 4195 2185 4263 ruina
2213 4205 2537 4266 prostratus.
2564 4192 2675 4248 Hoc
2693 4202 2872 4249 autem
2898 4195 3154 4265 templum
3184 4196 3603 4262 restaurabitur,

2024 4287 2401 4353 aedificabitur,
2463 4285 2773 4343 firmabitur
2846 4294 2942 4341 aut
3011 4286 3377 4361 perficietur?
3423 4303 3603 4342 meum

2026 4377 2167 4434 scire
2208 4393 2315 4432 non
2348 4384 2476 4443 est;
2511 4391 2692 4432 meum
2737 4384 2944 4441 autem,
2973 4376 3022 4431 si
3059 4386 3340 4447 superstes
3370 4391 3515 4442 sum,
3554 4378 3601 4430 si

1958 4504 2002 4558 η
2031 4473 2326 4545 ingredior,
2352 4472 2399 4528 si
2422 4472 2598 4538 video,
2624 4470 2669 4527 si
2693 4471 2887 4536 adoro,
2914 4475 2962 4527 si
2985 4471 3169 4545 divina
3183 4472 3399 4544 eloquia
3417 4470 3609 4541 audio,

344 4570 455 4617 ται,
478 4555 511 4628 ἢ
536 4555 1044 4629 συντελεσθησεται,
1067 4559 1168 4613 οὐκ
1194 4560 1326 4631 ἐμὸν
1368 4560 1570 4616 εἰδέναι
1590 4578 1605 4593 ο
1637 4561 1697 4614 τὸ
1726 4560 1771 4614 δ’
1792 4561 1924 4632 ἐμὸν

2034 4565 2145 4623 Deo
2172 4566 2337 4638 igitur
2365 4566 2468 4622 hoc
2499 4571 2555 4622 et
2575 4560 2710 4623 illud
2743 4566 2973 4623 sciente.
3005 4604 3022 4621 .
3061 4605 3079 4622 .
3106 4603 3124 4621 .
3157 4604 3175 4623 .
