4034 6246
353 301 493 366 Ξδςίθ
1098 307 1414 369 PRATUM
1443 308 1918 370 SPlRlTUALE.

2030 338 2034 348 -
2072 312 2506 374 LIPOMANUS
2538 271 2880 377 LECTORI.
2937 331 2940 334 ~
3482 325 3623 388 sese

350 408 635 483 σοὶύμων,
665 413 771 469 hoc
809 422 914 481 est,
947 431 1012 470 ex
1041 432 1214 487 parvo
1245 419 1413 474 Prata
1442 424 1619 476 sancti
1651 422 1830 478 Patris
1862 419 2035 476 nostri
2066 419 2362 492 Sophronii
2395 425 2790 495 archiepiscopi
2823 425 3348 498 hierosolymorttm.
3379 427 3622 488 Joannes

345 510 617 573 pmterca
665 504 957 570 diaconus,
996 517 1185 576 postea
1231 508 1514 568 Romanus
1561 511 1837 578 Pontifex,
1880 513 1934 566 itt
1982 518 2184 584 quarto
2233 511 2396 572 libro,
2432 528 2594 582 quem
2636 513 2702 567 de
2737 513 2878 566 beati
2924 512 3170 583 Gregorii
3213 513 3331 570 Vita
3375 519 3617 589 scripsit,

347 603 472 658 cap.
507 589 600 655 65;
634 593 800 662 hujus
832 595 1132 650 voluminis
1182 599 1514 654 mentionem
1565 600 1720 669 fecit,
1751 602 1879 656 dum
1925 603 2180 656 mirabile
2237 600 2385 654 illius
2441 603 2616 654 sancti
2664 601 2946 656 Pontificis
2990 603 3189 657 laetum
3237 617 3509 668 recenset,
3541 613 3620 662 sic

345 676 609 746 inquiens
646 698 659 733 :
695 699 714 731 ι
755 680 859 736 Sed
903 699 970 736 ne
1002 685 1136 741 solis
1170 686 1353 742 verbis
1389 689 1527 742 tanti
1570 690 1821 758 prtcsulis
1852 673 2135 745 humilitas
2169 688 2435 742 inculcari
2471 690 2751 754 credatur,
2789 700 3060 759 superest,
3107 701 3163 744 ut
3207 709 3270 746 ex
3303 693 3616 749 Graecorum

343 766 713 823 relationibus
757 785 784 823 a
832 786 918 826 me
963 789 1140 841 nuper
1193 775 1594 846 interpretatis.
1629 778 1817 831 eadem
1853 780 2027 848 patris
2061 778 2342 833 humilitas
2375 779 2515 832 vivis
2545 779 2808 846 operibus
2851 778 3285 844 demonstretur,
3325 782 3376 834 in
3415 785 3616 852 quibus

344 852 610 908 videlicet
643 856 715 910 ita
747 858 1007 914 refertur.
1040 860 1334 916 Enarravit
1373 864 1535 919 nobis
1563 864 1734 919 abbas
1763 863 2003 920 Joannes
2044 865 2233 929 Persa,
2273 875 2502 922 sanctus
2544 874 2597 921 et
2635 867 2989 921 venerandus
3021 867 3101 918 \ir
3129 869 3404 922 exsistens
3437 871 3549 940 (a);
3589 891 3608 922 ι
3677 867 3689 879 ’

342 950 399 995 et
429 951 652 1008 czctera,
687 960 808 1014 quae
842 960 1176 1016 sequuntur,
1213 962 1374 1020 prout
1425 955 1476 1007 in
1527 953 1696 1007 Prata
1749 954 1854 1008 hoc
1904 955 2197 1021 spirituali.
2249 969 2372 1025 cap.
2427 955 2548 1019 lSl,
2589 955 2879 1009 habentur.
2929 954 3033 1007 Sed
3065 959 3209 1024 quod
3243 957 3330 1010 his
3358 962 3614 1016 omnibus

341 1029 526 1098 majus
557 1043 662 1096 est,
694 1033 747 1086 in
775 1035 1020 1089 secunda
1050 1039 1277 1092 Nicaena
1304 1042 1538 1112 synodo,
1571 1057 1692 1110 quzr
1724 1056 1822 1110 pro
1861 1043 2016 1096 cultu
2059 1043 2457 1096 venerabilium
2503 1042 2804 1110 imaginum
2841 1052 3032 1095 contra
3076 1043 3443 1098 lconoclastas
3474 1051 3614 1101 cele-

338 1116 502 1171 brata
547 1129 654 1183 est,
688 1123 906 1179 actione
939 1134 1132 1194 quarta
1187 1129 1259 1182 ita
1309 1129 1512 1198 legitur
1551 1147 1565 1183 :
1610 1149 1628 1182 ο
1669 1130 2001 1186 Enstachius
2042 1129 2379 1183 venerabilis
2427 1130 2755 1193 monachus,
2800 1130 3088 1200 presbyter
3127 1140 3179 1184 et
3219 1145 3421 1199 praeses
3461 1149 3613 1186 man-

339 1207 520 1263 sionis
569 1208 818 1274 Maximi,
868 1212 1055 1267 dixit:
1097 1215 1161 1268 Et
1197 1231 1317 1285 ego,
1357 1216 1568 1283 Patres,
1613 1219 1789 1272 sancti
1847 1217 2141 1288 Sophronii
2195 1214 2375 1270 Patris
2429 1216 2630 1270 librum
2680 1217 2848 1270 afl'ero
2898 1217 3272 1270 continentem
3316 1221 3610 1273 multorum

339 1305 666 1350 sanctorum
703 1300 874 1366 vitas;
909 1311 963 1355 et
992 1303 1034 1354 si
1067 1304 1268 1373 placet,
1301 1304 1631 1362 adducatur.
1681 1306 1880 1360 Sancta
1915 1303 2161 1376 synodus
2188 1303 2329 1357 dixit
2371 1322 2383 1357 :
2417 1302 2686 1372 Legatur;
2732 1303 3045 1373 Stephanus
3088 1305 3274 1373 itaque
3308 1309 3610 1364 monachus

336 1397 631 1454 acceptum
687 1387 885 1442 librum
949 1390 1079 1460 legit
1121 1409 1134 1443 :
1191 1410 1210 1442 ι
1249 1391 1526 1467 Ejusdem.
1560 1394 1738 1449 Patris
1790 1395 1964 1448 n0stri
2013 1392 2310 1462 Sophronii
2359 1407 2390 1447 e
2442 1392 2795 1458 Limonario;
2848 1394 2985 1447 dixit
3037 1391 3363 1450 Theodorus
3417 1397 3608 1462 abbas,

336 1471 599 1534 AZliotes.
633 1478 778 1544 quod
810 1485 930 1530 erat
965 1479 1187 1547 qttidam
1230 1479 1480 1535 inclusus
1513 1481 1626 1551 (b);
1670 1501 1689 1532 ι
1726 1491 1779 1536 et
1807 1491 2024 1535 etetera.
2068 1478 2166 1533 Ubi
2203 1489 2378 1534 totum
2414 1489 2578 1550 caput
2619 1480 2710 1545 45,
2745 1480 2891 1550 quod
2935 1481 2989 1534 in
3023 1480 3125 1534 hoc
3171 1482 3312 1534 libro
3353 1482 3604 1546 habetur,

335 1561 407 1614 ad
441 1563 668 1618 verbum
710 1565 980 1622 redditur.
1027 1565 1173 1622 Nihil
1204 1578 1289 1625 est
1319 1587 1450 1641 ergo
1482 1573 1625 1641 quod
1658 1571 1726 1625 de
1763 1571 1864 1624 fide
1908 1567 2032 1625 lmri
2085 1568 2362 1638 ambigere
2399 1569 2602 1639 possis.
2640 1567 2865 1632 Verum,
2899 1567 3016 1623 scio
3047 1568 3231 1620 statim
3276 1570 3602 1634 tnoveberis,

335 1657 393 1701 et
422 1649 618 1705 dices:
651 1651 783 1717 Quae
811 1653 1094 1710 adduxisti
1142 1673 1240 1728 pro
1293 1659 1415 1714 libri
1463 1659 1960 1722 commendatione,
2003 1674 2260 1730 magnttm
2311 1661 2634 1729 scrupulum
2678 1660 2844 1712 menti
2888 1658 3166 1725 injicitmt.
3214 1655 3460 1728 Namque
3494 1668 3603 1712 tam

338 1733 719 1794 Damascentts
744 1757 907 1810 quam
941 1745 1187 1814 synodus
1214 1746 1410 1800 librum
1435 1745 1742 1816 Sophronio
1768 1747 2088 1815 patriarchae
2119 1746 2620 1816 Hierosolymitano
2651 1746 2981 1808 inscribunt,
3003 1757 3061 1800 tu
3091 1761 3216 1800 vero
3251 1747 3351 1801 sub
3383 1747 3605 1800 nomine

329 1821 562 1881 Joannis
583 1826 865 1895 cujusdam
896 1832 1096 1886 Evirati
1130 1833 1197 1886 ad
1225 1831 1591 1903 Sophronimn
1625 1835 1926 1904 sophistam
1961 1835 2112 1888 illum
2145 1835 2438 1889 scribentis
2459 1835 2702 1904 evulgas.
2723 1833 3008 1899 Quomodo
3027 1848 3155 1904 ergo
3175 1836 3286 1887 hare
3308 1837 3604 1889 convenire

331 1921 572 1980 possunt
605 1914 750 1969 inter
783 1918 874 1971 se?
909 1919 1141 1973 Dubium
1171 1936 1304 1976 sane
1333 1922 1473 1976 haud
1507 1922 1994 1984 contemnendum,
2027 1929 2082 1976 et
2120 1923 2268 1993 quod
2304 1939 2388 1976 me
2423 1924 2602 1992 ipsum
2634 1937 2854 1991 quoque
2889 1921 3063 1991 prima
3099 1921 3236 1975 facie
3265 1921 3422 1974 valde
3449 1938 3600 1974 cont-

333 2000 529 2055 movit.
596 2002 701 2057 Sed
737 2003 1067 2073 profundius
1103 2018 1292 2079 postea
1328 2011 1592 2081 cogitanti
1637 2010 1820 2064 omnis
1853 2009 2214 2065 dubitationis
2263 2009 2439 2078 caligo
2481 2009 2742 2079 perfacile
2785 2009 2994 2062 dimota
3039 2018 3147 2062 est.
3187 2007 3440 2079 Scriptor
3477 2009 3600 2063 libri

332 2105 566 2159 prorsus
599 2091 838 2152 Joannes
887 2102 1226 2155 anachoreta
1271 2101 1396 2156 fttit.
1439 2101 1495 2156 ld
1525 2101 1624 2155 tibi
1667 2117 1733 2156 ex
1774 2103 1953 2170 capite
2000 2099 2064 2152 ’Π
2108 2099 2405 2153 voluminis
2441 2098 2612 2168 ipsius
2655 2097 2870 2166 liquido
2904 2107 3161 2152 constare
3192 2099 3415 2168 poterit.
3458 2096 3602 2152 Pho-

330 2181 443 2236 tius
470 2197 694 2251 quoque
720 2184 868 2240 hunc
897 2186 1076 2256 ipsum
1106 2199 1384 2244 auctorem
1416 2190 1538 2245 libri
1563 2187 1830 2244 Joannem
1868 2187 2151 2242 Moschum
2183 2186 2430 2254 (natione
2458 2184 2718 2252 fortasse)
2749 2184 2924 2239 fuisse
2953 2186 3176 2249 asserit,
3203 2186 3364 2255 cujus
3391 2200 3600 2256 cogno-

330 2283 455 2321 men
492 2269 767 2340 interpres
803 2271 1032 2330 Latinus
1063 2275 1251 2331 forsan
1283 2276 1563 2330 Eviratum
1600 2275 1856 2331 reddidit.
1888 2273 2091 2331 Verttm
2123 2273 2441 2343 Sophronio
2487 2272 2572 2327 his
2599 2272 2666 2326 de
2706 2272 2894 2326 causis
2928 2273 3254 2326 attribuitur
3288 2291 3300 2326 :
3334 2277 3416 2328 vel
3463 2274 3596 2344 quia

328 2355 398 2407 ad
436 2355 617 2425 ipsum
648 2372 745 2426 per
777 2360 1168 2416 charissitnum
1201 2365 1413 2418 socium
1447 2363 1794 2426 inscribitur,
1833 2360 1912 2428 ut',
1941 2361 2403 2432 quemadmodum
2437 2371 2493 2414 et
2519 2358 2943 2413 Rhetoricornm
2971 2358 3258 2414 Ciceronis
3291 2360 3357 2413 ad
3391 2358 3599 2415 Heren-

330 2445 508 2506 nium,
545 2452 599 2499 et
625 2447 876 2515 ejusdem
915 2447 983 2502 ad
1012 2449 1254 2504 Atticum
1288 2450 1532 2519 epistola:
1564 2451 1632 2505 ad
1667 2449 2025 2516 Herennium;
2055 2459 2109 2504 et
2141 2449 2208 2504 ad
2236 2449 2480 2503 Atticum
2532 2448 2657 2502 libri
2701 2456 3089 2517 nuncupantur
3122 2465 3136 2500 :
3179 2447 3260 2501 sic
3297 2447 3596 2517 Sophronii

328 2529 475 2584 liber
515 2531 604 2588 hic
647 2535 888 2600 dicatur,
935 2540 1062 2606 quia
1098 2539 1164 2594 ad
1215 2537 1583 2609 Sophronittm
1631 2538 1910 2610 dirigitur,
1935 2549 2102 2608 atque
2145 2553 2214 2594 ex
2252 2552 2319 2592 eo
2363 2536 2602 2591 maxime
2631 2536 2780 2605 quod
2817 2535 2884 2588 ad
2926 2549 3088 2588 usum
3133 2533 3281 2588 illius
3325 2535 3594 2604 imprimis

327 2620 687 2690 conscriptus
718 2633 823 2679 est.
867 2623 1112 2696 Namque
1143 2635 1341 2682 auctor
1375 2629 1492 2698 ipse
1530 2629 1582 2682 in
1612 2628 1867 2698 epistola,
1920 2643 2084 2698 quam
2127 2627 2268 2680 libro
2317 2625 2618 2694 praamittit,
2653 2623 2855 2676 fatetur
2889 2637 2948 2675 sc
2981 2637 3047 2675 ex
3085 2621 3188 2675 hoc
3227 2621 3395 2675 Prata
3435 2638 3595 2677 coro-

299 2711 454 2760 ‘narn
490 2707 806 2778 Sophronio
849 2716 1222 2780 contexuisse,
1257 2731 1320 2771 ac
1359 2732 1456 2786 per
1483 2733 1608 2772 eum
1657 2719 1778 2773 aliis
1821 2717 2083 2784 deinceps
2110 2713 2382 2769 obtulisse
2413 2732 2426 2766 :
2458 2727 2554 2766 seu
2595 2711 2726 2780 quia
2764 2710 2820 2763 in
2853 2710 2956 2763 hoc
2985 2709 3130 2763 libro
3169 2709 3320 2764 dicta
3351 2717 3404 2765 et
3440 2719 3592 2780 gesta

327 2796 504 2864 ipsius
533 2795 833 2867 Sophronii
863 2815 962 2869 pro
988 2802 1182 2870 majori
1212 2813 1367 2872 parte
1400 2805 1778 2860 continentur.
1828 2803 1964 2857 Nam
1995 2803 2040 2857 is
2067 2802 2237 2856 totius
2269 2800 2488 2854 itineris
2514 2798 2636 2852 libri
2666 2797 2834 2866 hujus
2862 2797 3107 2851 auctoris
3141 2795 3241 2850 fuit
3275 2795 3595 2852 individuus
3663 2852 3671 2858 _

262 2938 266 2942 ,
326 2899 536 2949 comes,
561 2895 616 2940 et
647 2903 996 2958 quaecunque
1033 2891 1304 2946 ambobus
1335 2893 1742 2948 ambulantibus
1771 2897 2152 2955 occurrerunt,
2184 2888 2267 2942 vel
2297 2887 2676 2964 quaerentibus
2717 2884 3044 2954 responderi
3074 2885 3328 2954 contigit,
3359 2885 3595 2955 diligen-

326 2972 540 3028 tissime
587 2977 868 3045 descripta
916 2985 1064 3032 sunt.
1105 2977 1287 3044 Quare
1330 2981 1494 3034 etiam
1532 2982 1648 3035 tunc
1680 2981 1844 3035 verba
1880 2978 2184 3047 saepissime
2223 2976 2420 3030 iterata
2460 2972 2674 3028 videbis
2712 2990 2726 3027 :
2763 2970 3026 3027 Venimus
3069 2987 3191 3043 ego,
3236 2981 3290 3027 et
3330 2971 3594 3029 Dominus

326 3076 480 3120 meus
516 3061 862 3133 Sephronius
890 3066 1136 3134 sophista
1183 3067 1250 3122 ad
1296 3068 1546 3124 abbatem
1589 3069 1772 3134 talem,
1803 3078 1858 3123 et
1899 3079 2114 3122 caetera.
2151 3063 2219 3117 Et
2254 3063 2377 3118 ideo
2413 3077 2634 3132 semper
2667 3061 2833 3116 etiam
2875 3060 3072 3130 plurali
3117 3061 3392 3116 locutione
3423 3063 3594 3116 utitur

325 3150 518 3206 dicens
552 3168 566 3204 :
611 3170 632 3204 ‹
674 3150 1048 3219 Perreximus,
1099 3153 1461 3224 accessimus,
1492 3157 1751 3211 vidimus.
1785 3155 2038 3210 Narravit
2080 3152 2244 3207 nobis
2291 3166 2458 3205 senex
2509 3149 2834 3204 monasterii
2880 3150 3011 3202 dux.
3046 3165 3064 3200 ι
3100 3150 3205 3203 Per
3247 3165 3368 3218 quae
3400 3150 3588 3203 omnia

324 3237 571 3306 conspici
602 3237 786 3305 datur,
819 3242 1150 3312 scriptorem
1191 3260 1471 3314 nunquam
1516 3245 1694 3300 solum
1742 3245 1911 3299 fuisse
1948 3243 2000 3297 in
2036 3242 2122 3296 his
2155 3255 2276 3310 qua:
2309 3246 2502 3294 narrat
2529 3238 2934 3309 perquirendis.
2972 3237 3128 3292 Sicut
3163 3252 3297 3306 ergo
3343 3235 3589 3294 Platonis

321 3321 608 3392 Phadrus,
637 3324 898 3393 Timaeus,
927 3327 1178 3400 Gorgias,
1223 3340 1277 3386 et
1323 3331 1712 3398 Parmenides;
1763 3342 1817 3386 et
1853 3330 2016 3385 Tullii
2065 3329 2203 3383 liber
2254 3327 2328 3380 De
2371 3335 2653 3391 senectute,
2701 3327 2836 3381 Cato
2873 3326 3073 3394 major,
3109 3325 3514 3390 inscribuntur,
3555 3342 3590 3382 ι

326 3415 601 3480 Personis,
631 3431 753 3485 quae
789 3417 861 3472 ibi
890 3419 1270 3489 colloquentes
1298 3432 1351 3478 et
1382 3423 1728 3494 disputantes
1763 3421 2122 3483 inducuntur,
2161 3416 2295 3487 quid
2342 3416 2584 3471 obstabit
2630 3415 2758 3469 huic
2800 3415 2964 3480 libro,
3002 3414 3135 3484 quin
3175 3412 3466 3484 Sephronii
3503 3413 3598 3470 di-

321 3511 496 3565 catur,
529 3517 655 3556 cum
709 3505 764 3559 in
808 3521 873 3560 eo
924 3507 971 3562 is
1025 3507 1338 3577 ambulans,
1379 3512 1634 3576 visitans,
1668 3523 1927 3580 operans,
1965 3506 2334 3574 interrogans,
2371 3513 2426 3559 et
2475 3502 2843 3574 respondens,
2886 3504 3088 3570 ubique
3125 3502 3235 3556 fere
3269 3504 3590 3558 asseratur!

320 3587 430 3641 Aut
473 3589 698 3644 demum
733 3608 798 3646 ex
831 3593 920 3646 illa
956 3609 1121 3650 causa
1152 3595 1465 3667 Sophronio
1498 3598 1814 3663 ascribitur,
1847 3595 2105 3666 quoniam
2139 3608 2245 3648 una
2281 3609 2406 3647 cum
2447 3591 2660 3648 Joanne
2695 3593 2956 3664 praedicto
2998 3592 3344 3660 conscriptor
3383 3591 3466 3660 (ut
3512 3591 3584 3644 ita

319 3673 523 3747 dicam)
558 3675 700 3732 forte
732 3677 982 3747 ejusdem
1030 3679 1155 3735 libri
1202 3682 1320 3736 fuit.
1370 3681 1512 3754 Lege
1541 3683 1711 3753 hujus
1740 3681 2036 3738 voluminis
2078 3689 2244 3752 caput
2283 3681 2369 3746 77,
2401 3688 2455 3736 et
2502 3682 2557 3735 in
2597 3679 2718 3750 ejus
2759 3679 3032 3749 principio
3067 3680 3140 3732 ita
3174 3680 3442 3747 scriptum
3495 3693 3585 3732 re-

319 3764 499 3832 peries
538 3783 550 3819 :
593 3782 612 3815 ι
647 3765 764 3835 Ego
790 3775 845 3821 et
875 3765 1152 3824 Dominus‘
1183 3785 1336 3825 meus
1371 3771 1715 3852 Sophronius
1759 3773 2102 3842 perreximus
2135 3773 2199 3826 ad
2235 3770 2544 3842 philosophi
2583 3769 2849 3840 Stephani
2885 3769 3106 3852 domum
3147 3767 3414 3822 doctrina:
3455 3781 3582 3836 gra-

320 3851 417 3913 tia,
461 3870 480 3902 ι
517 3862 625 3906 etc.
677 3853 886 3909 Deinde
939 3855 992 3910 in
1035 3856 1142 3912 line
1190 3859 1437 3928 ejusdem
1482 3851 1681 3931 capitis
1731 3860 1836 3916 hoc
1883 3861 2046 3915 modo
2093 3861 2358 3930 scriptum
2401 3859 2599 3926 legitur
2635 3879 2644 3913 :
2687 3877 2704 3908 ι
2741 3857 2846 3911 Ista
2888 3851 3009 3911 cum
3039 3855 3372 3919 audivimus,
3404 3856 3584 3910 innuit

319 3940 456 3992 milti
493 3939 768 3996 Dominus
815 3959 970 3999 meus
1001 3943 1369 4015 Sopltronitts,
1399 3955 1453 4001 et
1492 3951 1842 4014 recessimus,
1881 3955 1936 4003 et
1980 3948 2122 4002 dixit
2162 3949 2294 4002 mihi
2334 3965 2347 4001 :
2380 3945 2542 4010 Vere,
2575 3945 2716 4000 abba
2749 3944 3009 4009 Joannes,
3049 3945 3211 3998 hodie
3255 3944 3390 3997 nihil
3437 3945 3580 3999 ultra

319 4027 648 4085 stttdeatnus
681 4048 694 4084 :
725 4032 861 4096 satis
892 4033 1036 4086 enim
1084 4033 1340 4089 aedificati
1391 4051 1602 4091 sumus.
1654 4035 1781 4090 llaec
1824 4052 1958 4107 ergo
2006 4038 2353 4107 scripsimus,
2395 4043 2452 4088 nt
2497 4044 2551 4090 et
2591 4050 2691 4088 vos
2736 4036 2946 4104 pariter
2980 4031 3350 4087 e'cdilicemini.
3389 4050 3409 4084 ι
3460 4031 3580 4087 Una

315 4131 448 4186 ergo
492 4133 560 4172 ex
610 4118 695 4172 his
740 4121 1072 4186 rationibus,
1107 4137 1205 4177 seu
1255 4123 1438 4193 potius
1483 4123 1740 4179 onmibus
1789 4126 1950 4178 simul
2005 4124 2418 4188 accedentibus,
2455 4124 2580 4191 jure
2621 4123 2927 4189 meritoque
2962 4121 3102 4174 liber
3137 4121 3242 4174 iSle
3285 4119 3578 4189 Sophronii

318 4205 544 4259 nomine
589 4207 896 4276 inscriptus
929 4208 1162 4264 videtur.
1205 4209 1317 4264 Nec
1353 4221 1403 4265 te
1437 4220 1674 4278 moveat,
1711 4212 1859 4282 quod
1893 4212 1949 4266 in
1985 4213 2088 4265 hoc
2129 4213 2268 4265 libro
2300 4211 2647 4280 Sophronius
2697 4207 2786 4261 hic
2828 4224 2939 4262 non
2977 4209 3286 4277 appellatur
3323 4207 3578 4263 Hieroso-

318 4291 593 4362 lymorum
647 4295 1003 4364 patriarcha,
1060 4298 1155 4352 sed
1206 4299 1477 4368 sophista.
1511 4297 1646 4352 Nam
1688 4301 2016 4354 vocabulum
2066 4300 2172 4354 hoc
2213 4314 2325 4354 non
2375 4301 2429 4352 iu
2475 4300 2671 4352 malam
2705 4297 2834 4350 olim
2863 4305 3106 4365 partem,
3136 4297 3278 4349 sient
3313 4295 3370 4349 lit
3415 4298 3576 4350 modo

312 4381 545 4449 passim,
584 4382 679 4436 sed
727 4382 781 4436 in
828 4383 1024 4438 bonam
1061 4386 1436 4455 accipiebatur
1467 4403 1480 4439 :
1515 4401 1618 4440 nec
1641 4386 1793 4440 aliud
1840 4387 2185 4458 designabat,
2233 4403 2396 4458 quam
2443 4386 2768 4476 sapienter/tt,
2803 4393 2856 4438 et
2897 4384 3218 4454 prudentem
3254 4383 3568 4439 hominem:

313 4469 501 4536 qualis
549 4468 652 4524 fuit
697 4478 750 4524 et
796 4469 1062 4528 Libanitts
1106 4472 1219 4537 ille,
1255 4473 1320 4528 ad
1373 4489 1532 4542 quem
1584 4476 1771 4528 multa:
1815 4474 1995 4546 Magni
2039 4475 2226 4530 Basilii
2272 4475 2522 4545 epistolas
2565 4468 2790 4527 directae
2832 4472 3074 4538 fuerunt,
3109 4473 3284 4540 ipsum
3319 4475 3572 4528 maximis

314 4557 610 4625 praeconiis
644 4556 956 4614 efferentes.
991 4558 1178 4615 Potuit
1208 4576 1338 4632 ergo
1372 4562 1456 4614 vir
1489 4563 1595 4616 iste
1626 4563 1778 4630 prius
1810 4570 1862 4616 ct
1894 4564 2198 4618 monachus
2239 4578 2380 4628 esse,
2415 4571 2466 4616 et
2498 4561 2747 4632 sophista
2790 4561 3122 4630 nuncupari,
3173 4559 3297 4613 inde
3335 4576 3462 4615 vero
3504 4564 3570 4616 ad

311 4653 564 4700 sanctam
597 4644 1107 4719 Hierosolymorum
1139 4649 1323 4705 sedem
1362 4651 1597 4717 assumi,
1629 4666 1694 4706 cx
1723 4665 1850 4721 qua,
1881 4659 2140 4723 tanquam
2179 4651 2418 4721 tligniori
2459 4650 2602 4715 loco,
2635 4657 2825 4718 postea
2869 4648 3367 4702 denominatiouem
3409 4663 3569 4703 acce-

312 4738 479 4805 perit.
518 4734 640 4801 Quo
663 4747 845 4793 autem
877 4747 1124 4809 tempore
1155 4741 1254 4796 viri
1280 4741 1360 4805 hi,
1391 4743 1485 4812 qui
1526 4741 1726 4796 librum
1754 4743 2230 4810 conscripserunt,
2259 4738 2581 4802 clartterint,
2609 4752 2709 4806 pro
2743 4743 2894 4790 certo
2931 4750 3038 4788 non
3088 4735 3344 4789 habetur.
3365 4733 3566 4790 Verum

308 4837 437 4878 cum
485 4828 668 4895 magni
713 4825 960 4897 Gregorii
991 4826 1222 4884 Romani
1253 4831 1534 4900 pontificis
1560 4831 1726 4903 hujus
1754 4831 1991 4890 nominis
2013 4828 2173 4900 primi
2209 4826 2414 4881 factum
2446 4830 2689 4888 narrent,
2715 4832 2768 4878 et
2797 4822 3232 4894 synchronorum
3263 4821 3565 4884 Caesarum,

309 4911 568 4968 videlicet
588 4914 894 4982 Anastasii,
919 4915 1148 4984 Tiberii,
1175 4919 1410 4973 Mani-itii
1433 4927 1486 4974 et
1512 4919 1753 4974 Zenonis
1780 4919 2112 4974 mentionem
2141 4915 2366 4976 faciant,
2393 4922 2443 4968 et
2476 4915 2528 4967 itt
2559 4922 2710 4966 sexta
2736 4910 2944 4981 synodo
2964 4910 3049 4962 hic
3077 4909 3212 4964 liber
3236 4909 3564 4976 adducatur,

308 5000 633 5070 conjectura
683 5006 907 5073 assequi
959 5020 1280 5074 possumus,
1317 5008 1466 5061 circa
1516 5023 1717 5061 annum
1762 5005 1979 5061 Domini
2030 5002 2517 5065 sexcentesimum,
2557 4998 2710 5052 illum
2768 4996 2941 5052 fuisse
2982 4997 3375 5066 conscriptum.
3424 4995 3566 5068 Lege

305 5101 440 5157 ergo
477 5088 672 5142 libenti
703 5090 908 5155 animo,
941 5101 994 5146 et
1039 5092 1142 5145 fide
1183 5105 1328 5147 certa
1360 5108 1500 5164 opus
1547 5093 1715 5158 istud,
1748 5093 1979 5148 candide
2027 5094 2221 5155 lector,
2253 5091 2410 5158 cujus
2455 5088 2765 5158 exemplum
2799 5103 2864 5140 ex
2897 5085 3199 5157 apostolica
3238 5086 3563 5142 bibliotheta

305 5175 624 5243 accepimus
654 5194 669 5230 :
702 5184 756 5230 et
801 5178 876 5230 ita
920 5193 1124 5246 mores,
1166 5189 1221 5234 et
1262 5179 1426 5234 vitam
1457 5191 1602 5235 tuam
1649 5181 1715 5235 ad
1758 5179 1880 5250 ejus
1916 5180 2206 5235 lectionem
2241 5193 2529 5245 compone,
2559 5185 2618 5230 ut
2645 5175 2836 5229 talittm
2881 5183 3265 5244 tantorumque
3295 5176 3560 5236 virorum,

305 5278 448 5334 quos
481 5263 568 5317 hic
600 5264 910 5334 descriptos
940 5268 1207 5333 invenies,
1246 5268 1442 5337 dignus
1485 5269 1773 5321 annulator
1815 5270 2052 5323 exsistas
2085 5285 2097 5321 :
2132 5265 2481 5338 postmodum
2533 5280 2659 5318 vero
2707 5279 2895 5318 eorum
2938 5266 3218 5317 consortio
3263 5263 3314 5315 in
3361 5271 3562 5316 eterna

305 5353 644 5408 beatitudine
675 5353 908 5408 feliciter
937 5355 1260 5425 adjungare.
1295 5357 1451 5421 Quod
1483 5357 1581 5410 tibi
1616 5367 1670 5411 et
1703 5359 1832 5410 mihi
1867 5357 2133 5410 Dominus
2169 5363 2431 5426 praestare
2464 5353 2740 5424 dignetur,
2769 5362 2822 5407 et
2849 5353 3104 5407 omnibus
3138 5350 3232 5421 qui
3270 5349 3561 5405 Dominum

301 5438 490 5495 Jesum
524 5441 766 5512 diligunt
795 5443 848 5495 in
881 5442 1221 5498 sinceritate.
1255 5441 1408 5498 Vale.

1822 5597 2047 5654 NOTAE.

375 5693 452 5816 Y1)
492 5691 642 5744 Idem
675 5690 1022 5759 miracnImn,
1054 5694 1106 5748 in
1133 5693 1257 5748 aliis
1289 5695 1466 5759 libris,
1497 5694 1880 5750 haereticorum
2065 5689 2140 5759 (ὁ)
2174 5688 2363 5758 Ejttsd.
2392 5703 2511 5768 syn.
2538 5699 2644 5744 act.
2678 5690 2731 5754 5,
2761 5690 2812 5740 in
2840 5703 2946 5755 qua
2977 5689 3140 5741 etiam
3164 5689 3406 5745 citantur
3430 5704 3564 5744 con-

375 5778 430 5816 κο
459 5763 713 5816 vitiatum
747 5763 962 5816 legitur.
1991 5774 2286 5816 seuuenter
2315 5761 2478 5816 huius
2513 5761 2608 5816 lib.
2645 5775 2764 5816 can.
2798 5759 2860 5814 81
2903 5769 2956 5812 et
2989 5759 3113 5815 180.

310 5759 713 5820 αοίόγὶιιθιυω
747 5763 962 5828 legitur.
1991 5774 2286 5829 sequentur
2315 5761 2478 5830 hujus
2513 5761 2608 5816 lib.
2645 5775 2764 5829 cap.
2798 5759 2860 5814 81
2903 5769 2956 5812 et
2989 5759 3113 5815 180.
