4034 6246
516 430 673 496 ’2859

1734 428 1737 429 ⁷
1828 418 2143 482 JOANNIS
2172 416 2454 477 MOSCHI
2557 416 2570 430 ’

3649 418 3799 484 2860

1993 526 2221 582 CAPUT
2261 525 2352 581 IX.

1560 652 1634 706 De
1663 651 1799 705 mira
1829 648 2107 717 cujusdam
2136 644 2317 698 sancti
2350 641 2532 696 Patris
2573 642 2855 696 cltaritate.

608 745 660 798 In
686 745 801 814 ipso
833 744 1158 799 monasterio
1204 742 1474 810 Turrium,
1528 759 1689 798 senex
1735 745 1945 813 quidam
1990 756 2106 815 erat
2139 747 2181 802 A

528 848 731 890 sancite
759 835 1010 890 nuditatis
1031 844 1084 890 et
1110 834 1465 904 eleemosynae
1491 834 1642 889 valde
1665 836 1933 889 studiosus
1954 851 2103 889 ama-

532 935 632 979 tur.
668 927 905 994 Quadam
931 940 1059 994 ergo
1096 924 1185 979 die
1224 925 1367 979 venit
1406 939 1604 993 pauper
1629 925 1695 980 ad
1726 927 1838 992 ejus
1861 927 2103 981 cellulam

529 1018 925 1088 eleemnsynam
973 1024 1195 1087 petens;
1250 1031 1410 1072 senex
1463 1034 1623 1083 vero,
1672 1033 1789 1073 cum
1852 1033 1958 1074 non
2008 1018 2109 1074 nisi

529 1123 689 1161 unum
722 1121 913 1176 panem
972 1107 1212 1174 haberet,
1260 1108 1537 1178 proferens
1568 1112 1762 1178 ipsum,
1794 1108 1944 1165 dedit
1980 1126 2108 1178 pau-

528 1199 664 1267 peri.
694 1200 866 1255 ~Tunc
892 1200 1022 1253 dicit
1047 1199 1096 1253 ei
1145 1213 1382 1268 pauper:
1415 1198 1547 1254 Nolo
1576 1215 1784 1269 panem,
1827 1201 1923 1255 sed
1958 1202 2108 1255 indu.

525 1300 791 1345 mentum.
827 1289 1024 1345 Valens
1065 1297 1242 1344 autem
1291 1288 1470 1344 senior
1498 1305 1687 1344 curare
1716 1289 1885 1356 illum,
1916 1306 2107 1360 appre-

531 1381 697 1436 hensa
728 1395 883 1434 manu
910 1380 1049 1448 ejus,
1079 1378 1376 1434 introduxit
1406 1379 1457 1433 in
1488 1379 1732 1434 cellulam
1761 1394 1932 1434 suam.
1974 1379 2106 1435 Pau-

523 1488 619 1543 per
648 1482 824 1526 autem
867 1485 985 1526 cum
1012 1470 1121 1525 illic
1148 1471 1277 1525 nihil
1300 1472 1516 1525 omnino
1543 1470 1865 1534 invenisset,
1896 1469 1998 1524 nisi
2019 1485 2107 1525 so-

521 1566 629 1620 lum
658 1564 799 1635 quod
829 1564 918 1619 ille
943 1564 1230 1627 induebat,
1272 1573 1413 1618 tanta
1444 1563 1588 1617 senis
1621 1565 1814 1617 virtute
1842 1577 2099 1629 compun-

523 1665 658 1719 ctus,
690 1655 849 1709 solvit
895 1655 1165 1708 sacculum
1219 1669 1413 1720 suum,
1467 1661 1522 1708 et.
1564 1655 1616 1715 in
1668 1652 1847 1707 medio
1894 1653 2104 1708 cellulae

518 1765 854 1821 quacunque
886 1750 1110 1806 habebat
1151 1764 1435 1814 evacuans,
1466 1750 1597 1804 dixit
1627 1769 1637 1803 :
1674 1748 1836 1804 Sume
1864 1747 1986 1816 ista,
2018 1764 2105 1805 se-

525 1840 642 1896 nior
666 1843 883 1910 optime,
915 1850 969 1896 et
997 1856 1095 1912 ego
1120 1841 1242 1896 alibi
1271 1856 1502 1910 quaeram
1538 1856 1658 1912 qua:
1702 1841 1833 1898 mihi
1859 1849 1984 1898 sunt
2006 1856 2100 1900 uc-

522 1947 779 1988 lcessarta.

2294 735 2380 787 Ἑν
2436 735 2569 805 αὐτῇ
2598 737 2661 806 τῇ
2697 733 2873 805 λαύρα
2926 734 3033 788 τῶν
3102 736 3378 807 Πυργίων,
3432 736 3668 799 ἐκάθητό
3704 755 3802 802 τις

2207 843 2403 914 γέρων.
2433 838 2541 896 Ἦν
2570 843 2624 896 δὲ
2646 844 2912 913 ἀκτήμων
2972 845 3110 899 πάνυ
3137 862 3149 875 ·
3202 828 3349 916 εἶχεν
3373 846 3430 899 δὲ
3455 848 3550 901 καὶ
3584 848 3645 901 τὸ
3679 838 3796 918 1d-

2211 951 2380 1004 ρισμα
2408 933 2507 1003 τῆς
2558 933 2959 1004 ὲλεημοσύνης..
2999 936 3088 990 Ἐν
3122 940 3220 1007 μιᾷ
3267 933 3362 992 οὖν
3401 939 3512 993 τῶν
3539 941 3799 1011 ήμερῶν,

2205 1018 2368 1093 ἦλθεν
2401 1023 2614 1092 πτωχὸς
2642 1024 2721 1085 είς
2750 1024 2809 1076 τὸ
2837 1024 3067 1094 πυργίον
3088 1026 3254 1080 αὑτοῦ
3283 1028 3449 1082 αἰτῶν
3483 1030 3801 1100 ἐλεημοσύ-

2208 1129 2325 1182 νην.
2362 1113 2420 1165 Ὀ
2454 1113 2510 1165 δὲ
2542 1114 2717 1183 γέρων
2741 1115 2843 1168 οὐκ
2913 1111 3059 1186 εἶχεν
3092 1119 3142 1170 εἰ
3182 1117 3257 1189 μὴ
3303 1119 3401 1174 ἕνα
3455 1120 3641 1192 ἄρτον,
3694 1123 3804 1174 καὶ

2207 1204 2500 1273 ἐξενέγκας
2530 1204 2761 1259 δέδωκεν
2789 1207 2952 1260 αὐτὸν
2978 1208 3057 1279 τῷ
3091 1209 3312 1280 πτωχῷ.
3366 1210 3533 1280 Λέγει
3575 1212 3722 1282 αὐτῷ
3769 1215 3802 1265 6

2210 1293 2423 1363 πτωχός
2448 1309 2460 1323 ·
2496 1294 2569 1346 Ού
2608 1292 2749 1347 θέλω
2779 1295 2963 1366 ἄρτον,
3035 1297 3147 1350 ἀλλ’
3198 1299 3432 1368 ἱμάτιον.
3469 1299 3651 1353 Θέλων
3687 1302 3750 1354 δὲ
3772 1304 3803 1353 6

2207 1385 2384 1456 γέρων
2448 1384 2895 1455 ἀποθεραπεῦσαι
2926 1386 3088 1441 αὑτὸν
3151 1389 3353 1452 πιάσας
3377 1389 3419 1420 ¹⁰
3460 1390 3627 1444 αὑτὸν
3690 1391 3802 1460 τῆς

2206 1476 2409 1545 χειρὸς,
2474 1478 2795 1547 εἰσήνεγκεν
2847 1479 3009 1533 αὑτὸν
3057 1481 3139 1544 εἰς
3171 1481 3232 1535 τὸ
3263 1482 3499 1553 πυργίον
3521 1483 3562 1513 ¹¹
3597 1482 3799 1537 αὐτοῦ.

2218 1570 2276 1621 '0
2298 1569 2354 1621 δὲ
2385 1569 2600 1638 πτωχὸς
2647 1570 2816 1641 μηδὲν
2859 1569 2998 1634 ὅλως
3048 1570 3319 1643 εὑρηκὼς,
3353 1576 3403 1626 εἰ
3438 1575 3513 1652 μὴ
3540 1575 3570 1626 ὃ
3603 1575 3805 1644 ἐφόρει

2218 1663 2397 1731 μόνον,
2430 1664 2759 1730 κατανυγεϊς
2787 1663 2879 1716 ἐπὶ
2894 1667 2961 1735 τῇ
2975 1665 3143 1735 ἀρετῇ
3168 1665 3262 1719 τοῦ
3294 1666 3571 1736 γέροντος,
3598 1665 3802 1718 ἔλυσεν

2215 1753 2333 1804 ei)“
2367 1751 2498 1804 ἴδιον
2554 1752 2762 1821 σακκὴν
2783 1754 2876 1823 (ε),
2909 1753 3003 1806 καὶ
3048 1754 3131 1816 εἰς
3158 1753 3218 1807 τὸ
3245 1754 3412 1825 μέσον
3437 1754 3804 1820 τοῦνκελλίου

2215 1843 2379 1896 αὑτοῦ
2403 1844 2668 1897 ἐκένωσεν
2692 1846 2791 1898 ὅσα
2817 1838 2952 1915 εἶχε,
2980 1845 3156 1913 λέγων
3184 1863 3197 1876 '
3227 1845 3374 1901 Λάϐε
3406 1845 3602 1914 ταῦτα,
3631 1847 3807 1901 καλό-

2214 1950 2284 2003 γη
2293 1950 2375 2004 ρε,
2391 1933 2546 2003 κάγὼ
2567 1932 2802 2005 ἀλλαχοῦ
2833 1937 3248 2009 οἰκονομοῦμαι.

1921 2054 1925 2059 ’
2001 2043 2229 2104 CAPUT
2268 2045 2333 2099 Χ.

1763 2148 1885 2203 Vita
1919 2144 2183 2201 Barnabaz
2212 2139 2572 2194 anacltoretw.

614 2237 946 2292 Anacbnreta
975 2236 1188 2304 quidam
1219 2249 1333 2294 erat
1362 2239 1414 2294 in
1435 2242 1704 2310 speluncis
1735 2242 1900 2296 sancti
1922 2241 2111 2297 forda-

2283 2246 2395 2303 ἾΙν
2428 2269 2513 2316 τις
2570 2254 2935 2326 ἀναχωρητὴς
2990 2240 3070 2321 εἰς
3104 2259 3172 2312 τὰ
3221 2262 3460 2332 σπήλαια
3515 2262 3611 2317 τοῦ
3632 2240 3804 2332 ’ἁγίου

541 2326 647 2393 nis,
680 2325 949 2381 Barnabas
981 2325 1215 2382 nomine.
1248 2327 1343 2383 llic
1367 2329 1455 2384 die
1493 2331 1716 2400 quadam
1741 2346 1858 2386 cum
1883 2332 2110 2389 descen-

2220 2343 2514 2414 Ἰορδάνου,
2553 2347 2783 2418 ὀνόματι
2820 2348 3134 2421 Βαρνάϐης.
3171 2344 3342 2417 Οὗτος
3360 2355 3417 2409 ὲν
3454 2358 3553 2427 μιᾷ
3591 2374 3805 2429 κατερ-

537 2414 691 2470 deret
717 2415 905 2471 bibere
942 2430 1132 2486 aquam
1160 2417 1228 2471 de
1256 2416 1509 2486 Jordaue,
1540 2420 1694 2474 infixa
1725 2431 1810 2476 est
1839 2423 1960 2492 pedi
1998 2424 2115 2494 ejus

2216 2434 2438 2505 χόμενος
2482 2436 2625 2489 πιεῖν
2654 2414 2737 2490 ’ὲκ
2775 2438 2871 2491 τοῦ
2903 2414 2915 2419 ”
2939 2414 3206 2511 Ἰορέάνου
3227 2482 3242 2508 ,
3270 2414 3539 2514 ίῑρπειθίὲν⁸
3567 2448 3649 2509 εἰς
3705 2414 3808 2501 τὸν

536 2520 602 2559 ex
645 2506 906 2561 arundine
950 2507 1173 2577 festuca,
1233 2512 1631 2581 permansitque
1677 2514 1948 2571 stimulum
1996 2517 2119 2585 pedi

537 2584 760 2650 inﬁxum
794 2604 983 2653 tenens
1006 2597 1225 2669 jugiter,
1255 2614 1426 2668 neque
1453 2617 1640 2672 passus
1664 2614 1746 2659 est
1773 2614 1830 2659 ut
1855 2620 1976 2662 eum
1998 2584 2120 2664 Vme-

514 2688 691 2745 'dicus
718 2690 947 2754 videret;
1002 2694 1179 2763 itaque
1219 2699 1563 2765 computruit'
1587 2714 1681 2768 pas
1727 2700 1862 2771 ejus.
1892 2704 2120 2765 Coactus

539 2792 667 2832 vero
691 2788 773 2833 est
798 2780 1088 2836 ascendere
1109 2782 1174 2837 ad
1199 2791 1575 2842 monasterium
1602 2788 1878 2858 Turrium,
1910 2794 2118 2864 sibique

539 2883 696 2921 unam
724 2869 965 2925 cellulam
1011 2873 1274 2940 accipere.
1309 2876 1474 2934 Porro
1510 2894 1601 2948 pes
1644 2881 1759 2951 ejus
1787 2884 1838 2938 in
1869 2884 1983 2941 dies
2022 2903 2118 2957 pu-

540 2960 804 3014 tre-'cebat
833 2963 1019 3033 magis.
1072 2964 1288 3020 Dicebat
1325 2977 1500 3024 autem
1533 2969 1613 3025 bis
1654 2974 1743 3041 qui
1774 2974 1841 3029 ad
1871 2991 1993 3032 eum
2022 2993 2114 3036 ve-

516 3047 779 3114 niebant,
811 3052 951 3120 quod
975 3065 1173 3122 quanto
1206 3059 1377 3129 magis
1425 3061 1588 3117 homo
1628 3068 1862 3120 exterior
1887 3069 2105 3139 patitur,

539 3147 682 3191 lauto
704 3141 929 3207 amplius
959 3141 1179 3198 interior
1210 3148 1363 3202 viret.
1482 3173 1561 3196 α·-

620 3276 899 3345 Postquam
931 3296 1058 3337 vero
1082 3286 1322 3343 ascendit
1349 3289 1513 3347 abbas
1558 3293 1824 3357 Barnabas
1872 3316 1941 3357 ex
1989 3318 2113 3374 spe-

542 3364 696 3420 lunca
745 3384 837 3423 sua
865 3372 931 3424 ad
963 3373 1178 3443 Turres,
1214 3393 1333 3433 cum
1386 3380 1572 3439 fuisset
1617 3388 1685 3442 ibi
1727 3364 2105 3459 aliquantulum

542 3461 814 3531 temporis,
856 3465 1177 3527 anachoreta
1220 3471 1430 3539 quidam
1482 3476 1619 3532 alius
1646 3481 1774 3534 abiit
1800 3485 1859 3540 a']
1895 3486 2113 3552 spelun-

2208 2525 2347 2578 πόδα
2378 2523 2543 2579 αὐτοῦ
2566 2542 2619 2578 τι
2650 2525 2838 2598 ἔσχεν,
2863 2531 2958 2583 καὶ
2983 2529 3197 2602 ἔμεινεν
3238 2531 3377 2603 ἔχων
3409 2534 3500 2588 τὸν
3526 2537 3804 2606 σκόλοπα,

2211 2617 2287 2688 μὴ
2316 2617 2641 2688 ἀνεχόμενος
2676 2620 2762 2673 ἵνα
2808 2621 2990 2691 ἰατρὸς
3045 2623 3130 2697 ἴδῃ
3177 2625 3360 2682 αὐτόν.
3406 2628 3516 2680 Kal.
3543 2628 3725 2700 ἐσάπη
3774 2631 3805 2683 6

2210 2710 2347 2787 ποῦς
2405 2710 2591 2775 αὐτοῦ,
2623 2714 2716 2765 καὶ
2742 2715 3064 2786 ἠναγκάσθη
3123 2717 3305 2771 λαϐεῖν
3353 2718 3529 2791 ἑαυτῷ
3566 2722 3804 2792 πυργίον

2210 2802 2289 2864 εἰς
2318 2801 2387 2854 τὰ
2438 2802 2676 2873 Πυργία.
2727 2804 2783 2856 ’0
2819 2805 2875 2858 δὲ
2918 2806 3054 2871 ποῦς
3106 2808 3270 2863 αὐτοῦ
3318 2811 3631 2885 πρόσκαιρα
3661 2814 3802 2885 ἐσή-

2211 2909 2359 2946 πετο.
2392 2894 2582 2962 Ἔλεγε
2622 2893 2679 2948 δὲ
2704 2897 2833 2950 πᾶσι
2873 2900 2984 2961 τοῖς
3024 2899 3162 2968 πρὸς
3192 2901 3353 2955 αὐτὸν
3410 2902 3801 2975 παραϐάλλου-

2215 3001 2321 3046 σιν,
2397 2986 2477 3039 ὅτι
2546 2987 2670 3040 ὅσον
2725 2987 2830 3053 ἔξω
2871 2990 3071 3061 πάσχει
3135 2992 3442 3064 ἄνθρωπος,
3475 2996 3732 3049 τοσοῦτον
3773 2998 3802 3048 6

2211 3077 2316 3143 ἔξω
2340 3077 2546 3132 θάλλει.

2282 3290 2435 3342 Μετὰ
2466 3292 2522 3343 τὸ
2561 3294 2808 3346 ἀνελθεῖν
2840 3294 2928 3345 τὸν
2962 3295 3137 3348 ἀϐϐἅν
3171 3298 3460 3368 Βαρνάϐαν
3511 3302 3603 3355 τὸν
3667 3305 3804 3359 ἀνα-

2211 3381 2458 3450 χυιρητὴν
2494 3385 2557 3434 ὲκ
2601 3382 2694 3435 τοῦ
2730 3382 2991 3453 σπηλαίου
3019 3386 3184 3438 αὐτοῦ
3217 3388 3298 3451 εἰς
3332 3389 3400 3443 τὰ
3434 3391 3671 3461 Πυργία,
3698 3396 3801 3448 καὶ

2214 3470 2437 3539 ποιῆσαι
2466 3473 2658 3543 χρόνον
2688 3473 2830 3540 τινὰ,
2863 3474 3051 3545 ἕτερός
3079 3494 3163 3542 τις
3210 3481 3576 3553 ἀναχωρητὴς
3613 3486 3796 3556 ἀπέρ-

533 3567 655 3605 eam
692 3554 876 3623 ipsius,
924 3559 1298 3632 ingressusque
1324 3567 1456 3622 vidit
1485 3575 1727 3640 angelum
1759 3573 1849 3627 De‘t
1884 3586 2110 3632 stantem

2216 3577 2364 3630 χεται
2406 3564 2485 3625 εἰς
2515 3562 2576 3614 τὸ
2606 3563 2869 3633 σπήλαιον
2894 3565 3059 3619 αὑτοῦ
3089 3583 3101 3597 ο
3137 3569 3230 3622 καὶ
3277 3570 3538 3623 εἰσελθὼν
3602 3554 3803 3645 θεωρεῖ

538 3655 697 3707 super
743 3643 908 3707 altare
951 3649 1089 3715 quod
1123 3649 1320 3705 fecerat
1358 3655 1537 3709 senior
1579 3669 1736 3729 atque
1784 3675 2106 3722 sacraverat.

2216 3651 2443 3720 ἄγγελον
2491 3652 2626 3705 Θεοῦ
2678 3653 2886 3708 ἑστῶτα
2932 3657 3025 3710 ἐπὶ
3071 3658 3165 3712 τοῦ
3202 3660 3625 3734 θυσιαστηρίου,
3656 3640 3799 3735 ὅπερ

539 3734 730 3803 Aitque
758 3736 822 3789 ad
867 3741 1109 3807 angelum
1140 3745 1458 3801 anachoreta
1491 3767 1504 3804 :
1535 3752 1668 3816 Quid
1702 3752 1787 3807 hic
1824 3756 1981 3825 agis?
2007 3756 2104 3812 Cui

536 3827 753 3893 angelus
800 3829 886 3883 ille
917 3846 931 3884 :
966 3832 1037 3885 Ex
1090 3850 1193 3903 quo
1240 3841 1562 3896 sanctificata
1607 3853 1729 3909 sunt
1775 3846 1905 3917 ista,
1938 3863 1966 3902 a
1996 3848 2108 3905 Deo

536 3919 650 3983 ipso
673 3919 798 3973 mihi
826 3923 1025 3976 credita
1057 3936 1181 3982 sunt
1211 3931 1253 3984 ἠ.

2211 3740 2277 3814 ἦν
2324 3744 2558 3813 ποιήσας
2601 3747 2629 3797 6
2682 3747 2862 3818 γέρων
2892 3750 2980 3802 ἐπ’
3009 3752 3175 3805 αὐτοῦ
3224 3753 3318 3808 τοῦ
3353 3756 3639 3826 σπηλαίου,
3702 3762 3801 3811 καὶ

2210 3834 2467 3919 ἁγιάσας.
2517 3837 2627 3889 Καὶ
2658 3837 2806 3905 λέγει
2833 3840 2861 3892 6
2904 3841 3264 3916 ἀναχωρητὴς
3290 3846 3366 3916 τῷ
3398 3848 3617 3919 ἀγγέλῳ
3650 3868 3664 3881 ο
3730 3852 3801 3903 Τί

2212 3926 2386 3987 ποιεῖς
2413 3918 2547 4011 ὧδε;
2586 3928 2751 3997 Λέγει
2781 3932 2952 4002 αὐτῷ,
2991 3935 3259 4003 Ἀγγελὸς
3301 3938 3416 4008 εἰμι
3446 3938 3537 3991 τοῦ
3563 3918 3799 4011 Κυρίου,

2213 4015 2308 4069 καὶ
2336 4016 2431 4086 ἀφ’
2458 4010 2517 4070 οὗ
2545 4019 2806 4093 ἡγιάσθη,
2834 4023 2958 4093 ἐμοὶ
2978 4025 3274 4098 ἐπιστεύθη
3310 4026 3415 4079 ὑπὸ
3438 4027 3532 4081 τοῦ
3561 4010 3720 4085 Θεοῦ.

1992 4120 2222 4185 CAPUT
2261 4127 2353 4184 XI.

1854 4242 1974 4299 Vita
2003 4241 2526 4314 abbatisHagt'oduli.

626 4336 802 4389 Abbas
851 4338 1032 4394 l’etius
1081 4346 1352 4415 presbyter
1396 4351 1695 4405 mimasterii
1747 4353 1914 4406 sancti
1956 4350 2116 4420 patris

554 4426 720 4479 nosu-i
762 4426 937 4494 Sabtr,
972 4438 1203 4487 narravit
1232 4438 1384 4492 nobis
1412 4440 1481 4494 de
1510 4441 1697 4496 abbate
1721 4442 1978 4512 Agiodulo
1998 4440 2124 4513 [lla-

551 4515 787 4586 giodulo]
814 4517 995 4575 dicens
1020 4537 1035 4574 :
1068 4522 1198 4579 Cum
1227 4528 1271 4579 is
1301 4540 1441 4583 esset
1462 4534 1683 4587 antistes
1708 4532 1814 4587 dux
1849 4544 2120 4591 monaste-

556 4604 623 4662 rii
652 4604 792 4661 beati
813 4608 1094 4678 Gerasimi,
1125 4619 1345 4689 contigit
1372 4622 1587 4679 fratrem
1622 4629 1903 4695 quemdam
1934 4631 1999 4685 de
2021 4632 2127 4685 illic

558 4698 916 4756 residentibus
941 4705 1096 4760 mori.
1122 4706 1270 4774 Quod
1302 4725 1420 4765 eum
1445 4728 1606 4771 senex
1634 4720 1923 4787 ignoraret,
1954 4726 2132 4793 pulsa-

556 4796 743 4856 retque
773 4791 1051 4858 praefectus
1074 4800 1293 4855 canonis
1322 4803 1543 4874 lignum,
1591 4809 1733 4877 quod
1764 4791 1969 4867 fratres
2001 4828 2128 4870 con-

556 4881 831 4937 venientes
855 4897 1119 4943 mortuum
1147 4892 1417 4962 efferrent,
1454 4890 1509 4951 ut
1538 4900 1669 4956 vidit
1696 4917 1857 4956 senex
1898 4908 2125 4962 cadaver

556 4970 608 5025 in
632 4974 872 5030 ecclesiae
896 4979 1069 5034 medio
1086 4982 1286 5049 jacere,
1319 4990 1664 5046 eontristatus
1687 5003 1768 5048 est
1794 4995 1963 5061 valde,
1989 5000 2125 5064 quod

551 5076 659 5118 non
706 5065 855 5122 illum
889 5074 1171 5129 salutasset
1220 5078 1521 5147 priusquam
1552 5084 1802 5153 migraret
1844 5102 1874 5139 e
1904 5089 2122 5142 saeculo.

2300 4354 2358 4409 Ὀ
2389 4357 2564 4419 ἀϐϐἄς
2607 4358 2816 4428 Πέτρος
2853 4361 2881 4412 6
2925 4361 3296 4432 πρεσϐύτερος
3323 4362 3421 4431 τῆς
3456 4361 3662 4433 λαύρας
3702 4367 3803 4419 τοῦ

2218 4446 2275 4500 ἐν
2299 4446 2474 4514 ἁγίοις
2497 4448 2710 4519 Πατρὺς
2745 4449 2902 4520 ήμῶν
2933 4450 3103 4516 Σάϐα,
3160 4451 3457 4522 διηγήσατο
3507 4454 3639 4522 ἡμῖν
3671 4458 3805 4526 περὶ

2230 4539 2593 4607 Ἀγιοδούλου,
2617 4542 2816 4607 λέγων,
2848 4542 2930 4595 ὅτι
2970 4544 3161 4606 Ὀντος
3193 4544 3355 4597 αὐτοῦ
3374 4547 3681 4615 ἡγουμένου
3699 4549 3802 4617 τῆς

2219 4629 2423 4702 λαύρας
2454 4632 2548 4686 τοῦ
2579 4635 2848 4704 μακαρίου
2908 4636 3238 4705 Γερασίμου,
3304 4638 3502 4707 συνέϐη
3572 4638 3809 4707 ἀδελφόν

2219 4738 2357 4797 τιναὶ
2377 4724 2486 4776 τῶν
2510 4727 2627 4777 ἐκεῖ
2656 4725 2997 4795 τελευτῆσαι,
3030 4727 3125 4778 καὶ
3178 4728 3281 4780 οὐκ
3313 4727 3517 4797 ἔμαθεν
3537 4730 3564 4780 6
3599 4731 3783 4798 γέρων

2220 4814 2330 4868 Καὶ
2377 4814 2707 4886 κρούσαντος
2769 4816 2863 4870 τοῦ
2923 4818 3258 4889 κανονάρχου
3307 4820 3369 4870 τὸ
3406 4818 3582 4883 ξύλον,
3625 4810 3716 4889 éép’
3781 4842 3811 4885 ε)

2220 4905 2430 4969 πάντας
2460 4905 2588 4970 τοὺς
2622 4906 2890 4975 ἀδελφοὺς
2924 4907 3279 4977 συναχθῆναι,
3331 4909 3427 4961 καὶ
3476 4910 3809 4979 προπέμάαι

2223 4994 2312 5048 τὸν
2334 4996 2753 5068 τελευτήσαντα,
2788 5000 2957 5055 ἐλθὼν
2989 5004 3017 5055 6
3055 5003 3255 5073 γέρων⁹
3312 5004 3407 5056 καὶ
3443 5003 3563 5056 ἰδὼν
3587 5004 3648 5056 τὸ
3699 5004 3811 5055 isi-

2223 5083 2393 5153 ψανον
2416 5086 2509 5138 τοῦ
2542 5088 2772 5158 ἀδελφοῦ
2797 5093 3047 5161 κείμενον
3082 5094 3137 5144 ἐν
3165 5093 3552 5165 ’τῇ-ἐκκλησίᾳ,
3599 5094 3812 5163 ἐλυπή-

553 5151 932 5254 ξἿ-οίθοιιιεηυθ
978 5177 1133 5217 secus
1184 5168 1437 5223 lectulum
1497 5173 1582 5226 ubi
1626 5151 1859 5242 jacebat,
1914 5180 1989 5231 ait
2032 5178 2115 5233 de-

2228 5175 2317 5245 θη,
2355 5177 2439 5229 ὅτι
2499 5178 2599 5231 οὐκ
2625 5180 2909 5247 ἠσπάσατο
2939 5182 3099 5235 αὐτὸν
3130 5182 3255 5253 ,πρὸ
3298 5183 3389 5235 τοῦ
3448 5183 3685 5248 ἐξελθεῖν
3744 5188 3807 5237 ὲ..

542 5239 727 5298 functo
761 5265 774 5300 :
802 5247 988 5318 Surge,
1024 5252 1201 5317 frater,
1234 5268 1289 5311 et
1317 5257 1380 5311 da
1411 5260 1537 5315 milii
1561 5239 1817 5319 osculum.
1862 5267 1960 5334 Qui
2005 5284 2124 5335 pro-

545 5336 688 5390 tinus
735 5352 977 5407 surgens,
1027 5347 1292 5401 osculatus
1334 5360 1415 5405 est
1442 5367 1650 5409 senem.
1702 5356 1833 5413 Tum
1876 5360 2011 5415 dixit
2038 5377 2122 5418 se-

2224 5267 2319 5319 τοῦ
2366 5267 2503 5335 βίου.
2570 5269 2848 5324 Ἀπελθὼν
2891 5271 2945 5323 δὲ
2966 5271 3100 5343 πρὸς
3157 5273 3254 5343 τὴν
3311 5274 3497 5343 κλίνην
3527 5273 3679 5342 λέγει
3731 5277 3815 5347 τῷ

2228 5356 2513 5424 τεθνεῶτι,
2560 5360 2830 5430 Ἐγείρου,
2869 5362 3085 5431 ἀδελφέ,
3114 5362 3200 5426 δός
3251 5380 3339 5432 μοι
3394 5364 3703 5435 ἀσπασμόν.
3754 5365 3815 5419 Ὀ

1858 5462 2091 5518 VARI/IS
2119 5464 2522 5526 LECTIONES.

645 5554 691 5588 ¹⁰
723 5555 795 5610 al.
827 5555 1130 5629 κρατήσας.

1210 5557 1251 5588 ¹¹
1286 5556 1357 5611 al.
1385 5559 1442 5611 ἐν
1469 5558 1547 5631 τῷ
1578 5561 1793 5633 κελλίῳ.
1875 5564 1915 5594 ¹¹
1965 5563 2034 5617 al.
2059 5564 2167 5618 τόν.

2066 5655 2297 5712 NOTAE.

622 5738 794 5819 0')an
829 5740 984 5819 ἴδιον
1020 5745 1280 5819 σακκήν.
1312 5745 1371 5801 F.
1409 5749 1605 5805 aaxx‘tv
1628 5765 1724 5819 pro
1756 5752 2003 5805 σακκίον.
2039 5751 2125 5804 Al.

550 5809 654 5862 Ίὺν
695 5812 824 5883 ἴδιον
854 5812 1076 5876 σάκκον,
1119 5809 1371 5883 σάρκινον
1407 5809 1788 5876 σάκκονᾘίκίι
1823 5821 2126 5877 Gern‘tanus

554 5882 886 5950 patriarcha,
904 5885 1125 5939 Auctur.
1151 5882 1441 5945 Combeﬁs.
1461 5898 1500 5944 t.
1524 5891 1560 5955 Ι,
1588 5907 1637 5946 c.
1661 5892 1796 5946 1516
1822 5896 1888 5946 A.
1915 5903 1966 5945 ut
1992 5893 2125 5960 σάγ-

2239 5766 2388 5805 κινον
2440 5747 2520 5819 vel
2555 5748 2809 5819 σᾲκκινον
2856 5748 3257 5819 καταπέτασμα
3306 5748 3575 5803 succinum
3622 5748 3820 5816 velum,

2236 5837 2287 5873 c.
2318 5818 2448 5872 1501
2484 5817 2541 5870 Β.
2569 5817 2684 5872 Nisi
2715 5821 2840 5891 quis
2870 5834 3078 5873 mecum
3110 5817 3364 5876 maluerit
3406 5819 3664 5890 σάρκινον
3694 5837 3819 5873 cm-

2235 5906 2411 5943 neunt.
