4034 6246
324 372 469 440 2861

325 486 385 539 δὲ
406 487 648 553 ἀναστὰς
681 490 964 558 ἠσπάσατο
987 493 1079 546 τὸν
1126 497 1373 566 γέροντα.
1427 503 1531 555 Καὶ
1558 504 1702 573 λέγει
1763 511 1910 579 αὐτῷ
1941 519 1984 575 Α
2019 536 2120 577 "ex
2150 565 2161 577 ,
2200 526 2303 580 Dor

324 579 356 630 ὁ
415 579 595 651 γέρων
629 598 643 614 ο
702 582 885 652 Κοίμα
907 586 965 637 τὸ
1015 586 1204 640 λοιπὸν
1241 590 1344 653 ἕως
1378 593 1548 647 ἐλθὼν
1586 598 1614 649 ὁ
1637 600 1763 664 Υἱὸς
1809 603 1903 657 τοῦ

322 668 468 723 Θεοῦ
501 672 695 744 ἐγείρῃ
732 691 812 728 σε.

409 757 469 810 ὐ
493 761 655 823 αὐτὸς
712 763 887 827 ἀϐϐἄς
946 766 1282 834 Ἀγιόδουλος
1338 772 1705 843 ἀνερχόμενος
1762 781 1911 849 παρὰ

317 848 425 911 τὰς
472 851 638 921 ὄχθας
667 854 760 908 τοῦ
813 857 969 925 ἁγίου
1016 859 1303 931 Ἰορδάνου,
1358 867 1417 917 ἐν
1450 867 1526 935 τῷ
1554 867 1797 942 λογισμῷ
1830 875 1905 927 διι

318 944 552 1006 ενοεῖτο,
596 946 649 998 τί
674 948 780 1017 ἄρα
802 948 1091 1018 γεγόνασιν
1117 956 1165 1006 oi
1191 955 1325 1009 λίθοι
1359 961 1406 1010 οἱ
1450 960 1696 1015 ἐκλεκτοὶ
1731 968 1778 1018 oi
1806 967 1909 1036 ep.-

317 1033 617 1106 ϐληθέντες
643 1040 746 1094 ὑπὸ
783 1036 957 1112 Ἰησοῦ
989 1045 1083 1097 τοῦ
1108 1047 1286 1119 Ναυῆ,
1330 1051 1450 1104 ἀντὶ
1479 1053 1589 1107 τῶν
1624 1033 1903 1127 ἀρχόντων
2000 1063 2079 1118 his

314 1127 416 1181 ὑπ’
468 1130 659 1193 αὑτοῦ,
704 1133 798 1186 καὶ
825 1136 901 1197 ὡς
968 1136 1140 1190 ταῦτα
1167 1140 1498 1209 διελογίζετο
1534 1152 1895 1221 παραχρῆμα,

304 1218 505 1290 διέστη
548 1221 675 1275 ἔνθα
721 1225 813 1276 καὶ
855 1225 982 1280 ἔνθα
1014 1230 1081 1281 τὰ
1104 1228 1294 1295 ὕδατα,
1338 1235 1430 1286 καὶ
1479 1218 1737 1294 ἐθεάσατο

311 1400 620 1474 εχὼρησεν.

1539 395 1850 460 PRATUM
1890 384 2369 472 SPIRITUALE.

3445 424 3588 491 2862

2304 529 2374 582 mi
2423 531 2553 598 jam,
2600 551 2872 610 quousque
2903 546 3077 601 veniat
3125 548 3364 610 Christus
3416 559 3581 617 Filius

2019 615 2134 682 Det,
2164 627 2213 672 et
2245 623 2611 679 resusciterte.

2082 791 2220 849 idem
2243 798 2403 853 abbas
2427 802 2715 873 Agiodulus
2743 824 2859 866 cum
2891 820 3136 876 transiret
3156 822 3301 890 iusta
3326 827 3574 885 Jordanis

2004 882 2183 950 ripas,
2234 900 2414 946 secum
2469 897 2646 953 animo
2701 908 2755 955 et
2797 906 3111 974 cogitatione
3163 914 3405 974 volvebat
3448 925 3571 991 quid

1999 986 2169 1029 actum
2204 978 2387 1037 fuisset
2435 986 2500 1042 de
2550 990 2811 1059 lapidibus
2842 999 3049 1068 injectis
3076 1020 3103 1059 a
3144 1007 3266 1063 .lesu
3298 1010 3435 1067 Nave
3466 978 3571 1084 'pl‘u

2107 1083 2237 1136 quos
2264 1072 2385 1128 inde
2411 1081 2721 1139 sustulerat.
2754 1086 2990 1160 Cumque
3014 1095 3109 1148 ista
3139 1099 3418 1169 cogitaret,
3443 1072 3566 1159 con-

1997 1153 2169 1212 festim
2198 1159 2317 1217 hinc
2345 1174 2399 1219 ct
2431 1167 2550 1241 hinc
2572 1171 2752 1229 divisae
2772 1189 2895 1232 sunt
2925 1196 3091 1252 aqum.
3119 1153 3267 1242 Tuiic
3293 1153 3421 1246 vidii
3452 1195 3566 1249 illos

1776 1247 1900 1309 τοὺς
1991 1247 2267 1351 duodecim
2318 1258 2540 1332 lapides,
2590 1247 2989 1343 prostratusque
3039 1276 3184 1333 bumi
3232 1280 3342 1338 Deo
3368 1288 3564 1355 gratias

311 1310 528 1365 δώδεκα
573 1314 774 1381 λίθους,
823 1318 916 1371 καὶ
968 1319 1144 1387 βαλὼν
1188 1325 1477 1392 μετάνοιαν
1522 1330 1599 1401 τῷ
1631 1332 1768 1405 Θεῷ,
1804 1338 1897 1390 ἀν-

1987 1338 2114 1409 egit,
2149 1353 2202 1398 et
2228 1352 2464 1406 recessit.

3224 1447 3251 1465 Ι

1775 1523 1998 1581 CAPUT
2027 1528 2140 1587 Xll.

1597 1620 1806 1678 Dictum
1837 1626 2045 1685 abbatis
2077 1631 2329 1703 Olympii.

409 1676 655 1767 Ἀδελφὺς
677 1666 928 1772 ἠρώτησε
962 1700 1053 1759 τδν
1103 1708 1277 1763 ἁόεᾶν
1314 1712 1613 1783 Ὀλύμπιον
1648 1719 1737 1771 τὸν
1770 1739 1900 1792 πρε-

310 1784 578 1878 σξύτερον
610 1791 710 1861 τῆς
737 1793 948 1864 λαύρας
975 1796 1068 1850 τοῦ
1106 1799 1248 1854 ἀδεᾶ
1312 1804 1647 1875 Γερασίμου,
1672 1784 1846 1878 λέγων
1883 1831 1895 1844 ’

303 1868 486 1928 Είπόν
532 1895 621 1947 μοι
696 1883 864 1952 ῥῆμα.
910 1883 968 1938 'o
1007 1887 1064 1940 δὲ
1111 1889 1258 1960 λέγει
1314 1868 1481 1964 αὐτῷ·

309 1966 454 2035 μετὰ
516 1971 828 2042 αίρετικῶν,
853 1978 946 2031 καὶ
971 1980 1159 2050 κράτει

306 2057 411 2111 καὶ
432 2060 565 2114 ὅπου
604 2064 768 2137 κάθῃ,
802 2072 1039 2141 συνεχῶς
1070 2073 1213 2142 λέγε,
1247 2077 1327 2129 ὅτι
1356 2076 1530 2144 «Ξένος
1557 2084 1693 2151 εἰμί.

2062 1726 2244 1783 Frater
2276 1729 2619 1803 interrogavit
2649 1736 2892 1793 abbatem
2918 1739 3240 1813 Olympium,
3283 1749 3556 1823 presbyte-

1990 1834 2102 1872 rum
2154 1826 2457 1879 monasterii
2508 1829 2677 1883 sancti
2729 1829 3010 1901 Gerasimi,
3050 1835 3233 1892 dicens
3263 1857 3276 1892 :
3309 1840 3401 1896 Dic
3429 1844 3555 1900 mihi

1540 1899 1631 1969 Μὴ
1667 1902 1898 1975 καθίσῃς
1987 1910 2227 1966 verbum.
2280 1913 2376 1979 Qui
2406 1915 2539 1971 dixit
2589 1921 2633 1972 ei
2669 1938 2679 1971 :
2712 1921 2787 1975 Ne
2817 1924 3002 1979 sedeas
3032 1943 3152 1981 cum
3184 1916 3469 1999 hmreticis,
3503 1949 3552 1990 et

1215 1984 1466 2056 γλώσσης
1520 1991 1612 2042 καὶ
1663 1992 1871 2059 κοιλίας

1984 2002 2197 2056 contine
2229 2000 2479 2073 linguam
2506 2018 2559 2061 ct
2589 2021 2861 2077 ventrem;
2909 2030 2969 2069 ac
3000 2017 3299 2089 ubicunque
3328 2023 3548 2091 sederis,

1901 2148 1950 2169 ἢ,
1984 2089 2069 2146 dic
2090 2094 2300 2150 assidue
2329 2116 2340 2149 :
2377 2095 2691 2167 Peregrinus
2719 2108 2858 2156 'sum.
2948 2174 2957 2180 .

1744 2202 1974 2260 CAPUT
2015 2211 2151 2268 ΧΙΙΙ.

1459 2308 1570 2363 Vita
1611 2312 1817 2369 abbatis
1863 2317 2036 2380 Marci
2076 2330 2434 2387 anas/torem.

386 2388 611 2459 Ἔλεγον
671 2393 926 2465 περὶτοῦ
976 2396 1121 2451 ἁϐὅᾶ
1142 2398 1368 2469 Μάρκου
1394 2401 1485 2454 τοῦ
1533 2404 1889 2478 ἀναχωρητοῢ

301 2478 487 2550 (οὗτος
506 2485 562 2538 δὲ
592 2485 828 2558 ἐκάθητο
846 2489 1071 2559 πλησίον
1100 2492 1198 2561 τῆς
1231 2492 1399 2562 μονῆς
1439 2495 1530 2547 τοῦ
1561 2498 1911 2575 Πενθουκλᾶ),

301 2579 390 2631 ὅτι
418 2580 509 2632 ἐπὶ
533 2579 795 2650 ἑξήκοντα
825 2583 982 2637 ἐννέα
1010 2584 1104 2656 ἐτη
1124 2587 1334 2658 ταύτην
1367 2589 1526 2659 ἔσχεν
1582 2593 1680 2664 τὴν
1723 2596 1887 2667 ἐργα-

302 2669 452 2735 σίαν,
475 2672 576 2734 τὰς
614 2673 915 2744 ἑϐδομάδας
938 2677 1237 2746 νηστεύων,
1268 2679 1407 2734 ὥστε
1424 2683 1664 2753 νομίζειν
1698 2689 1871 2753 τινὰς,

298 2760 387 2813 ὃτι
419 2760 661 2831 ἄσαρκος
681 2765 849 2819 ἐστιν.
889 2766 1190 2836 Ἠργάζετο
1222 2770 1279 2823 δέ
1310 2771 1481 2825 νύκτα
1532 2776 1627 2827 καὶ
1670 2778 1885 2848 ἡμέραν

300 2849 438 2919 περὶ
459 2849 571 2902 τῶν
597 2854 943 2922 ἐπαγγελιῶν
977 2856 1073 2910 τοῦ
1106 2859 1368 2929 Χριστοῦ,
1395 2862 1490 2916 καὶ
1518 2862 1685 2917 ἐδίδου
1715 2868 1883 2931 αὐτὰς

296 2942 572 3012 πτωχοῖς,
604 2944 727 2997 οὐδὲ
787 2948 937 3017 παρά
983 2965 1127 3013 τινος
1179 2950 1370 3004 ἕλαόεν
1411 2954 1664 3008 τιποτοῦν
1697 2972 1708 2985 ·
1755 2960 1880 3027 περὶ

294 3032 497 3107 τρύτου
529 3034 863 3101 ἀκούσαντες
914 3039 1246 3111 φιλόχριστοι
1293 3038 1455 3113 ἦλθον
1499 3045 1684 3120 δοῦναι
1726 3047 1873 3120 αὐτῷ

295 3123 399 3195 τὴν
462 3127 683 3198 ἀγάπην
717 3146 730 3158 ·
783 3131 811 3183 ὁ
852 3131 909 3185 δὲ
974 3132 1186 3202 ἔλεγεν·
1221 3136 1293 3187 Οὐ
1328 3135 1588 3206 λαμϐάνω
1612 3119 1629 3169 ί
1657 3140 1717 3191 τὸ
1759 3119 1867 3213 γὰρ

295 3216 432 3285 ἐμὸν
468 3218 751 3290 χείρεργον
773 3224 960 3294 τρέφει
1008 3243 1098 3295 με,
1134 3230 1225 3280 καὶ
1248 3229 1372 3290 τοὺς
1393 3232 1721 3299 ἐρχομένους
1741 3235 1877 3304 πρός

297 3324 368 3377 με
404 3309 492 3363 διὰ
521 3311 611 3364 τὸν
641 3313 791 3369 Θεόν.

2049 2424 2302 2481 Dicebant
2329 2430 2394 2483 de
2433 2430 2623 2486 abbate
2669 2432 2845 2489 Marco
2884 2436 3225 2506 anachoreta,
3256 2443 3343 2510 qui
3374 2457 3549 2498 mora-
3581 2516 3586 2522 η

1976 2516 2129 2572 batur
2148 2532 2312 2589 prope
2332 2526 2711 2579 monasterium
2736 2528 3059 2586 Penthucula
3086 2546 3178 2600 per
3199 2548 3369 2589 annos
3390 2551 3544 2590 sexa-

1975 2609 2119 2677 ginta
2151 2621 2279 2675 tres,
2312 2616 2451 2682 quod
2476 2616 2611 2671 hanc
2645 2619 2887 2675 habuerit
2908 2621 3155 2677 virtutem
3185 2624 3543 2681 hebdomadas

1972 2699 2200 2771 integras
2223 2703 2518 2774 jejuuandi.
2549 2709 2618 2761 ita
2645 2720 2699 2762 ut
2729 2712 2977 2778 putarent
3004 2713 3217 2782 quidam
3262 2727 3387 2770 eum
3429 2719 3542 2771 sine

1971 2803 2129 2847 carne
2157 2806 2296 2847 esse.
2322 2796 2653 2862 onerabatur
2676 2809 2850 2854 autem
2875 2800 2958 2857 die
2984 2816 3046 2858 ac
3079 2816 3254 2871 nocte,
3286 2815 3338 2860 et
3358 2807 3535 2862 distri-

1969 2882 2160 2938 buebat
2189 2888 2508 2954 pauperibus
2529 2891 2726 2954 omnia,
2758 2899 2927 2962 neque
2955 2896 3019 2947 ab
3048 2896 3223 2965 aliquo
3264 2896 3531 2967 quidpiam

1967 2972 2276 3039 accipiebat.
2311 2975 2385 3031 De
2412 2976 2511 3032 hoc
2550 2979 2828 3038 audientes
2877 2982 3062 3039 fideles
3090 2986 3213 3052 viri,
3254 3000 3531 3052 venerunt,

1968 3070 2025 3117 ut
2046 3064 2234 3119 darent
2258 3066 2307 3121 ei
2327 3081 2566 3138 agapen),
2601 3082 2655 3126 et
2674 3074 2748 3127 ait
2771 3074 2836 3128 ad
2863 3090 2955 3131 eos
2981 3094 2993 3130 :
3020 3078 3133 3133 Non
3162 3082 3385 3151 accipio,
3411 3085 3535 3150 quia

1966 3164 2155 3243 manus
2185 3173 2314 3213 meae
2356 3163 2592 3219 nutriunt
2642 3181 2727 3221 me
2756 3175 2809 3221 et
2847 3183 2940 3223 eos
2970 3174 3055 3237 qui
3109 3184 3323 3243 propter
3371 3178 3532 3232 De‘uuu

1965 3242 2032 3300 ad
2058 3235 2155 3303 me
2172 3249 2403 3306 veniunt.

1742 3412 1971 3471 CAPUT
2016 3414 2152 3469 XIV.

781 3494 859 3549 De
887 3494 1055 3564 fratre
1088 3500 1179 3569 qui
1206 3518 1237 3553 a
1278 3501 1886 3573 spiritufOt'nicationis
1917 3509 2346 3578 impugnabant)",
2390 3526 2435 3567 et
2470 3517 2703 3584 leprosus
2732 3519 2944 3587 cﬂ'cttus
2973 3528 3071 3577 est.

383 3603 674 3669 'Odﬁﬁiq
730 3609 1088 3680 Πολυχρόνιος
1143 3615 1306 3668 πάλιν
1359 3619 1490 3687 ἡμῖν
1557 3619 1878 3689 διηγήσατο,

290 3696 430 3764 ἡμῖν
476 3695 673 3764 λέγων,
719 3697 802 3751 ὅτι
835 3698 924 3752 Ἐν
975 3700 1052 3770 τῷ
1109 3704 1356 3775 κοινοΰίῳ
1412 3705 1505 3759 τοῦ
1551 3708 1878 3774 Πενθουκλᾶ,

294 3785 526 3853 ἀδελφὸς
589 3783 658 3857 ἦν
705 3788 853 3849 πάνυ
901 3792 1185 3861 προσέχων
1227 3795 1409 3859 αὑτὸν,
1460 3799 1554 3851 καὶ
1604 3799 1873 3870 ἀσκητής.

308 3875 666 3948 Ἑπολεμήθη
704 3877 763 3931 δὲ
800 3880 880 3943 εἰς
919 3883 1197 3952 πορνείαν,
1232 3885 1323 3938 καὶ
1349 3887 1424 3958 μὴ
1446 3887 1769 3957 εἰσενεγκὼν
1786 3890 1876 3941 τὸν

295 3965 560 4035 πόλεμον,
630 3969 853 4037 ἐξῆλθεν
893 3967 987 4025 τοῦ
1031 3977 1411 4045 μοναστηρίου,
1471 3979 1565 4032 καὶ
1622 3979 1865 4049 ἀπῆλθεν

290 4058 373 4119 είς
416 4056 626 4127 Ίεριχὼ
663 4056 948 4130 πληρῶσαι
976 4063 1073 4133 τὴν
1106 4064 1401 4135 ἐπιθυμίαν
1435 4066 1622 4123 αὐτοῦ.
1661 4069 1765 4122 Καὶ
1793 4069 1867 4128 ὡς

291 4147 544 4218 εἰσῆλθεν
588 4151 669 4214 εἰς
706 4153 765 4204 τὸ
797 4155 1139 4223 καταγώγιον
1188 4157 1286 4226 τῆς
1333 4158 1607 4228 πορνείας,
1664 4158 1867 4225 εὐθέως

288 4241 581 4314 ἐλεπρώθη
609 4243 744 4309 ὅλως
784 4263 798 4275 ·
838 4247 932 4300 καὶ
958 4247 1291 4319 θεασάμενος
1342 4251 1536 4303 ἑαυτὸν
1561 4253 1617 4304 ἐν
1638 4252 1866 4324 τοιούτῳ

276 4332 553 4401 ’σχήματι,
605 4335 808 4399 εὐθέως
858 4338 1192 4407 ἐπέστρεψεν
1269 4342 1348 4402 είς
1407 4340 1466 4395 τὸ
1503 4343 1863 4412 μοναστήριον

286 4423 477 4489 αὑτοῦ,
507 4425 843 4496 εὐχαριστῶν
864 4428 942 4498 τῷ
976 4428 1116 4498 Θεῷ,
1148 4433 1241 4483 καὶ
1296 4432 1490 4499 λέγων,
1523 4435 1603 4485 ὅτι
1652 4432 1708 4485 Ὁ
1734 4433 1863 4495 Θεὸς

282 4514 563 4583 ἐπήγαγέ-ν
600 4535 689 4586 μοι
720 4518 816 4588 τὴν
843 4520 1099 4591 τοιαύτην
1130 4522 1303 4586 νόσον,
1364 4523 1452 4577 ἵνα
1489 4526 1520 4593 ἡ
1552 4525 1698 4595 ψυχή
1760 4542 1860 4594 μου

282 4604 456 4675 σωθῇ.
496 4607 603 4659 Καὶ
646 4610 894 4678 μεγάλως
927 4611 1175 4677 ἐδόξαζεν
1216 4615 1308 4667 τὸν
1338 4615 1490 4670 Θεόν.

2041 3619 2219 3676 Abbas
2247 3622 2627 3694 Polychronius
2653 3644 2859 3685 rursum
2887 3632 3039 3686 nobis
3059 3636 3292 3688 narravit
3313 3635 3449 3702 quod
3479 3636 3531 3690 in

1968 3713 2212 3767 ρωποι)ῑο
2270 3714 2595 3773 Penthucula
2647 3720 2807 3778 frater
2853 3724 3070 3790 quidam
3125 3736 3237 3781 erat
3285 3728 3384 3783 sibi
3435 3729 3533 3795 ipsi

1974 3802 2125 3856 valde
2166 3802 2400 3862 intentus
2435 3821 2487 3863 et
2512 3812 2808 3867 continens.
2855 3815 2985 3869 Cum
3034 3828 3210 3871 autem
3250 3820 3535 3889 aliquando

1969 3888 2369 3962 impugnaretur
2388 3914 2418 3952 a
2447 3901 2633 3968 spiritu
2657 3901 3038 3972 fornicationis,
3068 3920 3173 3961 non
3199 3911 3379 3963 valens
3401 3912 3537 3966 hanc

1968 3992 2193 4047 pugnam
2223 3986 2511 4055 sustinere,
2541 4004 2787 4060 egressus
2831 3993 2898 4050 de
2936 4000 3279 4066 monasterio,
3325 3999 3534 4070 profec-

1968 4074 2051 4121 tus
2078 4070 2429 4141 estlericho,
2505 4088 2562 4132 ut
2627 4077 3084 4148 concupiscentia:
3146 4098 3257 4139 sua:
3326 4090 3531 4145 satisfa-

1965 4168 2131 4213 ceret.
2163 4159 2383 4232 Moxque
2429 4175 2486 4219 ut
2538 4171 2833 4226 meretricis
2874 4174 3059 4228 eellam
3112 4177 3379 4248 ingressus
3420 4193 3532 4250 est,

1965 4246 2203 4317 leprosus
2225 4253 2395 4310 factus
2420 4268 2500 4311 est
2524 4268 2683 4314 tatus.
2725 4262 2916 4319 Vidcns
2943 4276 3119 4321 autem
3149 4246 3369 4338 lepram,
3401 4246 3532 4327 con;

1963 4340 2112 4392 tinuo
2163 4343 2320 4397 rediit
2358 4347 2423 4400 ad
2458 4354 2860 4421 monasterium,
2903 4357 3012 4411 Deo
3058 4361 3253 4427 gratias
3296 4365 3531 4420 referens

1609 4758 1616 4765 .
1715 4707 1946 4762 CAPUT
1988 4710 2102 4764 xv.
2208 4778 2215 4783 _

1334 4798 1561 4852 Factum
1602 4798 1846 4853 mirabile
1903 4801 2109 4857 abbatis
2147 4803 2394 4861 Cononis.

358 4904 585 4972 Ἔλεγον
624 4908 753 4980 περὶ
809 4907 906 4963 τοῦ
934 4910 1078 4964 ἀὸὅᾶ
1124 4913 1370 4976 Κόνωνος
1412 4914 1505 4966 τοῦ
1556 4916 1855 4983 ἡγουμένου

2025 4922 2278 4980 Dicebant
2325 4927 2390 4982 de
2437 4929 2624 4984 abbate
2665 4922 2881 4986 Conone
2926 4932 3159 4988 antistite
3213 4942 3518 4991 monasterii

276 4992 374 5047 τοῦ
406 4995 740 5062 Πενθουκ).ἄ,
766 4999 848 5052 ὅτι
891 4999 982 5054 Ἐν
1018 5003 1115 5071 μιᾷ
1159 5002 1533 5074 ἀπερχομένου
1565 5005 1729 5059 αὐτοῦ
1764 5006 1855 5058 ἐπὶ

278 5084 451 5138 Βίτων
510 5088 665 5154 ἆγιον
691 5090 752 5141 τὸ
802 5092 1001 5160 χωρίον
1062 5075 1386 5164 ὑπήντησαν
1407 5096 1555 5165 αὐτῷ
1589 5097 1848 5167 Ἑϐραῖοι,

276 5176 372 5229 καὶ
425 5176 701 5250 ἠθέλησαν
761 5182 921 5236 αὐτὸν
968 5184 1225 5252 φονεῦσαι
1259 5202 1272 5216 ο
1329 5188 1424 5240 xui.
1444 5186 1850 5258 γυμνωσάντων

278 5267 458 5323 αὐτῶν
510 5271 581 5323 τὰ
629 5269 779 5342 ξίφη,
836 5272 1069 5345 ἔδραμον
1129 5277 1266 5347 πρὸς
1298 5277 1388 5329 τὸν
1439 5278 1691 5348 γέροντα,
1754 5283 1849 5335 καὶ

275 5357 698 5430 πλησιάσαντες,
726 5365 1005 5419 ἀνέτειναν
1042 5366 1138 5431 τὰς
1177 5371 1365 5438 χεῖρας
1409 5371 1590 5425 αὐτῶν
1623 5373 1715 5426 ἐπὶ
1774 5374 1850 5444 τῷ

270 5450 455 5507 δοῦναι
502 5454 655 5526 αὐτῷ
681 5471 695 5485 ⁶
761 5457 852 5509 καὶ
882 5457 1101 5527 ἔμειναν
1152 5463 1210 5513 αἱ
1238 5465 1416 5534 χεῖρες
1444 5464 1622 5519 αὐτῶν
1678 5468 1735 5519 ἐν
1773 5466 1850 5537 τῷ

275 5541 534 5612 μετεώρῳ
588 5545 854 5613 ἀκίνητοι.
922 5549 1031 5601 Καὶ
1088 5550 1343 5622 ἐποίησεν
1402 5554 1842 5624 αὐτοῖςὸγέρων

269 5632 453 5715 εὐχὴν,
500 5635 598 5688 καὶ
644 5635 883 5706 ἀπῆλθον
925 5640 1207 5710 χαίροντες
1262 5643 1356 5696 καὶ
1400 5644 1715 5709 δοξάζοντες
1750 5647 1842 5699 τὸν

270 5722 419 5780 Θεὸν.

1954 5011 2303 5081 Pentbucula,
2350 5019 2487 5086 quod
2530 5020 2613 5075 die
2643 5022 2868 5090 quadam
2900 5038 3017 5077 cum
3048 5024 3147 5077 iret
3178 5024 3515 5090 Betamarim,

1952 5102 2137 5159 obvios
2167 5104 2350 5161 habuit
2391 5109 2663 5166 Hebraaos.
2696 5112 2795 5180 Qui
2839 5128 2956 5168 cum
2986 5129 3105 5169 eum
3130 5115 3375 5171 occidere
3414 5116 3521 5170 vel-

1956 5191 2087 5263 lent,
2137 5194 2390 5253 districtis
2438 5200 2629 5270 gladiis
2667 5217 3014 5259 occurrerunt
3076 5213 3260 5260 contra
3313 5219 3539 5272 senem.,

1956 5278 2194 5351 Cumque
2220 5290 2749 5358 appropinquassent,
2786 5293 3157 5361 vibrarenlquc
3184 5296 3236 5349 in
3265 5308 3387 5349 eum
3415 5296 3525 5363 gla-

1942 5364 2075 5432 dios,
2104 5386 2291 5427 manus
2318 5390 2501 5430 eorum
2532 5377 2581 5430 in
2614 5379 2843 5435 sublime
2874 5398 3143 5452 sustseusre
3175 5390 3519 5457 perstiterunt

1944 5459 2264 5519 immobiles.
2299 5466 2454 5521 Facta
2484 5485 2609 5524 vero
2638 5474 2902 5539 oratione,
2947 5478 3103 5531 solvit
3127 5492 3218 5532 eos
3246 5494 3430 5550 senex,
3456 5490 3515 5535 et

1942 5553 2160 5609 dimisit.
2197 5557 2258 5611 Et
2292 5559 2531 5617 abierunt
2563 5568 2759 5634 gratias
2782 5580 2999 5637 agentes
3031 5570 3153 5624 Deo.
