  <div class='ocr_page' id='page_1' title='image "/cluster/home/n/w/nwhite01/storage/ocr_20150623/87 pt.3 1965/mdp.39015012172931/366.png"; bbox 0 0 4054 6252; ppageno 0'>
   <div class='ocr_carea' id='block_1_1' title="bbox 423 320 562 387">
    <p class='ocr_par' dir='ltr' id='par_1_1' title="bbox 423 320 562 387">
     <span class='ocr_line' id='line_1_1' title="bbox 423 320 562 387; baseline -0.014 0"><span class='ocrx_word' id='word_1_1' title='bbox 423 320 562 387; x_wconf 73' lang='grc'><strong>345⁸7</strong></span> 
     </span>
    </p>
   </div>
   <div class='ocr_carea' id='block_1_2' title="bbox 1436 311 2665 387">
    <p class='ocr_par' dir='ltr' id='par_1_2' title="bbox 1436 311 2665 387">
     <span class='ocr_line' id='line_1_2' title="bbox 1436 311 2665 387; baseline 0 -14"><span class='ocrx_word' id='word_1_2' title='bbox 1436 314 1538 373; x_wconf 89' lang='lat' dir='ltr'><strong>SS.</strong></span> <span class='ocrx_word' id='word_1_3' title='bbox 1579 312 1752 373; x_wconf 80' lang='lat' dir='ltr'><strong>CYRI</strong></span> <span class='ocrx_word' id='word_1_4' title='bbox 1780 313 1873 373; x_wconf 85' lang='lat' dir='ltr'><strong>ET</strong></span> <span class='ocrx_word' id='word_1_5' title='bbox 1903 311 2224 374; x_wconf 80' lang='lat' dir='ltr'><strong>JOANNIS</strong></span> <span class='ocrx_word' id='word_1_6' title='bbox 2255 313 2665 387; x_wconf 67' lang='lat' dir='ltr'><strong>MIRACULA.</strong></span> 
     </span>
    </p>
   </div>
   <div class='ocr_carea' id='block_1_3' title="bbox 3531 311 3673 376">
    <p class='ocr_par' dir='ltr' id='par_1_3' title="bbox 3531 311 3673 376">
     <span class='ocr_line' id='line_1_3' title="bbox 3531 311 3673 376; baseline -0.014 0"><span class='ocrx_word' id='word_1_7' title='bbox 3531 313 3592 376; x_wconf 76' lang='lat' dir='ltr'><strong>3i</strong></span> <span class='ocrx_word' id='word_1_8' title='bbox 3604 311 3673 374; x_wconf 70' lang='grc'><strong>58</strong></span> 
     </span>
    </p>
   </div>
   <div class='ocr_carea' id='block_1_4' title="bbox 424 419 2013 503">
    <p class='ocr_par' dir='ltr' id='par_1_4' title="bbox 424 419 1998 503">
     <span class='ocr_line' id='line_1_4' title="bbox 424 419 1998 503; baseline -0.008 -18"><span class='ocrx_word' id='word_1_9' title='bbox 424 427 907 503; x_wconf 83' lang='grc' dir='ltr'>μακροθυμοῦντος</span> <span class='ocrx_word' id='word_1_10' title='bbox 953 423 1040 478; x_wconf 70' lang='grc' dir='ltr'>ἀεὶ</span> <span class='ocrx_word' id='word_1_11' title='bbox 1073 423 1168 478; x_wconf 74' lang='grc' dir='ltr'><strong>καὶ</strong></span> <span class='ocrx_word' id='word_1_12' title='bbox 1211 420 1308 493; x_wconf 79' lang='grc' dir='ltr'>τὴν</span> <span class='ocrx_word' id='word_1_13' title='bbox 1343 419 1500 492; x_wconf 86' lang='grc' dir='ltr'>ήμῶν</span> <span class='ocrx_word' id='word_1_14' title='bbox 1536 420 1870 491; x_wconf 77' lang='grc' dir='ltr'>ἐπιστροφὴν</span> <span class='ocrx_word' id='word_1_15' title='bbox 1902 419 1998 473; x_wconf 73' lang='grc' dir='ltr'><strong>καὶ</strong></span> 
     </span>
    </p>
   </div>
   <div class='ocr_carea' id='block_1_5' title="bbox 2117 419 3673 503">
    <p class='ocr_par' dir='ltr' id='par_1_5' title="bbox 2117 421 3673 493">
     <span class='ocr_line' id='line_1_5' title="bbox 2117 421 3673 493; baseline 0.004 -20"><span class='ocrx_word' id='word_1_16' title='bbox 2117 421 2233 491; x_wconf 84' lang='lat' dir='ltr'><strong>igit,</strong></span> <span class='ocrx_word' id='word_1_17' title='bbox 2256 431 2311 477; x_wconf 90' lang='lat' dir='ltr'><strong>et</strong></span> <span class='ocrx_word' id='word_1_18' title='bbox 2337 423 2756 478; x_wconf 83' lang='lat' dir='ltr'><strong>conversionem</strong></span> <span class='ocrx_word' id='word_1_19' title='bbox 2791 421 3279 493; x_wconf 75' lang='lat' dir='ltr'><strong>pmnitentiamque</strong></span> <span class='ocrx_word' id='word_1_20' title='bbox 3309 429 3553 477; x_wconf 84' lang='lat' dir='ltr'><strong>nostram</strong></span> <span class='ocrx_word' id='word_1_21' title='bbox 3575 440 3673 479; x_wconf 79' lang='lat' dir='ltr'><strong>ex-</strong></span> 
     </span>
    </p>
   </div>
   <div class='ocr_carea' id='block_1_6' title="bbox 424 509 2002 592">
    <p class='ocr_par' dir='ltr' id='par_1_6' title="bbox 424 509 2002 592">
     <span class='ocr_line' id='line_1_6' title="bbox 424 509 2002 592; baseline -0.006 -17"><span class='ocrx_word' id='word_1_22' title='bbox 424 521 712 592; x_wconf 66' lang='lat' dir='ltr'><strong>pudvoww</strong></span> <span class='ocrx_word' id='word_1_23' title='bbox 737 518 1114 587; x_wconf 83' lang='grc' dir='ltr'>ἀναμένοντος.</span> <span class='ocrx_word' id='word_1_24' title='bbox 1136 513 1398 576; x_wconf 82' lang='grc' dir='ltr'>Ἐλεεινὸς</span> <span class='ocrx_word' id='word_1_25' title='bbox 1424 509 1649 583; x_wconf 73' lang='grc' dir='ltr'>οὖν,ὑπῆ</span> <span class='ocrx_word' id='word_1_26' title='bbox 1659 528 1781 582; x_wconf 88' lang='grc' dir='ltr'>ρχεν</span> <span class='ocrx_word' id='word_1_27' title='bbox 1809 511 2002 585; x_wconf 82' lang='grc' dir='ltr'>βλεπό-</span> 
     </span>
    </p>
   </div>
   <div class='ocr_carea' id='block_1_7' title="bbox 427 603 2001 681">
    <p class='ocr_par' dir='ltr' id='par_1_7' title="bbox 427 603 2001 681">
     <span class='ocr_line' id='line_1_7' title="bbox 427 603 2001 681; baseline -0.005 -17"><span class='ocrx_word' id='word_1_28' title='bbox 427 628 613 681; x_wconf 84' lang='grc' dir='ltr'><strong>μενος·</strong></span> <span class='ocrx_word' id='word_1_29' title='bbox 646 610 733 663; x_wconf 71' lang='grc' dir='ltr'><strong>καί</strong></span> <span class='ocrx_word' id='word_1_30' title='bbox 766 607 984 677; x_wconf 81' lang='grc' dir='ltr'><strong>γονεῦσι</strong></span> <span class='ocrx_word' id='word_1_31' title='bbox 1018 608 1115 677; x_wconf 80' lang='grc' dir='ltr'><strong>μὲν</strong></span> <span class='ocrx_word' id='word_1_32' title='bbox 1145 604 1439 676; x_wconf 79' lang='grc' dir='ltr'>προύκειτο</span> <span class='ocrx_word' id='word_1_33' title='bbox 1468 603 1745 675; x_wconf 71' lang='grc' dir='ltr'>συμφορὰ,</span> <span class='ocrx_word' id='word_1_34' title='bbox 1779 604 2001 671; x_wconf 72' lang='grc' dir='ltr'>γυναικὶ</span> 
     </span>
    </p>
   </div>
   <div class='ocr_carea' id='block_1_8' title="bbox 420 697 1998 785">
    <p class='ocr_par' dir='ltr' id='par_1_8' title="bbox 420 697 1998 785">
     <span class='ocr_line' id='line_1_8' title="bbox 420 697 1998 785; baseline -0.005 -29"><span class='ocrx_word' id='word_1_35' title='bbox 420 703 477 757; x_wconf 79' lang='grc' dir='ltr'><strong>δὲ</strong></span> <span class='ocrx_word' id='word_1_36' title='bbox 506 702 605 773; x_wconf 80' lang='grc' dir='ltr'>νέᾳ</span> <span class='ocrx_word' id='word_1_37' title='bbox 635 701 728 754; x_wconf 79' lang='grc' dir='ltr'><strong>καί</strong></span> <span class='ocrx_word' id='word_1_38' title='bbox 760 700 907 785; x_wconf 71' lang='grc' dir='ltr'>γένει</span> <span class='ocrx_word' id='word_1_39' title='bbox 937 698 1135 762; x_wconf 77' lang='grc' dir='ltr'>πένθος</span> <span class='ocrx_word' id='word_1_40' title='bbox 1177 698 1298 751; x_wconf 81' lang='grc' dir='ltr'>ἀντὶ</span> <span class='ocrx_word' id='word_1_41' title='bbox 1341 698 1515 767; x_wconf 84' lang='grc' dir='ltr'>χαρᾶς</span> <span class='ocrx_word' id='word_1_42' title='bbox 1565 697 1998 766; x_wconf 84' lang='grc' dir='ltr'>ἀπροσδόκητον’</span> 
     </span>
    </p>
   </div>
   <div class='ocr_carea' id='block_1_9' title="bbox 332 788 2002 862">
    <p class='ocr_par' dir='ltr' id='par_1_9' title="bbox 332 788 2002 862">
     <span class='ocr_line' id='line_1_9' title="bbox 332 788 2002 862; baseline -0.005 -13"><span class='ocrx_word' id='word_1_43' title='bbox 332 845 336 849; x_wconf 87' lang='grc'>.</span> <span class='ocrx_word' id='word_1_44' title='bbox 424 798 517 849; x_wconf 68' lang='grc' dir='ltr'>καὶ</span> <span class='ocrx_word' id='word_1_45' title='bbox 547 795 679 847; x_wconf 81' lang='grc' dir='ltr'>πᾶσι</span> <span class='ocrx_word' id='word_1_46' title='bbox 704 796 817 856; x_wconf 82' lang='grc' dir='ltr'>τοῖς</span> <span class='ocrx_word' id='word_1_47' title='bbox 848 791 1048 862; x_wconf 83' lang='grc' dir='ltr'><strong>ὁρῶσιν</strong></span> <span class='ocrx_word' id='word_1_48' title='bbox 1075 791 1345 845; x_wconf 71' lang='grc' dir='ltr'>οἴκτιστον</span> <span class='ocrx_word' id='word_1_49' title='bbox 1377 788 1579 859; x_wconf 83' lang='grc' dir='ltr'>θέαμα.</span> <span class='ocrx_word' id='word_1_50' title='bbox 1613 789 1748 841; x_wconf 72' lang='lat' dir='ltr'><strong>[loci</strong></span> <span class='ocrx_word' id='word_1_51' title='bbox 1776 788 1872 856; x_wconf 82' lang='grc' dir='ltr'>μὲν</span> <span class='ocrx_word' id='word_1_52' title='bbox 1892 789 2002 858; x_wconf 71' lang='grc' dir='ltr'>γὰρ</span> 
     </span>
    </p>
   </div>
   <div class='ocr_carea' id='block_1_10' title="bbox 421 880 2002 953">
    <p class='ocr_par' dir='ltr' id='par_1_10' title="bbox 421 880 2002 953">
     <span class='ocr_line' id='line_1_10' title="bbox 421 880 2002 953; baseline -0.001 -16"><span class='ocrx_word' id='word_1_53' title='bbox 421 886 596 937; x_wconf 83' lang='grc' dir='ltr'>ἄλλων</span> <span class='ocrx_word' id='word_1_54' title='bbox 629 884 893 953; x_wconf 77' lang='grc' dir='ltr'>ἐφέρετο,</span> <span class='ocrx_word' id='word_1_55' title='bbox 937 883 1031 936; x_wconf 69' lang='grc' dir='ltr'>καὶ</span> <span class='ocrx_word' id='word_1_56' title='bbox 1086 881 1273 952; x_wconf 69' lang='grc' dir='ltr'>χερσὶν</span> <span class='ocrx_word' id='word_1_57' title='bbox 1316 881 1518 951; x_wconf 81' lang='grc' dir='ltr'>ἐτέρων</span> <span class='ocrx_word' id='word_1_58' title='bbox 1568 880 1856 953; x_wconf 79' lang='grc' dir='ltr'>ἐκέχρητο,</span> <span class='ocrx_word' id='word_1_59' title='bbox 1905 883 2002 935; x_wconf 79' lang='grc' dir='ltr'>καὶ</span> 
     </span>
    </p>
   </div>
   <div class='ocr_carea' id='block_1_11' title="bbox 424 974 2003 1045">
    <p class='ocr_par' dir='ltr' id='par_1_11' title="bbox 424 974 2003 1045">
     <span class='ocr_line' id='line_1_11' title="bbox 424 974 2003 1045; baseline -0.002 -15"><span class='ocrx_word' id='word_1_60' title='bbox 424 977 599 1030; x_wconf 83' lang='grc' dir='ltr'>πάντα</span> <span class='ocrx_word' id='word_1_61' title='bbox 626 975 693 1028; x_wconf 87' lang='grc' dir='ltr'>δι’</span> <span class='ocrx_word' id='word_1_62' title='bbox 723 975 900 1030; x_wconf 84' lang='grc' dir='ltr'>ἄλλων</span> <span class='ocrx_word' id='word_1_63' title='bbox 930 975 1156 1045; x_wconf 83' lang='grc' dir='ltr'>ἐνήργει</span> <span class='ocrx_word' id='word_1_64' title='bbox 1187 974 1283 1028; x_wconf 69' lang='grc' dir='ltr'>καὶ</span> <span class='ocrx_word' id='word_1_65' title='bbox 1309 974 1581 1044; x_wconf 80' lang='grc' dir='ltr'>ἔπραττεν</span> <span class='ocrx_word' id='word_1_66' title='bbox 1611 974 1714 1029; x_wconf 82' lang='grc' dir='ltr'>ὅσα</span> <span class='ocrx_word' id='word_1_67' title='bbox 1749 976 1883 1039; x_wconf 97' lang='grc' dir='ltr'>Θεὸς</span> <span class='ocrx_word' id='word_1_68' title='bbox 1909 977 2003 1028; x_wconf 81' lang='grc' dir='ltr'><strong>ἀν-</strong></span> 
     </span>
    </p>
   </div>
   <div class='ocr_carea' id='block_1_12' title="bbox 422 1068 2003 1140">
    <p class='ocr_par' dir='ltr' id='par_1_12' title="bbox 422 1068 2003 1140">
     <span class='ocr_line' id='line_1_12' title="bbox 422 1068 2003 1140; baseline -0.001 -18"><span class='ocrx_word' id='word_1_69' title='bbox 422 1068 661 1140; x_wconf 81' lang='grc' dir='ltr'>θρώποις</span> <span class='ocrx_word' id='word_1_70' title='bbox 684 1068 750 1122; x_wconf 82' lang='grc' dir='ltr'>δι’</span> <span class='ocrx_word' id='word_1_71' title='bbox 783 1068 994 1122; x_wconf 80' lang='grc' dir='ltr'>ἑαυτῶν</span> <span class='ocrx_word' id='word_1_72' title='bbox 1019 1069 1193 1121; x_wconf 85' lang='grc' dir='ltr'>ποιεῖν</span> <span class='ocrx_word' id='word_1_73' title='bbox 1232 1068 1575 1140; x_wconf 80' lang='grc' dir='ltr'>ἐδωρήσατο·</span> <span class='ocrx_word' id='word_1_74' title='bbox 1610 1068 1808 1138; x_wconf 81' lang='grc' dir='ltr'>ἰατρῶν</span> <span class='ocrx_word' id='word_1_75' title='bbox 1836 1069 1891 1122; x_wconf 85' lang='grc' dir='ltr'>δὲ</span> <span class='ocrx_word' id='word_1_76' title='bbox 1912 1069 2003 1121; x_wconf 79' lang='grc' dir='ltr'>ού-</span> 
     </span>
    </p>
   </div>
   <div class='ocr_carea' id='block_1_13' title="bbox 419 1159 2005 1233">
    <p class='ocr_par' dir='ltr' id='par_1_13' title="bbox 419 1159 2005 1233">
     <span class='ocr_line' id='line_1_13' title="bbox 419 1159 2005 1233; baseline -0.001 -19"><span class='ocrx_word' id='word_1_77' title='bbox 419 1161 531 1224; x_wconf 76' lang='grc' dir='ltr'>δεὶς</span> <span class='ocrx_word' id='word_1_78' title='bbox 563 1160 657 1214; x_wconf 82' lang='grc' dir='ltr'><strong>τοῦ</strong></span> <span class='ocrx_word' id='word_1_79' title='bbox 708 1159 915 1223; x_wconf 80' lang='grc' dir='ltr'>πάθους</span> <span class='ocrx_word' id='word_1_80' title='bbox 952 1160 1116 1213; x_wconf 86' lang='grc' dir='ltr'>αὐτὸν</span> <span class='ocrx_word' id='word_1_81' title='bbox 1153 1159 1387 1229; x_wconf 77' lang='grc' dir='ltr'>ἠδύνατο</span> <span class='ocrx_word' id='word_1_82' title='bbox 1437 1160 1727 1233; x_wconf 74' lang='grc' dir='ltr'>ῥύσασθαι,</span> <span class='ocrx_word' id='word_1_83' title='bbox 1757 1161 1819 1213; x_wconf 83' lang='grc' dir='ltr'><strong>ού</strong></span> <span class='ocrx_word' id='word_1_84' title='bbox 1864 1160 2005 1214; x_wconf 91' lang='grc' dir='ltr'>διαί-</span> 
     </span>
    </p>
   </div>
   <div class='ocr_carea' id='block_1_14' title="bbox 422 1242 1999 1322">
    <p class='ocr_par' dir='ltr' id='par_1_14' title="bbox 422 1242 1999 1322">
     <span class='ocr_line' id='line_1_14' title="bbox 422 1242 1999 1322; baseline 0.001 -17"><span class='ocrx_word' id='word_1_85' title='bbox 422 1270 565 1318; x_wconf 82' lang='grc' dir='ltr'>ταις,</span> <span class='ocrx_word' id='word_1_86' title='bbox 598 1253 696 1306; x_wconf 74' lang='grc' dir='ltr'><strong>οὐκ</strong></span> <span class='ocrx_word' id='word_1_87' title='bbox 728 1252 1042 1317; x_wconf 83' lang='grc' dir='ltr'>ἀντιδότοις,</span> <span class='ocrx_word' id='word_1_88' title='bbox 1079 1251 1178 1305; x_wconf 81' lang='grc' dir='ltr'><strong>οὐκ</strong></span> <span class='ocrx_word' id='word_1_89' title='bbox 1201 1242 1526 1322; x_wconf 72' lang='grc' dir='ltr'>ἐπαλλήλοις</span> <span class='ocrx_word' id='word_1_90' title='bbox 1559 1252 1915 1322; x_wconf 80' lang='grc' dir='ltr'>ἀλείμμασιν,</span> <span class='ocrx_word' id='word_1_91' title='bbox 1939 1254 1999 1306; x_wconf 88' lang='grc' dir='ltr'><strong>ού</strong></span> 
     </span>
    </p>
   </div>
   <div class='ocr_carea' id='block_1_15' title="bbox 423 1343 2004 1417">
    <p class='ocr_par' dir='ltr' id='par_1_15' title="bbox 423 1343 2004 1417">
     <span class='ocr_line' id='line_1_15' title="bbox 423 1343 2004 1417; baseline -0.002 -18"><span class='ocrx_word' id='word_1_92' title='bbox 423 1345 785 1407; x_wconf 74' lang='grc' dir='ltr'>παντοδαποῖς</span> <span class='ocrx_word' id='word_1_93' title='bbox 835 1343 1177 1416; x_wconf 84' lang='grc' dir='ltr'>βοηθήμασιν</span> <span class='ocrx_word' id='word_1_94' title='bbox 1202 1357 1217 1373; x_wconf 84' lang='lat'><strong><em>°</em></strong></span> <span class='ocrx_word' id='word_1_95' title='bbox 1249 1344 1364 1397; x_wconf 81' lang='grc' dir='ltr'>ἀλλ’</span> <span class='ocrx_word' id='word_1_96' title='bbox 1401 1344 1541 1398; x_wconf 86' lang='grc' dir='ltr'>ὅλων</span> <span class='ocrx_word' id='word_1_97' title='bbox 1584 1344 1791 1399; x_wconf 89' lang='grc' dir='ltr'>τούτων</span> <span class='ocrx_word' id='word_1_98' title='bbox 1821 1345 2004 1417; x_wconf 84' lang='grc' dir='ltr'>ὑπῆρ-</span> 
     </span>
    </p>
   </div>
   <div class='ocr_carea' id='block_1_16' title="bbox 422 1436 2003 1509">
    <p class='ocr_par' dir='ltr' id='par_1_16' title="bbox 422 1436 2003 1509">
     <span class='ocr_line' id='line_1_16' title="bbox 422 1436 2003 1509; baseline -0.001 -17"><span class='ocrx_word' id='word_1_99' title='bbox 422 1456 514 1509; x_wconf 88' lang='grc' dir='ltr'><strong>χεν</strong></span> <span class='ocrx_word' id='word_1_100' title='bbox 538 1438 601 1490; x_wconf 89' lang='grc' dir='ltr'><strong>τὸ</strong></span> <span class='ocrx_word' id='word_1_101' title='bbox 644 1437 812 1500; x_wconf 81' lang='grc' dir='ltr'>πάθος</span> <span class='ocrx_word' id='word_1_102' title='bbox 844 1437 1137 1506; x_wconf 79' lang='grc' dir='ltr'>ἀνώτερον,</span> <span class='ocrx_word' id='word_1_103' title='bbox 1170 1436 1486 1508; x_wconf 75' lang='grc' dir='ltr'>ἀνθρωπεία</span> <span class='ocrx_word' id='word_1_104' title='bbox 1518 1438 1663 1508; x_wconf 74' lang='grc' dir='ltr'>χειρὶ</span> <span class='ocrx_word' id='word_1_105' title='bbox 1707 1440 1866 1508; x_wconf 85' lang='grc' dir='ltr'>χεῖρα</span> <span class='ocrx_word' id='word_1_106' title='bbox 1896 1455 2003 1490; x_wconf 87' lang='grc' dir='ltr'>πα-</span> 
     </span>
    </p>
   </div>
   <div class='ocr_carea' id='block_1_17' title="bbox 425 1528 1512 1601">
    <p class='ocr_par' dir='ltr' id='par_1_17' title="bbox 425 1528 1512 1601">
     <span class='ocr_line' id='line_1_17' title="bbox 425 1528 1512 1601; baseline 0.001 -19"><span class='ocrx_word' id='word_1_107' title='bbox 425 1531 646 1601; x_wconf 84' lang='grc' dir='ltr'>ρασχεῖν</span> <span class='ocrx_word' id='word_1_108' title='bbox 673 1530 747 1600; x_wconf 85' lang='grc' dir='ltr'>μὴ</span> <span class='ocrx_word' id='word_1_109' title='bbox 773 1528 930 1599; x_wconf 84' lang='grc' dir='ltr'>βουλό</span> <span class='ocrx_word' id='word_1_110' title='bbox 938 1546 1120 1599; x_wconf 91' lang='grc' dir='ltr'>μενον.</span> <span class='ocrx_word' id='word_1_111' title='bbox 1509 1569 1512 1573; x_wconf 66' lang='lat'><strong>.</strong></span> 
     </span>
    </p>
   </div>
   <div class='ocr_carea' id='block_1_18' title="bbox 493 1617 2004 1689">
    <p class='ocr_par' dir='ltr' id='par_1_18' title="bbox 493 1617 2004 1689">
     <span class='ocr_line' id='line_1_18' title="bbox 493 1617 2004 1689; baseline 0.001 -18"><span class='ocrx_word' id='word_1_112' title='bbox 493 1618 670 1688; x_wconf 84' lang='grc' dir='ltr'>Ὅπερ</span> <span class='ocrx_word' id='word_1_113' title='bbox 697 1620 747 1671; x_wconf 87' lang='grc' dir='ltr'>οἱ</span> <span class='ocrx_word' id='word_1_114' title='bbox 777 1621 955 1686; x_wconf 80' lang='grc' dir='ltr'>γονεῖς</span> <span class='ocrx_word' id='word_1_115' title='bbox 987 1617 1337 1689; x_wconf 79' lang='grc' dir='ltr'>θεασάμενοι,</span> <span class='ocrx_word' id='word_1_116' title='bbox 1385 1619 1480 1672; x_wconf 76' lang='grc' dir='ltr'><strong>ἐπὶ</strong></span> <span class='ocrx_word' id='word_1_117' title='bbox 1527 1618 1664 1672; x_wconf 83' lang='grc' dir='ltr'>Θεὸν</span> <span class='ocrx_word' id='word_1_118' title='bbox 1721 1620 1815 1673; x_wconf 76' lang='grc' dir='ltr'><strong>καὶ</strong></span> <span class='ocrx_word' id='word_1_119' title='bbox 1876 1621 2004 1683; x_wconf 79' lang='grc' dir='ltr'>τοὺς</span> 
     </span>
    </p>
   </div>
   <div class='ocr_carea' id='block_1_19' title="bbox 425 1709 2005 1783">
    <p class='ocr_par' dir='ltr' id='par_1_19' title="bbox 425 1709 2005 1783">
     <span class='ocr_line' id='line_1_19' title="bbox 425 1709 2005 1783; baseline 0 -20"><span class='ocrx_word' id='word_1_120' title='bbox 425 1709 713 1780; x_wconf 82' lang='grc' dir='ltr'>μάρτυρας</span> <span class='ocrx_word' id='word_1_121' title='bbox 782 1709 1256 1777; x_wconf 80' lang='grc' dir='ltr'>καταφεύγουσιν,</span> <span class='ocrx_word' id='word_1_122' title='bbox 1312 1711 1525 1782; x_wconf 82' lang='grc' dir='ltr'>χαίρειν</span> <span class='ocrx_word' id='word_1_123' title='bbox 1583 1712 1682 1781; x_wconf 84' lang='grc' dir='ltr'><strong>μὲν</strong></span> <span class='ocrx_word' id='word_1_124' title='bbox 1741 1712 2005 1783; x_wconf 74' lang='grc' dir='ltr'>ἰατρικοῖς</span> 
     </span>
    </p>
   </div>
   <div class='ocr_carea' id='block_1_20' title="bbox 2101 512 3673 584">
    <p class='ocr_par' dir='ltr' id='par_1_20' title="bbox 2101 512 3673 584">
     <span class='ocr_line' id='line_1_20' title="bbox 2101 512 3673 584; baseline 0 -16"><span class='ocrx_word' id='word_1_125' title='bbox 2101 521 2332 583; x_wconf 86' lang='lat' dir='ltr'><strong>spectat.</strong></span> <span class='ocrx_word' id='word_1_126' title='bbox 2363 512 2529 567; x_wconf 82' lang='lat' dir='ltr'><strong>Miser</strong></span> <span class='ocrx_word' id='word_1_127' title='bbox 2560 528 2690 582; x_wconf 90' lang='lat' dir='ltr'><strong>ergo</strong></span> <span class='ocrx_word' id='word_1_128' title='bbox 2721 522 2840 567; x_wconf 89' lang='lat' dir='ltr'><strong>erat</strong></span> <span class='ocrx_word' id='word_1_129' title='bbox 2863 512 2990 567; x_wconf 91' lang='lat' dir='ltr'><strong>dum</strong></span> <span class='ocrx_word' id='word_1_130' title='bbox 3015 516 3453 584; x_wconf 79' lang='lat' dir='ltr'><strong>conSpieeretur;</strong></span> <span class='ocrx_word' id='word_1_131' title='bbox 3479 523 3533 568; x_wconf 86' lang='lat' dir='ltr'><strong>et</strong></span> <span class='ocrx_word' id='word_1_132' title='bbox 3574 529 3673 583; x_wconf 84' lang='lat' dir='ltr'><strong>pa-</strong></span> 
     </span>
    </p>
   </div>
   <div class='ocr_carea' id='block_1_21' title="bbox 2103 600 3673 677">
    <p class='ocr_par' dir='ltr' id='par_1_21' title="bbox 2103 600 3673 677">
     <span class='ocr_line' id='line_1_21' title="bbox 2103 600 3673 677; baseline 0.001 -14"><span class='ocrx_word' id='word_1_133' title='bbox 2103 600 2350 663; x_wconf 81' lang='lat' dir='ltr'><strong>rentibus</strong></span> <span class='ocrx_word' id='word_1_134' title='bbox 2381 608 2601 677; x_wconf 84' lang='lat' dir='ltr'><strong>quidem</strong></span> <span class='ocrx_word' id='word_1_135' title='bbox 2631 609 2917 664; x_wconf 78' lang='lat' dir='ltr'><strong>calamitas</strong></span> <span class='ocrx_word' id='word_1_136' title='bbox 2951 608 3147 673; x_wconf 83' lang='lat' dir='ltr'><strong>inerat,</strong></span> <span class='ocrx_word' id='word_1_137' title='bbox 3183 611 3339 663; x_wconf 75' lang='lat' dir='ltr'><strong>uxori</strong></span> <span class='ocrx_word' id='word_1_138' title='bbox 3364 619 3543 663; x_wconf 85' lang='lat' dir='ltr'><strong>autem</strong></span> <span class='ocrx_word' id='word_1_139' title='bbox 3574 626 3673 665; x_wconf 58' lang='lat' dir='ltr'><strong>no.</strong></span> 
     </span>
    </p>
   </div>
   <div class='ocr_carea' id='block_1_22' title="bbox 2099 699 3669 771">
    <p class='ocr_par' dir='ltr' id='par_1_22' title="bbox 2099 699 3669 771">
     <span class='ocr_line' id='line_1_22' title="bbox 2099 699 3669 771; baseline 0 -17"><span class='ocrx_word' id='word_1_140' title='bbox 2099 715 2180 754; x_wconf 74' lang='lat' dir='ltr'><strong>vae</strong></span> <span class='ocrx_word' id='word_1_141' title='bbox 2214 714 2274 753; x_wconf 90' lang='lat' dir='ltr'><strong>ac</strong></span> <span class='ocrx_word' id='word_1_142' title='bbox 2307 700 2493 770; x_wconf 80' lang='lat' dir='ltr'><strong>generi</strong></span> <span class='ocrx_word' id='word_1_143' title='bbox 2539 700 2856 770; x_wconf 77' lang='lat' dir='ltr'><strong>inepinatus</strong></span> <span class='ocrx_word' id='word_1_144' title='bbox 2885 715 2982 771; x_wconf 89' lang='lat' dir='ltr'><strong>pro</strong></span> <span class='ocrx_word' id='word_1_145' title='bbox 3029 699 3229 771; x_wconf 88' lang='lat' dir='ltr'><strong>gaudio</strong></span> <span class='ocrx_word' id='word_1_146' title='bbox 3288 700 3492 759; x_wconf 88' lang='lat' dir='ltr'><strong>luctus.</strong></span> <span class='ocrx_word' id='word_1_147' title='bbox 3529 714 3669 755; x_wconf 87' lang='lat' dir='ltr'><strong>cun-</strong></span> 
     </span>
    </p>
   </div>
   <div class='ocr_carea' id='block_1_23' title="bbox 2101 790 3674 860">
    <p class='ocr_par' dir='ltr' id='par_1_23' title="bbox 2101 790 3674 860">
     <span class='ocr_line' id='line_1_23' title="bbox 2101 790 3674 860; baseline 0 -16"><span class='ocrx_word' id='word_1_148' title='bbox 2101 791 2319 860; x_wconf 87' lang='lat' dir='ltr'><strong>ctisque</strong></span> <span class='ocrx_word' id='word_1_149' title='bbox 2351 790 2662 845; x_wconf 86' lang='lat' dir='ltr'><strong>videntibus</strong></span> <span class='ocrx_word' id='word_1_150' title='bbox 2708 791 3076 846; x_wconf 88' lang='lat' dir='ltr'><strong>miserandum</strong></span> <span class='ocrx_word' id='word_1_151' title='bbox 3114 792 3513 860; x_wconf 75' lang='lat' dir='ltr'><strong>spertaculum;</strong></span> <span class='ocrx_word' id='word_1_152' title='bbox 3549 804 3674 845; x_wconf 89' lang='lat' dir='ltr'><strong>nam</strong></span> 
     </span>
    </p>
   </div>
   <div class='ocr_carea' id='block_1_24' title="bbox 2100 870 3673 950">
    <p class='ocr_par' dir='ltr' id='par_1_24' title="bbox 2100 870 3673 950">
     <span class='ocr_line' id='line_1_24' title="bbox 2100 870 3673 950; baseline 0.001 -15"><span class='ocrx_word' id='word_1_153' title='bbox 2100 870 2334 950; x_wconf 80' lang='lat' dir='ltr'><strong>pedibus</strong></span> <span class='ocrx_word' id='word_1_154' title='bbox 2360 889 2414 936; x_wconf 90' lang='lat' dir='ltr'><strong>et</strong></span> <span class='ocrx_word' id='word_1_155' title='bbox 2444 882 2699 937; x_wconf 90' lang='lat' dir='ltr'><strong>manibus</strong></span> <span class='ocrx_word' id='word_1_156' title='bbox 2753 882 2984 935; x_wconf 89' lang='lat' dir='ltr'><strong>aliorum</strong></span> <span class='ocrx_word' id='word_1_157' title='bbox 3017 882 3295 947; x_wconf 86' lang='lat' dir='ltr'><strong>utebatur,</strong></span> <span class='ocrx_word' id='word_1_158' title='bbox 3323 881 3673 944; x_wconf 79' lang='lat' dir='ltr'><strong>eﬂ&#39;erebatur,</strong></span> 
     </span>
    </p>
   </div>
   <div class='ocr_carea' id='block_1_25' title="bbox 2101 968 3676 1038">
    <p class='ocr_par' dir='ltr' id='par_1_25' title="bbox 2101 968 3676 1038">
     <span class='ocr_line' id='line_1_25' title="bbox 2101 968 3676 1038; baseline -0.003 -16"><span class='ocrx_word' id='word_1_159' title='bbox 2101 978 2155 1022; x_wconf 90' lang='lat' dir='ltr'><strong>et</strong></span> <span class='ocrx_word' id='word_1_160' title='bbox 2183 970 2367 1023; x_wconf 91' lang='lat' dir='ltr'><strong>omnia</strong></span> <span class='ocrx_word' id='word_1_161' title='bbox 2426 983 2522 1038; x_wconf 90' lang='lat' dir='ltr'><strong>per</strong></span> <span class='ocrx_word' id='word_1_162' title='bbox 2556 969 2694 1023; x_wconf 89' lang='lat' dir='ltr'><strong>alios</strong></span> <span class='ocrx_word' id='word_1_163' title='bbox 2749 979 3008 1035; x_wconf 81' lang='lat' dir='ltr'><strong>operatus</strong></span> <span class='ocrx_word' id='word_1_164' title='bbox 3065 968 3293 1038; x_wconf 79' lang='lat' dir='ltr'><strong>agebat,</strong></span> <span class='ocrx_word' id='word_1_165' title='bbox 3331 981 3676 1037; x_wconf 66' lang='lat' dir='ltr'><strong>quaecunque</strong></span> 
     </span>
    </p>
   </div>
   <div class='ocr_carea' id='block_1_26' title="bbox 2102 1057 3677 1129">
    <p class='ocr_par' dir='ltr' id='par_1_26' title="bbox 2102 1057 3677 1129">
     <span class='ocr_line' id='line_1_26' title="bbox 2102 1057 3677 1129; baseline -0.003 -18"><span class='ocrx_word' id='word_1_166' title='bbox 2102 1057 2247 1114; x_wconf 88' lang='lat' dir='ltr'><strong>Deus</strong></span> <span class='ocrx_word' id='word_1_167' title='bbox 2280 1058 2592 1113; x_wconf 89' lang='lat' dir='ltr'><strong>hominibus</strong></span> <span class='ocrx_word' id='word_1_168' title='bbox 2616 1074 2709 1126; x_wconf 90' lang='lat' dir='ltr'><strong>per</strong></span> <span class='ocrx_word' id='word_1_169' title='bbox 2726 1074 2786 1114; x_wconf 88' lang='lat' dir='ltr'><strong>se</strong></span> <span class='ocrx_word' id='word_1_170' title='bbox 2816 1060 2960 1129; x_wconf 89' lang='lat' dir='ltr'><strong>ipsos</strong></span> <span class='ocrx_word' id='word_1_171' title='bbox 2987 1059 3231 1113; x_wconf 78' lang='lat' dir='ltr'><strong>facienda</strong></span> <span class='ocrx_word' id='word_1_172' title='bbox 3259 1057 3521 1112; x_wconf 83' lang='lat' dir='ltr'><strong>donarit:</strong></span> <span class='ocrx_word' id='word_1_173' title='bbox 3558 1071 3677 1109; x_wconf 81' lang='lat' dir='ltr'><strong>me-</strong></span> 
     </span>
    </p>
   </div>
   <div class='ocr_carea' id='block_1_27' title="bbox 2100 1149 3680 1218">
    <p class='ocr_par' dir='ltr' id='par_1_27' title="bbox 2100 1149 3680 1218">
     <span class='ocr_line' id='line_1_27' title="bbox 2100 1149 3680 1218; baseline -0.003 -14"><span class='ocrx_word' id='word_1_174' title='bbox 2100 1150 2351 1205; x_wconf 90' lang='lat' dir='ltr'><strong>dicorum</strong></span> <span class='ocrx_word' id='word_1_175' title='bbox 2420 1158 2600 1204; x_wconf 88' lang='lat' dir='ltr'><strong>autem</strong></span> <span class='ocrx_word' id='word_1_176' title='bbox 2655 1150 2842 1205; x_wconf 92' lang='lat' dir='ltr'><strong>nullus</strong></span> <span class='ocrx_word' id='word_1_177' title='bbox 2902 1165 3027 1204; x_wconf 89' lang='lat' dir='ltr'><strong>eum</strong></span> <span class='ocrx_word' id='word_1_178' title='bbox 3075 1163 3105 1202; x_wconf 88' lang='lat' dir='ltr'><strong>a</strong></span> <span class='ocrx_word' id='word_1_179' title='bbox 3156 1149 3412 1218; x_wconf 73' lang='lat' dir='ltr'><strong>passione</strong></span> <span class='ocrx_word' id='word_1_180' title='bbox 3469 1153 3680 1216; x_wconf 78' lang='lat' dir='ltr'><strong>poterat</strong></span> 
     </span>
    </p>
   </div>
   <div class='ocr_carea' id='block_1_28' title="bbox 2103 1238 3681 1308">
    <p class='ocr_par' dir='ltr' id='par_1_28' title="bbox 2103 1238 3681 1308">
     <span class='ocr_line' id='line_1_28' title="bbox 2103 1238 3681 1308; baseline -0.002 -12"><span class='ocrx_word' id='word_1_181' title='bbox 2103 1242 2503 1308; x_wconf 29' lang='lat' dir='ltr'><strong>liberare,.,non</strong></span> <span class='ocrx_word' id='word_1_182' title='bbox 2536 1240 2733 1303; x_wconf 76' lang='lat' dir='ltr'><strong>diaetis,</strong></span> <span class='ocrx_word' id='word_1_183' title='bbox 2779 1255 2890 1295; x_wconf 90' lang='lat' dir='ltr'><strong>non</strong></span> <span class='ocrx_word' id='word_1_184' title='bbox 2913 1239 3200 1305; x_wconf 89' lang='lat' dir='ltr'><strong>antidotis,</strong></span> <span class='ocrx_word' id='word_1_185' title='bbox 3233 1246 3328 1292; x_wconf 84' lang='lat' dir='ltr'><strong>aut</strong></span> <span class='ocrx_word' id='word_1_186' title='bbox 3371 1239 3493 1292; x_wconf 83' lang='lat' dir='ltr'><strong>aliis</strong></span> <span class='ocrx_word' id='word_1_187' title='bbox 3527 1238 3681 1293; x_wconf 87' lang='lat' dir='ltr'><strong>aliis-</strong></span> 
     </span>
    </p>
   </div>
   <div class='ocr_carea' id='block_1_29' title="bbox 2104 1328 3682 1401">
    <p class='ocr_par' dir='ltr' id='par_1_29' title="bbox 2104 1328 3682 1401">
     <span class='ocr_line' id='line_1_29' title="bbox 2104 1328 3682 1401; baseline -0.001 -16"><span class='ocrx_word' id='word_1_188' title='bbox 2104 1346 2212 1401; x_wconf 88' lang='lat' dir='ltr'><strong>que</strong></span> <span class='ocrx_word' id='word_1_189' title='bbox 2235 1330 2556 1400; x_wconf 81' lang='lat' dir='ltr'><strong>unguentis,</strong></span> <span class='ocrx_word' id='word_1_190' title='bbox 2591 1331 2674 1384; x_wconf 92' lang='lat' dir='ltr'><strong>vel</strong></span> <span class='ocrx_word' id='word_1_191' title='bbox 2705 1331 2943 1386; x_wconf 88' lang='lat' dir='ltr'><strong>diversis</strong></span> <span class='ocrx_word' id='word_1_192' title='bbox 2975 1329 3396 1398; x_wconf 83' lang='lat' dir='ltr'><strong>adjuvamentis.</strong></span> <span class='ocrx_word' id='word_1_193' title='bbox 3448 1328 3552 1383; x_wconf 80' lang='lat' dir='ltr'><strong>Sed</strong></span> <span class='ocrx_word' id='word_1_194' title='bbox 3594 1328 3682 1383; x_wconf 92' lang='lat' dir='ltr'><strong>his</strong></span> 
     </span>
    </p>
   </div>
   <div class='ocr_carea' id='block_1_30' title="bbox 2103 1421 3685 1493">
    <p class='ocr_par' dir='ltr' id='par_1_30' title="bbox 2103 1421 3685 1493">
     <span class='ocr_line' id='line_1_30' title="bbox 2103 1421 3685 1493; baseline -0.003 -16"><span class='ocrx_word' id='word_1_195' title='bbox 2103 1424 2364 1477; x_wconf 90' lang='lat' dir='ltr'><strong>omnibus</strong></span> <span class='ocrx_word' id='word_1_196' title='bbox 2399 1424 2583 1492; x_wconf 88' lang='lat' dir='ltr'><strong>passio</strong></span> <span class='ocrx_word' id='word_1_197' title='bbox 2634 1424 2817 1493; x_wconf 89' lang='lat' dir='ltr'><strong>potior</strong></span> <span class='ocrx_word' id='word_1_198' title='bbox 2847 1429 2989 1488; x_wconf 91' lang='lat' dir='ltr'><strong>erat,</strong></span> <span class='ocrx_word' id='word_1_199' title='bbox 3056 1422 3309 1475; x_wconf 75' lang='lat' dir='ltr'><strong>humanae</strong></span> <span class='ocrx_word' id='word_1_200' title='bbox 3345 1421 3528 1474; x_wconf 88' lang='lat' dir='ltr'><strong>manui</strong></span> <span class='ocrx_word' id='word_1_201' title='bbox 3568 1434 3685 1474; x_wconf 90' lang='lat' dir='ltr'><strong>ma-</strong></span> 
     </span>
    </p>
   </div>
   <div class='ocr_carea' id='block_1_31' title="bbox 2104 1517 2900 1586">
    <p class='ocr_par' dir='ltr' id='par_1_31' title="bbox 2104 1517 2900 1586">
     <span class='ocr_line' id='line_1_31' title="bbox 2104 1517 2900 1586; baseline -0.003 -15"><span class='ocrx_word' id='word_1_202' title='bbox 2104 1533 2234 1571; x_wconf 87' lang='lat' dir='ltr'><strong>num</strong></span> <span class='ocrx_word' id='word_1_203' title='bbox 2270 1518 2512 1586; x_wconf 84' lang='lat' dir='ltr'><strong>praebere</strong></span> <span class='ocrx_word' id='word_1_204' title='bbox 2554 1532 2660 1571; x_wconf 88' lang='lat' dir='ltr'><strong>non</strong></span> <span class='ocrx_word' id='word_1_205' title='bbox 2692 1517 2900 1571; x_wconf 89' lang='lat' dir='ltr'><strong>volens.</strong></span> 
     </span>
    </p>
   </div>
   <div class='ocr_carea' id='block_1_32' title="bbox 2177 1595 3748 1678">
    <p class='ocr_par' dir='ltr' id='par_1_32' title="bbox 2177 1595 3748 1678">
     <span class='ocr_line' id='line_1_32' title="bbox 2177 1595 3748 1678; baseline -0.004 -15"><span class='ocrx_word' id='word_1_206' title='bbox 2177 1609 2334 1674; x_wconf 84' lang='lat' dir='ltr'><strong>Quod</strong></span> <span class='ocrx_word' id='word_1_207' title='bbox 2372 1616 2629 1678; x_wconf 87' lang='lat' dir='ltr'><strong>parentes</strong></span> <span class='ocrx_word' id='word_1_208' title='bbox 2659 1608 2959 1668; x_wconf 86' lang='lat' dir='ltr'><strong>intuentes,</strong></span> <span class='ocrx_word' id='word_1_209' title='bbox 2992 1606 3057 1660; x_wconf 88' lang='lat' dir='ltr'><strong>ad</strong></span> <span class='ocrx_word' id='word_1_210' title='bbox 3096 1607 3266 1661; x_wconf 90' lang='lat' dir='ltr'><strong>Deum</strong></span> <span class='ocrx_word' id='word_1_211' title='bbox 3297 1613 3351 1660; x_wconf 88' lang='lat' dir='ltr'><strong>et</strong></span> <span class='ocrx_word' id='word_1_212' title='bbox 3377 1595 3444 1658; x_wconf 90' lang='lat' dir='ltr'><strong>ad</strong></span> <span class='ocrx_word' id='word_1_213' title='bbox 3477 1615 3683 1675; x_wconf 72' lang='lat' dir='ltr'><strong>marty-</strong></span> <span class='ocrx_word' id='word_1_214' title='bbox 3743 1608 3748 1613; x_wconf 82' lang='lat'>&#39;</span> 
     </span>
    </p>
   </div>
   <div class='ocr_carea' id='block_1_33' title="bbox 2107 1695 3687 1768">
    <p class='ocr_par' dir='ltr' id='par_1_33' title="bbox 2107 1695 3687 1768">
     <span class='ocr_line' id='line_1_33' title="bbox 2107 1695 3687 1768; baseline -0.002 -15"><span class='ocrx_word' id='word_1_215' title='bbox 2107 1715 2199 1754; x_wconf 87' lang='lat' dir='ltr'><strong>res</strong></span> <span class='ocrx_word' id='word_1_216' title='bbox 2250 1699 2491 1768; x_wconf 69' lang='lat' dir='ltr'><strong>fugiunt,</strong></span> <span class='ocrx_word' id='word_1_217' title='bbox 2531 1707 2686 1752; x_wconf 80' lang='lat' dir='ltr'><strong>avete</strong></span> <span class='ocrx_word' id='word_1_218' title='bbox 2724 1698 2945 1768; x_wconf 85' lang='lat' dir='ltr'><strong>quidem</strong></span> <span class='ocrx_word' id='word_1_219' title='bbox 3019 1697 3251 1752; x_wconf 87' lang='lat' dir='ltr'><strong>medicis</strong></span> <span class='ocrx_word' id='word_1_220' title='bbox 3311 1695 3687 1765; x_wconf 80' lang='lat' dir='ltr'><strong>pramuutian-</strong></span> 
     </span>
    </p>
   </div>
   <div class='ocr_carea' id='block_1_34' title="bbox 427 1778 2013 1874">
    <p class='ocr_par' dir='ltr' id='par_1_34' title="bbox 427 1778 2002 1874">
     <span class='ocr_line' id='line_1_34' title="bbox 427 1778 2002 1874; baseline 0.003 -21"><span class='ocrx_word' id='word_1_221' title='bbox 427 1778 788 1872; x_wconf 77' lang='grc' dir='ltr'>βοηθήμασιν,</span> <span class='ocrx_word' id='word_1_222' title='bbox 818 1802 915 1855; x_wconf 76' lang='grc' dir='ltr'><strong>καὶ</strong></span> <span class='ocrx_word' id='word_1_223' title='bbox 965 1801 1119 1855; x_wconf 80' lang='grc' dir='ltr'>θείαν</span> <span class='ocrx_word' id='word_1_224' title='bbox 1151 1778 1378 1873; x_wconf 58' lang='grc' dir='ltr'>ἀρωγήν</span> <span class='ocrx_word' id='word_1_225' title='bbox 1410 1778 1783 1874; x_wconf 71' lang='grc' dir='ltr'>ανθελόμενοι.</span> <span class='ocrx_word' id='word_1_226' title='bbox 1833 1778 1900 1857; x_wconf 66' lang='lat' dir='ltr'><strong>bi</strong></span> <span class='ocrx_word' id='word_1_227' title='bbox 1946 1803 2002 1857; x_wconf 83' lang='grc' dir='ltr'>δὲ</span> 
     </span>
    </p>
   </div>
   <div class='ocr_carea' id='block_1_35' title="bbox 2117 1778 3687 1874">
    <p class='ocr_par' dir='ltr' id='par_1_35' title="bbox 2117 1787 3687 1854">
     <span class='ocr_line' id='line_1_35' title="bbox 2117 1787 3687 1854; baseline -0.001 -11"><span class='ocrx_word' id='word_1_228' title='bbox 2117 1796 2219 1854; x_wconf 89' lang='lat' dir='ltr'><strong>tes,</strong></span> <span class='ocrx_word' id='word_1_229' title='bbox 2283 1800 2438 1844; x_wconf 84' lang='lat' dir='ltr'><strong>avete</strong></span> <span class='ocrx_word' id='word_1_230' title='bbox 2487 1799 2668 1844; x_wconf 88' lang='lat' dir='ltr'><strong>autem</strong></span> <span class='ocrx_word' id='word_1_231' title='bbox 2734 1797 2789 1842; x_wconf 88' lang='lat' dir='ltr'><strong>et</strong></span> <span class='ocrx_word' id='word_1_232' title='bbox 2834 1788 3258 1842; x_wconf 87' lang='lat' dir='ltr'><strong>medicinalibus</strong></span> <span class='ocrx_word' id='word_1_233' title='bbox 3290 1787 3512 1840; x_wconf 79' lang='lat' dir='ltr'><strong>auxiliis</strong></span> <span class='ocrx_word' id='word_1_234' title='bbox 3533 1800 3687 1841; x_wconf 79' lang='lat' dir='ltr'><strong>asse-</strong></span> 
     </span>
    </p>
   </div>
   <div class='ocr_carea' id='block_1_36' title="bbox 425 1893 2003 1967">
    <p class='ocr_par' dir='ltr' id='par_1_36' title="bbox 425 1893 2003 1967">
     <span class='ocr_line' id='line_1_36' title="bbox 425 1893 2003 1967; baseline 0.002 -21"><span class='ocrx_word' id='word_1_235' title='bbox 425 1895 697 1949; x_wconf 82' lang='grc' dir='ltr'>θειότατοι</span> <span class='ocrx_word' id='word_1_236' title='bbox 744 1895 1024 1966; x_wconf 83' lang='grc' dir='ltr'>μάρτυρες</span> <span class='ocrx_word' id='word_1_237' title='bbox 1052 1893 1144 1948; x_wconf 92' lang='grc' dir='ltr'><strong>τὸν</strong></span> <span class='ocrx_word' id='word_1_238' title='bbox 1174 1893 1293 1948; x_wconf 83' lang='grc' dir='ltr'>νέον</span> <span class='ocrx_word' id='word_1_239' title='bbox 1323 1895 1717 1965; x_wconf 75' lang='grc' dir='ltr'>οἰκτείραντες,</span> <span class='ocrx_word' id='word_1_240' title='bbox 1762 1896 1872 1947; x_wconf 89' lang='grc' dir='ltr'><strong>τῶν</strong></span> <span class='ocrx_word' id='word_1_241' title='bbox 1906 1897 2003 1967; x_wconf 81' lang='grc' dir='ltr'>μὲν</span> 
     </span>
    </p>
   </div>
   <div class='ocr_carea' id='block_1_37' title="bbox 424 1985 2004 2063">
    <p class='ocr_par' dir='ltr' id='par_1_37' title="bbox 424 1985 2004 2063">
     <span class='ocr_line' id='line_1_37' title="bbox 424 1985 2004 2063; baseline -0.001 -23"><span class='ocrx_word' id='word_1_242' title='bbox 424 1987 731 2063; x_wconf 78' lang='grc' dir='ltr'>ἀλγηδόνων</span> <span class='ocrx_word' id='word_1_243' title='bbox 756 1985 907 2056; x_wconf 80' lang='grc' dir='ltr'>αὑτῷ</span> <span class='ocrx_word' id='word_1_244' title='bbox 946 1986 1045 2048; x_wconf 81' lang='grc' dir='ltr'><strong>τὰς</strong></span> <span class='ocrx_word' id='word_1_245' title='bbox 1071 1985 1266 2049; x_wconf 81' lang='grc' dir='ltr'>ἀκίδας</span> <span class='ocrx_word' id='word_1_246' title='bbox 1304 1985 1688 2056; x_wconf 75' lang='grc' dir='ltr'>ἀπήμϐλυναν,</span> <span class='ocrx_word' id='word_1_247' title='bbox 1720 1989 1907 2056; x_wconf 89' lang='grc' dir='ltr'>χεῖρας</span> <span class='ocrx_word' id='word_1_248' title='bbox 1945 1986 2004 2039; x_wconf 82' lang='grc' dir='ltr'>δὲ</span> 
     </span>
    </p>
   </div>
   <div class='ocr_carea' id='block_1_38' title="bbox 424 2076 1997 2148">
    <p class='ocr_par' dir='ltr' id='par_1_38' title="bbox 424 2076 1997 2148">
     <span class='ocr_line' id='line_1_38' title="bbox 424 2076 1997 2148; baseline -0.001 -17"><span class='ocrx_word' id='word_1_249' title='bbox 424 2081 597 2131; x_wconf 82' lang='grc' dir='ltr'>κινεῖν</span> <span class='ocrx_word' id='word_1_250' title='bbox 621 2078 715 2131; x_wconf 74' lang='grc' dir='ltr'>καὶ</span> <span class='ocrx_word' id='word_1_251' title='bbox 756 2076 923 2141; x_wconf 86' lang='grc' dir='ltr'>πόδας</span> <span class='ocrx_word' id='word_1_252' title='bbox 950 2076 1214 2131; x_wconf 71' lang='grc' dir='ltr'>ἐκτείνειν</span> <span class='ocrx_word' id='word_1_253' title='bbox 1241 2076 1482 2148; x_wconf 86' lang='grc' dir='ltr'>μερικῶς</span> <span class='ocrx_word' id='word_1_254' title='bbox 1517 2077 1846 2147; x_wconf 77' lang='grc' dir='ltr'>ἐχαρίσαντο</span> <span class='ocrx_word' id='word_1_255' title='bbox 1865 2093 1878 2108; x_wconf 88' lang='grc'><strong>·</strong></span> <span class='ocrx_word' id='word_1_256' title='bbox 1909 2095 1997 2130; x_wconf 86' lang='grc' dir='ltr'>τε-</span> 
     </span>
    </p>
   </div>
   <div class='ocr_carea' id='block_1_39' title="bbox 423 2167 2009 2240">
    <p class='ocr_par' dir='ltr' id='par_1_39' title="bbox 423 2167 2009 2240">
     <span class='ocr_line' id='line_1_39' title="bbox 423 2167 2009 2240; baseline 0.001 -20"><span class='ocrx_word' id='word_1_257' title='bbox 423 2168 576 2221; x_wconf 84' lang='grc' dir='ltr'>λείαν</span> <span class='ocrx_word' id='word_1_258' title='bbox 605 2168 715 2239; x_wconf 75' lang='grc' dir='ltr'>γὰρ</span> <span class='ocrx_word' id='word_1_259' title='bbox 744 2169 931 2232; x_wconf 80' lang='grc' dir='ltr'>αὐτοῖς</span> <span class='ocrx_word' id='word_1_260' title='bbox 981 2167 1254 2238; x_wconf 85' lang='grc' dir='ltr'>δόγματος</span> <span class='ocrx_word' id='word_1_261' title='bbox 1291 2168 1440 2221; x_wconf 88' lang='grc' dir='ltr'>αίτία</span> <span class='ocrx_word' id='word_1_262' title='bbox 1466 2185 1550 2232; x_wconf 87' lang='grc' dir='ltr'><strong>τις</strong></span> <span class='ocrx_word' id='word_1_263' title='bbox 1581 2171 1881 2240; x_wconf 83' lang='grc' dir='ltr'>παρασχεῖν</span> <span class='ocrx_word' id='word_1_264' title='bbox 1926 2171 2009 2224; x_wconf 80' lang='grc' dir='ltr'><strong>ὲν-</strong></span> 
     </span>
    </p>
   </div>
   <div class='ocr_carea' id='block_1_40' title="bbox 426 2253 2000 2331">
    <p class='ocr_par' dir='ltr' id='par_1_40' title="bbox 426 2253 2000 2331">
     <span class='ocr_line' id='line_1_40' title="bbox 426 2253 2000 2331; baseline 0 -17"><span class='ocrx_word' id='word_1_265' title='bbox 426 2259 697 2325; x_wconf 73' lang='grc' dir='ltr'>ιπόδιζεν.</span> <span class='ocrx_word' id='word_1_266' title='bbox 731 2259 1022 2329; x_wconf 85' lang='grc' dir='ltr'>Ἰουλιανὸς</span> <span class='ocrx_word' id='word_1_267' title='bbox 1060 2259 1171 2331; x_wconf 85' lang='grc' dir='ltr'><strong>γὰρ</strong></span> <span class='ocrx_word' id='word_1_268' title='bbox 1199 2253 1353 2324; x_wconf 71' lang='grc' dir='ltr'>οὗτος</span> <span class='ocrx_word' id='word_1_269' title='bbox 1383 2263 1411 2312; x_wconf 99' lang='lat'><strong>6</strong></span> <span class='ocrx_word' id='word_1_270' title='bbox 1438 2260 1577 2326; x_wconf 77' lang='grc' dir='ltr'>νέος,</span> <span class='ocrx_word' id='word_1_271' title='bbox 1594 2260 1885 2315; x_wconf 84' lang='grc' dir='ltr'>Ἰουλιανοῦ</span> <span class='ocrx_word' id='word_1_272' title='bbox 1906 2261 2000 2315; x_wconf 89' lang='grc' dir='ltr'><strong>τοῦ</strong></span> 
     </span>
    </p>
   </div>
   <div class='ocr_carea' id='block_1_41' title="bbox 428 2353 2006 2425">
    <p class='ocr_par' dir='ltr' id='par_1_41' title="bbox 428 2353 2006 2425">
     <span class='ocr_line' id='line_1_41' title="bbox 428 2353 2006 2425; baseline -0.001 -18"><span class='ocrx_word' id='word_1_273' title='bbox 428 2353 660 2407; x_wconf 82' lang='grc' dir='ltr'>παλαιοῦ</span> <span class='ocrx_word' id='word_1_274' title='bbox 705 2353 954 2423; x_wconf 83' lang='grc' dir='ltr'>μαθητής</span> <span class='ocrx_word' id='word_1_275' title='bbox 971 2355 1117 2406; x_wconf 67' lang='grc' dir='ltr'>ἐστιν</span> <span class='ocrx_word' id='word_1_276' title='bbox 1145 2353 1526 2424; x_wconf 84' lang='grc' dir='ltr'>Ἀπολιναρίου</span> <span class='ocrx_word' id='word_1_277' title='bbox 1564 2354 2006 2425; x_wconf 82' lang='grc' dir='ltr'>Ἀλικαρνασὲως</span> 
     </span>
    </p>
   </div>
   <div class='ocr_carea' id='block_1_42' title="bbox 427 2443 2005 2516">
    <p class='ocr_par' dir='ltr' id='par_1_42' title="bbox 427 2443 2005 2516">
     <span class='ocr_line' id='line_1_42' title="bbox 427 2443 2005 2516; baseline 0.001 -19"><span class='ocrx_word' id='word_1_278' title='bbox 427 2446 785 2516; x_wconf 73' lang='grc' dir='ltr'>ὑπάρχοντος,</span> <span class='ocrx_word' id='word_1_279' title='bbox 820 2444 915 2497; x_wconf 77' lang='grc' dir='ltr'>καὶ</span> <span class='ocrx_word' id='word_1_280' title='bbox 929 2444 1190 2514; x_wconf 84' lang='grc' dir='ltr'>ὁμόφρων</span> <span class='ocrx_word' id='word_1_281' title='bbox 1212 2443 1377 2498; x_wconf 85' lang='grc' dir='ltr'>αὐτοῦ</span> <span class='ocrx_word' id='word_1_282' title='bbox 1408 2447 1497 2498; x_wconf 74' lang='grc' dir='ltr'><strong>καὶ</strong></span> <span class='ocrx_word' id='word_1_283' title='bbox 1516 2445 1791 2516; x_wconf 83' lang='grc' dir='ltr'>ὁμόδοξος.</span> <span class='ocrx_word' id='word_1_284' title='bbox 1820 2444 2005 2498; x_wconf 90' lang='grc' dir='ltr'>Ταῦτα</span> 
     </span>
    </p>
   </div>
   <div class='ocr_carea' id='block_1_43' title="bbox 427 2534 2003 2606">
    <p class='ocr_par' dir='ltr' id='par_1_43' title="bbox 427 2534 2003 2606">
     <span class='ocr_line' id='line_1_43' title="bbox 427 2534 2003 2606; baseline 0.001 -18"><span class='ocrx_word' id='word_1_285' title='bbox 427 2536 611 2606; x_wconf 79' lang='grc' dir='ltr'>φέρων</span> <span class='ocrx_word' id='word_1_286' title='bbox 645 2536 790 2590; x_wconf 85' lang='grc' dir='ltr'>κατὰ</span> <span class='ocrx_word' id='word_1_287' title='bbox 816 2534 993 2606; x_wconf 79' lang='grc' dir='ltr'>ψυχὴν</span> <span class='ocrx_word' id='word_1_288' title='bbox 1024 2535 1315 2600; x_wconf 85' lang='grc' dir='ltr'>Ἰουλιανὸς</span> <span class='ocrx_word' id='word_1_289' title='bbox 1354 2537 1382 2588; x_wconf 92' lang='lat'><strong>6</strong></span> <span class='ocrx_word' id='word_1_290' title='bbox 1404 2539 1521 2601; x_wconf 84' lang='grc' dir='ltr'>νέος</span> <span class='ocrx_word' id='word_1_291' title='bbox 1548 2538 1617 2591; x_wconf 84' lang='grc' dir='ltr'>τὰ</span> <span class='ocrx_word' id='word_1_292' title='bbox 1644 2537 1910 2606; x_wconf 81' lang='grc' dir='ltr'>δόγματα,</span> <span class='ocrx_word' id='word_1_293' title='bbox 1941 2538 2003 2592; x_wconf 88' lang='grc' dir='ltr'><strong>ού</strong></span> 
     </span>
    </p>
   </div>
   <div class='ocr_carea' id='block_1_44' title="bbox 427 2626 2007 2701">
    <p class='ocr_par' dir='ltr' id='par_1_44' title="bbox 427 2626 2007 2701">
     <span class='ocr_line' id='line_1_44' title="bbox 427 2626 2007 2701; baseline 0.002 -21"><span class='ocrx_word' id='word_1_294' title='bbox 427 2626 494 2680; x_wconf 87' lang='grc' dir='ltr'>δι’</span> <span class='ocrx_word' id='word_1_295' title='bbox 510 2627 650 2679; x_wconf 75' lang='grc' dir='ltr'>αὐτὰ</span> <span class='ocrx_word' id='word_1_296' title='bbox 682 2629 794 2689; x_wconf 83' lang='grc' dir='ltr'>τοῖς</span> <span class='ocrx_word' id='word_1_297' title='bbox 826 2628 1022 2694; x_wconf 80' lang='grc' dir='ltr'>ἁγίοις,</span> <span class='ocrx_word' id='word_1_298' title='bbox 1056 2627 1194 2680; x_wconf 81' lang='grc' dir='ltr'>ἀλλὰ</span> <span class='ocrx_word' id='word_1_299' title='bbox 1221 2627 1309 2681; x_wconf 80' lang='grc' dir='ltr'>διὰ</span> <span class='ocrx_word' id='word_1_300' title='bbox 1342 2627 1404 2681; x_wconf 87' lang='grc' dir='ltr'><strong>τὸ</strong></span> <span class='ocrx_word' id='word_1_301' title='bbox 1431 2628 1524 2681; x_wconf 90' lang='grc' dir='ltr'><strong>τοῦ</strong></span> <span class='ocrx_word' id='word_1_302' title='bbox 1556 2629 1809 2698; x_wconf 79' lang='grc' dir='ltr'>σώματος</span> <span class='ocrx_word' id='word_1_303' title='bbox 1835 2646 2007 2701; x_wconf 83' lang='grc' dir='ltr'>προσ-</span> 
     </span>
    </p>
   </div>
   <div class='ocr_carea' id='block_1_45' title="bbox 430 2716 2009 2793">
    <p class='ocr_par' dir='ltr' id='par_1_45' title="bbox 430 2716 2009 2793">
     <span class='ocr_line' id='line_1_45' title="bbox 430 2716 2009 2793; baseline 0.001 -20"><span class='ocrx_word' id='word_1_304' title='bbox 430 2716 696 2773; x_wconf 77' lang='grc' dir='ltr'>επέλασεν</span> <span class='ocrx_word' id='word_1_305' title='bbox 741 2717 975 2787; x_wconf 74' lang='grc' dir='ltr'>νόσημα.</span> <span class='ocrx_word' id='word_1_306' title='bbox 1010 2720 1073 2771; x_wconf 82' lang='grc' dir='ltr'><strong>Οἱ</strong></span> <span class='ocrx_word' id='word_1_307' title='bbox 1116 2717 1173 2773; x_wconf 75' lang='grc' dir='ltr'>δὲ</span> <span class='ocrx_word' id='word_1_308' title='bbox 1206 2719 1465 2791; x_wconf 86' lang='grc' dir='ltr'>μακάριοι</span> <span class='ocrx_word' id='word_1_309' title='bbox 1501 2720 1779 2793; x_wconf 81' lang='grc' dir='ltr'>μάρτυρες</span> <span class='ocrx_word' id='word_1_310' title='bbox 1809 2722 2009 2776; x_wconf 84' lang='grc' dir='ltr'>πολλά-</span> 
     </span>
    </p>
   </div>
   <div class='ocr_carea' id='block_1_46' title="bbox 431 2807 2007 2884">
    <p class='ocr_par' dir='ltr' id='par_1_46' title="bbox 431 2807 2007 2884">
     <span class='ocr_line' id='line_1_46' title="bbox 431 2807 2007 2884; baseline 0.004 -22"><span class='ocrx_word' id='word_1_311' title='bbox 431 2825 517 2872; x_wconf 82' lang='grc' dir='ltr'><strong>κις</strong></span> <span class='ocrx_word' id='word_1_312' title='bbox 538 2807 688 2878; x_wconf 80' lang='grc' dir='ltr'>αὐτῷ</span> <span class='ocrx_word' id='word_1_313' title='bbox 717 2807 933 2880; x_wconf 83' lang='grc' dir='ltr'>νύκτωρ</span> <span class='ocrx_word' id='word_1_314' title='bbox 956 2810 1368 2881; x_wconf 76' lang='grc' dir='ltr'>ἐπιφερόμενοι,</span> <span class='ocrx_word' id='word_1_315' title='bbox 1397 2811 1492 2864; x_wconf 88' lang='grc' dir='ltr'><strong>τοῦ</strong></span> <span class='ocrx_word' id='word_1_316' title='bbox 1522 2811 1762 2867; x_wconf 79' lang='grc' dir='ltr'>τοιούτου</span> <span class='ocrx_word' id='word_1_317' title='bbox 1800 2814 2007 2884; x_wconf 85' lang='grc' dir='ltr'>δόγμα-</span> 
     </span>
    </p>
   </div>
   <div class='ocr_carea' id='block_1_47' title="bbox 431 2888 2010 2976">
    <p class='ocr_par' dir='ltr' id='par_1_47' title="bbox 431 2888 2010 2976">
     <span class='ocr_line' id='line_1_47' title="bbox 431 2888 2010 2976; baseline 0.004 -24"><span class='ocrx_word' id='word_1_318' title='bbox 431 2918 521 2963; x_wconf 86' lang='grc' dir='ltr'><strong>τος</strong></span> <span class='ocrx_word' id='word_1_319' title='bbox 548 2899 822 2971; x_wconf 68' lang='grc' dir='ltr'>’παρῄνουν</span> <span class='ocrx_word' id='word_1_320' title='bbox 847 2901 1170 2971; x_wconf 80' lang='grc' dir='ltr'>ἀπέχεσθαι,</span> <span class='ocrx_word' id='word_1_321' title='bbox 1202 2903 1298 2956; x_wconf 76' lang='grc' dir='ltr'><strong>καὶ</strong></span> <span class='ocrx_word' id='word_1_322' title='bbox 1323 2903 1422 2973; x_wconf 87' lang='grc' dir='ltr'>τῆς</span> <span class='ocrx_word' id='word_1_323' title='bbox 1446 2902 1745 2971; x_wconf 85' lang='grc' dir='ltr'>καθολικῆς</span> <span class='ocrx_word' id='word_1_324' title='bbox 1779 2888 2010 2976; x_wconf 83' lang='grc' dir='ltr'>Ἐκκλη-</span> 
     </span>
    </p>
   </div>
   <div class='ocr_carea' id='block_1_48' title="bbox 435 2992 2007 3061">
    <p class='ocr_par' dir='ltr' id='par_1_48' title="bbox 435 2992 2007 3061">
     <span class='ocr_line' id='line_1_48' title="bbox 435 2992 2007 3061; baseline 0.004 -17"><span class='ocrx_word' id='word_1_325' title='bbox 435 2992 555 3054; x_wconf 78' lang='grc' dir='ltr'>σίας</span> <span class='ocrx_word' id='word_1_326' title='bbox 584 2992 684 3061; x_wconf 78' lang='grc' dir='ltr'>τὴν</span> <span class='ocrx_word' id='word_1_327' title='bbox 717 2993 1005 3045; x_wconf 87' lang='grc' dir='ltr'>κοινωνίαν</span> <span class='ocrx_word' id='word_1_328' title='bbox 1039 2993 1416 3049; x_wconf 84' lang='grc' dir='ltr'>ἀσπάσασθαι.</span> <span class='ocrx_word' id='word_1_329' title='bbox 1458 2995 1727 3061; x_wconf 81' lang='grc' dir='ltr'>Πολλάκις</span> <span class='ocrx_word' id='word_1_330' title='bbox 1749 2998 1804 3050; x_wconf 86' lang='grc' dir='ltr'>δὲ</span> <span class='ocrx_word' id='word_1_331' title='bbox 1835 2997 2007 3051; x_wconf 78' lang='grc' dir='ltr'>καὶτὸ</span> 
     </span>
    </p>
   </div>
   <div class='ocr_carea' id='block_1_49' title="bbox 433 3082 2010 3157">
    <p class='ocr_par' dir='ltr' id='par_1_49' title="bbox 433 3082 2010 3157">
     <span class='ocr_line' id='line_1_49' title="bbox 433 3082 2010 3157; baseline 0.007 -23"><span class='ocrx_word' id='word_1_332' title='bbox 433 3083 692 3154; x_wconf 86' lang='grc' dir='ltr'>ποτήριον</span> <span class='ocrx_word' id='word_1_333' title='bbox 732 3082 1034 3148; x_wconf 67' lang='grc' dir='ltr'>ἐϐάσταζον</span> <span class='ocrx_word' id='word_1_334' title='bbox 1069 3084 1226 3154; x_wconf 83' lang='grc' dir='ltr'>ἁγίου</span> <span class='ocrx_word' id='word_1_335' title='bbox 1259 3084 1514 3157; x_wconf 84' lang='grc' dir='ltr'>σώματος</span> <span class='ocrx_word' id='word_1_336' title='bbox 1541 3090 1874 3144; x_wconf 86' lang='grc' dir='ltr'>Δεσποτικοῦ</span> <span class='ocrx_word' id='word_1_337' title='bbox 1907 3107 2010 3144; x_wconf 89' lang='grc' dir='ltr'>πε-</span> 
     </span>
    </p>
   </div>
   <div class='ocr_carea' id='block_1_50' title="bbox 432 3176 2014 3253">
    <p class='ocr_par' dir='ltr' id='par_1_50' title="bbox 432 3176 2014 3253">
     <span class='ocr_line' id='line_1_50' title="bbox 432 3176 2014 3253; baseline 0.006 -27"><span class='ocrx_word' id='word_1_338' title='bbox 432 3176 794 3246; x_wconf 75' lang='grc' dir='ltr'>πληρωμένον</span> <span class='ocrx_word' id='word_1_339' title='bbox 853 3176 945 3229; x_wconf 81' lang='grc' dir='ltr'>καὶ</span> <span class='ocrx_word' id='word_1_340' title='bbox 997 3177 1266 3247; x_wconf 84' lang='grc' dir='ltr'>αἵματος,</span> <span class='ocrx_word' id='word_1_341' title='bbox 1325 3180 1421 3233; x_wconf 78' lang='grc' dir='ltr'>καὶ</span> <span class='ocrx_word' id='word_1_342' title='bbox 1475 3181 1798 3253; x_wconf 86' lang='grc' dir='ltr'>προσελθεῖν</span> <span class='ocrx_word' id='word_1_343' title='bbox 1863 3181 2014 3252; x_wconf 82' lang='grc' dir='ltr'>αὐτῷ</span> 
     </span>
    </p>
   </div>
   <div class='ocr_carea' id='block_1_51' title="bbox 433 3267 2009 3345">
    <p class='ocr_par' dir='ltr' id='par_1_51' title="bbox 433 3267 2009 3345">
     <span class='ocr_line' id='line_1_51' title="bbox 433 3267 2009 3345; baseline 0.004 -24"><span class='ocrx_word' id='word_1_344' title='bbox 433 3268 869 3339; x_wconf 83' lang='grc' dir='ltr'>προετρέποντο,</span> <span class='ocrx_word' id='word_1_345' title='bbox 921 3270 1105 3333; x_wconf 80' lang='grc' dir='ltr'>αὐτοῖς</span> <span class='ocrx_word' id='word_1_346' title='bbox 1164 3270 1224 3324; x_wconf 86' lang='grc' dir='ltr'><strong>τὸ</strong></span> <span class='ocrx_word' id='word_1_347' title='bbox 1267 3267 1446 3326; x_wconf 86' lang='grc' dir='ltr'>δοκεῖν</span> <span class='ocrx_word' id='word_1_348' title='bbox 1473 3273 2009 3345; x_wconf 77' lang='grc' dir='ltr'>μεταλαμϐάνοντες,</span> 
     </span>
    </p>
   </div>
   <div class='ocr_carea' id='block_1_52' title="bbox 436 3360 2016 3444">
    <p class='ocr_par' dir='ltr' id='par_1_52' title="bbox 436 3360 2016 3444">
     <span class='ocr_line' id='line_1_52' title="bbox 436 3360 2016 3444; baseline 0.004 -30"><span class='ocrx_word' id='word_1_349' title='bbox 436 3361 527 3414; x_wconf 72' lang='grc' dir='ltr'>καὶ</span> <span class='ocrx_word' id='word_1_350' title='bbox 554 3360 998 3430; x_wconf 78' lang='grc' dir='ltr'>συμμεταλαϐεῖν</span> <span class='ocrx_word' id='word_1_351' title='bbox 1031 3361 1215 3426; x_wconf 84' lang='grc' dir='ltr'>αὐτοῖς</span> <span class='ocrx_word' id='word_1_352' title='bbox 1243 3361 1334 3444; x_wconf 61' lang='grc' dir='ltr'><strong>τὸν</strong></span> <span class='ocrx_word' id='word_1_353' title='bbox 1360 3362 1647 3417; x_wconf 81' lang='grc' dir='ltr'>’ἰουλιανὸν</span> <span class='ocrx_word' id='word_1_354' title='bbox 1677 3365 2016 3435; x_wconf 88' lang='grc' dir='ltr'>προσκαλού-</span> 
     </span>
    </p>
   </div>
   <div class='ocr_carea' id='block_1_53' title="bbox 436 3451 2018 3528">
    <p class='ocr_par' dir='ltr' id='par_1_53' title="bbox 436 3451 2018 3528">
     <span class='ocr_line' id='line_1_53' title="bbox 436 3451 2018 3528; baseline 0.005 -24"><span class='ocrx_word' id='word_1_355' title='bbox 436 3468 609 3522; x_wconf 86' lang='grc' dir='ltr'>μενοι,</span> <span class='ocrx_word' id='word_1_356' title='bbox 635 3451 790 3505; x_wconf 85' lang='grc' dir='ltr'>Ἔσθ’</span> <span class='ocrx_word' id='word_1_357' title='bbox 834 3454 923 3506; x_wconf 79' lang='grc' dir='ltr'>ὅτε</span> <span class='ocrx_word' id='word_1_358' title='bbox 957 3454 1013 3506; x_wconf 81' lang='grc' dir='ltr'>δὲ</span> <span class='ocrx_word' id='word_1_359' title='bbox 1043 3455 1138 3508; x_wconf 75' lang='grc' dir='ltr'>καὶ</span> <span class='ocrx_word' id='word_1_360' title='bbox 1165 3454 1512 3524; x_wconf 86' lang='grc' dir='ltr'>δογματικῶς</span> <span class='ocrx_word' id='word_1_361' title='bbox 1539 3456 1689 3527; x_wconf 84' lang='grc' dir='ltr'>αὐτῷ</span> <span class='ocrx_word' id='word_1_362' title='bbox 1718 3457 2018 3528; x_wconf 86' lang='grc' dir='ltr'>διελέγοντο</span> 
     </span>
    </p>
   </div>
   <div class='ocr_carea' id='block_1_54' title="bbox 433 3544 2018 3621">
    <p class='ocr_par' dir='ltr' id='par_1_54' title="bbox 433 3544 2018 3621">
     <span class='ocr_line' id='line_1_54' title="bbox 433 3544 2018 3621; baseline 0.004 -24"><span class='ocrx_word' id='word_1_363' title='bbox 433 3544 822 3614; x_wconf 83' lang='grc' dir='ltr'>διασαφοῦντες</span> <span class='ocrx_word' id='word_1_364' title='bbox 854 3547 953 3616; x_wconf 78' lang='grc' dir='ltr'>τὴν</span> <span class='ocrx_word' id='word_1_365' title='bbox 979 3549 1037 3600; x_wconf 75' lang='grc' dir='ltr'>ἐν</span> <span class='ocrx_word' id='word_1_366' title='bbox 1074 3547 1378 3619; x_wconf 62' lang='grc' dir='ltr'>Ἐκκλησία</span> <span class='ocrx_word' id='word_1_367' title='bbox 1419 3549 1836 3620; x_wconf 83' lang='grc' dir='ltr'>κηρυττομένην</span> <span class='ocrx_word' id='word_1_368' title='bbox 1885 3550 2018 3621; x_wconf 79' lang='grc' dir='ltr'><strong>ἀλή-⁹</strong></span> 
     </span>
    </p>
   </div>
   <div class='ocr_carea' id='block_1_55' title="bbox 436 3635 2018 3711">
    <p class='ocr_par' dir='ltr' id='par_1_55' title="bbox 436 3635 2018 3711">
     <span class='ocr_line' id='line_1_55' title="bbox 436 3635 2018 3711; baseline 0.002 -22"><span class='ocrx_word' id='word_1_369' title='bbox 436 3635 607 3703; x_wconf 79' lang='grc' dir='ltr'>θειαν,</span> <span class='ocrx_word' id='word_1_370' title='bbox 648 3638 745 3689; x_wconf 74' lang='grc' dir='ltr'><strong>καὶ</strong></span> <span class='ocrx_word' id='word_1_371' title='bbox 792 3635 964 3699; x_wconf 77' lang='grc' dir='ltr'>οὕτως</span> <span class='ocrx_word' id='word_1_372' title='bbox 997 3638 1143 3708; x_wconf 76' lang='grc' dir='ltr'>ἔχειν</span> <span class='ocrx_word' id='word_1_373' title='bbox 1193 3636 1255 3689; x_wconf 86' lang='grc' dir='ltr'><strong>τὸ</strong></span> <span class='ocrx_word' id='word_1_374' title='bbox 1304 3639 1435 3709; x_wconf 73' lang='grc' dir='ltr'>περὶ</span> <span class='ocrx_word' id='word_1_375' title='bbox 1476 3638 1576 3710; x_wconf 84' lang='grc' dir='ltr'>τῆς</span> <span class='ocrx_word' id='word_1_376' title='bbox 1635 3638 2018 3711; x_wconf 85' lang='grc' dir='ltr'>σωτηριώδους</span> 
     </span>
    </p>
   </div>
   <div class='ocr_carea' id='block_1_56' title="bbox 433 3726 2018 3803">
    <p class='ocr_par' dir='ltr' id='par_1_56' title="bbox 433 3726 2018 3803">
     <span class='ocr_line' id='line_1_56' title="bbox 433 3726 2018 3803; baseline 0.003 -23"><span class='ocrx_word' id='word_1_377' title='bbox 433 3726 674 3798; x_wconf 84' lang='grc' dir='ltr'>Χριστοῦ</span> <span class='ocrx_word' id='word_1_378' title='bbox 732 3728 829 3781; x_wconf 91' lang='grc' dir='ltr'><strong>τοῦ</strong></span> <span class='ocrx_word' id='word_1_379' title='bbox 893 3727 1030 3782; x_wconf 86' lang='grc' dir='ltr'>Θεοῦ</span> <span class='ocrx_word' id='word_1_380' title='bbox 1086 3727 1246 3800; x_wconf 89' lang='grc' dir='ltr'>ήμῶν</span> <span class='ocrx_word' id='word_1_381' title='bbox 1292 3727 1542 3794; x_wconf 79' lang='grc' dir='ltr'>ἑνώσεως</span> <span class='ocrx_word' id='word_1_382' title='bbox 1588 3727 1802 3801; x_wconf 84' lang='grc' dir='ltr'>ῶμνυον</span> <span class='ocrx_word' id='word_1_383' title='bbox 1845 3731 2018 3803; x_wconf 85' lang='grc' dir='ltr'>κήρυ-</span> 
     </span>
    </p>
   </div>
   <div class='ocr_carea' id='block_1_57' title="bbox 436 3836 576 3891">
    <p class='ocr_par' dir='ltr' id='par_1_57' title="bbox 436 3836 576 3891">
     <span class='ocr_line' id='line_1_57' title="bbox 436 3836 576 3891; baseline 0.021 -3"><span class='ocrx_word' id='word_1_384' title='bbox 436 3836 576 3891; x_wconf 78' lang='grc' dir='ltr'>γμαο</span> 
     </span>
    </p>
   </div>
   <div class='ocr_carea' id='block_1_58' title="bbox 523 3995 2018 4073">
    <p class='ocr_par' dir='ltr' id='par_1_58' title="bbox 523 3995 2018 4073">
     <span class='ocr_line' id='line_1_58' title="bbox 523 3995 2018 4073; baseline 0.005 -24"><span class='ocrx_word' id='word_1_385' title='bbox 523 3995 664 4050; x_wconf 78' lang='grc' dir='ltr'>Ἀλλ’</span> <span class='ocrx_word' id='word_1_386' title='bbox 685 3995 762 4060; x_wconf 82' lang='grc' dir='ltr'>ὡς</span> <span class='ocrx_word' id='word_1_387' title='bbox 794 3995 965 4052; x_wconf 86' lang='grc' dir='ltr'>ταῦτα</span> <span class='ocrx_word' id='word_1_388' title='bbox 982 3997 1161 4053; x_wconf 79' lang='grc' dir='ltr'>πάντα</span> <span class='ocrx_word' id='word_1_389' title='bbox 1184 3999 1281 4052; x_wconf 75' lang='grc' dir='ltr'><strong>καὶ</strong></span> <span class='ocrx_word' id='word_1_390' title='bbox 1306 3999 1511 4054; x_wconf 86' lang='grc' dir='ltr'>τούτων</span> <span class='ocrx_word' id='word_1_391' title='bbox 1543 3999 1764 4055; x_wconf 84' lang='grc' dir='ltr'>πλείονα</span> <span class='ocrx_word' id='word_1_392' title='bbox 1792 4000 2018 4073; x_wconf 79' lang='grc' dir='ltr'>διεπράο</span> 
     </span>
    </p>
   </div>
   <div class='ocr_carea' id='block_1_59' title="bbox 440 4083 2019 4163">
    <p class='ocr_par' dir='ltr' id='par_1_59' title="bbox 440 4083 2019 4163">
     <span class='ocr_line' id='line_1_59' title="bbox 440 4083 2019 4163; baseline 0.005 -26"><span class='ocrx_word' id='word_1_393' title='bbox 440 4083 620 4149; x_wconf 83' lang='grc' dir='ltr'>ξαντο,</span> <span class='ocrx_word' id='word_1_394' title='bbox 661 4087 756 4141; x_wconf 78' lang='grc' dir='ltr'><strong>καὶ</strong></span> <span class='ocrx_word' id='word_1_395' title='bbox 804 4087 897 4141; x_wconf 88' lang='grc' dir='ltr'><strong>τὸν</strong></span> <span class='ocrx_word' id='word_1_396' title='bbox 938 4089 1231 4143; x_wconf 84' lang='grc' dir='ltr'>Ἰουλιανὸν</span> <span class='ocrx_word' id='word_1_397' title='bbox 1276 4090 1377 4143; x_wconf 82' lang='grc' dir='ltr'><strong>οὐκ</strong></span> <span class='ocrx_word' id='word_1_398' title='bbox 1425 4089 1681 4155; x_wconf 77' lang='grc' dir='ltr'>ἔπεισαν,</span> <span class='ocrx_word' id='word_1_399' title='bbox 1727 4091 2019 4163; x_wconf 85' lang='grc' dir='ltr'>πεισθῆναι</span> 
     </span>
    </p>
   </div>
   <div class='ocr_carea' id='block_1_60' title="bbox 444 4174 2016 4254">
    <p class='ocr_par' dir='ltr' id='par_1_60' title="bbox 444 4174 2016 4254">
     <span class='ocr_line' id='line_1_60' title="bbox 444 4174 2016 4254; baseline 0.005 -26"><span class='ocrx_word' id='word_1_400' title='bbox 444 4176 520 4245; x_wconf 78' lang='grc' dir='ltr'>μὴ</span> <span class='ocrx_word' id='word_1_401' title='bbox 547 4176 788 4237; x_wconf 78' lang='grc' dir='ltr'>θέλοντα,</span> <span class='ocrx_word' id='word_1_402' title='bbox 807 4174 984 4233; x_wconf 82' lang='grc' dir='ltr'>’πάλιν</span> <span class='ocrx_word' id='word_1_403' title='bbox 1013 4178 1164 4250; x_wconf 81' lang='grc' dir='ltr'>αύτῷ</span> <span class='ocrx_word' id='word_1_404' title='bbox 1195 4179 1295 4250; x_wconf 81' lang='grc' dir='ltr'>τῆς</span> <span class='ocrx_word' id='word_1_405' title='bbox 1324 4181 1596 4252; x_wconf 80' lang='grc' dir='ltr'>προτέρας</span> <span class='ocrx_word' id='word_1_406' title='bbox 1626 4183 1821 4253; x_wconf 78' lang='grc' dir='ltr'>ὀδύνης</span> <span class='ocrx_word' id='word_1_407' title='bbox 1845 4183 2016 4254; x_wconf 77' lang='grc' dir='ltr'>ἀνέμ-</span> 
     </span>
    </p>
   </div>
   <div class='ocr_carea' id='block_1_61' title="bbox 441 4270 2021 4347">
    <p class='ocr_par' dir='ltr' id='par_1_61' title="bbox 441 4270 2021 4347">
     <span class='ocr_line' id='line_1_61' title="bbox 441 4270 2021 4347; baseline 0.005 -26"><span class='ocrx_word' id='word_1_408' title='bbox 441 4287 631 4340; x_wconf 83' lang='grc' dir='ltr'>νησαν,</span> <span class='ocrx_word' id='word_1_409' title='bbox 697 4270 792 4325; x_wconf 74' lang='grc' dir='ltr'>καὶ</span> <span class='ocrx_word' id='word_1_410' title='bbox 827 4270 898 4325; x_wconf 76' lang='grc' dir='ltr'>τὰ</span> <span class='ocrx_word' id='word_1_411' title='bbox 943 4271 1146 4343; x_wconf 74' lang='grc' dir='ltr'>κέντρα</span> <span class='ocrx_word' id='word_1_412' title='bbox 1191 4272 1301 4326; x_wconf 90' lang='grc' dir='ltr'><strong>τῶν</strong></span> <span class='ocrx_word' id='word_1_413' title='bbox 1343 4274 1655 4345; x_wconf 83' lang='grc' dir='ltr'>ἀλγηδόνων</span> <span class='ocrx_word' id='word_1_414' title='bbox 1685 4275 1832 4345; x_wconf 86' lang='grc' dir='ltr'>αύτῷ</span> <span class='ocrx_word' id='word_1_415' title='bbox 1881 4275 2021 4347; x_wconf 81' lang='grc' dir='ltr'>μετὰ</span> 
     </span>
    </p>
   </div>
   <div class='ocr_carea' id='block_1_62' title="bbox 443 4362 2019 4439">
    <p class='ocr_par' dir='ltr' id='par_1_62' title="bbox 443 4362 2019 4439">
     <span class='ocr_line' id='line_1_62' title="bbox 443 4362 2019 4439; baseline 0.005 -25"><span class='ocrx_word' id='word_1_416' title='bbox 443 4362 763 4433; x_wconf 85' lang='grc' dir='ltr'>προσθήκης</span> <span class='ocrx_word' id='word_1_417' title='bbox 791 4363 932 4434; x_wconf 83' lang='grc' dir='ltr'>τάχα</span> <span class='ocrx_word' id='word_1_418' title='bbox 967 4364 1112 4429; x_wconf 88' lang='grc' dir='ltr'>τινὸς</span> <span class='ocrx_word' id='word_1_419' title='bbox 1153 4364 1554 4437; x_wconf 81' lang='grc' dir='ltr'>ἐπανέστησαν,</span> <span class='ocrx_word' id='word_1_420' title='bbox 1598 4370 1786 4439; x_wconf 89' lang='grc' dir='ltr'>χεῖρας</span> <span class='ocrx_word' id='word_1_421' title='bbox 1831 4369 1907 4433; x_wconf 85' lang='grc' dir='ltr'><strong>ὡς</strong></span> <span class='ocrx_word' id='word_1_422' title='bbox 1959 4368 2019 4422; x_wconf 88' lang='grc' dir='ltr'><strong>τὸ</strong></span> 
     </span>
    </p>
   </div>
   <div class='ocr_carea' id='block_1_63' title="bbox 444 4452 2099 4542">
    <p class='ocr_par' dir='ltr' id='par_1_63' title="bbox 444 4452 2099 4542">
     <span class='ocr_line' id='line_1_63' title="bbox 444 4452 2099 4542; baseline 0.005 -37"><span class='ocrx_word' id='word_1_423' title='bbox 444 4452 573 4520; x_wconf 78' lang='grc' dir='ltr'>πρὶν</span> <span class='ocrx_word' id='word_1_424' title='bbox 627 4453 723 4506; x_wconf 69' lang='grc' dir='ltr'><strong>καί¹</strong></span> <span class='ocrx_word' id='word_1_425' title='bbox 781 4454 948 4519; x_wconf 84' lang='grc' dir='ltr'>πόδας</span> <span class='ocrx_word' id='word_1_426' title='bbox 1017 4457 1397 4529; x_wconf 84' lang='grc' dir='ltr'>συνδήσαντες,</span> <span class='ocrx_word' id='word_1_427' title='bbox 1458 4458 1554 4512; x_wconf 79' lang='grc' dir='ltr'>καὶ</span> <span class='ocrx_word' id='word_1_428' title='bbox 1614 4457 1877 4528; x_wconf 80' lang='grc' dir='ltr'>μειζόνως</span> <span class='ocrx_word' id='word_1_429' title='bbox 1919 4458 2018 4522; x_wconf 82' lang='grc' dir='ltr'>τὰς</span> <span class='ocrx_word' id='word_1_430' title='bbox 2050 4485 2099 4542; x_wconf 72' lang='grc' dir='ltr'><strong>υ</strong></span> 
     </span>
    </p>
   </div>
   <div class='ocr_carea' id='block_1_64' title="bbox 443 4545 2019 4622">
    <p class='ocr_par' dir='ltr' id='par_1_64' title="bbox 443 4545 2019 4622">
     <span class='ocr_line' id='line_1_64' title="bbox 443 4545 2019 4622; baseline 0.004 -25"><span class='ocrx_word' id='word_1_431' title='bbox 443 4545 742 4616; x_wconf 85' lang='grc' dir='ltr'>ἀλγηδόνας</span> <span class='ocrx_word' id='word_1_432' title='bbox 784 4547 1155 4617; x_wconf 81' lang='grc' dir='ltr'>αὐξήσαντες·</span> <span class='ocrx_word' id='word_1_433' title='bbox 1195 4549 1336 4619; x_wconf 83' lang='grc' dir='ltr'>τάχα</span> <span class='ocrx_word' id='word_1_434' title='bbox 1375 4567 1477 4603; x_wconf 88' lang='grc' dir='ltr'><strong>που</strong></span> <span class='ocrx_word' id='word_1_435' title='bbox 1502 4550 1564 4603; x_wconf 90' lang='grc' dir='ltr'><strong>τὸ</strong></span> <span class='ocrx_word' id='word_1_436' title='bbox 1608 4550 1706 4619; x_wconf 78' lang='grc' dir='ltr'><strong>τῆς</strong></span> <span class='ocrx_word' id='word_1_437' title='bbox 1752 4550 2019 4622; x_wconf 85' lang='grc' dir='ltr'>μελῳδίας</span> 
     </span>
    </p>
   </div>
   <div class='ocr_carea' id='block_1_65' title="bbox 443 4634 2020 4711">
    <p class='ocr_par' dir='ltr' id='par_1_65' title="bbox 443 4634 2020 4711">
     <span class='ocr_line' id='line_1_65' title="bbox 443 4634 2020 4711; baseline 0.003 -24"><span class='ocrx_word' id='word_1_438' title='bbox 443 4634 626 4705; x_wconf 78' lang='grc' dir='ltr'>ἔργοις</span> <span class='ocrx_word' id='word_1_439' title='bbox 661 4635 815 4689; x_wconf 74' lang='grc' dir='ltr'>αὐτοὶ</span> <span class='ocrx_word' id='word_1_440' title='bbox 844 4636 1266 4708; x_wconf 75' lang='grc' dir='ltr'>ἐνδεικνύμενοι,</span> <span class='ocrx_word' id='word_1_441' title='bbox 1291 4640 1350 4691; x_wconf 82' lang='grc' dir='ltr'>ὲν</span> <span class='ocrx_word' id='word_1_442' title='bbox 1373 4637 1537 4711; x_wconf 85' lang='grc' dir='ltr'>κημῷ</span> <span class='ocrx_word' id='word_1_443' title='bbox 1566 4639 1660 4693; x_wconf 75' lang='grc' dir='ltr'><strong>καὶ</strong></span> <span class='ocrx_word' id='word_1_444' title='bbox 1687 4638 1888 4710; x_wconf 81' lang='grc' dir='ltr'>χαλινῷ</span> <span class='ocrx_word' id='word_1_445' title='bbox 1920 4639 2020 4703; x_wconf 81' lang='grc' dir='ltr'>τὰς</span> 
     </span>
    </p>
   </div>
   <div class='ocr_carea' id='block_1_66' title="bbox 446 4726 2022 4798">
    <p class='ocr_par' dir='ltr' id='par_1_66' title="bbox 446 4726 2022 4798">
     <span class='ocr_line' id='line_1_66' title="bbox 446 4726 2022 4798; baseline 0.005 -21"><span class='ocrx_word' id='word_1_446' title='bbox 446 4726 701 4794; x_wconf 88' lang='grc' dir='ltr'>σιαγόνας</span> <span class='ocrx_word' id='word_1_447' title='bbox 735 4728 843 4781; x_wconf 89' lang='grc' dir='ltr'><strong>τῶν</strong></span> <span class='ocrx_word' id='word_1_448' title='bbox 872 4728 947 4798; x_wconf 81' lang='grc' dir='ltr'>μὴ</span> <span class='ocrx_word' id='word_1_449' title='bbox 976 4728 1113 4798; x_wconf 87' lang='grc' dir='ltr'>πρὸς</span> <span class='ocrx_word' id='word_1_450' title='bbox 1142 4729 1274 4783; x_wconf 83' lang='grc' dir='ltr'>Θεὸν</span> <span class='ocrx_word' id='word_1_451' title='bbox 1304 4728 1635 4797; x_wconf 75' lang='grc' dir='ltr'>ἐγγιζόντων</span> <span class='ocrx_word' id='word_1_452' title='bbox 1663 4730 1753 4784; x_wconf 71' lang='grc' dir='ltr'>διὰ</span> <span class='ocrx_word' id='word_1_453' title='bbox 1787 4731 2022 4794; x_wconf 84' lang='grc' dir='ltr'>πίστεως</span> 
     </span>
    </p>
   </div>
   <div class='ocr_carea' id='block_1_67' title="bbox 442 4818 2023 4889">
    <p class='ocr_par' dir='ltr' id='par_1_67' title="bbox 442 4818 2023 4889">
     <span class='ocr_line' id='line_1_67' title="bbox 442 4818 2023 4889; baseline 0.004 -19"><span class='ocrx_word' id='word_1_454' title='bbox 442 4818 724 4887; x_wconf 79' lang='grc' dir='ltr'>ἄγχοντες.</span> <span class='ocrx_word' id='word_1_455' title='bbox 756 4819 994 4883; x_wconf 82' lang='grc' dir='ltr'>Ἐκεῖνος</span> <span class='ocrx_word' id='word_1_456' title='bbox 1024 4820 1132 4889; x_wconf 81' lang='grc' dir='ltr'><strong>γὰρ</strong></span> <span class='ocrx_word' id='word_1_457' title='bbox 1157 4823 1184 4873; x_wconf 90' lang='lat'><strong>6</strong></span> <span class='ocrx_word' id='word_1_458' title='bbox 1203 4824 1447 4889; x_wconf 85' lang='grc' dir='ltr'>γενναῖος</span> <span class='ocrx_word' id='word_1_459' title='bbox 1463 4822 1682 4885; x_wconf 90' lang='grc' dir='ltr'>νεανίας</span> <span class='ocrx_word' id='word_1_460' title='bbox 1706 4824 1734 4876; x_wconf 87' lang='grc' dir='ltr'>ὁ</span> <span class='ocrx_word' id='word_1_461' title='bbox 1754 4822 2023 4886; x_wconf 88' lang='grc' dir='ltr'>τοσαύτας</span> 
     </span>
    </p>
   </div>
   <div class='ocr_carea' id='block_1_68' title="bbox 448 4909 2024 4984">
    <p class='ocr_par' dir='ltr' id='par_1_68' title="bbox 448 4909 2024 4984">
     <span class='ocr_line' id='line_1_68' title="bbox 448 4909 2024 4984; baseline 0.003 -23"><span class='ocrx_word' id='word_1_462' title='bbox 448 4909 547 4978; x_wconf 86' lang='grc' dir='ltr'><strong>μὲν</strong></span> <span class='ocrx_word' id='word_1_463' title='bbox 597 4910 968 4980; x_wconf 79' lang='grc' dir='ltr'>παραινέσεις,</span> <span class='ocrx_word' id='word_1_464' title='bbox 1020 4912 1288 4974; x_wconf 85' lang='grc' dir='ltr'>τοσαύτας</span> <span class='ocrx_word' id='word_1_465' title='bbox 1317 4912 1374 4965; x_wconf 82' lang='grc' dir='ltr'><strong>δὲ</strong></span> <span class='ocrx_word' id='word_1_466' title='bbox 1409 4913 1717 4984; x_wconf 87' lang='grc' dir='ltr'>μαρτυρίας</span> <span class='ocrx_word' id='word_1_467' title='bbox 1756 4913 1850 4966; x_wconf 61' lang='grc' dir='ltr'><strong>καὶ⁹</strong></span> <span class='ocrx_word' id='word_1_468' title='bbox 1871 4911 2024 4984; x_wconf 80' lang='grc' dir='ltr'>τηλι-</span> 
     </span>
    </p>
   </div>
   <div class='ocr_carea' id='block_1_69' title="bbox 445 4997 2024 5070">
    <p class='ocr_par' dir='ltr' id='par_1_69' title="bbox 445 4997 2024 5070">
     <span class='ocr_line' id='line_1_69' title="bbox 445 4997 2024 5070; baseline 0.006 -22"><span class='ocrx_word' id='word_1_469' title='bbox 445 4997 652 5060; x_wconf 90' lang='grc' dir='ltr'>καύτας</span> <span class='ocrx_word' id='word_1_470' title='bbox 691 4999 980 5062; x_wconf 83' lang='grc' dir='ltr'>ὀπτασίας,</span> <span class='ocrx_word' id='word_1_471' title='bbox 1014 5000 1108 5053; x_wconf 76' lang='grc' dir='ltr'><strong>καί</strong></span> <span class='ocrx_word' id='word_1_472' title='bbox 1151 5000 1259 5070; x_wconf 87' lang='grc' dir='ltr'><strong>πρό</strong></span> <span class='ocrx_word' id='word_1_473' title='bbox 1295 5017 1354 5069; x_wconf 85' lang='grc' dir='ltr'><strong>γε</strong></span> <span class='ocrx_word' id='word_1_474' title='bbox 1386 5001 1590 5055; x_wconf 88' lang='grc' dir='ltr'>τούτων</span> <span class='ocrx_word' id='word_1_475' title='bbox 1652 5003 1910 5057; x_wconf 79' lang='grc' dir='ltr'>ἁπάντων</span> <span class='ocrx_word' id='word_1_476' title='bbox 1964 5003 2024 5057; x_wconf 88' lang='grc' dir='ltr'><strong>τὸ</strong></span> 
     </span>
    </p>
   </div>
   <div class='ocr_carea' id='block_1_70' title="bbox 444 5090 2025 5165">
    <p class='ocr_par' dir='ltr' id='par_1_70' title="bbox 444 5090 2025 5165">
     <span class='ocr_line' id='line_1_70' title="bbox 444 5090 2025 5165; baseline 0.024 -23"><span class='ocrx_word' id='word_1_477' title='bbox 444 5090 533 5142; x_wconf 75' lang='grc' dir='ltr'><strong>ἐπ’</strong></span> <span class='ocrx_word' id='word_1_478' title='bbox 574 5091 723 5161; x_wconf 76' lang='grc' dir='ltr'>αὐτῷ</span> <span class='ocrx_word' id='word_1_479' title='bbox 768 5094 989 5160; x_wconf 70' lang='grc' dir='ltr'>γεγονὸς</span> <span class='ocrx_word' id='word_1_480' title='bbox 1020 5092 1205 5164; x_wconf 76' lang='grc' dir='ltr'>θαῦμα</span> <span class='ocrx_word' id='word_1_481' title='bbox 1244 5095 1769 5165; x_wconf 72' lang='grc' dir='ltr'>παραγραψάμενοςν</span> <span class='ocrx_word' id='word_1_482' title='bbox 1803 5094 1902 5160; x_wconf 61' lang='grc' dir='ltr'><strong>τὰς</strong></span> <span class='ocrx_word' id='word_1_483' title='bbox 1930 5113 2025 5165; x_wconf 58' lang='grc' dir='ltr'><strong>μιῖ</strong></span> 
     </span>
    </p>
   </div>
   <div class='ocr_carea' id='block_1_71' title="bbox 447 5182 2024 5257">
    <p class='ocr_par' dir='ltr' id='par_1_71' title="bbox 447 5182 2024 5257">
     <span class='ocr_line' id='line_1_71' title="bbox 447 5182 2024 5257; baseline 0.003 -22"><span class='ocrx_word' id='word_1_484' title='bbox 447 5182 587 5252; x_wconf 79' lang='grc' dir='ltr'>κρὰς</span> <span class='ocrx_word' id='word_1_485' title='bbox 615 5182 831 5247; x_wconf 82' lang='grc' dir='ltr'>ὲκείνας</span> <span class='ocrx_word' id='word_1_486' title='bbox 864 5186 963 5238; x_wconf 87' lang='grc' dir='ltr'><strong>ούκ</strong></span> <span class='ocrx_word' id='word_1_487' title='bbox 992 5184 1209 5255; x_wconf 71' lang='grc' dir='ltr'>ἴσχυσεν</span> <span class='ocrx_word' id='word_1_488' title='bbox 1234 5185 1698 5257; x_wconf 75' lang='grc' dir='ltr'>παραγράψασθαι</span> <span class='ocrx_word' id='word_1_489' title='bbox 1730 5187 2024 5256; x_wconf 88' lang='grc' dir='ltr'>μάστιγας,</span> 
     </span>
    </p>
   </div>
   <div class='ocr_carea' id='block_1_72' title="bbox 341 5275 2029 5368">
    <p class='ocr_par' dir='ltr' id='par_1_72' title="bbox 341 5275 2029 5368">
     <span class='ocr_line' id='line_1_72' title="bbox 341 5275 2029 5368; baseline 0.007 -42"><span class='ocrx_word' id='word_1_490' title='bbox 341 5346 357 5368; x_wconf 33' lang='grc'>⁸</span> <span class='ocrx_word' id='word_1_491' title='bbox 445 5275 828 5347; x_wconf 76' lang='grc' dir='ltr'>ἀλλ’έκραζεν,</span> <span class='ocrx_word' id='word_1_492' title='bbox 856 5279 1008 5342; x_wconf 77' lang='grc' dir='ltr'>ἐϐόα,</span> <span class='ocrx_word' id='word_1_493' title='bbox 1027 5279 1354 5343; x_wconf 83' lang='grc' dir='ltr'>ἐλιτὰνευεν,</span> <span class='ocrx_word' id='word_1_494' title='bbox 1385 5281 1896 5352; x_wconf 80' lang='grc' dir='ltr'>ὲκάλει,ήντισόλει,</span> <span class='ocrx_word' id='word_1_495' title='bbox 1916 5286 2029 5337; x_wconf 77' lang='grc' dir='ltr'>ἰκε-</span> 
     </span>
    </p>
   </div>
   <div class='ocr_carea' id='block_1_73' title="bbox 446 5368 2020 5446">
    <p class='ocr_par' dir='ltr' id='par_1_73' title="bbox 446 5368 2020 5446">
     <span class='ocr_line' id='line_1_73' title="bbox 446 5368 2020 5446; baseline 0.006 -25"><span class='ocrx_word' id='word_1_496' title='bbox 446 5368 596 5433; x_wconf 87' lang='grc' dir='ltr'>τείας</span> <span class='ocrx_word' id='word_1_497' title='bbox 616 5371 948 5441; x_wconf 83' lang='grc' dir='ltr'>ἀπέπεμπεν</span> <span class='ocrx_word' id='word_1_498' title='bbox 990 5372 1116 5436; x_wconf 80' lang='grc' dir='ltr'>τοὺς</span> <span class='ocrx_word' id='word_1_499' title='bbox 1179 5372 1466 5444; x_wconf 82' lang='grc' dir='ltr'>μάρτυρας</span> <span class='ocrx_word' id='word_1_500' title='bbox 1525 5374 1973 5446; x_wconf 77' lang='grc' dir='ltr'>ἀποκαλούμενος</span> <span class='ocrx_word' id='word_1_501' title='bbox 2005 5392 2020 5408; x_wconf 75' lang='grc' dir='ltr'><strong>ο</strong></span> 
     </span>
    </p>
   </div>
   <div class='ocr_carea' id='block_1_74' title="bbox 449 5456 2026 5538">
    <p class='ocr_par' dir='ltr' id='par_1_74' title="bbox 449 5456 2026 5538">
     <span class='ocr_line' id='line_1_74' title="bbox 449 5456 2026 5538; baseline 0.005 -28"><span class='ocrx_word' id='word_1_502' title='bbox 449 5460 543 5514; x_wconf 68' lang='grc' dir='ltr'><strong>καί⁵</strong></span> <span class='ocrx_word' id='word_1_503' title='bbox 588 5456 656 5532; x_wconf 79' lang='grc' dir='ltr'>ἦν</span> <span class='ocrx_word' id='word_1_504' title='bbox 696 5462 871 5528; x_wconf 76' lang='grc' dir='ltr'>οὐδεὶς</span> <span class='ocrx_word' id='word_1_505' title='bbox 909 5465 937 5517; x_wconf 89' lang='lat'><strong>6</strong></span> <span class='ocrx_word' id='word_1_506' title='bbox 963 5463 1327 5536; x_wconf 83' lang='grc' dir='ltr'>λυτρούμενος</span> <span class='ocrx_word' id='word_1_507' title='bbox 1369 5465 1402 5535; x_wconf 84' lang='grc' dir='ltr'>ἢ</span> <span class='ocrx_word' id='word_1_508' title='bbox 1449 5467 1478 5518; x_wconf 88' lang='lat'><strong>6</strong></span> <span class='ocrx_word' id='word_1_509' title='bbox 1533 5466 1793 5537; x_wconf 80' lang='grc' dir='ltr'>ῥυόμενος</span> <span class='ocrx_word' id='word_1_510' title='bbox 1841 5467 1875 5538; x_wconf 78' lang='grc' dir='ltr'><strong>ἢ</strong></span> <span class='ocrx_word' id='word_1_511' title='bbox 1916 5468 2026 5519; x_wconf 85' lang='grc' dir='ltr'><strong>τῶν</strong></span> 
     </span>
    </p>
   </div>
   <div class='ocr_carea' id='block_1_75' title="bbox 447 5550 2026 5630">
    <p class='ocr_par' dir='ltr' id='par_1_75' title="bbox 447 5550 2026 5630">
     <span class='ocr_line' id='line_1_75' title="bbox 447 5550 2026 5630; baseline 0.004 -26"><span class='ocrx_word' id='word_1_512' title='bbox 447 5550 636 5607; x_wconf 82' lang='grc' dir='ltr'>δεινῶν</span> <span class='ocrx_word' id='word_1_513' title='bbox 696 5554 1079 5625; x_wconf 78' lang='grc' dir='ltr'>ἐξαιρούμενος</span> <span class='ocrx_word' id='word_1_514' title='bbox 1134 5555 1167 5628; x_wconf 79' lang='grc' dir='ltr'>ἢ</span> <span class='ocrx_word' id='word_1_515' title='bbox 1222 5554 1489 5628; x_wconf 80' lang='grc' dir='ltr'>βοηθῆσαι</span> <span class='ocrx_word' id='word_1_516' title='bbox 1525 5556 1857 5630; x_wconf 81' lang='grc' dir='ltr'>δυνάμενος,</span> <span class='ocrx_word' id='word_1_517' title='bbox 1905 5558 2026 5611; x_wconf 73' lang='grc' dir='ltr'>ἐπεὶ</span> 
     </span>
    </p>
   </div>
   <div class='ocr_carea' id='block_1_76' title="bbox 444 5641 1722 5719">
    <p class='ocr_par' dir='ltr' id='par_1_76' title="bbox 444 5641 1722 5719">
     <span class='ocr_line' id='line_1_76' title="bbox 444 5641 1722 5719; baseline 0.006 -22"><span class='ocrx_word' id='word_1_518' title='bbox 444 5641 746 5714; x_wconf 76' lang='grc' dir='ltr'>τῶνὰγίων</span> <span class='ocrx_word' id='word_1_519' title='bbox 758 5642 826 5719; x_wconf 83' lang='grc' dir='ltr'>ἦν</span> <span class='ocrx_word' id='word_1_520' title='bbox 842 5647 1063 5719; x_wconf 73' lang='grc' dir='ltr'>ὀργὴτὸ</span> <span class='ocrx_word' id='word_1_521' title='bbox 1082 5648 1386 5716; x_wconf 83' lang='grc' dir='ltr'>γινόμενον.</span> <span class='ocrx_word' id='word_1_522' title='bbox 1716 5685 1722 5693; x_wconf 92' lang='grc'><strong>-</strong></span> 
     </span>
    </p>
   </div>
   <div class='ocr_carea' id='block_1_77' title="bbox 536 5737 2021 5813">
    <p class='ocr_par' dir='ltr' id='par_1_77' title="bbox 536 5737 2021 5813">
     <span class='ocr_line' id='line_1_77' title="bbox 536 5737 2021 5813; baseline 0.002 -22"><span class='ocrx_word' id='word_1_523' title='bbox 536 5737 674 5792; x_wconf 79' lang='grc' dir='ltr'>Ἀλλ’</span> <span class='ocrx_word' id='word_1_524' title='bbox 713 5740 801 5793; x_wconf 76' lang='grc' dir='ltr'><strong>ὅτε</strong></span> <span class='ocrx_word' id='word_1_525' title='bbox 842 5739 1004 5795; x_wconf 84' lang='grc' dir='ltr'>αὐτοῦ</span> <span class='ocrx_word' id='word_1_526' title='bbox 1035 5741 1098 5795; x_wconf 85' lang='grc' dir='ltr'><strong>τὸ</strong></span> <span class='ocrx_word' id='word_1_527' title='bbox 1134 5741 1394 5799; x_wconf 81' lang='grc' dir='ltr'>αἰθασσον</span> <span class='ocrx_word' id='word_1_528' title='bbox 1444 5740 1718 5806; x_wconf 85' lang='grc' dir='ltr'>τοιαύταις</span> <span class='ocrx_word' id='word_1_529' title='bbox 1766 5740 2021 5813; x_wconf 75' lang='grc' dir='ltr'>βασᾴνοις</span> 
     </span>
    </p>
   </div>
   <div class='ocr_carea' id='block_1_78' title="bbox 2115 1876 3689 1950">
    <p class='ocr_par' dir='ltr' id='par_1_78' title="bbox 2115 1876 3689 1950">
     <span class='ocr_line' id='line_1_78' title="bbox 2115 1876 3689 1950; baseline -0.002 -16"><span class='ocrx_word' id='word_1_530' title='bbox 2115 1889 2324 1946; x_wconf 86' lang='lat' dir='ltr'><strong>rentes,</strong></span> <span class='ocrx_word' id='word_1_531' title='bbox 2353 1880 2601 1934; x_wconf 87' lang='lat' dir='ltr'><strong>divinum</strong></span> <span class='ocrx_word' id='word_1_532' title='bbox 2657 1881 2841 1950; x_wconf 89' lang='lat' dir='ltr'><strong>potius</strong></span> <span class='ocrx_word' id='word_1_533' title='bbox 2882 1879 3150 1934; x_wconf 76' lang='lat' dir='ltr'><strong>auxilium</strong></span> <span class='ocrx_word' id='word_1_534' title='bbox 3200 1886 3550 1947; x_wconf 79' lang='lat' dir='ltr'><strong>exaptantes.</strong></span> <span class='ocrx_word' id='word_1_535' title='bbox 3616 1876 3689 1931; x_wconf 82' lang='lat' dir='ltr'><strong>At</strong></span> 
     </span>
    </p>
   </div>
   <div class='ocr_carea' id='block_1_79' title="bbox 2113 1969 3690 2043">
    <p class='ocr_par' dir='ltr' id='par_1_79' title="bbox 2113 1969 3690 2043">
     <span class='ocr_line' id='line_1_79' title="bbox 2113 1969 3690 2043; baseline -0.004 -14"><span class='ocrx_word' id='word_1_536' title='bbox 2113 1989 2244 2029; x_wconf 86' lang='lat' dir='ltr'><strong>vero</strong></span> <span class='ocrx_word' id='word_1_537' title='bbox 2277 1972 2643 2027; x_wconf 84' lang='lat' dir='ltr'><strong>sacratissimi</strong></span> <span class='ocrx_word' id='word_1_538' title='bbox 2681 1979 2949 2043; x_wconf 81' lang='lat' dir='ltr'><strong>martyres</strong></span> <span class='ocrx_word' id='word_1_539' title='bbox 2989 1986 3154 2040; x_wconf 87' lang='lat' dir='ltr'><strong>super</strong></span> <span class='ocrx_word' id='word_1_540' title='bbox 3179 1970 3435 2039; x_wconf 84' lang='lat' dir='ltr'><strong>juvenem</strong></span> <span class='ocrx_word' id='word_1_541' title='bbox 3469 1969 3690 2024; x_wconf 89' lang='lat' dir='ltr'><strong>miseri-</strong></span> 
     </span>
    </p>
   </div>
   <div class='ocr_carea' id='block_1_80' title="bbox 2113 2061 3689 2134">
    <p class='ocr_par' dir='ltr' id='par_1_80' title="bbox 2113 2061 3689 2134">
     <span class='ocr_line' id='line_1_80' title="bbox 2113 2061 3689 2134; baseline -0.004 -12"><span class='ocrx_word' id='word_1_542' title='bbox 2113 2065 2305 2123; x_wconf 87' lang='lat' dir='ltr'><strong>cordia</strong></span> <span class='ocrx_word' id='word_1_543' title='bbox 2339 2063 2496 2130; x_wconf 89' lang='lat' dir='ltr'><strong>moti,</strong></span> <span class='ocrx_word' id='word_1_544' title='bbox 2550 2063 2803 2118; x_wconf 88' lang='lat' dir='ltr'><strong>dolorum</strong></span> <span class='ocrx_word' id='word_1_545' title='bbox 2856 2062 3077 2134; x_wconf 74' lang='lat' dir='ltr'><strong>quidem</strong></span> <span class='ocrx_word' id='word_1_546' title='bbox 3131 2062 3385 2117; x_wconf 84' lang='lat' dir='ltr'><strong>stimulos</strong></span> <span class='ocrx_word' id='word_1_547' title='bbox 3435 2061 3689 2116; x_wconf 79' lang='lat' dir='ltr'><strong>reddide-</strong></span> 
     </span>
    </p>
   </div>
   <div class='ocr_carea' id='block_1_81' title="bbox 2111 2153 3749 2221">
    <p class='ocr_par' dir='ltr' id='par_1_81' title="bbox 2111 2153 3749 2221">
     <span class='ocr_line' id='line_1_81' title="bbox 2111 2153 3749 2221; baseline -0.005 -9"><span class='ocrx_word' id='word_1_548' title='bbox 2111 2167 2240 2212; x_wconf 81' lang='lat' dir='ltr'><strong>runt</strong></span> <span class='ocrx_word' id='word_1_549' title='bbox 2280 2157 2534 2219; x_wconf 79' lang='lat' dir='ltr'><strong>obtusas,</strong></span> <span class='ocrx_word' id='word_1_550' title='bbox 2562 2170 2758 2210; x_wconf 89' lang='lat' dir='ltr'><strong>manus</strong></span> <span class='ocrx_word' id='word_1_551' title='bbox 2786 2161 2966 2208; x_wconf 89' lang='lat' dir='ltr'><strong>autem</strong></span> <span class='ocrx_word' id='word_1_552' title='bbox 3004 2167 3241 2217; x_wconf 86' lang='lat' dir='ltr'><strong>movere,</strong></span> <span class='ocrx_word' id='word_1_553' title='bbox 3272 2168 3336 2207; x_wconf 88' lang='lat' dir='ltr'><strong>ac</strong></span> <span class='ocrx_word' id='word_1_554' title='bbox 3366 2153 3528 2221; x_wconf 83' lang='lat' dir='ltr'><strong>pedes</strong></span> <span class='ocrx_word' id='word_1_555' title='bbox 3557 2165 3689 2221; x_wconf 87' lang='lat' dir='ltr'><strong>par-</strong></span> <span class='ocrx_word' id='word_1_556' title='bbox 3738 2174 3749 2183; x_wconf 88' lang='lat'><strong><em>-</em></strong></span> 
     </span>
    </p>
   </div>
   <div class='ocr_carea' id='block_1_82' title="bbox 2112 2243 3689 2316">
    <p class='ocr_par' dir='ltr' id='par_1_82' title="bbox 2112 2243 3689 2316">
     <span class='ocr_line' id='line_1_82' title="bbox 2112 2243 3689 2316; baseline -0.003 -13"><span class='ocrx_word' id='word_1_557' title='bbox 2112 2251 2208 2304; x_wconf 92' lang='lat' dir='ltr'><strong>tim</strong></span> <span class='ocrx_word' id='word_1_558' title='bbox 2235 2248 2535 2305; x_wconf 80' lang='lat' dir='ltr'><strong>extendere</strong></span> <span class='ocrx_word' id='word_1_559' title='bbox 2589 2248 2961 2313; x_wconf 81' lang='lat' dir='ltr'><strong>donaverunt,</strong></span> <span class='ocrx_word' id='word_1_560' title='bbox 3020 2245 3318 2316; x_wconf 83' lang='lat' dir='ltr'><strong>perfectam</strong></span> <span class='ocrx_word' id='word_1_561' title='bbox 3368 2246 3514 2298; x_wconf 87' lang='lat' dir='ltr'><strong>enim</strong></span> <span class='ocrx_word' id='word_1_562' title='bbox 3576 2243 3689 2298; x_wconf 86' lang='lat' dir='ltr'><strong>illis</strong></span> 
     </span>
    </p>
   </div>
   <div class='ocr_carea' id='block_1_83' title="bbox 2114 2333 3690 2409">
    <p class='ocr_par' dir='ltr' id='par_1_83' title="bbox 2114 2333 3690 2409">
     <span class='ocr_line' id='line_1_83' title="bbox 2114 2333 3690 2409; baseline -0.004 -18"><span class='ocrx_word' id='word_1_563' title='bbox 2114 2340 2361 2409; x_wconf 55' lang='lat' dir='ltr'><strong>praebere</strong></span> <span class='ocrx_word' id='word_1_564' title='bbox 2396 2337 2710 2402; x_wconf 86' lang='lat' dir='ltr'><strong>sanitatem,</strong></span> <span class='ocrx_word' id='word_1_565' title='bbox 2744 2335 2992 2406; x_wconf 61' lang='lat' dir='ltr'><strong>quaedam</strong></span> <span class='ocrx_word' id='word_1_566' title='bbox 3057 2349 3223 2389; x_wconf 87' lang='lat' dir='ltr'><strong>causa</strong></span> <span class='ocrx_word' id='word_1_567' title='bbox 3278 2333 3550 2401; x_wconf 72' lang='lat' dir='ltr'><strong>dogmatis</strong></span> <span class='ocrx_word' id='word_1_568' title='bbox 3583 2333 3690 2386; x_wconf 91' lang='lat' dir='ltr'><strong>im-</strong></span> 
     </span>
    </p>
   </div>
   <div class='ocr_carea' id='block_1_84' title="bbox 2115 2424 3691 2498">
    <p class='ocr_par' dir='ltr' id='par_1_84' title="bbox 2115 2424 3691 2498">
     <span class='ocr_line' id='line_1_84' title="bbox 2115 2424 3691 2498; baseline -0.003 -14"><span class='ocrx_word' id='word_1_569' title='bbox 2115 2431 2342 2498; x_wconf 89' lang='lat' dir='ltr'><strong>pedivit.</strong></span> <span class='ocrx_word' id='word_1_570' title='bbox 2370 2428 2621 2485; x_wconf 90' lang='lat' dir='ltr'><strong>Julianus</strong></span> <span class='ocrx_word' id='word_1_571' title='bbox 2675 2428 2875 2498; x_wconf 87' lang='lat' dir='ltr'><strong>quippe</strong></span> <span class='ocrx_word' id='word_1_572' title='bbox 2929 2427 3021 2482; x_wconf 90' lang='lat' dir='ltr'><strong>hic</strong></span> <span class='ocrx_word' id='word_1_573' title='bbox 3059 2427 3268 2497; x_wconf 86' lang='lat' dir='ltr'><strong>junior,</strong></span> <span class='ocrx_word' id='word_1_574' title='bbox 3305 2441 3429 2479; x_wconf 87' lang='lat' dir='ltr'><strong>cum</strong></span> <span class='ocrx_word' id='word_1_575' title='bbox 3487 2424 3691 2480; x_wconf 85' lang='lat' dir='ltr'><strong>Juliani</strong></span> 
     </span>
    </p>
   </div>
   <div class='ocr_carea' id='block_1_85' title="bbox 2115 2517 3689 2593">
    <p class='ocr_par' dir='ltr' id='par_1_85' title="bbox 2115 2517 3689 2593">
     <span class='ocr_line' id='line_1_85' title="bbox 2115 2517 3689 2593; baseline -0.004 -18"><span class='ocrx_word' id='word_1_576' title='bbox 2115 2522 2570 2593; x_wconf 75' lang='lat' dir='ltr'><strong>(Apollinaristae)</strong></span> <span class='ocrx_word' id='word_1_577' title='bbox 2600 2521 2801 2575; x_wconf 85' lang='lat' dir='ltr'><strong>veteris</strong></span> <span class='ocrx_word' id='word_1_578' title='bbox 2892 2519 3396 2573; x_wconf 85' lang='lat' dir='ltr'><strong>Halicarnasseusis</strong></span> <span class='ocrx_word' id='word_1_579' title='bbox 3440 2517 3689 2571; x_wconf 75' lang='lat' dir='ltr'><strong>haeresim</strong></span> 
     </span>
    </p>
   </div>
   <div class='ocr_carea' id='block_1_86' title="bbox 2115 2608 3693 2686">
    <p class='ocr_par' dir='ltr' id='par_1_86' title="bbox 2115 2608 3693 2686">
     <span class='ocr_line' id='line_1_86' title="bbox 2115 2608 3693 2686; baseline -0.004 -16"><span class='ocrx_word' id='word_1_580' title='bbox 2115 2615 2270 2686; x_wconf 86' lang='lat' dir='ltr'><strong>sequi</strong></span> <span class='ocrx_word' id='word_1_581' title='bbox 2314 2615 2579 2680; x_wconf 81' lang='lat' dir='ltr'><strong>vovisset,</strong></span> <span class='ocrx_word' id='word_1_582' title='bbox 2607 2624 3018 2678; x_wconf 84' lang='lat' dir='ltr'><strong>consentaneus</strong></span> <span class='ocrx_word' id='word_1_583' title='bbox 3072 2619 3191 2666; x_wconf 85' lang='lat' dir='ltr'><strong>erat</strong></span> <span class='ocrx_word' id='word_1_584' title='bbox 3212 2610 3377 2664; x_wconf 87' lang='lat' dir='ltr'><strong>etiam</strong></span> <span class='ocrx_word' id='word_1_585' title='bbox 3412 2608 3693 2680; x_wconf 86' lang='lat' dir='ltr'><strong>opinionis</strong></span> 
     </span>
    </p>
   </div>
   <div class='ocr_carea' id='block_1_87' title="bbox 2113 2701 3695 2778">
    <p class='ocr_par' dir='ltr' id='par_1_87' title="bbox 2113 2701 3695 2778">
     <span class='ocr_line' id='line_1_87' title="bbox 2113 2701 3695 2778; baseline -0.006 -14"><span class='ocrx_word' id='word_1_586' title='bbox 2113 2708 2390 2778; x_wconf 83' lang='lat' dir='ltr'><strong>ejusdem.</strong></span> <span class='ocrx_word' id='word_1_587' title='bbox 2447 2705 2572 2760; x_wconf 69' lang='lat' dir='ltr'><strong>llaec</strong></span> <span class='ocrx_word' id='word_1_588' title='bbox 2623 2707 2807 2760; x_wconf 77' lang='lat' dir='ltr'><strong>ferens</strong></span> <span class='ocrx_word' id='word_1_589' title='bbox 2855 2705 2910 2759; x_wconf 90' lang='lat' dir='ltr'><strong>in</strong></span> <span class='ocrx_word' id='word_1_590' title='bbox 2965 2704 3149 2758; x_wconf 86' lang='lat' dir='ltr'><strong>animo</strong></span> <span class='ocrx_word' id='word_1_591' title='bbox 3195 2701 3448 2758; x_wconf 80' lang='lat' dir='ltr'><strong>Julianus</strong></span> <span class='ocrx_word' id='word_1_592' title='bbox 3504 2701 3695 2773; x_wconf 88' lang='lat' dir='ltr'><strong>junior</strong></span> 
     </span>
    </p>
   </div>
   <div class='ocr_carea' id='block_1_88' title="bbox 2114 2793 3695 2869">
    <p class='ocr_par' dir='ltr' id='par_1_88' title="bbox 2114 2793 3695 2869">
     <span class='ocr_line' id='line_1_88' title="bbox 2114 2793 3695 2869; baseline -0.003 -16"><span class='ocrx_word' id='word_1_593' title='bbox 2114 2798 2391 2867; x_wconf 77' lang='lat' dir='ltr'><strong>dogmata,</strong></span> <span class='ocrx_word' id='word_1_594' title='bbox 2424 2814 2534 2853; x_wconf 89' lang='lat' dir='ltr'><strong>non</strong></span> <span class='ocrx_word' id='word_1_595' title='bbox 2569 2806 2792 2869; x_wconf 84' lang='lat' dir='ltr'><strong>propter</strong></span> <span class='ocrx_word' id='word_1_596' title='bbox 2836 2796 2927 2851; x_wconf 89' lang='lat' dir='ltr'><strong>illa</strong></span> <span class='ocrx_word' id='word_1_597' title='bbox 2959 2796 3189 2869; x_wconf 85' lang='lat' dir='ltr'><strong>sanctis,</strong></span> <span class='ocrx_word' id='word_1_598' title='bbox 3222 2794 3315 2850; x_wconf 85' lang='lat' dir='ltr'><strong>sed</strong></span> <span class='ocrx_word' id='word_1_599' title='bbox 3341 2793 3413 2849; x_wconf 90' lang='lat' dir='ltr'><strong>ob</strong></span> <span class='ocrx_word' id='word_1_600' title='bbox 3442 2794 3695 2864; x_wconf 90' lang='lat' dir='ltr'><strong>corporis</strong></span> 
     </span>
    </p>
   </div>
   <div class='ocr_carea' id='block_1_89' title="bbox 2115 2881 3696 2957">
    <p class='ocr_par' dir='ltr' id='par_1_89' title="bbox 2115 2881 3696 2957">
     <span class='ocr_line' id='line_1_89' title="bbox 2115 2881 3696 2957; baseline -0.003 -17"><span class='ocrx_word' id='word_1_601' title='bbox 2115 2886 2539 2957; x_wconf 78' lang='lat' dir='ltr'><strong>approximabat</strong></span> <span class='ocrx_word' id='word_1_602' title='bbox 2602 2886 2947 2956; x_wconf 87' lang='lat' dir='ltr'><strong>languorem.</strong></span> <span class='ocrx_word' id='word_1_603' title='bbox 3011 2882 3179 2936; x_wconf 86' lang='lat' dir='ltr'><strong>Porro</strong></span> <span class='ocrx_word' id='word_1_604' title='bbox 3223 2881 3364 2936; x_wconf 80' lang='lat' dir='ltr'><strong>beati</strong></span> <span class='ocrx_word' id='word_1_605' title='bbox 3427 2893 3696 2952; x_wconf 86' lang='lat' dir='ltr'><strong>martyres</strong></span> 
     </span>
    </p>
   </div>
   <div class='ocr_carea' id='block_1_90' title="bbox 2120 2971 3697 3047">
    <p class='ocr_par' dir='ltr' id='par_1_90' title="bbox 2120 2971 3697 3047">
     <span class='ocr_line' id='line_1_90' title="bbox 2120 2971 3697 3047; baseline -0.005 -15"><span class='ocrx_word' id='word_1_606' title='bbox 2120 2979 2436 3047; x_wconf 79' lang='lat' dir='ltr'><strong>frequenter</strong></span> <span class='ocrx_word' id='word_1_607' title='bbox 2466 2986 2522 3032; x_wconf 91' lang='lat' dir='ltr'><strong>et</strong></span> <span class='ocrx_word' id='word_1_608' title='bbox 2566 2989 2728 3031; x_wconf 87' lang='lat' dir='ltr'><strong>noctu</strong></span> <span class='ocrx_word' id='word_1_609' title='bbox 2765 2984 3116 3046; x_wconf 80' lang='lat' dir='ltr'><strong>apparentes,</strong></span> <span class='ocrx_word' id='word_1_610' title='bbox 3153 2972 3223 3027; x_wconf 87' lang='lat' dir='ltr'><strong>ab</strong></span> <span class='ocrx_word' id='word_1_611' title='bbox 3251 2971 3566 3041; x_wconf 73' lang='lat' dir='ltr'><strong>huiusmodi</strong></span> <span class='ocrx_word' id='word_1_612' title='bbox 3595 2971 3697 3025; x_wconf 87' lang='lat' dir='ltr'><strong>do-</strong></span> 
     </span>
    </p>
   </div>
   <div class='ocr_carea' id='block_1_91' title="bbox 2117 3061 3699 3140">
    <p class='ocr_par' dir='ltr' id='par_1_91' title="bbox 2117 3061 3699 3140">
     <span class='ocr_line' id='line_1_91' title="bbox 2117 3061 3699 3140; baseline -0.004 -18"><span class='ocrx_word' id='word_1_613' title='bbox 2117 3076 2300 3140; x_wconf 86' lang='lat' dir='ltr'><strong>gmate</strong></span> <span class='ocrx_word' id='word_1_614' title='bbox 2329 3068 2626 3123; x_wconf 88' lang='lat' dir='ltr'><strong>monebant</strong></span> <span class='ocrx_word' id='word_1_615' title='bbox 2653 3066 2974 3129; x_wconf 87' lang='lat' dir='ltr'><strong>abscedere,</strong></span> <span class='ocrx_word' id='word_1_616' title='bbox 3023 3073 3078 3119; x_wconf 89' lang='lat' dir='ltr'><strong>et</strong></span> <span class='ocrx_word' id='word_1_617' title='bbox 3125 3062 3386 3117; x_wconf 65' lang='lat' dir='ltr'><strong>Ecclesia:</strong></span> <span class='ocrx_word' id='word_1_618' title='bbox 3416 3061 3699 3117; x_wconf 66' lang='lat' dir='ltr'><strong>catholica:</strong></span> 
     </span>
    </p>
   </div>
   <div class='ocr_carea' id='block_1_92' title="bbox 2117 3153 3695 3229">
    <p class='ocr_par' dir='ltr' id='par_1_92' title="bbox 2117 3153 3695 3229">
     <span class='ocr_line' id='line_1_92' title="bbox 2117 3153 3695 3229; baseline -0.004 -15"><span class='ocrx_word' id='word_1_619' title='bbox 2117 3161 2562 3216; x_wconf 85' lang='lat' dir='ltr'><strong>communionem</strong></span> <span class='ocrx_word' id='word_1_620' title='bbox 2637 3157 2912 3229; x_wconf 82' lang='lat' dir='ltr'><strong>amplecti.</strong></span> <span class='ocrx_word' id='word_1_621' title='bbox 2991 3156 3268 3211; x_wconf 81' lang='lat' dir='ltr'><strong>Multoties</strong></span> <span class='ocrx_word' id='word_1_622' title='bbox 3336 3169 3467 3209; x_wconf 72' lang='lat' dir='ltr'><strong>vero</strong></span> <span class='ocrx_word' id='word_1_623' title='bbox 3529 3153 3695 3208; x_wconf 89' lang='lat' dir='ltr'><strong>etiam</strong></span> 
     </span>
    </p>
   </div>
   <div class='ocr_carea' id='block_1_93' title="bbox 2119 3243 3697 3321">
    <p class='ocr_par' dir='ltr' id='par_1_93' title="bbox 2119 3243 3697 3321">
     <span class='ocr_line' id='line_1_93' title="bbox 2119 3243 3697 3321; baseline -0.007 -14"><span class='ocrx_word' id='word_1_624' title='bbox 2119 3253 2348 3307; x_wconf 88' lang='lat' dir='ltr'><strong>calicem</strong></span> <span class='ocrx_word' id='word_1_625' title='bbox 2391 3250 2687 3321; x_wconf 88' lang='lat' dir='ltr'><strong>portabant</strong></span> <span class='ocrx_word' id='word_1_626' title='bbox 2747 3256 3026 3311; x_wconf 86' lang='lat' dir='ltr'><strong>sanctum,</strong></span> <span class='ocrx_word' id='word_1_627' title='bbox 3117 3261 3353 3316; x_wconf 87' lang='lat' dir='ltr'><strong>corpore</strong></span> <span class='ocrx_word' id='word_1_628' title='bbox 3405 3243 3697 3298; x_wconf 73' lang='lat' dir='ltr'><strong>Dominiro</strong></span> 
     </span>
    </p>
   </div>
   <div class='ocr_carea' id='block_1_94' title="bbox 2120 3339 3700 3416">
    <p class='ocr_par' dir='ltr' id='par_1_94' title="bbox 2120 3339 3700 3416">
     <span class='ocr_line' id='line_1_94' title="bbox 2120 3339 3700 3416; baseline -0.004 -19"><span class='ocrx_word' id='word_1_629' title='bbox 2120 3344 2340 3416; x_wconf 90' lang='lat' dir='ltr'><strong>plenum</strong></span> <span class='ocrx_word' id='word_1_630' title='bbox 2368 3353 2422 3399; x_wconf 92' lang='lat' dir='ltr'><strong>et</strong></span> <span class='ocrx_word' id='word_1_631' title='bbox 2452 3344 2745 3415; x_wconf 88' lang='lat' dir='ltr'><strong>sanguine,</strong></span> <span class='ocrx_word' id='word_1_632' title='bbox 2773 3349 2828 3396; x_wconf 88' lang='lat' dir='ltr'><strong>et</strong></span> <span class='ocrx_word' id='word_1_633' title='bbox 2853 3341 3115 3397; x_wconf 82' lang='lat' dir='ltr'><strong>accedere</strong></span> <span class='ocrx_word' id='word_1_634' title='bbox 3150 3341 3301 3394; x_wconf 91' lang='lat' dir='ltr'><strong>illum</strong></span> <span class='ocrx_word' id='word_1_635' title='bbox 3325 3339 3700 3395; x_wconf 85' lang='lat' dir='ltr'><strong>exhortaban-</strong></span> 
     </span>
    </p>
   </div>
   <div class='ocr_carea' id='block_1_95' title="bbox 2121 3432 3698 3508">
    <p class='ocr_par' dir='ltr' id='par_1_95' title="bbox 2121 3432 3698 3508">
     <span class='ocr_line' id='line_1_95' title="bbox 2121 3432 3698 3508; baseline -0.004 -17"><span class='ocrx_word' id='word_1_636' title='bbox 2121 3447 2248 3504; x_wconf 87' lang='lat' dir='ltr'><strong>tur;</strong></span> <span class='ocrx_word' id='word_1_637' title='bbox 2284 3437 2411 3508; x_wconf 85' lang='lat' dir='ltr'><strong>ipsi,</strong></span> <span class='ocrx_word' id='word_1_638' title='bbox 2442 3446 2499 3492; x_wconf 91' lang='lat' dir='ltr'><strong>ut</strong></span> <span class='ocrx_word' id='word_1_639' title='bbox 2528 3437 2888 3507; x_wconf 88' lang='lat' dir='ltr'><strong>putabantur,</strong></span> <span class='ocrx_word' id='word_1_640' title='bbox 2959 3443 3266 3497; x_wconf 88' lang='lat' dir='ltr'><strong>sumentes,</strong></span> <span class='ocrx_word' id='word_1_641' title='bbox 3319 3442 3374 3488; x_wconf 89' lang='lat' dir='ltr'><strong>et</strong></span> <span class='ocrx_word' id='word_1_642' title='bbox 3417 3432 3698 3487; x_wconf 73' lang='lat' dir='ltr'><strong>lulianum</strong></span> 
     </span>
    </p>
   </div>
   <div class='ocr_carea' id='block_1_96' title="bbox 2120 3531 3701 3597">
    <p class='ocr_par' dir='ltr' id='par_1_96' title="bbox 2120 3531 3701 3597">
     <span class='ocr_line' id='line_1_96' title="bbox 2120 3531 3701 3597; baseline -0.006 -9"><span class='ocrx_word' id='word_1_643' title='bbox 2120 3546 2305 3588; x_wconf 89' lang='lat' dir='ltr'><strong>secum</strong></span> <span class='ocrx_word' id='word_1_644' title='bbox 2383 3545 2602 3587; x_wconf 90' lang='lat' dir='ltr'><strong>sumere</strong></span> <span class='ocrx_word' id='word_1_645' title='bbox 2671 3531 3010 3585; x_wconf 71' lang='lat' dir='ltr'><strong>advocantes</strong></span> <span class='ocrx_word' id='word_1_646' title='bbox 3055 3546 3069 3583; x_wconf 88' lang='lat'><strong>:</strong></span> <span class='ocrx_word' id='word_1_647' title='bbox 3112 3541 3508 3597; x_wconf 84' lang='lat' dir='ltr'><strong>nonnunquam</strong></span> <span class='ocrx_word' id='word_1_648' title='bbox 3569 3541 3701 3580; x_wconf 85' lang='lat' dir='ltr'><strong>vero</strong></span> 
     </span>
    </p>
   </div>
   <div class='ocr_carea' id='block_1_97' title="bbox 2119 3618 3699 3693">
    <p class='ocr_par' dir='ltr' id='par_1_97' title="bbox 2119 3618 3699 3693">
     <span class='ocr_line' id='line_1_97' title="bbox 2119 3618 3699 3693; baseline -0.005 -13"><span class='ocrx_word' id='word_1_649' title='bbox 2119 3626 2282 3680; x_wconf 89' lang='lat' dir='ltr'><strong>etiam</strong></span> <span class='ocrx_word' id='word_1_650' title='bbox 2316 3638 2443 3678; x_wconf 90' lang='lat' dir='ltr'><strong>cum</strong></span> <span class='ocrx_word' id='word_1_651' title='bbox 2472 3638 2537 3679; x_wconf 87' lang='lat' dir='ltr'><strong>eo</strong></span> <span class='ocrx_word' id='word_1_652' title='bbox 2571 3621 2880 3693; x_wconf 89' lang='lat' dir='ltr'><strong>dogmatice</strong></span> <span class='ocrx_word' id='word_1_653' title='bbox 2909 3620 3288 3690; x_wconf 82' lang='lat' dir='ltr'><strong>disputabant,</strong></span> <span class='ocrx_word' id='word_1_654' title='bbox 3328 3618 3699 3674; x_wconf 76' lang='lat' dir='ltr'><strong>edisset-entes</strong></span> 
     </span>
    </p>
   </div>
   <div class='ocr_carea' id='block_1_98' title="bbox 2120 3714 3700 3784">
    <p class='ocr_par' dir='ltr' id='par_1_98' title="bbox 2120 3714 3700 3784">
     <span class='ocr_line' id='line_1_98' title="bbox 2120 3714 3700 3784; baseline -0.003 -15"><span class='ocrx_word' id='word_1_655' title='bbox 2120 3716 2410 3771; x_wconf 89' lang='lat' dir='ltr'><strong>veritatem</strong></span> <span class='ocrx_word' id='word_1_656' title='bbox 2445 3731 2569 3784; x_wconf 75' lang='lat' dir='ltr'><strong>qttae</strong></span> <span class='ocrx_word' id='word_1_657' title='bbox 2619 3715 2674 3769; x_wconf 90' lang='lat' dir='ltr'><strong>in</strong></span> <span class='ocrx_word' id='word_1_658' title='bbox 2704 3714 2949 3769; x_wconf 87' lang='lat' dir='ltr'><strong>Ecclesia</strong></span> <span class='ocrx_word' id='word_1_659' title='bbox 3005 3714 3358 3784; x_wconf 65' lang='lat' dir='ltr'><strong>praedicatur,</strong></span> <span class='ocrx_word' id='word_1_660' title='bbox 3404 3721 3458 3766; x_wconf 86' lang='lat' dir='ltr'><strong>et</strong></span> <span class='ocrx_word' id='word_1_661' title='bbox 3505 3714 3587 3766; x_wconf 82' lang='lat' dir='ltr'><strong>sic</strong></span> <span class='ocrx_word' id='word_1_662' title='bbox 3641 3727 3700 3765; x_wconf 87' lang='lat' dir='ltr'><strong>se</strong></span> 
     </span>
    </p>
   </div>
   <div class='ocr_carea' id='block_1_99' title="bbox 2120 3803 3696 3878">
    <p class='ocr_par' dir='ltr' id='par_1_99' title="bbox 2120 3803 3696 3878">
     <span class='ocr_line' id='line_1_99' title="bbox 2120 3803 3696 3878; baseline -0.004 -16"><span class='ocrx_word' id='word_1_663' title='bbox 2120 3806 2325 3863; x_wconf 89' lang='lat' dir='ltr'><strong>habere</strong></span> <span class='ocrx_word' id='word_1_664' title='bbox 2349 3808 2793 3878; x_wconf 51' lang='lat' dir='ltr'><strong>praedicationem</strong></span> <span class='ocrx_word' id='word_1_665' title='bbox 2822 3822 2945 3878; x_wconf 87' lang='lat' dir='ltr'><strong>quae</strong></span> <span class='ocrx_word' id='word_1_666' title='bbox 2973 3806 3144 3861; x_wconf 87' lang='lat' dir='ltr'><strong>estde</strong></span> <span class='ocrx_word' id='word_1_667' title='bbox 3175 3804 3462 3860; x_wconf 78' lang='lat' dir='ltr'><strong>salutifera</strong></span> <span class='ocrx_word' id='word_1_668' title='bbox 3490 3803 3696 3858; x_wconf 83' lang='lat' dir='ltr'><strong>Christi</strong></span> 
     </span>
    </p>
   </div>
   <div class='ocr_carea' id='block_1_100' title="bbox 2121 3897 3581 3966">
    <p class='ocr_par' dir='ltr' id='par_1_100' title="bbox 2121 3897 3581 3966">
     <span class='ocr_line' id='line_1_100' title="bbox 2121 3897 3581 3966; baseline -0.003 -12"><span class='ocrx_word' id='word_1_669' title='bbox 2121 3899 2221 3954; x_wconf 90' lang='lat' dir='ltr'><strong>Dei</strong></span> <span class='ocrx_word' id='word_1_670' title='bbox 2254 3899 2430 3953; x_wconf 91' lang='lat' dir='ltr'><strong>nostri</strong></span> <span class='ocrx_word' id='word_1_671' title='bbox 2461 3899 2673 3953; x_wconf 86' lang='lat' dir='ltr'><strong>unitate</strong></span> <span class='ocrx_word' id='word_1_672' title='bbox 2698 3897 2986 3966; x_wconf 88' lang='lat' dir='ltr'><strong>jurabaut.</strong></span> <span class='ocrx_word' id='word_1_673' title='bbox 3044 3919 3050 3924; x_wconf 89' lang='grc'><strong>·</strong></span> <span class='ocrx_word' id='word_1_674' title='bbox 3578 3954 3581 3959; x_wconf 7' lang='grc' dir='ltr'><strong>ς</strong></span> 
     </span>
    </p>
   </div>
   <div class='ocr_carea' id='block_1_101' title="bbox 2194 3979 3700 4053">
    <p class='ocr_par' dir='ltr' id='par_1_101' title="bbox 2194 3979 3700 4053">
     <span class='ocr_line' id='line_1_101' title="bbox 2194 3979 3700 4053; baseline -0.005 -10"><span class='ocrx_word' id='word_1_675' title='bbox 2194 3987 2299 4043; x_wconf 88' lang='lat' dir='ltr'><strong>Sed</strong></span> <span class='ocrx_word' id='word_1_676' title='bbox 2328 4003 2452 4042; x_wconf 91' lang='lat' dir='ltr'><strong>cum</strong></span> <span class='ocrx_word' id='word_1_677' title='bbox 2487 3988 2601 4042; x_wconf 60' lang='lat' dir='ltr'><strong>haec</strong></span> <span class='ocrx_word' id='word_1_678' title='bbox 2633 3987 2813 4040; x_wconf 85' lang='lat' dir='ltr'><strong>omnia</strong></span> <span class='ocrx_word' id='word_1_679' title='bbox 2853 3995 2908 4040; x_wconf 87' lang='lat' dir='ltr'><strong>et</strong></span> <span class='ocrx_word' id='word_1_680' title='bbox 2956 3984 3041 4038; x_wconf 88' lang='lat' dir='ltr'><strong>his</strong></span> <span class='ocrx_word' id='word_1_681' title='bbox 3089 3983 3245 4053; x_wconf 90' lang='lat' dir='ltr'><strong>plura</strong></span> <span class='ocrx_word' id='word_1_682' title='bbox 3297 3981 3559 4052; x_wconf 79' lang='lat' dir='ltr'><strong>egissent,</strong></span> <span class='ocrx_word' id='word_1_683' title='bbox 3611 3979 3700 4035; x_wconf 84' lang='lat' dir='ltr'><strong>Ju-</strong></span> 
     </span>
    </p>
   </div>
   <div class='ocr_carea' id='block_1_102' title="bbox 2119 4072 3700 4151">
    <p class='ocr_par' dir='ltr' id='par_1_102' title="bbox 2119 4072 3700 4151">
     <span class='ocr_line' id='line_1_102' title="bbox 2119 4072 3700 4151; baseline -0.006 -15"><span class='ocrx_word' id='word_1_684' title='bbox 2119 4080 2442 4151; x_wconf 85' lang='lat' dir='ltr'><strong>lianumque</strong></span> <span class='ocrx_word' id='word_1_685' title='bbox 2471 4080 2625 4134; x_wconf 88' lang='lat' dir='ltr'><strong>nullo</strong></span> <span class='ocrx_word' id='word_1_686' title='bbox 2661 4080 2821 4133; x_wconf 89' lang='lat' dir='ltr'><strong>modo</strong></span> <span class='ocrx_word' id='word_1_687' title='bbox 2859 4075 3205 4130; x_wconf 73' lang='lat' dir='ltr'><strong>inﬂuxissent</strong></span> <span class='ocrx_word' id='word_1_688' title='bbox 3248 4073 3471 4128; x_wconf 85' lang='lat' dir='ltr'><strong>obedire</strong></span> <span class='ocrx_word' id='word_1_689' title='bbox 3501 4072 3700 4127; x_wconf 81' lang='lat' dir='ltr'><strong>ualeo.-</strong></span> 
     </span>
    </p>
   </div>
   <div class='ocr_carea' id='block_1_103' title="bbox 2123 4163 3703 4239">
    <p class='ocr_par' dir='ltr' id='par_1_103' title="bbox 2123 4163 3703 4239">
     <span class='ocr_line' id='line_1_103' title="bbox 2123 4163 3703 4239; baseline -0.006 -14"><span class='ocrx_word' id='word_1_690' title='bbox 2123 4181 2253 4235; x_wconf 89' lang='lat' dir='ltr'><strong>tem,</strong></span> <span class='ocrx_word' id='word_1_691' title='bbox 2290 4171 2488 4224; x_wconf 88' lang='lat' dir='ltr'><strong>iterum</strong></span> <span class='ocrx_word' id='word_1_692' title='bbox 2521 4185 2647 4223; x_wconf 89' lang='lat' dir='ltr'><strong>cum</strong></span> <span class='ocrx_word' id='word_1_693' title='bbox 2672 4167 2881 4239; x_wconf 85' lang='lat' dir='ltr'><strong>prioris</strong></span> <span class='ocrx_word' id='word_1_694' title='bbox 2906 4165 3115 4221; x_wconf 87' lang='lat' dir='ltr'><strong>doloris</strong></span> <span class='ocrx_word' id='word_1_695' title='bbox 3144 4163 3422 4219; x_wconf 89' lang='lat' dir='ltr'><strong>reminisci</strong></span> <span class='ocrx_word' id='word_1_696' title='bbox 3458 4163 3703 4230; x_wconf 88' lang='lat' dir='ltr'><strong>compel-</strong></span> 
     </span>
    </p>
   </div>
   <div class='ocr_carea' id='block_1_104' title="bbox 2122 4258 3702 4331">
    <p class='ocr_par' dir='ltr' id='par_1_104' title="bbox 2122 4258 3702 4331">
     <span class='ocr_line' id='line_1_104' title="bbox 2122 4258 3702 4331; baseline -0.005 -12"><span class='ocrx_word' id='word_1_697' title='bbox 2122 4267 2262 4331; x_wconf 90' lang='lat' dir='ltr'><strong>lunt,</strong></span> <span class='ocrx_word' id='word_1_698' title='bbox 2296 4274 2351 4320; x_wconf 89' lang='lat' dir='ltr'><strong>et</strong></span> <span class='ocrx_word' id='word_1_699' title='bbox 2374 4265 2597 4320; x_wconf 86' lang='lat' dir='ltr'><strong>aculeos</strong></span> <span class='ocrx_word' id='word_1_700' title='bbox 2627 4263 2878 4319; x_wconf 88' lang='lat' dir='ltr'><strong>dolorum</strong></span> <span class='ocrx_word' id='word_1_701' title='bbox 2918 4261 2967 4316; x_wconf 90' lang='lat' dir='ltr'><strong>ei</strong></span> <span class='ocrx_word' id='word_1_702' title='bbox 2993 4276 3117 4316; x_wconf 88' lang='lat' dir='ltr'><strong>cum</strong></span> <span class='ocrx_word' id='word_1_703' title='bbox 3155 4259 3533 4314; x_wconf 85' lang='lat' dir='ltr'><strong>additamcuto</strong></span> <span class='ocrx_word' id='word_1_704' title='bbox 3562 4258 3702 4311; x_wconf 80' lang='lat' dir='ltr'><strong>forte</strong></span> 
     </span>
    </p>
   </div>
   <div class='ocr_carea' id='block_1_105' title="bbox 2123 4347 3701 4429">
    <p class='ocr_par' dir='ltr' id='par_1_105' title="bbox 2123 4347 3701 4429">
     <span class='ocr_line' id='line_1_105' title="bbox 2123 4347 3701 4429; baseline -0.006 -17"><span class='ocrx_word' id='word_1_705' title='bbox 2123 4357 2360 4429; x_wconf 91' lang='lat' dir='ltr'><strong>quodam</strong></span> <span class='ocrx_word' id='word_1_706' title='bbox 2418 4363 2735 4420; x_wconf 83' lang='lat' dir='ltr'><strong>erexerunt,</strong></span> <span class='ocrx_word' id='word_1_707' title='bbox 2779 4368 2975 4407; x_wconf 88' lang='lat' dir='ltr'><strong>manus</strong></span> <span class='ocrx_word' id='word_1_708' title='bbox 3027 4351 3171 4405; x_wconf 91' lang='lat' dir='ltr'><strong>sicut</strong></span> <span class='ocrx_word' id='word_1_709' title='bbox 3220 4350 3376 4419; x_wconf 90' lang='lat' dir='ltr'><strong>prius</strong></span> <span class='ocrx_word' id='word_1_710' title='bbox 3437 4356 3491 4404; x_wconf 88' lang='lat' dir='ltr'><strong>et</strong></span> <span class='ocrx_word' id='word_1_711' title='bbox 3536 4347 3701 4417; x_wconf 87' lang='lat' dir='ltr'><strong>pedes</strong></span> 
     </span>
    </p>
   </div>
   <div class='ocr_carea' id='block_1_106' title="bbox 2125 4440 3702 4520">
    <p class='ocr_par' dir='ltr' id='par_1_106' title="bbox 2125 4440 3702 4520">
     <span class='ocr_line' id='line_1_106' title="bbox 2125 4440 3702 4520; baseline -0.007 -15"><span class='ocrx_word' id='word_1_712' title='bbox 2125 4451 2471 4520; x_wconf 89' lang='lat' dir='ltr'><strong>colligantes,</strong></span> <span class='ocrx_word' id='word_1_713' title='bbox 2508 4455 2563 4502; x_wconf 91' lang='lat' dir='ltr'><strong>et</strong></span> <span class='ocrx_word' id='word_1_714' title='bbox 2588 4447 2761 4517; x_wconf 87' lang='lat' dir='ltr'><strong>magis</strong></span> <span class='ocrx_word' id='word_1_715' title='bbox 2791 4444 3080 4500; x_wconf 88' lang='lat' dir='ltr'><strong>doloribus</strong></span> <span class='ocrx_word' id='word_1_716' title='bbox 3126 4443 3534 4498; x_wconf 85' lang='lat' dir='ltr'><strong>incrementum</strong></span> <span class='ocrx_word' id='word_1_717' title='bbox 3567 4440 3702 4495; x_wconf 88' lang='lat' dir='ltr'><strong>dan-</strong></span> 
     </span>
    </p>
   </div>
   <div class='ocr_carea' id='block_1_107' title="bbox 2126 4531 3700 4611">
    <p class='ocr_par' dir='ltr' id='par_1_107' title="bbox 2126 4531 3700 4611">
     <span class='ocr_line' id='line_1_107' title="bbox 2126 4531 3700 4611; baseline -0.008 -13"><span class='ocrx_word' id='word_1_718' title='bbox 2126 4551 2229 4611; x_wconf 91' lang='lat' dir='ltr'><strong>tes,</strong></span> <span class='ocrx_word' id='word_1_719' title='bbox 2270 4541 2412 4597; x_wconf 88' lang='lat' dir='ltr'><strong>etin</strong></span> <span class='ocrx_word' id='word_1_720' title='bbox 2445 4555 2605 4595; x_wconf 90' lang='lat' dir='ltr'><strong>camo</strong></span> <span class='ocrx_word' id='word_1_721' title='bbox 2646 4547 2701 4594; x_wconf 89' lang='lat' dir='ltr'><strong>et</strong></span> <span class='ocrx_word' id='word_1_722' title='bbox 2751 4537 2908 4593; x_wconf 81' lang='lat' dir='ltr'><strong>freno</strong></span> <span class='ocrx_word' id='word_1_723' title='bbox 2953 4537 3203 4591; x_wconf 84' lang='lat' dir='ltr'><strong>maxillas</strong></span> <span class='ocrx_word' id='word_1_724' title='bbox 3257 4549 3447 4589; x_wconf 90' lang='lat' dir='ltr'><strong>eormn</strong></span> <span class='ocrx_word' id='word_1_725' title='bbox 3496 4532 3588 4603; x_wconf 86' lang='lat' dir='ltr'><strong>qui</strong></span> <span class='ocrx_word' id='word_1_726' title='bbox 3633 4531 3700 4586; x_wconf 89' lang='lat' dir='ltr'><strong>ad</strong></span> 
     </span>
    </p>
   </div>
   <div class='ocr_carea' id='block_1_108' title="bbox 2127 4629 3700 4705">
    <p class='ocr_par' dir='ltr' id='par_1_108' title="bbox 2127 4629 3700 4705">
     <span class='ocr_line' id='line_1_108' title="bbox 2127 4629 3700 4705; baseline -0.005 -17"><span class='ocrx_word' id='word_1_727' title='bbox 2127 4634 2295 4691; x_wconf 88' lang='lat' dir='ltr'><strong>Deum</strong></span> <span class='ocrx_word' id='word_1_728' title='bbox 2324 4650 2422 4705; x_wconf 89' lang='lat' dir='ltr'><strong>per</strong></span> <span class='ocrx_word' id='word_1_729' title='bbox 2452 4635 2614 4689; x_wconf 82' lang='lat' dir='ltr'><strong>ﬁdem</strong></span> <span class='ocrx_word' id='word_1_730' title='bbox 2647 4648 2757 4687; x_wconf 90' lang='lat' dir='ltr'><strong>non</strong></span> <span class='ocrx_word' id='word_1_731' title='bbox 2788 4634 3195 4703; x_wconf 78' lang='lat' dir='ltr'><strong>approximaut,</strong></span> <span class='ocrx_word' id='word_1_732' title='bbox 3237 4629 3700 4698; x_wconf 83' lang='lat' dir='ltr'><strong>constringentes.</strong></span> 
     </span>
    </p>
   </div>
   <div class='ocr_carea' id='block_1_109' title="bbox 2123 4719 3703 4790">
    <p class='ocr_par' dir='ltr' id='par_1_109' title="bbox 2123 4719 3703 4790">
     <span class='ocr_line' id='line_1_109' title="bbox 2123 4719 3703 4790; baseline -0.006 -10"><span class='ocrx_word' id='word_1_733' title='bbox 2123 4726 2218 4782; x_wconf 88' lang='lat' dir='ltr'><strong>llle</strong></span> <span class='ocrx_word' id='word_1_734' title='bbox 2255 4727 2400 4781; x_wconf 86' lang='lat' dir='ltr'><strong>enim</strong></span> <span class='ocrx_word' id='word_1_735' title='bbox 2434 4724 2596 4781; x_wconf 82' lang='lat' dir='ltr'><strong>fortis</strong></span> <span class='ocrx_word' id='word_1_736' title='bbox 2626 4723 2951 4778; x_wconf 87' lang='lat' dir='ltr'><strong>adolescens</strong></span> <span class='ocrx_word' id='word_1_737' title='bbox 2975 4765 2988 4785; x_wconf 90' lang='lat'><strong>,</strong></span> <span class='ocrx_word' id='word_1_738' title='bbox 3030 4722 3123 4790; x_wconf 89' lang='lat' dir='ltr'><strong>qui</strong></span> <span class='ocrx_word' id='word_1_739' title='bbox 3163 4726 3244 4774; x_wconf 88' lang='lat' dir='ltr'><strong>tot</strong></span> <span class='ocrx_word' id='word_1_740' title='bbox 3276 4719 3703 4785; x_wconf 79' lang='lat' dir='ltr'><strong>admonitiones,</strong></span> 
     </span>
    </p>
   </div>
   <div class='ocr_carea' id='block_1_110' title="bbox 2126 4810 3705 4882">
    <p class='ocr_par' dir='ltr' id='par_1_110' title="bbox 2126 4810 3705 4882">
     <span class='ocr_line' id='line_1_110' title="bbox 2126 4810 3705 4882; baseline -0.005 -9"><span class='ocrx_word' id='word_1_741' title='bbox 2126 4826 2209 4873; x_wconf 90' lang='lat' dir='ltr'><strong>tot</strong></span> <span class='ocrx_word' id='word_1_742' title='bbox 2240 4818 2579 4879; x_wconf 87' lang='lat' dir='ltr'><strong>testimonia,</strong></span> <span class='ocrx_word' id='word_1_743' title='bbox 2625 4827 2677 4872; x_wconf 89' lang='lat' dir='ltr'><strong>et</strong></span> <span class='ocrx_word' id='word_1_744' title='bbox 2742 4824 2920 4870; x_wconf 89' lang='lat' dir='ltr'><strong>tantas</strong></span> <span class='ocrx_word' id='word_1_745' title='bbox 2950 4815 3213 4878; x_wconf 86' lang='lat' dir='ltr'><strong>visiones,</strong></span> <span class='ocrx_word' id='word_1_746' title='bbox 3286 4820 3341 4867; x_wconf 87' lang='lat' dir='ltr'><strong>et</strong></span> <span class='ocrx_word' id='word_1_747' title='bbox 3376 4827 3542 4882; x_wconf 87' lang='lat' dir='ltr'><strong>super</strong></span> <span class='ocrx_word' id='word_1_748' title='bbox 3590 4810 3705 4865; x_wconf 62' lang='lat' dir='ltr'><strong>ha&#39;c</strong></span> 
     </span>
    </p>
   </div>
   <div class='ocr_carea' id='block_1_111' title="bbox 2127 4903 3707 4988">
    <p class='ocr_par' dir='ltr' id='par_1_111' title="bbox 2127 4903 3707 4988">
     <span class='ocr_line' id='line_1_111' title="bbox 2127 4903 3707 4988; baseline -0.005 -23"><span class='ocrx_word' id='word_1_749' title='bbox 2127 4912 2314 4966; x_wconf 85' lang='lat' dir='ltr'><strong>omnia</strong></span> <span class='ocrx_word' id='word_1_750' title='bbox 2342 4911 2488 4981; x_wconf 88' lang='lat' dir='ltr'><strong>quod</strong></span> <span class='ocrx_word' id='word_1_751' title='bbox 2519 4910 2665 4988; x_wconf 40' lang='lat' dir='ltr'><strong>intse</strong></span> <span class='ocrx_word' id='word_1_752' title='bbox 2694 4909 2902 4963; x_wconf 79' lang='lat' dir='ltr'><strong>factum</strong></span> <span class='ocrx_word' id='word_1_753' title='bbox 2940 4908 3117 4963; x_wconf 78' lang='lat' dir='ltr'><strong>fuerat</strong></span> <span class='ocrx_word' id='word_1_754' title='bbox 3152 4905 3480 4961; x_wconf 89' lang='lat' dir='ltr'><strong>miraculmu</strong></span> <span class='ocrx_word' id='word_1_755' title='bbox 3522 4903 3707 4974; x_wconf 68' lang='lat' dir='ltr'><strong>parvi~</strong></span> 
     </span>
    </p>
   </div>
   <div class='ocr_carea' id='block_1_112' title="bbox 2126 4993 3701 5074">
    <p class='ocr_par' dir='ltr' id='par_1_112' title="bbox 2126 4993 3701 5074">
     <span class='ocr_line' id='line_1_112' title="bbox 2126 4993 3701 5074; baseline -0.008 -17"><span class='ocrx_word' id='word_1_756' title='bbox 2126 5002 2339 5074; x_wconf 88' lang='lat' dir='ltr'><strong>pendit,</strong></span> <span class='ocrx_word' id='word_1_757' title='bbox 2371 5002 2585 5056; x_wconf 88' lang='lat' dir='ltr'><strong>modica</strong></span> <span class='ocrx_word' id='word_1_758' title='bbox 2611 5001 2699 5055; x_wconf 87' lang='lat' dir='ltr'><strong>illa</strong></span> <span class='ocrx_word' id='word_1_759' title='bbox 2724 4998 3120 5070; x_wconf 82' lang='lat' dir='ltr'><strong>parvipendere</strong></span> <span class='ocrx_word' id='word_1_760' title='bbox 3142 4996 3355 5068; x_wconf 81' lang='lat' dir='ltr'><strong>ﬂagella</strong></span> <span class='ocrx_word' id='word_1_761' title='bbox 3381 5012 3487 5049; x_wconf 91' lang='lat' dir='ltr'><strong>nou</strong></span> <span class='ocrx_word' id='word_1_762' title='bbox 3509 4993 3701 5055; x_wconf 83' lang='lat' dir='ltr'><strong>valuit,</strong></span> 
     </span>
    </p>
   </div>
   <div class='ocr_carea' id='block_1_113' title="bbox 2130 5087 3701 5161">
    <p class='ocr_par' dir='ltr' id='par_1_113' title="bbox 2130 5087 3701 5161">
     <span class='ocr_line' id='line_1_113' title="bbox 2130 5087 3701 5161; baseline -0.008 -11"><span class='ocrx_word' id='word_1_763' title='bbox 2130 5097 2228 5150; x_wconf 87' lang='lat' dir='ltr'><strong>sed</strong></span> <span class='ocrx_word' id='word_1_764' title='bbox 2269 5095 2565 5161; x_wconf 90' lang='lat' dir='ltr'><strong>clamabat,</strong></span> <span class='ocrx_word' id='word_1_765' title='bbox 2596 5091 3330 5156; x_wconf 67' lang='lat' dir='ltr'><strong>vociferabantur,vocabat,</strong></span> <span class='ocrx_word' id='word_1_766' title='bbox 3367 5087 3701 5157; x_wconf 82' lang='lat' dir='ltr'><strong>deprecaba-</strong></span> 
     </span>
    </p>
   </div>
   <div class='ocr_carea' id='block_1_114' title="bbox 2130 5180 3708 5259">
    <p class='ocr_par' dir='ltr' id='par_1_114' title="bbox 2130 5180 3708 5259">
     <span class='ocr_line' id='line_1_114' title="bbox 2130 5180 3708 5259; baseline -0.018 -3"><span class='ocrx_word' id='word_1_767' title='bbox 2130 5197 2237 5254; x_wconf 69' lang='grc' dir='ltr'><strong>ιιινν</strong></span> <span class='ocrx_word' id='word_1_768' title='bbox 2301 5188 2552 5259; x_wconf 74' lang='lat' dir='ltr'><strong>rogabat,</strong></span> <span class='ocrx_word' id='word_1_769' title='bbox 2634 5184 3066 5256; x_wconf 77' lang='lat' dir='ltr'><strong>supplicationes</strong></span> <span class='ocrx_word' id='word_1_770' title='bbox 3124 5180 3393 5243; x_wconf 87' lang='lat' dir='ltr'><strong>mittebat,</strong></span> <span class='ocrx_word' id='word_1_771' title='bbox 3443 5184 3708 5244; x_wconf 75' lang='lat' dir='ltr'><strong>martyres</strong></span> 
     </span>
    </p>
   </div>
   <div class='ocr_carea' id='block_1_115' title="bbox 2132 5269 3706 5345">
    <p class='ocr_par' dir='ltr' id='par_1_115' title="bbox 2132 5269 3706 5345">
     <span class='ocr_line' id='line_1_115' title="bbox 2132 5269 3706 5345; baseline -0.012 -9"><span class='ocrx_word' id='word_1_772' title='bbox 2132 5281 2420 5336; x_wconf 86' lang='lat' dir='ltr'><strong>invocans.</strong></span> <span class='ocrx_word' id='word_1_773' title='bbox 2455 5279 2520 5334; x_wconf 83' lang='lat' dir='ltr'><strong>Et</strong></span> <span class='ocrx_word' id='word_1_774' title='bbox 2550 5287 2670 5334; x_wconf 85' lang='lat' dir='ltr'><strong>erat</strong></span> <span class='ocrx_word' id='word_1_775' title='bbox 2694 5279 2873 5333; x_wconf 86' lang='lat' dir='ltr'><strong>nullus</strong></span> <span class='ocrx_word' id='word_1_776' title='bbox 2907 5277 3001 5345; x_wconf 90' lang='lat' dir='ltr'><strong>qui</strong></span> <span class='ocrx_word' id='word_1_777' title='bbox 3040 5275 3354 5335; x_wconf 81' lang='lat' dir='ltr'><strong>redimeret,</strong></span> <span class='ocrx_word' id='word_1_778' title='bbox 3409 5269 3500 5339; x_wconf 92' lang='lat' dir='ltr'><strong>qui</strong></span> <span class='ocrx_word' id='word_1_779' title='bbox 3547 5283 3706 5319; x_wconf 78' lang='lat' dir='ltr'><strong>erue-</strong></span> 
     </span>
    </p>
   </div>
   <div class='ocr_carea' id='block_1_116' title="bbox 2134 5360 3706 5445">
    <p class='ocr_par' dir='ltr' id='par_1_116' title="bbox 2134 5360 3706 5445">
     <span class='ocr_line' id='line_1_116' title="bbox 2134 5360 3706 5445; baseline -0.01 -17"><span class='ocrx_word' id='word_1_780' title='bbox 2134 5383 2236 5440; x_wconf 87' lang='lat' dir='ltr'><strong>ret,</strong></span> <span class='ocrx_word' id='word_1_781' title='bbox 2273 5360 2423 5445; x_wconf 87' lang='lat' dir='ltr'><strong>quia</strong></span> <span class='ocrx_word' id='word_1_782' title='bbox 2456 5373 2796 5429; x_wconf 87' lang='lat' dir='ltr'><strong>cruciatibus</strong></span> <span class='ocrx_word' id='word_1_783' title='bbox 2840 5371 3098 5441; x_wconf 87' lang='lat' dir='ltr'><strong>eriperet,</strong></span> <span class='ocrx_word' id='word_1_784' title='bbox 3163 5366 3245 5420; x_wconf 85' lang='lat' dir='ltr'><strong>vel</strong></span> <span class='ocrx_word' id='word_1_785' title='bbox 3306 5363 3399 5433; x_wconf 91' lang='lat' dir='ltr'><strong>qui</strong></span> <span class='ocrx_word' id='word_1_786' title='bbox 3450 5360 3706 5415; x_wconf 81' lang='lat' dir='ltr'><strong>auxiliari</strong></span> 
     </span>
    </p>
   </div>
   <div class='ocr_carea' id='block_1_117' title="bbox 2131 5452 3705 5537">
    <p class='ocr_par' dir='ltr' id='par_1_117' title="bbox 2131 5452 3705 5537">
     <span class='ocr_line' id='line_1_117' title="bbox 2131 5452 3705 5537; baseline -0.009 -17"><span class='ocrx_word' id='word_1_787' title='bbox 2131 5467 2443 5537; x_wconf 85' lang='lat' dir='ltr'><strong>potuisset;</strong></span> <span class='ocrx_word' id='word_1_788' title='bbox 2475 5480 2601 5521; x_wconf 87' lang='lat' dir='ltr'><strong>nam</strong></span> <span class='ocrx_word' id='word_1_789' title='bbox 2654 5464 2735 5519; x_wconf 88' lang='lat' dir='ltr'><strong>ira</strong></span> <span class='ocrx_word' id='word_1_790' title='bbox 2781 5470 3097 5519; x_wconf 83' lang='lat' dir='ltr'><strong>sanctorum</strong></span> <span class='ocrx_word' id='word_1_791' title='bbox 3139 5466 3281 5524; x_wconf 86' lang='lat' dir='ltr'><strong>erat,</strong></span> <span class='ocrx_word' id='word_1_792' title='bbox 3334 5454 3478 5526; x_wconf 88' lang='lat' dir='ltr'><strong>quod</strong></span> <span class='ocrx_word' id='word_1_793' title='bbox 3527 5452 3705 5507; x_wconf 81' lang='lat' dir='ltr'><strong>fuerat</strong></span> 
     </span>
    </p>
   </div>
   <div class='ocr_carea' id='block_1_118' title="bbox 2133 5560 2358 5615">
    <p class='ocr_par' dir='ltr' id='par_1_118' title="bbox 2133 5560 2358 5615">
     <span class='ocr_line' id='line_1_118' title="bbox 2133 5560 2358 5615; baseline 0.013 -3"><span class='ocrx_word' id='word_1_794' title='bbox 2133 5560 2358 5615; x_wconf 70' lang='lat' dir='ltr'><strong>factum.</strong></span> 
     </span>
    </p>
   </div>
   <div class='ocr_carea' id='block_1_119' title="bbox 2207 5737 3695 5810">
    <p class='ocr_par' dir='ltr' id='par_1_119' title="bbox 2207 5737 3695 5810">
     <span class='ocr_line' id='line_1_119' title="bbox 2207 5737 3695 5810; baseline -0.004 -15"><span class='ocrx_word' id='word_1_795' title='bbox 2207 5739 2309 5796; x_wconf 81' lang='lat' dir='ltr'><strong>Sed</strong></span> <span class='ocrx_word' id='word_1_796' title='bbox 2340 5741 2559 5810; x_wconf 81' lang='lat' dir='ltr'><strong>quando</strong></span> <span class='ocrx_word' id='word_1_797' title='bbox 2614 5741 2735 5808; x_wconf 82' lang='lat' dir='ltr'><strong>eius</strong></span> <span class='ocrx_word' id='word_1_798' title='bbox 2785 5737 3212 5795; x_wconf 83' lang='lat' dir='ltr'><strong>obstinationem</strong></span> <span class='ocrx_word' id='word_1_799' title='bbox 3263 5737 3467 5793; x_wconf 71' lang='lat' dir='ltr'><strong>talibus</strong></span> <span class='ocrx_word' id='word_1_800' title='bbox 3499 5750 3695 5791; x_wconf 79' lang='lat' dir='ltr'><strong>manus</strong></span> 
     </span>
    </p>
   </div>
  </div>
