4054 6252
383 290 523 354 3459

1270 244 1769 348 Sisornnoxtt
1805 282 2310 346 PATRIARCHZE
2344 281 2744 342 1111530501..

3492 280 3633 345 ειδο

387 417 502 458 suae
542 401 838 454 amiceritut
875 378 1199 461 tormentis,
1243 406 1298 451 ct
1345 396 1765 467 persuasibilem
1835 410 1957 450 eum

2071 392 2375 463 ἡμέρωταν,
2406 391 2500 445 καὶ
2516 389 2794 459 πειθήνιον
2823 386 2912 439 τὸν
2944 388 3074 457 πρὶν
3104 387 3337 459 ἀνήκοον
3359 391 3631 461 ἀπειργά.

387 490 479 560 qui
535 489 686 558 prius
737 487 916 541 fuerat
994 487 1455 556 impersuasibilis
1504 495 1742 557 operata
1805 494 1955 551 sunt,

386 591 521 635 tunc
560 589 824 650 apparent
857 578 1206 635 subridentcs
1237 592 1290 635 et
1321 580 1643 645 alltulentes,
1683 587 1737 632 et
1762 594 1959 650 quam-

385 673 571 727 obrem
620 672 695 724 ita
738 670 1000 723 clamaret
1049 669 1496 723 sciscitabantur.
1545 670 1614 722 At
1660 670 1749 723 ille
1797 666 1958 738 quasi

388 765 771 836 ignorantibus
809 765 908 829 eis,
939 778 1059 829 qua:
1088 771 1247 817 erant
1279 763 1576 833 passionis,
1628 762 1956 826 enuntiavit,

385 856 730 926 etadjpvare
788 855 1191 909 cohortabatur
1252 855 1675 923 periclitantem.
1747 852 1959 922 Egregii

386 962 518 1001 vero
553 956 819 1017 martyres
854 961 977 999 eum
1005 960 1170 1014 super
1204 945 1306 998 lide
1338 951 1483 997 recta
1516 945 1693 997 denuo
1714 956 1960 996 couuuo-

389 1038 615 1098 nehant,
639 1045 694 1090 et
722 1034 865 1104 quod
900 1035 1063 1104 hujus
1089 1049 1255 1088 causa
1282 1034 1502 1087 dolores
1525 1032 1601 1086 illi
1626 1039 1811 1087 essent
1840 1046 1960 1083 mo-

388 1130 509 1184 lesti
537 1127 939 1196 significabant,
972 1137 1026 1181 et
1071 1128 1214 1196 quod
1283 1140 1564 1194 nunquam
1607 1123 1901 1193 aliquando
1930 1136 1960 1175 a

387 1220 727 1274 cruciatibus
756 1232 881 1272 eum
915 1226 1103 1272 essent
1156 1217 1442 1271 liberaturi
1470 1256 1484 1279 ,
1523 1216 1627 1269 nisi
1663 1216 1814 1284 prius
1845 1216 1962 1283 ipse

389 1328 448 1367 se
477 1312 651 1381 ipsum
703 1310 772 1364 ab
803 1311 1000 1365 haeresi
1044 1325 1151 1380 qua
1208 1310 1496 1364 tenebatur
1528 1308 1845 1376 eripuisset,
1880 1316 1963 1358 at-

391 1418 498 1477 que
528 1403 849 1473 apostolica:
907 1402 1167 1457 Ecclesiae
1201 1403 1638 1457 conmiuniouem
1675 1404 1812 1455 teret
1847 1414 1963 1452 am-

390 1497 608 1567 plexus,
641 1495 789 1565 quod
827 1493 1082 1548 Julianus
1108 1495 1291 1548 videre
1318 1493 1665 1547 desiderabat
1690 1502 1742 1546 et
1763 1506 1962 1553 consu-

393 1589 500 1641 lere
533 1601 751 1655 semper
781 1586 1028 1654 optabat.
1061 1584 1308 1652 Cumque
1337 1584 1488 1636 illum
1513 1581 1862 1635 accedentem
1894 1580 1962 1635 ad

388 1691 449 1729 se
481 1683 748 1746 martyres
774 1674 1144 1745 aspexissent,
1180 1674 1343 1726 etiam
1379 1673 1491 1726 haec
1519 1672 1656 1725 eiad
1690 1672 1955 1741 majorem

390 1764 822 1818 satisfactionem
882 1765 1341 1819 deuuutiaverunt

391 1855 594 1909 cmlum
623 1855 997 1917 extendentes,
1024 1852 1586 1922 maximajuramenla
1615 1860 1669 1906 et
1690 1852 1962 1907 horrenda

386 1944 668 2013 jurabant,
701 1944 847 2013 quod
874 1958 982 1998 non
1037 1943 1351 2010 Gaianitas,
1404 1960 1512 1999 non
1550 1943 1963 2001 Theudosianas

392 2038 701 2090 innumero
742 2034 981 2090 fidelium
1015 2035 1100 2089 vel
1127 2036 1343 2104 piorum
1380 2036 1577 2090 habeat
1602 2037 1853 2092 Cbrisms
1884 2037 1961 2091 vel

392 2133 634 2195 reputet.
668 2125 796 2179 Haec
825 2123 1082 2179 Julianus
1106 2140 1230 2178 cum
1282 2124 1605 2195 juramcnto
1662 2142 1694 2181 a
1758 2128 1964 2181 sanctis

392 2219 646 2282 audiens,
674 2228 721 2272 et
753 2218 928 2288 plagis
957 2217 1358 2287 etjuramentis
1382 2219 1667 2273 veritatem
1691 2219 1962 2280 ediscens,

393 2310 461 2364 ab
493 2319 726 2378 utroque
770 2310 908 2364 liber
966 2309 1199 2366 effectus
1231 2319 1336 2374 est,
1406 2310 1651 2364 sanitate
1685 2311 1882 2364 anima:
1913 2319 1966 2365 ct

394 2402 773 2457 incolumitaze
800 2402 1047 2472 corporis
1074 2418 1169 2472 per
1191 2403 1350 2456 fidem
1377 2410 1683 2473 resumpta.

471 2493 689 2548 Lredere
747 2502 928 2548 autem
1011 2504 1144 2564 puto
1190 2495 1581 2560 narrationem,
1646 2494 1692 2549 si
1747 2502 1968 2549 tacuere

400 2598 720 2645 sanctorum
751 2589 1073 2659 agilitatem,
1095 2598 1148 2643 et
1175 2587 1620 2658 gratulationem,
1661 2602 1826 2657 qttam
1854 2586 1966 2641 eir-

399 2695 463 2734 ca
501 2676 707 2733 Juliani
734 2678 1143 2732 communionis
1170 2680 1576 2747 perceptionem
1622 2678 1970 2732 demonstra-

398 2780 624 2837 verunt,
651 2780 736 2825 est
766 2779 949 2825 autem
986 2769 1122 2824 haec.
1168 2769 1309 2835 Quia
1341 2774 1487 2825 cnim
1535 2785 1660 2825 cum
1714 2785 1741 2822 a
1797 2770 1970 2839 priori

398 2862 619 2932 quidem
686 2861 877 2914 haeresi
942 2861 1260 2926 distantem,
1314 2869 1367 2915 et
1416 2875 1601 2915 veram
1672 2859 1972 2918 Salvatoris

400 2948 805 3002 confessionem
835 2948 1187 3015 arripientem
1229 2947 1601 3012 intuebantur,
1653 2947 1799 3000 circa
1835 2962 1960 3017 per-

400 3039 708 3108 ceptionem
744 3052 875 3092 vero
924 3044 1244 3092 sanctorum
1284 3039 1671 3107 mysteriorum
1713 3053 1973 3093 verecun-

400 3134 645 3191 dantem,
713 3139 768 3184 et
828 3127 1210 3183 confusionem
1259 3128 1640 3194 arbitrantem,
1682 3132 1736 3184 in
1770 3132 1972 3200 quibus

401 3223 689 3293 oportebat
723 3221 930 3275 clarum
959 3222 1262 3288 exsistere;
1302 3221 1572 3296 miraculi
1615 3222 1873 3291 quiddam
1919 3233 1973 3277 et

402 3316 808 3369 delectamento
837 3312 1062 3382 dignum
1097 3320 1382 3382 peragunt.
1425 3313 1766 3383 Apparentes
1788 3323 1973 3370 autem

404 3407 458 3459 iu
497 3405 707 3458 somnis
744 3401 1305 3471 ei,quemadmodum
1356 3413 1781 3470 consueverant,
1823 3420 1971 3472 ecce,

407 3496 663 3564 inquiunt
694 3480 869 3564 prope
917 3501 1002 3548 est
1047 3491 1349 3548 Salvatoris
1412 3495 1690 3560 nativitas,
1755 3497 1975 3564 quando

407 3589 500 3643 Dei
526 3587 705 3642 Patris
732 3587 1046 3655 unigenitus
1063 3584 1233 3640 Filius
1258 3586 1576 3640 incarnatus
1608 3586 1768 3642 homo
1797 3586 1975 3642 factus

406 3693 510 3736 est.
559 3681 712 3735 Hauc
758 3681 1120 3734 Alexandrini
1189 3695 1400 3735 sacram
1464 3687 1518 3735 et
1563 3681 1976 3736 celeberrimam

416 3776 769 3830 festivitatem
812 3774 1099 3828 catholicae
1142 3772 1402 3828 Ecclesiae
1440 3773 1536 3826 filii
1565 3784 1621 3829 et
1652 3774 1879 3839 alumni,
1920 3774 1976 3828 in

412 3867 642 3921 basilica
673 3875 875 3921 sancta:
898 3866 1126 3935 virginis
1164 3864 1344 3919 Maria:
1375 3880 1440 3919 ac
1461 3865 1554 3920 Dei
1585 3866 1772 3922 Matris
1788 3874 1978 3939 agunt,

409 3974 530 4029 qua:
551 3959 972 4028 cognominatur
1003 3955 1251 4012 Tbeona.
1304 3959 1384 4012 Ad
1422 3959 1564 4013 hanc
1609 3974 1740 4028 ergo
1765 3968 1819 4013 et
1862 3957 1978 4026 ipse

410 4051 707 4119 profectus.
736 4059 791 4106 et
821 4067 965 4106 unus
989 4066 1203 4116 eorum,
1236 4052 1328 4122 qui
1357 4053 1657 4107 nativitatis
1679 4052 1978 4106 Dominica:

404 4144 497 4212 pie
519 4142 795 4197 celebrant
820 4145 1250 4208 solemnitatem,
1287 4146 1537 4216 effectus,
1568 4154 1621 4199 et
1644 4160 1769 4197 eum
1794 4143 1980 4198 Eccle-

411 4240 490 4289 sia
516 4236 751 4289 fidelium
776 4244 1231 4302 connumeratus,
1271 4236 1585 4305 psalmodiam
1611 4237 1978 4299 communica,

410 4337 465 4380 et
495 4327 851 4397 apostolicam
901 4327 1188 4383 lectionem
1246 4318 1515 4392 abs‘rulta,
1567 4335 1620 4381 et
1667 4337 1979 4381 sanctorum

2064 500 2246 546 σαντο,
2291 483 2401 535 τότε
2431 481 2715 551 φαίνονται
2763 479 3078 550 μειδιῶντες
3124 481 3220 533 καὶ
3264 485 3633 553 προσπαίζον-

2058 578 2278 644 regni.
2295 578 2359 630 δι’
2385 576 2452 646 ἦν
2476 562 2656 630 αἰτίαν
2693 574 2835 627 οὕτω
2862 574 2958 644 βοᾷ
2977 592 3034 627 τε
3065 576 3158 628 καὶ
3182 576 3378 646 κράζει
3411 577 3632 631 διεπυν-

2058 669 2304 722 θάνοντο.
2364 669 2422 720 '0
2454 668 2510 720 δὲ
2538 668 2613 730 ὡς
2647 666 2933 734 ἀγνοοῦσιν
2965 667 3261 740 αὑτοῖςβὸ
3287 669 3380 721 τοῦ
3430 670 3636 735 πάθους

2059 757 2396 825 διήγγειλεν,
2447 757 2541 809 καὶ
2614 754 2880 826 βοηθῆσαι
2922 758 3298 828 προετρέπετο
3361 760 3632 814 κινδυνεύο

2058 866 2194 903 οντι.
2245 850 2309 901 Oi
2360 848 2418 902 δὲ
2477 848 2752 901 θεσπέσιοι
2800 849 3078 919 μάρτυρες
3145 851 3308 905 πάλιν
3346 854 3506 907 αὐτὸν
3534 854 3633 923 τῆς

2058 939 2347 1010 ὁραθείσης
2401 939 2810 1009 ἀνεμίμνησκον
2857 940 3125 1004 πίστεως,
3179 942 3273 994 καὶ
3315 943 3392 1007 ὡς
3430 944 3634 1016 ταύτης

2062 1030 2220 1101 χάριν
2250 1031 2308 1083 αἱ
2344 1029 2633 1099 ἀλγηδόνες
2679 1029 2829 1100 αὐτῷ
2857 1033 3283 1102 παρενοχλοῦσιν
3315 1037 3630 1105 ἐσήμαινον,

2060 1125 2154 1175 καὶ
2196 1121 2273 1185 ὡς
2303 1122 2401 1174 οὐκ
2432 1120 2496 1174 ἄν
2527 1139 2658 1174 ποτε
2702 1121 2808 1174 τῶν
2838 1121 3026 1175 δεινῶν
3055 1124 3216 1176 αὑτὸν
3247 1124 3630 1191 ἀπαλλάξειεν,

2059 1214 2111 1265 εί
2157 1214 2233 1282 μὴ
2274 1212 2490 1283 πρῶτος
2539 1213 2700 1275 αὐτὸς
2750 1211 2943 1264 ἑαυτὸν
2977 1212 3077 1282 τῆς
3112 1215 3340 1284 ἐχούσης
3371 1217 3632 1286 αἱρέσεως

2061 1304 2439 1371 ἀπαλλάξειεν,
2493 1305 2588 1358 καὶ
2630 1305 2728 1373 τῆς
2751 1305 3111 1376 ἀποστοΜκῆς
3161 1307 3485 1378 Ἐκκλησίας
3534 1309 3632 1379 τὴν

2064 1395 2345 1449 κοινωνίαν
2380 1396 2706 1449 άσπάσοιτοο
2742 1396 2879 1467 ὅπερ
2936 1396 3221 1467 Ἰουλιανὸς
3257 1400 3386 1453 ίδεῐν
3425 1401 3630 1464 ἐπόθει,

2062 1487 2153 1538 καὶ
2203 1486 2487 1551 πυθέσθαι,
2532 1485 2893 1556 προσηύχετο.
2943 1486 3032 1549 Ὠς
3069 1489 3126 1542 δὲ
3160 1492 3483 1559 προϊέμενον
3534 1494 3633 1545 αὺ-

2058 1579 2173 1639 τοῖς
2211 1577 2303 1629 τὺν
2347 1577 2466 1629 νέον
2503 1575 2609 1629 ἴδον
2657 1578 2704 1629 οἱ
2753 1578 3045 1648 μάρτυρες,
3085 1560 3180 1632 καὶ
3219 1580 3390 1634 ταῦτά
3418 1583 3466 1634 οἱ
3497 1583 3635 1652 πρὸς

2069 1668 2293 1739 μείζονα
2335 1668 2707 1738 πληροφορίαν
2747 1669 3114 1739 ἀπήγγελλον.
3160 1669 3360 1741 Χεῖρας
3409 1673 3518 1743 γὰρ
3554 1673 3634 1735 είς

1388 1778 1638 1817 :mauus
1691 1763 1835 1817 cnim
1906 1763 1959 1816 iu

2071 1759 2294 1829 οὐρανὸν
2341 1758 2717 1821 ἀνατείναντες
2760 1760 3048 1828 μεγίστους
3075 1761 3271 1830 ὅρκους
3301 1764 3395 1815 καὶ
3422 1764 3634 1832 φρικώι

2064 1852 2175 1914 δεις
2204 1850 2526 1920 διώμνυντο,
2561 1848 2636 1913 ὡς
2665 1852 2726 1903 οὐ
2759 1851 3063 1914 Γαῖανίτας,
3103 1851 3165 1904 οὗ
3215 1850 3626 1921 Θεοδοσιανοὺς,

2065 1946 2123 1997 ὲν
2167 1944 2350 2014 μέτρῳ
2392 1943 2651 2013 πιστῶνῆ
2685 1943 2924 1996 εὐσεϐῶν
2950 1942 3163 2014 ἀριθμῷ
3193 1946 3306 2015 ἔχει
3330 1945 3563 2016 Χριστὸς
3593 1946 3626 2017 ἢ

2063 2036 2367 2104 λογίζεταιο
2416 2035 2619 2088 τούτων
2662 2034 2947 2098 Ἰουλιανὸς
3005 2036 3292 2106 ἐνωμότως
3332 2040 3466 2108 πρὸς
3520 2038 3627 2091 τῶν

2064 2129 2237 2196 ἁγίων
2283 2128 2608 2199 πυθόμενος,
2644 2129 2739 2181 καὶ
2781 2128 3015 2197 πληγαῖς
3056 2130 3151 2183 καὶ
3183 2129 3364 2199 ὅρκοις
3413 2130 3633 2183 παιδευ-

2033 2240 2047 2253 ·
2068 2221 2179 2284 θεὶς
2209 2221 2307 2293 τὴν
2340 2221 2619 2292 ἀλήθειαν,
2666 2221 2992 2291 ἀμφοτέρων
3030 2220 3209 2275 αὐτῶν
3241 2221 3632 2293 ἀπηλλάττετο,

2069 2314 2259 2383 ὑγείαν
2302 2314 2480 2384 ψυχῆς
2533 2315 2626 2367 καὶ
2672 2313 2840 2386 ρὦιν
2895 2311 3144 2384 σώματος
3190 2313 3513 2386 προσλαϐὼν
3546 2314 3636 2368 διά

2070 2405 2329 2465 πίστεως.

2144 2497 2355 2566 Βλάψαι
2392 2495 2439 2548 δ’
2468 2492 2711 2566 οἷμαιτδ
2755 2496 3022 2566 διήγημα,
3067 2497 3115 2550 εί
3158 2497 3367 2566 σιγήσω
3420 2496 3479 2549 τὸ
3527 2496 3636 2550 τῶν

2068 2587 2244 2655 ἁγίων
2279 2585 2516 2657 ἀνθηρὸν
2544 2587 2636 2639 καὶ
2693 2586 2937 2659 ἐπίχαρι,
2966 2587 2994 2639 ὃ
3039 2590 3170 2657 περὶ
3226 2587 3323 2657 τὴν
3349 2582 3634 2641 Ἰουλιανοῦ

2075 2677 2377 2751 μετάληψιν
2406 2677 2749 2743 ἐπεδείξαντο
2768 2694 2783 2708 ο
2819 2678 2965 2730 ἔστιν
2995 2677 3050 2730 δὲ
3077 2677 3254 2731 τοῦτο.
3282 2678 3502 2749 ,Ἐπειδὴ
3539 2678 3636 2746 μὲν

2071 2772 2182 2842 γὰρ
2230 2771 2392 2824 αὑτὸν
2446 2772 2545 2839 τῆς
2610 2756 2881 2841 προτέρας
2928 2770 3203 2839 ζαὶρέσεως
3271 2770 3636 2839 ἀφιστάμενον

2073 2864 2337 2929 ἔϐλεπον,
2393 2864 2490 2934 τὴν
2555 2863 2728 2932 ἀληθῆ
2791 2863 2848 2915 δὲ
2906 2862 3000 2915 τοῦ
3043 2863 3294 2933 Σωτῆρος
3349 2862 3638 2932 ὁμολογίαν

2074 2957 2415 3018 ἀσπάσαντα,
2467 2954 2598 3025 περὶ
2633 2954 2689 3008 δὲ
2726 2953 2826 3023 τὴν
2869 2954 3169 3025 μετάληψιν
3199 2955 3305 3008 τῶν
3342 2956 3511 3024 ἁγίων
3543 2973 3640 3026 μυ-

2078 3048 2315 3119 στηρίων
2342 3047 2661 3114 αἰδούμενον
2696 3046 2791 3099 καὶ
2819 3047 3083 3117 αἰσχύνην
3118 3048 3419 3118 ἡγούμενον
3454 3051 3536 3119 ἐφ’
3559 3044 3667 3112 οἷς⁹

2000 3105 2044 3166 c
2073 3105 2638 3209 ἔδείιλαμπρύνεσθαι,
2673 3105 2987 3207 θαυμαστόν
3012 3105 3065 3191 τΙι
3094 3105 3186 3191 καὶ
3203 3105 3465 3210 θυμηδίας
3493 3105 3640 3205 ἀξιον

2072 3231 2511 3300 διαπράττονται.
2576 3230 2840 3292 Φανέντες
2897 3228 3009 3301 γὰρ
3062 3231 3185 3284 καθ’
3221 3231 3420 3294 ὕπνους
3466 3232 3631 3301 αὐτῷ,

2070 3322 2260 3393 ὥσπερ
2285 3320 2557 3387 εἰώθασιν,
2578 3322 2727 3387 Ἰδοὺ,
2753 3322 2936 3390 φασὶν,
2962 3322 3127 3391 ἐγγύς
3153 3324 3300 3376 ἐστιν
3323 3325 3383 3377 τὸ
3405 3324 3498 3378 τοῦ
3527 3325 3641 3377 Σω-

2073 3414 2239 3486 τῆρος
2277 3414 2572 3482 γενέθλιον,
2604 3416 2694 3469 ὅτε
2720 3415 2813 3469 τοῦ
2834 3414 2973 3468 Θεοῦ
3010 3423 3103 3468 καὶ
3129 3416 3342 3487 Πατρδς
3364 3419 3392 3470 ό
3421 3435 3642 3488 μονογε-

2074 3505 2171 3576 νὴς
2194 3506 2319 3568 Υίὸς
2350 3505 2653 3575 σαρκωθεὶς
2681 3505 3119 3577 ὲνηνθρὼπησεν.
3144 3508 3361 3578 Ταύτην
3400 3509 3644 3574 Ἀλεξαν-

2076 3597 2222 3668 δρεῖς
2244 3596 2341 3667 τὴν
2381 3597 2530 3666 ἱερὰν
2546 3597 2641 3650 καὶ
2663 3598 2963 3666 σεϐασμίαν
2981 3601 3304 3670 πανήγυριν,
3321 3600 3372 3652 οἱ
3393 3602 3489 3669 τῆς
3512 3600 3645 3654 καθ-

2075 3690 2261 3760 ολικῆς
2278 3688 2601 3758 Ἐκκλησίας
2621 3689 2726 3741 υἱοί
2746 3706 2805 3741 τε
2829 3690 2924 3742 καὶ
2938 3690 3190 3760 τρόφιμοι
3213 3692 3268 3743 ὲν
3285 3695 3347 3762 τῇ
3374 3693 3642 3763 ἐπωνύμῳ

2077 3784 2263 3853 Θεωνᾷ
2288 3785 2385 3851 τῆς
2430 3783 2589 3848 ἁγίας
2621 3780 2897 3852 Παρθένου
2925 3783 3142 3853 Μαρίας
3180 3782 3274 3836 καὶ
3302 3783 3644 3855 Θεομήτορος

2077 3875 2320 3941 ἄγουσιν.
2346 3876 2439 3937 Εἰς
2463 3873 2669 3942 ταύτην
2698 3871 2790 3925 οὖν
2816 3872 2908 3926 καὶ
2930 3873 3091 3936 αὐτὸς
3114 3874 3533 3944 ἀφικνούμενος,
3549 3876 3644 3928 καὶ

2078 3959 2159 4028 εἷς
2194 3964 2302 4018 τῶν
2340 3964 2437 4033 τὴν
2471 3962 2742 4030 γενέθλιον
2768 3961 2961 4033 ἑορτὴν
3000 3963 3240 4026 εὐσεϐῶς
3278 3965 3646 4034 γεραιρὸντων

2078 4058 2391 4126 γενόμενος,
2439 4058 2542 4110 κάν
2586 4056 2653 4125 τῇ
2681 4054 2790 4108 τῶν
2831 4055 3037 4108 πιστῶν
3076 4055 3372 4126 Ἐκκλησία
3420 4073 3643 4126 συναρι-

2079 4147 2417 4219 θμούμενος,
2483 4150 2548 4219 τῇ
2602 4148 2891 4219 ψαλμῳδίᾳ
2948 4147 3275 4217 κοινώνησον
3294 4189 3309 4213 ,
3383 4150 3474 4202 καὶ
3538 4149 3644 4202 τῶν

2080 4238 2452 4290 ἀποστολικῶν
2483 4238 2928 4308 ἀναγνωσμάτων
2964 4238 3255 4308 ἀκρόασαι,
3295 4239 3388 4292 καὶ
3417 4239 3513 4309 τῆς
3537 4240 3645 4293 τῶν

2084 4328 2244 4399 ἱερῶν
2269 4328 2613 4398 Εὐαγγελίων
2662 4328 2890 4383 ἄκουσον
2944 4329 3276 4397 σάλπιγγος’
3337 4331 3500 4400 μέχρι
3538 4331 3647 4400 γάρ

408 4420 598 4473 tubam
638 4420 1053 4488 Evangeliorutn
1073 4419 1199 4473 audi
1227 4436 1241 4472 :
1270 4420 1468 4473 etenim
1498 4434 1671 4488 usque
1698 4418 1767 4472 ad
1787 4419 1972 4470 borum

2083 4420 2180 4489 τῆς
2222 4419 2428 4473 τούτων
2491 4421 2807 4486 ἀκροάσεως
2868 4421 3313 4491 παραμένουσιν·
3362 4424 3455 4475 καὶ
3510 4426 3650 4493 μετά

407 4512 894 4573 abscultatiuuem,
957 4511 992 4563 ii
1050 4511 1144 4579 qui
1172 4510 1444 4566 hazreseos
1474 4523 1580 4564 tuae
1617 4520 1764 4571 sunt,
1797 4524 1981 4576 perse-

415 4613 646 4667 verant;
679 4611 731 4654 et
770 4609 892 4669 post
928 4601 1364 4669 evangelicarum
1387 4602 1731 4655 auditionutu
1755 4601 1979 4655 absolu-

410 4694 640 4749 tionem.
692 4690 993 4744 secundum
1067 4690 1304 4760 priscam
1356 4692 1811 4748 consuetudinem
1867 4691 1979 4755 exi,

410 4794 478 4837 ut
507 4786 714 4852 absque
744 4781 1062 4851 suspicione
1114 4797 1410 4837 remanere
1458 4784 1719 4847 ridearis,
1758 4796 1985 4852 procur-

418 4891 565 4935 rens,
595 4885 649 4929 et
677 4890 707 4928 a
734 4876 946 4944 templo
987 4890 1238 4944 egressus
1273 4874 1325 4928 in
1358 4875 1549 4930 drotuo
1581 4885 1860 4945 exspecta,
1889 4874 1983 4944 qui

415 4966 571 5020 iocus
611 4965 844 5036 insignis
892 4965 946 5018 in
994 4966 1361 5019 Alexandrina
1415 4953 1550 5020 urbe
1590 4966 1870 5032 consistit,
1930 4966 1984 5017 in

414 5060 607 5129 plateae
639 5060 865 5128 figuram
903 5057 1224 5128 conjacens,
1278 5059 1580 5129 porticibus
1607 5059 1824 5127 quidem
1852 5058 1987 5111 dua-

417 5153 524 5206 bus
556 5151 848 5215 mediatus,
879 5162 935 5207 et
960 5152 1232 5206 columnis
1263 5167 1328 5207 ac
1360 5153 1726 5206 marmoribus
1755 5151 1988 5204 adorna-

415 5253 530 5308 tus,
564 5245 872 5315 populoque
902 5245 1139 5315 plurimo
1172 5255 1513 5316 angustatus.
1551 5252 1716 5312 atque
1757 5244 1989 5297 diversis

425 5338 740 5393 forensibus
768 5338 1142 5392 mercimoniis
1204 5350 1482 5392 oneratus.
1512 5337 1566 5391 In
1598 5321 1987 5403 hunc,ait,rum

419 5428 575 5492 ieris,
621 5430 858 5484 observa
924 5443 1197 5501 synaxeos
1244 5429 1679 5493 absolutionem;
1757 5442 1991 5496 cumque

420 5536 614 5575 omnes
668 5520 872 5576 videris
945 5522 1169 5576 domum
1237 5535 1511 5583 reversos,
1559 5529 1691 5574 tunc
1748 5519 1989 5582 silentio,

423 5611 644 5666 nomine
677 5612 1103 5681 coutcniplaute,
1129 5610 1468 5688 in_templum
1505 5612 1804 5681 ingressus,
1833 5624 1994 5663 vene-

427 5701 600 5753 randa
647 5703 863 5771 suscipe
910 5711 1290 5766 sacramenta,
1337 5711 1387 5755 et
1432 5702 1607 5757 taliter
1669 5702 1721 5756 in
1771 5703 1990 5755 domum

2080 4512 2179 4582 τὴν
2222 4512 2331 4564 τῶν
2380 4512 2751 4579 εὐαγγελικῶν
2788 4513 3146 4581 ἀκουσμάτων
3189 4513 3468 4579 ἀπόλυσιν,
3510 4517 3649 4567 κατὰ

2081 4602 2178 4671 τὴν
2237 4602 2473 4655 παλαιάν
2533 4620 2627 4656 σου
2681 4605 2966 4677 συνήθειαν
3026 4603 3181 4671 ἔξιθι,
3221 4605 3283 4657 τὸ
3347 4605 3650 4658 ἀνύποπτον

2086 4695 2266 4765 σαυτῷ
2297 4694 2749 4766 προμηθούμενος
2773 4712 2789 4727 ο
2838 4695 2933 4748 καὶ
2958 4695 3051 4749 τοῦ
3090 4697 3352 4765 τεμένους
3380 4695 3558 4763 ἐξιὼν,
3593 4698 3651 4749 ἐν

2083 4785 2162 4856 τῷ
2208 4786 2393 4855 δρόμῳ
2435 4785 2774 4856 παράμεινον
2810 4800 2826 4816 ’
2869 4787 3033 4849 τόπος
3067 4779 3221 4849 οὗτος
3260 4787 3526 4856 ἐπίσημος
3555 4787 3653 4856 τῆς

2100 4874 2489 4944 Ἀλεξανδρέων
2512 4877 2847 4945 καθέστηκεν
2869 4875 3076 4938 πόλεως
3092 4919 3107 4943 ,
3138 4877 3201 4929 ὲκ
3231 4877 3505 4948 λεωφόρου
3524 4882 3654 4947 σχή-

2090 4986 2258 5038 ματος
2286 4950 2558 5038 κείμενος,
2579 4968 2831 5037 ἐμϐόλοις
2863 4969 2961 5039 μὲν
2991 4969 3141 5022 δυσὶν
3177 4970 3533 5040 μεσοὺμενος,
3562 4973 3655 5024 καὶ

2087 5061 2232 5114 κίοσι
2262 5059 2358 5112 καὶ
2399 5061 2714 5131 μαρμάροις
2752 5060 3146 5129 κοσμούμενος.
3178 5059 3286 5130 λεῷ
3314 5077 3371 5113 τε
3396 5076 3656 5130 στενοχω-

2090 5148 2351 5221 ρούμενος
2393 5151 2622 5213 πλείονι,
2668 5151 2902 5212 καὶτοῖς
2947 5152 3004 5204 ὲν
3046 5151 3271 5222 ἀγοραῖς
3295 5152 3657 5215 παντοδαποῖς

2089 5243 2416 5313 πρατηρίοις
2442 5242 2780 5314 βριθόμενος.
2807 5245 2894 5297 Ἐν
2922 5245 3119 5315 τούτῳ,
3143 5248 3326 5312 φασιν,
3349 5247 3474 5307 τοὺς
3499 5261 3658 5313 περι-

2092 5336 2296 5398 πάτους
2355 5335 2713 5405 ποιούμενος,
2769 5336 3025 5406 ἐπιτήρει
3073 5338 3172 5407 τῆς
3236 5338 3507 5402 συνάξεως
3560 5339 3661 5408 τὴν

2092 5426 2357 5479 ἀπόλυσιν
2381 5443 2396 5457 ο
2442 5429 2536 5480 καὶ
2574 5427 2660 5479 ὅτε
2708 5426 2916 5490 πάντας
2945 5428 3061 5501 ἴδῃς
3097 5430 3554 5500 ἀναχωρήσαντας
3584 5429 3664 5483 οῖ-

2076 5518 2247 5581 -καδε,
2287 5518 2409 5571 τότε
2450 5518 2572 5570 καθ’
2600 5520 2835 5588 ἡσυχίαν
2875 5521 3104 5589 μηδενὸς
3152 5521 3335 5575 λοιπὸν
3365 5521 3667 5576 κατοπτεύ-

2096 5627 2266 5673 οντος,
2295 5611 2374 5672 εἰς
2408 5610 2467 5662 τὸ
2504 5611 2728 5679 τέμενος
2761 5613 3038 5676 είσελθὼν,
3085 5615 3192 5666 τῶν
3223 5615 3436 5671 σεπτῶν
3464 5632 3667 5685 μυστη-

2101 5702 2232 5771 ρίων
2266 5701 2558 5769 μετάλαϐε,
2610 5705 2704 5755 καὶ
2734 5702 2874 5756 οὕτω
2901 5706 2981 5769 είς
3015 5702 3164 5760 οἷκον
3191 5706 3390 5771 ἐλάσας
3429 5706 3568 5778 ἡσύχ
3611 5708 3670 5771 ξε
