4054 6252
406 330 543 399 3461

1425 330 1529 390 SS.
1571 327 1746 389 CYRI
1785 325 1881 388 ΕΤ
1904 322 2222 386 JOANNIS
2251 323 2668 386 MIRACULA.

3512 321 3660 386 3162

404 439 494 492 τὸν
523 437 812 509 ἡμέτερον.
871 430 948 494 Οὖ
989 435 1290 507 γεγονότος,
1344 435 1439 489 καὶ
1470 435 1561 488 τὸν
1610 435 1707 513 τῆς
1753 436 1988 502 ἐπιγνωο

2092 440 2337 487 nostram
2370 433 2574 488 vadens
2615 432 2859 502 quiesce.
2911 432 3031 498 Quo
3084 431 3228 486 facto
3298 436 3462 503 atque
3508 448 3660 490 eom-

404 529 628 600 σθείσης
655 528 918 601 αἱρέσεως
942 528 1058 600 ἁμα
1074 527 1153 599 τῷ
1167 528 1420 598 λεχθῆναι
1447 525 1636 597 μῶμον
1655 525 1971 595 ἐκφύγειας,

402 621 498 674 καὶ
528 619 627 691 τὴν
653 620 752 689 τῆς
780 620 1042 691 αἰσχύνης
1074 620 1328 673 ὑπόνοιαν
1357 617 1619 680 παύσεις·
1658 618 1756 686 τῆς
1788 617 1844 671 δέ
1875 635 1977 669 σω-

402 709 600 780 τηρίας
653 710 1034 781 ἁκατάληκτον
1066 710 1210 776 ’ἐξεις
1254 710 1347 763 τὸν
1377 708 1599 762 ἔπαινον
1621 723 1636 739 ο
1685 707 1976 762 καὶταῦτα

407 802 510 871 μὲν
542 802 591 854 οί
624 799 1204 869 ἁγιοι.συνε6ούλευον.

475 892 764 956 Ἰουλιανὸς
807 892 865 946 δὲ
916 877 1049 962 τὴνχ
1070 892 1400 963 ωμὸουλίαν
1429 894 1505 956 ὡς
1534 892 1593 957 ἐξ
1621 892 1793 962 ἁγίων
1821 890 1976 955 δεξά-

407 1002 588 1055 μενος,
614 986 708 1039 καὶ
744 984 820 1056 τῷ
841 986 1028 1057 οἰκείῳ
1052 986 1239 1057 σκοπῷ
1264 986 1388 1049 δοὺς
1420 985 1713 1039 ἀκόλουθον
1736 985 1978 1047 ἐντολαῖς

402 1078 558 1146 ἄγειν
586 1077 857 1132 συνέθετο.
903 1078 976 1131 Τὸ
1000 1078 1057 1131 δέ
1087 1079 1186 1131 οὐκ
1215 1074 1281 1149 ἦν
1322 1078 1397 1142 ὼς
1441 1078 1711 1149 ἐνόμιζεν,
1745 1077 1865 1131 οὐδὲ
1903 1077 1979 1139 ὡς

403 1169 589 1223 ἐπόθει
619 1186 677 1221 τε
706 1169 800 1222 καὶ
826 1169 1091 1241 ἐγλίχετο,
1126 1172 1173 1222 εί
1207 1172 1302 1224 καὶ
1346 1170 1514 1224 ταῦτα
1549 1171 1693 1241 ἔχειν
1729 1168 1994 1241 ἐνόμιζεν

402 1263 502 1329 τὴν
536 1265 889 1332 παραίνεσινσ
948 1261 1063 1315 ἁλλ’
1105 1263 1180 1325 ὼς
1214 1266 1326 1326 τοῖς
1373 1264 1550 1330 ἁγίοις
1581 1264 1754 1316 ἐδόκει
1791 1280 1849 1315 τε
1887 1264 1981 1317 καὶ

402 1352 745 1416 τεθέσπιστο,
783 1350 879 1404 καὶ
903 1350 963 1403 τὺ
1005 1350 1097 1404 τοῦ
1132 1352 1382 1421 Σωτῆρος
1411 1352 1730 1422 διηγόρευσε
1757 1352 1938 1420 λόγιον
1965 1368 1977 1380 ·

422 1442 611 1496 «Οὕτω
637 1446 701 1495 λα
710 1442 903 1512 μψάτω
919 1442 977 1495 τὸ
1000 1441 1113 1510 φῶς
1131 1443 1159 1494 ὑ
1169 1443 1284 1512 μῶν
1312 1444 1621 1514 ἔμπροσθεν
1643 1442 1751 1497 τῶν
1768 1442 1981 1513 ἀνθρώ-

405 1551 544 1599 πων,
579 1536 726 1597 ὅπως
757 1533 937 1586 ἴδωσιν
983 1533 1137 1604 ὑμῶν
1162 1533 1233 1587 τὰ
1267 1534 1408 1588 κσλὰ
1438 1534 1597 1604 ἔργα,
1633 1535 1725 1587 καὶ
1755 1532 1983 1598 δοξάσω·

404 1643 488 1678 σιν
504 1627 593 1677 τὸν
624 1626 839 1696 Πατέρα
861 1625 1013 1695 ὑμῶν
1038 1626 1128 1679 τὸν
1153 1628 1210 1679 ἐν
1234 1629 1345 1689 τοῖς
1365 1626 1632 1697 οὐρανοῖς.
1648 1646 1665 1678 ι
1685 1629 1754 1680 "U
1793 1626 1902 1696 γὰρ
1931 1627 1981 1678 οἱ

407 1717 685 1788 μάρτυρες
734 1717 827 1769 ἐπὶ
878 1717 986 1769 τῶν
1032 1717 1297 1786 δωμάτων
1347 1718 1636 1790 κηρύττειν
1681 1718 1982 1786 ἐϐούλοντο,

404 1807 562 1861 τοῦτο
584 1810 789 1873 ἐκεῖνος
824 1810 881 1860 ἐν
913 1810 1108 1877 ἀφανεῖ
1132 1810 1397 1881 κρύπτειν
1430 1810 1701 1867 ἐϐούλετο.
1733 1812 1983 1867 Ἐπιστά-
2014 1790 2062 1849 Β

408 1918 506 1972 σης
536 1897 628 1954 οὖν
660 1901 758 1970 τῆς
802 1899 911 1954 τῶν
955 1900 1251 1955 ιἐνεθλίων
1288 1903 1435 1973 ἱερᾶς
1468 1904 1852 1973 πανηγύρεως,
1887 1906 1985 1976 τῆς

404 1993 512 2045 τῶν
544 1993 716 2061 ἁγίων
767 1992 1051 2057 Ἰουλιανὸς
1101 1992 1481 2064 μνημονεύσας
1525 1995 1851 2062 κελεύσεως,
1893 1999 1986 2050 ἐπὶ¹

406 2086 468 2138 τὸ
501 2085 689 2139 Θεωνᾶ
714 2084 1074 2154 καλούμενον,
1111 2087 1295 2157 φησὶν,
1331 2087 1556 2156 τέμενος
1599 2088 1856 2159 ἔρχεται·
1892 2090 1987 2143 καὶ

405 2177 685 2249 ἀκροατὴς
728 2178 1020 2248 γενόμενος
1068 2176 1178 2230 τῶν
1227 2177 1599 2247 εὐαγγελικῶν
1643 2179 1760 2249 ἅμα
1786 2196 1845 2233 τε
1892 2184 1987 2236 καὶ

406 2269 780 2323 ἁποστολικῶν
821 2268 1201 2337 ἀναγνώσεων,
1245 2271 1337 2323 ἐπὶ
1380 2270 1474 2324 τὸν
1504 2271 1699 2342 δρόμον
1729 2272 1864 2341 μετὰ
1886 2272 1987 2340 τὴν

406 2362 611 2416 τούτων
645 2360 868 2432 ἐξῆλθεν
890 2363 1229 2432 ἀνάγνωσιν
1262 2364 1485 2417 κάκεῖσε
1522 2363 1712 2434 μείνας
1738 2364 1827 2417 τὸν
1862 2381 1987 2417 και-

410 2456 503 2526 ρὸν
539 2456 647 2531 τῆς.
704 2455 1005 2520 συνάξεως,
1048 2457 1188 2527 μετὰ
1220 2456 1321 2525 τὴν
1345 2456 1550 2527 ταύτης
1599 2457 1863 2511 ἀπόλυσιν
1898 2457 1989 2510 καὶ

405 2546 518 2600 τῶν
541 2546 746 2600 πιστῶν
770 2547 1146 2617 ἱὰναχώρησιν,
1180 2547 1343 2600 πάλιν
1370 2548 1446 2616 τῷ
1469 2546 1574 2616 νεῷ
1605 2547 1989 2620 προσπελάσας

408 2636 753 2708 ἐκέκρυπτο’
792 2636 886 2690 καὶ
917 2636 991 2699 ὡς
1037 2635 1212 2689 ἐδόκει
1241 2634 1339 2706 τὴν
1368 2637 1478 2690 τῶν
1505 2638 1819 2711 μυστηρίων
1839 2638 1985 2690 ἐποι-

409 2728 518 2781 εῖτο
552 2727 875 2798 μετάληψιν.

496 2818 655 2873 Ἀλλὰ
713 2820 771 2871 ἐν
822 2820 931 2889 ὅσῳ
999 2819 1150 2874 κάτω
1206 2819 1377 2873 νεύων
1436 2819 1529 2872 καὶ
1573 2818 1863 2888 κεκυφὼς,
1915 2819 1990 2883 ὡς

413 2912 694 2981 προσῆκον
740 2905 831 2982 ἦν,
880 2911 974 2963 τοῦ
1001 2911 1334 2965 Δεσποτικοΰ
1385 2911 1679 2981 μετέλαϐεν
1716 2909 1988 2981 σώματος,

410 2999 663 3072 κληρικοὶ
726 3003 826 3072 τῆς
873 3001 983 3055 τῶν
1024 3001 1326 3055 Γαῖανιτῶν
1377 3002 1675 3073 λεγομένης
1727 3004 1991 3075 αἱρέσεως

2084 512 2263 595 perto,
2296 526 2384 579 his
2415 527 2506 593 qui
2537 528 2805 579 haereseos
2836 531 2942 578 ttta‘.
3002 531 3153 592 sunt,
3203 538 3327 578 mox
3360 534 3419 577 ut
3450 524 3658 581 dictum

2085 617 2279 676 fuerit.
2317 617 2539 698 silentio
2573 625 2915 686 contegetur,
2946 626 2999 670 et
3035 617 3381 672 verecundia:
3411 620 3661 688 quiescet

2085 710 2359 779 Suspicio,
2398 716 2452 762 et
2485 709 2685 763 salutis
2711 708 3114 763 indesinentem
3149 709 3373 765 habebit
3404 711 3658 777 laudem;

2083 806 2136 853 et
2173 799 2275 853 hoc
2311 799 2531 869 quidem
2556 800 2733 854 sancti
2763 802 2969 859 dabant
2995 801 3313 857 consilium.

2157 889 2411 945 Julianus
2467 900 2648 944 autem
2691 892 2925 945 consilio
2970 900 3228 961 tauquam
3264 909 3291 945 a
3325 894 3535 949 sanctis
3567 910 3663 949 ac-

2088 994 2270 1055 cepto,
2304 986 2450 1054 quod
2492 986 2717 1055 proprio
2758 986 3053 1041 videbatur
3102 988 3445 1043 concordare
3481 990 3667 1044 consi-

2087 1075 2181 1138 lio,
2220 1077 2273 1130 in
2305 1078 2465 1130 linem
2499 1076 2763 1131 reducere
2794 1078 3144 1147 reprorx'rit;
3172 1060 3532 1146 quod‘tamen
3558 1095 3662 1134 tum

2092 1181 2210 1229 erat
2247 1184 2307 1227 ut
2336 1173 2665 1237 aestimabat,
2705 1187 2887 1241 neque
2926 1186 2976 1225 u;
3016 1172 3357 1227 .‘esidcral:at
3388 1184 3443 1229 et
3494 1177 3665 1229 anlte—

2088 1264 2268 1331 labat;
2328 1280 2639 1341 quanquam
2688 1266 2765 1321 sic
2809 1282 2868 1320 Se
2932 1266 3132 1319 habere
3182 1269 3667 1323 commonitiOuem

2090 1359 2451 1427 putaretzsed
2478 1369 2531 1411 ut
2562 1373 2590 1409 a
2614 1359 2819 1413 sanctis
2853 1359 3029 1414 visum
3062 1368 3225 1427 atque
3246 1360 3524 1414 decretum
3558 1372 3662 1424 (εει,

2089 1460 2142 1505 et
2183 1451 2482 1506 Salvatoris
2534 1453 2898 1507 coneionatur
2940 1452 3220 1523 eloquium
3258 1472 3271 1507 :
3314 1473 3331 1504 ‹
3369 1453 3462 1509 Sic
3491 1456 3671 1509 luceat

2090 1545 2182 1598 lux
2229 1553 2406 1598 vestra
2458 1559 2643 1598 coram
2706 1544 3046 1610 hominibus,
3114 1554 3173 1599 ut
3228 1546 3451 1601 videant
3501 1550 3667 1615 Opera

2092 1645 2271 1691 vestra
2313 1636 2477 1701 bona,
2512 1644 2565 1691 et
2608 1636 2918 1707 gloriﬁcent
2959 1636 3174 1690 Patrem
3213 1647 3451 1691 vestrum
3477 1641 3568 1708 qui
3604 1638 3671 1692 in

2105 1730 2260 1784 caelis
2281 1731 2445 1784 est".
2487 1748 2506 1782 ›
2535 1727 2689 1795 Quod
2717 1731 2861 1783 cnim
2897 1739 3169 1800 martyres
3188 1746 3352 1799 supra
3374 1739 3513 1785 lecta
3535 1746 3669 1801 pra:-

2090 1820 2262 1874 dicari
2292 1820 2570 1881 volebant,
2595 1820 2696 1872 hoc
2719 1818 2878 1873 illein
2899 1821 3137 1875 obscuro
3162 1822 3498 1876 abscondere
3521 1832 3666 1876 sata-

2089 1913 2266 1981 gebat.
2297 1911 2539 1966 Instante
2568 1911 2754 1980 itaque
2805 1912 3110 1967 nativitatis
3168 1911 3465 1967 Dominicze
3512 1924 3671 1967 sacra

2090 2004 2459 2066 solemnitate,
2485 2010 2801 2057 sanctorum
2825 2003 3103 2073 jussionis
3132 2004 3451 2058 recordatus
3502 2001 3671 2057 Ju‘ia.

2089 2106 2216 2155 nus,
2249 2092 2313 2146 ad
2349 2093 2608 2161 templum
2649 2092 2792 2146 venit
2852 2092 2995 2161 quod
3025 2091 3249 2145 Theona
3287 2094 3585 2157 vocitatur,
3618 2102 3671 2146 et

2091 2185 2307 2238 auditor
2342 2185 2779 2255 evangelicurum
2814 2194 2867 2239 et
2891 2185 3321 2253 aposmlicarum
3374 2167 3670 2239 lectionum

2090 2276 2340 2342 eﬂ‘ectus,
2410 2276 2476 2328 ad
2537 2276 2789 2329 dromum
2856 2288 2978 2346 post
3043 2275 3232 2330 horum
3292 2276 3670 2331 recitationem

2090 2370 2283 2425 exivit.
2315 2368 2532 2423 Etcum
2579 2367 2652 2422 illi
2717 2367 3015 2421 mansisset
3081 2376 3326 2437 tempore
3378 2383 3672 2439 synaxeis,

2092 2470 2216 2529 post
2272 2460 2435 2530 hujus
2487 2458 2889 2514 absolutionem
2942 2468 2996 2514 et
3069 2472 3348 2514 recessum
3409 2459 3669 2521 ﬁdelium,

2070 2550 2296 2603 iterum
2330 2550 2398 2603 ad
2432 2551 2696 2619 templum
2729 2550 2989 2615 accessit,
3025 2558 3080 2605 et
3120 2551 3335 2607 occulte
3360 2562 3416 2606 ut
3444 2553 3673 2623 putabat

2094 2642 2479 2713 mysteriorum
2508 2642 2745 2696 faciebat
2769 2643 3242 2698 communionem.

2170 2818 2277 2873 Sed
2312 2818 2439 2872 dum
2480 2817 2703 2872 inclinis
2730 2818 3151 2881 et'sulimissus.
3187 2827 3246 2873 ut
3288 2821 3671 2885 conveniebat,

2097 2910 2445 2965 Dominicum
2489 2920 2733 2965 sumeret
2765 2925 2990 2979 corpus,
3030 2912 3215 2965 clerici
3253 2913 3525 2968 limreseos
3551 2928 3675 2983 quas

2093 3005 2297 3059 dicitur
2316 3002 2718 3067 Gaianitarum,
2745 3011 2967 3057 centum
2998 3001 3138 3057 forte
3166 3004 3390 3059 circiter
3419 3018 3671 3067 numero,

408 3093 603 3147 ἑκατὸν
626 3094 752 3164 περί
782 3110 882 3146 που
914 3094 1055 3164 τάχα
1084 3096 1177 3148 τὸν
1215 3093 1468 3165 ἀριθμὸν,
1496 3095 1576 3158 είς
1594 3095 1687 3147 τὸν
1713 3094 1850 3148 νεὼν
1873 3096 1988 3148 εἰσ-

2098 3100 2150 3152 iu
2194 3100 2453 3169 templum
2494 3098 2725 3167 ingrcssi
2756 3106 2888 3152 sunt
2952 3099 3189 3161 oraturi,
3249 3114 3315 3152 ex
3361 3113 3514 3154 more
3572 3099 3687 3153 lie:

408 3186 572 3256 ἦλθον
616 3186 708 3239 τοῦ
750 3185 1008 3250 εὔξασθαι
1058 3188 1120 3239 ἐκ
1156 3186 1443 3257 συνηθείας
1468 3186 1623 3240 τοῦτό
1660 3202 1803 3252 τινες
1851 3188 1995 3257 μετὰ

412 3277 512 3346 τὴν
544 3277 809 3331 ἀπόλυσιν
837 3277 1173 3348 ποιούμενοι,
1207 3276 1303 3330 τοῦ
1337 3279 1504 3331 τόπου
1525 3279 1584 3332 τὸ
1604 3278 1766 3342 σέϐας
1788 3279 1991 3349 φυλάτ-

411 3387 616 3433 τοντες,
666 3370 759 3423 καὶ
807 3373 872 3441 τῇ
914 3371 1159 3440 Θεοτόκῳ
1193 3371 1290 3442 τὴν
1330 3371 1537 3441 συνήθη
1619 3370 1993 3444 προσκύνησιν

410 3461 697 3546 νέμόοντεςο
730 3460 780 3514 οἳ
804 3462 895 3515 τὸν
941 3462 1230 3515 Ἰουλιανδν
1260 3463 1751 3532 μεταλαμϐάνοντα
1799 3462 1995 3517 θεασάφ

414 3570 588 3623 μενοι,
623 3556 688 3626 τῇ
754 3554 1025 3626 μεταϐολῇ
1078 3554 1171 3608 τοῦ
1217 3555 1408 3625 ἀνδρὸς
1458 3555 1859 3627 ἐξεπλάγησαν,
1898 3556 1993 3609 καὶ

414 3645 668 3716 ἀλλήλοις
702 3646 967 3712 ἐνένευον,
1004 3648 1116 3709 τοῖς
1162 3648 1262 3699 ούκ
1284 3647 1597 3718 ἑωρακόσιν
1629 3649 1791 3702 αὐτὴν
1823 3647 1992 3702 ἐνδει-

413 3739 689 3810 κνύμενοι.
730 3740 787 3792 'U
810 3739 865 3793 δὲ
915 3740 1219 3803 ἀνανεύσας
1262 3741 1359 3810 τὴν
1403 3741 1664 3805 ζωοποιὸν
1693 3742 1897 3813 τροφὴν
1927 3744 1984 3794 ἐν

416 3830 744 3901 σπλάγχνοις
767 3830 1058 3884 κατέθετο·
1092 3832 1378 3895 κάκείνους
1420 3832 1578 3897 εὐθὺς
1630 3831 1987 3905 θεασάμενος,

414 3920 663 3991 ἐπλήσθη
732 3919 826 3974 τοῦ
877 3921 977 3993 τῆς
1029 3921 1213 3985 αἰδοῦς
1270 3920 1655 3992 ἐρυθήματος,
1706 3924 1813 3976 κάκ
1887 3924 1994 3977 τῶν

413 4011 584 4079 ἁγίων
638 4012 787 4084 αὐτῷ
832 4012 1117 4081 γεγονέναι
1156 4010 1245 4065 τὸν
1279 4010 1547 4083 θρίαμϐον
1582 4011 1859 4079 ἔγνωκενο
1901 4015 1994 4066 καὶ

414 4107 591 4160 πάντα
614 4106 797 4169 αὐτοῖς
853 4103 1185 4176 διερωτῶσιν
1230 4102 1589 4174 ἀπήγγειλεν,
1624 4104 1722 4156 ὅσα
1755 4121 1813 4158 τε
1858 4121 1993 4158 κατα

416 4199 629 4269 ἔχοντες
680 4197 843 4252 αὑτὸν
896 4198 947 4250 οἱ
999 4196 1278 4267 μάρτυρες
1324 4193 1719 4266 διεπράξαντοο
1780 4195 1873 4249 καὶ
1920 4194 1996 4260 ὼς

413 4288 749 4363 ἐρυθριῶντα
777 4289 939 4343 αὑτὸν
963 4290 1090 4362 περὶ
1116 4287 1213 4361 τὴν
1238 4286 1536 4359 μετάληψιν
1561 4286 1991 4358 ἐθριάμϐευσανο

412 4383 509 4436 καὶ
539 4382 711 4454 τούτῳ
748 4384 847 4453 μὲν
875 4381 1025 4453 αὐτῷ
1056 4380 1136 4451 τῷ
1165 4382 1349 4453 τρόπῳ
1382 4381 1517 4453 πρὸς
1547 4381 1646 4452 τὴν
1693 4379 1984 4451 καθολικὴν

2096 3192 2332 3258 quodam
2368 3197 2493 3258 post
2519 3188 2919 3243 absolutionem
2962 3204 3084 3258 qum
3141 3188 3211 3243 ab
3274 3189 3356 3244 eis
3412 3189 3678 3259 agebatur

2098 3281 2388 3342 facientes,
2423 3281 2638 3350 locique
2692 3279 3105 3335 venerationem
3161 3281 3558 3345 custodientes,
3612 3295 3675 3335 ac

2098 3371 2192 3427 Dei
2223 3371 2486 3427 Genitrici
2522 3372 2588 3425 ad
2625 3371 2929 3425 orationem
2974 3370 3193 3426 solitam
3258 3371 3672 3442 impendentes;

2095 3464 2188 3534 qui
2214 3462 2493 3519 lulianum
2528 3462 2943 3517 communicare
2977 3462 3261 3530 videntes,
3318 3462 3385 3517 de
3431 3478 3679 3517 commu-

2098 3556 2307 3613 tatione
2343 3555 2444 3610 viri
2474 3554 2771 3624 stupefacti
2803 3563 2956 3620 sunt,
2991 3566 3044 3609 et
3074 3556 3311 3608 invicem
3343 3553 3674 3621 innuebant,

2097 3647 2333 3701 maxime
2362 3646 2449 3700 his
2478 3646 2574 3716 qui
2601 3659 2711 3698 non
2750 3644 2997 3699 viderant
3040 3645 3145 3699 ltoc
3186 3654 3580 3700 monstrantes.
3610 3648 3679 3698 At

2098 3739 2188 3793 ille
2218 3754 2341 3793 cum
2383 3737 2656 3792 vivilicam
2683 3752 2867 3792 escam
2898 3738 2951 3791 in
2985 3738 3292 3792 visceribus
3335 3736 3677 3791 recondiitis-

2099 3841 2201 3894 set,
2234 3845 2331 3885 eos
2363 3844 2489 3883 mox
2517 3829 2776 3889 intuitus.
2814 3838 2868 3884 et
2892 3830 3224 3884 verecundia
3259 3829 3502 3896 repletus
3540 3844 3673 3882 eru-

2100 3924 2238 3987 bttit,
2271 3932 2324 3977 et
2350 3938 2378 3976 a
2408 3923 2616 3978 sanctis
2665 3922 2866 3976 factam
2907 3921 3011 3975 sibi
3043 3921 3468 3990 publicationem
3502 3920 3675 3975 fuisse

2098 4015 2379 4087 cognorit,
2406 4023 2460 4068 et
2482 4013 2668 4068 omnia
2696 4013 2806 4068 illis
2836 4013 3289 4082 percontantibus
3318 4012 3670 4081 signiﬁcavit,

2096 4116 2303 4177 quanta
2331 4106 2585 4163 videlicet
2626 4107 2966 4159 instruentes
2985 4119 3108 4159 eum
3135 4112 3405 4174 martyres
3437 4104 3669 4175 egerint,

2096 4207 2150 4256 et
2192 4200 2428 4270 qualiter
2448 4199 2862 4254 erubescentem
2896 4197 3050 4251 illum
3079 4197 3227 4251 circa
3272 4198 3676 4252 communionis

2097 4293 2502 4362 perceptionem
2534 4288 2956 4359 publicaveriut.
2996 4284 3061 4340 Et
3110 4287 3215 4341 hoc
3252 4287 3471 4355 quidem
3507 4289 3679 4343 modo

2105 4384 2171 4438 ad
2204 4385 2532 4439 catholicam
2556 4381 2854 4436 Ecclesiam
2888 4380 3165 4450 copulatio
3201 4379 3343 4434 facta
3378 4389 3481 4446 est,
3506 4382 3675 4435 mira-

412 4474 742 4546 Ἐκκλησίαν
778 4474 1042 4543 συνάφεια
1066 4475 1310 4543 γέγονεν,
1344 4473 1625 4544 θαύματος
1654 4475 1746 4528 καὶ
1786 4474 1986 4545 ἐκπλή-

2099 4475 2223 4530 culo
2249 4482 2302 4530 et
2324 4486 2547 4543 stupore
2575 4472 2773 4527 referta
2807 4479 2861 4527 et
2893 4479 3209 4527 sanctorum
3258 4474 3677 4528 mansuetudine

414 4566 547 4631 ξεως
582 4568 677 4620 καὶ
706 4566 805 4635 τῆς
842 4565 949 4618 τῶν
988 4566 1159 4635 ἁγίων
1207 4566 1545 4637 ἡμερότητος
1578 4566 1986 4639 πεπληρωμένη

352 4673 356 4677 ‘
413 4660 508 4712 καὶ
541 4658 795 4729 χάριτοςσ
830 4660 864 4729 ἡ
890 4657 945 4711 δὲ
979 4658 1145 4727 ρὡις
1191 4656 1285 4710 τοῦ
1311 4658 1562 4727 σώματος
1586 4661 1654 4729 τῇ
1685 4660 1784 4729 τῆς
1812 4657 1989 4729 ψυχῆς

416 4749 704 4817 μεταθέσει
759 4749 1098 4821 συνέτρεχεν.
1143 4748 1330 4818 Ἡμεῖς
1384 4749 1440 4801 δὲ
1495 4748 1594 4820 τὴν
1649 4749 1779 4820 περὶ
1821 4750 1988 4803 αὐτοῦ

411 4841 664 4913 διήγησιν
716 4841 1213 4912 ἐκπληρώσαντες,
1268 4839 1365 4894 καλ⁸
1418 4842 1544 4903 τοὺς
1580 4841 1765 4909 ἁγίους
1820 4843 1991 4913 ὑμνῇ-

415 4950 644 4998 σαντες,
722 4933 807 5001 ἐφ’
861 4934 1053 5003 ἑτέραν
1116 4932 1297 4986 αὐτῶν
1347 4932 1804 5003 θαυματουργίαν
1866 4948 1992 5002 μετ-

415 5027 661 5097 έλθωμεν
687 5066 701 5089 ,
740 5027 838 5078 καὶ
893 5025 1099 5095 ταύτης
1139 5022 1499 5094 ποιησώμεθα
1547 5024 1648 5093 τὴν
1708 5025 1986 5097 διήγησιν.

629 5118 724 5174 II”.
756 5118 893 5187 Περὶ
929 5118 1133 5173 Ἠλίου
1171 5115 1278 5170 τοῦ
1302 5116 1550 5185 λεπροῦ.

482 5198 557 5263 Τδ
586 5212 665 5273 είς
707 5210 893 5263 Ἠλίαν
921 5210 977 5263 δὲ
1006 5209 1097 5264 τὸν
1152 5208 1355 5279 λεπρὸν
1388 5198 1637 5279 πραχθὲν
1666 5211 1779 5272 τοῖς
1808 5209 1989 5276 ἁγίοις

312 5338 330 5370 ›,
413 5305 718 5374 τεράστιον,
752 5304 833 5366 τίς
863 5301 1103 5366 ἀκούσας
1135 5302 1196 5354 οὐ
1218 5300 1490 5371 θαυμάσει
1521 5301 1645 5364 τοὺς
1661 5301 1989 5372 δράσαντας,

414 5399 511 5453 καὶ
565 5398 793 5450 πλεῖστα
825 5395 1084 5449 δύνασθαι
1109 5394 1457 5467 μαρτυρήσει
1488 5392 1566 5465 τῷ
1590 5393 1867 5463 θαύματι;
1895 5395 1993 5446 Λε-

419 5486 554 5557 πρδς
579 5487 608 5540 ὁ
624 5486 810 5550 Ἠλίας
837 5485 1154 5556 ἐτύγχανεν,
1189 5484 1287 5538 καὶ
1304 5483 1495 5555 χρόνον
1520 5482 1688 5536 πολὺν
1710 5482 1836 5552 ἔσχε
1868 5479 1992 5535 τοῦ·

418 5596 479 5633 το
504 5579 563 5632 τὺ
600 5578 938 5650 σύμπτωμα,
970 5578 1066 5646 οὐχ
1112 5577 1195 5629 ἐνὶ
1238 5577 1388 5645 μέλει
1416 5574 1614 5645 λεπρὸς
1652 5573 1993 5645 γνωριζόμε-

418 5688 530 5737 νος,
556 5671 672 5726 ἀλλ’
696 5673 754 5725 ἐν
780 5671 885 5741 ὅλῳ
919 5668 995 5741 τῷ
1028 5669 1240 5741 σώματι
1270 5669 1365 5739 τῆς
1399 5666 1687 5729 ἀσθενείας
1715 5665 1897 5736 φέρων
1926 5665 1995 5718 τὰ

492 5787 535 5817 ³⁷
564 5785 753 5841 Μειιιιι.
794 5801 844 5852 ν,
883 5783 965 5839 16.

2096 4568 2300 4638 repleta
2327 4574 2381 4621 et
2409 4564 2606 4636 gratia.
2643 4564 2818 4618 Porto
2848 4563 3203 4619 incolumitas
3248 4564 3500 4635 corporis
3548 4580 3673 4619 cum

2091 4659 2257 4713 animi
2290 4658 2595 4711 mutatione
2628 4656 2929 4709 concurrit.
2954 4653 3064 4709 Nos
3091 4664 3271 4709 autem
3301 4655 3675 4710 narrationem

2090 4753 2156 4806 de
2180 4752 2301 4820 ipso
2331 4749 2692 4817 complentes,
2722 4754 3059 4816 sanctosque
3091 4745 3397 4806 laudantes.
3424 4746 3491 4799 ad
3525 4744 3675 4799 aliud

2091 4857 2281 4899 eorum
2310 4839 2566 4895 mirabile
2600 4853 2740 4908 epus
2768 4835 3167 4906 (transeamus)
3194 4844 3249 4891 et
3288 4837 3430 4891 hanc
3455 4842 3700 4908 quoque

2092 4933 2359 4990 faciamus
2390 4931 2784 4987 narrationem.

2363 5125 2393 5157 ι
2524 5109 2667 5165 XIII.
2706 5109 2783 5165 De
2809 5109 2967 5165 Helia
2996 5109 3228 5178 leproso.

2163 5207 2319 5276 Quod
2374 5214 2554 5261 autem
2592 5206 2648 5257 in
2693 5202 2845 5259 Helia
2894 5203 3118 5272 leproso
3174 5205 3451 5272 patratum
3496 5205 3582 5254 est
3640 5213 3672 5253 α

2093 5305 2302 5362 sanctis
2335 5301 2667 5374 prodigium,
2695 5299 2821 5370 quis
2848 5297 3079 5353 audiens
3104 5311 3210 5350 non
3244 5309 3341 5350 eos
3367 5292 3458 5364 qui
3488 5302 3673 5363 patra-

2094 5414 2224 5454 vere
2265 5396 2599 5461 mirabitur;
2637 5401 2691 5449 et
2728 5392 2881 5462 plura
2919 5406 3083 5460 posse
3111 5402 3277 5459 quam
3310 5387 3455 5441 istud
3496 5385 3668 5440 mira-

2095 5488 2280 5541 culum
2313 5483 2479 5538 fuerit
2505 5480 2894 5537 attestabitur?
2935 5477 3119 5534 Helias
3151 5478 3332 5546 itaque
3368 5475 3456 5531 hic
3493 5476 3677 5544 lepro-

2094 5593 2190 5634 sus
2220 5584 2357 5641 erat,
2392 5585 2443 5631 et
2479 5574 2623 5628 hanc
2665 5572 3035 5627 concisionem
3085 5559 3259 5624 multo
3303 5577 3548 5640 tempore
3579 5569 3677 5621 ha-

2098 5668 2236 5733 buit,
2264 5681 2373 5721 nou
2404 5665 2457 5720 in
2491 5679 2603 5723 uno
2637 5662 2882 5719 membro
2912 5662 3165 5730 leprosus
3196 5659 3442 5733 agnitus,
3470 5659 3565 5713 sed
3620 5660 3682 5712 in
