4054 6252
370 276 508 341 3463

1261 283 1322 342 S.
1365 282 1779 345 SOPHRONII
1811 285 2324 348 PATRIABClI/E
2351 289 2756 351 HIEROSOL.

3502 292 3643 358 3454

372 397 487 443 toto
514 401 749 457 corpore
792 384 1128 444 inﬁrmitatis
1181 389 1437 460 stigmata
1473 392 1690 456 ferens;
1729 409 1834 448 non
1877 403 1951 448 ta-

2061 394 2358 467 στίγματα,
2382 398 2480 468 οὐχ
2513 397 2658 470 ειπερ
2692 400 2832 469 ἔχων
2875 401 2903 453 6
2928 375 3138 465 Παῦλος
3169 402 3258 456 ἐπ’
3290 403 3476 468 αὐτοῖς
3518 404 3637 460 ισσ-

368 496 495 535 inen
523 496 608 545 ea,
636 495 757 549 qua:
785 494 911 533 cum
949 479 1174 536 haberet
1203 480 1428 546 Paulus,
1469 485 1522 538 in
1557 485 1690 553 ipsis
1748 487 1952 556 gloria-

370 570 533 624 batur
566 585 579 620 :
610 571 840 623 virtutes
880 569 1024 623 enim
1048 579 1204 624 erant
1248 572 1362 637 illa,
1391 581 1449 627 et
1497 575 1747 628 actiones
1779 574 1950 628 caele-

370 672 484 731 stes
515 662 566 715 in
605 662 775 715 Paulo
805 660 1087 716 Christum
1129 664 1419 734 imagines,
1455 673 1511 719 et
1542 666 1678 719 radii
1731 666 1951 735 quidam

369 754 551 809 Solem
574 754 803 827 justitite
836 755 1305 823 demonstrantes,
1345 768 1399 811 et
1428 758 1570 814 ﬁlios
1605 760 1743 815 lueis
1791 768 1955 830 atque

371 845 480 899 diei
509 861 607 900 eos
633 846 723 915 qui
758 845 858 901 has
905 846 1216 901 habuerunt
1247 846 1513 904 facientes
1547 866 1560 901 :
1592 853 1684 905 sed
1716 851 1805 905 illa
1834 867 1956 921 quae

373 938 680 990 secundum
742 936 912 1006 legem
976 936 1276 992 Mosairam
1345 943 1710 997 abominanda
1774 955 1951 1013 erant,

374 1034 538 1094 atque
580 1025 889 1091 immunda,
919 1035 974 1080 et
1016 1044 1046 1082 a
1079 1030 1281 1097 quibus
1312 1031 1475 1084 alieni
1529 1031 1708 1087 factus
1756 1035 1958 1090 coloris

371 1115 538 1169 homo
591 1112 745 1168 extra
790 1125 973 1171 castra
1013 1127 1067 1172 et
1105 1120 1385 1175 civitatem
1420 1125 1635 1191 pulsus,
1693 1133 1956 1194 tanquam

369 1207 754 1262 abominabilis
792 1217 849 1264 et
905 1209 1221 1265 immundus
1258 1227 1287 1262 a
1354 1215 1582 1284 reliquis
1615 1205 1949 1271 contribule-

370 1296 471 1354 bus
506 1300 820 1355 arci-batur.

439 1392 565 1446 llazc
609 1394 755 1447 Elius
812 1395 1067 1465 stigmata
1112 1394 1315 1460 ferens,
1384 1414 1505 1467 qua:
1552 1410 1776 1468 peccata
1830 1411 1958 1457 Sunt

368 1483 603 1553 singula,
650 1501 880 1555 qumque
919 1488 1142 1542 verbum
1178 1488 1319 1543 Deus
1361 1492 1654 1554 exsistcns.
1702 1504 1756 1546 et
1797 1494 1958 1549 homo

367 1580 508 1631 inter
534 1578 788 1634 homines
816 1580 1013 1644 factus,
1042 1591 1096 1636 et
1121 1581 1421 1637 secundum
1458 1586 1708 1654 spiritum
1733 1595 1784 1640 et
1803 1586 1957 1656 juxta

364 1668 600 1723 litteram
634 1672 703 1725 ab
740 1673 1054 1729 hominibus
1095 1676 1324 1745 pepulit.
1360 1677 1464 1732 Sed
1511 1689 1564 1733 et
1596 1687 1729 1733 tunc
1764 1695 1954 1734 secmi-

365 1761 492 1812 dum
546 1762 782 1816 litteram
827 1774 1077 1819 curatum
1113 1767 1411 1835 leprosum,
1448 1769 1751 1823 secundum
1788 1770 1955 1840 legem

367 1850 557 1925 Moysi,
592 1871 795 1912 munus
820 1857 1018 1913 offerre
1048 1859 1314 1924 decrevit,
1351 1869 1405 1916 et
1444 1862 1581 1920 nihil
1612 1878 1642 1916 a
1677 1879 1953 1933 quoquam

362 1947 594 2016 adeptus
623 1950 896 2005 utilitatis.
922 1949 1231 2005 lnelﬁcaces
1262 1951 1600 2008 enim‘etiam
1635 1954 1763 2009 huic
1792 1971 1959 2026 appa-

364 2046 592 2092 ruerunt
643 2037 1004 2109 Hippocrates
1054 2052 1108 2097 et
1162 2043 1426 2111 Galenus,
1485 2060 1548 2100 ac
1609 2046 1955 2103 Democritus

360 2127 532 2184 frater
564 2128 687 2198 ejus
719 2130 921 2187 nothus
955 2141 1176 2201 natura,
1250 2144 1414 2204 atque
1462 2152 1587 2191 cum
1640 2138 1749 2194 illis
1792 2138 1828 2192 ii
1860 2140 1954 2210 qui

360 2237 424 2275 ex
451 2224 634 2280 verbis
662 2239 850 2279 eorum
886 2225 1210 2294 eﬂ'eruutur,
1243 2230 1506 2300 nobisque
1545 2231 1742 2286 horum
1774 2232 1958 2301 appel-

360 2313 594 2371 lationes
625 2331 726 2385 pro
756 2319 973 2388 magnis
1001 2321 1257 2377 remediis
1281 2320 1515 2377 afferunt
1538 2340 1552 2389 ;
1579 2325 1643 2378 ad
1674 2324 1875 2396 Cyrum
1904 2334 1958 2379 et

361 2405 627 2463 Joannem
651 2420 919 2482 martyres
970 2412 1140 2479 venit,
1165 2414 1455 2469 sanitatem
1477 2416 1664 2471 volens
1682 2416 1957 2487 passionis

358 2502 667 2570 acquirere,
705 2512 759 2557 et
815 2505 1045 2561 credens
1101 2507 1245 2576 quod
1298 2509 1678 2579 acquisiturus
1732 2511 1955 2581 penitus

357 2602 527 2647 esset.
564 2593 834 2651 Praeterea
890 2612 998 2651 non
1059 2599 1279 2654 modico
1311 2602 1659 2672 .prolongato
1694 2602 1957 2673 temporis

358 2682 670 2748 intervallo,
721 2688 858 2741 nihil
910 2688 1206 2757 proﬁciens
1264 2705 1501 2746 maerore
1566 2691 1792 2747 aﬁ‘ectus
1850 2700 1956 2755 est,

364 2775 599 2836 sanctis.
628 2775 1141 2845 dispensationibus
1188 2777 1543 2847 quibusdam,
1576 2778 1956 2834 diﬁ'erentihus

362 2867 700 2920 sanitatem:
738 2879 790 2921 et
824 2869 927 2922 hoc
961 2883 1155 2939 passus
1179 2885 1243 2924 ex
1269 2869 1547 2925 diabolico
1575 2870 1768 2940 procul
1792 2871 1958 2927 dubio

362 2974 551 3023 sensu,
577 2960 668 3029 qui
691 2968 745 3013 ct
777 2960 955 3029 ipsum
988 2961 1238 3016 inhibere
1263 2963 1496 3018 sanitate
1524 2963 1718 3029 voluit,
1736 2973 1803 3019 «et
1829 2980 1958 3019 san-

2059 488 2310 559 μνύνετο·
2334 490 2530 560 ἀρεταὶ
2548 492 2657 561 γὰρ
2677 493 2882 545 ἐκεῖναι
2898 492 3011 546 τιιαί
3038 494 3266 565 πράξεις
3289 496 3553 567 οὐράνιοι,
3584 499 3646 552 ἐν

2057 578 2254 649 Παύλῳ
2289 579 2381 633 τὸν
2429 579 2666 649 Χριστὸν
2718 578 3109 646 εἰκονίζουσαι,
3154 583 3252 636 καὶ
3282 584 3499 647 ἀκτῖνες
3530 578 3643 640 οἶόν

2054 686 2197 732 τινες
2250 668 2345 722 τοῦ
2375 670 2475 738 τῆς
2523 668 2869 738 δικαιοσύνης
2898 669 3080 723 Ἡλίου
3105 671 3474 741 τυγχάνουσαι
3496 712 3508 733 ,
3547 675 3644 727 καὶ

2055 761 2218 814 τέκνα
2247 761 2422 830 φωτὸς
2444 761 2536 815 καὶ
2555 762 2703 824 υἱοὺς
2730 761 2945 832 ἡμέρας
2968 762 3221 816 ποιοῦσαι
3238 764 3364 830 τοὺς
3394 763 3640 834 ἔχοντας⁶

2055 854 2172 909 ἀλλ’
2201 857 2386 907 ἐκεῖνα
2409 855 2445 909 ἃ
2480 854 2622 908 κατὰ
2658 854 2823 925 νόμον
2872 855 3170 909 Μωσαῖκὺν
3214 855 3449 927 βδελυρά
3486 874 3545 911 τε
3570 852 3641 928 ἦν

2059 951 2152 1002 καὶ
2173 948 2481 1020 ἀκάθαρτα,
2537 948 2632 1001 καὶ
2678 948 2770 1001 τὸν
2796 947 3141 1019 γεννώμενον
3198 949 3486 1021 ἄνθρωπον
3535 950 3640 1015 ἔξω

2058 1039 2412 1111 παρεμϐολῆς
2439 1040 2534 1093 καὶ
2580 1039 2788 1103 πόλεως
2812 1040 3063 1111 ἡλαυνεν,
3094 1038 3344 1112 βδελυρὸν
3376 1042 3471 1096 καὶ
3502 1042 3634 1098 ἀκά-

2058 1133 2255 1206 θαρτον
2286 1136 2395 1188 τῶν
2421 1134 2623 1189 λοιπῶν
2651 1134 2939 1206 ὁμοφύλων
2975 1136 3333 1206 ἀπείργοντα.

2131 1396 2319 1448 Ταῦτα
2366 1393 2549 1465 φέρων
2592 1392 2779 1458 Ἠλίας
2808 1391 2876 1445 τὰ
2905 1392 3203 1463 στίγματα,
3237 1391 3337 1462 τῆς
3363 1391 3639 1463 ἁμαρτίας

2061 1486 2378 1556 ὑπάρχοντα
2404 1483 2672 1554 σύμϐολα,
2704 1482 2847 1553 ἅπερ
2867 1483 2894 1534 6
2925 1483 3098 1551 Λόγος
3125 1482 3258 1545 Θεὸς
3292 1482 3366 1536 ὢν
3388 1481 3482 1534 καί
3542 1480 3637 1534 άν-

2062 1579 2280 1649 θρωπος
2310 1579 2366 1630 ἐν
2397 1576 2708 1647 ἀνθρώποις
2750 1575 3070 1644 γενόμενος,
3120 1575 3217 1629 καὶ
3246 1574 3387 1628 κατὰ
3419 1573 3639 1641 πνεῦμα

2061 1673 2156 1726 καὶ
2191 1668 2332 1724 κατὰ
2359 1669 2594 1739 γράμμα
2612 1667 2720 1721 τῶν
2749 1666 3058 1738 ἀνθρώπων
3077 1667 3358 1737 ἀπήλασεν
3376 1706 3392 1733 ,
3423 1666 3520 1718 καὶ
3546 1666 3639 1718 τὸν

1991 1738 2031 1792 Β
2060 1762 2182 1814 τότε
2212 1738 2620 1830 θεραπευθέντα
2637 1757 2779 1810 κατὰ
2801 1754 2864 1808 τὸ
2883 1754 3141 1826 γράμμα,
3160 1752 3359 1823 λεπρὸν
3377 1752 3517 1805 κατὰ
3546 1751 3638 1804 τὸν

2061 1851 2224 1921 νόμον
2278 1848 2558 1911 Μωῦσέως
2611 1848 2978 1918 προσενέγκαι
3023 1844 3083 1897 τὸ
3109 1843 3295 1923 δῶρον.
3321 1836 3633 1895 ἐθέσπισεν·

2062 1945 2156 1998 καὶ
2188 1943 2352 2014 μηδὲν
2386 1942 2522 2013 πρὸς
2546 1939 2771 2011 μηδενὸς
2800 1936 3174 2009 ὠφελούμενος
3202 1936 3498 2006 (ἄπρακτοι
3527 1934 3636 2003 γάρ

2059 2035 2345 2089 κάνταῦθα
2396 2033 2706 2103 πεφύκασιν
2737 2032 3108 2100 Ἱπποκράτης
3150 2047 3209 2083 τε
3249 2028 3344 2082 καὶ
3395 2027 3638 2095 Γαληνὸς

2060 2129 2155 2182 καὶ
2183 2126 2526 2197 Δημόκριτος
2552 2127 2580 2178 ὁ
2614 2123 2839 2194 ἀδελφὸς
2867 2126 2896 2176 6
2924 2122 3075 2185 νόθος
3102 2121 3201 2191 τῆς
3254 2118 3490 2188 φύσεως,
3541 2116 3639 2172 καὶ

2062 2202 2165 2273 σὺν
2211 2218 2395 2281 αὐτοῖς
2422 2218 2472 2270 οἰ
2497 2218 2610 2281 τοῖς
2638 2215 2818 2285 λύγοις
2853 2214 3031 2269 αὐτῶν
3065 2211 3506 2284 βρενθυνόμενοι,
3541 2213 3638 2264 καὶ

2058 2312 2158 2376 τὰς
2177 2311 2385 2366 τούτων
2415 2312 2546 2381 ἡμῖν
2580 2309 2953 2381 προσηγορίας
2985 2308 3105 2361 ἀντὶ
3133 2305 3384 2377 μεγάλων
3410 2307 3638 2376 φαρμά-

2058 2421 2171 2459 κων
2228 2400 2679 2474 προσφέροντες),
2710 2401 2847 2472 πρὺς
2876 2399 3059 2470 Κῦρον
3100 2399 3193 2453 καὶ
3227 2398 3483 2469 Ἰωάννην
3512 2398 3638 2461 τοὺς

2061 2496 2346 2568 μάρτυρας
2389 2493 2632 2566 ἔρχεται,
2685 2488 2780 2546 τοῦ
2828 2492 3035 2555 πάθους
3089 2491 3233 2545 ἴασιν
3269 2490 3441 2545 θέλων
3474 2488 3635 2559 πορί-

2058 2587 2275 2652 σασθαι,
2326 2588 2421 2641 καί
2477 2585 2751 2640 πιστεύων
2784 2585 2860 2649 ὡς
2898 2584 3117 2647 πάντως
3182 2583 3488 2653 πορίσεται.
3524 2583 3635 2636 Οὐκ

2057 2681 2240 2748 ὀλίγου
2307 2680 2364 2733 δὲ
2420 2677 2859 2750 παρεκταθέντος
2920 2674 3173 2747 χρονικοῦ
3243 2674 3634 2744 διαστήματος,

2062 2773 2226 2845 μηδὲν
2245 2772 2444 2843 ὀνήσας
2464 2770 2567 2841 ὴθύ
2576 2786 2770 2840 μησεν,
2796 2768 2905 2822 τῶν
2941 2767 3111 2836 ἁγίων
3135 2764 3472 2835 οἰκονομίαις
3497 2767 3636 2818 τισὶν

2055 2862 2470 2934 ταμιευομένων
2503 2860 2601 2932 τὴν
2657 2861 2801 2914 ἴασιν
2824 2879 2840 2895 ·
2886 2864 2981 2913 καὶ
3004 2858 3163 2912 τοῦτο
3203 2857 3393 2912 παθὼν
3427 2861 3490 2911 ἐκ
3516 2856 3635 2911 δια-

2059 2952 2279 3007 ϐολικοῦ
2303 2952 2544 3023 δηλονότι
2570 2952 2939 3021 φρονήματος,
2960 2949 3055 3002 τοῦ
3081 2948 3173 3022 καὶ
3204 2948 3364 3003 αὐτὸν
3390 2947 3634 3002 κωλῦσαι

362 3059 580 3105 rtorum
642 3053 885 3107 recidere
934 3056 1414 3123 compassionem;
1456 3072 1679 3112 manere
1725 3058 1862 3111 ultra
1899 3059 1951 3113 in

2058 3047 2158 3116 τῆς
2194 3044 2486 3116 θεραπείας
2507 3042 2857 3113 θελήσαντος,
2890 3041 2985 3095 καὶ
3019 3041 3115 3111 τὴν
3139 3040 3245 3093 τῶν
3273 3041 3443 3110 ἁγίων
3473 3040 3635 3094 ἐκκό-

362 3145 566 3212 templo
590 3160 697 3197 non
728 3146 936 3214 potuit;
969 3162 1132 3216 grave
1152 3162 1386 3217 namque
1402 3157 1485 3203 est
1508 3149 1711 3203 acedice
1735 3150 1948 3215 vitium,

362 3248 415 3290 et
450 3237 805 3290 vehementer
861 3238 1155 3293 animabus
1211 3238 1563 3307 diligentibus
1621 3239 1791 3295 Deum
1849 3243 1950 3296 ad-

360 3343 604 3393 versum,
634 3338 687 3382 et
725 3344 1054 3398 magnopere
1090 3330 1188 3385 has
1227 3331 1405 3398 laedit,
1446 3332 1550 3386 nisi
1587 3333 1715 3387 dum
1758 3348 1951 3388 recens

362 3430 467 3482 est,
501 3418 767 3472 maturius
800 3418 853 3472 id
895 3427 1156 3489 tanquam
1193 3421 1451 3476 daemonii
1483 3424 1770 3478 meridiani
1793 3424 1951 3479 llam-

362 3512 887 3581 mamexstinguant.
914 3510 1069 3578 Quod
1097 3502 1348 3583 leprosus
1379 3514 1559 3570 facere
1586 3515 1866 3583 differens,
1897 3527 1954 3572 et

360 3619 472 3657 non
498 3602 685 3657 valens
722 3603 865 3656 ultra
907 3602 1049 3658 ferre
1085 3604 1258 3673 ipsius
1293 3604 1631 3672 incendium,
1670 3608 1951 3678 profectus

361 3694 618 3754 recessit,
657 3693 873 3749 relictis
907 3695 1112 3764 templo
1141 3710 1206 3749 ac
1245 3696 1449 3751 divinis
1488 3708 1791 3769 martyrum
1821 3702 1952 3755 cha-

363 3784 702 3849 rismatibus,
745 3793 800 3837 et
828 3792 1095 3854 quantum
1128 3785 1183 3839 in
1214 3800 1274 3841 se
1307 3796 1426 3861 erat
1455 3786 1785 3846 inﬁrmitatis
1825 3806 1953 3862 pro-

363 3876 495 3944 prite
528 3877 786 3929 sanitate.

435 3964 539 4018 Sed
560 3964 735 4019 sancti
762 3979 858 4034 per
879 3963 1020 4018 idem
1052 3972 1269 4036 tempus
1295 3981 1420 4021 eum
1441 3967 1701 4022 invidiam
1728 3984 1950 4040 passum

362 4055 659 4125 quominus
724 4055 1133 4111 convalesceret
1192 4060 1648 4128 contemplantes,
1709 4062 1951 4116 miserati

364 4148 806 4202 misericordiam
846 4151 1249 4219 praestiterunt,
1291 4150 1427 4204 nihil
1479 4160 1741 4207 curantes
1789 4152 1843 4206 in
1893 4167 1952 4208 se

366 4240 435 4293 ab
465 4255 530 4294 eo
563 4241 755 4295 l'actam
797 4242 1022 4296 stultam
1060 4242 1341 4313 injuriani.
1368 4239 1617 4311 Cumque
1649 4244 1950 4309 recederet,

360 4331 515 4401 juua
569 4332 745 4386 sancti
801 4332 986 4388 Metraa
1042 4335 1393 4405 martyrium,
1444 4334 1718 4389 mediante
1754 4333 1843 4388 die
1892 4333 1947 4388 iu

2055 3138 2152 3209 ψαι
2211 3135 2580 3207 συμπάθειαν,
2637 3134 2820 3204 μένειν
2881 3131 2962 3185 ἔτι
3013 3131 3243 3185 κατὰτὸ
3276 3130 3501 3201 τέμενος
3533 3131 3634 3184 οὐκ

2050 3230 2301 3301 ἠδύνατο.
2351 3228 2501 3298 Βαρὺ
2529 3227 2635 3298 γὰρ
2656 3227 2757 3295 τῆς
2784 3225 3014 3297 ἁκηδίας
3054 3224 3116 3278 τὸ
3137 3223 3330 3287 πάθος,
3364 3223 3460 3275 καὶ
3486 3223 3630 3299 πάνυ

2051 3322 2253 3392 ψυχαῖς
2289 3319 2558 3389 φιλοθέοις
2598 3318 2881 3387 πολέμιον,
2914 3321 3008 3369 καὶ
3036 3314 3248 3385 μεγάλα
3278 3312 3482 3377 ταύτας
3511 3313 3631 3366 ἀδι-

2052 3415 2219 3483 κῆσαι
2273 3411 2588 3481 δυνάμενον,
2621 3410 2670 3461 εἰ
2698 3407 2775 3479 μὴ
2806 3406 3001 3461 θᾶττον
3054 3406 3189 3458 αὐτὸ
3226 3405 3302 3469 ὡς
3348 3404 3629 3474 δαιμονίου

2053 3506 2246 3576 φάσμα
2276 3500 2654 3575 μεσημϐρινοῦ
2689 3499 2954 3563 νεανικῶς
2985 3498 3397 3553 ἀποσϐέσωσιν·
3432 3499 3576 3567 ὅπερ
3601 3496 3631 3549 ὁ

2052 3596 2250 3667 λεπρδς
2271 3597 2439 3649 ποιεῖν
2460 3593 2852 3667 ὑπερθέμενος,
2869 3591 2963 3646 καὶ
2982 3591 3057 3672 μὴ
3085 3589 3307 3661 ἰσχύσας
3339 3588 3419 3642 ἔτι
3445 3590 3632 3659 φέρειν

2052 3688 2216 3743 αὐτοῦ
2244 3689 2341 3761 τὴν
2369 3684 2705 3758 ἐκπύρωσιν,
2738 3685 2955 3755 ἀπάρας
2986 3683 3178 3755 ᾤχετο,
3226 3681 3542 3734 καταλιπὼν
3572 3681 3632 3735 τὺ

2050 3782 2302 3851 τέμενος,
2358 3780 2453 3833 καὶ
2481 3779 2550 3832 τὰ
2607 3776 2715 3830 τῶν
2757 3762 3051 3847 μαρτύρων
3112 3772 3230 3826 θεῖα
3277 3773 3623 3844 χαρίσματα,

2052 3871 2144 3923 καὶ
2194 3870 2317 3922 ὅσον
2346 3868 2432 3921 ἐπ’
2463 3865 2612 3937 αὐτῷ
2659 3867 2756 3936 τῆς
2786 3865 2993 3928 οἰκείας
3020 3862 3308 3926 ἀσθενείας
3338 3862 3436 3933 τὴν
3465 3862 3628 3916 ἴασιν.

2134 3958 2274 4012 Ἀλλ’
2298 3960 2349 4012 οἰ
2390 3958 2535 4027 ἆγιοι
2568 3956 2709 4009 κατὰ
2744 3956 2834 4009 τὸν
2862 3955 3055 4025 καιρὸν
3104 3952 3252 4023 αὐτῷ
3298 3951 3632 4023 φθονηθέντα

2050 4053 2150 4122 τῆς
2201 4053 2418 4123 ῥώσεως
2471 4051 2820 4120 θεασάμενοι,
2873 4046 3241 4117 οἰκτείραντες
3295 4045 3630 4116 ἐπηλέησαν.

2052 4144 2440 4216 φροντίσαντες
2497 4141 2649 4195 οὐδὲν
2703 4140 2804 4209 τῆς
2861 4141 2941 4203 εἰς
2996 4138 3195 4199 αὐτοὺς
3255 4135 3478 4204 ἀλογίας
3534 4136 3631 4188 καὶ

2052 4236 2284 4308 ὕϐρεως.
2323 4233 2723 4305 Ἀναχωροῦντι
2752 4232 2809 4285 δὲ
2840 4232 2982 4286 κατὰ
3016 4232 3076 4284 τὸ
3106 4231 3307 4301 Μητρᾶ
3355 4229 3447 4283 τοῦ
3476 4229 3630 4298 ἁγίου

2054 4327 2353 4399 μαρτύριον
2412 4325 2684 4396 μεσούσης
2736 4323 2951 4394 ἡμέρας
2986 4322 3044 4374 ἐν
3082 4320 3332 4391 μοναχῶν
3390 4320 3633 4391 ὑπαντή-

365 4423 761 4477 monachorum
809 4424 859 4478 ei
911 4425 1285 4479 schematibus
1332 4426 1644 4487 obviantes,
1681 4426 1944 4497 Ignorant-

2055 4439 2250 4483 σαντες
2286 4422 2548 4492 σχήματι,
2591 4419 2687 4473 καὶ
2711 4418 2934 4486 ἄγνοιαν
2963 4416 3223 4487 συμπαθῆ
3256 4417 3630 4485 προσποιησά-

368 4515 611 4585 tiamque
656 4514 1067 4585 compassionis
1114 4516 1401 4585 ﬁngentes,
1445 4517 1590 4571 unde
1621 4518 1855 4580 veniret,
1895 4525 1948 4571 et

367 4622 477 4677 quo
509 4620 776 4680 pergeret,
820 4611 1122 4681 percontati
1165 4621 1315 4667 sunt.
1358 4613 1426 4665 At
1473 4613 1564 4668 ille
1593 4612 1751 4682 quasi
1787 4628 1945 4666 vera-

369 4701 504 4754 (iter
540 4701 919 4770 ignorantibus
947 4703 1351 4761 confessionem
1392 4704 1618 4767 facie-ns,
1644 4713 1698 4759 et
1723 4713 1947 4760 sanctos

365 4792 686 4858 nominavit,
722 4802 776 4847 et
824 4796 1086 4864 templum
1133 4796 1392 4853 asseruit.
1446 4794 1551 4851 Sed
1590 4804 1859 4868 martyres
1892 4804 1948 4851 et

367 4898 590 4936 causam
616 4885 834 4952 iterum,
876 4897 1097 4958 propter
1128 4903 1290 4958 quam
1327 4888 1457 4941 illuc
1492 4897 1736 4951 venerat,
1768 4888 1947 4944 dicere

371 4984 771 5044 piwceperunt.
803 4976 899 5032 llle
920 4994 1049 5033 vero
1079 4979 1221 5031 dixit
1255 4996 1269 5033 :
1299 4977 1535 5033 Causam
1573 4978 1795 5043 videtis,
1828 4995 1944 5033 ma-

369 5063 566 5121 nifesta
591 5068 734 5121 enim
761 5069 873 5122 haec
906 5077 1081 5135 cst,et
1118 5084 1227 5123 non
1252 5077 1371 5139 eget
1397 5069 1703 5140 cuiuspiam
1733 5072 1945 5126 nuntio.

368 5159 469 5213 Ast
504 5161 707 5229 egregii
744 5161 919 5215 sancti
957 5162 1136 5215 denuo
1167 5161 1613 5227 sciscitabantur,
1656 5163 1943 5219 dicentes:

369 5253 432 5306 lit
453 5267 615 5322 quam
635 5254 705 5307 ob
727 5267 947 5307 causam
973 5259 1096 5306 ante
1120 5253 1393 5324 passionis
1417 5255 1718 5310 libertatem
1742 5256 1950 5312 disces-

370 5346 535 5399 sisti?
561 5348 627 5401 Et
656 5346 1079 5415 perseverantiae
1103 5355 1322 5417 tempus
1349 5348 1699 5418 signiﬁcavit,
1725 5356 1778 5403 et
1802 5350 1945 5419 quod

372 5438 506 5493 nihil
531 5440 814 5509 proliceret
855 5454 1214 5510 perseverans
1238 5441 1563 5506 enuntiavit,
1599 5448 1766 5496 testes
1799 5441 1947 5510 ipsos

374 5538 562 5599 turpes
616 5532 830 5585 albores
886 5531 1219 5597 ostendens;
1277 5547 1383 5588 non
1445 5543 1670 5587 sanctos
1733 5533 1785 5586 in
1844 5532 1948 5587 hoc

373 5619 756 5684 incusans,scd
775 5637 833 5676 se
850 5622 1128 5692 indignum
1150 5638 1274 5678 cum
1301 5623 1601 5680 reverentia
1622 5633 1675 5677 et
1693 5624 1948 5694 lacrymis

376 5713 527 5764 ι.ιιιιο
587 5727 808 5767 munere
867 5728 1136 5771 asserens.
1199 5713 1367 5771 Porro
1433 5714 1944 5785 compatientissimi

1468 5880 1493 5903 ς

2054 4535 2228 4588 μενοι,
2264 4517 2429 4570 πόθεν
2456 4515 2670 4585 ἔρχοιτο
2699 4514 2793 4567 καὶ
2824 4511 2929 4566 ποῦ
2954 4511 3237 4583 πορεύοιτο
3269 4512 3631 4583 προσηρώτη-

2053 4626 2171 4664 σαν.
2208 4610 2267 4661 '0
2290 4609 2346 4662 δὲ
2379 4608 2454 4671 ὼς
2484 4606 2699 4678 ἀληθῶς
2728 4604 3015 4675 ἀγνοοῦσιν
3064 4604 3398 4674 ἐπαγγελίαν
3454 4606 3633 4658 ποιού-

2054 4719 2236 4774 μενος,
2284 4703 2378 4755 καὶ
2435 4701 2562 4762 τοὺς
2619 4700 2809 4769 ἁγίους
2837 4698 3118 4768 ὠνόμασεν
3162 4697 3410 4760 καὶτοὺς
3456 4697 3633 4766 μῆνας

2050 4794 2309 4867 ἔφρασεν.
2340 4794 2479 4846 Ἀλλ’
2507 4795 2555 4847 οἱ
2594 4792 2872 4863 μάρτυρες
2906 4791 3001 4844 καὶ
3028 4791 3127 4862 τὴν
3148 4791 3327 4845 αἰτίαν
3356 4789 3536 4858 λέγειν
3564 4789 3632 4841 δι’

2049 4889 2115 4959 ἢν
2157 4888 2274 4941 ἐκεῖ
2324 4885 2659 4957 παρεγένετο
2707 4884 3048 4939 διεκέλευον’
3081 4885 3109 4937 6
3172 4883 3249 4947 δὲ,
3282 4883 3394 4953 Τὴν
3425 4882 3627 4944 αἰτίαν,

2050 4978 2274 5049 ἔφησεν,
2314 4978 2541 5048 βλέπετε
2568 4993 2581 5007 ’
2618 4975 2902 5047 προφανὴς
2932 4976 3042 5046 γὰρ
3066 4974 3209 5044 αὕτη
3233 4976 3325 5028 καὶ
3344 4974 3404 5025 ού
3439 4971 3629 5042 χρῄζει

2049 5070 2192 5133 τινὸς
2220 5070 2313 5122 τοῦ
2334 5069 2657 5140 μηνύοντος.
2680 5070 2743 5121 Oi.
2770 5068 2828 5122 δὲ
2846 5067 3121 5121 θεσπέσιοι
3148 5066 3311 5121 πάλιν
3341 5066 3622 5128 ἐπύθοντο,

2051 5165 2160 5217 Καὶ
2184 5166 2348 5228 τίνος,
2370 5163 2641 5232 λέγοντες,
2661 5164 2823 5217 ἕνεκα
2840 5161 2946 5232 πρὸ
2971 5160 3070 5231 τῆς
3092 5159 3186 5213 τοῦ
3220 5158 3425 5221 πάθους
3446 5156 3623 5210 ἁπαλ-

2050 5253 2218 5325 λαγῆς
2252 5254 2647 5326 ἀνεχώρησας;
2703 5253 3025 5327 παραμονῆς
3066 5250 3157 5304 τὸν
3198 5249 3390 5321 χρόνον
3418 5250 3628 5317 ἐπήμα-

2050 5362 2158 5411 νεν,
2195 5347 2289 5399 καὶ
2339 5345 2414 5409 ὼς
2445 5345 2597 5399 οὐδὲν
2651 5345 2914 5413 ὠφελεῖτο
2974 5344 3318 5412 παραμείνας
3367 5339 3623 5409 ἐμήνυεν,

2055 5443 2338 5513 μάρτυρας
2365 5443 2463 5506 τὰς
2490 5442 2749 5513 εἰδεχθεῖς
2767 5440 2978 5504 ὲκείνας
2998 5438 3265 5501 λευκάδας
3284 5436 3623 5504 ποιούμενος*

2050 5533 2111 5585 οὐ
2135 5533 2262 5597 τοὺς
2309 5533 2498 5602 ἁγίους
2530 5535 2588 5587 ἐν
2617 5533 2792 5603 τούτῳ
2822 5534 3175 5603 μεμφόμενος
3207 5535 3281 5602 μὴ
3301 5527 3627 5594 δυνηθέντας

2051 5627 2083 5697 ἢ
2116 5626 2189 5698 μὴ
2220 5626 2574 5697 θελήσαντας,
2630 5627 2746 5680 ἀλλ’
2774 5629 2961 5681 ἑαυτὸν
2994 5626 3210 5692 ἀνάξιον
3237 5626 3332 5678 σὺν
3370 5621 3629 5694 εὐλαϐείᾳ.

2053 5721 2146 5773 καὶ
2174 5719 2435 5790 δάκρυσιν
2489 5720 2658 5773 εἰπὼν
2707 5719 2799 5773 τοῦ
2834 5721 3175 5791 δωρήματος.
3227 5718 3289 5771 Οἱ
3312 5717 3367 5771 δὲ
3408 5731 3625 5786 συμπαο
3682 5710 3701 5715 “
