  <div class='ocr_page' id='page_1' title='image "/cluster/home/n/w/nwhite01/storage/ocr_20150623/87 pt.3 1965/mdp.39015012172931/373.png"; bbox 0 0 4054 6252; ppageno 0'>
   <div class='ocr_carea' id='block_1_1' title="bbox 300 282 443 352">
    <p class='ocr_par' dir='ltr' id='par_1_1' title="bbox 300 282 443 352">
     <span class='ocr_line' id='line_1_1' title="bbox 300 282 443 352; baseline 0 -1"><span class='ocrx_word' id='word_1_1' title='bbox 300 282 443 352; x_wconf 68' lang='grc'><strong>’84⁸11</strong></span> 
     </span>
    </p>
   </div>
   <div class='ocr_carea' id='block_1_2' title="bbox 1163 289 2650 366">
    <p class='ocr_par' dir='ltr' id='par_1_2' title="bbox 1163 289 2650 366">
     <span class='ocr_line' id='line_1_2' title="bbox 1163 289 2650 366; baseline 0.011 -16"><span class='ocrx_word' id='word_1_2' title='bbox 1163 289 1225 351; x_wconf 91' lang='lat' dir='ltr'><strong>S.</strong></span> <span class='ocrx_word' id='word_1_3' title='bbox 1259 290 1680 353; x_wconf 81' lang='lat' dir='ltr'><strong>SOPHRONH</strong></span> <span class='ocrx_word' id='word_1_4' title='bbox 1712 293 2216 356; x_wconf 71' lang='grc' dir='ltr'><strong>ΡΑΤΒῙΑΒΟΗΕ</strong></span> <span class='ocrx_word' id='word_1_5' title='bbox 2247 297 2650 366; x_wconf 85' lang='lat' dir='ltr'><strong>HlEROSOL.</strong></span> 
     </span>
    </p>
   </div>
   <div class='ocr_carea' id='block_1_3' title="bbox 3439 306 3583 382">
    <p class='ocr_par' dir='ltr' id='par_1_3' title="bbox 3439 306 3583 382">
     <span class='ocr_line' id='line_1_3' title="bbox 3439 306 3583 382; baseline 0.007 -1"><span class='ocrx_word' id='word_1_6' title='bbox 3439 306 3583 382; x_wconf 67' lang='lat'><strong>3472</strong></span> 
     </span>
    </p>
   </div>
   <div class='ocr_carea' id='block_1_4' title="bbox 315 398 1881 494">
    <p class='ocr_par' dir='ltr' id='par_1_4' title="bbox 315 398 1881 474">
     <span class='ocr_line' id='line_1_4' title="bbox 315 398 1881 474; baseline 0.002 -20"><span class='ocrx_word' id='word_1_7' title='bbox 315 408 370 454; x_wconf 88' lang='lat' dir='ltr'><strong>et</strong></span> <span class='ocrx_word' id='word_1_8' title='bbox 399 398 538 456; x_wconf 80' lang='lat' dir='ltr'><strong>alios</strong></span> <span class='ocrx_word' id='word_1_9' title='bbox 564 398 819 456; x_wconf 81' lang='lat' dir='ltr'><strong>homines</strong></span> <span class='ocrx_word' id='word_1_10' title='bbox 848 398 1113 456; x_wconf 71' lang='lat' dir='ltr'><strong>discretio</strong></span> <span class='ocrx_word' id='word_1_11' title='bbox 1144 399 1223 469; x_wconf 83' lang='lat' dir='ltr'><strong>fit,</strong></span> <span class='ocrx_word' id='word_1_12' title='bbox 1260 416 1370 458; x_wconf 91' lang='lat' dir='ltr'><strong>non</strong></span> <span class='ocrx_word' id='word_1_13' title='bbox 1400 402 1578 458; x_wconf 89' lang='lat' dir='ltr'><strong>solum</strong></span> <span class='ocrx_word' id='word_1_14' title='bbox 1618 417 1755 474; x_wconf 87' lang='lat' dir='ltr'><strong>pene</strong></span> <span class='ocrx_word' id='word_1_15' title='bbox 1801 404 1881 459; x_wconf 88' lang='lat' dir='ltr'><strong>im</strong></span> 
     </span>
    </p>
   </div>
   <div class='ocr_carea' id='block_1_5' title="bbox 1984 398 3580 494">
    <p class='ocr_par' dir='ltr' id='par_1_5' title="bbox 2007 403 3580 494">
     <span class='ocr_line' id='line_1_5' title="bbox 2007 403 3580 494; baseline 0.015 -36"><span class='ocrx_word' id='word_1_16' title='bbox 2007 403 2065 460; x_wconf 77' lang='grc' dir='ltr'><strong>δὲ</strong></span> <span class='ocrx_word' id='word_1_17' title='bbox 2135 406 2196 460; x_wconf 83' lang='grc' dir='ltr'><strong>τὸ</strong></span> <span class='ocrx_word' id='word_1_18' title='bbox 2247 408 2312 462; x_wconf 73' lang='grc' dir='ltr'><strong>ἐκ</strong></span> <span class='ocrx_word' id='word_1_19' title='bbox 2369 410 2561 465; x_wconf 90' lang='grc' dir='ltr'><strong>τούτου</strong></span> <span class='ocrx_word' id='word_1_20' title='bbox 2612 413 2921 488; x_wconf 75' lang='grc' dir='ltr'><strong>δυσκινήτῳ</strong></span> <span class='ocrx_word' id='word_1_21' title='bbox 2952 412 3243 489; x_wconf 76' lang='grc' dir='ltr'><strong>βαδίσματι</strong></span> <span class='ocrx_word' id='word_1_22' title='bbox 3273 421 3580 494; x_wconf 85' lang='grc' dir='ltr'><strong>χρώμενος,</strong></span> 
     </span>
    </p>
   </div>
   <div class='ocr_carea' id='block_1_6' title="bbox 309 489 1895 562">
    <p class='ocr_par' dir='ltr' id='par_1_6' title="bbox 309 489 1895 562">
     <span class='ocr_line' id='line_1_6' title="bbox 309 489 1895 562; baseline 0.003 -17"><span class='ocrx_word' id='word_1_23' title='bbox 309 489 497 547; x_wconf 82' lang='lat' dir='ltr'><strong>mobili</strong></span> <span class='ocrx_word' id='word_1_24' title='bbox 531 505 725 562; x_wconf 75' lang='lat' dir='ltr'><strong>gressu</strong></span> <span class='ocrx_word' id='word_1_25' title='bbox 760 506 827 545; x_wconf 77' lang='lat' dir='ltr'><strong>ex</strong></span> <span class='ocrx_word' id='word_1_26' title='bbox 885 490 990 547; x_wconf 88' lang='lat' dir='ltr'><strong>hoc</strong></span> <span class='ocrx_word' id='word_1_27' title='bbox 1047 506 1202 557; x_wconf 89' lang='lat' dir='ltr'><strong>usus,</strong></span> <span class='ocrx_word' id='word_1_28' title='bbox 1263 494 1351 547; x_wconf 83' lang='lat' dir='ltr'><strong>vix</strong></span> <span class='ocrx_word' id='word_1_29' title='bbox 1392 508 1516 549; x_wconf 90' lang='lat' dir='ltr'><strong>sese</strong></span> <span class='ocrx_word' id='word_1_30' title='bbox 1570 494 1730 550; x_wconf 88' lang='lat' dir='ltr'><strong>nobis</strong></span> <span class='ocrx_word' id='word_1_31' title='bbox 1773 504 1895 549; x_wconf 87' lang='lat' dir='ltr'><strong>latt-</strong></span> 
     </span>
    </p>
   </div>
   <div class='ocr_carea' id='block_1_7' title="bbox 310 582 1898 656">
    <p class='ocr_par' dir='ltr' id='par_1_7' title="bbox 310 582 1898 656">
     <span class='ocr_line' id='line_1_7' title="bbox 310 582 1898 656; baseline 0.003 -20"><span class='ocrx_word' id='word_1_32' title='bbox 310 598 475 654; x_wconf 86' lang='lat' dir='ltr'><strong>quam</strong></span> <span class='ocrx_word' id='word_1_33' title='bbox 505 597 661 654; x_wconf 86' lang='lat' dir='ltr'><strong>apem</strong></span> <span class='ocrx_word' id='word_1_34' title='bbox 697 583 753 641; x_wconf 90' lang='lat' dir='ltr'><strong>in</strong></span> <span class='ocrx_word' id='word_1_35' title='bbox 794 583 975 638; x_wconf 89' lang='lat' dir='ltr'><strong>hieme</strong></span> <span class='ocrx_word' id='word_1_36' title='bbox 1004 582 1436 653; x_wconf 69' lang='lat' dir='ltr'><strong>demonstravit;</strong></span> <span class='ocrx_word' id='word_1_37' title='bbox 1472 586 1564 640; x_wconf 85' lang='lat' dir='ltr'><strong>sed</strong></span> <span class='ocrx_word' id='word_1_38' title='bbox 1594 601 1761 656; x_wconf 79' lang='lat' dir='ltr'><strong>super</strong></span> <span class='ocrx_word' id='word_1_39' title='bbox 1796 588 1898 641; x_wconf 87' lang='lat' dir='ltr'><strong>htt-</strong></span> 
     </span>
    </p>
   </div>
   <div class='ocr_carea' id='block_1_8' title="bbox 302 671 1900 745">
    <p class='ocr_par' dir='ltr' id='par_1_8' title="bbox 302 671 1900 745">
     <span class='ocr_line' id='line_1_8' title="bbox 302 671 1900 745; baseline -0.001 -16"><span class='ocrx_word' id='word_1_40' title='bbox 302 672 543 745; x_wconf 77' lang='lat' dir='ltr'><strong>jusmodi</strong></span> <span class='ocrx_word' id='word_1_41' title='bbox 607 672 869 745; x_wconf 77' lang='lat' dir='ltr'><strong>languore</strong></span> <span class='ocrx_word' id='word_1_42' title='bbox 926 671 1180 730; x_wconf 72' lang='lat' dir='ltr'><strong>fortassis</strong></span> <span class='ocrx_word' id='word_1_43' title='bbox 1236 683 1290 730; x_wconf 93' lang='lat' dir='ltr'><strong>et</strong></span> <span class='ocrx_word' id='word_1_44' title='bbox 1345 674 1462 744; x_wconf 91' lang='lat' dir='ltr'><strong>ipse</strong></span> <span class='ocrx_word' id='word_1_45' title='bbox 1514 673 1799 737; x_wconf 85' lang='lat' dir='ltr'><strong>confusus,</strong></span> <span class='ocrx_word' id='word_1_46' title='bbox 1847 683 1900 729; x_wconf 92' lang='lat' dir='ltr'><strong>et</strong></span> 
     </span>
    </p>
   </div>
   <div class='ocr_carea' id='block_1_9' title="bbox 306 765 1895 837">
    <p class='ocr_par' dir='ltr' id='par_1_9' title="bbox 306 765 1895 837">
     <span class='ocr_line' id='line_1_9' title="bbox 306 765 1895 837; baseline -0.003 -14"><span class='ocrx_word' id='word_1_47' title='bbox 306 780 462 827; x_wconf 82' lang='lat' dir='ltr'><strong>suam</strong></span> <span class='ocrx_word' id='word_1_48' title='bbox 499 766 673 837; x_wconf 84' lang='lat' dir='ltr'><strong>ipsius</strong></span> <span class='ocrx_word' id='word_1_49' title='bbox 704 765 893 821; x_wconf 89' lang='lat' dir='ltr'><strong>volens</strong></span> <span class='ocrx_word' id='word_1_50' title='bbox 940 765 1220 820; x_wconf 88' lang='lat' dir='ltr'><strong>occultare</strong></span> <span class='ocrx_word' id='word_1_51' title='bbox 1263 765 1676 831; x_wconf 75' lang='lat' dir='ltr'><strong>infirmitatem;</strong></span> <span class='ocrx_word' id='word_1_52' title='bbox 1718 779 1895 835; x_wconf 62' lang='lat' dir='ltr'><strong>quano</strong></span> 
     </span>
    </p>
   </div>
   <div class='ocr_carea' id='block_1_10' title="bbox 302 856 1897 958">
    <p class='ocr_par' dir='ltr' id='par_1_10' title="bbox 302 856 1897 958">
     <span class='ocr_line' id='line_1_10' title="bbox 302 856 1897 958; baseline -0.001 -45"><span class='ocrx_word' id='word_1_53' title='bbox 302 873 467 931; x_wconf 86' lang='lat' dir='ltr'><strong>quam</strong></span> <span class='ocrx_word' id='word_1_54' title='bbox 511 874 679 925; x_wconf 82' lang='lat' dir='ltr'><strong>super</strong></span> <span class='ocrx_word' id='word_1_55' title='bbox 716 858 913 958; x_wconf 45' lang='grc' dir='ltr'><strong>αιιίωοεε</strong></span> <span class='ocrx_word' id='word_1_56' title='bbox 961 856 1101 929; x_wconf 85' lang='lat' dir='ltr'><strong>jussi</strong></span> <span class='ocrx_word' id='word_1_57' title='bbox 1153 873 1343 914; x_wconf 87' lang='lat' dir='ltr'><strong>sumus</strong></span> <span class='ocrx_word' id='word_1_58' title='bbox 1385 857 1734 922; x_wconf 77' lang='lat' dir='ltr'><strong>erubescere,</strong></span> <span class='ocrx_word' id='word_1_59' title='bbox 1790 872 1897 911; x_wconf 90' lang='lat' dir='ltr'><strong>non</strong></span> 
     </span>
    </p>
   </div>
   <div class='ocr_carea' id='block_1_11' title="bbox 304 948 1896 1025">
    <p class='ocr_par' dir='ltr' id='par_1_11' title="bbox 304 948 1896 1025">
     <span class='ocr_line' id='line_1_11' title="bbox 304 948 1896 1025; baseline -0.007 -13"><span class='ocrx_word' id='word_1_60' title='bbox 304 970 471 1025; x_wconf 88' lang='lat' dir='ltr'><strong>super</strong></span> <span class='ocrx_word' id='word_1_61' title='bbox 543 951 796 1024; x_wconf 85' lang='lat' dir='ltr'><strong>corporis</strong></span> <span class='ocrx_word' id='word_1_62' title='bbox 851 948 1297 1023; x_wconf 42' lang='lat' dir='ltr'><strong>rpassionibnsn</strong></span> <span class='ocrx_word' id='word_1_63' title='bbox 1360 948 1704 1005; x_wconf 77' lang='lat' dir='ltr'><strong>Erttbesrant</strong></span> <span class='ocrx_word' id='word_1_64' title='bbox 1753 949 1896 1003; x_wconf 90' lang='lat' dir='ltr'><strong>enim</strong></span> 
     </span>
    </p>
   </div>
   <div class='ocr_carea' id='block_1_12' title="bbox 295 1040 1898 1118">
    <p class='ocr_par' dir='ltr' id='par_1_12' title="bbox 295 1040 1898 1118">
     <span class='ocr_line' id='line_1_12' title="bbox 295 1040 1898 1118; baseline -0.003 -15"><span class='ocrx_word' id='word_1_65' title='bbox 295 1046 459 1118; x_wconf 78' lang='lat' dir='ltr'><strong>impii</strong></span> <span class='ocrx_word' id='word_1_66' title='bbox 502 1055 555 1100; x_wconf 91' lang='lat' dir='ltr'><strong>et</strong></span> <span class='ocrx_word' id='word_1_67' title='bbox 585 1044 946 1109; x_wconf 76' lang='lat' dir='ltr'><strong>deducantur,</strong></span> <span class='ocrx_word' id='word_1_68' title='bbox 985 1043 1259 1114; x_wconf 90' lang='lat' dir='ltr'><strong>inquit,in</strong></span> <span class='ocrx_word' id='word_1_69' title='bbox 1282 1043 1554 1099; x_wconf 87' lang='lat' dir='ltr'><strong>infernum</strong></span> <span class='ocrx_word' id='word_1_70' title='bbox 1582 1042 1652 1097; x_wconf 69' lang='grc' dir='ltr'><strong>’.ι</strong></span> <span class='ocrx_word' id='word_1_71' title='bbox 1690 1040 1756 1097; x_wconf 80' lang='lat' dir='ltr'><strong>Et</strong></span> <span class='ocrx_word' id='word_1_72' title='bbox 1798 1043 1898 1098; x_wconf 92' lang='lat' dir='ltr'><strong>itc-</strong></span> 
     </span>
    </p>
   </div>
   <div class='ocr_carea' id='block_1_13' title="bbox 301 1132 1897 1202">
    <p class='ocr_par' dir='ltr' id='par_1_13' title="bbox 301 1132 1897 1202">
     <span class='ocr_line' id='line_1_13' title="bbox 301 1132 1897 1202; baseline -0.004 -8"><span class='ocrx_word' id='word_1_73' title='bbox 301 1154 455 1195; x_wconf 82' lang='lat' dir='ltr'><strong>rum:</strong></span> <span class='ocrx_word' id='word_1_74' title='bbox 484 1135 809 1200; x_wconf 59' lang='lat' dir='ltr'><strong>rEruh‘esce,</strong></span> <span class='ocrx_word' id='word_1_75' title='bbox 829 1136 1112 1202; x_wconf 86' lang='lat' dir='ltr'><strong>Sidon,ait</strong></span> <span class='ocrx_word' id='word_1_76' title='bbox 1134 1137 1354 1201; x_wconf 83' lang='lat' dir='ltr'><strong>mare’;</strong></span> <span class='ocrx_word' id='word_1_77' title='bbox 1383 1154 1402 1188; x_wconf 77' lang='grc' dir='ltr'><strong>ι</strong></span> <span class='ocrx_word' id='word_1_78' title='bbox 1433 1134 1791 1190; x_wconf 86' lang='lat' dir='ltr'><strong>idololatriam</strong></span> <span class='ocrx_word' id='word_1_79' title='bbox 1811 1132 1897 1188; x_wconf 88' lang='lat' dir='ltr'><strong>Si-</strong></span> 
     </span>
    </p>
   </div>
   <div class='ocr_carea' id='block_1_14' title="bbox 300 1225 1892 1289">
    <p class='ocr_par' dir='ltr' id='par_1_14' title="bbox 300 1225 1892 1289">
     <span class='ocr_line' id='line_1_14' title="bbox 300 1225 1892 1289; baseline -0.006 -2"><span class='ocrx_word' id='word_1_80' title='bbox 300 1231 461 1288; x_wconf 83' lang='lat' dir='ltr'><strong>donis</strong></span> <span class='ocrx_word' id='word_1_81' title='bbox 482 1228 994 1286; x_wconf 88' lang='lat' dir='ltr'><strong>nomineindicaus.</strong></span> <span class='ocrx_word' id='word_1_82' title='bbox 1028 1229 1094 1286; x_wconf 87' lang='lat' dir='ltr'><strong>Et</strong></span> <span class='ocrx_word' id='word_1_83' title='bbox 1125 1243 1362 1283; x_wconf 85' lang='lat' dir='ltr'><strong>rursus:</strong></span> <span class='ocrx_word' id='word_1_84' title='bbox 1395 1246 1414 1279; x_wconf 78' lang='grc' dir='ltr'><strong>ι</strong></span> <span class='ocrx_word' id='word_1_85' title='bbox 1452 1225 1892 1289; x_wconf 85' lang='lat' dir='ltr'><strong>Confundantur,</strong></span> 
     </span>
    </p>
   </div>
   <div class='ocr_carea' id='block_1_15' title="bbox 298 1317 1896 1391">
    <p class='ocr_par' dir='ltr' id='par_1_15' title="bbox 298 1317 1896 1391">
     <span class='ocr_line' id='line_1_15' title="bbox 298 1317 1896 1391; baseline -0.006 -9"><span class='ocrx_word' id='word_1_86' title='bbox 298 1334 353 1382; x_wconf 90' lang='lat' dir='ltr'><strong>et</strong></span> <span class='ocrx_word' id='word_1_87' title='bbox 382 1328 738 1381; x_wconf 86' lang='lat' dir='ltr'><strong>revereantur</strong></span> <span class='ocrx_word' id='word_1_88' title='bbox 757 1336 950 1378; x_wconf 87' lang='lat' dir='ltr'><strong>omnes</strong></span> <span class='ocrx_word' id='word_1_89' title='bbox 984 1320 1080 1391; x_wconf 84' lang='lat' dir='ltr'><strong>qui</strong></span> <span class='ocrx_word' id='word_1_90' title='bbox 1104 1319 1343 1376; x_wconf 84' lang='lat' dir='ltr'><strong>oderunt</strong></span> <span class='ocrx_word' id='word_1_91' title='bbox 1375 1319 1507 1375; x_wconf 82' lang='lat' dir='ltr'><strong>Sion</strong></span> <span class='ocrx_word' id='word_1_92' title='bbox 1534 1318 1608 1375; x_wconf 71' lang='grc'><strong>³.»</strong></span> <span class='ocrx_word' id='word_1_93' title='bbox 1633 1317 1896 1373; x_wconf 80' lang='lat' dir='ltr'><strong>Dominus</strong></span> 
     </span>
    </p>
   </div>
   <div class='ocr_carea' id='block_1_16' title="bbox 299 1414 1892 1490">
    <p class='ocr_par' dir='ltr' id='par_1_16' title="bbox 299 1414 1892 1490">
     <span class='ocr_line' id='line_1_16' title="bbox 299 1414 1892 1490; baseline -0.006 -16"><span class='ocrx_word' id='word_1_94' title='bbox 299 1433 521 1490; x_wconf 87' lang='lat' dir='ltr'><strong>quoque</strong></span> <span class='ocrx_word' id='word_1_95' title='bbox 565 1418 620 1473; x_wconf 80' lang='lat' dir='ltr'><strong>in</strong></span> <span class='ocrx_word' id='word_1_96' title='bbox 653 1414 1034 1472; x_wconf 80' lang='lat' dir='ltr'><strong>confusionem</strong></span> <span class='ocrx_word' id='word_1_97' title='bbox 1081 1414 1379 1470; x_wconf 87' lang='lat' dir='ltr'><strong>mittendos</strong></span> <span class='ocrx_word' id='word_1_98' title='bbox 1423 1425 1682 1471; x_wconf 62' lang='lat' dir='ltr'><strong>aeternam</strong></span> <span class='ocrx_word' id='word_1_99' title='bbox 1710 1452 1726 1478; x_wconf 91' lang='lat'><strong>,</strong></span> <span class='ocrx_word' id='word_1_100' title='bbox 1784 1424 1892 1465; x_wconf 89' lang='lat' dir='ltr'><strong>non</strong></span> 
     </span>
    </p>
   </div>
   <div class='ocr_carea' id='block_1_17' title="bbox 294 1508 1888 1585">
    <p class='ocr_par' dir='ltr' id='par_1_17' title="bbox 294 1508 1888 1585">
     <span class='ocr_line' id='line_1_17' title="bbox 294 1508 1888 1585; baseline -0.008 -18"><span class='ocrx_word' id='word_1_101' title='bbox 294 1530 395 1571; x_wconf 74' lang='lat' dir='ltr'><strong>eos</strong></span> <span class='ocrx_word' id='word_1_102' title='bbox 439 1513 536 1585; x_wconf 82' lang='lat' dir='ltr'><strong>qui</strong></span> <span class='ocrx_word' id='word_1_103' title='bbox 589 1511 971 1584; x_wconf 77' lang='lat' dir='ltr'><strong>corporalibus</strong></span> <span class='ocrx_word' id='word_1_104' title='bbox 1021 1508 1375 1581; x_wconf 88' lang='lat' dir='ltr'><strong>passionibns</strong></span> <span class='ocrx_word' id='word_1_105' title='bbox 1443 1510 1888 1576; x_wconf 70' lang='lat' dir='ltr'><strong>praegravsutur;</strong></span> 
     </span>
    </p>
   </div>
   <div class='ocr_carea' id='block_1_18' title="bbox 298 1600 1892 1678">
    <p class='ocr_par' dir='ltr' id='par_1_18' title="bbox 298 1600 1892 1678">
     <span class='ocr_line' id='line_1_18' title="bbox 298 1600 1892 1678; baseline -0.008 -17"><span class='ocrx_word' id='word_1_106' title='bbox 298 1607 418 1678; x_wconf 80' lang='lat' dir='ltr'><strong>ipse</strong></span> <span class='ocrx_word' id='word_1_107' title='bbox 447 1607 594 1662; x_wconf 91' lang='lat' dir='ltr'><strong>enim</strong></span> <span class='ocrx_word' id='word_1_108' title='bbox 623 1604 976 1661; x_wconf 85' lang='lat' dir='ltr'><strong>inﬁrmitates</strong></span> <span class='ocrx_word' id='word_1_109' title='bbox 1026 1609 1251 1659; x_wconf 87' lang='lat' dir='ltr'><strong>nostras</strong></span> <span class='ocrx_word' id='word_1_110' title='bbox 1279 1607 1335 1653; x_wconf 87' lang='lat' dir='ltr'><strong>et</strong></span> <span class='ocrx_word' id='word_1_111' title='bbox 1377 1600 1671 1670; x_wconf 69' lang='lat' dir='ltr'><strong>languores</strong></span> <span class='ocrx_word' id='word_1_112' title='bbox 1706 1603 1892 1666; x_wconf 83' lang='lat' dir='ltr'><strong>porta-</strong></span> 
     </span>
    </p>
   </div>
   <div class='ocr_carea' id='block_1_19' title="bbox 297 1686 1882 1766">
    <p class='ocr_par' dir='ltr' id='par_1_19' title="bbox 297 1686 1882 1766">
     <span class='ocr_line' id='line_1_19' title="bbox 297 1686 1882 1766; baseline -0.009 -14"><span class='ocrx_word' id='word_1_113' title='bbox 297 1700 412 1763; x_wconf 87' lang='lat' dir='ltr'><strong>vit;</strong></span> <span class='ocrx_word' id='word_1_114' title='bbox 449 1697 543 1754; x_wconf 88' lang='lat' dir='ltr'><strong>sed</strong></span> <span class='ocrx_word' id='word_1_115' title='bbox 588 1711 683 1753; x_wconf 89' lang='lat' dir='ltr'><strong>eos</strong></span> <span class='ocrx_word' id='word_1_116' title='bbox 725 1696 821 1766; x_wconf 92' lang='lat' dir='ltr'><strong>qui</strong></span> <span class='ocrx_word' id='word_1_117' title='bbox 869 1693 1173 1751; x_wconf 88' lang='lat' dir='ltr'><strong>secundum</strong></span> <span class='ocrx_word' id='word_1_118' title='bbox 1233 1690 1477 1744; x_wconf 76' lang='lat' dir='ltr'><strong>animant</strong></span> <span class='ocrx_word' id='word_1_119' title='bbox 1511 1686 1882 1748; x_wconf 86' lang='lat' dir='ltr'><strong>inﬁrmautur,</strong></span> 
     </span>
    </p>
   </div>
   <div class='ocr_carea' id='block_1_20' title="bbox 298 1783 1422 1859">
    <p class='ocr_par' dir='ltr' id='par_1_20' title="bbox 298 1783 1422 1859">
     <span class='ocr_line' id='line_1_20' title="bbox 298 1783 1422 1859; baseline -0.011 -12"><span class='ocrx_word' id='word_1_120' title='bbox 298 1799 354 1847; x_wconf 81' lang='lat' dir='ltr'><strong>et</strong></span> <span class='ocrx_word' id='word_1_121' title='bbox 385 1792 651 1846; x_wconf 85' lang='lat' dir='ltr'><strong>malorum</strong></span> <span class='ocrx_word' id='word_1_122' title='bbox 672 1786 959 1859; x_wconf 82' lang='lat' dir='ltr'><strong>cperarios</strong></span> <span class='ocrx_word' id='word_1_123' title='bbox 981 1792 1228 1851; x_wconf 88' lang='lat' dir='ltr'><strong>actuum,</strong></span> <span class='ocrx_word' id='word_1_124' title='bbox 1264 1783 1422 1839; x_wconf 79' lang='lat' dir='ltr'><strong>dixit.</strong></span> 
     </span>
    </p>
   </div>
   <div class='ocr_carea' id='block_1_21' title="bbox 378 1871 1881 1953">
    <p class='ocr_par' dir='ltr' id='par_1_21' title="bbox 378 1871 1881 1953">
     <span class='ocr_line' id='line_1_21' title="bbox 378 1871 1881 1953; baseline -0.007 -17"><span class='ocrx_word' id='word_1_125' title='bbox 378 1883 487 1938; x_wconf 79' lang='lat' dir='ltr'><strong>Alii</strong></span> <span class='ocrx_word' id='word_1_126' title='bbox 546 1880 753 1953; x_wconf 86' lang='lat' dir='ltr'><strong>quippe</strong></span> <span class='ocrx_word' id='word_1_127' title='bbox 805 1878 1132 1950; x_wconf 76' lang='lat' dir='ltr'><strong>languorum</strong></span> <span class='ocrx_word' id='word_1_128' title='bbox 1202 1885 1336 1932; x_wconf 85' lang='lat' dir='ltr'><strong>sunt</strong></span> <span class='ocrx_word' id='word_1_129' title='bbox 1401 1888 1510 1931; x_wconf 89' lang='lat' dir='ltr'><strong>non</strong></span> <span class='ocrx_word' id='word_1_130' title='bbox 1543 1871 1881 1934; x_wconf 78' lang='lat' dir='ltr'><strong>voluntarii,</strong></span> 
     </span>
    </p>
   </div>
   <div class='ocr_carea' id='block_1_22' title="bbox 296 1966 1884 2044">
    <p class='ocr_par' dir='ltr' id='par_1_22' title="bbox 296 1966 1884 2044">
     <span class='ocr_line' id='line_1_22' title="bbox 296 1966 1884 2044; baseline -0.008 -14"><span class='ocrx_word' id='word_1_131' title='bbox 296 1980 567 2044; x_wconf 82' lang='lat' dir='ltr'><strong>quotquot</strong></span> <span class='ocrx_word' id='word_1_132' title='bbox 631 1971 848 2031; x_wconf 80' lang='lat' dir='ltr'><strong>scilicet</strong></span> <span class='ocrx_word' id='word_1_133' title='bbox 890 1968 1153 2040; x_wconf 79' lang='lat' dir='ltr'><strong>corporis</strong></span> <span class='ocrx_word' id='word_1_134' title='bbox 1207 1974 1265 2023; x_wconf 87' lang='lat' dir='ltr'><strong>et</strong></span> <span class='ocrx_word' id='word_1_135' title='bbox 1311 1966 1458 2022; x_wconf 86' lang='lat' dir='ltr'><strong>circa</strong></span> <span class='ocrx_word' id='word_1_136' title='bbox 1507 1978 1711 2034; x_wconf 78' lang='lat' dir='ltr'><strong>corpus</strong></span> <span class='ocrx_word' id='word_1_137' title='bbox 1759 1975 1884 2021; x_wconf 83' lang='lat' dir='ltr'><strong>esse</strong></span> 
     </span>
    </p>
   </div>
   <div class='ocr_carea' id='block_1_23' title="bbox 296 2046 1883 2126">
    <p class='ocr_par' dir='ltr' id='par_1_23' title="bbox 296 2046 1883 2126">
     <span class='ocr_line' id='line_1_23' title="bbox 296 2046 1883 2126; baseline -0.006 -5"><span class='ocrx_word' id='word_1_138' title='bbox 296 2046 625 2120; x_wconf 80' lang='lat' dir='ltr'><strong>noscuntur.</strong></span> <span class='ocrx_word' id='word_1_139' title='bbox 675 2061 785 2117; x_wconf 81' lang='lat' dir='ltr'><strong>Alii</strong></span> <span class='ocrx_word' id='word_1_140' title='bbox 816 2074 951 2116; x_wconf 81' lang='lat' dir='ltr'><strong>vero</strong></span> <span class='ocrx_word' id='word_1_141' title='bbox 983 2057 1308 2124; x_wconf 79' lang='lat' dir='ltr'><strong>voluntarii,</strong></span> <span class='ocrx_word' id='word_1_142' title='bbox 1350 2065 1405 2112; x_wconf 91' lang='lat' dir='ltr'><strong>et</strong></span> <span class='ocrx_word' id='word_1_143' title='bbox 1439 2056 1533 2126; x_wconf 90' lang='lat' dir='ltr'><strong>qui</strong></span> <span class='ocrx_word' id='word_1_144' title='bbox 1584 2072 1648 2111; x_wconf 87' lang='lat' dir='ltr'><strong>ex</strong></span> <span class='ocrx_word' id='word_1_145' title='bbox 1692 2067 1883 2111; x_wconf 83' lang='lat' dir='ltr'><strong>nostro</strong></span> 
     </span>
    </p>
   </div>
   <div class='ocr_carea' id='block_1_24' title="bbox 293 2149 1883 2231">
    <p class='ocr_par' dir='ltr' id='par_1_24' title="bbox 293 2149 1883 2231">
     <span class='ocr_line' id='line_1_24' title="bbox 293 2149 1883 2231; baseline -0.006 -19"><span class='ocrx_word' id='word_1_146' title='bbox 293 2160 596 2231; x_wconf 69' lang='lat' dir='ltr'><strong>gignuntur</strong></span> <span class='ocrx_word' id='word_1_147' title='bbox 622 2154 882 2222; x_wconf 88' lang='lat' dir='ltr'><strong>consilio,</strong></span> <span class='ocrx_word' id='word_1_148' title='bbox 929 2160 1202 2225; x_wconf 72' lang='lat' dir='ltr'><strong>quotquot</strong></span> <span class='ocrx_word' id='word_1_149' title='bbox 1249 2150 1507 2206; x_wconf 76' lang='lat' dir='ltr'><strong>videlicet</strong></span> <span class='ocrx_word' id='word_1_150' title='bbox 1554 2149 1753 2204; x_wconf 68' lang='lat' dir='ltr'><strong>animae</strong></span> <span class='ocrx_word' id='word_1_151' title='bbox 1800 2150 1883 2203; x_wconf 85' lang='lat' dir='ltr'><strong>in-</strong></span> 
     </span>
    </p>
   </div>
   <div class='ocr_carea' id='block_1_25' title="bbox 296 2239 1878 2310">
    <p class='ocr_par' dir='ltr' id='par_1_25' title="bbox 296 2239 1878 2310">
     <span class='ocr_line' id='line_1_25' title="bbox 296 2239 1878 2310; baseline -0.008 -4"><span class='ocrx_word' id='word_1_152' title='bbox 296 2249 624 2306; x_wconf 85' lang='lat' dir='ltr'><strong>tellectualis</strong></span> <span class='ocrx_word' id='word_1_153' title='bbox 649 2254 707 2304; x_wconf 88' lang='lat' dir='ltr'><strong>et</strong></span> <span class='ocrx_word' id='word_1_154' title='bbox 735 2247 967 2303; x_wconf 88' lang='lat' dir='ltr'><strong>liberum</strong></span> <span class='ocrx_word' id='word_1_155' title='bbox 1002 2242 1259 2300; x_wconf 74' lang='lat' dir='ltr'><strong>habentis</strong></span> <span class='ocrx_word' id='word_1_156' title='bbox 1284 2240 1603 2303; x_wconf 88' lang='lat' dir='ltr'><strong>arbitrium,</strong></span> <span class='ocrx_word' id='word_1_157' title='bbox 1630 2239 1878 2310; x_wconf 78' lang='lat' dir='ltr'><strong>pulchri-</strong></span> 
     </span>
    </p>
   </div>
   <div class='ocr_carea' id='block_1_26' title="bbox 294 2332 1882 2410">
    <p class='ocr_par' dir='ltr' id='par_1_26' title="bbox 294 2332 1882 2410">
     <span class='ocr_line' id='line_1_26' title="bbox 294 2332 1882 2410; baseline -0.009 -13"><span class='ocrx_word' id='word_1_158' title='bbox 294 2342 543 2399; x_wconf 90' lang='lat' dir='ltr'><strong>tudinem</strong></span> <span class='ocrx_word' id='word_1_159' title='bbox 598 2340 913 2410; x_wconf 82' lang='lat' dir='ltr'><strong>dissipant;</strong></span> <span class='ocrx_word' id='word_1_160' title='bbox 947 2345 1004 2394; x_wconf 87' lang='lat' dir='ltr'><strong>et</strong></span> <span class='ocrx_word' id='word_1_161' title='bbox 1052 2335 1179 2393; x_wconf 89' lang='lat' dir='ltr'><strong>ideo</strong></span> <span class='ocrx_word' id='word_1_162' title='bbox 1208 2349 1376 2404; x_wconf 87' lang='lat' dir='ltr'><strong>super</strong></span> <span class='ocrx_word' id='word_1_163' title='bbox 1419 2332 1508 2388; x_wconf 85' lang='lat' dir='ltr'><strong>his</strong></span> <span class='ocrx_word' id='word_1_164' title='bbox 1553 2334 1645 2403; x_wconf 82' lang='lat' dir='ltr'><strong>qui</strong></span> <span class='ocrx_word' id='word_1_165' title='bbox 1704 2332 1882 2401; x_wconf 85' lang='lat' dir='ltr'><strong>primo</strong></span> 
     </span>
    </p>
   </div>
   <div class='ocr_carea' id='block_1_27' title="bbox 291 2432 1877 2501">
    <p class='ocr_par' dir='ltr' id='par_1_27' title="bbox 291 2432 1877 2501">
     <span class='ocr_line' id='line_1_27' title="bbox 291 2432 1877 2501; baseline -0.009 -12"><span class='ocrx_word' id='word_1_166' title='bbox 291 2436 420 2490; x_wconf 83' lang='lat' dir='ltr'><strong>dicti</strong></span> <span class='ocrx_word' id='word_1_167' title='bbox 449 2440 600 2501; x_wconf 85' lang='lat' dir='ltr'><strong>sunt,</strong></span> <span class='ocrx_word' id='word_1_168' title='bbox 625 2432 811 2488; x_wconf 86' lang='lat' dir='ltr'><strong>nullus</strong></span> <span class='ocrx_word' id='word_1_169' title='bbox 835 2444 938 2487; x_wconf 90' lang='lat' dir='ltr'><strong>nos</strong></span> <span class='ocrx_word' id='word_1_170' title='bbox 967 2437 1291 2485; x_wconf 85' lang='lat' dir='ltr'><strong>sanctorum</strong></span> <span class='ocrx_word' id='word_1_171' title='bbox 1309 2440 1603 2483; x_wconf 78' lang='lat' dir='ltr'><strong>accusasse</strong></span> <span class='ocrx_word' id='word_1_172' title='bbox 1634 2438 1877 2492; x_wconf 76' lang='lat' dir='ltr'><strong>unquam</strong></span> 
     </span>
    </p>
   </div>
   <div class='ocr_carea' id='block_1_28' title="bbox 292 2518 1876 2599">
    <p class='ocr_par' dir='ltr' id='par_1_28' title="bbox 292 2518 1876 2599">
     <span class='ocr_line' id='line_1_28' title="bbox 292 2518 1876 2599; baseline -0.01 -15"><span class='ocrx_word' id='word_1_173' title='bbox 292 2533 537 2599; x_wconf 81' lang='lat' dir='ltr'><strong>apparet,</strong></span> <span class='ocrx_word' id='word_1_174' title='bbox 569 2540 677 2581; x_wconf 88' lang='lat' dir='ltr'><strong>non</strong></span> <span class='ocrx_word' id='word_1_175' title='bbox 711 2524 821 2591; x_wconf 71' lang='lat' dir='ltr'><strong>lex,</strong></span> <span class='ocrx_word' id='word_1_176' title='bbox 867 2537 979 2579; x_wconf 92' lang='lat' dir='ltr'><strong>non</strong></span> <span class='ocrx_word' id='word_1_177' title='bbox 1013 2520 1300 2592; x_wconf 88' lang='lat' dir='ltr'><strong>propheta,</strong></span> <span class='ocrx_word' id='word_1_178' title='bbox 1349 2533 1462 2574; x_wconf 87' lang='lat' dir='ltr'><strong>non</strong></span> <span class='ocrx_word' id='word_1_179' title='bbox 1510 2518 1718 2587; x_wconf 76' lang='lat' dir='ltr'><strong>justus,</strong></span> <span class='ocrx_word' id='word_1_180' title='bbox 1769 2530 1876 2569; x_wconf 91' lang='lat' dir='ltr'><strong>non</strong></span> 
     </span>
    </p>
   </div>
   <div class='ocr_carea' id='block_1_29' title="bbox 290 2608 1881 2689">
    <p class='ocr_par' dir='ltr' id='par_1_29' title="bbox 290 2608 1881 2689">
     <span class='ocr_line' id='line_1_29' title="bbox 290 2608 1881 2689; baseline -0.006 -16"><span class='ocrx_word' id='word_1_181' title='bbox 290 2617 600 2689; x_wconf 80' lang='lat' dir='ltr'><strong>apostolus,</strong></span> <span class='ocrx_word' id='word_1_182' title='bbox 631 2629 740 2671; x_wconf 92' lang='lat' dir='ltr'><strong>non</strong></span> <span class='ocrx_word' id='word_1_183' title='bbox 774 2612 1037 2683; x_wconf 78' lang='lat' dir='ltr'><strong>magister</strong></span> <span class='ocrx_word' id='word_1_184' title='bbox 1083 2611 1193 2683; x_wconf 86' lang='lat' dir='ltr'><strong>(his</strong></span> <span class='ocrx_word' id='word_1_185' title='bbox 1240 2608 1390 2673; x_wconf 88' lang='lat' dir='ltr'><strong>enim</strong></span> <span class='ocrx_word' id='word_1_186' title='bbox 1440 2616 1499 2661; x_wconf 87' lang='lat' dir='ltr'><strong>et</strong></span> <span class='ocrx_word' id='word_1_187' title='bbox 1551 2608 1654 2678; x_wconf 87' lang='lat' dir='ltr'><strong>ipsi</strong></span> <span class='ocrx_word' id='word_1_188' title='bbox 1687 2622 1881 2663; x_wconf 84' lang='lat' dir='ltr'><strong>omnes</strong></span> 
     </span>
    </p>
   </div>
   <div class='ocr_carea' id='block_1_30' title="bbox 291 2700 1881 2782">
    <p class='ocr_par' dir='ltr' id='par_1_30' title="bbox 291 2700 1881 2782">
     <span class='ocr_line' id='line_1_30' title="bbox 291 2700 1881 2782; baseline -0.008 -16"><span class='ocrx_word' id='word_1_189' title='bbox 291 2709 524 2782; x_wconf 79' lang='lat' dir='ltr'><strong>subjecti</strong></span> <span class='ocrx_word' id='word_1_190' title='bbox 564 2716 715 2772; x_wconf 87' lang='lat' dir='ltr'><strong>sunt,</strong></span> <span class='ocrx_word' id='word_1_191' title='bbox 754 2715 1012 2777; x_wconf 77' lang='lat' dir='ltr'><strong>tanquam</strong></span> <span class='ocrx_word' id='word_1_192' title='bbox 1055 2703 1109 2758; x_wconf 90' lang='lat' dir='ltr'><strong>hi</strong></span> <span class='ocrx_word' id='word_1_193' title='bbox 1170 2701 1267 2773; x_wconf 88' lang='lat' dir='ltr'><strong>qui</strong></span> <span class='ocrx_word' id='word_1_194' title='bbox 1305 2700 1485 2757; x_wconf 87' lang='lat' dir='ltr'><strong>simile</strong></span> <span class='ocrx_word' id='word_1_195' title='bbox 1526 2709 1719 2756; x_wconf 88' lang='lat' dir='ltr'><strong>nostro</strong></span> <span class='ocrx_word' id='word_1_196' title='bbox 1760 2713 1881 2755; x_wconf 86' lang='lat' dir='ltr'><strong>cor-</strong></span> 
     </span>
    </p>
   </div>
   <div class='ocr_carea' id='block_1_31' title="bbox 292 2788 1878 2871">
    <p class='ocr_par' dir='ltr' id='par_1_31' title="bbox 292 2788 1878 2871">
     <span class='ocr_line' id='line_1_31' title="bbox 292 2788 1878 2871; baseline -0.008 -17"><span class='ocrx_word' id='word_1_197' title='bbox 292 2815 396 2871; x_wconf 85' lang='lat' dir='ltr'><strong>pus</strong></span> <span class='ocrx_word' id='word_1_198' title='bbox 426 2795 831 2869; x_wconf 86' lang='lat' dir='ltr'><strong>portaverunt),</strong></span> <span class='ocrx_word' id='word_1_199' title='bbox 879 2809 990 2851; x_wconf 90' lang='lat' dir='ltr'><strong>non</strong></span> <span class='ocrx_word' id='word_1_200' title='bbox 1027 2793 1145 2864; x_wconf 86' lang='lat' dir='ltr'><strong>ipse</strong></span> <span class='ocrx_word' id='word_1_201' title='bbox 1176 2791 1440 2848; x_wconf 83' lang='lat' dir='ltr'><strong>Dominus</strong></span> <span class='ocrx_word' id='word_1_202' title='bbox 1468 2790 1647 2844; x_wconf 80' lang='lat' dir='ltr'><strong>lactus</strong></span> <span class='ocrx_word' id='word_1_203' title='bbox 1698 2788 1878 2854; x_wconf 86' lang='lat' dir='ltr'><strong>homo,</strong></span> 
     </span>
    </p>
   </div>
   <div class='ocr_carea' id='block_1_32' title="bbox 290 2885 1882 2955">
    <p class='ocr_par' dir='ltr' id='par_1_32' title="bbox 290 2885 1882 2955">
     <span class='ocr_line' id='line_1_32' title="bbox 290 2885 1882 2955; baseline -0.006 -10"><span class='ocrx_word' id='word_1_204' title='bbox 290 2904 344 2946; x_wconf 63' lang='lat' dir='ltr'><strong>et</strong></span> <span class='ocrx_word' id='word_1_205' title='bbox 373 2892 650 2948; x_wconf 75' lang='lat' dir='ltr'><strong>exsistcns</strong></span> <span class='ocrx_word' id='word_1_206' title='bbox 701 2889 902 2945; x_wconf 81' lang='lat' dir='ltr'><strong>similis</strong></span> <span class='ocrx_word' id='word_1_207' title='bbox 931 2888 1092 2942; x_wconf 85' lang='lat' dir='ltr'><strong>nobis</strong></span> <span class='ocrx_word' id='word_1_208' title='bbox 1121 2885 1422 2955; x_wconf 80' lang='lat' dir='ltr'><strong>passibilis,</strong></span> <span class='ocrx_word' id='word_1_209' title='bbox 1457 2891 1513 2938; x_wconf 87' lang='lat' dir='ltr'><strong>et</strong></span> <span class='ocrx_word' id='word_1_210' title='bbox 1548 2898 1642 2953; x_wconf 88' lang='lat' dir='ltr'><strong>per</strong></span> <span class='ocrx_word' id='word_1_211' title='bbox 1679 2896 1882 2951; x_wconf 87' lang='lat' dir='ltr'><strong>corpus</strong></span> 
     </span>
    </p>
   </div>
   <div class='ocr_carea' id='block_1_33' title="bbox 288 2975 1881 3039">
    <p class='ocr_par' dir='ltr' id='par_1_33' title="bbox 288 2975 1881 3039">
     <span class='ocr_line' id='line_1_33' title="bbox 288 2975 1881 3039; baseline -0.007 -1"><span class='ocrx_word' id='word_1_212' title='bbox 288 2994 347 3038; x_wconf 85' lang='lat' dir='ltr'><strong>et</strong></span> <span class='ocrx_word' id='word_1_213' title='bbox 380 2984 765 3039; x_wconf 86' lang='lat' dir='ltr'><strong>rationabilem</strong></span> <span class='ocrx_word' id='word_1_214' title='bbox 809 2980 1047 3035; x_wconf 86' lang='lat' dir='ltr'><strong>animam</strong></span> <span class='ocrx_word' id='word_1_215' title='bbox 1095 2978 1260 3033; x_wconf 89' lang='lat' dir='ltr'><strong>unius</strong></span> <span class='ocrx_word' id='word_1_216' title='bbox 1304 2977 1590 3031; x_wconf 86' lang='lat' dir='ltr'><strong>uobiscum</strong></span> <span class='ocrx_word' id='word_1_217' title='bbox 1623 2975 1881 3029; x_wconf 86' lang='lat' dir='ltr'><strong>substan-</strong></span> 
     </span>
    </p>
   </div>
   <div class='ocr_carea' id='block_1_34' title="bbox 2004 498 3581 579">
    <p class='ocr_par' dir='ltr' id='par_1_34' title="bbox 2004 498 3581 579">
     <span class='ocr_line' id='line_1_34' title="bbox 2004 498 3581 579; baseline 0.01 -26"><span class='ocrx_word' id='word_1_218' title='bbox 2004 498 2196 553; x_wconf 73' lang='grc' dir='ltr'><strong>ἑαυτὸν</strong></span> <span class='ocrx_word' id='word_1_219' title='bbox 2221 500 2355 572; x_wconf 81' lang='grc' dir='ltr'><strong>ἡμῖν</strong></span> <span class='ocrx_word' id='word_1_220' title='bbox 2412 502 2489 566; x_wconf 84' lang='grc' dir='ltr'><strong>ὡς</strong></span> <span class='ocrx_word' id='word_1_221' title='bbox 2512 505 2569 557; x_wconf 85' lang='grc' dir='ltr'><strong>ὲν</strong></span> <span class='ocrx_word' id='word_1_222' title='bbox 2588 504 2819 576; x_wconf 81' lang='grc' dir='ltr'><strong>χειμῶνι</strong></span> <span class='ocrx_word' id='word_1_223' title='bbox 2886 505 3148 578; x_wconf 82' lang='grc' dir='ltr'><strong>μέλισσαν</strong></span> <span class='ocrx_word' id='word_1_224' title='bbox 3179 509 3407 579; x_wconf 77' lang='grc' dir='ltr'><strong>ἔδειξεν,</strong></span> <span class='ocrx_word' id='word_1_225' title='bbox 3463 516 3581 569; x_wconf 84' lang='grc' dir='ltr'><strong>ἀλλ’</strong></span> 
     </span>
    </p>
   </div>
   <div class='ocr_carea' id='block_1_35' title="bbox 2002 583 3581 675">
    <p class='ocr_par' dir='ltr' id='par_1_35' title="bbox 2002 583 3581 675">
     <span class='ocr_line' id='line_1_35' title="bbox 2002 583 3581 675; baseline 0.015 -40"><span class='ocrx_word' id='word_1_226' title='bbox 2002 583 2094 637; x_wconf 73' lang='grc' dir='ltr'><strong>ἐπὶ</strong></span> <span class='ocrx_word' id='word_1_227' title='bbox 2113 584 2191 654; x_wconf 82' lang='grc' dir='ltr'><strong>τῷ</strong></span> <span class='ocrx_word' id='word_1_228' title='bbox 2219 587 2445 661; x_wconf 79' lang='grc' dir='ltr'><strong>τοιούτῳ</strong></span> <span class='ocrx_word' id='word_1_229' title='bbox 2475 592 2743 663; x_wconf 77' lang='grc' dir='ltr'><strong>νοσήματι</strong></span> <span class='ocrx_word' id='word_1_230' title='bbox 2780 595 2919 664; x_wconf 90' lang='grc' dir='ltr'><strong>τάχα</strong></span> <span class='ocrx_word' id='word_1_231' title='bbox 2975 596 3070 650; x_wconf 77' lang='grc' dir='ltr'><strong>καὶ</strong></span> <span class='ocrx_word' id='word_1_232' title='bbox 3123 597 3287 664; x_wconf 82' lang='grc' dir='ltr'><strong>αὐτὸς</strong></span> <span class='ocrx_word' id='word_1_233' title='bbox 3334 603 3581 675; x_wconf 87' lang='grc' dir='ltr'><strong>αἰσχυνό-</strong></span> 
     </span>
    </p>
   </div>
   <div class='ocr_carea' id='block_1_36' title="bbox 2004 678 3657 763">
    <p class='ocr_par' dir='ltr' id='par_1_36' title="bbox 2004 678 3657 763">
     <span class='ocr_line' id='line_1_36' title="bbox 2004 678 3657 763; baseline 0.014 -35"><span class='ocrx_word' id='word_1_234' title='bbox 2004 692 2183 745; x_wconf 89' lang='grc' dir='ltr'><strong>μενος,</strong></span> <span class='ocrx_word' id='word_1_235' title='bbox 2219 678 2312 733; x_wconf 76' lang='grc' dir='ltr'><strong>καὶ</strong></span> <span class='ocrx_word' id='word_1_236' title='bbox 2328 680 2594 751; x_wconf 79' lang='grc' dir='ltr'><strong>κρύπτειν</strong></span> <span class='ocrx_word' id='word_1_237' title='bbox 2632 683 2835 740; x_wconf 75' lang='grc' dir='ltr'><strong>ἐθέλων</strong></span> <span class='ocrx_word' id='word_1_238' title='bbox 2871 687 3064 742; x_wconf 80' lang='grc' dir='ltr'><strong>ἑαυτοῦ</strong></span> <span class='ocrx_word' id='word_1_239' title='bbox 3105 690 3206 761; x_wconf 77' lang='grc' dir='ltr'><strong>τὴν</strong></span> <span class='ocrx_word' id='word_1_240' title='bbox 3269 691 3579 763; x_wconf 83' lang='grc' dir='ltr'><strong>ἀσθένειαν,</strong></span> <span class='ocrx_word' id='word_1_241' title='bbox 3654 686 3657 689; x_wconf 60' lang='grc'><em>’</em></span> 
     </span>
    </p>
   </div>
   <div class='ocr_carea' id='block_1_37' title="bbox 2002 768 3578 857">
    <p class='ocr_par' dir='ltr' id='par_1_37' title="bbox 2002 768 3578 857">
     <span class='ocr_line' id='line_1_37' title="bbox 2002 768 3578 857; baseline 0.013 -36"><span class='ocrx_word' id='word_1_242' title='bbox 2002 768 2178 824; x_wconf 85' lang='grc' dir='ltr'><strong>καίτοι</strong></span> <span class='ocrx_word' id='word_1_243' title='bbox 2214 770 2466 842; x_wconf 80' lang='grc' dir='ltr'><strong>ψυχικοῖς</strong></span> <span class='ocrx_word' id='word_1_244' title='bbox 2499 777 2561 830; x_wconf 78' lang='grc' dir='ltr'><strong>οὐ</strong></span> <span class='ocrx_word' id='word_1_245' title='bbox 2611 776 2721 848; x_wconf 83' lang='grc' dir='ltr'><strong>γὰρ</strong></span> <span class='ocrx_word' id='word_1_246' title='bbox 2772 782 3108 849; x_wconf 81' lang='grc' dir='ltr'><strong>σωματικοῖς</strong></span> <span class='ocrx_word' id='word_1_247' title='bbox 3149 784 3578 857; x_wconf 80' lang='grc' dir='ltr'><strong>ἐπαισχύνεσθαι</strong></span> 
     </span>
    </p>
   </div>
   <div class='ocr_carea' id='block_1_38' title="bbox 2003 863 3576 949">
    <p class='ocr_par' dir='ltr' id='par_1_38' title="bbox 2003 863 3576 949">
     <span class='ocr_line' id='line_1_38' title="bbox 2003 863 3576 949; baseline 0.011 -37"><span class='ocrx_word' id='word_1_248' title='bbox 2003 863 2456 936; x_wconf 83' lang='grc' dir='ltr'><strong>προσετάχθημεν</strong></span> <span class='ocrx_word' id='word_1_249' title='bbox 2482 867 2712 923; x_wconf 81' lang='grc' dir='ltr'><strong>πάθεσιν</strong></span> <span class='ocrx_word' id='word_1_250' title='bbox 2738 886 2754 901; x_wconf 89' lang='grc'><strong>·</strong></span> <span class='ocrx_word' id='word_1_251' title='bbox 2795 888 2814 922; x_wconf 78' lang='grc' dir='ltr'><strong>ι</strong></span> <span class='ocrx_word' id='word_1_252' title='bbox 2846 871 3285 944; x_wconf 80' lang='grc' dir='ltr'><strong>Αίσχυνθείησαν</strong></span> <span class='ocrx_word' id='word_1_253' title='bbox 3314 876 3448 947; x_wconf 80' lang='grc' dir='ltr'><strong>γάρ,</strong></span> <span class='ocrx_word' id='word_1_254' title='bbox 3476 895 3576 949; x_wconf 72' lang='grc' dir='ltr'><strong>φη-</strong></span> 
     </span>
    </p>
   </div>
   <div class='ocr_carea' id='block_1_39' title="bbox 2002 953 3576 1037">
    <p class='ocr_par' dir='ltr' id='par_1_39' title="bbox 2002 953 3576 1037">
     <span class='ocr_line' id='line_1_39' title="bbox 2002 953 3576 1037; baseline 0.012 -32"><span class='ocrx_word' id='word_1_255' title='bbox 2002 953 2108 1018; x_wconf 79' lang='grc' dir='ltr'><strong>σὶν,</strong></span> <span class='ocrx_word' id='word_1_256' title='bbox 2133 961 2182 1009; x_wconf 81' lang='lat' dir='ltr'><strong>ot</strong></span> <span class='ocrx_word' id='word_1_257' title='bbox 2210 957 2433 1022; x_wconf 79' lang='grc' dir='ltr'><strong>ἀσεϐεῖς</strong></span> <span class='ocrx_word' id='word_1_258' title='bbox 2450 960 2543 1014; x_wconf 75' lang='grc' dir='ltr'><strong>καὶ</strong></span> <span class='ocrx_word' id='word_1_259' title='bbox 2564 961 2972 1034; x_wconf 88' lang='grc' dir='ltr'><strong>καταχθείησαν</strong></span> <span class='ocrx_word' id='word_1_260' title='bbox 3000 966 3080 1027; x_wconf 81' lang='grc' dir='ltr'><strong>είς</strong></span> <span class='ocrx_word' id='word_1_261' title='bbox 3103 965 3234 1037; x_wconf 70' lang='grc' dir='ltr'><strong>ᾅδου</strong></span> <span class='ocrx_word' id='word_1_262' title='bbox 3254 982 3269 997; x_wconf 75' lang='grc' dir='ltr'><strong>ο</strong></span> <span class='ocrx_word' id='word_1_263' title='bbox 3311 986 3329 1019; x_wconf 78' lang='grc' dir='ltr'><strong>ι</strong></span> <span class='ocrx_word' id='word_1_264' title='bbox 3354 970 3448 1022; x_wconf 73' lang='grc' dir='ltr'><strong>καὶ</strong></span> <span class='ocrx_word' id='word_1_265' title='bbox 3467 972 3576 1023; x_wconf 69' lang='grc' dir='ltr'><strong>πά-</strong></span> 
     </span>
    </p>
   </div>
   <div class='ocr_carea' id='block_1_40' title="bbox 1998 1043 3566 1130">
    <p class='ocr_par' dir='ltr' id='par_1_40' title="bbox 1998 1043 3566 1130">
     <span class='ocr_line' id='line_1_40' title="bbox 1998 1043 3566 1130; baseline 0.011 -33"><span class='ocrx_word' id='word_1_266' title='bbox 1998 1043 2100 1098; x_wconf 88' lang='grc' dir='ltr'><strong>λιν·</strong></span> <span class='ocrx_word' id='word_1_267' title='bbox 2119 1063 2139 1098; x_wconf 77' lang='grc'><strong>(</strong></span> <span class='ocrx_word' id='word_1_268' title='bbox 2163 1047 2513 1122; x_wconf 79' lang='grc' dir='ltr'><strong>Αίσχύνθητι,</strong></span> <span class='ocrx_word' id='word_1_269' title='bbox 2533 1051 2722 1117; x_wconf 81' lang='grc' dir='ltr'><strong>Σιδὼν,</strong></span> <span class='ocrx_word' id='word_1_270' title='bbox 2739 1046 2892 1107; x_wconf 78' lang='grc' dir='ltr'><strong>εἶπεν</strong></span> <span class='ocrx_word' id='word_1_271' title='bbox 2912 1055 2944 1125; x_wconf 82' lang='grc' dir='ltr'><strong>ὴ</strong></span> <span class='ocrx_word' id='word_1_272' title='bbox 2963 1053 3209 1110; x_wconf 86' lang='grc' dir='ltr'><strong>θάλασσα</strong></span> <span class='ocrx_word' id='word_1_273' title='bbox 3224 1073 3241 1091; x_wconf 79' lang='grc' dir='ltr'><strong>ο</strong></span> <span class='ocrx_word' id='word_1_274' title='bbox 3266 1076 3289 1109; x_wconf 71' lang='grc' dir='ltr'><strong>ι</strong></span> <span class='ocrx_word' id='word_1_275' title='bbox 3304 1057 3402 1130; x_wconf 79' lang='grc' dir='ltr'><strong>τὴν</strong></span> <span class='ocrx_word' id='word_1_276' title='bbox 3423 1061 3566 1115; x_wconf 59' lang='lat' dir='ltr'><strong>sior»</strong></span> 
     </span>
    </p>
   </div>
   <div class='ocr_carea' id='block_1_41' title="bbox 1995 1132 3638 1216">
    <p class='ocr_par' dir='ltr' id='par_1_41' title="bbox 1995 1132 3638 1216">
     <span class='ocr_line' id='line_1_41' title="bbox 1995 1132 3638 1216; baseline 0.01 -28"><span class='ocrx_word' id='word_1_277' title='bbox 1995 1132 2311 1209; x_wconf 79' lang='grc' dir='ltr'><strong>λολατρείαν</strong></span> <span class='ocrx_word' id='word_1_278' title='bbox 2362 1139 2442 1211; x_wconf 84' lang='grc' dir='ltr'><strong>τῷ</strong></span> <span class='ocrx_word' id='word_1_279' title='bbox 2463 1141 2562 1211; x_wconf 81' lang='grc' dir='ltr'><strong>τῆς</strong></span> <span class='ocrx_word' id='word_1_280' title='bbox 2603 1142 2834 1208; x_wconf 83' lang='grc' dir='ltr'><strong>Σιδῶνος</strong></span> <span class='ocrx_word' id='word_1_281' title='bbox 2880 1144 3130 1216; x_wconf 82' lang='grc' dir='ltr'><strong>δηλώσας</strong></span> <span class='ocrx_word' id='word_1_282' title='bbox 3162 1147 3390 1216; x_wconf 85' lang='grc' dir='ltr'><strong>ὀνόματι</strong></span> <span class='ocrx_word' id='word_1_283' title='bbox 3416 1165 3432 1181; x_wconf 77' lang='grc' dir='ltr'><strong>ο</strong></span> <span class='ocrx_word' id='word_1_284' title='bbox 3480 1152 3575 1204; x_wconf 77' lang='grc' dir='ltr'><strong>καὶ</strong></span> <span class='ocrx_word' id='word_1_285' title='bbox 3622 1154 3638 1168; x_wconf 89' lang='grc'><strong>⁹</strong></span> 
     </span>
    </p>
   </div>
   <div class='ocr_carea' id='block_1_42' title="bbox 1996 1227 3573 1311">
    <p class='ocr_par' dir='ltr' id='par_1_42' title="bbox 1996 1227 3573 1311">
     <span class='ocr_line' id='line_1_42' title="bbox 1996 1227 3573 1311; baseline 0.008 -28"><span class='ocrx_word' id='word_1_286' title='bbox 1996 1227 2156 1293; x_wconf 85' lang='grc' dir='ltr'><strong>αὖθις</strong></span> <span class='ocrx_word' id='word_1_287' title='bbox 2182 1245 2197 1260; x_wconf 89' lang='grc'><strong>·</strong></span> <span class='ocrx_word' id='word_1_288' title='bbox 2247 1250 2266 1284; x_wconf 81' lang='grc' dir='ltr'><strong>ι</strong></span> <span class='ocrx_word' id='word_1_289' title='bbox 2301 1233 2761 1304; x_wconf 72' lang='grc' dir='ltr'><strong>Αἰσχυνθήτωσαν</strong></span> <span class='ocrx_word' id='word_1_290' title='bbox 2779 1237 2870 1290; x_wconf 79' lang='grc' dir='ltr'><strong>καὶ</strong></span> <span class='ocrx_word' id='word_1_291' title='bbox 2893 1237 3406 1311; x_wconf 74' lang='grc' dir='ltr'><strong>ἀποστραφήτωσαν</strong></span> <span class='ocrx_word' id='word_1_292' title='bbox 3436 1243 3573 1298; x_wconf 75' lang='grc' dir='ltr'><strong>πάν·</strong></span> 
     </span>
    </p>
   </div>
   <div class='ocr_carea' id='block_1_43' title="bbox 1999 1320 3571 1400">
    <p class='ocr_par' dir='ltr' id='par_1_43' title="bbox 1999 1320 3571 1400">
     <span class='ocr_line' id='line_1_43' title="bbox 1999 1320 3571 1400; baseline 0.009 -28"><span class='ocrx_word' id='word_1_293' title='bbox 1999 1338 2091 1386; x_wconf 72' lang='grc' dir='ltr'><strong>τες,</strong></span> <span class='ocrx_word' id='word_1_294' title='bbox 2119 1323 2168 1376; x_wconf 82' lang='lat' dir='ltr'><strong>sl</strong></span> <span class='ocrx_word' id='word_1_295' title='bbox 2201 1323 2488 1394; x_wconf 82' lang='grc' dir='ltr'><strong>μισοῦντες</strong></span> <span class='ocrx_word' id='word_1_296' title='bbox 2530 1320 2671 1380; x_wconf 86' lang='grc' dir='ltr'><strong>Σιών</strong></span> <span class='ocrx_word' id='word_1_297' title='bbox 2707 1341 2721 1355; x_wconf 83' lang='grc'><em>’</em></span> <span class='ocrx_word' id='word_1_298' title='bbox 2752 1346 2771 1378; x_wconf 72' lang='grc' dir='ltr'><strong>ι</strong></span> <span class='ocrx_word' id='word_1_299' title='bbox 2810 1328 2905 1380; x_wconf 76' lang='grc' dir='ltr'><strong>καὶ</strong></span> <span class='ocrx_word' id='word_1_300' title='bbox 2963 1329 2991 1381; x_wconf 83' lang='grc' dir='ltr'><strong>ὁ</strong></span> <span class='ocrx_word' id='word_1_301' title='bbox 3024 1330 3227 1400; x_wconf 84' lang='grc' dir='ltr'><strong>Κύριος</strong></span> <span class='ocrx_word' id='word_1_302' title='bbox 3254 1332 3312 1385; x_wconf 82' lang='grc' dir='ltr'><strong>δὲ</strong></span> <span class='ocrx_word' id='word_1_303' title='bbox 3335 1335 3461 1399; x_wconf 77' lang='grc' dir='ltr'><strong>τοὺς</strong></span> <span class='ocrx_word' id='word_1_304' title='bbox 3489 1336 3571 1399; x_wconf 79' lang='grc' dir='ltr'><strong>είς</strong></span> 
     </span>
    </p>
   </div>
   <div class='ocr_carea' id='block_1_44' title="bbox 1992 1415 3563 1496">
    <p class='ocr_par' dir='ltr' id='par_1_44' title="bbox 1992 1415 3563 1496">
     <span class='ocr_line' id='line_1_44' title="bbox 1992 1415 3563 1496; baseline 0.008 -28"><span class='ocrx_word' id='word_1_305' title='bbox 1992 1415 2254 1487; x_wconf 82' lang='grc' dir='ltr'><strong>αἰσχύνην</strong></span> <span class='ocrx_word' id='word_1_306' title='bbox 2272 1416 2731 1487; x_wconf 61' lang='grc' dir='ltr'><strong>ἐπιπεμπομένους</strong></span> <span class='ocrx_word' id='word_1_307' title='bbox 2754 1419 2993 1487; x_wconf 82' lang='grc' dir='ltr'><strong>αἰώνιον,</strong></span> <span class='ocrx_word' id='word_1_308' title='bbox 3022 1421 3083 1475; x_wconf 74' lang='grc' dir='ltr'><strong>οὗ</strong></span> <span class='ocrx_word' id='word_1_309' title='bbox 3134 1424 3264 1489; x_wconf 80' lang='grc' dir='ltr'><strong>τοὺς</strong></span> <span class='ocrx_word' id='word_1_310' title='bbox 3325 1441 3563 1496; x_wconf 53' lang='lat' dir='ltr'><strong>amycum</strong></span> 
     </span>
    </p>
   </div>
   <div class='ocr_carea' id='block_1_45' title="bbox 1991 1498 3570 1585">
    <p class='ocr_par' dir='ltr' id='par_1_45' title="bbox 1991 1498 3570 1585">
     <span class='ocr_line' id='line_1_45' title="bbox 1991 1498 3570 1585; baseline 0.008 -24"><span class='ocrx_word' id='word_1_311' title='bbox 1991 1511 2107 1574; x_wconf 73' lang='grc' dir='ltr'><strong>κοῖς</strong></span> <span class='ocrx_word' id='word_1_312' title='bbox 2131 1509 2415 1581; x_wconf 79' lang='grc' dir='ltr'><strong>βρίθοντας</strong></span> <span class='ocrx_word' id='word_1_313' title='bbox 2442 1498 2672 1564; x_wconf 82' lang='grc' dir='ltr'><strong>πάθεσιν</strong></span> <span class='ocrx_word' id='word_1_314' title='bbox 2721 1510 2906 1582; x_wconf 72' lang='grc' dir='ltr'><strong>(αὐτὸς</strong></span> <span class='ocrx_word' id='word_1_315' title='bbox 2917 1513 3024 1585; x_wconf 84' lang='grc' dir='ltr'><strong>γὰρ</strong></span> <span class='ocrx_word' id='word_1_316' title='bbox 3052 1515 3268 1580; x_wconf 78' lang='grc' dir='ltr'><strong>καὶτὰς</strong></span> <span class='ocrx_word' id='word_1_317' title='bbox 3285 1519 3570 1585; x_wconf 78' lang='grc' dir='ltr'><strong>ἀσθενείας</strong></span> 
     </span>
    </p>
   </div>
   <div class='ocr_carea' id='block_1_46' title="bbox 1990 1598 3565 1681">
    <p class='ocr_par' dir='ltr' id='par_1_46' title="bbox 1990 1598 3565 1681">
     <span class='ocr_line' id='line_1_46' title="bbox 1990 1598 3565 1681; baseline 0.008 -30"><span class='ocrx_word' id='word_1_318' title='bbox 1990 1598 2149 1670; x_wconf 63' lang='grc' dir='ltr'><strong>⁴ἡμῶν</strong></span> <span class='ocrx_word' id='word_1_319' title='bbox 2171 1599 2266 1653; x_wconf 81' lang='grc' dir='ltr'><strong>καὶ</strong></span> <span class='ocrx_word' id='word_1_320' title='bbox 2294 1599 2395 1665; x_wconf 82' lang='grc' dir='ltr'><strong>τὰς</strong></span> <span class='ocrx_word' id='word_1_321' title='bbox 2422 1600 2608 1665; x_wconf 81' lang='grc' dir='ltr'><strong>νόσους</strong></span> <span class='ocrx_word' id='word_1_322' title='bbox 2627 1601 2973 1674; x_wconf 72' lang='grc' dir='ltr'><strong>ἐϐάστασεν),</strong></span> <span class='ocrx_word' id='word_1_323' title='bbox 2990 1606 3123 1660; x_wconf 84' lang='grc' dir='ltr'><strong>άλλά</strong></span> <span class='ocrx_word' id='word_1_324' title='bbox 3153 1608 3281 1672; x_wconf 79' lang='grc' dir='ltr'><strong>τοὺς</strong></span> <span class='ocrx_word' id='word_1_325' title='bbox 3311 1609 3565 1681; x_wconf 77' lang='grc' dir='ltr'><strong>ψυχικῶς</strong></span> 
     </span>
    </p>
   </div>
   <div class='ocr_carea' id='block_1_47' title="bbox 1989 1690 3569 1774">
    <p class='ocr_par' dir='ltr' id='par_1_47' title="bbox 1989 1690 3569 1774">
     <span class='ocr_line' id='line_1_47' title="bbox 1989 1690 3569 1774; baseline 0.008 -31"><span class='ocrx_word' id='word_1_326' title='bbox 1989 1690 2395 1763; x_wconf 84' lang='grc' dir='ltr'><strong>ἀσθενήσαντας</strong></span> <span class='ocrx_word' id='word_1_327' title='bbox 2415 1691 2512 1747; x_wconf 78' lang='grc' dir='ltr'><strong>καὶ</strong></span> <span class='ocrx_word' id='word_1_328' title='bbox 2548 1692 2769 1764; x_wconf 81' lang='grc' dir='ltr'><strong>φαύλων</strong></span> <span class='ocrx_word' id='word_1_329' title='bbox 2806 1697 3043 1768; x_wconf 79' lang='grc' dir='ltr'><strong>ἐργάτας</strong></span> <span class='ocrx_word' id='word_1_330' title='bbox 3068 1700 3394 1770; x_wconf 86' lang='grc' dir='ltr'><strong>γενομένους</strong></span> <span class='ocrx_word' id='word_1_331' title='bbox 3427 1706 3569 1774; x_wconf 79' lang='grc' dir='ltr'><strong>πρά-</strong></span> 
     </span>
    </p>
   </div>
   <div class='ocr_carea' id='block_1_48' title="bbox 1913 1761 2397 1856">
    <p class='ocr_par' dir='ltr' id='par_1_48' title="bbox 1913 1761 2397 1856">
     <span class='ocr_line' id='line_1_48' title="bbox 1913 1761 2397 1856; baseline 0.004 -19"><span class='ocrx_word' id='word_1_332' title='bbox 1913 1761 1955 1814; x_wconf 76' lang='lat' dir='ltr'><strong>B</strong></span> <span class='ocrx_word' id='word_1_333' title='bbox 1989 1780 2125 1850; x_wconf 75' lang='grc' dir='ltr'><strong>ξεων</strong></span> <span class='ocrx_word' id='word_1_334' title='bbox 2152 1761 2397 1856; x_wconf 76' lang='grc' dir='ltr'><strong>εἴρηκεν.</strong></span> 
     </span>
    </p>
   </div>
   <div class='ocr_carea' id='block_1_49' title="bbox 2056 1875 3559 1951">
    <p class='ocr_par' dir='ltr' id='par_1_49' title="bbox 2056 1875 3559 1951">
     <span class='ocr_line' id='line_1_49' title="bbox 2056 1875 3559 1951; baseline 0.005 -20"><span class='ocrx_word' id='word_1_335' title='bbox 2056 1875 2140 1932; x_wconf 84' lang='grc' dir='ltr'><strong>Τὰ</strong></span> <span class='ocrx_word' id='word_1_336' title='bbox 2172 1877 2275 1949; x_wconf 77' lang='grc' dir='ltr'><strong>μὲν</strong></span> <span class='ocrx_word' id='word_1_337' title='bbox 2321 1877 2433 1951; x_wconf 86' lang='grc' dir='ltr'><strong>γάρ</strong></span> <span class='ocrx_word' id='word_1_338' title='bbox 2463 1877 2616 1935; x_wconf 68' lang='grc' dir='ltr'><strong>ἐστιν</strong></span> <span class='ocrx_word' id='word_1_339' title='bbox 2646 1877 2759 1933; x_wconf 84' lang='grc' dir='ltr'><strong>τῶν</strong></span> <span class='ocrx_word' id='word_1_340' title='bbox 2808 1880 3133 1951; x_wconf 74' lang='grc' dir='ltr'><strong>νοσημάτων</strong></span> <span class='ocrx_word' id='word_1_341' title='bbox 3160 1882 3416 1951; x_wconf 81' lang='grc' dir='ltr'><strong>ἀκούσια,</strong></span> <span class='ocrx_word' id='word_1_342' title='bbox 3458 1885 3559 1939; x_wconf 75' lang='grc' dir='ltr'><strong>ὅσα</strong></span> 
     </span>
    </p>
   </div>
   <div class='ocr_carea' id='block_1_50' title="bbox 1985 1967 3562 2044">
    <p class='ocr_par' dir='ltr' id='par_1_50' title="bbox 1985 1967 3562 2044">
     <span class='ocr_line' id='line_1_50' title="bbox 1985 1967 3562 2044; baseline 0.006 -23"><span class='ocrx_word' id='word_1_343' title='bbox 1985 1967 2237 2040; x_wconf 78' lang='grc' dir='ltr'><strong>σώματος</strong></span> <span class='ocrx_word' id='word_1_344' title='bbox 2279 1969 2377 2024; x_wconf 77' lang='grc' dir='ltr'><strong>καὶ</strong></span> <span class='ocrx_word' id='word_1_345' title='bbox 2403 1970 2534 2042; x_wconf 82' lang='grc' dir='ltr'><strong>περὶ</strong></span> <span class='ocrx_word' id='word_1_346' title='bbox 2565 1970 2727 2042; x_wconf 85' lang='grc' dir='ltr'><strong>σῶμα</strong></span> <span class='ocrx_word' id='word_1_347' title='bbox 2755 1972 3084 2044; x_wconf 73' lang='grc' dir='ltr'><strong>γνωρίζεται</strong></span> <span class='ocrx_word' id='word_1_348' title='bbox 3119 1989 3133 2004; x_wconf 78' lang='grc'><strong><em>⁸</em></strong></span> <span class='ocrx_word' id='word_1_349' title='bbox 3155 1975 3221 2028; x_wconf 66' lang='grc' dir='ltr'><strong>τὰ</strong></span> <span class='ocrx_word' id='word_1_350' title='bbox 3252 1974 3309 2028; x_wconf 81' lang='grc' dir='ltr'><strong>δὲ</strong></span> <span class='ocrx_word' id='word_1_351' title='bbox 3338 1976 3562 2030; x_wconf 79' lang='grc' dir='ltr'><strong>ἑκούσια</strong></span> 
     </span>
    </p>
   </div>
   <div class='ocr_carea' id='block_1_51' title="bbox 1982 2061 3564 2137">
    <p class='ocr_par' dir='ltr' id='par_1_51' title="bbox 1982 2061 3564 2137">
     <span class='ocr_line' id='line_1_51' title="bbox 1982 2061 3564 2137; baseline 0.004 -22"><span class='ocrx_word' id='word_1_352' title='bbox 1982 2061 2077 2115; x_wconf 79' lang='grc' dir='ltr'><strong>καὶ</strong></span> <span class='ocrx_word' id='word_1_353' title='bbox 2113 2063 2340 2133; x_wconf 86' lang='grc' dir='ltr'><strong>γνώμης</strong></span> <span class='ocrx_word' id='word_1_354' title='bbox 2386 2062 2664 2134; x_wconf 73' lang='grc' dir='ltr'><strong>ἡμετέρας</strong></span> <span class='ocrx_word' id='word_1_355' title='bbox 2719 2066 3001 2135; x_wconf 80' lang='grc' dir='ltr'><strong>κυήματα,</strong></span> <span class='ocrx_word' id='word_1_356' title='bbox 3058 2066 3161 2120; x_wconf 81' lang='grc' dir='ltr'><strong>ὅσα</strong></span> <span class='ocrx_word' id='word_1_357' title='bbox 3208 2065 3390 2137; x_wconf 74' lang='grc' dir='ltr'><strong>ψυχῆς</strong></span> <span class='ocrx_word' id='word_1_358' title='bbox 3429 2069 3564 2121; x_wconf 82' lang='grc' dir='ltr'><strong>αύτ-</strong></span> 
     </span>
    </p>
   </div>
   <div class='ocr_carea' id='block_1_52' title="bbox 1979 2153 3565 2228">
    <p class='ocr_par' dir='ltr' id='par_1_52' title="bbox 1979 2153 3565 2228">
     <span class='ocr_line' id='line_1_52' title="bbox 1979 2153 3565 2228; baseline 0.005 -23"><span class='ocrx_word' id='word_1_359' title='bbox 1979 2153 2229 2220; x_wconf 78' lang='grc' dir='ltr'><strong>εξουσίου</strong></span> <span class='ocrx_word' id='word_1_360' title='bbox 2263 2156 2358 2209; x_wconf 80' lang='grc' dir='ltr'><strong>καὶ</strong></span> <span class='ocrx_word' id='word_1_361' title='bbox 2383 2156 2576 2226; x_wconf 71' lang='grc' dir='ltr'><strong>νοερᾶς</strong></span> <span class='ocrx_word' id='word_1_362' title='bbox 2597 2154 2794 2220; x_wconf 83' lang='grc' dir='ltr'><strong>κάλλος</strong></span> <span class='ocrx_word' id='word_1_363' title='bbox 2811 2155 3152 2228; x_wconf 84' lang='grc' dir='ltr'><strong>λυμαίνεται’</strong></span> <span class='ocrx_word' id='word_1_364' title='bbox 3185 2160 3281 2212; x_wconf 69' lang='grc' dir='ltr'><strong>καὶ</strong></span> <span class='ocrx_word' id='word_1_365' title='bbox 3306 2159 3394 2213; x_wconf 77' lang='grc' dir='ltr'><strong>διὰ</strong></span> <span class='ocrx_word' id='word_1_366' title='bbox 3405 2159 3565 2213; x_wconf 86' lang='grc' dir='ltr'><strong>τοῦτο</strong></span> 
     </span>
    </p>
   </div>
   <div class='ocr_carea' id='block_1_53' title="bbox 1983 2242 3564 2320">
    <p class='ocr_par' dir='ltr' id='par_1_53' title="bbox 1983 2242 3564 2320">
     <span class='ocr_line' id='line_1_53' title="bbox 1983 2242 3564 2320; baseline 0.004 -22"><span class='ocrx_word' id='word_1_367' title='bbox 1983 2242 2113 2314; x_wconf 76' lang='grc' dir='ltr'><strong>περὶ</strong></span> <span class='ocrx_word' id='word_1_368' title='bbox 2155 2244 2255 2315; x_wconf 69' lang='grc' dir='ltr'><strong>μιν</strong></span> <span class='ocrx_word' id='word_1_369' title='bbox 2280 2244 2392 2299; x_wconf 85' lang='grc' dir='ltr'><strong>τῶν</strong></span> <span class='ocrx_word' id='word_1_370' title='bbox 2422 2247 2705 2319; x_wconf 77' lang='grc' dir='ltr'><strong>προτέρων</strong></span> <span class='ocrx_word' id='word_1_371' title='bbox 2724 2247 2900 2314; x_wconf 82' lang='grc' dir='ltr'><strong>οὐδεὶς</strong></span> <span class='ocrx_word' id='word_1_372' title='bbox 2923 2249 3057 2320; x_wconf 78' lang='grc' dir='ltr'><strong>ἡμῖν</strong></span> <span class='ocrx_word' id='word_1_373' title='bbox 3081 2248 3191 2303; x_wconf 85' lang='grc' dir='ltr'><strong>τῶν</strong></span> <span class='ocrx_word' id='word_1_374' title='bbox 3247 2249 3422 2319; x_wconf 86' lang='grc' dir='ltr'><strong>ἁγίων</strong></span> <span class='ocrx_word' id='word_1_375' title='bbox 3470 2254 3564 2319; x_wconf 78' lang='grc' dir='ltr'><strong>ἑγ-</strong></span> 
     </span>
    </p>
   </div>
   <div class='ocr_carea' id='block_1_54' title="bbox 1980 2338 3560 2414">
    <p class='ocr_par' dir='ltr' id='par_1_54' title="bbox 1980 2338 3560 2414">
     <span class='ocr_line' id='line_1_54' title="bbox 1980 2338 3560 2414; baseline 0.001 -21"><span class='ocrx_word' id='word_1_376' title='bbox 1980 2338 2219 2402; x_wconf 78' lang='grc' dir='ltr'><strong>καλέσας</strong></span> <span class='ocrx_word' id='word_1_377' title='bbox 2242 2339 2493 2408; x_wconf 75' lang='grc' dir='ltr'><strong>φαίνεταί</strong></span> <span class='ocrx_word' id='word_1_378' title='bbox 2530 2356 2688 2407; x_wconf 87' lang='grc' dir='ltr'><strong>ποτε,</strong></span> <span class='ocrx_word' id='word_1_379' title='bbox 2732 2340 2794 2396; x_wconf 81' lang='grc' dir='ltr'><strong>ού</strong></span> <span class='ocrx_word' id='word_1_380' title='bbox 2820 2340 3007 2412; x_wconf 83' lang='grc' dir='ltr'><strong>νόμος,</strong></span> <span class='ocrx_word' id='word_1_381' title='bbox 3032 2342 3094 2396; x_wconf 81' lang='grc' dir='ltr'><strong>οὐ</strong></span> <span class='ocrx_word' id='word_1_382' title='bbox 3141 2343 3453 2414; x_wconf 83' lang='grc' dir='ltr'><strong>προφήτης,</strong></span> <span class='ocrx_word' id='word_1_383' title='bbox 3496 2344 3560 2394; x_wconf 77' lang='grc' dir='ltr'><strong>οὐ</strong></span> 
     </span>
    </p>
   </div>
   <div class='ocr_carea' id='block_1_55' title="bbox 1980 2429 3563 2506">
    <p class='ocr_par' dir='ltr' id='par_1_55' title="bbox 1980 2429 3563 2506">
     <span class='ocr_line' id='line_1_55' title="bbox 1980 2429 3563 2506; baseline 0.001 -20"><span class='ocrx_word' id='word_1_384' title='bbox 1980 2429 2211 2496; x_wconf 88' lang='grc' dir='ltr'><strong>δίκαιος,</strong></span> <span class='ocrx_word' id='word_1_385' title='bbox 2241 2436 2342 2486; x_wconf 81' lang='grc' dir='ltr'><strong>οὐκ</strong></span> <span class='ocrx_word' id='word_1_386' title='bbox 2371 2431 2695 2500; x_wconf 80' lang='grc' dir='ltr'><strong>ἀπόστολος,</strong></span> <span class='ocrx_word' id='word_1_387' title='bbox 2740 2433 2801 2486; x_wconf 87' lang='grc' dir='ltr'><strong>οὐ</strong></span> <span class='ocrx_word' id='word_1_388' title='bbox 2826 2433 3145 2499; x_wconf 85' lang='grc' dir='ltr'><strong>διδάσκαλος</strong></span> <span class='ocrx_word' id='word_1_389' title='bbox 3184 2435 3414 2506; x_wconf 81' lang='grc' dir='ltr'><strong>(τούτοις</strong></span> <span class='ocrx_word' id='word_1_390' title='bbox 3454 2437 3563 2506; x_wconf 77' lang='grc' dir='ltr'><strong>γὰρ</strong></span> 
     </span>
    </p>
   </div>
   <div class='ocr_carea' id='block_1_56' title="bbox 1981 2520 3555 2596">
    <p class='ocr_par' dir='ltr' id='par_1_56' title="bbox 1981 2520 3555 2596">
     <span class='ocr_line' id='line_1_56' title="bbox 1981 2520 3555 2596; baseline 0.001 -20"><span class='ocrx_word' id='word_1_391' title='bbox 1981 2523 2077 2576; x_wconf 76' lang='grc' dir='ltr'><strong>καὶ</strong></span> <span class='ocrx_word' id='word_1_392' title='bbox 2112 2521 2267 2577; x_wconf 79' lang='grc' dir='ltr'><strong>αὐτοὶ</strong></span> <span class='ocrx_word' id='word_1_393' title='bbox 2289 2520 2489 2586; x_wconf 81' lang='grc' dir='ltr'><strong>πάντες</strong></span> <span class='ocrx_word' id='word_1_394' title='bbox 2511 2522 2819 2590; x_wconf 75' lang='grc' dir='ltr'><strong>ὑπέκειντο,</strong></span> <span class='ocrx_word' id='word_1_395' title='bbox 2856 2522 2931 2586; x_wconf 83' lang='grc' dir='ltr'><strong>ὡς</strong></span> <span class='ocrx_word' id='word_1_396' title='bbox 2979 2523 3140 2593; x_wconf 83' lang='grc' dir='ltr'><strong>σῶμα</strong></span> <span class='ocrx_word' id='word_1_397' title='bbox 3185 2526 3319 2596; x_wconf 80' lang='grc' dir='ltr'><strong>ἡμῖν</strong></span> <span class='ocrx_word' id='word_1_398' title='bbox 3376 2541 3555 2596; x_wconf 86' lang='grc' dir='ltr'><strong>παρα-</strong></span> 
     </span>
    </p>
   </div>
   <div class='ocr_carea' id='block_1_57' title="bbox 1981 2609 3558 2686">
    <p class='ocr_par' dir='ltr' id='par_1_57' title="bbox 1981 2609 3558 2686">
     <span class='ocr_line' id='line_1_57' title="bbox 1981 2609 3558 2686; baseline 0.002 -20"><span class='ocrx_word' id='word_1_399' title='bbox 1981 2612 2227 2685; x_wconf 84' lang='grc' dir='ltr'><strong>πλησίως</strong></span> <span class='ocrx_word' id='word_1_400' title='bbox 2246 2612 2579 2684; x_wconf 83' lang='grc' dir='ltr'><strong>φορέσαντες</strong></span> <span class='ocrx_word' id='word_1_401' title='bbox 2613 2630 2626 2644; x_wconf 87' lang='grc'><strong>·</strong></span> <span class='ocrx_word' id='word_1_402' title='bbox 2655 2609 2717 2669; x_wconf 78' lang='grc' dir='ltr'><strong>οὗ</strong></span> <span class='ocrx_word' id='word_1_403' title='bbox 2748 2615 2844 2669; x_wconf 78' lang='grc' dir='ltr'><strong>καὶ</strong></span> <span class='ocrx_word' id='word_1_404' title='bbox 2866 2615 3029 2679; x_wconf 69' lang='grc' dir='ltr'><strong>αὐτὸς</strong></span> <span class='ocrx_word' id='word_1_405' title='bbox 3061 2618 3093 2670; x_wconf 87' lang='grc' dir='ltr'><strong>ό</strong></span> <span class='ocrx_word' id='word_1_406' title='bbox 3148 2616 3358 2686; x_wconf 86' lang='grc' dir='ltr'><strong>Κύριος</strong></span> <span class='ocrx_word' id='word_1_407' title='bbox 3408 2617 3558 2685; x_wconf 49' lang='grc' dir='ltr'><strong>γενό.</strong></span> 
     </span>
    </p>
   </div>
   <div class='ocr_carea' id='block_1_58' title="bbox 1984 2704 3549 2778">
    <p class='ocr_par' dir='ltr' id='par_1_58' title="bbox 1984 2704 3549 2778">
     <span class='ocr_line' id='line_1_58' title="bbox 1984 2704 3549 2778; baseline 0.001 -20"><span class='ocrx_word' id='word_1_408' title='bbox 1984 2721 2143 2777; x_wconf 84' lang='grc' dir='ltr'><strong>μενος</strong></span> <span class='ocrx_word' id='word_1_409' title='bbox 2187 2704 2475 2775; x_wconf 76' lang='grc' dir='ltr'><strong>ἄνθρωπος</strong></span> <span class='ocrx_word' id='word_1_410' title='bbox 2506 2706 2601 2759; x_wconf 73' lang='grc' dir='ltr'><strong>καὶ</strong></span> <span class='ocrx_word' id='word_1_411' title='bbox 2638 2706 2989 2778; x_wconf 85' lang='grc' dir='ltr'><strong>χρηματίσας</strong></span> <span class='ocrx_word' id='word_1_412' title='bbox 3028 2706 3160 2777; x_wconf 74' lang='grc' dir='ltr'><strong>ἡμῖν</strong></span> <span class='ocrx_word' id='word_1_413' title='bbox 3190 2705 3549 2777; x_wconf 79' lang='grc' dir='ltr'><strong>ὁμοιοπαθὴς.</strong></span> 
     </span>
    </p>
   </div>
   <div class='ocr_carea' id='block_1_59' title="bbox 1980 2793 3557 2867">
    <p class='ocr_par' dir='ltr' id='par_1_59' title="bbox 1980 2793 3557 2867">
     <span class='ocr_line' id='line_1_59' title="bbox 1980 2793 3557 2867; baseline -0.003 -18"><span class='ocrx_word' id='word_1_414' title='bbox 1980 2795 2074 2849; x_wconf 76' lang='grc' dir='ltr'><strong>καὶ</strong></span> <span class='ocrx_word' id='word_1_415' title='bbox 2100 2793 2187 2848; x_wconf 71' lang='grc' dir='ltr'><strong>διὰ</strong></span> <span class='ocrx_word' id='word_1_416' title='bbox 2212 2794 2372 2865; x_wconf 83' lang='grc' dir='ltr'><strong>σῶμα</strong></span> <span class='ocrx_word' id='word_1_417' title='bbox 2386 2794 2483 2848; x_wconf 80' lang='grc' dir='ltr'><strong>καὶ</strong></span> <span class='ocrx_word' id='word_1_418' title='bbox 2505 2793 2681 2866; x_wconf 76' lang='grc' dir='ltr'><strong>ψυχὴν</strong></span> <span class='ocrx_word' id='word_1_419' title='bbox 2709 2794 2933 2867; x_wconf 77' lang='grc' dir='ltr'><strong>λογικὴν</strong></span> <span class='ocrx_word' id='word_1_420' title='bbox 2961 2794 3273 2865; x_wconf 68' lang='grc' dir='ltr'><strong>ὁμοούσιος)</strong></span> <span class='ocrx_word' id='word_1_421' title='bbox 3303 2808 3318 2825; x_wconf 88' lang='grc'><strong>·</strong></span> <span class='ocrx_word' id='word_1_422' title='bbox 3353 2794 3479 2865; x_wconf 72' lang='grc' dir='ltr'><strong>περὶ</strong></span> <span class='ocrx_word' id='word_1_423' title='bbox 3501 2794 3557 2845; x_wconf 79' lang='grc' dir='ltr'><strong>δὲ</strong></span> 
     </span>
    </p>
   </div>
   <div class='ocr_carea' id='block_1_60' title="bbox 1979 2884 3554 2958">
    <p class='ocr_par' dir='ltr' id='par_1_60' title="bbox 1979 2884 3554 2958">
     <span class='ocr_line' id='line_1_60' title="bbox 1979 2884 3554 2958; baseline 0 -19"><span class='ocrx_word' id='word_1_424' title='bbox 1979 2884 2088 2939; x_wconf 84' lang='grc' dir='ltr'><strong>τῶν</strong></span> <span class='ocrx_word' id='word_1_425' title='bbox 2105 2884 2206 2955; x_wconf 83' lang='grc' dir='ltr'><strong>τῆς</strong></span> <span class='ocrx_word' id='word_1_426' title='bbox 2225 2884 2405 2956; x_wconf 77' lang='grc' dir='ltr'><strong>ψυχῆς</strong></span> <span class='ocrx_word' id='word_1_427' title='bbox 2429 2886 2828 2958; x_wconf 82' lang='grc' dir='ltr'><strong>προαιρετικῶν</strong></span> <span class='ocrx_word' id='word_1_428' title='bbox 2864 2886 2956 2940; x_wconf 72' lang='grc' dir='ltr'><strong>καὶ</strong></span> <span class='ocrx_word' id='word_1_429' title='bbox 2974 2887 3076 2941; x_wconf 87' lang='grc' dir='ltr'><strong>οὐκ</strong></span> <span class='ocrx_word' id='word_1_430' title='bbox 3107 2886 3424 2958; x_wconf 79' lang='grc' dir='ltr'><strong>ἀναγκαίων</strong></span> <span class='ocrx_word' id='word_1_431' title='bbox 3449 2903 3524 2939; x_wconf 87' lang='grc' dir='ltr'><strong>πα</strong></span> <span class='ocrx_word' id='word_1_432' title='bbox 3540 2915 3554 2925; x_wconf 90' lang='grc'><strong>-</strong></span> 
     </span>
    </p>
   </div>
   <div class='ocr_carea' id='block_1_61' title="bbox 1981 2976 3557 3051">
    <p class='ocr_par' dir='ltr' id='par_1_61' title="bbox 1981 2976 3557 3051">
     <span class='ocr_line' id='line_1_61' title="bbox 1981 2976 3557 3051; baseline 0.003 -22"><span class='ocrx_word' id='word_1_433' title='bbox 1981 2976 2091 3030; x_wconf 75' lang='grc' dir='ltr'><strong>θῶν</strong></span> <span class='ocrx_word' id='word_1_434' title='bbox 2114 2977 2441 3031; x_wconf 75' lang='grc' dir='ltr'><strong>ἐνεκάλεσαν</strong></span> <span class='ocrx_word' id='word_1_435' title='bbox 2479 2979 2738 3043; x_wconf 65' lang='grc' dir='ltr'><strong>ἃπαντας,</strong></span> <span class='ocrx_word' id='word_1_436' title='bbox 2781 2979 2944 3050; x_wconf 87' lang='grc' dir='ltr'><strong>νόμος</strong></span> <span class='ocrx_word' id='word_1_437' title='bbox 2992 2980 3090 3051; x_wconf 83' lang='grc' dir='ltr'><strong>μὲν</strong></span> <span class='ocrx_word' id='word_1_438' title='bbox 3121 2978 3557 3051; x_wconf 86' lang='grc' dir='ltr'><strong>τιμωρούμενος,</strong></span> 
     </span>
    </p>
   </div>
   <div class='ocr_carea' id='block_1_62' title="bbox 294 3069 1881 3164">
    <p class='ocr_par' dir='ltr' id='par_1_62' title="bbox 294 3070 1877 3147">
     <span class='ocr_line' id='line_1_62' title="bbox 294 3070 1877 3147; baseline -0.007 -17"><span class='ocrx_word' id='word_1_439' title='bbox 294 3079 407 3132; x_wconf 68' lang='lat' dir='ltr'><strong>tite.</strong></span> <span class='ocrx_word' id='word_1_440' title='bbox 434 3075 617 3147; x_wconf 83' lang='lat' dir='ltr'><strong>Super</strong></span> <span class='ocrx_word' id='word_1_441' title='bbox 643 3074 840 3128; x_wconf 68' lang='lat' dir='ltr'><strong>animat</strong></span> <span class='ocrx_word' id='word_1_442' title='bbox 870 3088 1001 3127; x_wconf 84' lang='lat' dir='ltr'><strong>vero</strong></span> <span class='ocrx_word' id='word_1_443' title='bbox 1032 3070 1362 3125; x_wconf 82' lang='lat' dir='ltr'><strong>voluntariis</strong></span> <span class='ocrx_word' id='word_1_444' title='bbox 1389 3076 1445 3122; x_wconf 84' lang='lat' dir='ltr'><strong>et</strong></span> <span class='ocrx_word' id='word_1_445' title='bbox 1479 3083 1586 3122; x_wconf 87' lang='lat' dir='ltr'><strong>non</strong></span> <span class='ocrx_word' id='word_1_446' title='bbox 1621 3080 1877 3120; x_wconf 80' lang='lat' dir='ltr'><strong>necessa-</strong></span> 
     </span>
    </p>
   </div>
   <div class='ocr_carea' id='block_1_63' title="bbox 1984 3069 3563 3164">
    <p class='ocr_par' dir='ltr' id='par_1_63' title="bbox 1984 3069 3563 3143">
     <span class='ocr_line' id='line_1_63' title="bbox 1984 3069 3563 3143; baseline 0.001 -21"><span class='ocrx_word' id='word_1_447' title='bbox 1984 3071 2075 3124; x_wconf 70' lang='grc' dir='ltr'><strong>καὶ</strong></span> <span class='ocrx_word' id='word_1_448' title='bbox 2103 3070 2442 3142; x_wconf 75' lang='grc' dir='ltr'><strong>κατάλληλον</strong></span> <span class='ocrx_word' id='word_1_449' title='bbox 2469 3070 2670 3140; x_wconf 75' lang='grc' dir='ltr'><strong>ὁρίζων</strong></span> <span class='ocrx_word' id='word_1_450' title='bbox 2701 3069 2780 3141; x_wconf 83' lang='grc' dir='ltr'><strong>τῷ</strong></span> <span class='ocrx_word' id='word_1_451' title='bbox 2804 3070 2968 3124; x_wconf 80' lang='grc' dir='ltr'><strong>πάθει</strong></span> <span class='ocrx_word' id='word_1_452' title='bbox 2999 3070 3099 3143; x_wconf 79' lang='grc' dir='ltr'><strong>τὴν</strong></span> <span class='ocrx_word' id='word_1_453' title='bbox 3128 3070 3353 3125; x_wconf 83' lang='grc' dir='ltr'><strong>κόλασιν</strong></span> <span class='ocrx_word' id='word_1_454' title='bbox 3372 3087 3391 3106; x_wconf 77' lang='grc' dir='ltr'><strong><em>ο</em></strong></span> <span class='ocrx_word' id='word_1_455' title='bbox 3424 3088 3563 3142; x_wconf 68' lang='grc' dir='ltr'><strong>προσ</strong></span> 
     </span>
    </p>
   </div>
   <div class='ocr_carea' id='block_1_64' title="bbox 292 3157 1881 3237">
    <p class='ocr_par' dir='ltr' id='par_1_64' title="bbox 292 3157 1877 3237">
     <span class='ocr_line' id='line_1_64' title="bbox 292 3157 1877 3237; baseline -0.008 -14"><span class='ocrx_word' id='word_1_456' title='bbox 292 3169 395 3223; x_wconf 83' lang='lat' dir='ltr'><strong>r&#39;ris</strong></span> <span class='ocrx_word' id='word_1_457' title='bbox 439 3166 798 3237; x_wconf 82' lang='lat' dir='ltr'><strong>passionibus</strong></span> <span class='ocrx_word' id='word_1_458' title='bbox 827 3161 1012 3233; x_wconf 83' lang='lat' dir='ltr'><strong>questi</strong></span> <span class='ocrx_word' id='word_1_459' title='bbox 1047 3172 1172 3218; x_wconf 89' lang='lat' dir='ltr'><strong>sunt</strong></span> <span class='ocrx_word' id='word_1_460' title='bbox 1198 3159 1466 3224; x_wconf 81' lang='lat' dir='ltr'><strong>universi,</strong></span> <span class='ocrx_word' id='word_1_461' title='bbox 1501 3159 1587 3213; x_wconf 66' lang='lat' dir='ltr'><strong>lca</strong></span> <span class='ocrx_word' id='word_1_462' title='bbox 1621 3157 1877 3212; x_wconf 86' lang='lat' dir='ltr'><strong>videlicet</strong></span> 
     </span>
    </p>
   </div>
   <div class='ocr_carea' id='block_1_65' title="bbox 1984 3157 3560 3237">
    <p class='ocr_par' dir='ltr' id='par_1_65' title="bbox 1984 3161 3560 3234">
     <span class='ocr_line' id='line_1_65' title="bbox 1984 3161 3560 3234; baseline 0 -19"><span class='ocrx_word' id='word_1_463' title='bbox 1984 3163 2147 3233; x_wconf 79' lang='grc' dir='ltr'><strong>φῆται</strong></span> <span class='ocrx_word' id='word_1_464' title='bbox 2168 3161 2373 3217; x_wconf 86' lang='grc' dir='ltr'><strong>τούτων</strong></span> <span class='ocrx_word' id='word_1_465' title='bbox 2441 3161 2769 3232; x_wconf 74' lang='grc' dir='ltr'><strong>ἀπέχεσθαι,</strong></span> <span class='ocrx_word' id='word_1_466' title='bbox 2828 3162 2923 3216; x_wconf 71' lang='grc' dir='ltr'><strong>καὶ</strong></span> <span class='ocrx_word' id='word_1_467' title='bbox 2974 3162 3044 3219; x_wconf 70' lang='grc' dir='ltr'><strong>τὰ</strong></span> <span class='ocrx_word' id='word_1_468' title='bbox 3110 3163 3349 3234; x_wconf 81' lang='grc' dir='ltr'><strong>κρείττω</strong></span> <span class='ocrx_word' id='word_1_469' title='bbox 3401 3180 3560 3234; x_wconf 76' lang='grc' dir='ltr'><strong>μετα-</strong></span> 
     </span>
    </p>
   </div>
   <div class='ocr_carea' id='block_1_66' title="bbox 293 3249 1875 3334">
    <p class='ocr_par' dir='ltr' id='par_1_66' title="bbox 293 3249 1875 3334">
     <span class='ocr_line' id='line_1_66' title="bbox 293 3249 1875 3334; baseline -0.008 -19"><span class='ocrx_word' id='word_1_470' title='bbox 293 3263 531 3334; x_wconf 80' lang='lat' dir='ltr'><strong>punieus</strong></span> <span class='ocrx_word' id='word_1_471' title='bbox 558 3262 952 3329; x_wconf 73' lang='lat' dir='ltr'><strong>congruentem</strong></span> <span class='ocrx_word' id='word_1_472' title='bbox 999 3253 1133 3309; x_wconf 88' lang='lat' dir='ltr'><strong>vitio</strong></span> <span class='ocrx_word' id='word_1_473' title='bbox 1168 3266 1384 3323; x_wconf 71' lang='lat' dir='ltr'><strong>pmnam</strong></span> <span class='ocrx_word' id='word_1_474' title='bbox 1422 3249 1714 3315; x_wconf 77' lang='lat' dir='ltr'><strong>deﬁniens,</strong></span> <span class='ocrx_word' id='word_1_475' title='bbox 1745 3264 1875 3319; x_wconf 86' lang='lat' dir='ltr'><strong>pro-</strong></span> 
     </span>
    </p>
   </div>
   <div class='ocr_carea' id='block_1_67' title="bbox 295 3342 1875 3426">
    <p class='ocr_par' dir='ltr' id='par_1_67' title="bbox 295 3342 1875 3426">
     <span class='ocr_line' id='line_1_67' title="bbox 295 3342 1875 3426; baseline -0.008 -17"><span class='ocrx_word' id='word_1_476' title='bbox 295 3358 472 3426; x_wconf 73' lang='lat' dir='ltr'><strong>pin-ta:</strong></span> <span class='ocrx_word' id='word_1_477' title='bbox 510 3353 580 3406; x_wconf 80' lang='lat' dir='ltr'><strong>ah</strong></span> <span class='ocrx_word' id='word_1_478' title='bbox 633 3351 725 3407; x_wconf 89' lang='lat' dir='ltr'><strong>his</strong></span> <span class='ocrx_word' id='word_1_479' title='bbox 771 3347 1160 3405; x_wconf 84' lang='lat' dir='ltr'><strong>abstinendum</strong></span> <span class='ocrx_word' id='word_1_480' title='bbox 1210 3344 1488 3414; x_wconf 71' lang='lat' dir='ltr'><strong>iubentes,</strong></span> <span class='ocrx_word' id='word_1_481' title='bbox 1541 3349 1596 3397; x_wconf 92' lang='lat' dir='ltr'><strong>et</strong></span> <span class='ocrx_word' id='word_1_482' title='bbox 1649 3342 1875 3397; x_wconf 79' lang='lat' dir='ltr'><strong>meliora</strong></span> 
     </span>
    </p>
   </div>
   <div class='ocr_carea' id='block_1_68' title="bbox 294 3430 1872 3516">
    <p class='ocr_par' dir='ltr' id='par_1_68' title="bbox 294 3430 1872 3516">
     <span class='ocr_line' id='line_1_68' title="bbox 294 3430 1872 3516; baseline -0.009 -18"><span class='ocrx_word' id='word_1_483' title='bbox 294 3443 692 3516; x_wconf 82' lang='lat' dir='ltr'><strong>providendum</strong></span> <span class='ocrx_word' id='word_1_484' title='bbox 722 3439 1029 3503; x_wconf 82' lang='lat' dir='ltr'><strong>hortantes,</strong></span> <span class='ocrx_word' id='word_1_485' title='bbox 1056 3434 1194 3506; x_wconf 83' lang='lat' dir='ltr'><strong>justi</strong></span> <span class='ocrx_word' id='word_1_486' title='bbox 1222 3446 1317 3488; x_wconf 81' lang='lat' dir='ltr'><strong>eas</strong></span> <span class='ocrx_word' id='word_1_487' title='bbox 1341 3430 1597 3487; x_wconf 85' lang='lat' dir='ltr'><strong>deserere</strong></span> <span class='ocrx_word' id='word_1_488' title='bbox 1625 3443 1872 3485; x_wconf 85' lang='lat' dir='ltr'><strong>commo-</strong></span> 
     </span>
    </p>
   </div>
   <div class='ocr_carea' id='block_1_69' title="bbox 293 3521 1871 3606">
    <p class='ocr_par' dir='ltr' id='par_1_69' title="bbox 293 3521 1871 3606">
     <span class='ocr_line' id='line_1_69' title="bbox 293 3521 1871 3606; baseline -0.012 -12"><span class='ocrx_word' id='word_1_489' title='bbox 293 3545 510 3603; x_wconf 85' lang='lat' dir='ltr'><strong>nentes,</strong></span> <span class='ocrx_word' id='word_1_490' title='bbox 543 3533 780 3606; x_wconf 81' lang='lat' dir='ltr'><strong>apostoli</strong></span> <span class='ocrx_word' id='word_1_491' title='bbox 812 3527 1302 3599; x_wconf 67' lang='lat' dir='ltr'><strong>transmigratione</strong></span> <span class='ocrx_word' id='word_1_492' title='bbox 1331 3538 1522 3580; x_wconf 84' lang='lat' dir='ltr'><strong>earum</strong></span> <span class='ocrx_word' id='word_1_493' title='bbox 1570 3537 1733 3577; x_wconf 89' lang='lat' dir='ltr'><strong>manu</strong></span> <span class='ocrx_word' id='word_1_494' title='bbox 1771 3521 1871 3576; x_wconf 87' lang='lat' dir='ltr'><strong>du-</strong></span> 
     </span>
    </p>
   </div>
   <div class='ocr_carea' id='block_1_70' title="bbox 290 3612 1874 3695">
    <p class='ocr_par' dir='ltr' id='par_1_70' title="bbox 290 3612 1874 3695">
     <span class='ocr_line' id='line_1_70' title="bbox 290 3612 1874 3695; baseline -0.011 -10"><span class='ocrx_word' id='word_1_495' title='bbox 290 3638 501 3692; x_wconf 73' lang='lat' dir='ltr'><strong>centes,</strong></span> <span class='ocrx_word' id='word_1_496' title='bbox 552 3634 607 3682; x_wconf 89' lang='lat' dir='ltr'><strong>et</strong></span> <span class='ocrx_word' id='word_1_497' title='bbox 649 3621 895 3695; x_wconf 72' lang='lat' dir='ltr'><strong>magistri</strong></span> <span class='ocrx_word' id='word_1_498' title='bbox 945 3622 1144 3675; x_wconf 85' lang='lat' dir='ltr'><strong>harum</strong></span> <span class='ocrx_word' id='word_1_499' title='bbox 1181 3616 1365 3687; x_wconf 75' lang='lat' dir='ltr'><strong>fugam</strong></span> <span class='ocrx_word' id='word_1_500' title='bbox 1405 3613 1776 3670; x_wconf 80' lang='lat' dir='ltr'><strong>insinuantes.</strong></span> <span class='ocrx_word' id='word_1_501' title='bbox 1809 3612 1874 3667; x_wconf 72' lang='lat' dir='ltr'><strong>At</strong></span> 
     </span>
    </p>
   </div>
   <div class='ocr_carea' id='block_1_71' title="bbox 292 3706 1876 3786">
    <p class='ocr_par' dir='ltr' id='par_1_71' title="bbox 292 3706 1876 3786">
     <span class='ocr_line' id='line_1_71' title="bbox 292 3706 1876 3786; baseline -0.011 -12"><span class='ocrx_word' id='word_1_502' title='bbox 292 3735 423 3774; x_wconf 74' lang='lat' dir='ltr'><strong>vero</strong></span> <span class='ocrx_word' id='word_1_503' title='bbox 455 3717 719 3773; x_wconf 83' lang='lat' dir='ltr'><strong>Dominus</strong></span> <span class='ocrx_word' id='word_1_504' title='bbox 761 3712 973 3786; x_wconf 86' lang='lat' dir='ltr'><strong>primus</strong></span> <span class='ocrx_word' id='word_1_505' title='bbox 1007 3709 1168 3765; x_wconf 87' lang='lat' dir='ltr'><strong>nobis</strong></span> <span class='ocrx_word' id='word_1_506' title='bbox 1218 3706 1448 3778; x_wconf 73' lang='lat' dir='ltr'><strong>iustitiae</strong></span> <span class='ocrx_word' id='word_1_507' title='bbox 1498 3707 1639 3761; x_wconf 88' lang='lat' dir='ltr'><strong>viam</strong></span> <span class='ocrx_word' id='word_1_508' title='bbox 1690 3713 1876 3759; x_wconf 81' lang='lat' dir='ltr'><strong>osten-</strong></span> 
     </span>
    </p>
   </div>
   <div class='ocr_carea' id='block_1_72' title="bbox 291 3794 1875 3874">
    <p class='ocr_par' dir='ltr' id='par_1_72' title="bbox 291 3794 1875 3874">
     <span class='ocr_line' id='line_1_72' title="bbox 291 3794 1875 3874; baseline -0.01 -9"><span class='ocrx_word' id='word_1_509' title='bbox 291 3810 453 3874; x_wconf 87' lang='lat' dir='ltr'><strong>dens,</strong></span> <span class='ocrx_word' id='word_1_510' title='bbox 484 3815 541 3861; x_wconf 78' lang='lat' dir='ltr'><strong>rt</strong></span> <span class='ocrx_word' id='word_1_511' title='bbox 569 3804 822 3861; x_wconf 86' lang='lat' dir='ltr'><strong>semitam</strong></span> <span class='ocrx_word' id='word_1_512' title='bbox 856 3800 927 3857; x_wconf 88' lang='lat' dir='ltr'><strong>ab</strong></span> <span class='ocrx_word' id='word_1_513' title='bbox 971 3799 1168 3855; x_wconf 70' lang='lat' dir='ltr'><strong>anima:</strong></span> <span class='ocrx_word' id='word_1_514' title='bbox 1221 3796 1578 3868; x_wconf 86' lang='lat' dir='ltr'><strong>passiouibus</strong></span> <span class='ocrx_word' id='word_1_515' title='bbox 1629 3794 1875 3866; x_wconf 83' lang='lat' dir='ltr'><strong>perfecte</strong></span> 
     </span>
    </p>
   </div>
   <div class='ocr_carea' id='block_1_73' title="bbox 293 3886 1872 3968">
    <p class='ocr_par' dir='ltr' id='par_1_73' title="bbox 293 3886 1872 3968">
     <span class='ocr_line' id='line_1_73' title="bbox 293 3886 1872 3968; baseline -0.011 -10"><span class='ocrx_word' id='word_1_516' title='bbox 293 3898 586 3958; x_wconf 80' lang='lat' dir='ltr'><strong>recedendi</strong></span> <span class='ocrx_word' id='word_1_517' title='bbox 641 3896 855 3968; x_wconf 87' lang='lat' dir='ltr'><strong>primus</strong></span> <span class='ocrx_word' id='word_1_518' title='bbox 901 3891 1223 3956; x_wconf 88' lang='lat' dir='ltr'><strong>inveniens,</strong></span> <span class='ocrx_word' id='word_1_519' title='bbox 1276 3887 1537 3944; x_wconf 90' lang='lat' dir='ltr'><strong>omnibus</strong></span> <span class='ocrx_word' id='word_1_520' title='bbox 1591 3886 1795 3942; x_wconf 82' lang='lat' dir='ltr'><strong>Discite</strong></span> <span class='ocrx_word' id='word_1_521' title='bbox 1841 3900 1872 3941; x_wconf 77' lang='grc' dir='ltr'><strong>α</strong></span> 
     </span>
    </p>
   </div>
   <div class='ocr_carea' id='block_1_74' title="bbox 292 3980 1868 4059">
    <p class='ocr_par' dir='ltr' id='par_1_74' title="bbox 292 3980 1868 4059">
     <span class='ocr_line' id='line_1_74' title="bbox 292 3980 1868 4059; baseline -0.011 -7"><span class='ocrx_word' id='word_1_522' title='bbox 292 4011 405 4059; x_wconf 84' lang='lat' dir='ltr'><strong>me,</strong></span> <span class='ocrx_word' id='word_1_523' title='bbox 439 3987 875 4048; x_wconf 86' lang='lat' dir='ltr'><strong>misericorditer</strong></span> <span class='ocrx_word' id='word_1_524' title='bbox 896 3994 982 4042; x_wconf 89' lang='lat' dir='ltr'><strong>est</strong></span> <span class='ocrx_word' id='word_1_525' title='bbox 1010 3984 1226 4040; x_wconf 75' lang='lat' dir='ltr'><strong>aﬂ‘stus.</strong></span> <span class='ocrx_word' id='word_1_526' title='bbox 1262 3980 1370 4038; x_wconf 87' lang='lat' dir='ltr'><strong>Pro</strong></span> <span class='ocrx_word' id='word_1_527' title='bbox 1389 3981 1476 4038; x_wconf 89' lang='lat' dir='ltr'><strong>his</strong></span> <span class='ocrx_word' id='word_1_528' title='bbox 1502 3980 1648 4036; x_wconf 89' lang='lat' dir='ltr'><strong>enim</strong></span> <span class='ocrx_word' id='word_1_529' title='bbox 1675 3994 1868 4050; x_wconf 65' lang='lat' dir='ltr'><strong>pinnas</strong></span> 
     </span>
    </p>
   </div>
   <div class='ocr_carea' id='block_1_75' title="bbox 292 4071 1870 4160">
    <p class='ocr_par' dir='ltr' id='par_1_75' title="bbox 292 4071 1870 4160">
     <span class='ocr_line' id='line_1_75' title="bbox 292 4071 1870 4160; baseline -0.013 -16"><span class='ocrx_word' id='word_1_530' title='bbox 292 4103 395 4160; x_wconf 84' lang='lat' dir='ltr'><strong>pro</strong></span> <span class='ocrx_word' id='word_1_531' title='bbox 414 4100 484 4141; x_wconf 88' lang='lat' dir='ltr'><strong>co</strong></span> <span class='ocrx_word' id='word_1_532' title='bbox 514 4082 662 4155; x_wconf 81' lang='lat' dir='ltr'><strong>quod</strong></span> <span class='ocrx_word' id='word_1_533' title='bbox 720 4081 775 4136; x_wconf 84' lang='lat' dir='ltr'><strong>in</strong></span> <span class='ocrx_word' id='word_1_534' title='bbox 831 4078 993 4135; x_wconf 88' lang='lat' dir='ltr'><strong>nobis</strong></span> <span class='ocrx_word' id='word_1_535' title='bbox 1029 4074 1275 4148; x_wconf 85' lang='lat' dir='ltr'><strong>profecto</strong></span> <span class='ocrx_word' id='word_1_536' title='bbox 1327 4089 1517 4130; x_wconf 89' lang='lat' dir='ltr'><strong>earum</strong></span> <span class='ocrx_word' id='word_1_537' title='bbox 1549 4071 1870 4129; x_wconf 78' lang='lat' dir='ltr'><strong>exsistentia</strong></span> 
     </span>
    </p>
   </div>
   <div class='ocr_carea' id='block_1_76' title="bbox 291 4162 1874 4243">
    <p class='ocr_par' dir='ltr' id='par_1_76' title="bbox 291 4162 1874 4243">
     <span class='ocr_line' id='line_1_76' title="bbox 291 4162 1874 4243; baseline -0.012 -8"><span class='ocrx_word' id='word_1_538' title='bbox 291 4180 386 4243; x_wconf 88' lang='lat' dir='ltr'><strong>sit,</strong></span> <span class='ocrx_word' id='word_1_539' title='bbox 424 4178 642 4232; x_wconf 84' lang='lat' dir='ltr'><strong>luemus</strong></span> <span class='ocrx_word' id='word_1_540' title='bbox 667 4181 722 4229; x_wconf 93' lang='lat' dir='ltr'><strong>et</strong></span> <span class='ocrx_word' id='word_1_541' title='bbox 763 4169 1203 4228; x_wconf 84' lang='lat' dir='ltr'><strong>sustinebimus:</strong></span> <span class='ocrx_word' id='word_1_542' title='bbox 1240 4178 1464 4237; x_wconf 79' lang='lat' dir='ltr'><strong>propter</strong></span> <span class='ocrx_word' id='word_1_543' title='bbox 1509 4165 1610 4219; x_wconf 86' lang='lat' dir='ltr'><strong>has</strong></span> <span class='ocrx_word' id='word_1_544' title='bbox 1642 4172 1698 4220; x_wconf 87' lang='lat' dir='ltr'><strong>et</strong></span> <span class='ocrx_word' id='word_1_545' title='bbox 1727 4162 1874 4233; x_wconf 80' lang='lat' dir='ltr'><strong>judi-</strong></span> 
     </span>
    </p>
   </div>
   <div class='ocr_carea' id='block_1_77' title="bbox 290 4256 1874 4333">
    <p class='ocr_par' dir='ltr' id='par_1_77' title="bbox 290 4256 1874 4333">
     <span class='ocr_line' id='line_1_77' title="bbox 290 4256 1874 4333; baseline -0.011 -6"><span class='ocrx_word' id='word_1_546' title='bbox 290 4272 564 4333; x_wconf 83' lang='lat' dir='ltr'><strong>cabimur,</strong></span> <span class='ocrx_word' id='word_1_547' title='bbox 595 4276 650 4323; x_wconf 87' lang='lat' dir='ltr'><strong>et</strong></span> <span class='ocrx_word' id='word_1_548' title='bbox 681 4263 949 4321; x_wconf 78' lang='lat' dir='ltr'><strong>tribunali</strong></span> <span class='ocrx_word' id='word_1_549' title='bbox 981 4261 1187 4318; x_wconf 79' lang='lat' dir='ltr'><strong>Christi</strong></span> <span class='ocrx_word' id='word_1_550' title='bbox 1239 4260 1591 4323; x_wconf 85' lang='lat' dir='ltr'><strong>assistemus,</strong></span> <span class='ocrx_word' id='word_1_551' title='bbox 1637 4273 1760 4312; x_wconf 89' lang='lat' dir='ltr'><strong>cum</strong></span> <span class='ocrx_word' id='word_1_552' title='bbox 1805 4256 1874 4311; x_wconf 87' lang='lat' dir='ltr'><strong>de</strong></span> 
     </span>
    </p>
   </div>
   <div class='ocr_carea' id='block_1_78' title="bbox 291 4348 1870 4431">
    <p class='ocr_par' dir='ltr' id='par_1_78' title="bbox 291 4348 1870 4431">
     <span class='ocr_line' id='line_1_78' title="bbox 291 4348 1870 4431; baseline -0.013 -10"><span class='ocrx_word' id='word_1_553' title='bbox 291 4364 433 4421; x_wconf 75' lang='lat' dir='ltr'><strong>con</strong></span> <span class='ocrx_word' id='word_1_554' title='bbox 462 4363 627 4431; x_wconf 80' lang='lat' dir='ltr'><strong>judex</strong></span> <span class='ocrx_word' id='word_1_555' title='bbox 663 4355 949 4414; x_wconf 74' lang='lat' dir='ltr'><strong>advenerit</strong></span> <span class='ocrx_word' id='word_1_556' title='bbox 979 4354 1209 4410; x_wconf 84' lang='lat' dir='ltr'><strong>reddere</strong></span> <span class='ocrx_word' id='word_1_557' title='bbox 1236 4353 1531 4422; x_wconf 85' lang='lat' dir='ltr'><strong>unicuique</strong></span> <span class='ocrx_word' id='word_1_558' title='bbox 1571 4348 1870 4406; x_wconf 79' lang='lat' dir='ltr'><strong>secundum</strong></span> 
     </span>
    </p>
   </div>
   <div class='ocr_carea' id='block_1_79' title="bbox 1980 3253 3556 3327">
    <p class='ocr_par' dir='ltr' id='par_1_79' title="bbox 1980 3253 3556 3327">
     <span class='ocr_line' id='line_1_79' title="bbox 1980 3253 3556 3327; baseline -0.003 -19"><span class='ocrx_word' id='word_1_559' title='bbox 1980 3254 2249 3309; x_wconf 83' lang='grc' dir='ltr'><strong>ποιεῖσθαι</strong></span> <span class='ocrx_word' id='word_1_560' title='bbox 2277 3253 2597 3318; x_wconf 73' lang='grc' dir='ltr'><strong>κελεύοντες</strong></span> <span class='ocrx_word' id='word_1_561' title='bbox 2638 3271 2654 3286; x_wconf 82' lang='grc'><strong>’</strong></span> <span class='ocrx_word' id='word_1_562' title='bbox 2679 3255 2880 3309; x_wconf 83' lang='grc' dir='ltr'><strong>δίκαιοι</strong></span> <span class='ocrx_word' id='word_1_563' title='bbox 2945 3253 3343 3327; x_wconf 70' lang='grc' dir='ltr'><strong>παραινοῦντες</strong></span> <span class='ocrx_word' id='word_1_564' title='bbox 3377 3256 3556 3309; x_wconf 77' lang='grc' dir='ltr'><strong>αὐτῶν</strong></span> 
     </span>
    </p>
   </div>
   <div class='ocr_carea' id='block_1_80' title="bbox 1976 3345 3549 3419">
    <p class='ocr_par' dir='ltr' id='par_1_80' title="bbox 1976 3345 3549 3419">
     <span class='ocr_line' id='line_1_80' title="bbox 1976 3345 3549 3419; baseline -0.001 -19"><span class='ocrx_word' id='word_1_565' title='bbox 1976 3347 2076 3418; x_wconf 81' lang='grc' dir='ltr'><strong>τὴν</strong></span> <span class='ocrx_word' id='word_1_566' title='bbox 2104 3345 2411 3416; x_wconf 79' lang='grc' dir='ltr'><strong>ἀπόλειψιν,</strong></span> <span class='ocrx_word' id='word_1_567' title='bbox 2446 3345 2732 3400; x_wconf 82' lang='grc' dir='ltr'><strong>ἀπόστολοι</strong></span> <span class='ocrx_word' id='word_1_568' title='bbox 2772 3345 3246 3419; x_wconf 77' lang='grc' dir='ltr'><strong>χειραγωγοῦντες</strong></span> <span class='ocrx_word' id='word_1_569' title='bbox 3280 3347 3420 3418; x_wconf 81' lang='grc' dir='ltr'><strong>πρὸς</strong></span> <span class='ocrx_word' id='word_1_570' title='bbox 3447 3348 3549 3417; x_wconf 79' lang='grc' dir='ltr'><strong>τὴν</strong></span> 
     </span>
    </p>
   </div>
   <div class='ocr_carea' id='block_1_81' title="bbox 1975 3438 3556 3511">
    <p class='ocr_par' dir='ltr' id='par_1_81' title="bbox 1975 3438 3556 3511">
     <span class='ocr_line' id='line_1_81' title="bbox 1975 3438 3556 3511; baseline -0.004 -15"><span class='ocrx_word' id='word_1_571' title='bbox 1975 3438 2295 3496; x_wconf 79' lang='grc' dir='ltr'><strong>ἀπ’-αὑτῶν</strong></span> <span class='ocrx_word' id='word_1_572' title='bbox 2345 3440 2766 3511; x_wconf 68' lang='grc' dir='ltr'><strong>μετανάστασιν,</strong></span> <span class='ocrx_word' id='word_1_573' title='bbox 2811 3438 3130 3495; x_wconf 80' lang='grc' dir='ltr'><strong>διδάσκαλοι</strong></span> <span class='ocrx_word' id='word_1_574' title='bbox 3174 3438 3382 3494; x_wconf 86' lang='grc' dir='ltr'><strong>τούτων</strong></span> <span class='ocrx_word' id='word_1_575' title='bbox 3421 3441 3556 3510; x_wconf 71' lang='grc' dir='ltr'><strong>ἡμῖν</strong></span> 
     </span>
    </p>
   </div>
   <div class='ocr_carea' id='block_1_82' title="bbox 1974 3531 3558 3605">
    <p class='ocr_par' dir='ltr' id='par_1_82' title="bbox 1974 3531 3558 3605">
     <span class='ocr_line' id='line_1_82' title="bbox 1974 3531 3558 3605; baseline -0.003 -17"><span class='ocrx_word' id='word_1_576' title='bbox 1974 3533 2074 3605; x_wconf 82' lang='grc' dir='ltr'><strong>τὴν</strong></span> <span class='ocrx_word' id='word_1_577' title='bbox 2100 3533 2280 3604; x_wconf 82' lang='grc' dir='ltr'><strong>φυγὴν</strong></span> <span class='ocrx_word' id='word_1_578' title='bbox 2307 3531 2720 3602; x_wconf 82' lang='grc' dir='ltr'><strong>ύποφαίνοντες.</strong></span> <span class='ocrx_word' id='word_1_579' title='bbox 2741 3532 2800 3586; x_wconf 88' lang='lat'><strong>&#39;0</strong></span> <span class='ocrx_word' id='word_1_580' title='bbox 2825 3532 2881 3585; x_wconf 75' lang='grc' dir='ltr'><strong>δὲ</strong></span> <span class='ocrx_word' id='word_1_581' title='bbox 2938 3531 3144 3604; x_wconf 84' lang='grc' dir='ltr'><strong>Κύριος</strong></span> <span class='ocrx_word' id='word_1_582' title='bbox 3173 3532 3392 3605; x_wconf 86' lang='grc' dir='ltr'><strong>πρῶτος</strong></span> <span class='ocrx_word' id='word_1_583' title='bbox 3421 3534 3558 3603; x_wconf 75' lang='grc' dir='ltr'><strong>ἡμῖν</strong></span> 
     </span>
    </p>
   </div>
   <div class='ocr_carea' id='block_1_83' title="bbox 1973 3621 3555 3696">
    <p class='ocr_par' dir='ltr' id='par_1_83' title="bbox 1973 3621 3555 3696">
     <span class='ocr_line' id='line_1_83' title="bbox 1973 3621 3555 3696; baseline -0.004 -15"><span class='ocrx_word' id='word_1_584' title='bbox 1973 3627 2071 3696; x_wconf 83' lang='grc' dir='ltr'><strong>τῆς</strong></span> <span class='ocrx_word' id='word_1_585' title='bbox 2090 3621 2437 3694; x_wconf 79' lang='grc' dir='ltr'><strong>δικαιοσύνης</strong></span> <span class='ocrx_word' id='word_1_586' title='bbox 2491 3623 2610 3677; x_wconf 71' lang='grc' dir='ltr'><strong>ὁδὸν</strong></span> <span class='ocrx_word' id='word_1_587' title='bbox 2647 3622 3049 3693; x_wconf 76' lang='grc' dir='ltr'><strong>ἐνδειξάμενος,</strong></span> <span class='ocrx_word' id='word_1_588' title='bbox 3088 3622 3183 3677; x_wconf 75' lang='grc' dir='ltr'><strong>καὶ</strong></span> <span class='ocrx_word' id='word_1_589' title='bbox 3214 3621 3400 3694; x_wconf 85' lang='grc' dir='ltr'><strong>τρίϐον</strong></span> <span class='ocrx_word' id='word_1_590' title='bbox 3454 3621 3555 3692; x_wconf 72' lang='grc' dir='ltr'><strong>τῆς</strong></span> 
     </span>
    </p>
   </div>
   <div class='ocr_carea' id='block_1_84' title="bbox 1973 3712 3554 3784">
    <p class='ocr_par' dir='ltr' id='par_1_84' title="bbox 1973 3712 3554 3784">
     <span class='ocr_line' id='line_1_84' title="bbox 1973 3712 3554 3784; baseline -0.003 -15"><span class='ocrx_word' id='word_1_591' title='bbox 1973 3715 2082 3770; x_wconf 75' lang='grc' dir='ltr'><strong>ἀπὸ</strong></span> <span class='ocrx_word' id='word_1_592' title='bbox 2104 3714 2213 3769; x_wconf 83' lang='grc' dir='ltr'><strong>τῶν</strong></span> <span class='ocrx_word' id='word_1_593' title='bbox 2233 3714 2482 3783; x_wconf 56' lang='grc' dir='ltr'><strong>-ξυχικῶν</strong></span> <span class='ocrx_word' id='word_1_594' title='bbox 2518 3712 2708 3767; x_wconf 81' lang='grc' dir='ltr'><strong>παθῶν</strong></span> <span class='ocrx_word' id='word_1_595' title='bbox 2739 3713 2953 3777; x_wconf 79' lang='grc' dir='ltr'><strong>τελείας</strong></span> <span class='ocrx_word' id='word_1_596' title='bbox 2973 3713 3371 3784; x_wconf 80' lang='grc' dir='ltr'><strong>ἀναχωρήσεως</strong></span> <span class='ocrx_word' id='word_1_597' title='bbox 3405 3713 3554 3784; x_wconf 81' lang='grc' dir='ltr'><strong>πρῶ-</strong></span> 
     </span>
    </p>
   </div>
   <div class='ocr_carea' id='block_1_85' title="bbox 1973 3803 3556 3877">
    <p class='ocr_par' dir='ltr' id='par_1_85' title="bbox 1973 3803 3556 3877">
     <span class='ocr_line' id='line_1_85' title="bbox 1973 3803 3556 3877; baseline -0.004 -15"><span class='ocrx_word' id='word_1_598' title='bbox 1973 3825 2063 3873; x_wconf 87' lang='grc' dir='ltr'><strong>τος</strong></span> <span class='ocrx_word' id='word_1_599' title='bbox 2088 3807 2406 3877; x_wconf 77' lang='grc' dir='ltr'><strong>εὑράμενος,</strong></span> <span class='ocrx_word' id='word_1_600' title='bbox 2454 3808 2620 3860; x_wconf 75' lang='grc' dir='ltr'><strong>πᾶσιν</strong></span> <span class='ocrx_word' id='word_1_601' title='bbox 2649 3803 2729 3870; x_wconf 79' lang='grc' dir='ltr'><strong>τὸ,</strong></span> <span class='ocrx_word' id='word_1_602' title='bbox 2786 3804 3004 3859; x_wconf 80' lang='grc' dir='ltr'><strong>Μάθετε</strong></span> <span class='ocrx_word' id='word_1_603' title='bbox 3050 3805 3147 3859; x_wconf 81' lang='grc' dir='ltr'><strong>ἀπ’</strong></span> <span class='ocrx_word' id='word_1_604' title='bbox 3176 3805 3338 3876; x_wconf 79' lang='grc' dir='ltr'><strong>ἐμοῦ,</strong></span> <span class='ocrx_word' id='word_1_605' title='bbox 3370 3805 3556 3873; x_wconf 74' lang='grc' dir='ltr'><strong>φιλαν-</strong></span> 
     </span>
    </p>
   </div>
   <div class='ocr_carea' id='block_1_86' title="bbox 1975 3893 3555 3969">
    <p class='ocr_par' dir='ltr' id='par_1_86' title="bbox 1975 3893 3555 3969">
     <span class='ocr_line' id='line_1_86' title="bbox 1975 3893 3555 3969; baseline -0.004 -18"><span class='ocrx_word' id='word_1_606' title='bbox 1975 3894 2208 3969; x_wconf 83' lang='grc' dir='ltr'><strong>θρώπως</strong></span> <span class='ocrx_word' id='word_1_607' title='bbox 2238 3895 2560 3966; x_wconf 77' lang='grc' dir='ltr'><strong>ἐφθέγξατο.</strong></span> <span class='ocrx_word' id='word_1_608' title='bbox 2606 3894 2780 3965; x_wconf 86' lang='grc' dir='ltr'><strong>’Υπὲρ</strong></span> <span class='ocrx_word' id='word_1_609' title='bbox 2819 3893 3026 3948; x_wconf 89' lang='grc' dir='ltr'><strong>τούτων</strong></span> <span class='ocrx_word' id='word_1_610' title='bbox 3057 3893 3167 3963; x_wconf 80' lang='grc' dir='ltr'><strong>γὰρ</strong></span> <span class='ocrx_word' id='word_1_611' title='bbox 3192 3893 3290 3957; x_wconf 74' lang='grc' dir='ltr'><strong>τὰς</strong></span> <span class='ocrx_word' id='word_1_612' title='bbox 3323 3893 3555 3955; x_wconf 81' lang='grc' dir='ltr'><strong>εὐθύνας</strong></span> 
     </span>
    </p>
   </div>
   <div class='ocr_carea' id='block_1_87' title="bbox 1973 3978 3557 4060">
    <p class='ocr_par' dir='ltr' id='par_1_87' title="bbox 1973 3978 3557 4060">
     <span class='ocr_line' id='line_1_87' title="bbox 1973 3978 3557 4060; baseline -0.004 -16"><span class='ocrx_word' id='word_1_613' title='bbox 1973 3989 2050 4053; x_wconf 85' lang='grc' dir='ltr'><strong>ὡς</strong></span> <span class='ocrx_word' id='word_1_614' title='bbox 2101 3990 2160 4043; x_wconf 74' lang='grc' dir='ltr'><strong>ἐν</strong></span> <span class='ocrx_word' id='word_1_615' title='bbox 2223 3989 2356 4060; x_wconf 78' lang='grc' dir='ltr'><strong>ἡμῖν</strong></span> <span class='ocrx_word' id='word_1_616' title='bbox 2401 3988 2572 4059; x_wconf 74' lang='grc' dir='ltr'><strong>οῦσης</strong></span> <span class='ocrx_word' id='word_1_617' title='bbox 2623 3986 2804 4042; x_wconf 80' lang='grc' dir='ltr'><strong>αὐτῶν</strong></span> <span class='ocrx_word' id='word_1_618' title='bbox 2856 3987 3097 4059; x_wconf 89' lang='grc' dir='ltr'><strong>δηλονότι</strong></span> <span class='ocrx_word' id='word_1_619' title='bbox 3131 3987 3230 4058; x_wconf 79' lang='grc' dir='ltr'><strong>τῆς</strong></span> <span class='ocrx_word' id='word_1_620' title='bbox 3268 3978 3557 4057; x_wconf 73' lang='grc' dir='ltr'><strong>ὑπάρξεως</strong></span> 
     </span>
    </p>
   </div>
   <div class='ocr_carea' id='block_1_88' title="bbox 1974 4076 3558 4153">
    <p class='ocr_par' dir='ltr' id='par_1_88' title="bbox 1974 4076 3558 4153">
     <span class='ocr_line' id='line_1_88' title="bbox 1974 4076 3558 4153; baseline -0.004 -16"><span class='ocrx_word' id='word_1_621' title='bbox 1974 4080 2358 4153; x_wconf 81' lang='grc' dir='ltr'><strong>ἀπαιτούμεθα</strong></span> <span class='ocrx_word' id='word_1_622' title='bbox 2387 4095 2402 4109; x_wconf 83' lang='grc'><strong>’</strong></span> <span class='ocrx_word' id='word_1_623' title='bbox 2433 4080 2528 4134; x_wconf 75' lang='grc' dir='ltr'><strong>καὶ</strong></span> <span class='ocrx_word' id='word_1_624' title='bbox 2545 4079 2815 4151; x_wconf 58' lang='grc' dir='ltr'><strong>ύῃέξομεν</strong></span> <span class='ocrx_word' id='word_1_625' title='bbox 2844 4081 2935 4133; x_wconf 72' lang='grc' dir='ltr'><strong>καὶ</strong></span> <span class='ocrx_word' id='word_1_626' title='bbox 2968 4078 3278 4152; x_wconf 86' lang='grc' dir='ltr'><strong>κρινόμενοι</strong></span> <span class='ocrx_word' id='word_1_627' title='bbox 3333 4080 3429 4132; x_wconf 75' lang='grc' dir='ltr'><strong>καὶ</strong></span> <span class='ocrx_word' id='word_1_628' title='bbox 3457 4076 3558 4147; x_wconf 76' lang='grc' dir='ltr'><strong>βή-</strong></span> 
     </span>
    </p>
   </div>
   <div class='ocr_carea' id='block_1_89' title="bbox 1977 4170 3557 4248">
    <p class='ocr_par' dir='ltr' id='par_1_89' title="bbox 1977 4170 3557 4248">
     <span class='ocr_line' id='line_1_89' title="bbox 1977 4170 3557 4248; baseline -0.004 -19"><span class='ocrx_word' id='word_1_629' title='bbox 1977 4190 2107 4248; x_wconf 86' lang='grc' dir='ltr'><strong>ματι</strong></span> <span class='ocrx_word' id='word_1_630' title='bbox 2136 4171 2376 4243; x_wconf 83' lang='grc' dir='ltr'><strong>Χριστοῦ</strong></span> <span class='ocrx_word' id='word_1_631' title='bbox 2406 4171 2814 4244; x_wconf 84' lang='grc' dir='ltr'><strong>παριστάμεθα,</strong></span> <span class='ocrx_word' id='word_1_632' title='bbox 2854 4172 2984 4226; x_wconf 80' lang='grc' dir='ltr'><strong>ὅταν</strong></span> <span class='ocrx_word' id='word_1_633' title='bbox 3012 4170 3072 4237; x_wconf 82' lang='grc' dir='ltr'><strong>ἐξ</strong></span> <span class='ocrx_word' id='word_1_634' title='bbox 3124 4170 3354 4243; x_wconf 84' lang='grc' dir='ltr'><strong>ούρανοῦ</strong></span> <span class='ocrx_word' id='word_1_635' title='bbox 3373 4171 3401 4225; x_wconf 85' lang='grc' dir='ltr'><strong>ό</strong></span> <span class='ocrx_word' id='word_1_636' title='bbox 3437 4188 3557 4243; x_wconf 69' lang='grc' dir='ltr'><strong>κρῖ-</strong></span> 
     </span>
    </p>
   </div>
   <div class='ocr_carea' id='block_1_90' title="bbox 1972 4262 3554 4337">
    <p class='ocr_par' dir='ltr' id='par_1_90' title="bbox 1972 4262 3554 4337">
     <span class='ocr_line' id='line_1_90' title="bbox 1972 4262 3554 4337; baseline -0.004 -17"><span class='ocrx_word' id='word_1_637' title='bbox 1972 4266 2073 4337; x_wconf 87' lang='grc' dir='ltr'><strong>τὴς</strong></span> <span class='ocrx_word' id='word_1_638' title='bbox 2126 4263 2489 4336; x_wconf 83' lang='grc' dir='ltr'><strong>παραγίνεται</strong></span> <span class='ocrx_word' id='word_1_639' title='bbox 2539 4262 2832 4317; x_wconf 80' lang='grc' dir='ltr'><strong>ἀποδοῦναι</strong></span> <span class='ocrx_word' id='word_1_640' title='bbox 2881 4262 3098 4334; x_wconf 79' lang='grc' dir='ltr'><strong>ἑκάστῳ</strong></span> <span class='ocrx_word' id='word_1_641' title='bbox 3122 4263 3264 4318; x_wconf 68' lang='grc' dir='ltr'><strong>κατὰ</strong></span> <span class='ocrx_word' id='word_1_642' title='bbox 3291 4262 3359 4316; x_wconf 79' lang='grc' dir='ltr'><strong>τὰ</strong></span> <span class='ocrx_word' id='word_1_643' title='bbox 3415 4262 3554 4332; x_wconf 76' lang='grc' dir='ltr'><strong>ἔργα</strong></span> 
     </span>
    </p>
   </div>
   <div class='ocr_carea' id='block_1_91' title="bbox 1975 4352 3555 4425">
    <p class='ocr_par' dir='ltr' id='par_1_91' title="bbox 1975 4352 3555 4425">
     <span class='ocr_line' id='line_1_91' title="bbox 1975 4352 3555 4425; baseline -0.002 -15"><span class='ocrx_word' id='word_1_644' title='bbox 1975 4354 2165 4420; x_wconf 78' lang='grc' dir='ltr'><strong>αὐτοῦ,</strong></span> <span class='ocrx_word' id='word_1_645' title='bbox 2193 4356 2253 4409; x_wconf 85' lang='grc' dir='ltr'><strong>ού</strong></span> <span class='ocrx_word' id='word_1_646' title='bbox 2281 4354 2425 4410; x_wconf 81' lang='grc' dir='ltr'><strong>κατὰ</strong></span> <span class='ocrx_word' id='word_1_647' title='bbox 2448 4353 2516 4408; x_wconf 80' lang='grc' dir='ltr'><strong>τὰ</strong></span> <span class='ocrx_word' id='word_1_648' title='bbox 2544 4352 2692 4424; x_wconf 83' lang='grc' dir='ltr'><strong>πάθη</strong></span> <span class='ocrx_word' id='word_1_649' title='bbox 2713 4353 2808 4406; x_wconf 86' lang='grc' dir='ltr'><strong>τοῦ</strong></span> <span class='ocrx_word' id='word_1_650' title='bbox 2839 4352 3110 4425; x_wconf 82' lang='grc' dir='ltr'><strong>σώματος.</strong></span> <span class='ocrx_word' id='word_1_651' title='bbox 3146 4373 3164 4405; x_wconf 78' lang='grc' dir='ltr'><strong>ι</strong></span> <span class='ocrx_word' id='word_1_652' title='bbox 3191 4353 3400 4417; x_wconf 82' lang='grc' dir='ltr'><strong>Πάντες</strong></span> <span class='ocrx_word' id='word_1_653' title='bbox 3423 4358 3555 4424; x_wconf 70' lang='grc' dir='ltr'><strong>γὰρ,</strong></span> 
     </span>
    </p>
   </div>
   <div class='ocr_carea' id='block_1_92' title="bbox 297 4440 1881 4525">
    <p class='ocr_par' dir='ltr' id='par_1_92' title="bbox 297 4440 1874 4525">
     <span class='ocr_line' id='line_1_92' title="bbox 297 4440 1874 4525; baseline -0.011 -13"><span class='ocrx_word' id='word_1_654' title='bbox 297 4469 464 4525; x_wconf 84' lang='lat' dir='ltr'><strong>opera</strong></span> <span class='ocrx_word' id='word_1_655' title='bbox 492 4468 615 4514; x_wconf 81' lang='lat' dir='ltr'><strong>sua,</strong></span> <span class='ocrx_word' id='word_1_656' title='bbox 643 4458 697 4507; x_wconf 91' lang='lat' dir='ltr'><strong>et</strong></span> <span class='ocrx_word' id='word_1_657' title='bbox 720 4464 830 4504; x_wconf 88' lang='lat' dir='ltr'><strong>non</strong></span> <span class='ocrx_word' id='word_1_658' title='bbox 852 4446 1152 4504; x_wconf 86' lang='lat' dir='ltr'><strong>secundum</strong></span> <span class='ocrx_word' id='word_1_659' title='bbox 1178 4443 1595 4515; x_wconf 69' lang='lat' dir='ltr'><strong>vitia}corporis.</strong></span> <span class='ocrx_word' id='word_1_660' title='bbox 1628 4459 1647 4490; x_wconf 76' lang='grc' dir='ltr'><strong>ι</strong></span> <span class='ocrx_word' id='word_1_661' title='bbox 1671 4440 1874 4496; x_wconf 83' lang='lat' dir='ltr'><strong>Omnes</strong></span> 
     </span>
    </p>
   </div>
   <div class='ocr_carea' id='block_1_93' title="bbox 1984 4440 3557 4525">
    <p class='ocr_par' dir='ltr' id='par_1_93' title="bbox 1986 4444 3557 4521">
     <span class='ocr_line' id='line_1_93' title="bbox 1986 4444 3557 4521; baseline 0 -21"><span class='ocrx_word' id='word_1_662' title='bbox 1986 4448 2176 4521; x_wconf 69' lang='grc' dir='ltr'><strong>φησιν,</strong></span> <span class='ocrx_word' id='word_1_663' title='bbox 2204 4447 2674 4519; x_wconf 76' lang='grc' dir='ltr'><strong>παραστησόμεθα</strong></span> <span class='ocrx_word' id='word_1_664' title='bbox 2701 4445 2776 4516; x_wconf 85' lang='grc' dir='ltr'><strong>τῷ</strong></span> <span class='ocrx_word' id='word_1_665' title='bbox 2801 4447 3004 4517; x_wconf 76' lang='grc' dir='ltr'><strong>βήματι</strong></span> <span class='ocrx_word' id='word_1_666' title='bbox 3033 4444 3128 4500; x_wconf 82' lang='grc' dir='ltr'><strong>τοῦ</strong></span> <span class='ocrx_word' id='word_1_667' title='bbox 3158 4446 3417 4517; x_wconf 81' lang='grc' dir='ltr'><strong>Χριστοῦ,</strong></span> <span class='ocrx_word' id='word_1_668' title='bbox 3472 4447 3557 4500; x_wconf 59' lang='grc' dir='ltr'><strong>ἵνα</strong></span> 
     </span>
    </p>
   </div>
   <div class='ocr_carea' id='block_1_94' title="bbox 291 4531 1877 4610">
    <p class='ocr_par' dir='ltr' id='par_1_94' title="bbox 291 4531 1877 4610">
     <span class='ocr_line' id='line_1_94' title="bbox 291 4531 1877 4610; baseline -0.011 -8"><span class='ocrx_word' id='word_1_669' title='bbox 291 4546 438 4602; x_wconf 87' lang='lat' dir='ltr'><strong>enim</strong></span> <span class='ocrx_word' id='word_1_670' title='bbox 475 4557 599 4602; x_wconf 87' lang='lat' dir='ltr'><strong>nos.</strong></span> <span class='ocrx_word' id='word_1_671' title='bbox 633 4540 830 4610; x_wconf 83' lang='lat' dir='ltr'><strong>inquit,</strong></span> <span class='ocrx_word' id='word_1_672' title='bbox 877 4534 1221 4593; x_wconf 85' lang='lat' dir='ltr'><strong>ntanifestari</strong></span> <span class='ocrx_word' id='word_1_673' title='bbox 1253 4542 1471 4606; x_wconf 84' lang='lat' dir='ltr'><strong>oportet</strong></span> <span class='ocrx_word' id='word_1_674' title='bbox 1516 4541 1647 4591; x_wconf 82' lang='lat' dir='ltr'><strong>ante</strong></span> <span class='ocrx_word' id='word_1_675' title='bbox 1697 4531 1877 4586; x_wconf 85' lang='lat' dir='ltr'><strong>tribu-</strong></span> 
     </span>
    </p>
   </div>
   <div class='ocr_carea' id='block_1_95' title="bbox 294 4627 1875 4701">
    <p class='ocr_par' dir='ltr' id='par_1_95' title="bbox 294 4627 1875 4701">
     <span class='ocr_line' id='line_1_95' title="bbox 294 4627 1875 4701; baseline -0.011 -6"><span class='ocrx_word' id='word_1_676' title='bbox 294 4641 384 4695; x_wconf 76' lang='lat' dir='ltr'><strong>nal</strong></span> <span class='ocrx_word' id='word_1_677' title='bbox 411 4636 643 4701; x_wconf 84' lang='lat' dir='ltr'><strong>Christi,</strong></span> <span class='ocrx_word' id='word_1_678' title='bbox 672 4641 732 4687; x_wconf 89' lang='lat' dir='ltr'><strong>ut</strong></span> <span class='ocrx_word' id='word_1_679' title='bbox 769 4630 971 4687; x_wconf 80' lang='lat' dir='ltr'><strong>referat</strong></span> <span class='ocrx_word' id='word_1_680' title='bbox 1003 4628 1388 4701; x_wconf 78' lang='lat' dir='ltr'><strong>unusquisque</strong></span> <span class='ocrx_word' id='word_1_681' title='bbox 1427 4627 1646 4700; x_wconf 84' lang='lat' dir='ltr'><strong>propria</strong></span> <span class='ocrx_word' id='word_1_682' title='bbox 1680 4641 1875 4697; x_wconf 54' lang='lat' dir='ltr'><strong>corpu.</strong></span> 
     </span>
    </p>
   </div>
   <div class='ocr_carea' id='block_1_96' title="bbox 295 4720 1695 4801">
    <p class='ocr_par' dir='ltr' id='par_1_96' title="bbox 295 4720 1695 4801">
     <span class='ocr_line' id='line_1_96' title="bbox 295 4720 1695 4801; baseline -0.012 -15"><span class='ocrx_word' id='word_1_683' title='bbox 295 4734 370 4787; x_wconf 85' lang='lat' dir='ltr'><strong>ris</strong></span> <span class='ocrx_word' id='word_1_684' title='bbox 402 4736 563 4801; x_wconf 86' lang='lat' dir='ltr'><strong>prout</strong></span> <span class='ocrx_word' id='word_1_685' title='bbox 588 4724 784 4797; x_wconf 69' lang='lat' dir='ltr'><strong>gessit,</strong></span> <span class='ocrx_word' id='word_1_686' title='bbox 812 4724 929 4781; x_wconf 84' lang='lat' dir='ltr'><strong>sive</strong></span> <span class='ocrx_word' id='word_1_687' title='bbox 957 4723 1186 4787; x_wconf 89' lang='lat' dir='ltr'><strong>bonum,</strong></span> <span class='ocrx_word' id='word_1_688' title='bbox 1209 4721 1326 4777; x_wconf 84' lang='lat' dir='ltr'><strong>sive</strong></span> <span class='ocrx_word' id='word_1_689' title='bbox 1364 4720 1566 4774; x_wconf 78' lang='lat' dir='ltr'><strong>malum</strong></span> <span class='ocrx_word' id='word_1_690' title='bbox 1590 4720 1631 4774; x_wconf 73' lang='grc'><strong>⁸.</strong></span> <span class='ocrx_word' id='word_1_691' title='bbox 1674 4735 1695 4769; x_wconf 73' lang='grc' dir='ltr'><strong>ι</strong></span> 
     </span>
    </p>
   </div>
   <div class='ocr_carea' id='block_1_97' title="bbox 373 4806 1877 4888">
    <p class='ocr_par' dir='ltr' id='par_1_97' title="bbox 373 4806 1877 4888">
     <span class='ocr_line' id='line_1_97' title="bbox 373 4806 1877 4888; baseline -0.008 -13"><span class='ocrx_word' id='word_1_692' title='bbox 373 4820 515 4888; x_wconf 72' lang='lat' dir='ltr'><strong>Ergo</strong></span> <span class='ocrx_word' id='word_1_693' title='bbox 547 4818 827 4872; x_wconf 81' lang='lat' dir='ltr'><strong>incassum</strong></span> <span class='ocrx_word' id='word_1_694' title='bbox 875 4827 1041 4884; x_wconf 89' lang='lat' dir='ltr'><strong>super</strong></span> <span class='ocrx_word' id='word_1_695' title='bbox 1092 4810 1225 4867; x_wconf 85' lang='lat' dir='ltr'><strong>vitio</strong></span> <span class='ocrx_word' id='word_1_696' title='bbox 1262 4808 1536 4880; x_wconf 72' lang='lat' dir='ltr'><strong>corporali</strong></span> <span class='ocrx_word' id='word_1_697' title='bbox 1579 4806 1877 4863; x_wconf 81' lang='lat' dir='ltr'><strong>Zacharias</strong></span> 
     </span>
    </p>
   </div>
   <div class='ocr_carea' id='block_1_98' title="bbox 288 4901 1875 4981">
    <p class='ocr_par' dir='ltr' id='par_1_98' title="bbox 288 4901 1875 4981">
     <span class='ocr_line' id='line_1_98' title="bbox 288 4901 1875 4981; baseline -0.009 -12"><span class='ocrx_word' id='word_1_698' title='bbox 288 4914 677 4975; x_wconf 75' lang='lat' dir='ltr'><strong>erubescebat,</strong></span> <span class='ocrx_word' id='word_1_699' title='bbox 705 4921 757 4966; x_wconf 92' lang='lat' dir='ltr'><strong>et</strong></span> <span class='ocrx_word' id='word_1_700' title='bbox 792 4914 1063 4981; x_wconf 82' lang='lat' dir='ltr'><strong>quotquot</strong></span> <span class='ocrx_word' id='word_1_701' title='bbox 1100 4922 1264 4976; x_wconf 85' lang='lat' dir='ltr'><strong>super</strong></span> <span class='ocrx_word' id='word_1_702' title='bbox 1316 4903 1567 4976; x_wconf 89' lang='lat' dir='ltr'><strong>corporis</strong></span> <span class='ocrx_word' id='word_1_703' title='bbox 1601 4901 1875 4974; x_wconf 82' lang='lat' dir='ltr'><strong>passioni-</strong></span> 
     </span>
    </p>
   </div>
   <div class='ocr_carea' id='block_1_99' title="bbox 293 4996 1871 5068">
    <p class='ocr_par' dir='ltr' id='par_1_99' title="bbox 293 4996 1871 5068">
     <span class='ocr_line' id='line_1_99' title="bbox 293 4996 1871 5068; baseline -0.01 -4"><span class='ocrx_word' id='word_1_704' title='bbox 293 5007 397 5064; x_wconf 88' lang='lat' dir='ltr'><strong>bus</strong></span> <span class='ocrx_word' id='word_1_705' title='bbox 429 5004 866 5068; x_wconf 84' lang='lat' dir='ltr'><strong>confunduntur,</strong></span> <span class='ocrx_word' id='word_1_706' title='bbox 913 5014 1113 5055; x_wconf 84' lang='lat' dir='ltr'><strong>causas</strong></span> <span class='ocrx_word' id='word_1_707' title='bbox 1143 4996 1488 5053; x_wconf 87' lang='lat' dir='ltr'><strong>confusionis</strong></span> <span class='ocrx_word' id='word_1_708' title='bbox 1523 4996 1871 5066; x_wconf 74' lang='lat' dir='ltr'><strong>ignomntes,</strong></span> 
     </span>
    </p>
   </div>
   <div class='ocr_carea' id='block_1_100' title="bbox 292 5081 1878 5168">
    <p class='ocr_par' dir='ltr' id='par_1_100' title="bbox 292 5081 1878 5168">
     <span class='ocr_line' id='line_1_100' title="bbox 292 5081 1878 5168; baseline -0.008 -14"><span class='ocrx_word' id='word_1_709' title='bbox 292 5109 348 5154; x_wconf 87' lang='lat' dir='ltr'><strong>et</strong></span> <span class='ocrx_word' id='word_1_710' title='bbox 382 5097 549 5168; x_wconf 82' lang='lat' dir='ltr'><strong>hujus</strong></span> <span class='ocrx_word' id='word_1_711' title='bbox 582 5110 691 5151; x_wconf 88' lang='lat' dir='ltr'><strong>non</strong></span> <span class='ocrx_word' id='word_1_712' title='bbox 728 5094 867 5148; x_wconf 85' lang='lat' dir='ltr'><strong>bene</strong></span> <span class='ocrx_word' id='word_1_713' title='bbox 907 5081 1155 5146; x_wconf 82' lang='lat' dir='ltr'><strong>ordinem</strong></span> <span class='ocrx_word' id='word_1_714' title='bbox 1194 5095 1560 5144; x_wconf 83' lang='lat' dir='ltr'><strong>reversautes.</strong></span> <span class='ocrx_word' id='word_1_715' title='bbox 1595 5086 1749 5142; x_wconf 72' lang='lat' dir='ltr'><strong>Licet</strong></span> <span class='ocrx_word' id='word_1_716' title='bbox 1788 5086 1878 5142; x_wconf 82' lang='lat' dir='ltr'><strong>hic</strong></span> 
     </span>
    </p>
   </div>
   <div class='ocr_carea' id='block_1_101' title="bbox 293 5174 1878 5257">
    <p class='ocr_par' dir='ltr' id='par_1_101' title="bbox 293 5174 1878 5257">
     <span class='ocr_line' id='line_1_101' title="bbox 293 5174 1878 5257; baseline -0.006 -18"><span class='ocrx_word' id='word_1_717' title='bbox 293 5187 387 5241; x_wconf 76' lang='lat' dir='ltr'><strong>vix</strong></span> <span class='ocrx_word' id='word_1_718' title='bbox 421 5184 759 5257; x_wconf 82' lang='lat' dir='ltr'><strong>apparuerit,</strong></span> <span class='ocrx_word' id='word_1_719' title='bbox 777 5193 829 5235; x_wconf 76' lang='lat' dir='ltr'><strong>et</strong></span> <span class='ocrx_word' id='word_1_720' title='bbox 845 5176 1292 5247; x_wconf 84' lang='lat' dir='ltr'><strong>sero,aliquando</strong></span> <span class='ocrx_word' id='word_1_721' title='bbox 1310 5184 1681 5231; x_wconf 86' lang='lat' dir='ltr'><strong>verumtamen</strong></span> <span class='ocrx_word' id='word_1_722' title='bbox 1698 5174 1878 5246; x_wconf 85' lang='lat' dir='ltr'><strong>profe-</strong></span> 
     </span>
    </p>
   </div>
   <div class='ocr_carea' id='block_1_102' title="bbox 293 5267 1881 5343">
    <p class='ocr_par' dir='ltr' id='par_1_102' title="bbox 293 5267 1881 5343">
     <span class='ocr_line' id='line_1_102' title="bbox 293 5267 1881 5343; baseline -0.009 -10"><span class='ocrx_word' id='word_1_723' title='bbox 293 5286 419 5343; x_wconf 82' lang='lat' dir='ltr'><strong>ctus</strong></span> <span class='ocrx_word' id='word_1_724' title='bbox 447 5278 515 5333; x_wconf 87' lang='lat' dir='ltr'><strong>ad</strong></span> <span class='ocrx_word' id='word_1_725' title='bbox 546 5288 863 5332; x_wconf 87' lang='lat' dir='ltr'><strong>sanctorum</strong></span> <span class='ocrx_word' id='word_1_726' title='bbox 895 5270 1041 5327; x_wconf 86' lang='lat' dir='ltr'><strong>venit</strong></span> <span class='ocrx_word' id='word_1_727' title='bbox 1087 5269 1398 5332; x_wconf 84' lang='lat' dir='ltr'><strong>basilicam,</strong></span> <span class='ocrx_word' id='word_1_728' title='bbox 1447 5267 1881 5338; x_wconf 84' lang='lat' dir='ltr'><strong>qttos.depreca-</strong></span> 
     </span>
    </p>
   </div>
   <div class='ocr_carea' id='block_1_103' title="bbox 292 5360 1882 5437">
    <p class='ocr_par' dir='ltr' id='par_1_103' title="bbox 292 5360 1882 5437">
     <span class='ocr_line' id='line_1_103' title="bbox 292 5360 1882 5437; baseline -0.008 -10"><span class='ocrx_word' id='word_1_729' title='bbox 292 5369 478 5437; x_wconf 84' lang='lat' dir='ltr'><strong>batur,</strong></span> <span class='ocrx_word' id='word_1_730' title='bbox 511 5379 566 5425; x_wconf 85' lang='lat' dir='ltr'><strong>ct</strong></span> <span class='ocrx_word' id='word_1_731' title='bbox 593 5370 794 5423; x_wconf 89' lang='lat' dir='ltr'><strong>iterum</strong></span> <span class='ocrx_word' id='word_1_732' title='bbox 841 5362 1210 5437; x_wconf 68' lang='lat' dir='ltr'><strong>supplicabat,</strong></span> <span class='ocrx_word' id='word_1_733' title='bbox 1245 5376 1356 5433; x_wconf 92' lang='lat' dir='ltr'><strong>quo</strong></span> <span class='ocrx_word' id='word_1_734' title='bbox 1408 5376 1468 5417; x_wconf 90' lang='lat' dir='ltr'><strong>se</strong></span> <span class='ocrx_word' id='word_1_735' title='bbox 1517 5377 1546 5416; x_wconf 74' lang='grc' dir='ltr'><strong>ιι</strong></span> <span class='ocrx_word' id='word_1_736' title='bbox 1585 5360 1882 5432; x_wconf 77' lang='lat' dir='ltr'><strong>gravedine</strong></span> 
     </span>
    </p>
   </div>
   <div class='ocr_carea' id='block_1_104' title="bbox 295 5452 1878 5524">
    <p class='ocr_par' dir='ltr' id='par_1_104' title="bbox 295 5452 1878 5524">
     <span class='ocr_line' id='line_1_104' title="bbox 295 5452 1878 5524; baseline -0.007 -10"><span class='ocrx_word' id='word_1_737' title='bbox 295 5458 614 5515; x_wconf 74' lang='lat' dir='ltr'><strong>liberarent.</strong></span> <span class='ocrx_word' id='word_1_738' title='bbox 650 5461 722 5515; x_wconf 84' lang='lat' dir='ltr'><strong>At</strong></span> <span class='ocrx_word' id='word_1_739' title='bbox 756 5457 942 5524; x_wconf 85' lang='lat' dir='ltr'><strong>illi,ad</strong></span> <span class='ocrx_word' id='word_1_740' title='bbox 986 5470 1110 5512; x_wconf 91' lang='lat' dir='ltr'><strong>eum</strong></span> <span class='ocrx_word' id='word_1_741' title='bbox 1149 5464 1315 5509; x_wconf 84' lang='lat' dir='ltr'><strong>noctu</strong></span> <span class='ocrx_word' id='word_1_742' title='bbox 1345 5452 1651 5519; x_wconf 84' lang='lat' dir='ltr'><strong>venientes,</strong></span> <span class='ocrx_word' id='word_1_743' title='bbox 1676 5465 1878 5505; x_wconf 85' lang='lat' dir='ltr'><strong>conve-</strong></span> 
     </span>
    </p>
   </div>
   <div class='ocr_carea' id='block_1_105' title="bbox 299 5540 1874 5618">
    <p class='ocr_par' dir='ltr' id='par_1_105' title="bbox 299 5540 1874 5618">
     <span class='ocr_line' id='line_1_105' title="bbox 299 5540 1874 5618; baseline -0.008 -11"><span class='ocrx_word' id='word_1_744' title='bbox 299 5554 455 5609; x_wconf 89' lang='lat' dir='ltr'><strong>uiunt</strong></span> <span class='ocrx_word' id='word_1_745' title='bbox 488 5564 835 5610; x_wconf 86' lang='lat' dir='ltr'><strong>asserentes:</strong></span> <span class='ocrx_word' id='word_1_746' title='bbox 872 5550 1163 5617; x_wconf 79' lang='lat' dir='ltr'><strong>Zacharia,</strong></span> <span class='ocrx_word' id='word_1_747' title='bbox 1210 5545 1340 5618; x_wconf 81' lang='lat' dir='ltr'><strong>quid</strong></span> <span class='ocrx_word' id='word_1_748' title='bbox 1391 5545 1458 5599; x_wconf 84' lang='lat' dir='ltr'><strong>ad</strong></span> <span class='ocrx_word' id='word_1_749' title='bbox 1494 5560 1592 5600; x_wconf 86' lang='lat' dir='ltr'><strong>nos</strong></span> <span class='ocrx_word' id='word_1_750' title='bbox 1636 5540 1874 5598; x_wconf 84' lang='lat' dir='ltr'><strong>venisti?</strong></span> 
     </span>
    </p>
   </div>
   <div class='ocr_carea' id='block_1_106' title="bbox 368 5726 853 5798">
    <p class='ocr_par' dir='ltr' id='par_1_106' title="bbox 368 5726 853 5798">
     <span class='ocr_line' id='line_1_106' title="bbox 368 5726 853 5798; baseline -0.004 -7"><span class='ocrx_word' id='word_1_751' title='bbox 368 5726 396 5765; x_wconf 70' lang='grc'>⁸</span> <span class='ocrx_word' id='word_1_752' title='bbox 421 5728 572 5797; x_wconf 72' lang='lat' dir='ltr'><strong>Psal.</strong></span> <span class='ocrx_word' id='word_1_753' title='bbox 607 5750 733 5798; x_wconf 73' lang='lat' dir='ltr'><strong>xxx,</strong></span> <span class='ocrx_word' id='word_1_754' title='bbox 769 5735 853 5789; x_wconf 76' lang='grc'><strong>18.</strong></span> 
     </span>
    </p>
   </div>
   <div class='ocr_carea' id='block_1_107' title="bbox 941 5723 1966 5794">
    <p class='ocr_par' dir='ltr' id='par_1_107' title="bbox 941 5723 1966 5794">
     <span class='ocr_line' id='line_1_107' title="bbox 941 5723 1966 5794; baseline -0.012 -7"><span class='ocrx_word' id='word_1_755' title='bbox 941 5735 960 5763; x_wconf 79' lang='grc'>¹</span> <span class='ocrx_word' id='word_1_756' title='bbox 991 5733 1095 5787; x_wconf 77' lang='lat' dir='ltr'><strong>lsn.</strong></span> <span class='ocrx_word' id='word_1_757' title='bbox 1129 5745 1283 5794; x_wconf 63' lang='lat' dir='ltr'><strong>“tu,</strong></span> <span class='ocrx_word' id='word_1_758' title='bbox 1326 5728 1369 5783; x_wconf 81' lang='grc' dir='ltr'><strong>ι.</strong></span> <span class='ocrx_word' id='word_1_759' title='bbox 1451 5726 1469 5757; x_wconf 89' lang='grc'>³</span> <span class='ocrx_word' id='word_1_760' title='bbox 1492 5724 1623 5781; x_wconf 74' lang='lat' dir='ltr'><strong>Psal.</strong></span> <span class='ocrx_word' id='word_1_761' title='bbox 1652 5739 1881 5780; x_wconf 67' lang='lat' dir='ltr'><strong>csvvut.</strong></span> <span class='ocrx_word' id='word_1_762' title='bbox 1914 5723 1966 5775; x_wconf 77' lang='lat'><strong>5.</strong></span> 
     </span>
    </p>
   </div>
   <div class='ocr_carea' id='block_1_108' title="bbox 1978 4537 3555 4612">
    <p class='ocr_par' dir='ltr' id='par_1_108' title="bbox 1978 4537 3555 4612">
     <span class='ocr_line' id='line_1_108' title="bbox 1978 4537 3555 4612; baseline -0.003 -16"><span class='ocrx_word' id='word_1_763' title='bbox 1978 4540 2272 4612; x_wconf 84' lang='grc' dir='ltr'><strong>κομίσηται</strong></span> <span class='ocrx_word' id='word_1_764' title='bbox 2293 4539 2524 4603; x_wconf 72' lang='grc' dir='ltr'><strong>ἕκαστος</strong></span> <span class='ocrx_word' id='word_1_765' title='bbox 2560 4538 2697 4610; x_wconf 83' lang='grc' dir='ltr'><strong>πρὸς</strong></span> <span class='ocrx_word' id='word_1_766' title='bbox 2725 4537 2761 4592; x_wconf 77' lang='grc' dir='ltr'>ἃ</span> <span class='ocrx_word' id='word_1_767' title='bbox 2778 4537 3011 4609; x_wconf 76' lang='grc' dir='ltr'><strong>ἔπραξεν</strong></span> <span class='ocrx_word' id='word_1_768' title='bbox 3044 4537 3133 4591; x_wconf 81' lang='grc' dir='ltr'><strong>διὰ</strong></span> <span class='ocrx_word' id='word_1_769' title='bbox 3153 4538 3248 4592; x_wconf 85' lang='grc' dir='ltr'><strong>τοῦ</strong></span> <span class='ocrx_word' id='word_1_770' title='bbox 3281 4537 3555 4609; x_wconf 81' lang='grc' dir='ltr'><strong>σώματος,</strong></span> 
     </span>
    </p>
   </div>
   <div class='ocr_carea' id='block_1_109' title="bbox 1977 4628 2798 4700">
    <p class='ocr_par' dir='ltr' id='par_1_109' title="bbox 1977 4628 2798 4700">
     <span class='ocr_line' id='line_1_109' title="bbox 1977 4628 2798 4700; baseline -0.009 -13"><span class='ocrx_word' id='word_1_771' title='bbox 1977 4632 2089 4689; x_wconf 71' lang='grc' dir='ltr'><strong>εἴτε</strong></span> <span class='ocrx_word' id='word_1_772' title='bbox 2117 4630 2344 4700; x_wconf 82' lang='grc' dir='ltr'><strong>ἀγαθὸν,</strong></span> <span class='ocrx_word' id='word_1_773' title='bbox 2373 4629 2486 4683; x_wconf 76' lang='grc' dir='ltr'><strong>εἴτε</strong></span> <span class='ocrx_word' id='word_1_774' title='bbox 2514 4628 2735 4698; x_wconf 82' lang='grc' dir='ltr'><strong>φαῦλον.</strong></span> <span class='ocrx_word' id='word_1_775' title='bbox 2780 4646 2798 4680; x_wconf 76' lang='grc' dir='ltr'><strong>ι</strong></span> 
     </span>
    </p>
   </div>
   <div class='ocr_carea' id='block_1_110' title="bbox 2051 4806 3560 4880">
    <p class='ocr_par' dir='ltr' id='par_1_110' title="bbox 2051 4806 3560 4880">
     <span class='ocr_line' id='line_1_110' title="bbox 2051 4806 3560 4880; baseline -0.001 -15"><span class='ocrx_word' id='word_1_776' title='bbox 2051 4807 2263 4866; x_wconf 78' lang='grc' dir='ltr'><strong>Οὐκοῦν</strong></span> <span class='ocrx_word' id='word_1_777' title='bbox 2305 4807 2482 4880; x_wconf 88' lang='grc' dir='ltr'><strong>μάτην</strong></span> <span class='ocrx_word' id='word_1_778' title='bbox 2508 4808 2602 4880; x_wconf 65' lang='grc' dir='ltr'><strong>ἐπὶ</strong></span> <span class='ocrx_word' id='word_1_779' title='bbox 2633 4806 2794 4862; x_wconf 79' lang='grc' dir='ltr'><strong>πάθει</strong></span> <span class='ocrx_word' id='word_1_780' title='bbox 2840 4806 3140 4879; x_wconf 84' lang='grc' dir='ltr'><strong>σωματικῷ</strong></span> <span class='ocrx_word' id='word_1_781' title='bbox 3171 4808 3264 4863; x_wconf 75' lang='grc' dir='ltr'><strong>καὶ</strong></span> <span class='ocrx_word' id='word_1_782' title='bbox 3287 4808 3560 4880; x_wconf 85' lang='grc' dir='ltr'><strong>Ζαχαρίας</strong></span> 
     </span>
    </p>
   </div>
   <div class='ocr_carea' id='block_1_111' title="bbox 1980 4901 3561 4977">
    <p class='ocr_par' dir='ltr' id='par_1_111' title="bbox 1980 4901 3561 4977">
     <span class='ocr_line' id='line_1_111' title="bbox 1980 4901 3561 4977; baseline -0.003 -19"><span class='ocrx_word' id='word_1_783' title='bbox 1980 4903 2318 4977; x_wconf 83' lang='grc' dir='ltr'><strong>αἰσχύνεται,</strong></span> <span class='ocrx_word' id='word_1_784' title='bbox 2338 4903 2431 4957; x_wconf 70' lang='grc' dir='ltr'><strong>καὶ</strong></span> <span class='ocrx_word' id='word_1_785' title='bbox 2449 4903 2565 4955; x_wconf 84' lang='grc' dir='ltr'><strong>ὅσοι</strong></span> <span class='ocrx_word' id='word_1_786' title='bbox 2587 4901 2706 4954; x_wconf 72' lang='grc' dir='ltr'><strong>κατ’</strong></span> <span class='ocrx_word' id='word_1_787' title='bbox 2724 4901 2885 4954; x_wconf 73' lang='grc' dir='ltr'><strong>αὐτὸν</strong></span> <span class='ocrx_word' id='word_1_788' title='bbox 2904 4901 2996 4955; x_wconf 73' lang='grc' dir='ltr'><strong>ἐπὶ</strong></span> <span class='ocrx_word' id='word_1_789' title='bbox 3025 4906 3356 4973; x_wconf 83' lang='grc' dir='ltr'><strong>σωματικοῖς</strong></span> <span class='ocrx_word' id='word_1_790' title='bbox 3367 4903 3561 4972; x_wconf 76' lang='grc' dir='ltr'><strong>αἰσχύ-</strong></span> 
     </span>
    </p>
   </div>
   <div class='ocr_carea' id='block_1_112' title="bbox 1981 4989 3558 5061">
    <p class='ocr_par' dir='ltr' id='par_1_112' title="bbox 1981 4989 3558 5061">
     <span class='ocr_line' id='line_1_112' title="bbox 1981 4989 3558 5061; baseline -0.002 -14"><span class='ocrx_word' id='word_1_791' title='bbox 1981 5010 2164 5047; x_wconf 81' lang='grc' dir='ltr'><strong>νονται</strong></span> <span class='ocrx_word' id='word_1_792' title='bbox 2197 4991 2450 5054; x_wconf 79' lang='grc' dir='ltr'><strong>πάθεσιν,</strong></span> <span class='ocrx_word' id='word_1_793' title='bbox 2479 4990 2581 5059; x_wconf 83' lang='grc' dir='ltr'><strong>τῆς</strong></span> <span class='ocrx_word' id='word_1_794' title='bbox 2611 4989 2877 5061; x_wconf 75' lang='grc' dir='ltr'><strong>αἰσχύνης</strong></span> <span class='ocrx_word' id='word_1_795' title='bbox 2929 4990 3251 5059; x_wconf 80' lang='grc' dir='ltr'><strong>ἀγνοοῦντες</strong></span> <span class='ocrx_word' id='word_1_796' title='bbox 3280 4993 3351 5047; x_wconf 74' lang='grc' dir='ltr'><strong>τά</strong></span> <span class='ocrx_word' id='word_1_797' title='bbox 3385 4992 3558 5055; x_wconf 76' lang='grc' dir='ltr'><strong>αἴτια,</strong></span> 
     </span>
    </p>
   </div>
   <div class='ocr_carea' id='block_1_113' title="bbox 1983 5081 3562 5155">
    <p class='ocr_par' dir='ltr' id='par_1_113' title="bbox 1983 5081 3562 5155">
     <span class='ocr_line' id='line_1_113' title="bbox 1983 5081 3562 5155; baseline -0.002 -15"><span class='ocrx_word' id='word_1_798' title='bbox 1983 5087 2078 5141; x_wconf 76' lang='grc' dir='ltr'><strong>καὶ</strong></span> <span class='ocrx_word' id='word_1_799' title='bbox 2093 5083 2296 5151; x_wconf 84' lang='grc' dir='ltr'><strong>ταύτης</strong></span> <span class='ocrx_word' id='word_1_800' title='bbox 2321 5081 2420 5154; x_wconf 73' lang='grc' dir='ltr'><strong>τὴν</strong></span> <span class='ocrx_word' id='word_1_801' title='bbox 2442 5081 2593 5147; x_wconf 81' lang='grc' dir='ltr'><strong>τάξιν</strong></span> <span class='ocrx_word' id='word_1_802' title='bbox 2624 5083 2687 5136; x_wconf 83' lang='grc' dir='ltr'><strong>ού</strong></span> <span class='ocrx_word' id='word_1_803' title='bbox 2721 5081 2902 5145; x_wconf 85' lang='grc' dir='ltr'><strong>καλῶς</strong></span> <span class='ocrx_word' id='word_1_804' title='bbox 2929 5083 3403 5155; x_wconf 74' lang='grc' dir='ltr'><strong>ἀντιστρέφοντες.</strong></span> <span class='ocrx_word' id='word_1_805' title='bbox 3421 5083 3562 5137; x_wconf 81' lang='grc' dir='ltr'><strong>Ἀλλ’</strong></span> 
     </span>
    </p>
   </div>
   <div class='ocr_carea' id='block_1_114' title="bbox 1983 5171 3564 5243">
    <p class='ocr_par' dir='ltr' id='par_1_114' title="bbox 1983 5171 3564 5243">
     <span class='ocr_line' id='line_1_114' title="bbox 1983 5171 3564 5243; baseline -0.002 -15"><span class='ocrx_word' id='word_1_806' title='bbox 1983 5176 2032 5228; x_wconf 83' lang='grc' dir='ltr'><strong>εί</strong></span> <span class='ocrx_word' id='word_1_807' title='bbox 2064 5173 2159 5228; x_wconf 70' lang='grc' dir='ltr'><strong>καὶ</strong></span> <span class='ocrx_word' id='word_1_808' title='bbox 2189 5172 2342 5243; x_wconf 85' lang='grc' dir='ltr'><strong>μόλις</strong></span> <span class='ocrx_word' id='word_1_809' title='bbox 2370 5171 2543 5242; x_wconf 74' lang='grc' dir='ltr'><strong>ἐφάνη</strong></span> <span class='ocrx_word' id='word_1_810' title='bbox 2575 5171 2676 5242; x_wconf 55' lang='lat' dir='ltr'><strong>eos</strong></span> <span class='ocrx_word' id='word_1_811' title='bbox 2708 5188 2862 5236; x_wconf 88' lang='grc' dir='ltr'><strong>ποτε,</strong></span> <span class='ocrx_word' id='word_1_812' title='bbox 2891 5171 3029 5239; x_wconf 79' lang='grc' dir='ltr'><strong>πλὴν</strong></span> <span class='ocrx_word' id='word_1_813' title='bbox 3053 5171 3202 5241; x_wconf 84' lang='grc' dir='ltr'><strong>ὅμως</strong></span> <span class='ocrx_word' id='word_1_814' title='bbox 3224 5173 3453 5242; x_wconf 81' lang='grc' dir='ltr'><strong>ἀφίκετο</strong></span> <span class='ocrx_word' id='word_1_815' title='bbox 3469 5173 3564 5227; x_wconf 73' lang='grc' dir='ltr'><strong>καὶ</strong></span> 
     </span>
    </p>
   </div>
   <div class='ocr_carea' id='block_1_115' title="bbox 1993 5261 3562 5334">
    <p class='ocr_par' dir='ltr' id='par_1_115' title="bbox 1993 5261 3562 5334">
     <span class='ocr_line' id='line_1_115' title="bbox 1993 5261 3562 5334; baseline -0.001 -15"><span class='ocrx_word' id='word_1_816' title='bbox 1993 5265 2055 5320; x_wconf 79' lang='grc' dir='ltr'><strong>τὸ</strong></span> <span class='ocrx_word' id='word_1_817' title='bbox 2088 5264 2198 5318; x_wconf 86' lang='grc' dir='ltr'><strong>τῶν</strong></span> <span class='ocrx_word' id='word_1_818' title='bbox 2223 5264 2393 5334; x_wconf 82' lang='grc' dir='ltr'><strong>ἁγίων</strong></span> <span class='ocrx_word' id='word_1_819' title='bbox 2423 5261 2726 5317; x_wconf 81' lang='grc' dir='ltr'><strong>κατέλαϐεν</strong></span> <span class='ocrx_word' id='word_1_820' title='bbox 2750 5262 2999 5334; x_wconf 75' lang='grc' dir='ltr'><strong>τέμενοςο</strong></span> <span class='ocrx_word' id='word_1_821' title='bbox 3027 5263 3124 5318; x_wconf 71' lang='grc' dir='ltr'><strong>καὶ</strong></span> <span class='ocrx_word' id='word_1_822' title='bbox 3147 5264 3360 5329; x_wconf 85' lang='grc' dir='ltr'><strong>τούτοις</strong></span> <span class='ocrx_word' id='word_1_823' title='bbox 3386 5263 3562 5317; x_wconf 73' lang='grc' dir='ltr'><strong>ἐδέετο</strong></span> 
     </span>
    </p>
   </div>
   <div class='ocr_carea' id='block_1_116' title="bbox 1982 5355 3564 5428">
    <p class='ocr_par' dir='ltr' id='par_1_116' title="bbox 1982 5355 3564 5428">
     <span class='ocr_line' id='line_1_116' title="bbox 1982 5355 3564 5428; baseline -0.004 -14"><span class='ocrx_word' id='word_1_824' title='bbox 1982 5360 2078 5414; x_wconf 72' lang='grc' dir='ltr'><strong>καὶ</strong></span> <span class='ocrx_word' id='word_1_825' title='bbox 2128 5357 2291 5412; x_wconf 86' lang='grc' dir='ltr'><strong>πάλιν</strong></span> <span class='ocrx_word' id='word_1_826' title='bbox 2355 5356 2599 5410; x_wconf 77' lang='grc' dir='ltr'><strong>ἱκέτευεν</strong></span> <span class='ocrx_word' id='word_1_827' title='bbox 2642 5355 3020 5428; x_wconf 77' lang='grc' dir='ltr'><strong>ἀπαλλαγῆναι</strong></span> <span class='ocrx_word' id='word_1_828' title='bbox 3066 5355 3163 5410; x_wconf 85' lang='grc' dir='ltr'><strong>τοῦ</strong></span> <span class='ocrx_word' id='word_1_829' title='bbox 3190 5359 3300 5410; x_wconf 84' lang='grc' dir='ltr'><strong>τῶν</strong></span> <span class='ocrx_word' id='word_1_830' title='bbox 3325 5357 3564 5428; x_wconf 80' lang='grc' dir='ltr'><strong>διδύμων</strong></span> 
     </span>
    </p>
   </div>
   <div class='ocr_carea' id='block_1_117' title="bbox 1983 5445 3567 5521">
    <p class='ocr_par' dir='ltr' id='par_1_117' title="bbox 1983 5445 3567 5521">
     <span class='ocr_line' id='line_1_117' title="bbox 1983 5445 3567 5521; baseline -0.002 -18"><span class='ocrx_word' id='word_1_831' title='bbox 1983 5449 2325 5521; x_wconf 84' lang='grc' dir='ltr'><strong>βαρήματος.</strong></span> <span class='ocrx_word' id='word_1_832' title='bbox 2371 5448 2432 5501; x_wconf 82' lang='lat' dir='ltr'><strong>0i</strong></span> <span class='ocrx_word' id='word_1_833' title='bbox 2457 5447 2513 5499; x_wconf 83' lang='grc' dir='ltr'><strong>δὲ</strong></span> <span class='ocrx_word' id='word_1_834' title='bbox 2535 5446 2730 5511; x_wconf 78' lang='grc' dir='ltr'><strong>νυκτὸς</strong></span> <span class='ocrx_word' id='word_1_835' title='bbox 2751 5446 2882 5518; x_wconf 82' lang='grc' dir='ltr'><strong>πρὸς</strong></span> <span class='ocrx_word' id='word_1_836' title='bbox 2914 5445 3076 5500; x_wconf 79' lang='grc' dir='ltr'><strong>αὐτὸν</strong></span> <span class='ocrx_word' id='word_1_837' title='bbox 3103 5447 3348 5512; x_wconf 74' lang='grc' dir='ltr'><strong>ἐλθόντες</strong></span> <span class='ocrx_word' id='word_1_838' title='bbox 3369 5446 3567 5500; x_wconf 73' lang='grc' dir='ltr'><strong>καθεύ-</strong></span> 
     </span>
    </p>
   </div>
   <div class='ocr_carea' id='block_1_118' title="bbox 1983 5536 3589 5611">
    <p class='ocr_par' dir='ltr' id='par_1_118' title="bbox 1983 5536 3589 5611">
     <span class='ocr_line' id='line_1_118' title="bbox 1983 5536 3589 5611; baseline 0.002 -22"><span class='ocrx_word' id='word_1_839' title='bbox 1983 5541 2169 5606; x_wconf 77' lang='grc' dir='ltr'><strong>δοντα,</strong></span> <span class='ocrx_word' id='word_1_840' title='bbox 2195 5537 2541 5610; x_wconf 88' lang='grc' dir='ltr'><strong>Ζαχαρία,τί,</strong></span> <span class='ocrx_word' id='word_1_841' title='bbox 2565 5538 2753 5608; x_wconf 81' lang='grc' dir='ltr'><strong>φασὶν,</strong></span> <span class='ocrx_word' id='word_1_842' title='bbox 2783 5536 2917 5610; x_wconf 68' lang='grc' dir='ltr'><strong>πρός</strong></span> <span class='ocrx_word' id='word_1_843' title='bbox 2969 5540 3117 5610; x_wconf 77' lang='grc' dir='ltr'><strong>ἡμᾶς</strong></span> <span class='ocrx_word' id='word_1_844' title='bbox 3153 5539 3589 5611; x_wconf 48' lang='grc' dir='ltr'><strong>παραγέγοναςςί</strong></span> 
     </span>
    </p>
   </div>
   <div class='ocr_carea' id='block_1_119' title="bbox 2054 5720 2517 5786">
    <p class='ocr_par' dir='ltr' id='par_1_119' title="bbox 2054 5720 2517 5786">
     <span class='ocr_line' id='line_1_119' title="bbox 2054 5720 2517 5786; baseline -0.002 -11"><span class='ocrx_word' id='word_1_845' title='bbox 2054 5722 2075 5753; x_wconf 61' lang='grc' dir='ltr'>δ</span> <span class='ocrx_word' id='word_1_846' title='bbox 2107 5720 2146 5775; x_wconf 92' lang='lat' dir='ltr'><strong>ll</strong></span> <span class='ocrx_word' id='word_1_847' title='bbox 2187 5721 2317 5776; x_wconf 75' lang='lat' dir='ltr'><strong>Cir.</strong></span> <span class='ocrx_word' id='word_1_848' title='bbox 2351 5738 2403 5786; x_wconf 87' lang='lat' dir='ltr'><strong>v,</strong></span> <span class='ocrx_word' id='word_1_849' title='bbox 2435 5721 2517 5776; x_wconf 72' lang='lat' dir='ltr'><strong>l3.</strong></span> 
     </span>
    </p>
   </div>
  </div>
