4054 6252
468 426 609 494 ἓὶῗῖὶ

1462 430 1568 493 SS.
1607 432 1781 493 (ΖΠΗ
1812 433 1907 493 ΕΤ
1928 431 2247 495 JO'ANNIS
2282 429 2707 491 MI'RAC‘ULA‘..

3586 414 3726 482 ξιιτι

479 541 537 593 Ὀ
566 540 621 593 δὲ
647 538 745 610 τὴν
781 538 959 594 αἰτίαν
986 539 1333 611 ὓπερυθριῶν
1386 558 1504 605 πως
1553 544 1871 614 αἰδούμενος
1932 546 2040 599 ὐπ-

2156 541 2250 609 Qui
2284 543 2619 598 erubescens
2658 549 2821 609 atque
2845 536 3155 602 'reveritus,
3191 548 3424 590 causam
3443 531 3527 587 eis
3549 533 3711 584 dixit.

466 627 763 682 εδείκνυεν.
829 629 894 682 οι
922 627 979 683 δὲ
1014 628 1312 701 μάρτυρες,
1346 629 1691 696 παιδεύοντες
1730 631 1892 684 αὐτὸν
1955 630 2046 685 ἐπὶ

471 721 803 789 σωματικοῖς
834 720 1153 793 παθήμασιν
1188 722 1262 792 μὴ
1284 721 1661 793 αἰσχύνεσθαι,
1697 724 1867 792 δεῖξαι
1939 723 2042 777 αύ-

471 815 582 875 τοῖς
605 812 667 864 τδ
693 811 863 876 πάθος
896 811 1215 883 ἠνάγκαζον.
1270 816 1350 879 είς
1406 814 1474 869 τά
1512 815 1804 870 παιδοποιά
1869 833 2048 887 προσ-

474 902 699 957 έταττον
729 902 918 974 μόρια.
992 903 1063 958 '0.
1100 904 1159 957 δὲ
1209 905 1271 959 τὸ
1304 905 1596 960 κελευσθὲν
1618 907 1882 976 αἰσχύνης
1910 909 2046 961 ἀνά*

475 994 650 1058 πλεως
673 992 943 1064 ἔπραττεν
975 1011 991 1026 ·
1020 996 1334 1068 ἀντιστῆναι
1370 998 1478 1069 γὰρ
1512 998 1737 1052 δι”αίδὼ
1780 1002 1892 1065 τοῖς
1957 1018 2048 1057 κε-

474 1084 726 1139 λεύουσιν
748 1087 851 1140 οὐκ
888 1086 1144 1156 ἠδύνατο.
1182 1087 1336 1142 Οἳ·τά
1369 1089 1641 1160 λεχθέντα
1670 1091 1833 1162 μόρια
1865 1093 2048 1162 ἡρέμα

476 1193 590 1238 πως
618 1178 740 1239 ταῖς
801 1178 958 1249 χερσὶ
1006 1179 1384 1249 καταψήξεσιν
1420 1181 1882 1251 φυγαδεύσαντες,
1912 1183 2048 1236 οίκοι

474 1269 672 1337 χωρεῖν
695 1270 1104 1340 ἐπιτρέπουσιν·
1123 1270 1278 1333 Ἰδοὺ,
1298 1272 1497 1342 φησιν,
1510 1273 1679 1331 κακὸν
1709 1273 1853 1344 ἔχεις
1871 1273 2062 1339 οὐδὲν,

472 1357 589 1410 ἀλλ’
617 1360 856 1422 ἀναστὰς
884 1360 1229 1432 εἰρηνοποιοῦ
1252 1362 1351 1434 τήν
1381 1363 1458 1427 είς
1482 1358 1629 1418 οῐιιον
1662 1365 1943 1420 ἐπάνοδον.
1987 1362 2063 1418 ’0.

472 1451 531 1504 δὲ
555 1456 816 1522 στραφεὶς
855 1456 979 1524 μετ’
1001 1456 1208 1509 ἐκεῖνον
1230 1455 1319 1510 τὸν
1341 1455 1625 1522 λπξίπονον
1655 1459 1888 1529 ὄνειρον,
1924 1475 2051 1512 συν-

461 1543 801 1609 ·αποπτάσας
848 1545 999 1617 αύτῷ
1019 1545 1129 1601 τῶν
1157 1546 1395 1618 διδύμων
1448 1548 1547 1609 τάς
1576 1548 1813 1619 οἰδήσεις
1861 1550 2050 1621 ἐπεγί-

475 1651 741 1702 γνωσκεν,
771 1638 866 1691 καὶ
898 1638 1060 1694 πόνου
1094 1638 1393 1709 λυτρωθείς
1415 1641 1511 1703 κα).
1575 1642 1840 1697 κακίστου
1880 1642 2055 1712 βαρήο

481 1743 649 1794 ματος
674 1743 687 1757 ·
720 1731 813 1781 καὶ
840 1732 960 1794 ταῖς
989 1730 1290 1802 εὐφημίαις
1326 1731 1678 1801 στεφανώσας
1704 1734 1827 1798 τοὺς
1850 1733 2055 1789 τούτων

480 1817 643 1870 αὐτὸν
663 1817 1127 1891 ἐλευθερώσαντας
1158 1822 1463 1893 μάρτυρας,
1526 1826 1615 1876 καὶ
1680 1824 1914 1895 Χριστὸν
1962 1825 2067 1877 τὸν,-

2155 634 2329 689 Porro
2368 645 2657 704 martyres,
2681 629 3043 702 corripientes
3063 641 3189 685 eum
3218 640 3287 682 ne
3330 637 3497 694 super
3526 634 3725 690 corpo-

2153 725 2229 781 ris
2260 720 2613 797 passionibus
2643 723 3021 788 erubesceret,
3049 720 3339 776 ostendere
3388 715 3495 772 sibi
3540 722 3725 785 partes

2150 818 2541 889 praecipiebant
2573 831 2694 888 qua:
2731 814 2872 870 Illios
2907 818 3222 884 procreant,
3256 823 3486 879 quaeque
3511 804 3728 878 passio-

2154 926 2275 965 nem
2306 910 2671 964 cernebantur
2711 906 2916 963 habere
2954 923 2969 961 :
3004 915 3059 961 at
3092 903 3184 959 ille
3213 901 3361 973 quod
3396 902 3612 971 jussum
3643 904 3728 952 est

2151 1002 2280 1058 licet
2311 1001 2506 1070 plenus
2537 997 2867 1055 verecundia
2901 996 3095 1067 gessit,
3138 997 3399 1050 resistere
3427 983 3630 1063 quippe
3658 989 3729 1042 ob

2152 1092 2412 1162 pudorem
2450 1089 2775 1161 iubentibus
2836 1104 2947 1145 non
2997 1085 3233 1142 valebat.
3295 1084 3400 1151 Qui
3443 1080 3727 1152 praedictas

2152 1185 2402 1254 corporis
2447 1192 2636 1253 partes
2684 1180 2879 1237 leniter
2927 1179 3180 1234 manibus
3230 1175 3627 1237 confricantes,
3676 1180 3726 1225 et

2152 1276 2386 1331 tumoris
2432 1273 2646 1346 pondus
2693 1271 3192 1328 confricationibus
3239 1269 3576 1333 eﬂ‘ricantes,
3630 1265 3728 1321 do-

2154 1383 2301 1422 mum
2347 1366 2606 1438 repedare
2662 1364 2986 1437 prmcipitmt
3015 1382 3033 1419 :
3072 1361 3234 1428 Ecce,
3261 1352 3540 1432 inquiunt,
3600 1357 3726 1412 mali

2157 1459 2290 1514 nihil
2320 1458 2510 1523 habes,
2549 1457 2645 1514 sed
2675 1472 2862 1530 surge,
2911 1456 2965 1511 in
3001 1470 3134 1526 pace
3167 1455 3233 1509 ad
3261 1453 3487 1509 domum
3518 1450 3604 1505 fac
3646 1465 3729 1504 re-

2154 1549 2351 1606 ditum.
2400 1546 2495 1605 Ille
2528 1557 2710 1604 autem
2748 1562 3053 1605 conversus
3101 1558 3223 1616 post
3272 1544 3420 1600 illam
3466 1538 3730 1598 visionem

2154 1655 2278 1709 qua?
2309 1638 2555 1694 dolorem
2617 1646 3045 1710 compresserat,
3104 1650 3227 1692 cum
3275 1650 3337 1691 ca
3390 1633 3552 1690 simul
3602 1648 3731 1686 avo-

2157 1731 2301 1788 lasse
2346 1733 2724 1787 testiculorum
2785 1737 3033 1786 tumores
3100 1729 3383 1800 cognmit,
3434 1737 3490 1783 et
3544 1726 3732 1782 dolere

2158 1823 2507 1894 pessimaque
2550 1821 2847 1895 gravedine
2894 1822 3184 1885 liberatus,
3237 1820 3602 1889 laudibusque
3646 1833 3731 1874 re-

478 1908 546 1964 δι⁹
561 1909 741 1964 αὐτῶν
777 1911 877 1982 τὴν
902 1910 1214 1984 ἐλευθερίαν
1240 1912 1389 1984 αὐτῷ
1402 1913 1671 1985 δρέξαντα
1689 1913 1784 1968 τοῦ
1809 1916 1939 1987 νοσή
1949 1932 2051 1985 tta-

2157 1914 2365 1970 dimitis
2396 1914 2729 1985 martyribus
2760 1914 2853 1985 qui
2903 1928 2965 1969 se
3001 1912 3108 1967 tali.
3141 1912 3511 1966 liberaverant
3555 1926 3584 1964 a
3618 1910 3732 1963 qu-

475 2023 596 2073 τος,
632 2004 992 2080 ἀπελήλυθεν.

476 2207 573 2260 IZ'.
605 2206 744 2276 Περὶ
784 2208 1054 2263 Ἰωάννου
1080 2208 1189 2281 τοῦ
1221 2209 1551 2281 Χρυσώνου
1586 2209 1695 2263 τοῦ
1748 2209 2050 2281 σεσημμῶ

825 2294 975 2345 rovc
996 2278 1140 2345 τοὺς
1160 2279 1392 2349 μηροὺς
1420 2282 1693 2350 ἔχοντος.

545 2364 655 2423 Καὶ
697 2369 943 2427 Ἰωάννου
972 2372 1029 2425 δὲ
1061 2371 1547 2442 μνημονεύσωμεν,
1583 2373 1682 2426 οὐκ
1720 2373 1914 2444 ἐπειδὴ
1936 2371 2065 2426 τῶν.

475 2459 820 2531 εύπατρίδων
845 2454 935 2533 ἦν,
977 2462 1072 2515 καὶ
1106 2462 1214 2515 τῶν
1250 2464 1343 2516 ἐπὶ
1385 2460 1574 2534 χρυσῷ
1609 2461 2053 2534 βρενθυνομὲνων

478 2548 794 2621 ἐτύγχανενο
835 2551 988 2606 ἔνθεν
1019 2552 1128 2625 γὰρ
1158 2552 1570 2624 καὶΧρυσὼνης
1600 2553 1840 2623 ἐλέγετο.
1871 2555 1966 2607 τοῦ
1992 2572 2052 2609 τε

478 2642 759 2712 κτήματος
791 2642 995 2713 καὶτῆς
1015 2645 1384 2717 ἐγχειρήσεως
1397 2647 1535 2717 πρὸς
1567 2644 1724 2699 τοῦτο
1747 2646 1910 2700 αὐτὸν
1926 2662 2053 2701 συν-

473 2732 1030 2806 ωθούντωντδδνομα-”
1062 2738 1167 2790 οὐκ
1179 2737 1242 2792 ἂν
1259 2736 1367 2807 γὰρ
1394 2738 1438 2790 Χ
1446 2738 1697 2808 ρυσὼνης
1721 2741 1815 2792 καὶ
1830 2739 2053 2809 χρυσίου

475 2825 728 2895 χηρεύων
757 2825 991 2896 ἐλέγετο,
1014 2831 1061 2883 εί
1096 2831 1168 2900 μὴ
1203 2831 1389 2901 κτῆμα
1417 2830 1643 2900 χρυςίου
1674 2831 2054 2904 λαμπρότερον

477 2918 614 2989 arpi;
645 2918 752 2971 τῶν
780 2921 952 2988 ἀγίων
984 2923 1084 2992 τὴν
1129 2922 1295 2994 ρῶσιν
1344 2923 1565 2989 ἐδέξατο
1592 2942 1605 2956 ·
1661 2925 1697 2979 δέ
1738 2927 1832 2979 καὶ
1888 2928 2056 2981 πᾶσιν

478 3009 727 3077 ἀφθόνως
766 3016 881 3076 τοῖς
931 3014 1251 3086 προσιοῦσιν
1301 3015 1637 3086 χαρίζονται,
1700 3016 1906 3089 μηδένα
1955 3016 2065 3089 τῆς

477 3101 661 3155 αὐτῶν
719 3103 928 3177 δωρεᾶς
974 3106 1433 3179 ἀποστρέφοντες,
1484 3110 1532 3162 εί
1581 3111 1655 3181 μή
1701 3109 1821 3163 λίαν
1877 3127 1965 3174 τις

480 3192 735 3266 βδελυρδς
801 3199 898 3250 καὶ
930 3197 1032 3269 τῆς
1070 3199 1251 3253 αὐτῶν
1281 3200 1606 3272 εὐεργεσίας,
1632 3200 1872 3268 ἀνάξιος,
1903 3203 1938 3274 ἢ
1982 3202 2052 3257 δι’

478 3285 737 3340 ἀπιστίαν
771 3288 1191 3361 κληρωσάμενος
1217 3293 1277 3346 τὸ
1308 3293 1547 3358 ἀνάξιον,
1578 3294 1617 3364 ἢ
1638 3293 1706 3348 δι’
1732 3293 1909 3365 ἔργων
1949 3312 2047 3363 μο-

478 3375 706 3445 χθηρῶν
737 3377 1133 3450 ἀνεπίστροφον
1173 3380 1452 3452 βούλησιν.
1472 3382 1614 3452 Ἐγὼ
1641 3383 1697 3437 δὲ
1728 3385 1822 3437 καὶ
1878 3384 2053 3456 ὲνδςή

477 3466 730 3538 δευτέρου
749 3471 1030 3541 προϊόντος
1064 3473 1158 3528 τοῦ
1177 3474 1336 3543 λόγου
1361 3474 1606 3530 τοιούτου
1640 3478 2051 3548 μνησθήσομαι,

482 3560 761 3631 μηδεμίαν
780 3563 914 3633 πρὸς
936 3563 1053 3618 15W-
1079 3566 1250 3634 ἁγίων
1282 3568 1725 3638 καρπωσάμενος
1778 3571 1880 3642 τήν
1909 3569 2055 3640 ὠφέ-

480 3650 660 3707 λειαν’
698 3653 786 3707 ἵνα
818 3653 1026 3710 τούτων
1056 3657 1147 3711 τὸν
1176 3659 1306 3730 περὶ
1341 3660 1579 3724 πίστεως
1609 3661 1776 3729 ζῆλον
1830 3662 1924 3717 καὶ
1951 3662 2055 3734 τὴν

481 3743 618 3815 πρὸς
641 3745 712 3798 τά
759 3745 939 3811 φαῦλα
971 3747 1084 3800 τῶν
1130 3747 1310 3818 ἔργων
1332 3749 1536 3814 ειδότες
1567 3752 1890 3822 ἀπέχθειαν,
1924 3752 2055 3824 ἀρέ-

485 3851 637 3889 σκειν
664 3837 850 3901 αὐτοῖς
881 3839 1009 3910 περὶ
1042 3836 1158 3909 βίον
1189 3838 1285 3892 καὶ
1320 3840 1504 3895 πίστιν
1531 3840 1909 3906 σπουδάζοιεν..

568 4016 822 4089 Ἰωάννης
842 4011 936 4072 οὗν
961 4011 1116 4082 οὗτος
1141 4018 1170 4073 ὁ
1202 4021 1268 4090 τῇ
1295 4018 1391 4073 τοῦ
1412 4021 1634 4090 χρυσίου
1665 4023 1859 4093 κτήσει
1893 4041 1950 4077 τε
1967 4026 2058 4079 καὶ

486 4109 832 4181 προσηγορίᾳ
859 4108 1257 4180 γαυρούμενος,
1274 4112 1417 4182 νόσῳ
1440 4110 1587 4183 δεινῇ
1606 4113 2052 4185 περιπέπτωκεν.

480 4196 603 4251 οὔτε
633 4199 776 4269 λόγῳ
800 4198 1102 4272 φατῇ,οὖτε
1129 4200 1316 4255 παισὶν
1344 4200 1548 4272 ίατρῶν
1568 4202 1787 4274 εὐχερεῖ
1799 4204 1938 4276 πρὸς
1959 4204 2067 4277 τὴν

480 4290 624 4346 tactv
651 4307 665 4322 ο
699 4293 828 4354 τοὺς
876 4292 986 4364 γὰρ
1011 4293 1223 4364 μηροὺς
1248 4293 1277 4346 δ
1321 4293 1462 4366 ἀνὴρ
1489 4294 1567 4359 ὡς
1598 4294 1663 4348 εκ
1716 4311 1864 4361 τινος
1903 4295 2058 4363 θείας

479 4382 648 4452 ὀργῆς
679 4382 1082 4450 δατεδάπτετοσ
1120 4385 1214 4438 καὶ
1245 4385 1515 4450 σαπέντος
1557 4386 1726 4441 αὐτοῦ
1778 4387 1877 4443 τοῦ
1927 4389 2055 4455 τοὺς

483 4476 688 4544 μηροὺς
709 4476 1052 4546 περιέχοντος
1078 4476 1367 4548 δέρματος,
1399 4477 1493 4533 καὶ
1517 4479 1783 4535 πάντοθεν
1807 4480 1876 4535 δι’
1891 4482 2060 4556 ὑπερι-

480 4567 640 4636 6ολὴν
661 4568 1025 4640 διερῤωγότος
1048 4571 1146 4639 τῆς
1178 4570 1418 4641 σήψεως,
1449 4571 1505 4625 αί
1534 4571 1736 4643 σάρκες
1762 4572 1819 4625 αἱ
1868 4572 2047 4645 τούτῳ
2086 4599 2127 4655 D

479 4659 889 4728 καλυπτόμεναι
931 4659 1216 4733 πρότερον,
1269 4661 1387 4716 τοῦ’
1414 4663 1619 4717 οίκείου
1675 4663 2048 4735 γυμνωθεϊσαι

482 4749 717 4819 πάμπαν
744 4748 1064 4819 ἐνδύματος,
1093 4751 1192 4806 καὶ
1224 4750 1430 4822 ἔνδυμα
1473 4751 1503 4805 ὃ
1534 4752 1672 4825 πρὸς
1699 4753 1800 4824 τῆς
1838 4754 2056 4837 φύσεως

478 4841 669 4911 ἔλαχον
704 4838 1067 4907 ἀπολέσασαι,
1097 4841 1466 4911 χωριζόμεναι
1498 4842 1610 4897 τῶν
1667 4844 1882 4901 ὀστέων
1936 4847 2048 4900 ἀπο

480 4932 731 4995 ἔπιπτον,
779 4931 860 4995 τῷ
894 4931 1303 5002 περιστέλλοντι
1336 4935 1479 4988 κατά
1505 4935 1679 5008 βραχὺ
1708 4937 2056 5009 συνσηπόμε-

472 5036 566 5077 ναι
590 5020 822 5095 δέρματι
855 5022 952 5078 καὶ
980 5024 1118 5096 πρὸς
1149 5025 1255 5096 γῆν
1283 5027 1713 5098 καταρῤἐουσαι.

558 5116 646 5179 '0;
666 5116 725 5170 δὲ
754 5116 951 5187 χρόνον
958 5116 1167 5188 βυχνδν
1189 5119 1249 5173 ιν
1283 5120 1350 5190 τῇ
1370 5120 1512 5191 νόσῳ
1536 5120 1810 5192 διέτριψεν
1852 5122 2057 5196 ψυχρο-

476 5208 686 5276 λογίαις
730 5209 931 5278 ίατρῶν
983 5207 1347 5282 ἀπατώμενος
1393 5213 1490 5266 καὶ
1538 5213 1708 5285 μηδὲν
1755 5215 1818 5282 ἐξ
1873 5216 2060 5272 αὐτῶν

476 5297 887 5368 ὠφελούμενος,
913 5301 962 5353 εί
989 5300 1064 5373 μὴ
1096 5301 1256 5371 λόγον
1307 5304 1389 5370 είς
1435 5302 1575 5375 ἀέρα
1627 5304 1910 5377 λυόμενον,
1962 5309 2057 5363 καὶ

477 5389 571 5443 τοῦ
598 5389 915 5461 τραύματος
940 5392 1041 5462 οὐχ
1078 5393 1384 5464 ἀπτόμενον
1406 5409 1424 5426 ·
1451 5396 1511 5449 ού
1560 5395 1665 5467 μήν
1697 5397 1835 5451 ἀλλά
1873 5399 1968 5453 καὶ
1996 5398 2056 5453 τὸ

477 5480 696 5552 χρόνιον
714 5480 812 5537 τοῦ
841 5485 1170 5555 νοσήματος,
1196 5489 1290 5540 καὶ
1317 5487 1377 5541 τὸ
1405 5490 1528 5551 ταῖς
1562 5489 1855 5561 ἀλγηδόσιν
1883 5491 2055 5546 ἐλεει-

481 5571 586 5638 νῶς
617 5574 1070 5643 ἑγκατακείσθαι,
1132 5576 1285 5648 μόλις
1323 5577 1455 5632 ποτε
1505 5581 1600 5633 καὶ
1650 5580 1713 5634 τὸ
1768 5582 1903 5652 πρὸς
1953 5582 2070 5667 τὴν.

482 5662 634 5718 νόσον
674 5664 938 5721 ἀδύνατον
984 5667 1043 5735 ἐξ
1103 5669 1497 5740 Ἱπποκράτους
1548 5671 1898 5741 ἐκέρδαινεν,
1960 5675 2057 5729 καὶ

480 5756 699 5826 μακρὰν
727 5758 942 5832 χαίρειν
990 5762 1173 5826 αὐτοῖς
1204 5763 1744 5832 προσφθεγξάμενος,
1775 5764 1840 5819 τὸ
1867 5766 2052 5840 Κύρου

481 5848 574 5902 οιαὶ
612 5848 859 5907 Ἰωάννου
890 5852 1165 5925 θεωρητδν
1233 5856 1469 5924 ἰατρεῖον
1515 5855 1838 5911 κατέλαϐεν.
1880 5858 1943 5913 Ol
1994 5858 2052 5913 δὶ

2157 2020 2347 2076 gttore,
2387 2005 2666 2061 Christum
2697 2009 2789 2075 qui
2825 2019 2923 2073 per
2949 2018 3053 2060 eos
3081 2003 3186 2059 sibi
3231 2003 3373 2058 hanc
3422 2002 3732 2058 libertatem
3770 2026 3779 2031 -

2157 2104 2473 2169 porrexerat
2500 2097 2785 2168 passionis,
2804 2095 3153 2168 gloriﬁcavit,
3210 2102 3377 2163 atque
3407 2093 3651 2148 recessit.

2224 2207 2388 2265 XV“;
2435 2207 2508 2263 De
2530 2206 2738 2264 J'oaime
2770 2207 3039 2331 Clzyzm‘a‘e
3066 2205 3157 2276 qui
3183 2205 3483 2276 putrefacta
3515 2206 3725 2276 femora

2874 2296 2905 2331 a
2942 2295 2975 2331 ιι
3032 2321 3044 2331 .

2874 2295 3044 2334 αυιιιι.

2228 2372 2293 2427 Et
2339 2372 2570 2429 Joannis
2629 2387 2848 2443 quoque
2897 2373 3220 2428 memoriam
3283 2371 3573 2436 faciemus,
3624 2386 3732 2425 non

2155 2463 2282 2529 quia
2312 2461 2513 2516 nobilis
2546 2471 2666 2518 erat
2686 2476 2751 2518 ex
2784 2461 2869 2517 bis
2907 2463 3001 2532 qui
3041 2477 3209 2534 super
3236 2476 3375 2517 auro
3414 2477 3475 2517 se
3497 2462 3734 2532 jactant,

2158 2549 2287 2604 hinc
2311 2550 2456 2605 enim
2482 2557 2537 2606 et
2560 2550 2873 2623 Chrysones
2905 2552 3208 2617 diceretur,
3256 2553 3490 2624 pecunia
3535 2559 3590 2606 et
3628 2550 3737 2606 ο.

2155 2642 2243 2696 cio
2271 2641 2335 2696 ad
2365 2641 2469 2699 hoc
2489 2657 2613 2698 eum
2641 2644 3098 2716 componentibus
3128 2660 3324 2700 nomen
3352 2654 3564 2715 :neque
3589 2644 3733 2699 cnim

2157 2730 2472 2803 Chrysoncs
2503 2741 2557 2788 et
2579 2748 2716 2789 auro
2776 2733 3224 2793 nondestitutus
3276 2735 3584 2801 diceretur,
3628 2737 3731 2790 nisi

2157 2824 2447 2880 sanitatem
2479 2840 2592 2881 rem
2628 2827 2882 2884 uidelicet
2933 2840 3081 2884 auro
3116 2828 3501 2902 fulgentior-cm
3550 2843 3580 2883 a
3606 2844 3736 2884 san-

2156 2913 2271 2969 ctis
2306 2930 2404 2985 per
2452 2914 2611 2970 iidem
2644 2916 2839 2987 utique
2887 2919 3242 2989 percepisset,
3280 2918 3736 2992 quam,omnibus

2159 3002 2227 3058 ad
2267 3018 2328 3057 se
2376 3003 2770 3062 accedentibus
2806 3006 3028 3077 copiose
3078 3006 3406 3078 largiuntur,
3461 3007 3734 3061 neminem

2157 3108 2187 3148 a
2216 3109 2318 3149 suo
2361 3111 2590 3153 munere
2624 3105 2954 3163 avertentes,
2978 3100 3087 3156 nisi
3121 3100 3244 3171 quis
3298 3099 3462 3155 nimis
3498 3099 3568 3155 sit
3601 3098 3733 3154 abo-

2157 3185 2447 3242 minandus
2475 3229 2491 3253 ,
2556 3196 2612 3244 et
2650 3189 2917 3246 beneflcio
2945 3206 3138 3247 eorum
3196 3206 3420 3261 prorsus
3450 3192 3734 3261 indignus,

2157 3280 2239 3333 vel
2270 3279 2342 3334 ob
2389 3279 2825 3337 incredulitatem
2861 3285 3150 3349 sentiatur,
3179 3288 3239 3338 ut
3273 3283 3536 3354 indiguus
3587 3283 3737 3339 exsi-

2155 3375 2284 3433 stat,
2315 3378 2407 3424 aut
2448 3385 2544 3441 per
2584 3386 2751 3444 opera
2812 3373 2956 3428 mala
3015 3372 3489 3430 inconvertibilem
3544 3373 3739 3429 habeat

2154 3462 2668 3535 voluntatem.Ergo
2695 3471 2790 3520 aut
2822 3465 2985 3521 unius
3030 3466 3111 3522 vel
3132 3466 3387 3533 duorum,
3410 3464 3738 3537 procedente

2157 3567 2426 3619 sermone,
2447 3555 2757 3625 bujustnodi
2782 3557 3100 3613 memoriam
3130 3554 3409 3622 faciemus,
3425 3557 3515 3627 qui
3536 3556 3738 3610 nullius

2157 3648 2404 3703 utilitatis
2469 3650 2753 3704 consecuti
2814 3660 2942 3705 sunt
3001 3650 3282 3714 fructum,
3342 3647 3410 3702 ad
3467 3647 3737 3702 cautelam

2156 3752 2345 3791 eorum
2394 3739 2486 3807 qui
2518 3748 2677 3794 erunt
2713 3739 3055 3809 postmodum
3108 3738 3406 3801 aceessuri,
3440 3745 3501 3792 ιιι
3542 3737 3736 3792 borum

2159 3844 2259 3900 pro
2295 3830 2399 3886 fide
2453 3832 2737 3895 aclum,et
2776 3842 2964 3887 contra
2999 3846 3159 3901 prava
3202 3845 3364 3901 opera
3396 3829 3735 3885 inimicitiam

2158 3936 2266 3977 non
2312 3921 2645 3993 ignorantes,
2692 3924 2798 3977 vita
2844 3924 2950 3979 illis
2978 3932 3031 3978 et
3082 3920 3187 3978 lide
3215 3923 3428 3993 placere
3458 3921 3735 3977 festinent.

2232 4010 2421 4084 Itaque
2455 4012 2700 4070 Joannes
2737 4014 2862 4078 iste,
2912 4014 3009 4084 qui
3042 4014 3159 4067 auri
3194 4015 3545 4084 possessione
3576 4022 3739 4082 atque

2159 4103 2908 4176 appellationegloriabatur,
2958 4106 3276 4176 languorem
3318 4105 3556 4160 incurrit
3579 4119 3735 4160 acer-

2161 4195 2387 4259 rimum,
2447 4197 2541 4267 qui
2602 4195 2824 4252 scilicet
2888 4211 2989 4253 nec
3033 4196 3100 4252 ad
3137 4197 3362 4253 landum
3403 4199 3571 4255 verbo
3612 4212 3739 4269 pos-

2158 4285 2355 4349 sibilis,
2409 4301 2511 4341 nec
2562 4294 2680 4343 erat
2731 4287 3068 4341 medicorum
3163 4286 3454 4356 discipulis
3510 4286 3736 4354 facilis;

2160 4376 2335 4431 femur
2356 4380 2557 4449 quippe
2591 4378 2758 4448 hujus
2792 4379 2895 4434 viri
2926 4379 3179 4452 quaedam
3218 4379 3379 4456 quasi
3423 4379 3607 4435 divina
3655 4380 3739 4435 ira

2158 4468 2469 4535 mandebat,
2508 4476 2563 4525 et
2600 4484 2728 4524 cum
2779 4471 2936 4542 pellis
2962 4486 3085 4542 quae
3131 4470 3311 4528 femur
3350 4473 3736 4529 circumdabat

2160 4558 2454 4626 tabefacta,
2490 4572 2547 4616 et
2580 4562 2822 4633 undique
2866 4564 3147 4619 nimietate
3179 4564 3531 4634 putrctlinum
3579 4564 3738 4619 diru-

2160 4661 2248 4725 pta
2279 4652 2494 4720 fuisset,
2537 4669 2732 4711 carnes
2763 4649 2884 4726 quae
2935 4656 3040 4711 hac
3093 4656 3436 4721 relabantur.
3484 4657 3738 4726 primitus

2161 4749 2382 4820 proprio
2415 4749 2702 4806 deuudatae
2753 4751 2968 4820 penitus
3016 4750 3354 4813 indumento.
3379 4759 3432 4807 et
3457 4753 3617 4809 molis
3650 4762 3740 4809 tu-

2160 4854 2312 4895 more
2355 4854 2516 4911 quem
2563 4856 2593 4895 a
2625 4850 2820 4919 natura
2849 4842 3056 4898 sortitae
3085 4841 3300 4898 fuerant
3320 4843 3550 4914 perdito,
3576 4860 3735 4915 sepa-

2158 4943 2291 4988 rata:-
2340 4932 2409 4988 ab
2443 4933 2662 4990 ossibus
2711 4934 3053 5001 decidebant,
3083 4951 3209 4991 eum
3242 4944 3457 5007 tegente
3508 4951 3569 4992 se
3599 4937 3737 5007 pelle

2160 5026 2415 5097 paulatim
2447 5026 2502 5080 in
2524 5025 2864 5097 putredinem
2890 5034 3081 5093 versae,
3105 5033 3160 5082 et
3180 5026 3249 5081 ad
3270 5036 3470 5082 terrain
3490 5027 3731 5097 dilapsae.

2227 5116 2474 5188 Cumque
2522 5127 2767 5187 tempore
2812 5120 2986 5174 multo
3018 5120 3074 5174 in
3108 5120 3375 5190 languore
3430 5117 3731 5188 deguisset,

2159 5208 2374 5280 frigidis
2414 5217 2468 5264 et
2516 5208 2805 5266 inutilibus
2857 5209 3397 5266 dictis-medicorum
3439 5211 3724 5278 deceptus,

2157 5311 2214 5359 et
2246 5301 2383 5358 nihil
2438 5301 2506 5357 ab
2537 5302 2620 5358 eis
2667 5303 2772 5358 nisi
2835 5304 2952 5356 sola
3010 5303 3173 5358 verba
3229 5317 3352 5373 qua:
3392 5316 3499 5355 non
3531 5301 3731 5355 vulnus

2157 5402 2413 5465 tangunt,
2462 5395 2557 5450 sed
2610 5395 2989 5450 dissolvuntur
3046 5395 3102 5449 in
3153 5402 3300 5459 aere,
3352 5394 3732 5463 percepisset;
3787 5430 3797 5477 Ξ

2157 5487 2293 5559 quin
2328 5487 2513 5558 potius
2552 5498 2607 5544 et
2637 5504 2669 5543 e
2722 5488 2943 5543 diverso
3002 5489 3381 5541 morositatem
3449 5487 3734 5556 languoris
3783 5485 3794 5515 ε

2158 5593 2223 5636 ac
2248 5579 2502 5635 dolorum
2535 5580 2903 5637 miserabilem
2940 5579 3113 5633 labem
3144 5577 3353 5634 duilius
3393 5577 3734 5649 pertulisset,

2157 5672 2245 5727 vix
2292 5672 2513 5728 tandem
2563 5672 2842 5742 languoris
2880 5670 3389 5741 impossibilitatem
3421 5670 3493 5726 ab
3517 5667 3735 5740 ﬂippa-

2156 5775 2307 5820 crate
2362 5763 2500 5819 lucri
2558 5778 2616 5819 se
2652 5766 2845 5819 fecisse
2895 5762 3282 5820 tantummodo
3332 5766 3531 5829 sensit,
3589 5762 3734 5817 unde

2158 5852 2235 5914 iiii
2270 5857 2446 5913 valere
2497 5859 2655 5929 longe
2689 5857 2953 5926 profatus,
2990 5856 3056 5911 ad
3087 5857 3210 5929 (Zyri
3262 5855 3602 5924 Joannisqtte
3650 5850 3735 5908 tli-
