4054 6252
353 444 489 511 3ιὶῗτ

1327 448 1433 510 ss.
1475 448 1651 510 cvm
1670 440 1774 507 ἘΤ
1806 442 2129 506 JOANN'IS
2163 418 2556 505 muscum

3480 432 3621 493 3578

348 562 566 631 ῥώσεως
579 558 672 613 τὸν
696 557 893 631 τρόπον
920 560 1235 630 μηνύοντες.
1251 561 1387 615 ’Υπέ
1396 557 1939 632 ρορθρον,ψασ”ίν,τῆς

2067 560 2251 621 uculo,
2290 542 2566 624 inquiunt,
2617 567 2646 606 ει
2688 558 2858 606 strato
2900 560 3263 616 consurgens,
3310 544 3372 596 ad
3408 558 3619 612 portam

344 652 639 725 στρωμνῆς
671 653 1033 722 ἀνιστάμενος
1051 654 1145 707 ἐπὶ
1164 653 1340 723 πύλην
1368 654 1465 723 τὴν
1494 654 1629 724 πρὸς
1651 653 1931 706 Θάλασσαν

343 744 504 815 ἔξιθι,
524 744 647 816 ητις
666 743 756 797 τδν
783 744 889 811 ἔξω
906 743 1001 798 τοῦ
1039 744 1145 798 νεὼ
1172 746 1476 817 περικλείει
1498 744 1806 816 περίὸολον·
1838 744 1933 796 καὶ

343 840 485 894 κατά
510 838 611 909 τῆς
641 838 892 906 σιαγόνος
914 838 1006 891 τὸν
1040 838 1364 893 ύπαντῶντα
1425 839 1785 909 εὐτενέστερα
1831 837 1929 908 ῥά-

345 950 522 989 πισον·
559 935 654 987 καὶ
684 932 843 988 τοῦτο
876 934 1130 999 ποιήσας,
1155 934 1249 987 τοῦ
1280 933 1578 1004 προσόντος
1608 949 1690 986 σοι
1729 931 1932 995 πάθους

347 1026 446 1096 τὴν
479 1024 646 1097 ρὦιν
683 1024 867 1096 εὕροις
893 1024 1193 1094 ταχύτατα.
1213 1025 1271 1077 '0
1302 1025 1383 1090 δὲ,
1432 1024 1737 1093 φαντασίαν
1788 1017 1932 1076 εἶναι

347 1116 407 1168 τὸ
435 1117 600 1185 φανὲν
650 1114 1025 1186 ἡγησάμενος,
1071 1115 1224 1169 οὐδὲν
1266 1115 1374 1167 τῶν
1407 1114 1546 1186 πρὸς
1581 1115 1691 1169 τῶν
1758 1114 1933 1184 ἁγίων

349 1206 643 1276 λεχθέντων
670 1205 821 1276 αὑτῷ
850 1205 1181 1275 διεπράξατο
1206 1223 1219 1237 ·
1266 1207 1360 1260 καὶ
1383 1207 1462 1272 δὶς
1484 1207 1543 1260 δὲ
1575 1202 1734 1261 τοῦτο
1761 1211 1935 1261 ποιεῖν

348 1287 668 1362 κελευσθεὶς
689 1297 760 1353 δι’
789 1300 1090 1370 ὁράματος,
1126 1299 1187 1352 οὐ
1224 1298 1552 1370 πεποίηκεν.

415 1387 492 1442 τὸ
533 1388 719 1458 τρίτον
746 1387 803 1442 δὲ
842 1386 952 1441 τῶν
1005 1388 1305 1460 μαρτύρων
1351 1389 1633 1454 εἰπόντων,
1686 1388 1930 1461 πυθόμε-

348 1497 440 1544 νος
493 1481 570 1545 ὡς
616 1481 665 1534 εί
703 1481 780 1553 μὴ
823 1481 981 1535 τοῦτο
1026 1482 1327 1552 ποιήσειεν,
1376 1480 1479 1550 τῆς·
1514 1482 1672 1554 φίλης
1702 1484 1763 1536 ού
1809 1483 1935 1536 τεύ-

352 1574 505 1640 ξεται
549 1572 794 1646 ῥώσεως,
813 1574 1061 1647 ἐγερθεὶς
1081 1573 1181 1645 τῆς
1215 1577 1505 1647 στρωμνῆς
1529 1575 1932 1648 ὀρθρινότερον,

306 1684 315 1689 ’
348 1666 440 1720 τὸν
472 1665 757 1737 δειχθέντα
786 1665 1007 1719 πυλῶνα
1065 1665 1397 1737 κατείληφεν
1423 1682 1436 1696 ⁸
1490 1666 1834 1739 στρατιώτην
1876 1667 1934 1721 δέ

350 1748 469 1811 τινα
503 1756 646 1812 κατά
675 1759 774 1827 τὴν
810 1756 987 1829 πύλην
1039 1753 1200 1828 αὐτῷ’
1232 1759 1665 1825 συναντήσαντα,
1719 1757 1816 1811 καὶ
1866 1759 1933 1829 τῇ

354 1850 456 1919 μὲν
495 1844 725 1921 παλάμῃ
759 1851 955 1922 ράοδον
988 1847 1346 1919 βαστάζοντα,
1384 1853 1450 1921 τῇ
1481 1850 1535 1903 δὲ
1585 1852 1786 1922 καρδία
1842 1852 1937 1906 τὸν

353 1942 526 2013 θυμὸν
576 1942 838 2005 ὡσαύτως
888 1946 1211 2014 κατέχοντα,
1273 1943 1495 2014 ῥαπίζει
1532 1943 1738 2014 σφόδρα
1794 1945 1937 1998 κατά

355 2035 453 2102 τῆς
481 2036 727 2106 σιαγόνος
762 2036 859 2101 τὴν
893 2036 1107 2107 πληγὴν
1140 2038 1529 2107 ποιησάμενος.
1580 2038 1638 2090 '0
1671 2039 1728 2092 δὲ
1766 2057 1936 2109 στραι-

358 2129 586 2202 τιὼτης,
623 2130 900 2203 μελλήσας
927 2132 1099 2199 οὐδὲν,
1123 2131 1259 2186 ἁλλά
1315 2131 1615 2202 σύνδρομον
1645 2131 1719 2202 τῷ
1772 2133 1937 2205 ραπί-

358 2239 527 2292 σματι
554 2223 652 2295 τὴν
683 2222 876 2279 ἑαυτοῦ
904 2223 1226 2295 ποιούμενος
1255 2224 1484 2295 ἄμυναν,
1508 2224 1605 2295 τὴν
1636 2224 1940 2297 βακτηρίαν

359 2315 520 2379 εῦθῦς
547 2316 909 2393 ἀνατείνεται,
947 2316 1157 2371 καὶτὸν
1199 2316 1509 2387 ραπίσαντα
1557 2317 1736 2390 ταύτῃ
1797 2319 1941 2372 κατά

360 2408 452 2461 τοῦ
483 2411 718 2479 κράνους
742 2410 1101 2480 ἀντέπληξεν,
1150 2427 1238 2463 στε
1252 2410 1522 2481 ρεωτέραν
1560 2411 1699 2464 πάνυ
1728 2410 1942 2482 πληγὴν

360 2501 434 2566 ὡς
467 2502 574 2573 χρὴ
606 2501 857 2574 ῥαπίζειν
884 2498 950 2577 ἦς
988 2504 1201 2559 ἐλαϐεν.
1240 2504 1454 2568 Παῦλος
1487 2504 1542 2559 δὲ
1575 2503 1673 2575 τὴν
1729 2505 1943 2577 πληγὴν

362 2595 502 2647 κατά
524 2595 626 2662 τῆς
676 2596 920 2666 κεφαλῆς
956 2595 1225 2666 τοσαύτην
1264 2595 1580 2665 δεξάμενος,
1628 2597 1943 2668 πίπτειχα·

368 2687 466 2756 psi
528 2687 873 2757 τραυματίας
902 2688 1217 2757 γενόμενος,
1270 2688 1365 2742 καὶ
1414 2682 1595 2759 βρύων
1654 2689 1846 2759 αἵματί
1886 2707 1944 2743 τε

365 2781 457 2833 καὶ
493 2778 864 2848 σκιτ›ληξι,καὶ
895 2780 1102 2843 πάντας
1132 2779 1420 2833 ἀποϐαλὼν
1439 2782 1563 2839 τοὺς
1588 2779 1736 2833 ἔνδον
1768 2780 1950 2851 {mig-

364 2889 559 2944 χοντας
603 2870 912 2944 σκώληκας,
952 2870 1183 2936 πολλούς
1231 2889 1285 2924 τε
1316 2872 1436 2926 λίαν
1460 2872 1802 2944 ὑπάρχοντας
1852 2873 1949 2928 καὶ

366 2960 597 3031 ἀφειδῶς
630 2961 794 3016 αὐτὸν
828 2961 1235 3029 κατεσθίοντας,
1261 2963 1637 3032 ἀπηλλάττετο
1666 2964 1758 3015 τοῦ
1792 2965 1946 3037 νοσήσ

371 3072 561 3123 ματος,
593 3053 918 3126 ἀπαλλαγὴν
948 3055 1124 3127 εὑρὼν
1160 3055 1591 3126 ἀπροσδόκητον,
1625 3056 1807 3128 πληγῇ
1859 3074 1949 3127 χαι

372 3143 776 3218 ρισθεῖτανκαὶ
806 3146 1107 3219 τραύματι.
1145 3148 1254 3201 Καὶ
1280 3149 1340 3201 τὸ
1367 3148 1593 3220 τραῦμα
1653 3150 1711 3202 δὲ
1751 3149 1948 3204 θᾶττον

2037 663 2160 717 quae
2191 647 2258 701 ad
2300 662 2447 701 mare
2478 645 2632 701 ducit
2679 643 2961 711 egredere,
2995 654 3119 710 quae
3148 636 3335 709 templi
3374 637 3622 690 exterius

2039 720 2607 794 claudit‘vestihttluzn
2636 756 2650 802 ;
2676 748 2729 792 et
2760 750 2909 799 eum,
2935 726 3028 804 qu'i
3059 732 3156 787 tibi
3188 731 3387 784 obvius
3425 728 3620 789 fuerit,

2036 832 2092 886 in
2128 832 2350 885 maxilla
2390 830 2604 884 fortiter
2630 832 2787 900 alapa
2819 835 3082 898 percute;
3121 839 3230 896 quo
3257 822 3420 890 facto,
3446 838 3624 891 a’grov

2038 924 2265 990 talione,
2291 938 2453 993 quam
2487 922 2679 987 habes,
2699 919 2964 975 continuo
3005 915 3350 971 liberaberis.
3398 914 3466 967 At
3507 912 3619 973 ille,

2038 1016 2386 1087 phantasiam
2446 1030 2570 1067 esse
2611 1013 2757 1084 quod
2796 1018 3133 1082 apparuerat
3179 1008 3452 1077 cogitans,
3488 1005 3621 1059 nihil

2035 1124 2227 1164 eorum
2275 1123 2397 1177 qua!
2438 1106 2592 1174 iussa
2644 1104 2748 1160 sibi
2797 1120 2827 1158 a
2860 1101 3073 1160 sanctis
3095 1099 3330 1164 fuerant,
3373 1097 3483 1170 egit
3526 1105 3624 1152 :et

2035 1200 2124 1258 bis
2152 1205 2254 1257 hoc
2293 1200 2474 1256 facere
2506 1201 2697 1270 jussus
2720 1213 2818 1267 per
2841 1196 3041 1263 visum,
3071 1208 3179 1248 non
3215 1191 3365 1248 fecit.

2102 1386 2295 1441 Tertio
2343 1390 2527 1439 autem
2567 1380 2635 1436 ad
2688 1379 2867 1450 ipsum
2924 1376 3131 1433 sanctis
3171 1370 3519 1434 dicentilms,
3568 1378 3624 1423 et

2036 1466 2320 1548 comperto
2358 1476 2450 1529 ille
2472 1472 2641 1543 quod,
2676 1469 2782 1526 nisi
2808 1468 2915 1524 hoc
2948 1462 3482 1528 faceret,sanitatem
3514 1473 3624 1513 non

2037 1578 2186 1627 esset
2217 1570 2620 1639 impetraturus
2649 1568 2914 1622 amatam,
2943 1558 3103 1613 valde
3131 1570 3293 1611 mane
3318 1550 3558 1609 surrexit
3596 1566 3625 1603 e

2037 1661 2264 1722 lectulo.
2298 1666 2351 1714 et
2380 1659 2443 1712 ad
2475 1666 2758 1712 ostensam
2805 1652 2909 1707 sibi
2956 1658 3170 1721 portam
3206 1646 3452 1718 pervenit
3479 1660 3493 1709 ;
3525 1644 3628 1697 mi-

2040 1756 2186 1809 litem
2214 1766 2343 1807 vero
2373 1746 2662 1820 quemdam
2704 1745 2859 1817 juxta
2901 1753 3111 1814 portam
3140 1739 3357 1794 obviam
3400 1736 3506 1791 sibi
3541 1752 3631 1787 ve-

2040 1834 2313 1908 nieutem,
2343 1841 2437 1913 qui
2466 1841 2679 1911 virgam
2716 1836 2935 1908 quidem
2968 1835 3023 1888 in
3056 1848 3220 1887 manu
3262 1831 3503 1894 tenebat,
3534 1829 3628 1884 sed

2047 1941 2288 1995 furorem
2324 1935 2379 1990 in
2408 1934 2577 1989 corde
2607 1932 2840 1987 minime
2872 1928 3214 1993 continebat,
3266 1925 3447 1980 valida
3492 1921 3636 1979 ceci-

2046 2029 2129 2084 dit
2152 2028 2332 2095 alapa,
2362 2024 2579 2096 plagam
2621 2021 2675 2075 in
2717 2020 2935 2074 maxilla
2966 2015 3509 2072 vehementissimam
3553 2010 3634 2066 fa-

2046 2121 2221 2177 ciens.
2251 2118 2404 2173 Miles
2427 2127 2635 2181 autem,
2660 2112 2794 2167 nihil
2827 2110 3054 2165 omnino
3084 2108 3391 2178 negligens,
3426 2104 3522 2160 sed
3546 2104 3631 2158 sui

2047 2212 2253 2269 cursim
2303 2224 2402 2281 pro
2456 2206 2615 2277 alapa
2671 2201 2988 2258 retribucus
3046 2200 3331 2261 ultionem,
3380 2197 3633 2252 baculum

2048 2303 2352 2363 confestim
2384 2298 2659 2361 extendit,
2682 2304 2736 2353 et
2774 2310 2899 2350 eum
2934 2294 3025 2364 qui
3047 2307 3107 2347 se
3130 2296 3505 2361 percusserat,
3532 2289 3636 2342 hoc

2050 2402 2104 2454 in
2152 2397 2335 2469 capite
2377 2391 2737 2465 repercussit,
2782 2388 3064 2444 fortiorem
3120 2386 3331 2456 plagam
3377 2398 3439 2437 ea
3472 2397 3635 2460 quam

2052 2508 2217 2548 manu
2259 2494 2549 2559 acceperat
2587 2485 2837 2553 inﬂigere
2881 2478 3083 2534 baculo
3124 2484 3397 2544 satagens.
3430 2472 3635 2527 Paulus

2053 2600 2187 2642 sane
2224 2578 2541 2653 hujusmodi
2596 2576 2754 2645 plaga
2791 2581 3010 2643 recepta
3047 2570 3102 2625 in
3148 2569 3350 2640 capite,
3407 2567 3555 2622 cadit
3584 2567 3636 2620 in

2055 2687 2260 2733 terrain
2294 2673 2620 2728 vulneratus
2658 2670 2911 2730 ellectus.
2965 2680 3015 2722 et
3059 2664 3386 2734 sanguinem
3416 2678 3480 2715 ac
3516 2679 3561 2712 νυ
3584 2676 3639 2715 r-

2055 2784 2174 2825 mes
2242 2764 2567 2829 eﬂ'undens;
2641 2777 2767 2816 nam
2834 2758 3114 2823 omnibus,
3173 2772 3312 2827 quos
3376 2753 3642 2808 habuerat

2056 2862 2381 2925 introrsum,
2437 2855 2652 2925 ejectis,
2712 2853 2838 2907 licet
2872 2852 3027 2905 multi
3055 2849 3485 2911 luerint,ctnon
3513 2862 3640 2918 par»

2054 2964 2248 3010 centes
2268 2968 2327 3008 se
2344 2948 2749 3012 dcvoraverint,
2770 2944 3056 2999 redimitur
3079 2959 3106 2997 a
3134 2930 3643 3014 languore'wedetn-

2058 3049 2298 3120 ptionem
2352 3044 2692 3116 insperatam
2742 3040 3043 3111 reperiens,
3076 3038 3289 3108 plagam
3333 3035 3436 3091 sibi
3470 3035 3647 3089 dona-

2058 3152 2169 3197 tam
2194 3158 2224 3197 c
2260 3140 2506 3194 vulnere.
2550 3135 2726 3192 Porro
2760 3134 3037 3189 maturius
3066 3132 3359 3186 sanitatem
3406 3131 3648 3184 \ttluetis

373 3242 497 3312 ίάθη
524 3257 543 3276 ο
575 3243 636 3296 οὐ
670 3242 779 3313 γὰρ
804 3241 1027 3312 τραῦμα
1050 3240 1211 3294 τοῦτο
1235 3241 1300 3296 ἂν
1331 3240 1601 3311 εἴποιμεν,
1620 3224 1754 3295 ἀλλὰ
1786 3243 1951 3315 τραύ-

2063 3243 2393 3290 consecutus
2408 3238 2512 3288 est.
2545 3228 2662 3285 Non
2687 3238 2871 3283 autem
2895 3229 2997 3281 hoe
3037 3227 3236 3281 vulnus
3264 3227 3462 3278 merito
3494 3225 3651 3279 dixe,-

374 3350 542 3404 ματος
576 3333 890 3403 φάρμακον,
922 3331 1018 3385 καὶ
1048 3331 1204 3385 νόσου
1257 3330 1530 3402 βοήθημα,
1560 3334 1651 3386 καὶ
1699 3334 1957 3405 παθήμα-

370 3445 462 3492 τος
501 3427 870 3499 ἕμπλαστρον,
898 3429 993 3481 καὶ
1038 3423 1338 3489 κακώσεως
1372 3425 1517 3479 ἴασιν
1549 3444 1562 3459 ·
1588 3428 1683 3480 καὶ
1744 3427 1956 3482 τελείαν

371 3521 471 3588 τὴν
495 3518 665 3588 ρῶσιν
694 3514 1059 3586 δρεψάμενος,
1091 3513 1261 3586 ὕμνον
1292 3511 1461 3569 εἰπὼν
1496 3516 1578 3579 είς
1624 3516 1750 3580 τοὺς
1812 3519 1956 3590 μάρ-

373 3627 567 3681 τυρας,
636 3608 733 3661 καὶ
792 3607 925 3661 Θεὸν
982 3607 1321 3678 ἀνυμνήσας,
1401 3607 1477 3670 ὡς
1526 3606 1764 3679 ἔπρεπεν
1797 3650 1811 3674 ,
1865 3610 1959 3666 τὸν

375 3700 442 3754 δι’
469 3696 649 3753 αὐτῶν
674 3698 975 3770 δεδρακότα
1002 3699 1101 3770 τὴν
1129 3699 1296 3765 ἴασιν,
1326 3697 1529 3770 ᾤχετο*
1586 3699 1814 3771 ἀφορμὴ
1864 3702 1959 3755 καὶ

377 3795 510 3863 ἡμῖν
530 3793 879 3865 χρηματίσας
908 3792 1002 3847 καλ⁸
1032 3791 1311 3863 πρόφασις
1323 3790 1421 3866 τῆς
1454 3793 1531 3856 είς
1561 3791 1793 3865 Χριστὸν
1817 3793 1958 3866 ᾠδῆς

381 3883 477 3937 καὶ
506 3885 633 3948 τοὺς
657 3884 967 3955 μάρτυρας.

381 3975 479 4031 ῐθσ.
505 3973 644 4043 Περὶ
669 3972 1033 4045 Στεφανιδος
1061 3971 1172 4042 τῆς
1206 3971 1475 4043 ἐχούσης
1508 3973 1613 4028 τὸν
1640 3978 1960 4044 καρκίνον.

458 4070 555 4121 Ἓν
587 4069 697 4123 τῶν
722 4067 1024 4138 θαυμάτων
1056 4066 1291 4138 γινέσθω
1322 4062 1417 4121 καὶ
1447 4067 1545 4136 τῆς
1578 4070 1896 4138 Στεφανίδος
1928 4076 1962 4146 ἡ

385 4160 685 4229 παράδοξος
718 4162 881 4229 ῐασις,
912 4161 1007 4219 καὶ
1037 4158 1227 4233 μηδεὶς
1262 4160 1565 4234 άπισέτω
1590 4162 1666 4233 τῷ
1696 4162 1963 4234 θαύματι,

383 4256 495 4313 τῶν
526 4256 700 4325 ἁγίων
731 4254 791 4311 τὸ
828 4254 1015 4317 σθένος
1060 4251 1507 4339 eraditst
1542 4257 1635 4308 καὶ
1668 4256 1829 4327 χάριν
1868 4259 1966 4327 τὴν

384 4349 629 4405 δοθεῖσαν
670 4347 858 4411 αὐτοῖς
909 4346 1291 4416 ἐπιστάμενος,
1326 4345 1377 4399 οἳ
1422 4346 1639 4418 νόσημα
1673 4350 1779 4402 πᾶν
1810 4348 1971 4421 θερα-

390 4440 649 4496 πεύουσιν
674 4441 768 4494 καὶ
794 4439 961 4510 pom
995 4437 1063 4493 δι’
1096 4432 1277 4492 οῐκτον
1302 4437 1620 4511 χαρίζονται
1652 4442 1819 4509 πᾶσιν
1857 4446 1972 4506 τοῖς

390 4533 599 4598 πιστῶς
647 4533 833 4597 αὐτοῖς
888 4527 1383 4602 προσπελάζουσιν.
1431 4531 1698 4602 Στεφανὶς
1759 4528 1853 4588 οὗν
1911 4536 1973 4591 τὸ

2060 3331 2186 3393 rim,
2252 3327 2349 3384 sed
2399 3324 2701 3381 remedium
2758 3322 3025 3386 vulneris,
3077 3332 3133 3376 et
3173 3320 3457 3390 languoris
3489 3320 3645 3371 auxi-

2061 3424 2217 3487 lium,
2278 3429 2334 3475 et.
2393 3417 2672 3491 passionis
2699 3415 3056 3489 emplastrum
3101 3413 3168 3469 ad
3196 3413 3484 3470 sanitatem
3514 3411 3652 3466 allii-

2061 3515 2283 3571 ctionis.
2333 3514 2397 3568 Et
2456 3511 2696 3583 perfecta
2745 3508 3014 3581 sospitate
3066 3515 3325 3579 recepta,
3387 3506 3650 3579 hymnum

2062 3606 2202 3664 dixit
2233 3609 2288 3662 iu
2314 3615 2625 3679 martyres;
2656 3603 2961 3675 Deumque,
2991 3601 3087 3674 qui
3113 3616 3211 3672 per
3235 3615 3329 3657 eos
3360 3599 3652 3654 sanitatem

2064 3707 2403 3770 patraverat.
2445 3698 2845 3755 decentissime
2895 3695 3157 3760 laudans,
3205 3692 3485 3764 profectus
3530 3702 3652 3755 est;

2068 3796 2243 3852 fomes
2278 3795 2439 3850 nobis
2462 3791 2697 3848 eﬂ'ectus
2723 3800 2889 3861 atque
2916 3787 3143 3845 orcasio
3174 3789 3225 3841 in
3256 3786 3535 3843 Christum
3569 3801 3659 3839 ia-

2067 3888 2231 3944 nendi
2260 3887 2465 3941 cantici
2502 3895 2556 3939 et
2598 3885 2652 3938 in
2687 3891 2979 3955 martyres.

2206 3977 2350 4033 XIX.
2401 3975 2473 4032 De
2514 3958 2837 4046 Slephanide
2860 3990 2976 4045 qua:
3010 3989 3261 4029 cancrum
3302 3969 3510 4024 habuit.

2138 4067 2318 4124 Unum
2344 4067 2733 4122 miraculorum
2758 4067 2845 4120 liat
2865 4067 3028 4122 etiam
3056 4064 3408 4135 Stephanidis
3424 4062 3662 4118 admira-

2066 4159 2193 4215 bilis
2223 4160 2453 4222 sanitas.
2474 4156 2631 4227 cujus
2661 4170 2824 4211 nemo
2852 4155 3172 4218 incredulus
3190 4155 3297 4209 erit
3320 4156 3585 4216 miraculi,
3613 4173 3659 4209 ει

2069 4259 2390 4307 sam-torum
2427 4248 2730 4321 potentiam
2764 4246 3054 4317 pouderct,
3088 4252 3142 4304 et
3174 4246 3358 4301 datam
3386 4248 3493 4303 illis
3523 4248 3662 4300 divi-

2073 4341 2223 4396 nitus
2254 4340 2486 4411 gratiam
2517 4348 2707 4411 aperte
2744 4338 3032 4420 comperit,
3060 4352 3166 4408 qua
3185 4352 3403 4392 oinnem
3434 4337 3662 4408 languo-

2075 4438 2187 4488 rem
2220 4442 2440 4496 curant.
2472 4439 2529 4487 et
2557 4430 2777 4485 cunctis
2803 4431 2897 4500 qui
2933 4430 2999 4483 ad
3035 4445 3095 4485 se
3127 4429 3361 4485 fideliter
3390 4430 3664 4485 accedunt

2076 4526 2368 4582 sanitatem
2418 4523 2798 4581 miserationis
2846 4524 3053 4581 intuitu
3094 4522 3322 4577 donant.
3369 4521 3665 4593 Stephan's

392 4625 655 4699 προτεθὲν
684 4626 816 4696 ἡμῖν
846 4624 928 4699 είς
953 4623 1215 4695 ἐξήγησιν
1240 4622 1484 4692 γύναιον,
1508 4624 1682 4689 πάθος
1711 4625 1834 4699 ἔσχε
1863 4627 1954 4681 δει-

2076 4636 2207 4693 ergo
2252 4621 2471 4685 mulier,
2507 4635 2630 4692 qua:
2679 4621 2744 4673 al
2801 4618 3120 4673 relationem
3175 4618 3333 4673 nobis
3380 4619 3661 4689 proposita

391 4720 479 4775 νὺν
510 4720 605 4775 καὶ
647 4719 900 4774 ἀνίατονο
952 4717 1212 4789 καρκίνος
1259 4717 1322 4772 τὸ
1372 4716 1548 4782 πάθος
1591 4716 1835 4787 ἐλέγετο,
1870 4720 1974 4774 οὐκ

391 4811 596 4883 ἀπᾷδον
622 4808 744 4882 ἔχον
787 4809 888 4878 τῆς
920 4808 1136 4879 φύσεως
1159 4807 1351 4879 ὄνομα·
1366 4807 1612 4879 καρκίνῳ
1628 4808 1735 4879 γὰρ
1760 4810 1968 4875 ἐοικὸς,

392 4903 620 4966 εἰκότως
655 4898 804 4971 αύτῷ
832 4902 927 4956 καὶ
969 4899 1071 4972 τὴν
1112 4897 1485 4973 προσηγορίαν
1510 4899 1769 4954 κοινωνὸν
1806 4917 1976 4972 προσ-

393 4994 634 5059 εδέξατο.
669 4994 777 5047 Καὶ
807 4991 969 5046 τοῦτο
1005 4990 1104 5061 μὲν
1143 4991 1389 5063 ὑπῆρχεν
1418 4992 1516 5064 τῆς
1548 4991 1874 5061 Στεφανίδος
1912 4991 1974 5048 τὸ

394 5086 631 5156 νόσημα,
661 5075 724 5137 οὗ
759 5083 917 5156 μόναι
956 5083 1054 5150 τὰς
1094 5083 1396 5167 ἀλγηδόνας
1432 5082 1753 5137 ἐπίστανται
1783 5100 1977 5152 γυναι,-

395 5177 506 5232 κῶν
532 5179 655 5232 ὅσαι
690 5176 1083 5250 πεπείρανται·
1143 5175 1323 5246 ίατρολ
1387 5172 1468 5239 δὲ,
1523 5175 1617 5228 καὶ
1666 5176 1874 5231 τούτων
1928 5179 1977 5236 οι

395 5270 663 5344 γενάρχαι
705 5269 939 5342 Γαληνὸς
970 5270 1065 5324 καὶ
1101 5268 1472 5339 Ἱπποκράτης
1494 5308 1509 5332 ,
1554 5267 1616 5323 τὸ
1648 5271 1748 5341 τῆς
1780 5268 1979 5340 τέχνης

397 5362 609 5432 κομψὸν
642 5362 1051 5433 σεμνολόγημα,
1080 5361 1181 5431 την
1202 5354 1373 5432 ἧτταν
1406 5359 1536 5432 βοᾷν
1563 5362 1664 5416 οὐκ
1689 5361 1981 5433 αἰσχύνον-

396 5462 509 5521 ‘Iot,
531 5454 624 5508 τὸν
652 5454 790 5529 πρὸς
817 5454 1079 5527 καρκίνον
1107 5454 1171 5509 τὸ
1205 5454 1376 5518 πάθος
1403 5455 1833 5526 παραιτούμενοι
1876 5457 1982 5512 πό-

400 5544 585 5616 λεμον,
632 5548 728 5602 καὶ
769 5548 882 5611 τοῖς
931 5544 1272 5619 νικητηρίοις
1326 5545 1459 5600 αὐτὸ
1509 5547 1978 5617 καταστέφοντες·

402 5635 576 5713 ταύτῃ
603 5637 911 5705 δεικνύντες
948 5635 1116 5692 αὑτοῦ
1145 5637 1242 5709 τὴν
1273 5638 1511 5706 φυσικὴν
1545 5636 1891 5708 σκολιότητα,
1918 5642 1985 5710 ἣν

401 5725 462 5779 ού
490 5725 786 5800 φάρμακον
812 5728 1086 5800 εὐτριεὲς,
1116 5728 1177 5781 ού
1229 5727 1580 5800 δραστήριον,
1628 5727 1732 5780 οὐκ
1778 5728 1987 5799 ἐμπλα-

406 5834 565 5890 στρος
590 5821 626 5892 ἡ
656 5819 922 5893 γαλόιανή
958 5838 1016 5875 τε
1050 5821 1140 5874 καὶ
1168 5821 1543 5891 πάγχρηστος,
1567 5819 1670 5891 οὐχ
1696 5821 1729 5891 ἡ
1751 5821 1983 5890 Φίλωνος

409 5896 721 5985 καλουμένη
759 5914 1048 5981 ἀντίδοτος,
1094 5914 1193 5969 οὐκ
1252 5913 1377 5968 ἄλλο
1409 5930 1461 5965 τι
1498 5913 1727 5983 φυσικόν
1778 5900 1835 5969 τέ
1891 5920 1983 5971 καὶ

2079 4726 2187 4776 est.
2232 4713 2544 4784 passionem
2581 4713 2777 4771 habuit
2820 4713 3101 4767 crudelem
3155 4720 3209 4767 et
3255 4713 3664 4777 insanabilem,

2079 4824 2203 4881 quae
2224 4822 2424 4867 cancer
2450 4807 2777 4878 appellatur,
2813 4821 2919 4860 non
2953 4805 3241 4860 dissonum
3272 4805 3484 4862 habens
3507 4823 3532 4858 a
3572 4824 3665 4860 na-

2082 4911 2205 4959 tura
2231 4916 2428 4959 nomen
2459 4914 2704 4967 ;eancro
2738 4900 2881 4955 enim
2903 4898 3096 4955 similis
3123 4897 3289 4960 facta.
3320 4914 3664 4967 ριιηεινιιιιιη-

2082 5001 2166 5049 ter
2199 4992 2268 5048 ab
2310 5006 2383 5046 eo
2422 4991 2595 5047 etiam
2640 4988 3088 5045 communionem
3140 4990 3356 5060 accepit
3392 4990 3664 5044 \ocabuli.

2085 5086 2149 5141 Et
2183 5088 2268 5140 hic
2291 5083 2515 5155 quidem
2546 5084 2914 5154 Ianguorerat
2936 5080 3313 5154 Stephanidis,
3341 5082 3503 5151 cujus
3534 5085 3665 5137 sola:

2080 5181 2303 5237 dolores
2366 5178 2449 5234 haa
2506 5176 2722 5232 l'ezuiuaa
2767 5185 2991 5242 norunt,
3061 5192 3191 5247 qua:
3217 5184 3455 5247 experta:
3499 5188 3666 5241 sunt;

2086 5272 2284 5328 medici
2321 5279 2502 5325 autem
2554 5270 2861 5341 horumque
2918 5281 3285 5341 praeceptores
3332 5267 3571 5325 Calenus
3613 5278 3670 5323 et

2087 5364 2468 5437 Hippocrates.
2503 5363 2593 5434 qui
2643 5362 2931 5418 medicina:
2960 5363 3096 5419 artis
3143 5370 3358 5431 compta
3404 5362 3666 5419 videban-

2087 5468 2178 5513 tur
2213 5473 2339 5515 esse
2381 5456 2623 5511 laudatio
2674 5464 2730 5511 et
2776 5455 3065 5526 gloriatio,
3123 5453 3534 5522 superationem
3582 5460 3667 5512 sui
3714 5510 3721 5520 ,

2088 5550 2328 5606 clamare
2375 5563 2485 5604 nou
2534 5544 2981 5611 confunduntur,
3034 5561 3141 5601 non
3194 5545 3359 5602 modo
3402 5547 3671 5605 adversus

2090 5641 2273 5696 cancri
2301 5638 2613 5709 passionem
2659 5639 2795 5693 mire
2824 5638 3079 5707 prndium
3120 5649 3460 5707 recusantes,
3492 5640 3673 5698 sedet

2092 5733 2237 5789 hanc
2268 5729 2515 5787 victoriis
2543 5736 2875 5787 coronantes
2907 5743 2923 5782 :
2957 5729 3060 5784 hoc
3095 5728 3259 5786 modo
3299 5740 3674 5788 monstrantes

2092 5826 2394 5883 naturalem
2419 5823 2595 5895 ipsius
2626 5825 2976 5893 pravitatem.
3006 5838 3170 5897 quam
3198 5838 3307 5880 non
3334 5805 3671 5882 medicamen

2094 5921 2233 5977 bene
2279 5920 2469 5974 tritum
2510 5923 2565 5973 ct
2601 5915 2811 5984 Cilicas,
2853 5930 2967 5972 non
2998 5915 3354 5989 emplastrum
3384 5917 3654 5989 galbianae
