4060 6236
317 347 330 405 Τ
398 403 539 469 3479

1267 405 1329 466 S.
1372 403 1788 465 SOPHRONU
1828 402 2333 464 PATRIARCHE
2376 402 2781 463 HIEROSOL.

3519 403 3664 471 3489

396 538 491 577 ειοιι
534 515 906 592 ραιιιιιιιίοειοε,
933 532 1040 573 non
1073 516 1382 572 antidotum
1416 519 1561 588 quod
1599 532 1825 574 vocatur
1853 517 2009 577 Ριιὶ-.

2113 534 2323 587 ικρατον
2375 517 2407 588 ἢ
2457 518 2522 569 ἐκ
2576 515 2874 585 συναφείας
2928 512 3102 580 εἴδους
3163 513 3348 586 ἐτέρου
3412 514 3687 588 ﬁctiones“

399 617 564 680 lmis,
601 631 709 671 non
744 614 891 668 aliud
933 614 1064 684 quid
1093 614 1344 668 naturale
1376 614 1460 668 vel
1502 615 1760 685 simplex,
1786 622 1881 667 aut
1915 628 1978 666 ex

407 706 771 777 opitulatione
810 704 1040 760 alterius
1083 704 1388 760 commistaa
1432 705 1633 774 speciei
1661 706 1860 758 factum
1896 720 1982 758 re—

411 799 674 862 medium,
694 799 888 855 sedare
916 797 1022 852 huc
1046 813 1218 867 usque
1234 797 1538 864 prazvaluit.
1574 796 1663 851 Sic
1694 797 1837 851 enim
1861 811 1983 866 pas-

406 893 492 948 sio
523 899 640 948 erat
674 888 923 956 immitis,
957 890 1152 947 sortita
1174 889 1396 944 insitam
1434 889 1724 954 feritatem,
1750 896 1802 944 et
1824 902 1984 942 oume

409 1000 440 1039 e
469 984 749 1040 contrario
781 982 1064 1038 deterrcns
1095 981 1238 1055 quod
1285 995 1346 1038 se
1372 981 1626 1054 mitigare
1667 982 1748 1037 vel
1781 981 1985 1053 pellere

401 1076 720 1147 appetisset.

469 1167 605 1223 Cum
626 1175 807 1222 autem
833 1165 1001 1236 hujus
1027 1166 1323 1239 Stephanis
1345 1168 1692 1238 cognovisset
1722 1167 1982 1223 invictam

403 1260 771 1334 tyrannidem,
809 1268 864 1316 et
884 1260 1154 1316 adversus
1181 1242 1327 1326 eam,
1359 1261 1644 1315 medicinae
1672 1261 1808 1315 artis
1831 1260 1985 1330 igua-

403 1355 571 1416 viam,
607 1370 771 1425 quam
804 1351 896 1424 qui
935 1352 1075 1407 hanc
1101 1353 1461 1409 sectabantur
1495 1353 1756 1423 operibus
1784 1362 1837 1407 et
1865 1367 1985 1408 ser-

407 1448 664 1505 monibus
690 1432 1093 1517 praedicabant,
1120 1454 1177 1500 et
1211 1446 1358 1517 quod
1386 1462 1493 1500 non
1523 1446 1626 1502 nisi
1663 1447 1764 1500 soli
1795 1445 1905 1501 Deo
1921 1460 1987 1500 ac

406 1538 775 1609 martyribus;
802 1538 1034 1610 languor
1065 1554 1200 1595 suus
1234 1539 1554 1600 inclinetur,
1588 1549 1638 1591 et
1660 1537 1997 1608 jubentibus.

405 1637 613 1697 parcat,
657 1628 724 1682 ad
770 1626 936 1682 Deum
981 1644 1040 1683 se
1105 1626 1402 1681 confestim
1455 1633 1508 1681 et
1566 1623 1768 1697 Cyrum
1821 1631 1987 1693 atque

403 1720 671 1774 Joannem
720 1718 928 1775 Christi
973 1719 1219 1773 omnium
1267 1717 1365 1771 Del
1409 1715 1669 1783 famulos,
1702 1715 1982 1781 contulit;

407 1828 569 1879 quam
606 1812 783 1866 sancti
824 1818 1093 1884 martyres
1135 1811 1467 1881 condignam
1493 1810 1651 1867 fidem
1682 1809 1803 1881 ejus
1842 1810 1895 1864 in
1928 1823 1988 1864 se

2087 606 2442 670 κατευνάζειν
2463 605 2632 659 ταῦτα
2661 607 2825 677 μέχρι
2850 606 2947 676 τῆς
2964 608 3202 677 σήμερον
3232 607 3474 678 ἴσχυσεν.
3506 607 3664 661 eam.

2085 698 2146 752 τὸ
2179 698 2349 760 πάθος
2382 699 2659 769 ἀνήμερον
2707 697 3014 768 προσλαχδν
3045 697 3373 769 ἀγριότητα,
3420 698 3514 751 καὶ
3557 702 3664 751 πᾶν

2084 790 2395 843 τούναντίον
2430 789 2628 860 φοϐοῦν
2679 789 2740 843 τδ
2788 788 3130 843 τιθασσεύειν
3181 789 3314 843 αὐτὸ
3361 788 3395 860 ἦ
3445 789 3665 844 διώκειν

2087 883 2431 955 γλιχόμενον.

2157 1155 2360 1209 τούτου
2389 1155 2447 1209 δὲ
2483 1153 2733 1225 μαθοῦσα
2776 1154 2871 1208 καὶ
2922 1154 3187 1223 Στεφανὶς
3228 1154 3292 1209 τὸ
3348 1137 3663 1225 τυραννικὶν

2088 1248 2184 1302 καὶ
2223 1248 2525 1318 ἀνήμερον,
2573 1246 2668 1300 καὶ
2694 1246 2793 1318 τὴν
2822 1246 2961 1318 πρὸς
2989 1246 3120 1300 αὐτὸ
3150 1247 3248 1317 τῆς
3289 1245 3544 1317 ίατρικῆς
3580 1246 3661 1297 τέ.

2086 1358 2220 1415 χνης
2248 1341 2555 1410 ἁδράνειαν,
2604 1340 2669 1411 ἦν
2693 1340 2742 1392 οί
2772 1338 2986 1409 ταύτην
3030 1338 3308 1408 μετιόντες
3351 1325 3535 1409 ἔργοις
3572 1338 3664 1388 καὶ
3718 1344 3721 1347 ‘

2087 1434 2267 1503 λόγοις
2301 1434 2625 1505 ἐκήρυττον,
2672 1432 2764 1484 καὶ
2793 1431 2869 1494 ὡς
2923 1431 3072 1500 μόνῳ
3100 1429 3220 1499 Θεῷ
3248 1447 3308 1483 τε
3345 1431 3436 1483 καὶ
3469 1430 3670 1498 μάρτυ-

2089 1544 2176 1581 σιν
2203 1524 2265 1579 τδ
2301 1524 2475 1588 πάθος
2502 1523 2673 1592 αὐτῆς
2706 1521 3074 1582 ὑποκλίνεται,
3107 1522 3203 1575 καὶ
3234 1519 3521 1573 κελεύουσι
3557 1518 3671 1572 πεί⁶

2087 1619 2264 1679 θεται,
2298 1616 2438 1688 πρὸς
2469 1615 2605 1668 Θεὸν
2631 1615 2793 1678 εὐθὺς
2821 1614 2915 1667 καὶ
2948 1612 3085 1683 πρὸς
3119 1612 3302 1682 Κῦρον
3347 1612 3444 1665 καὶ
3492 1611 3673 1664 Ἰωάνα

2087 1728 2186 1785 νην
2232 1710 2358 1774 τοὺς
2399 1707 2638 1779 Χριστοῦ
2690 1707 2785 1761 καὶ
2826 1705 2963 1758 Θεοῦ
3004 1704 3113 1758 τῶν
3163 1705 3298 1758 ὅλων
3335 1703 3671 1776 θεράποντας

2089 1802 2484 1879 ηὐτομόλησεν.
2506 1803 2616 1855 Καὶ
2634 1799 2837 1868 ταύτην
2873 1799 3093 1861 ἰδόντες,
3126 1797 3291 1863 ἀξίως
3323 1796 3425 1867 τῆς
3460 1797 3540 1858 είς
3575 1797 3677 1848 αὖ-

409 1904 651 1958 habitam
705 1903 1132 1959 honoraveruot.
1175 1901 1361 1957 Ilonor
1409 1911 1591 1957 autem
1634 1910 1753 1957 erat
1786 1900 1985 1957 celeris

2113 1894 2226 1958 τοὺς
2267 1893 2535 1963 ἐτίμησαν
2566 1890 2801 1953 πίστεως
2824 1905 2836 1918 ·
2874 1892 2906 1960 ἡ
2952 1889 3007 1941 δὲ
3039 1888 3172 1958 τιμὴ
3200 1891 3299 1958 τῆς
3328 1886 3551 1958 ταχείας
3594 1888 3677 1939 idt-

409 1997 663 2052 sanitatis
695 1996 921 2062 donum,
952 2005 1005 2051 et
1040 1996 1312 2066 passionis
1343 2009 1448 2065 qua
1488 1994 1704 2050 oceulte
1767 1994 1995 2049 teneba-

412 2098 502 2144 tur
539 2086 748 2158 ereptio
779 2095 945 2158 atque
980 2086 1304 2157 redemptio.
1346 2085 1555 2141 Sanant
1587 2086 1749 2155 igitur
1806 2086 1998 2141 mulie'

413 2195 524 2234 rem
588 2194 696 2234 non
763 2179 1215 2234 medicaminibus
1270 2179 1411 2234 haud
1466 2179 1807 2236 visibilibus.
1854 2179 1998 2232 sicut

330 2331 342 2351 l
410 2273 491 2325 eis
535 2272 706 2326 moris
772 2283 893 2327 erat
938 2271 1255 2327 laborantes
1294 2287 1513 2335 sanare,
1558 2272 1653 2328 sed
1690 2271 1998 2327 visibilibtts

414 2375 698 2429 tangentes
725 2365 977 2421 manibus
1012 2365 1341 2436 passionem.
1368 2363 1613 2432 Quadam
1650 2379 1885 2433 namque
1911 2364 1999 2420 die

412 2476 537 2514 cum
601 2468 728 2515 ante
783 2461 1137 2530 ntartyricum
1195 2439 1510 2514 sanctorum
1585 2466 1997 2513 monumentum

416 2560 644 2618 astaret,
684 2558 739 2605 et
776 2550 1115 2604 curationem
1146 2547 1374 2618 adipisci
1402 2548 1791 2618 deprecaretur
1829 2548 2000 2620 lacry—

420 2658 578 2697 tuaus
611 2651 666 2696 et
709 2643 1020 2711 suspirans,
1065 2648 1120 2695 et
1151 2639 1382 2694 ferventi
1423 2638 1528 2694 fide
1557 2639 2000 2712 supplicationes

419 2735 675 2798 ollerens,
715 2749 974 2789 cancrum
1020 2741 1268 2805 repente,
1297 2747 1627 2804 omnemque
1673 2747 1798 2787 cum
1828 2746 1894 2788 eo
1919 2732 2003 2787 lae-

420 2832 656 2893 siouem,
686 2836 740 2884 et
769 2843 891 2899 qua:
930 2825 1113 2883 fuerat
1152 2843 1216 2883 ex
1248 2828 1369 2899 ipso
1404 2836 1684 2896 generata,
1713 2823 2003 2908 infirmita-

421 2932 529 2976 tem
558 2920 812 2990 deposuit
839 2938 853 2975 :
883 2934 1044 2991 quem
1066 2919 1354 2977 cadentem
1381 2926 1436 2974 et
1458 2919 1839 2990 palpitantem,
1864 2917 2004 2972 mul-

424 3013 461 3065 ti
490 3012 710 3083 quidem
745 3019 873 3066 tunc
908 3012 1185 3075 viderunt,
1224 3011 1332 3066 diei
1362 2998 1566 3082 quippe
1598 3018 1818 3080 tempus
1862 3019 2002 3075 erat,

424 3121 487 3157 ιικ
515 3104 598 3159 his
644 3101 736 3172 qui
771 3111 994 3158 orantes
1036 3102 1263 3159 aderant
1289 3116 1447 3173 opem
1505 3101 1767 3172 consequi
1809 3100 2003 3171 depre-

2102 2001 2239 2047 σεως
2283 1983 2345 2036 τὸ
2368 1981 2541 2053 δῶρον
2567 1980 2885 2049 ἐτύγχανεν,
2918 1980 3013 2033 καὶ
3047 1979 3254 2040 πάθους
3298 1977 3392 2030 τοῦ
3427 1976 3675 2048 κρυφίως

2099 2077 2425 2145 κατέχοντος
2465 2072 2752 2141 ἀπαλλαγή
2778 2088 2837 2125 τε
2869 2072 2965 2126 καὶ
2994 2071 3286 2141 λύτρωσις.
3317 2068 3523 2123 ’ἰῶνται
3561 2067 3676 2122 τοί-

2100 2188 2192 2224 νυν
2223 2169 2283 2222 τὸ
2311 2167 2532 2237 γύναιον
2566 2167 2627 2219 ού
2672 2166 2987 2251 φαρμάκοις
3021 2165 3296 2234 ἀοράτοις,
3327 2163 3401 2226 ὡς
3423 2162 3542 2224 ἔθος
3575 2162 3676 2214 αύ-

2099 2264 2211 2326 τοῖς
2252 2260 2441 2315 ἰᾶσθαι
2480 2260 2607 2322 τοὺς
2638 2260 2971 2328 κάμνοντας,
2991 2257 3127 2311 ἀλλά
3155 2259 3371 2326 ὁρατοῖς
3401 2255 3558 2326 χερσὶ
3582 2252 3675 2307 τοῦ

2099 2354 2311 2416 πάθους
2342 2352 2636 2422 ἁψάμενοι.
2658 2350 2751 2402 Ἐν
2786 2349 2886 2420 μιᾷ
2916 2348 3025 2417 γὰρ
3053 2347 3129 2411 ὡς
3154 2348 3260 2418 πρὸ
3281 2345 3679 2416 τοῦ-μαρτυρι-

2100 2443 2200 2498 κοῦ
2254 2443 2362 2497 τῶν
2414 2443 2586 2510 ἁγίων
2640 2441 2831 2495 ἵστατο
2881 2440 3187 2512 μνήματος,
3239 2438 3336 2492 καὶ
3380 2436 3678 2505 θεραπείας

2099 2537 2390 2608 τυγχάνειν
2437 2533 2745 2589 ἐλιτάνευεν
2787 2531 3102 2604 δακρύουσά
3142 2547 3201 2583 τε
3250 2530 3346 2584 καὶ
3393 2528 3676 2590 στένουσα,

2102 2629 2198 2683 καὶ
2226 2626 2409 2680 πίστει
2437 2625 2614 2697 θερμῇ
2638 2623 2735 2686 τὰς
2773 2621 3012 2686 ἱκετείας
3046 2619 3453 2693 προσῳέρουσα,
3471 2620 3565 2673 καὶ
3586 2618 3680 2672 τὸν

2101 2718 2365 2790 καρκίνον
2414 2715 2619 2780 εὐθέως
2663 2714 2962 2779 ἀπέϐαλεν,
3014 2715 3109 2767 καὶ
3157 2714 3340 2767 πᾶσαν
3394 2712 3491 2766 σὺν
3532 2708 3682 2780 αὐτῷ

2104 2813 2332 2885 βλάϐην,
2390 2810 2487 2865 καὶ
2534 2809 2632 2880 τὴν
2666 2809 2725 2873 ἐξ
2779 2807 2945 2863 αὐτοῦ
2997 2804 3323 2875 τικτομένην
3374 2802 3680 2863 ἀσθένειαν.

2108 2904 2421 2976 ἐμπεσόντα
2471 2900 2567 2955 καὶ
2613 2899 2929 2971 σκαίροντα.
2967 2897 3080 2951 Kal.
3137 2896 3327 2949 πολλοὶ
3374 2894 3473 2965 μὲν
3519 2893 3684 2957 εὐθὺς

2102 2995 2266 3051 αὐτὸν
2299 2994 2593 3049 ἐθεάσαντο
2636 2991 2685 3061 (ό
2723 2991 2916 3060 καιρὸς
2954 2988 3063 3059 γάρ
3087 2986 3302 3059 ἡμέρας
3337 2982 3681 3056 ἐτύγχανεν),

2103 3087 2155 3143 οἳ
2181 3085 2439 3158 παρῆσαν
2466 3082 2773 3153 εὐχόμενοι,
2813 3078 2909 3132 καὶ
2932 3079 3115 3148 τυχεῖν
3148 3074 3401 3147 βοηθείας
3434 3073 3645 3128 ἐδέοντο
3665 3089 3679 3103 ·

427 3202 638 3247 cautes.
662 3164 824 3248 ’Μυιιῑ
862 3201 1046 3247 autem
1098 3206 1162 3247 ex
1202 3164 1431 3264 his,'qui
1464 3187 1532 3246 ad
1571 3164 2004 3244 orationem-ac-

2113 3179 2294 3235 πολλοὶ
2323 3177 2381 3232 δὲ
2412 3176 2507 3231 καὶ
2538 3173 2678 3246 μετά
2707 3172 2883 3226 ταῦτα
2917 3171 3267 3242 κρεμάμενον
3294 3168 3389 3222 καὶ
3418 3168 3513 3235 ἀφ’
3538 3164 3681 3235 ὑψηο

2113 3276 2124 3284 .
2176 3272 2202 3284 α
2269 3271 2282 3284 -
2395 3269 2422 3283 ο
2500 3269 2514 3284 .
2572 3268 2584 3284 .
2695 3267 2719 3284 ο
3014 3280 3075 3284 ,μ
3127 3262 3351 3284 “unum
3412 3260 3490 3284 _._
3520 3258 3681 3284 ,ρηηιη

428 3292 739 3349 cesserunt,
781 3292 835 3339 et
873 3291 1143 3356 martyres
1188 3283 1496 3339 honoribus
1541 3281 1807 3354 placaturi
1843 3296 2005 3336 vene-

431 3387 581 3443 ruttl,
630 3378 794 3432 etiam
838 3385 965 3447 post
1011 3378 1125 3431 haec
1160 3375 1508 3449 pendentem,
1552 3384 1606 3430 et
1634 3391 1700 3430 ex
1742 3374 1851 3428 alto
1880 3388 2008 3429 san—

431 3484 645 3524 ctorum
696 3469 954 3525 virtutem
998 3470 1415 3525 aununtiantem
1444 3466 1702 3524 viderunt
1728 3475 1784 3523 et
1815 3466 2008 3522 audie-

433 3568 578 3614 runt.
610 3561 651 3613 Α
684 3559 886 3629 quibus
921 3558 1036 3614 lucc
1078 3573 1202 3613 cum
1239 3559 1622 3623 audissemus,
1657 3557 2007 3628 scripsimus,

431 3659 487 3705 et
527 3650 580 3704 iu
618 3651 845 3707 veritate
894 3659 1296 3723 cognoscentes
1329 3649 1736 3722 praedicamus;
1786 3655 2011 3704 sanctos

436 3745 653 3815 quidem
686 3758 853 3815 super
885 3745 988 3800 hoc
1016 3742 1423 3810 gloriﬁcantes;
1459 3744 1780 3814 languentes
1804 3749 2010 3807 autem,

436 3843 493 3890 et
519 3850 616 3891 eos
645 3839 737 3906 qui
772 3835 1174 3891 insanabilibus
1209 3835 1565 3907 passionibus
1602 3833 2011 3903 deprimuntur,

437 3926 504 3979 ad
527 3941 717 3979 eorum
743 3925 930 3981 venire
956 3925 1297 3980 curationem
1325 3932 1573 3980 orantes.
1616 3923 1787 3979 Porro
1825 3921 1912 3977 hic
1946 3923 2011 3976 li-

2108 3272 2205 3331 λοῦ
2229 3271 2329 3344 τὴν
2352 3269 2463 3324 τῶν
2490 3268 2662 3337 ἁγίων
2690 3265 3080 3335 διαγγέλλοντα
3124 3262 3374 3333 δύναμιν,
3409 3260 3490 3323 είς
3517 3258 3701 3338 εὐχὴνι

2111 3362 2503 3435 ἀφικνούμενοι
2557 3361 2651 3415 καὶ
2703 3360 2829 3422 τοὺς
2895 3356 3205 3429 μάρτυρας.
3238 3353 3360 3423 Ἀφ’
3402 3346 3479 3407 ὧν
3527 3353 3691 3423 ἡμεῖς

2110 3449 2412 3529 ἀκηκοότες
2443 3451 2788 3522 ἐγράψαμεν,
2816 3450 2911 3503 καὶ
2950 3447 3215 3519 μαθόντες
3254 3445 3314 3498 ἐν
3341 3442 3570 3515 ἀληθείᾳ
3597 3459 3692 3512 κηο

2114 3548 2406 3621 ρύττομεν,
2439 3543 2567 3605 τοὺς
2600 3539 2789 3609 ἁγίους
2838 3537 2932 3592 ἐπὶ
2978 3536 3155 3607 τούτῳ
3182 3532 3534 3600 δοξάζοντεςο
3565 3531 3692 3594 τοὺς

2116 3638 2409 3700 νοσοῦντας
2457 3635 2514 3689 δὲ
2556 3631 3001 3702 κεκρατημένους
3054 3629 3294 3690 ἀνιάτοις
3345 3625 3691 3697 παθήμασιν,

2121 3731 2217 3786 ἐπὶ
2249 3730 2350 3801 τὴν
2377 3726 2560 3782 αὐτῶν
2587 3722 2763 3777 ἐλθεῖν
2797 3720 3095 3794 θεραπείαν
3130 3718 3557 3791 προτρέπονταιο
3592 3718 3696 3783 τὴν

2120 3822 2217 3877 τοῦ
2265 3820 2536 3891 παρόντος
2568 3815 2625 3870 δὲ
2673 3813 2956 3885 θαύματος
3008 3812 3260 3884 διήγησιν
3309 3809 3694 3881 ποιησάμενοι,

2125 3918 2214 3985 ἐφ’
2246 3915 2439 3986 ἐτέρας
2470 3907 2919 3980 θαυματουργίας
2955 3904 3244 3977 βαδιοῦμεν
3276 3904 3540 3976 διήγημα.

440 4031 564 4070 nem
619 4015 957 4071 narrationis
996 4014 1284 4087 prmsentis
1325 4015 1577 4070 miraculi
1636 4013 1925 4080 facientes,
1992 4010 2059 4068 ad
2129 4006 2360 4064 alterius
2426 3998 3082 4090 mirabilisoeperationis
3135 4011 3426 4070 pergamus
3480 3991 3701 4050 relatio-

442 4132 588 4172 nem.

849 4204 969 4263 XX.
998 4206 1076 4263 De
1097 4206 1280 4264 Maria
1313 4208 1630 4281 hydropico.

515 4299 678 4355 Multa
709 4301 867 4356 valde
901 4299 1291 4357 miraculorum
1321 4310 1405 4358 est
1430 4301 1713 4357 relationis
1744 4299 1954 4356 utilitas
2001 4317 2016 4355 :

452 4388 704 4444 fortassis
728 4388 877 4446 enim
906 4388 1184 4444 universis
1217 4387 1441 4459 πραπίδι
1472 4388 1563 4460 qui
1594 4389 1825 4444 audiunt
1853 4389 2021 4444 bene-

450 4480 593 4543 ficia,
625 4480 840 4536 animas
876 4480 1025 4550 ipsas
1052 4496 1161 4534 una
1196 4495 1319 4536 cum
1352 4482 1676 4553 corporibus
1712 4496 1934 4546 sanans,
1968 4487 2023 4533 et

2216 4196 2304 4252 κ’.
2335 4192 2475 4269 Περι
2509 4192 2739 4347 diem
2767 4186 2877 4256 τῆς
2908 4183 3179 4255 ἐχούσης
3213 4179 3322 4235 τὸν
3345 4177 3609 4246 ὕδρωπα.

2216 4286 2373 4347 Ιολλὴ
2399 4285 2543 4341 πάνυ
2629 4334 2638 4347 ,
2701 4270 2821 4336 τῶό
2861 4276 3158 4347 θαυμάτων
3183 4269 3515 4341 ἐπαγγελίας
3553 4268 3609 4321 to

2193 4286 2374 4359 Πολλὴ
2399 4268 2543 4341 πάνυ
2574 4268 2821 4353 ἦςλτῶά
2861 4276 3158 4347 θαυμάτων
3183 4269 3515 4341 ἐπαγγελίας
3553 4268 3704 4321 ἔστιν

2121 4382 2390 4455 ὠφέλειαο
2440 4379 2570 4440 ῐσως
2600 4375 2709 4445 γάρ
2756 4372 2967 4435 πάντας
3006 4369 3287 4447 εὐεργετεῖ
3316 4365 3445 4428 τοὺς
3478 4360 3708 4455 ἀκούονξ

2124 4452 2246 4542 τας,
2272 4472 2453 4545 ψυχὰς
2484 4467 2665 4525 αὐτῶν
2703 4465 3019 4537 ρωννύουσα
3049 4462 3147 4515 σὺν
3173 4460 3286 4522 τοῖς
3309 4456 3583 4527 σώμασινο
3609 4452 3707 4506 καὶ

450 4568 575 4622 aliis
604 4568 821 4637 quidem
846 4567 1004 4624 [Idem
1036 4570 1493 4627 abundantiorem
1528 4571 1717 4635 donat,
1750 4572 1874 4627 aliis
1898 4588 2009 4626 verr

2128 4568 2249 4628 ταῖς
2289 4542 2400 4634 *μὲν
2448 4559 2635 4612 πίστιν
2687 4553 3087 4629 περισσοτέραν
3129 4550 3436 4622 χαρίζεται,
3483 4547 3596 4609 τοῖς
3647 4542 3707 4644 ἀὲ

453 4657 840 4713 alienationem
871 4659 1242 4730 corporalium
1268 4662 1628 4732 passionum;
1660 4663 2029 4717 counnuniter

455 4761 636 4807 autem
663 4751 951 4822 utriusque
977 4754 1269 4814 animabus
1328 4764 1493 4826 atque
1525 4754 1856 4825 corporibus
1890 4754 2029 4808 lctie

457 4848 589 4901 tiam
613 4856 823 4901 castam
856 4857 909 4900 et
931 4846 1326 4918 gratissimam,
1350 4855 1404 4903 et
1428 4848 1884 4903 delectamentum
1908 4861 2033 4917 spe-

456 4939 582 4994 ciali
612 4938 981 4995 exsultatione
1007 4938 1296 5009 repletum,
1326 4954 1489 5010 quem
1525 4953 1713 4994 sermo
1762 4936 2036 4992 auditori-

458 5033 556 5086 bus
586 5032 946 5102 pronuntiare
987 5046 1096 5085 non
1147 5040 1351 5102 potest.
1401 5028 1517 5084 Hoc
1545 5044 1677 5101 ergo
1701 5027 2030 5100 praecedenti

460 5132 751 5196 carpentes
783 5123 1077 5189 miraculo,
1113 5130 1169 5177 et
1195 5123 1452 5193 praesenti
1474 5136 1694 5193 quoque
1721 5134 2033 5196 carpemus,

460 5216 963 5273 communicatores
985 5215 1167 5285 gaudii
1211 5224 1533 5271 sanaturum
1566 5212 1767 5273 eﬂccti,
1807 5222 1859 5267 et
1894 5212 2035 5284 piam

461 5319 781 5365 sanctorum
843 5306 1228 5379 gloriatiouem
1278 5306 1483 5362 sortiti.
1527 5302 1635 5360 Sed
1702 5304 1775 5358 ibi
1816 5304 2036 5371 quidem

466 5404 759 5475 Stephanio
799 5401 960 5458 nobis
1001 5399 1202 5454 laetitias
1240 5397 1387 5453 facta
1422 5407 1507 5454 est
1543 5413 1751 5463 causa;
1789 5397 1876 5450 hic
1910 5410 2041 5450 vero

469 5497 634 5551 Maria
668 5494 958 5558 efllcietur,
1001 5505 1124 5562 quae
1157 5505 1283 5546 cum
1324 5492 1632 5562 passionem
1686 5489 1909 5545 haberet
1960 5488 2043 5542 in-

468 5589 793 5654 sanabilem,
826 5593 1048 5657 propter
1073 5600 1225 5656 spcm
1264 5593 1561 5640 consecuta
1589 5593 1673 5637 est
1723 5581 2040 5638 sanitatem.

471 5683 533 5736 lat
556 5682 779 5752 quidem
810 5681 1126 5750 passionem
1164 5678 1336 5750 ipsam
1379 5677 1676 5749 hydropem
1708 5683 1905 5728 vocant
1934 5689 2045 5725 tue-

471 5772 1052 5841 tlieinalisﬂisciplina-
1075 5772 1258 5843 periti,
1280 5770 1373 5825 sed
1398 5768 1657 5841 prodesse
1683 5769 1763 5821 his
1783 5767 1875 5838 qui
1897 5767 1948 5819 in
1966 5778 2046 5818 ta-

477 5866 585 5921 lem
613 5863 1030 5934 dispositionem
1060 5865 1400 5925 devenerint,
1431 5876 1525 5917 nec
1559 5862 1613 5917 in
1639 5876 1833 5931 magno
1869 5875 1965 5914 nec
1992 5858 2044 5911 in

2132 4655 2464 4730 σωματικῶν
2494 4650 2684 4707 παθῶν
2712 4647 3092 4720 ἀλλοτρίωσιν,
3135 4643 3319 4715 κοινὴν
3358 4641 3416 4696 δὲ
3461 4636 3710 4710 ἀμφοτὲ-

2134 4767 2250 4823 ροις
2278 4749 2479 4819 ψυχαῖς
2510 4760 2570 4799 τε
2599 4742 2695 4797 καὶ
2751 4740 2998 4813 σώμασιν
3039 4734 3379 4807 εὐφροσύνην
3408 4735 3578 4805 ἁγνὴν
3613 4734 3712 4788 καὶ

2131 4842 2485 4915 τριπόθητον,
2532 4839 2626 4892 καὶ
2670 4835 2861 4910 τέρψιν
2913 4830 3290 4902 πνευματικῆς
3333 4827 3713 4897 ἀγαλλιάσεως

2133 4937 2433 5006 γέμουσαν,
2466 4930 2535 5003 ἢν
2568 4929 2726 4997 λόγος
2782 4922 3140 4993 ἀναγγέλλειν
3177 4921 3291 4984 τοῖς
3336 4917 3713 4990 ἀκροωμένοις

2135 5028 2195 5082 οὐ
2224 5024 2473 5081 δύναται.
2505 5021 2723 5090 Ταύτην
2752 5013 2848 5073 οὖν
2881 5020 2947 5071 ἐκ
2982 5014 3079 5070 τοῦ
3107 5011 3472 5085 προλαϐόντος
3503 5010 3714 5081 τρυγήο

2139 5135 2332 5181 σαντες
2357 5114 2652 5185 θαύματος,
2677 5111 2773 5167 καὶ
2799 5112 2862 5163 ἐκ
2890 5107 2984 5162 τοῦ
3019 5107 3287 5175 παρόντος
3321 5103 3714 5175 τρυγήσωμεν,

2136 5207 2388 5261 κοινωνοὶ
2416 5204 2518 5273 τῆς
2544 5202 2720 5274 χαρᾶς
2761 5201 2875 5263 τοῖς
2926 5197 3180 5267 ἰωμένοις
3227 5193 3580 5263 γιγνόμενοι,
3616 5189 3716 5242 καὶ

2138 5302 2237 5370 τῆς
2266 5299 2357 5351 ἐπὶ
2383 5297 2649 5368 μάρτυσιν
2672 5288 3073 5358 εὐσεϐεστάτης
3106 5286 3415 5357 αὐχὴσεως.
3435 5283 3579 5337 Ἀλλ’
3598 5284 3719 5335 ἐκεῖ

2145 5392 2245 5461 μὲν
2294 5392 2327 5460 ἡ
2381 5387 2644 5460 Στεφανὶς
2693 5386 2753 5439 τὸ
2782 5383 2880 5456 τῆς
2914 5379 3253 5452 εὐφροσύνης
3299 5377 3523 5447 γέγονεν
3557 5375 3715 5446 ἴαμα,

2144 5481 2378 5537 ἐνταῦθα
2417 5481 2474 5533 δέ
2514 5478 2704 5549 Μαρία
2741 5475 3056 5545 γενήσεται,
3097 5472 3268 5534 πάθος
3296 5472 3564 5541 ἐσχηκυῖα
3587 5467 3717 5521 δυσ-

2148 5577 2292 5631 ίατον
2326 5574 2420 5627 καὶ
2457 5572 2587 5642 παρ’
2618 5569 2809 5624 ἐλπίδα
2850 5566 3093 5620 λαϐοῦσα
3138 5564 3238 5636 τὴν
3282 5563 3447 5618 ἴασιν.
3502 5561 3614 5614 Καὶ
3659 5558 3723 5612 τό

2150 5670 2248 5740 μὲν
2277 5666 2449 5729 πάθος
2480 5666 2528 5718 οἱ
2565 5665 2659 5734 τῆς
2689 5662 2939 5733 ἰατρικῆς
2964 5661 3277 5729 ἐπιστήμης
3310 5655 3500 5725 ὕδερον
3531 5652 3721 5721 λέγω·
3820 5718 3823 5719 ν

2151 5779 2233 5813 σιν
2254 5779 2265 5790 ·
2302 5762 2494 5827 ὀνῆσαι
2531 5758 2587 5811 δέ
2616 5774 2667 5807 τι
2704 5756 2795 5808 τὸν
2823 5756 2902 5818 είς
2932 5752 3189 5823 τοιαύτην
3221 5749 3444 5805 ἐλθόντα
3479 5745 3720 5799 διάθεσιν

2150 5854 2247 5906 οὒκ
2300 5849 2594 5921 ἰσχύουσιν,
2619 5850 2678 5902 ού
2706 5847 2921 5918 μικρὸν,
2958 5847 3016 5899 ού
3058 5845 3333 5916 μέγιστον,
3363 5841 3423 5895 οὗ
3464 5855 3719 5912 παραμυο
