4060 6236
330 326 474 389 3593

1186 326 1246 386 S.
1293 322 1715 387 SOPHRONII
1752 314 2257 388 PATRIARCHr’E
2298 325 2701 390 HIEROSOL.

3458 320 3599 389 3182i

334 443 588 498 stendum
624 439 874 505 c‘ﬂectus.
922 436 1094 495 Porro
1125 440 1335 496 viscera
1377 457 1435 497 se
1473 440 1583 510 pati
1619 441 1911 505 clamabat,

2027 459 2186 506 ναιον,
2236 442 2331 495 καὶ
2372 440 2545 496 ταῦτα
2593 438 2896 496 δάπτεσθαί
2942 457 3001 493 τε
3049 439 3142 495 καὶ
3192 437 3598 510 σπαράττεσθαι

336 536 561 604 bamque
588 533 797 588 comedi
854 548 920 588 ac
956 535 1180 589 lacerari
1214 534 1481 604 plorabat,
1512 542 1567 589 et
1599 534 1746 588 aliud
1784 533 1915 602 quid

335 640 562 679 causam
596 624 1016 680 sciscitantibus
1047 638 1154 677 non
1188 624 1422 680 dicebat.

411 716 540 770 Illuc
593 723 775 770 autem
832 715 1171 769 medicorum
1236 729 1493 784 proceres
1542 712 1915 780 conﬂuentes,

337 821 515 875 neque
553 805 864 875 passionem
901 806 1333 874 cognoscebant,
1364 819 1542 873 neque
1571 819 1791 859 causam
1821 805 1918 859 de—

337 897 687 963 nuntiabant,
728 911 907 966 neque
957 896 1162 965 aliquid
1205 896 1555 965 patiebantur
1593 896 1786 949 offerre
1831 910 1917 948 rc-

337 989 607 1051 medium,
650 989 746 1043 sed
805 988 878 1042 nil
939 988 1204 1059 prodesse
1260 990 1537 1054 Valentes,
1586 988 1746 1059 quasi
1806 1003 1915 1042 non

337 1079 742 1150 apparuissent,
798 1081 1238 1136 revertebantur.
1298 1080 1419 1147 Quo
1471 1087 1773 1150 comperto,
1821 1080 1915 1149 qui

338 1170 554 1224 mulieri
606 1170 978 1241 pertinebant,
1015 1171 1289 1225 maturius
1338 1187 1456 1226 eam
1509 1170 1577 1225 ad
1624 1171 1824 1243 Cyrum
1864 1181 1918 1226 et

335 1259 603 1316 Joannem
658 1270 927 1334 martyres
980 1263 1222 1330 ducunt,
1284 1264 1426 1318 haud
1481 1265 1680 1319 divinae
1740 1265 1915 1319 virtu-

336 1353 408 1407 t's
455 1368 648 1408 eorum
711 1355 904 1425 ignari,
942 1370 1041 1425 per
1089 1370 1250 1425 quam
1305 1357 1598 1412 sanitatem
1649 1357 1946 1421 accedeu-_

337 1445 484 1499 tibus
510 1447 817 1516 porrigunt,
848 1456 901 1501 et
924 1462 1092 1517 Opera
1126 1459 1385 1519 peragunt
1420 1449 1761 1511 admiranda.
1795 1464 1917 1520 quae

338 1549 436 1587 nec
467 1551 650 1589 sermo
684 1542 867 1606 potest
897 1552 1179 1602 enarrare,
1212 1554 1314 1592 nec
1353 1540 1512 1607 plane
1550 1554 1749 1595 sensus
1777 1541 1919 1594 valet

337 1625 618 1681 hominum
650 1627 995 1700 intelligere;
1029 1645 1222 1685 omnes
1262 1630 1539 1686 beneficiis
1582 1645 1919 1703 persequen-
1948 1700 1963 1711 κ

336 1727 440 1776 tes.
471 1725 635 1786 atque
662 1719 969 1782 salvantes,
994 1728 1049 1775 et
1076 1734 1105 1774 a
1133 1720 1412 1775 continuis
1440 1722 1703 1791 periculis
1727 1738 1920 1778 eruen-

2018 531 2343 597 διωλόλυζεν
2362 551 2374 563 ·
2408 533 2596 605 ἕτερον
2623 531 2682 586 δέ
2710 548 2762 584 τι
2790 531 2903 595 τοῖς
2932 530 3035 603 τὴν
3062 530 3245 584 αἰτίαν
3268 527 3598 598 πυθομένοις

2018 627 2120 680 οὐκ
2149 625 2355 694 ἐλεγεν.
2388 628 2393 633 ’

2108 719 2321 771 Ἐκεῖσε
2350 717 2408 772 δὲ
2439 715 2548 769 τῶν
2581 715 2784 787 ἰατρῶν
2817 716 2864 769 oi
2908 715 3212 787 προστᾶται
3256 703 3598 786 συρρέοντες,

2017 806 2143 862 οὔτε
2179 808 2239 862 τὸ
2273 808 2446 872 πάθος
2474 807 2795 877 ἐγίνωσκον,
2835 806 2959 862 οὐτε
2988 807 3089 878 τὴν
3114 805 3294 860 αἰτίαν
3323 802 3599 875 ἀπήγγελο

2017 899 2147 965 λον,
2194 897 2320 952 οὔτε
2390 898 2733 969 προσφέρειν
2779 897 3064 968 ήνίσχοντο
3119 897 3432 967 φάρμακον,
3484 894 3599 948 ἀλλ’

2019 988 2361 1058 ὠφελοῦντες
2429 986 2553 1040 οὐδὲ
2600 986 2676 1050 ὡς
2729 986 2804 1056 μὴ
2852 986 3111 1053 φανέντες
3157 981 3600 1054 ὐπέστρεφον.⁸0

2023 1079 2292 1152 μαθόντες
2316 1083 2362 1132 οξ
2388 1078 2470 1150 τῷ
2495 1078 2704 1148 γυναίῳ
2736 1079 3110 1147 προσήκοντες
3128 1119 3142 1141 ,
3192 1074 3386 1130 θᾶττον
3430 1073 3601 1146 αὐτὴν

2018 1173 2157 1244 πρὸς
2202 1172 2386 1243 Κῦρον
2427 1172 2523 1226 καὶ
2567 1171 2822 1240 Ἰωάννην
2875 1170 3001 1231 τοὺς
3040 1168 3324 1239 μάρτυρας
3355 1168 3598 1234 ἄγουσιν,

2017 1265 2119 1319 οὐκ
2144 1266 2409 1334 ἀγνοηταὶ
2435 1264 2535 1334 τῆς
2562 1264 2710 1327 θείας
2740 1263 2921 1317 αὐτῶν
2934 1263 3085 1326 ὄντες
3107 1260 3414 1332 δυνάμεως,
3441 1259 3510 1314 δι’
3531 1256 3600 1332 ἦς

2017 1358 2120 1421 τὰς
2174 1359 2346 1420 ἰάσεις
2405 1360 2517 1420 τοῖς
2568 1354 2890 1427 προσιοῦσιν
2936 1355 3224 1426 ὀρέγουσιν
3264 1356 3357 1407 καὶ
3396 1353 3600 1425 δρῶσιν

2020 1445 2159 1518 ἔργα
2191 1445 2493 1516 θαυμάσια,
2542 1446 2578 1500 ἃ
2636 1446 2768 1516 μηδέ
2798 1446 2956 1514 λόγος
2986 1445 3209 1498 δύναται
3236 1442 3600 1515 διηγήσασθαι

2012 1540 2157 1611 ’μηδὲ
2182 1540 2375 1609 νοῆσαι
2408 1539 2596 1607 σαφῶς
2617 1538 2923 1609 ἀνθρώπων
2950 1537 3121 1609 ἰσχύει
3148 1537 3601 1598 διάνοια.πάντας

2020 1631 2440 1703 εὐεργετοῦντες
2474 1631 2567 1693 καὶ
2598 1629 2891 1696 σώζοντες,
2912 1630 3008 1682 καὶ
3045 1628 3308 1682 κινδύνων
3337 1626 3604 1682 unam).-

2020 1725 2200 1796 λήλων
2228 1724 2619 1796 λυτρούμενοι·
2657 1725 2731 1786 ὡς
2762 1722 2850 1775 διὰ
2894 1721 3056 1776 τοῦτο
3115 1721 3455 1794 δωρηθέντες
3491 1723 3601 1784 τοῖς

337 1817 452 1873 tes;
487 1809 582 1879 qui
616 1809 874 1864 nimirum
916 1819 1206 1881 propterea
1259 1811 1448 1866 donati
1500 1821 1631 1869 sunt
1675 1813 1916 1869 homini-

2027 1816 2330 1889 ἀνθρώποις
2361 1817 2411 1869 οἰ
2442 1815 2586 1885 ἅγιοι
2617 1857 2630 1880 ,
2669 1817 2765 1868 καὶ
2816 1814 2963 1877 δόσις
3004 1812 3185 1883 ἀγαθὴ
3227 1813 3323 1866 καὶ
3370 1810 3600 1884 δώρημα

336 1898 437 1955 bus
470 1900 668 1963 sancti,
706 1902 891 1956 datum
943 1901 1039 1955 Dei
1089 1903 1309 1974 benigni
1361 1905 1580 1975 optimi.
1607 1914 1662 1960 et
1712 1906 1915 1961 donum

337 1989 675 2061 perfectum,
727 2009 855 2064 erga
912 1993 1168 2050 homines
1231 1994 1516 2051 donatoris
1572 1997 1918 2052 clementiam

336 2083 641 2148 imitantes,
666 2081 861 2153 'atque'
898 2094 957 2141 ut
995 2085 1147 2158 digni
1198 2089 1381 2158 potius
1430 2089 1623 2145 datore
1660 2091 1917 2162 cognosci

335 2175 599 2243 valerent,
631 2192 796 2249 quam
828 2195 1032 2237 munus
1067 2180 1189 2252 ejus
1227 2180 1411 2237 facere
1442 2197 1551 2239 non
1586 2182 1919 2254 proficuum,

336 2269 682 2326 festinantes.

404 2358 508 2425 Qui
543 2368 596 2415 et
634 2373 785 2427 tunc,
812 2359 1085 2432 Martyria
1124 2362 1333 2418 miserti
1369 2362 1552 2419 taliter
1583 2363 1917 2431 dilaceratus,

337 2459 396 2504 ut
425 2451 687 2515 diximus,
719 2463 774 2507 et
824 2454 1053 2508 vocibus
1100 2456 1291 2510 arduis
1338 2455 1620 2526 ejulantis,
1655 2457 1723 2511 ad
1769 2472 1920 2511 som-

339 2558 467 2597 nunt
502 2544 870 2608 deduxerunt,
906 2555 960 2599 et
1000 2554 1061 2599 ut
1094 2546 1369 2602 somnium
1405 2548 1674 2618 aspiceret
1711 2563 1919 2619 praepa-

339 2644 617 2690 raverunt.
654 2636 764 2704 lpsi
814 2646 997 2691 autem
1033 2645 1192 2692 erant
1236 2638 1329 2708 qui
1381 2648 1437 2693 et
1476 2638 1665 2696 videre
1691 2641 1918 2705 dabant,

333 2734 386 2778 et
427 2727 521 2794 qui
569 2727 950 2796 apparebant:
985 2728 1135 2783 viros
1181 2729 1328 2783 enim
1373 2727 1593 2783 videbat
1635 2730 1687 2784 in
1734 2745 1922 2786 mona-

335 2819 560 2874 chorum
611 2819 858 2874 vestibus
903 2831 1286 2888 coruscantcs,
1328 2829 1383 2877 et
1424 2821 1601 2877 lenius
1643 2837 1709 2877 ac
1748 2823 1923 2894 placi-

336 2911 458 2967 dius
488 2911 790 2975 intuentes,
828 2921 1034 2968 etcum
1070 2914 1375 2967 reverentia
1416 2913 1722 2979 venientes,
1756 2922 1923 2984 atque

336 3005 585 3061 dicentes
615 3026 628 3061 :
658 3006 776 3073 Qua
807 3022 904 3076 pro
930 3022 1094 3061 causa
1129 3008 1311 3062 taliter
1340 3008 1570 3073 clamas,
1597 3017 1652 3063 et
1680 3007 1923 3063 dormire

2016 1909 2221 1963 τέλειον
2253 1907 2392 1962 Θεοῦ
2417 1907 2510 1961 τοῦ
2549 1907 2935 1979 φιλανθρώπου
2970 1905 3108 1976 πρὸς
3142 1903 3466 1976 ἀνθρώπους
3490 1905 3599 1957 ὐπ-

2020 1998 2306 2070 ἀρχοντες,
2340 1999 2437 2052 καὶ
2481 1997 2817 2070 μιμούμενοι
2846 1998 2908 2051 τὸ
2934 1996 3029 2050 τοῦ
3055 1996 3442 2068 δωρησαμένου
3483 1995 3604 2065 φιλ-

2018 2090 2328 2162 άνθρωπον,
2374 2091 2469 2144 καὶ
2520 2090 2846 2152 σπεύδοντες
2894 2088 3047 2154 ἄξιον
3083 2088 3286 2159 μᾶλλον
3313 2088 3406 2166 τοῦ
3436 2089 3598 2141 δεδω-

2019 2182 2177 2247 κότος
2200 2181 2548 2254 χαρίζεσθαι,
2576 2183 2722 2255 ήπερ
2771 2183 2944 2235 ποιεῖν
2978 2180 3142 2235 αὐτοῦ
3185 2182 3247 2235 τὺ
3278 2181 3451 2252 δῶρον
3478 2181 3602 2235 ἀνό-

2019 2290 2204 2344 νητον.
3487 2330 3490 2334 .

2091 2368 2156 2422 Οἳ
2202 2368 2298 2421 καὶ
2327 2365 2451 2420 τότε
2514 2363 2613 2437 τὴν
2662 2365 2990 2437 Μαρτυρίαν
3017 2365 3387 2434 οἰκτείραντες
3428 2362 3601 2426 οὕτως

2021 2459 2497 2529 σπαραττομένην,
2524 2456 2602 2520 ὡς
2628 2455 2732 2527 ἔφη
2742 2472 2861 2525 μεν,
2898 2455 2991 2509 καὶ
3019 2456 3225 2525 φωναῖς
3254 2453 3601 2525 διαπρυσίοις

2019 2551 2365 2624 οίμώζουσαν
2408 2549 2547 2622 πρὸς
2596 2547 2767 2602 ὕπνον
2820 2547 3169 2618 κατήγαγονο
3223 2547 3319 2600 καὶ
3352 2544 3603 2600 ἐνύπνιον

2022 2646 2119 2700 καὶ
2151 2645 2290 2714 δναρ
2320 2643 2454 2714 ὐρᾷν
2488 2641 2933 2714 παρεσκεύασαν.
2973 2640 3139 2692 Αὐτοὶ
3173 2636 3231 2691 δὲ
3257 2632 3398 2707 ἦσαν
3438 2639 3487 2690 οἰ
3516 2636 3605 2689 δε-

2021 2736 2254 2799 δωκότες
2287 2736 2421 2806 ὁρᾷν
2452 2735 2547 2788 καὶ
2575 2733 2894 2804 φαινόμενοι
2914 2747 2929 2760 ’
2962 2731 3164 2803 ἄνδρας
3210 2730 3324 2801 γὰρ
3374 2728 3604 2782 ἔϐλεπεν

2021 2829 2087 2883 ἐκ
2122 2826 2297 2899 μόνων
2321 2825 2431 2880 τῶν
2463 2824 2693 2895 ἱματίων
2724 2823 3142 2894 ἅστράπτοντας
3162 2861 3176 2886 ,
3206 2820 3302 2874 καὶ
3332 2821 3605 2892 προσηνές

2022 2937 2082 2974 τε
2117 2919 2416 2990 βλέποντας
2461 2917 2557 2972 καὶ
2610 2914 2908 2987 μειλίχιονο
2951 2914 3046 2967 καὶ
3097 2910 3235 2983 πρὸς
3271 2911 3442 2980 αὐτὴν
3484 2912 3604 2983 μετ’

2024 3012 2310 3076 εὐλαϐείας
2365 3010 2694 3083 ἐρχομένους
2745 3009 2841 3062 καὶ
2887 3006 3172 3073 λέγοντας⁹
3216 3003 3378 3067 Τίνος
3422 3001 3608 3056 ἐνεκεν

339 3109 447 3147 non
477 3093 616 3150 sinis
648 3108 745 3150 eos
777 3094 870 3163 qui
903 3095 992 3149 hic
1027 3094 1079 3147 in
1112 3093 1394 3150 laboribus
1428 3096 1825 3166 perseverant?
1855 3095 1922 3149 At

2028 3103 2171 3157 οὕτω
2206 3101 2356 3173 βοᾷς,
2381 3100 2477 3154 καὶ
2503 3096 2790 3153 καθεύδειν
2824 3096 2925 3149 οὐκ
2956 3095 3051 3165 ἐᾷς
3074 3092 3202 3155 τούς
3229 3093 3289 3145 ἐν
3312 3089 3489 3152 νόσοις
3519 3089 3609 3142 ἐν-

340 3187 428 3239 illa
475 3187 687 3241 viscera
727 3202 787 3241 se
826 3187 1013 3244 dolere
1057 3188 1364 3257 respondit.
1396 3189 1462 3242 Et
1494 3196 1771 3259 martyres
1800 3203 1923 3242 rur-

340 3294 437 3333 sus
466 3278 608 3333 ‘eam
658 3278 845 3334 verbis
898 3280 1201 3350 reciprocis
1252 3281 1668 3343 convenientes,
1712 3281 1786 3334 ita
1839 3280 1923 3335 in.

339 3371 541 3441 quiunt
571 3388 584 3424 :
617 3369 684 3424 Et
713 3372 829 3426 so!a
863 3380 918 3425 tu
950 3371 1195 3427 dolorem
1234 3372 1406 3428 habes
1437 3387 1506 3427 ex
1549 3371 1636 3427 bis
1663 3372 1922 3427 omnibus

341 3465 786 3534 iutpot-tabilem?
814 3476 866 3522 et
911 3465 1015 3520 hoc
1064 3464 1237 3530 dicto,
1272 3472 1437 3535 caput
1484 3464 1733 3519 mulieris
1776 3471 1925 3519 tenet

342 3568 592 3627 uterque,
625 3569 680 3614 et
716 3574 840 3614 cum
900 3572 964 3613 os
1009 3558 1130 3628 ejus
1181 3544 1435 3613 manibus
1481 3557 1922 3627 adaperuissent,

340 3651 579 3735 duorum
632 3651 840 3717 scnior,
894 3648 1073 3722 Cyrus
1126 3649 1382 3703 videlicet
1434 3647 1526 3702 ille
1555 3647 1844 3713 mirabilis,
1865 3647 1965 3701 in'

247 3748 267 3773 ο
341 3758 462 3798 ram
516 3750 603 3797 ter
654 3741 1004 3799 insuﬂavit:
1045 3747 1099 3796 et
1153 3740 1257 3796 hoc
1314 3738 1494 3807 facto,
1549 3738 1651 3809 ipsi
1706 3736 1924 3809 quidem

343 3836 501 3906 quasi
537 3842 908 3901 recesserunt,
942 3834 1035 3889 illa
1069 3847 1200 3889 vero
1249 3841 1360 3887 tam
1411 3848 1443 3888 ιι
1488 3832 1726 3896 somnio,
1759 3845 1925 3901 quam

343 3941 374 3981 a
407 3940 604 3983 somno
644 3924 899 3991 dimissa,
936 3923 1148 3980 doloris
1190 3921 1415 3993 quidem
1461 3920 1799 3977 mediocrem
1841 3934 1930 3975 re-

340 4020 522 4090 quient
572 4019 887 4084 sentiebat;
942 4017 1252 4088 urgebatur
1305 4022 1489 4070 autem
1545 4012 1614 4069 ad
1698 4012 1929 4069 latrinas

346 4116 554 4178 venire,
602 4126 714 4183 quo
768 4109 1099 4182 perveniens
1136 4107 1324 4172 sedet,
1375 4114 1449 4163 et.
1481 4106 1778 4174 palmaretn
1831 4118 1931 4174 per

343 4214 588 4259 ventrem
621 4217 861 4259 vermem
893 4201 1171 4269 deposuit,
1192 4199 1286 4271 qui
1315 4199 1438 4270 ejus
1466 4198 1685 4253 occulte
1716 4197 1928 4251 viscera

342 4296 686 4353 comedebat.
723 4294 896 4362 Quem
928 4293 1078 4349 velut
1114 4299 1330 4349 stercus
1371 4304 1662 4351 excreans,
1693 4287 1763 4342 ad
1798 4290 1922 4344 san-

343 4401 558 4444 ctorum
617 4390 871 4458 spiritum
927 4386 1175 4458 pulsum,
1226 4385 1444 4456 penitus
1492 4396 1523 4440 a
1566 4381 1853 4436 doloribus
1877 4387 1931 4434 et

2029 3196 2154 3252 θάδε
2187 3192 2630 3265 προσμένονταςς
2671 3189 2736 3243 Ἦ
2760 3189 2817 3242 δὲ
2847 3187 2916 3241 τὰ
2965 3186 3252 3255 σπλάγχνα
3284 3184 3469 3238 πονεῖν
3498 3182 3610 3234 ἀπ-

2024 3286 2299 3358 εκρίνατο.
2327 3282 2440 3338 Καὶ
2464 3282 2514 3336 ot
2553 3281 2830 3353 μάρτυρες
2859 3277 3023 3332 πάλιν
3054 3273 3225 3346 αὐτὴν
3250 3272 3610 3345 ἀμειϐόμενα

2026 3380 2290 3451 ῥήμασιν,
2316 3373 2438 3431 εῑτά
2491 3390 2656 3444 φασιν
2689 3387 2705 3402 ·
2732 3373 2843 3426 Καὶ
2891 3369 3025 3440 μόνη
3079 3366 3247 3421 ὕπνον
3291 3365 3357 3418 ἐκ
3405 3363 3612 3417 τούτων

2027 3472 2283 3537 ἁπάντων
2323 3470 2470 3540 ἔχεις
2508 3465 2820 3538 ἁφόρητονς
2854 3462 2962 3516 Καὶ
2992 3459 3151 3515 τοῦτο
3179 3458 3472 3529 φήσαντες,
3509 3453 3613 3525 τὴν

2026 3561 2270 3633 κεφαλὴν
2295 3560 2391 3614 τοῦ
2430 3557 2659 3629 γυναίου
2689 3552 2985 3627 κρατοῦσιν
3028 3549 3372 3621 ἀμφότερον
3419 3546 3515 3600 καὶ
3550 3546 3613 3598 τὸ

2029 3654 2204 3725 στόμα
2231 3650 2616 3719 διανοίξαντες,
2655 3650 2683 3702 ὁ
2725 3647 2835 3702 τῶν
2864 3644 2960 3698 δύο
2990 3640 3364 3715 πρεσωτερος
3406 3635 3615 3710 (Κῦρος

2027 3743 2182 3813 οὗτος
2206 3742 2276 3819 ἦν
2306 3748 2336 3801 ὁ
2371 3740 2684 3813 Θεσπέσιος)
2733 3738 2908 3809 τούτῳ
2959 3736 3083 3808 τρὶς
3111 3731 3445 3803 ἐνεφύσησεν
3464 3746 3478 3761 ⁸
3519 3729 3616 3784 καὶ

2027 3840 2187 3896 τοῦτο
2233 3840 2597 3911 ποιήσαντες,
2642 3833 2798 3887 αὐτοὶ
2853 3830 2972 3903 μὲν,
3007 3828 3196 3898 φησιν,
3228 3821 3612 3895 ἀνεχώρησαν,

2029 3933 2214 4006 ἐκείνη
2238 3933 2299 3988 δέ
2329 3931 2423 4001 τοῦ
2453 3946 2515 3984 τε
2543 3927 2729 4009 ὕπνουο
2753 3922 2967 3979 καὶτοῦ
3000 3920 3279 4009 δράματος
3304 3915 3574 4009 ἀπελύετο
3596 3931 3610 3945 ·

2031 4027 2127 4082 καὶ
2151 4005 2253 4097 τῆς
2277 4023 2378 4095 μὲν
2406 4021 2601 4092 ὀδύνης
2627 4005 2862 4090 μετρίως
2883 4013 3184 4071 ἐπέπαυτο,
3200 4008 3375 4063 ἐλθεῖν
3400 4006 3457 4060 δέ
3479 4005 3617 4077 πρὸς

2030 4115 2345 4189 ἀφεδρῶνας
2373 4107 2825 4189 ήπείγετᾳμῆνθα
2854 4103 3123 4176 γενομένη
3154 4099 3485 4164 καθέζεται,
3519 4098 3618 4189 καί.

2033 4115 2345 4189 ἀφεδρῶνας
2373 4108 2825 4274 ἠπείγετῌνθα
2854 4108 3123 4176 γενομένη
3154 4108 3485 4164 καθέζεται,
3519 4108 3618 4152 καὶ

2033 4207 2338 4279 παλαιστὴν
2369 4204 2458 4259 διὰ
2488 4220 2597 4272 γασ
2680 4219 2730 4264 ις
2760 4198 3078 4269 κατήγαγεν
3108 4192 3389 4263 σκώληκα,
3430 4191 3522 4245 τὸν
3546 4188 3620 4243 τὰ

2036 4302 2320 4370 σπλάγχνα
2347 4295 2590 4367 κρυφίως
2622 4290 3002 4354 κατεσθίοντα,
3036 4286 3095 4341 ὃν
3143 4286 3221 4349 ὡς
3247 4284 3454 4354 κόπρον
3486 4297 3620 4335 κατ-

2038 4395 2174 4451 ιέναι
2197 4392 2530 4447 κελεύουσιν.
2586 4386 2792 4441 Τούτου
2828 4383 2887 4438 δὲ
2919 4381 3014 4436 τοῦ
3047 4379 3256 4440 πάθους
3283 4374 3623 4443 ἀπαλλαγεῖ-

345 4481 774 4538 lacerationibus
824 4480 1057 4536 liberata
1111 4485 1233 4547 est;
1281 4476 1610 4550 hymnisque
1667 4473 1924 4544 martyri-

2033 4506 2101 4543 σα
2128 4486 2222 4542 καί
2251 4482 2548 4555 Μαρτυρία
2576 4479 2760 4540 ἐλέους
2809 4474 3096 4544 ἐπέτυχεν,
3129 4471 3316 4542 χάριτι
3361 4469 3454 4522 καὶ
3492 4467 3618 4536 φιλ-

347 4576 447 4630 hus
475 4574 794 4637 cumulatis,
831 4587 965 4628 sana
1000 4580 1055 4630 et
1091 4572 1261 4627 illaesa
1291 4571 1543 4625 recessit.
1575 4567 1846 4646 Cltmﬂtta
1878 4572 1933 4618 et

344 4682 446 4723 nos
472 4666 663 4721 eadem
698 4665 807 4722 illis
848 4665 1144 4738 hymnodia
1186 4663 1377 4727 allata,
1427 4660 1658 4716 alterius
1695 4660 1931 4729 hymno-

343 4760 444 4816 dize
487 4757 756 4813 faciamus
790 4756 1097 4822 obtentum,
1135 4754 1366 4812 alterius
1408 4752 1729 4807 relationem
1764 4749 1931 4803 mira-

344 4850 452 4905 culi
493 4848 786 4906 facientes.

410 4960 576 5017 XXII.
613 4960 690 5016 De
713 4958 1135 5032 Sarapammone
1166 4956 1342 5012 sciron
1373 4954 1595 5009 habente
1626 4954 1681 5009 in
1711 4955 1858 5025 pede.

407 5121 549 5189 Quid
605 5129 789 5176 autem
834 5118 1106 5172 illustrem
1157 5114 1653 5183 Sarapammonem
1708 5112 1930 5183 negligi-

343 5212 513 5269 mus?
566 5214 611 5267 si
670 5225 797 5267 eum
839 5205 1215 5280 prmtergredi,
1257 5212 1313 5260 et
1360 5219 1487 5258 cum
1540 5203 1772 5272 reliquis
1821 5217 1929 5257 non

340 5315 656 5360 enarratum
710 5303 969 5359 deserere
1017 5299 1297 5361 nolumus,
1339 5311 1575 5367 quorum
1624 5295 1933 5349 multitudi-

345 5415 466 5454 netn
515 5399 620 5454 scit
666 5396 953 5452 hominum
990 5392 1210 5463 quidem
1266 5391 1474 5447 nullus.
1508 5388 1603 5444 sed
1655 5403 1755 5442 nec
1795 5403 1929 5442 cott-

340 5491 511 5559 jicere
541 5496 742 5559 potest,
769 5487 877 5543 scit
925 5494 1107 5540 autem
1142 5483 1296 5539 solus
1326 5482 1496 5542 Deus,
1522 5486 1577 5535 et
1608 5486 1728 5550 post
1763 5476 1928 5533 Deum

347 5589 621 5649 martyres
667 5578 758 5647 qtti
795 5575 1085 5631 sanabant.
1135 5574 1278 5645 Ergo
1325 5570 1573 5627 dicemus
1614 5568 1735 5640 ejus
1781 5568 1928 5621 infir-

350 5670 613 5731 mitatem,
647 5680 701 5723 ct
750 5684 875 5724 cum
934 5668 1038 5722 hac
1094 5664 1667 5723 misericordissimam
1727 5662 1931 5716 sanita-

348 5774 482 5830 tem,
512 5776 675 5832 quam
712 5763 776 5815 ad
815 5777 1005 5815 omnes
1048 5759 1253 5831 cgt‘caii
1303 5757 1378 5812 illi
1421 5755 1701 5813 evidenter
1746 5761 1929 5807 osten-

2034 4578 2323 4652 ανθρωπία
2354 4573 2594 4646 Χριστοῦ
2623 4570 2718 4626 τοῦ
2754 4567 2890 4623 Θεοῦ
2915 4566 3108 4639 ήμῶν,
3144 4563 3239 4618 καὶ
3262 4562 3374 4616 τῶν
3407 4558 3627 4616 σεπτῶν

2033 4671 2360 4745 ἀναργύρων
2385 4666 2696 4739 δωρήμασι.

2033 4941 2163 4996 ΚΒ’.
2205 4937 2342 5006 Περί
2375 4925 3122 5071 Σαραπὰμιὲιιέζεξοῖιῖρον
3181 4924 3270 4990 εἰς
3312 4921 3421 4975 τὸν
3457 4917 3622 5021 πόδα

2103 5102 2169 5156 Τί
2200 5101 2257 5154 δὲ
2300 5100 2395 5153 τὸν
2421 5096 2676 5168 λαμπρὸν
2704 5092 3144 5165 Σαραπάμμωνα
3190 5084 3463 5156 μέλλομεν
3483 5121 3500 5145 ,
3546 5080 3626 5132 εἰ.

2033 5210 2139 5263 περ
2163 5190 2326 5245 αὐτὸν
2356 5187 2649 5261 παρελθεῖν
2677 5188 2738 5240 οὐ
2772 5180 3099 5254 βουλόμεθα,
3134 5176 3257 5232 οὐτε
3287 5173 3618 5263 καταλιπεῖν
3661 5242 3668 5252 ⁸

2036 5259 2173 5357 μετὰ
2222 5282 2332 5336 τῶν
2377 5259 2580 5335 λοιπῶν
2629 5278 2958 5348 ἀδιήγητον;
2991 5267 3067 5327 ὧν
3103 5272 3203 5342 τὴν
3262 5268 3474 5340 πληθὺν
3509 5259 3623 5318 οἰδε

2037 5378 2137 5448 μὲν
2184 5374 2490 5447 ἀνθρώπων
2544 5371 2741 5434 οὐδεὶς,
2795 5367 2918 5422 οὐδὲ
2948 5361 3308 5435 στοχάζεσθαι
3355 5360 3619 5414 δύναται·

2035 5467 2172 5525 οἶδεν
2205 5468 2261 5522 δὲ
2315 5468 2473 5539 μόνος
2518 5464 2671 5529 Θεὸς,
2711 5462 2803 5517 καὶ
2843 5461 2890 5515 οἱ
2936 5457 3075 5529 μετὰ
3121 5456 3252 5511 Θεὸν
3292 5452 3624 5521 ἀκεσάμενοι

2040 5562 2337 5632 μάρτυρες.
2373 5555 2586 5613 Οὐκοῦν
2606 5555 2849 5624 λέξωμεν
2875 5548 3041 5605 αὐτοῦ
3065 5546 3164 5618 τὴν
3193 5545 3498 5610 ἀσθένειαν,
3529 5544 3628 5597 καὶ

2040 5654 2156 5725 μετ’
2192 5654 2362 5722 αὐτῆς
2391 5652 2489 5722 τὴν
2524 5647 2903 5719 φιλάνθρωπον
2943 5644 3108 5706 ἴασιν,
3152 5643 3217 5711 ἢν
3258 5642 3305 5692 οἰ
3347 5636 3632 5691 θεσπέσιοι

2036 5749 2169 5821 πρὸς
2215 5749 2420 5810 πάντας
2463 5747 2648 5817 σαφῶς
2676 5741 3096 5803 ἐπιδείκνυνται,
3127 5736 3264 5792 Θεοῦ
3305 5730 3629 5802 dilati-rego:-
