4060 6236
230 460 260 471 δ

307 372 453 435 3435

1268 372 1371 433 SS.
1396 370 1704 433 CYRl-ET
1736 369 1979 431 JOANN
1995 372 2061 430 lS
2103 371 2517 433 Ml-RACL'LA.

3451 367 3592 430 3486

305 482 437 535 πίαν
468 478 818 551 μιμούμενοι,
851 481 943 534 καὶ
970 480 1032 536 τὸ
1061 484 1320 551 συγγενὲς
1349 483 1604 554 εύμαρῶς
1628 482 1897 537 ἐποικτεί-

2021 481 2163 546 lunt,
2199 485 2446 539 divinam
2497 482 2847 539 clementiam
2907 482 3213 545 Imitantes,
3260 491 3315 535 et
3361 478 3595 551 benigne

307 590 534 645 ραντες’
563 574 691 628 Τοῖν
720 575 905 629 ποδοῖν
932 578 960 630 ὁ
984 576 1385 647 Σαραπάμμων
1414 576 1506 630 τὸν
1541 576 1728 645 ’ἕτερον
1758 576 1895 629 ἔπα-

308 684 463 746 σχεν,
495 666 590 720 καὶ
624 665 684 720 τὸ
715 666 887 732 πάθος
916 670 996 732 εἰς
1015 669 1180 739 τέρας
1205 670 1294 721 τὸν
1320 667 1610 740 ἄνθρωπον
1645 667 1894 738 ἤμειϐενο

303 761 366 811 οὐ
391 757 615 829 τραῦμα
642 757 751 830 γὰρ
783 754 872 831 ἦν,
907 760 940 833 ἢ
975 762 1270 832 φυμάτιον,
1300 761 1332 832 ἢ
1365 761 1554 830 ἕτερον
1582 760 1900 830 σύμπτωμα

308 849 496 921 ῥᾳδίαν
529 849 653 922 ἔχον
692 852 791 921 τὴν
838 853 983 906 ἴασιν
1005 896 1021 919 ,
1057 854 1173 907 ἁλλ’
1207 856 1234 906 ὁ
1271 855 1401 923 παρ’
1455 854 1663 925 ἰατροῖς
1715 858 1899 925 σκῖρος

306 939 620 1011 λεγόμενος,
675 942 812 1013 ὅπερ
868 944 1274 1014 ἐπαχθέστατον
1319 945 1555 1016 νόσημα,
1588 945 1706 998 ὅλον
1735 945 1902 998 αὐτοῦ

308 1032 404 1087 τὸν
421 1033 555 1087 πόδα
578 1035 742 1106 μέχρι
766 1036 1037 1107 βουϐῶνος
1060 1038 1375 1110 περιλαὸδν⁹
1435 1039 1510 1101 ὡς
1562 1037 1732 1092 ἀσκὸν
1760 1039 1900 1091 άπε-

312 1126 550 1192 τὲλεσεν,
597 1127 1045 1184 πολυπλασιάσαν
1088 1130 1166 1199 τῷ
1211 1129 1364 1199 ὄγκῳ
1431 1129 1564 1199 πρὸς
1608 1130 1697 1184 τὸν
1770 1129 1902 1196 ὑγιᾶ

314 1219 797 1291 καταλειπόμενον.
827 1223 984 1276 Οὕτω
1018 1225 1125 1292 γὰρ
1161 1222 1317 1275 τοῦτο
1357 1223 1417 1275 τὸ
1458 1221 1764 1293 τερατῶδες
1803 1223 1902 1293 ἀρ-

316 1309 586 1383 ρώστημα
628 1312 764 1377 τέως
795 1315 886 1367 τὸν
915 1314 1109 1385 ἔχοντα
1140 1316 1354 1386 τίθησιν
1387 1316 1745 1382 ἐναλλαγείας
1789 1314 1898 1382 ἀφ-

317 1403 526 1474 αιρέσει
560 1405 652 1458 καὶ
680 1407 969 1479 προσθήκῃ
1000 1407 1093 1460 τοῦ
1120 1406 1383 1471 πλείονος,
1416 1407 1519 1469 ἕως
1544 1407 1608 1460 ἂν
1635 1406 1696 1459 τὸ
1726 1405 1898 1476 ὑπέρ-

315 1510 481 1563 ογκον
504 1496 765 1567 αύξήσεσι
788 1499 1003 1572 περάσῃ
1022 1498 1129 1551 τῶν
1154 1498 1442 1568 βουϐώνων
1464 1499 1555 1552 τὸν
1580 1497 1897 1568 σύνδεσμον,

320 1587 416 1642 καὶ
445 1588 566 1643 ὅλον
598 1590 841 1663 ἀπολέσῃ
876 1591 967 1644 τὸν
996 1591 1305 1660 ἄνθρωπον.

2001 576 2270 646 proximis
2321 576 2733 633 miserationem
2785 587 3149 647 praestantes”
3174 574 3382 632 Pedum
3433 572 3596 631 Sara-

2002 682 2225 738 pammo
2259 668 2315 722 in
2350 669 2525 724 altero
2576 668 2908 737 patiebatur,
2949 669 3245 739 passioque
3294 666 3598 736 ad‘prodi-

2002 762 2152 832 gium
2213 761 2491 817 hominem
2549 762 2945 817 transdnccbat
2986 779 2999 815 :
3042 775 3151 815 non
3208 760 3355 814 enim
3393 758 3602 812 vulnus

2003 861 2145 919 erat,
2180 864 2274 908 aut
2307 855 2529 924 papula,
2563 865 2658 908 aut
2701 870 2864 910 casus
2909 854 3050 908 alius
3080 854 3175 923 qui
3208 852 3393 907 sanari
3438 850 3599 904 facile

2005 946 2199 1015 possit,
2234 945 2331 1000 scd
2369 945 2517 1014 quod
2547 961 2577 1000 a
2612 945 2841 1000 medicis
2879 946 3057 1000 sciros
3092 944 3327 1007 dicitur,
3363 942 3600 1012 languor

2004 1037 2259 1090 videlicet
2305 1037 2605 1106 pessimus,
2638 1038 2733 1106 qui
2765 1046 2942 1092 totum
2974 1035 3164 1106 pedem
3211 1034 3386 1103 ipsius
3420 1048 3598 1100 usque

2005 1130 2072 1184 ad
2120 1130 2402 1200 inguinem
2443 1132 2876 1201 circumplexus,
2915 1131 3060 1186 sicut
3113 1137 3289 1181 utrem
3339 1125 3596 1197 patravit,

2006 1222 2379 1291 multiplicans
2407 1221 2553 1276 hunc
2586 1221 3020 1291 incompassibili
3065 1219 3227 1282 mole,
3264 1219 3436 1270 multo
3481 1231 3599 1269 am-

2007 1313 2150 1384 plius
2174 1329 2339 1383 quam
2375 1315 2513 1369 alter
2535 1325 2652 1368 erat
2679 1316 2771 1381 qui
2804 1329 2974 1367 sanus
3000 1328 3124 1367 esse
3151 1311 3464 1365 videbatur.
3505 1307 3597 1361 Sic

2006 1407 2151 1460 enim
2189 1409 2302 1461 haec
2331 1406 2641 1478 prodigiosa
2672 1407 2962 1461 inﬁrmitas
3003 1404 3222 1459 interim
3262 1403 3349 1456 sui
3377 1401 3601 1457 exhibet

2008 1510 2404 1565 possessorem,
2440 1497 2770 1567 commutari
2826 1495 3034 1549 faciens
3090 1495 3208 1563 ejus
3256 1493 3489 1545 fortnam
3547 1500 3600 1541 cl

2010 1589 2282 1651 babiznm,
2316 1598 2424 1643 tam
2458 1589 2792 1657 aequalitatis
2835 1587 3217 1643 subleVatione
3261 1599 3427 1655 quam
3475 1583 3599 1653 plu-

322 1681 400 1736 ris
478 1682 782 1749 additione,
825 1683 1002 1740 donec
1049 1685 1366 1755 ingentibus
1415 1682 1773 1741 incrementis
1844 1683 2243 1738 connexionem
2299 1683 2585 1754 inguinum
2662 1690 2928 1748 transeat,
2995 1689 3051 1736 et
3098 1689 3273 1735 totum
3326 1679 3599 1735 hominum

314 1772 537 1843 perdat.

404 1908 544 1963 Ἀλλ’
582 1907 664 1962 ἔτι
690 1906 786 1960 τοῦ
823 1907 1027 1971 πάθους
1049 1907 1350 1973 νεάζοντος,
1382 1910 1476 1962 καὶ
1509 1908 1685 1978 ἀρχὴν
1720 1907 1910 1976 γεννή-

328 2012 496 2064 ματος
538 1995 782 2062 ᾰγοντος.
827 1997 855 2049 ὁ
895 1997 1077 2066 πατὴρ
1128 1996 1408 2059 Ἰουλιανὸς
1436 1997 1633 2067 (οὕτως
1668 1996 1907 2064 ἐλέγετο)

323 2088 449 2151 τοὺς
468 2087 578 2141 τῶν
607 2087 810 2158 ἰατρῶν
841 2086 1125 2157 ἐξέχοντας
1154 2089 1334 2159 φέρων
1366 2090 1627 2155 ἱκέτευεν,
1662 2090 1911 2163 ἐρρωμέ-

325 2192 415 2231 νον
444 2177 592 2247 αύτῷ
633 2179 722 2231 τὸν
757 2177 921 2231 παῖδα
955 2179 1308 2250 χαρίσασθαι.
1344 2178 1571 2248 μισθοὺς
1605 2180 1788 2244 ἀξίους
1816 2179 1912 2233 δώο

330 2290 427 2344 ρου
458 2270 809 2342 χαρίσασθαι.
846 2272 913 2325 0i
941 2271 997 2324 δὲ
1031 2271 1124 2324 τδν
1152 2271 1394 2340 Γαληνδν
1429 2271 1909 2344 περιστρέφοντες,

327 2366 423 2420 καὶ
447 2366 555 2440 τὸν.
573 2364 941 2437 Ἱπποκράτην
970 2365 1184 2426 ἑαυτοῖς
1240 2363 1629 2429 ἀνελίττοντες,
1664 2366 1757 2418 καί
1780 2365 1913 2418 πολ-

325 2460 398 2514 λὰ
435 2461 531 2531 μὲν
558 2459 635 2529 τῷ
669 2459 914 2512 νοσοῦντι
957 2457 1384 2528 προσφέροντες,
1410 2460 1495 2521 εἰς
1532 2458 1689 2512 κενὸν
1718 2458 1774 2512 δὲ
1805 2476 1912 2511 πυ-

328 2551 747 2616 κτεύοντες,καὶ
779 2550 1011 2622 ἀνόνητα
1028 2549 1352 2618 κάμνοντες,
1379 2549 1473 2603 καὶ
1510 2551 1674 2621 μηδὲν
1699 2550 1914 2621 ὠφελῆ-

331 2661 424 2699 σαι
454 2645 761 2713 δυνάμενοι,
785 2643 936 2706 τέλος
964 2641 1293 2704 ἐπαύσαντο,
1322 2644 1389 2713 τῇ
1420 2642 1599 2713 παύλῃ
1618 2641 1716 2713 τὴν
1742 2636 1914 2713 ἦτταν

331 2735 716 2806 κοιμίσαντες,
753 2735 847 2787 καὶ
885 2734 984 2805 τὴν
1023 2733 1119 2786 τοῦ
1162 2732 1368 2796 πάθους
1415 2733 1725 2805 ἀπόρθητον
1753 2734 1914 2789 δύνα-

335 2845 449 2898 μιν.
465 2826 745 2885 Ἐντεῦθεν
776 2826 868 2880 ἐπὶ
901 2825 1082 2896 Κῦρον
1107 2826 1137 2877 ὁ
1157 2824 1276 2887 νέος
1298 2826 1392 2877 καὶ
1436 2823 1689 2894 Ἰωάννην
1718 2824 1914 2896 ὲφέρευ

336 2938 392 2973 το
412 2936 428 2952 ο
450 2919 671 2982 τούτους
701 2916 809 2989 γὰρ
838 2919 887 2972 οἱ
915 2919 1093 2987 γονεῖς
1123 2916 1507 2988 μεμαθήκασιν
1532 2916 1676 2970 ἅπαν
1703 2917 1916 2986 νόσημα

337 3011 431 3064 καὶ
485 3011 674 3064 πᾶσαν
719 3008 1005 3063 ἀσθένειαν
1071 3007 1509 3078 θεραπεύοντας,
1577 3009 1669 3061 καὶ
1731 3008 1917 3078 νόμοις

336 3101 539 3174 ἰατρῶν
562 3101 660 3155 καὶ
690 3101 1072 3171 στοχαστικαῐς
1098 3099 1409 3167 ἀποφάσεσι
1444 3098 1520 3170 μὴ
1545 3099 1915 3164 δουλεύοντάς.

339 3193 404 3248 Ol
431 3192 539 3264 γὰρ
559 3192 767 3248 ἄνωθεν
788 3192 886 3255 τὰς
913 3193 1086 3254 ἰάσεις
1104 3191 1458 3263 δωρούμενοι,
1486 3191 1672 3245 ἐπάνω
1701 3191 1918 3247 πάντων

334 3284 465 3349 εἰσὶ,
494 3285 592 3338 καὶ
618 3285 803 3348 κεναῖς
826 3283 1070 3354 διδαχαῖς
1098 3283 1197 3353 οὐχ
1225 3282 1563 3350 ὑπόκεινται,
1598 3282 1673 3347 ὡς
1717 3285 1776 3336 ὲν
1818 3286 1921 3339 πᾶ-

338 3394 424 3430 σιν
450 3376 632 3431 αὐτῶν
656 3379 769 3441 τοῖς
795 3377 1044 3446 σημείοις
1070 3375 1452 3445 γινώσκοντες,
1480 3376 1726 3448 ἰατρικὸν
1754 3378 1922 3449 μηδὲν

337 3467 738 3531 ἐπιτάττοντες,
769 3465 905 3520 ἀλλὰ
945 3468 1038 3520 καὶ
1078 3466 1297 3520 ἐναντία
1336 3467 1791 3536 προστάττοντες.
1821 3469 1925 3522 Οἴα

338 3556 449 3626 γὰρ
478 3556 735 3610 κοινωνία
778 3556 915 3626 πρὸς
952 3556 1141 3617 σκότος
1176 3554 1346 3623 gnto-cl;
1385 3555 1665 3609 κάνταῦθα
1712 3556 1925 3626 λέγοιμ’

339 3648 635 3703 ἀκόλουθον
657 3665 670 3678 ·
710 3648 870 3719 εἴπερ
915 3649 980 3699 ὲκ
1014 3645 1151 3700 Θεοῦ
1200 3647 1296 3717 μὲν
1328 3649 1377 3700 οἰ
1419 3648 1683 3718 μακάριοι
1717 3648 1927 3718 μάρτυο

344 3754 458 3809 ρες,
490 3737 551 3801 ἐξ
584 3734 890 3807 ἀνθρώπων
928 3736 986 3790 δὲ
1031 3735 1127 3789 καὶ
1163 3738 1227 3789 ὲκ
1254 3735 1359 3806 γῆς
1391 3736 1441 3788 οἰ
1471 3735 1566 3789 ἐπὶ
1597 3736 1701 3806 γῆς
1753 3737 1927 3809 ἰατροὶ

344 3828 756 3899 θεραπεύουσιν.

416 3955 561 4026 Πρδς
586 3956 790 4010 τούτων
815 3952 907 4011 οὖν
935 3956 1358 4028 ἁπογνωσθέντα
1378 3959 1469 4012 τὸν
1496 3959 1930 4031 Σαραπάμμωνα

345 4049 601 4112 λαϐόντες
633 4051 683 4103 οἰ
714 4049 881 4117 άγιοι,
915 4050 1080 4121 ἐλαίῳ
1121 4052 1214 4105 καὶ
1253 4054 1478 4124 κηρωτῇ
1524 4054 1636 4115 τοῖς
1667 4052 1757 4104 τὸν
1786 4069 1928 4121 πυρ-

350 4140 441 4195 σὶν
464 4140 554 4193 τὺν
581 4140 679 4210 τὴν
711 4141 872 4211 ἁγίαν
895 4141 1073 4195 αὐτῶν
1104 4144 1261 4213 σορὸν
1289 4143 1591 4212 φωτίζοντα
1613 4144 1929 4214 τρέφουσιν,

345 4230 439 4285 τὸν
470 4231 607 4284 πόδα
644 4233 735 4285 τὸν
763 4234 1039 4309 πάσχοντα
1081 4233 1349 4287 λιπαίνειν
1376 4234 1707 4307 «δελεύουσιν
1730 4253 1741 4265 ·
1775 4234 1933 4289 τοῦτο

348 4325 468 4378 κατ’
497 4323 630 4398 ὄναρ
660 4326 944 4397 εἰρηκότες
974 4329 1084 4401 τοῖς
1118 4326 1376 4398 φύσασιν.
1395 4328 1452 4380 ὐ
1497 4328 1555 4381 δὲ
1589 4327 1723 4391 πούς
1750 4327 1931 4381 λιπαι-

348 4413 570 4482 νόμενος
602 4415 944 4476 ὲλεπτύνετο,
980 4418 1075 4469 καὶ
1103 4420 1328 4489 κηρωτῇ
1359 4416 1637 4489 τρεφούσῃ
1665 4419 1957 4488 τρεφόμεω

350 4521 439 4565 νος
461 4508 812 4576 κατετήκετο,
841 4507 937 4561 καὶ
964 4507 1317 4577 ποτιζόμενος
1346 4506 1540 4574 ἔλαιον,
1559 4508 1620 4561 τὸ
1649 4507 1932 4578 πρόσωπον

2084 1906 2188 1963 Sed
2242 1920 2366 1960 cum
2415 1904 2649 1974 languor
2694 1900 2877 1956 adhuc
2915 1916 3112 1955 recens
3156 1910 3325 1964 esset,
3371 1916 3604 1954 ηεεευιι-

2012 1999 2176 2069 dique
2214 1996 2546 2068 principium
2595 2004 2805 2065 ageret,
2838 2003 2993 2064 pater
3036 1994 3180 2062 ejus.
3215 1991 3466 2047 Julianus
3508 2010 3605 2046 nn-

2013 2090 2179 2155 mine,
2215 2088 2587 2158 pratccllentes
2622 2086 2674 2139 in
2692 2085 2917 2140 medicis
2949 2084 3195 2150 adduxit,
3219 2091 3273 2137 et
3305 2083 3605 2143 uLincoIn-

2013 2196 2154 2235 mem
2214 2181 2318 2235 sibi
2377 2179 2651 2233 donarent
2715 2177 2922 2235 tilium,
2984 2173 3413 2244 condignasque.
3457 2173 3603 2226 dOno

2012 2271 2298 2327 mercedes
2344 2271 2680 2339 acciperent,
2714 2266 3064 2336 supplicavit.
3092 2265 3159 2318 At
3199 2264 3299 2329 illi,
3331 2263 3596 2317 Galeuum

2015 2369 2313 2424 vertentes,
2353 2372 2407 2415 et
2446 2359 2832 2429 Hippocratem
2878 2358 3196 2427 frequenter
3230 2358 3282 2410 in
3321 2372 3379 2410 se
3426 2358 3603 2409 ιϊνυΙ-

2015 2463 2226 2517 ventes,
2261 2469 2385 2507 cum
2440 2453 2609 2505 multa
2659 2451 2880 2522 quidem
2928 2450 3208 2520 languenti
3263 2449 3603 2512 ﬂllltiiSst‘til,

2016 2546 2070 2600 in
2121 2561 2471 2615 vacmtmque
2530 2553 2887 2615 pugnassent,
2939 2543 3252 2597 cessatione
3299 2541 3606 2610 superatio-

2018 2653 2140 2691 nem
2197 2631 2308 2701 s'ui,
2377 2635 2763 2707 passionisqne
2818 2632 3300 2703 inexpugnabilem
3347 2631 3603 2685 virtutem

2015 2729 2245 2784 vocibus
2277 2728 2659 2799 praedicantes.
2700 2725 2841 2781 llinc
2871 2725 2937 2780 ad
2981 2726 3186 2796 Cyrum
3236 2731 3290 2779 et
3336 2722 3603 2778 Joannem

2012 2821 2235 2891 juvenis
2266 2820 2549 2874 l'erebatur
2586 2835 2600 2870 :
2629 2817 2942 2873 didicerant
2970 2815 3118 2871 enim
3154 2824 3431 2885 parentes,
3459 2814 3605 2885 qttml

2021 2915 2073 2969 hi
2146 2928 2365 2968 omnem
2432 2913 2787 2982 languorem,
2839 2918 2893 2965 et
2947 2925 3164 2964 onlnem
3225 2906 3599 2962 infirmitatem

2017 3014 2313 3073 curarent;
2357 3005 2451 3075 qui
2496 3003 2642 3059 enim
2688 3002 2755 3058 de
2793 3018 3014 3058 sursum
3065 3001 3330 3056 sanitates
3379 3000 3607 3065 denunt,

2019 3112 2186 3169 super
2215 3110 2407 3152 omnes
2439 3105 2591 3162 sunt,
2623 3100 2678 3148 et
2717 3093 2954 3149 terrenis
3004 3091 3274 3148 doctrinis
3313 3105 3423 3180 nop
3478 3091 3610 3145 sub-

2016 3189 2219 3261 iacent,
2255 3189 2397 3244 sicut
2449 3189 2504 3242 in
2543 3185 2804 3241 omnibus
2845 3185 3018 3255 signis
3069 3183 3187 3239 suis
3229 3183 3408 3254 egisse
3451 3181 3613 3251 liqui-

2026 3283 2152 3338 dius
2181 3286 2584 3351 agnoscuntur,
2614 3292 2737 3332 cum
2781 3276 2918 3331 nihil
2952 3274 3279 3331 medicinale
3311 3274 3613 3342 imperave-

2028 3375 2157 3437 rint,
2194 3373 2289 3428 sed
2338 3380 2392 3427 et
2443 3372 2723 3426 contraria
2782 3383 3177 3438 notmunquam
3229 3366 3612 3438 pra-ceperint.

2028 3467 2159 3532 Quae
2187 3465 2331 3518 enim
2369 3463 2797 3518 communicatio
2847 3462 2955 3516 luci
3007 3459 3074 3514 ad
3124 3459 3418 3515 tenebras?
3450 3458 3613 3511 etiam

2027 3560 2212 3614 dicere
2245 3557 2331 3611 hic
2365 3569 2710 3625 consequens
2745 3564 2850 3621 est,
2884 3555 2930 3609 si
2974 3570 3039 3609 ex
3076 3551 3185 3606 Deo
3215 3552 3435 3621 quidem
3470 3551 3612 3604 beati

2031 3660 2320 3722 martyres,
2353 3665 2417 3703 ex
2467 3649 2788 3704 hominibus
2831 3656 3013 3703 autem
3047 3656 3101 3701 et
3131 3645 3199 3700 de
3238 3656 3380 3701 terra
3411 3642 3614 3699 terreni

2031 3742 2224 3797 medici
2264 3749 2479 3796 curant.

2102 3965 2184 4018 Ab
2219 3964 2304 4019 bis
2337 3980 2467 4036 ergo
2502 3965 2681 4021 sancti
2719 3965 3022 4034 desperato
3072 3962 3502 4032 Sarapatnmone
3529 3976 3621 4015 ac.-

2032 4067 2191 4128 ccpto
2213 4098 2228 4123 ,
2264 4059 2410 4122 oleo,
2445 4067 2500 4114 et
2531 4069 2734 4125 cernte,
2768 4058 2968 4126 quibus
3013 4055 3298 4111 candelam
3324 4055 3619 4120 ςιιιιιι-ἱιιηι,

2033 4164 2155 4218 (pne
2207 4157 2459 4203 sanctum
2516 4163 2709 4203 eorum
2764 4149 3041 4201 illuminat
3088 4145 3384 4210 tumulum,
3425 4145 3618 4215 pedem

2034 4241 2126 4310 qui
2162 4240 2473 4310 patiebatur
2505 4240 2771 4309 inungere
2811 4238 3028 4308 jubent,
3071 4238 3174 4292 huc
3210 4237 3534 4307 parentibus
3566 4236 3619 4288 in

2036 4332 2155 4386 visu
2190 4331 2463 4387 dicentes.
2501 4330 2672 4385 Porro
2718 4346 2816 4402 pes
2867 4332 2998 4385 dum
3046 4330 3405 4401 iniungeretur
3438 4328 3623 4383 tenuis

2037 4424 2390 4491 reddebatur,
2431 4434 2486 4479 et
2527 4435 2715 4480 cerote
2763 4425 2911 4479 totus
2945 4424 3039 4494 qui
3077 4423 3252 4477 nutrit
3288 4420 3621 4484 tabescebat,

2036 4526 2091 4571 et
2136 4527 2358 4594 potatus
2414 4520 2536 4573 oleo
2590 4517 2734 4583 quod
2791 4515 2989 4571 faciem
3043 4516 3282 4585 potantis
3336 4506 3622 4575 ealiilarat,

351 4597 599 4670 ἰλαρύνον
639 4600 969 4667 ποτίζοντος,
1004 4601 1341 4673 ὲξηραίνετο,
1369 4603 1461 4656 καὶ
1514 4601 1614 4675 τὴν
1660 4603 1919 4673 προτέρω

2037 4586 2458 4677 exsiccabatur;
2490 4619 2547 4665 et
2582 4608 3159 4679 priorem,recipiebat
3199 4606 3621 4665 formositatem,

350 4690 742 4762 ἀπελάμβανεν
776 4693 1077 4763 μόρφωσιν,
1109 4692 1174 4765 ἢν
1203 4694 1231 4747 ὁ
1268 4693 1458 4757 κτίσας
1489 4695 1610 4747 κατ’
1641 4694 1929 4766 ἰσόρροπον

349 4783 621 4852 τρυτάνην
649 4784 984 4855 ἀμφοτέροις
1011 4785 1328 4855 ἀπένειμεν.
1365 4786 1473 4839 Καὶ
1503 4786 1565 4838 ού
1592 4784 1751 4839 τοῦτο
1775 4784 1936 4855 μόνον

352 4875 563 4946 ὑπῆρχε
597 4875 875 4946 θαύματος
905 4877 1075 4945 ἄξιον,
1105 4877 1222 4931 ἀλλ’
1252 4878 1335 4931 ὅτι
1364 4879 1426 4932 τὸ
1455 4877 1684 4949 μέγεθος
1716 4877 1807 4930 καὶ
1837 4876 1935 4949 τὴν

352 4964 605 5035 αὔξησιν,
629 4967 695 5036 ῆν
722 4968 780 5019 ἐν
810 4968 1007 5041 μακρῷ
1028 4967 1312 5040 τῷ“χρόνῳ
1336 4967 1695 5039 προσέλαϐεν,
1717 4969 1774 5019 ἐν
1797 4967 1927 5038 ἡμέ-

353 5075 474 5132 ραις
502 5058 711 5126 ὀλίγαις
738 5060 1011 5113 άπέδαλεν
1030 5078 1044 5093 ·
1076 5059 1299 5132 τοιαύτη
1327 5061 1436 5133 γὰρ
1457 5060 1563 5113 τῶν
1588 5061 1760 5128 ἁγίων
1785 5061 1816 5130 ἡ
1845 5059 1936 5130 χά-

357 5165 440 5220 ρις
471 5148 829 5221 καθέστηκεν,
858 5151 930 5215 ὡς
954 5153 1021 5207 τὰ
1056 5151 1245 5224 χρόνια
1287 5152 1382 5205 καὶ
1415 5140 1625 5222 μεγάλα
1653 5153 1937 5222 νοσήματα

357 5237 680 5311 βραχυτάτῳ
705 5241 883 5321 καιρῷ
912 5244 1002 5297 καὶ
1032 5243 1379 5314 σμικροτάτῳ
1403 5243 1725 5313 θεραπεύειν
1751 5243 1939 5297 κελεύ-

356 5349 545 5401 σματι.
567 5333 964 5404 Σαραπάμμων
993 5331 1087 5388 οὖν
1128 5335 1319 5401 ἰαθεὶς,
1352 5336 1428 5398 ὼς
1456 5335 1618 5400 αὐτὸς
1653 5336 1937 5389 ἐπίστευεν

357 5425 449 5479 καὶ
495 5425 545 5477 οἰ
594 5426 885 5495 φύσαντες,
928 5429 1023 5479 καί.
1059 5427 1119 5482 τὸ
1158 5418 1266 5482 τῶν
1316 5428 1610 5500 μαρτύρων
1653 5427 1937 5482 ἐθέσπισεν

358 5516 629 5588 βούλημα,
665 5519 855 5589 ὑγειὴς
880 5521 975 5573 σὺν
1000 5520 1186 5583 αὐτοῖς
1217 5520 1555 5591 ἀπελήλυθεν
1584 5521 1650 5574 τὰ
1680 5522 1936 5592 χαριστή-

357 5626 447 5683 ρια
474 5613 584 5675 τοῖς
612 5610 928 5684 εὐεργέταις
956 5612 1350 5684 φθεγξάμενος.
1368 5615 1555 5684 Ἡμεῖς
1581 5614 1636 5667 δὲ
1672 5615 1831 5668 πάλιν
1860 5614 1935 5678 ὡς

2037 4718 2201 4773 quam
2235 4702 2331 4772 qui
2372 4704 2576 4758 ereavit
2618 4719 2774 4773 aequa
2805 4703 2973 4781 lance
3013 4700 3235 4770 utrique
3268 4699 3526 4754 restituit.
3561 4695 3626 4749 Et

2038 4810 2148 4850 non
2179 4796 2358 4851 solum
2396 4797 2498 4850 hoc
2527 4803 2643 4851 erat
2685 4794 3049 4849 admiratione
3085 4794 3335 4862 dignum,
3368 4790 3461 4847 sed
3495 4792 3624 4860 quia

2039 4887 2239 4942 molem
2287 4897 2341 4942 et
2388 4887 2786 4947 incrementum
2830 4886 2978 4957 quod
3012 4901 3108 4957 per
3142 4886 3364 4954 longum
3413 4892 3627 4951 tempus

2036 4980 2364 5048 assumpsit,
2414 4980 2467 5034 in
2518 4980 2715 5035 diebus
2767 4979 2958 5049 paucis
3012 4978 3249 5047 abjecit;
3303 4977 3430 5030 talis
3479 4975 3622 5029 enim

2041 5077 2362 5123 Sanctorum
2410 5077 2494 5124 est
2523 5069 2721 5139 gratia,
2755 5078 2815 5122 ut
2857 5067 3101 5138 prolian
3143 5076 3198 5122 et
3240 5081 3465 5133 magnos
3508 5063 3624 5116 lan-

2040 5175 2241 5230 guores
2275 5161 2602 5218 brevissimo
2639 5173 2882 5231 tempore
2919 5168 2977 5215 et.
3013 5157 3269 5228 jussione
3302 5155 3624 5225 parvissima

2041 5260 2255 5304 curent.
2297 5251 2658 5321 Sarapatumu
2710 5253 2894 5322 itaque
2948 5264 3120 5307 sanus
3170 5247 3434 5311 clIectus,
3484 5245 3627 5298 sicut

2043 5342 2160 5412 ipse
2215 5343 2449 5399 credidit
2504 5352 2559 5399 et
2615 5354 2907 5414 parentes,
2954 5348 3392 5408 sanctorumque
3446 5336 3627 5391 sanxit

2042 5436 2412 5505 primositum,
2467 5437 2719 5492 sincerus
2770 5451 2893 5491 cum
2947 5433 3084 5505 ipsis
3143 5430 3315 5495 abiit;
3376 5428 3481 5489 Ιιίδο
3533 5427 3625 5497 tl";

2046 5525 2310 5581 beneﬁcia
2344 5528 2449 5583 sibi
2489 5529 2883 5599 praestiterant,
2916 5523 3217 5595 gratiarum
3260 5508 3628 5590 pronuntians

2044 5618 2310 5674 actiones.
2758 5613 2764 5621 ’

357 5704 562 5777 ταύτην
592 5707 922 5790 πεπονθότες
955 5709 1240 5783 τὴν-ἴασιν,
1277 5713 1373 5783 οὐχ
1400 5709 1560 5784 ἦττον
1593 5710 1698 5763 τῶν
1730 5710 2076 5766 πεπονθότων
2108 5716 2230 5780 τοὺς
2258 5715 2584 5788 δεδρακότας
2644 5715 2986 5786 ὑμνήσαντες
3011 5755 3024 5779 ,
3101 5715 3188 5767 ἐπ’
3244 5714 3410 5785 ἄλλην
3466 5707 3628 5780 εὐερ-

360 5800 546 5875 γεσίαν
566 5802 893 5872 βαδίσωμεν.
