4060 6236
481 343 516 405 3
531 345 618 407 2-87

554 453 742 510 XXlll.
783 454 855 511 De
889 456 1279 586 Gennadiolng’
1314 479 1478 550 caput
1530 469 1740 539 plenum
1792 477 1988 531 muscis

1182 552 1232 586 ια
1272 550 1370 586 τιτι-

1182 550 1370 592 ιαοιιιι.

548 635 814 691 Gcnnadii
872 640 1183 705 passionem
1240 649 1630 722 p-issionisque
1681 657 2056 715 admirabilem

477 727 767 782 sanitatem
813 732 940 800 quis
985 750 1093 788 non
1143 739 1411 798 miretur?
1451 744 1662 799 Etenim
1700 764 1886 804 revera
1929 763 2057 808 sunt

478 827 711 888 utraque
755 823 1025 889 miranda,
1059 837 1114 882 et
1161 830 1414 888 humanis
1459 840 1810 906 passionibus
1856 846 2052 907 aliena,

476 909 668 964 Galcni
701 914 933 984 ejusque
963 919 1387 979 medicaminum
1415 927 1724 986 dissimilia.
1751 934 2054 992 Audiamus

474 1016 625 1070 ergo,
658 1014 709 1058 et
741 1005 1079 1064 admiremur
1113 1028 1221 1067 non
1254 1026 1466 1072 tantum
1515 1021 1855 1091 languorem.
1884 1045 2055 1098 quatt-

475 1100 590 1145 tum
635 1095 916 1166 languoris
946 1112 1254 1160 curatores.
1291 1107 1516 1165 Dolchat
1545 1125 1709 1184 caput
1737 1095 2053 1176 Gctttta'litts

474 1197 579 1237 non
622 1187 764 1240 sicut
814 1190 948 1257 pati,
991 1195 1085 1260 qui
1134 1201 1433 1264 patiuntur,
1467 1207 1731 1272 assolent,
1775 1213 1867 1264 sed
1910 1213 2053 1268 sicut

473 1275 788 1335 hominibus
839 1284 1024 1339 nullus
1074 1287 1319 1360 elanguit
1373 1309 1553 1349 :cum
1608 1302 1791 1354 sonitu
1850 1305 2052 1374 quippe

467 1369 728 1435 quodam,
759 1381 814 1426 et
844 1374 1102 1431 bombum
1148 1382 1380 1438 faciente
1426 1396 1572 1440 motu
1609 1369 1910 1450 sustinebat

472 1463 638 1529 tores,
667 1467 810 1534 quod
840 1472 1099 1527 omnibus
1127 1477 1350 1544 quidem
1383 1483 1629 1548 medicis,
1664 1488 1758 1542 sed
1791 1498 1842 1542 et
1873 1493 2049 1545 omni-

470 1554 569 1610 bus
599 1567 717 1612 erat
749 1561 1098 1621 audientibus
1136 1568 1262 1623 dum
1305 1572 1551 1629 dicerent
1595 1590 1936 1639 extraneum.
1984 1588 2047 1640 Et

466 1648 556 1701 alii
604 1652 822 1719 quidem
867 1658 1180 1725 passionem
1223 1665 1589 1731 mirabantur;
1625 1673 1818 1727 medici
1865 1686 2044 1732 autem

467 1741 652 1797 multis
714 1746 933 1814 quidem
997 1767 1143 1806 nunc
1211 1759 1542 1826 unguentis.
1607 1779 1752 1817 nunc
1811 1767 2044 1824 diversis

466 1833 884 1896 misturis.nunc
919 1851 1098 1896 autem
1123 1844 1468 1914 phebotomis
1503 1857 1948 1927 purgatoriisque
1978 1876 2042 1914 ac
2077 1848 2116 1901 Β

463 1925 694 1995 reliquis
727 1929 1055 2000 adjumentis
1086 1949 1324 2006 mentes,
1359 1945 1567 1998 nullum
1601 1946 1884 2006 Gennadio
1914 1969 2047 2008 con-

465 2016 709 2073 ferebant
742 2024 1028 2080 auxilium.
1065 2027 1156 2083 Sic
1187 2032 1330 2086 enim
1379 2035 1605 2104 languor
1630 2051 1744 2094 erat
1780 2041 1936 2097 dirus
1980 2060 2044 2099 ac

460 2107 818 2178 desperatus;
871 2117 1148 2175 nescimus
1200 2131 1380 2178 utrum
1425 2142 1488 2180 ex
1540 2129 1830 2197 maleficio,
1865 2151 1934 2188 an
1975 2152 2038 2190 ex
2067 2191 2079 2207 ,

460 2196 568 2249 alio
594 2199 830 2267 quodam
869 2206 1108 2259 naturali
1150 2223 1280 2264 casu
1319 2225 1644 2284 generatus;
1680 2220 1852 2274 solam
1890 2237 2043 2276 nam-

414 2331 418 2336 .
459 2304 564 2356 que
594 2292 909 2359 passionem
936 2304 990 2351 et
1015 2297 1256 2357 hominis
1301 2311 1638 2365 curationem
1669 2310 1885 2369 discere
1915 2319 2040 2387 qui-

457 2380 659 2438 vimus.

528 2471 664 2527 Cum
700 2491 811 2546 quo
833 2478 1106 2539 accedens
1140 2483 1187 2541 is
1217 2490 1309 2558 qui
1348 2493 1656 2561 patiebatur
1719 2501 1784 2556 ad
1830 2511 2036 2575 marty-

457 2580 568 2631 res,
598 2568 763 2624 citam
795 2571 1179 2634 liberationem
1206 2583 1289 2636 sui
1324 2590 1648 2656 promeruit,
1681 2609 1804 2661 quae
1835 2610 2039 2668 marty-

457 2659 569 2711 rica
602 2668 685 2716 est
719 2665 896 2732 gratia
925 2670 1105 2737 plena,
1142 2682 1198 2726 et
1227 2676 1490 2731 urbanam
1511 2659 1739 2740 Joannis
1783 2703 1878 2742 seu
1908 2659 2034 2761 Cy'ri

457 2748 982 2811 condescensioncm
1042 2763 1657 2841 suhsm-ibit;qua:que
1717 2777 1896 2831 taliter
1951 2790 2036 2836 est

454 2837 664 2894 effecta.
709 2841 854 2900 Sane
886 2864 991 2903 non
1022 2850 1162 2906 hanc
1191 2856 1404 2924 tacebo,
1441 2860 1534 2914 sed
1567 2879 1666 2917 nec
1719 2868 2032 2925 occultave-

457 2931 582 2997 rim,
617 2951 715 2990 nec
748 2937 1064 3008 huiusmodi
1109 2944 1232 3002 boni
1287 2951 1635 3008 auditoribus
1686 2959 2029 3028 dispendium

455 3024 674 3080 fecerim
711 3045 726 3095 ;
761 3032 994 3102 pigritiae
1029 3039 1188 3106 plane
1211 3056 1372 3109 opus,
1403 3043 1484 3099 vel
1517 3047 1734 3104 invidiae
1765 3024 1870 3108 tale
1900 3056 2031 3124 quid

450 3117 760 3174 evidentius
789 3133 871 3178 est
897 3125 918 3177 ?
946 3129 1040 3182 sed
1077 3130 1281 3186 invidia
1335 3137 1555 3204 quidem
1582 3147 1692 3194 tam
1733 3157 1762 3197 a
1819 3147 2028 3203 medio-

451 3208 650 3265 cri'ale
685 3221 898 3281 nostra,
933 3234 1096 3288 quam
1133 3222 1201 3277 ab
1230 3228 1380 3281 omni
1415 3229 1755 3298 Christiano,
1792 3239 1883 3307 qui
1908 3256 2030 3310 quin

455 3297 544 3353 Dei
574 3313 703 3356 sunt
727 3307 890 3376 sapit,
923 3313 1144 3380 penitus
1185 3315 1330 3373 absit
1363 3336 1378 3386 ;
1415 3323 1653 3392 pigritia:
1684 3297 2032 3403 vero-torpor

451 3394 541 3444 ille
574 3411 803 3466 pauper,
839 3411 894 3455 et
925 3404 1016 3472 qui
1041 3406 1250 3464 amicos
1268 3425 1538 3482 pauperes
1568 3421 1868 3477 secundum
1905 3441 2030 3494 pro-

449 3485 746 3542 verbialem
807 3488 1120 3553 Salomonis
1190 3499 1495 3560 doctrinam
1563 3509 1746 3580 ellicit,
1810 3531 2032 3588 sen'ipcr

453 3574 674 3642 quidem
702 3578 769 3634 ab
790 3579 1099 3642 humilitate
1123 3597 1312 3646 nostra
1335 3595 1591 3664 pellatur,
1613 3615 1774 3669 quam
1794 3574 2029 3666 maxime

449 3681 619 3732 nunc,
646 3672 906 3740 quoniam
931 3679 1198 3737 amatrice
1224 3694 1527 3758 martyrum
1585 3694 1766 3749 anima
1819 3710 1874 3753 et
1927 3716 2026 3755 vo-

453 3761 684 3828 luntate,
710 3765 835 3835 Cyri
864 3777 1029 3840 atque
1053 3769 1284 3832 Joannis
1329 3782 1506 3836 amica
1531 3783 1813 3845 hominum
1855 3795 2024 3850 mira-

445 3851 567 3904 cula
600 3858 918 3916 Scribimus.

513 3943 832 4006 Gennadius
863 3953 1118 4021 equidem
1145 3958 1476 4028 dormiebat,
1513 3968 1609 4021 sed
1629 3974 1841 4044 egregii
1879 3992 2024 4032 mar-

446 4044 593 4104 tyres
623 4041 941 4109 vigitabant,
978 4055 1030 4102 et
1065 4051 1361 4108 sanitatem
1425 4057 1755 4118 dormientis
1775 4041 2020 4125 investi-

442 4128 667 4195 gnbant,
717 4137 1171 4209 curationemque
1223 4149 1580 4213 praestabant.
1654 4155 1896 4228 Denique
1955 4161 2023 4217 ad

438 4235 564 4275 eum
587 4224 828 4292 veniunt,
870 4236 922 4284 et
959 4228 1177 4289 Domini
1210 4241 1385 4294 nostri
1408 4244 1592 4300 verbis
1623 4255 1870 4314 utuntur,
1902 4269 2024 4323 quae

439 4312 504 4365 ad
538 4329 662 4368 eum
712 4321 806 4387 qui
854 4335 1019 4390 penes
1075 4327 1414 4395 probaticam
1475 4335 1698 4405 jacebat
1749 4312 2017 4410 piscinam

441 4406 579 4460 dixit
609 4427 624 4462 :
655 4409 750 4464 Vis
785 4413 930 4466 enim
964 4431 1154 4480 sanus.
1200 4421 1479 4492 inquiunt,
1539 4427 1653 4484 fieri
1683 4431 1706 4484 ἲ
1740 4431 1836 4488 Ille
1891 4451 2020 4491 vero

441 4497 506 4549 ad
555 4514 670 4565 eos,
705 4501 904 4572 Etiam,
943 4510 1265 4577 respondit:
1309 4515 1437 4583 quid
1497 4521 1640 4571 enim
1688 4537 1795 4576 non
1852 4540 2010 4596 agere
2047 4535 2086 4589 υ

441 4601 784 4656 procuraret,
829 4612 953 4651 cum
994 4601 1094 4654 tati
1128 4603 1390 4674 languore
1454 4611 1634 4666 valide
1686 4616 2019 4684 puniretur?

439 4679 594 4736 Tunc
633 4688 832 4741 iterum
874 4689 939 4743 ad
971 4709 1095 4747 eum
1127 4697 1301 4752 sancti
1339 4699 1597 4758 dixerunt
1631 4722 1644 4759 :
1679 4679 1824 4776 Ergo
1853 4710 1897 4763 si
1933 4712 2016 4767 vis

437 4793 608 4833 sanus
648 4779 784 4847 ﬁeri,
826 4788 1086 4854 egredere
1118 4805 1280 4846 mane
1305 4792 1596 4851 basilicam
1628 4815 1753 4854 cum
1789 4817 1817 4855 a
1841 4811 2017 4860 strato

437 4875 769 4940 surrexeris,
798 4887 850 4932 et
879 4882 1105 4938 camelis
1133 4885 1310 4940 tribus
1332 4904 1438 4942 una
1473 4904 1597 4944 cum
1632 4893 1772 4955 viro,
1797 4897 1891 4966 qui
1918 4897 2017 4956 hos

434 4968 626 5032 trahit,
654 4986 937 5028 occurres.
971 4973 1174 5030 Horum
1197 4981 1556 5038 novissimum
1589 4989 2013 5058 apprehensum,

438 5073 506 5112 ne
536 5060 689 5114 abire
718 5061 988 5130 dimittas,
1021 5067 1197 5124 donec
1219 5082 1373 5126 cacet
1406 5092 1420 5128 :
1453 5084 1672 5132 stercus
1701 5080 1845 5134 enim
1870 5085 2014 5152 qttod

431 5165 499 5201 ex
529 5151 633 5205 hoc
668 5152 832 5207 fuerit
865 5168 1206 5226 excreatum,
1243 5177 1370 5216 cum
1414 5167 1573 5234 aquis
1605 5167 1899 5239 rigavcris,
1930 5172 2016 5225 itt-

435 5244 717 5302 tirmitatis
747 5257 855 5301 tua:
877 5249 982 5303 erit
1014 5254 1352 5320 praesidium,
1383 5265 1437 5311 et
1473 5265 1625 5315 tanto
1667 5273 1717 5317 te
1768 5266 1914 5319 malo
1950 5265 2017 5320 li-

439 5337 627 5392 berum
661 5338 872 5406 reddet,
905 5356 1030 5396 cum
1056 5351 1151 5398 tuo
1177 5347 1401 5402 allatum
1434 5352 1598 5422 capiti
1631 5351 1814 5409 fuerit.
1842 5358 1910 5411 Et
1931 5359 2016 5416 his

433 5431 597 5489 dictis
631 5445 898 5507 martyres
924 5438 1200 5494 abierunt.

512 5613 578 5665 At
612 5629 740 5669 vero
771 5633 894 5671 cum
923 5618 1208 5691 languens,
1228 5622 1303 5676 uti
1331 5621 1525 5692 jussus
1563 5623 2017 5692 fuerat,surrexit

437 5721 468 5757 a
498 5715 694 5774 Strato,
731 5711 902 5765 exivit
935 5713 1315 5783 complcturus
1346 5716 1490 5786 quod
1535 5715 1719 5773 fuerat
1778 5721 2015 5790 impera-

442 5807 556 5850 tum
590 5838 603 5863 ,
661 5807 713 5854 ct
742 5802 988 5871 camelis,
1041 5815 1096 5860 ut
1130 5806 1355 5864 edoctus
1390 5809 1588 5878 fuerat,
1623 5812 1793 5868 tribus
1827 5814 2011 5870 inven-

1331 356 1392 415 S.
1426 356 1842 422 SOI’HRONH
1887 365 2393 430 PATRIARCHE
2433 373 2838 439 HlEROSOL.

3611 387 3752 452 3488

2095 481 2137 537 Λ
2241 479 2368 537 ΚΓ.
2413 483 2551 552 Περὶ
2582 487 2915 576 ferr-adiuv
2966 491 3070 576 τοῦ
3097 493 3212 560 τὴν
3243 498 3518 569 κεφαλὴν
3554 509 3754 576 μυιῶν

2652 556 2962 627 γέμουσαν
2985 556 3256 630 ἔχοντος.

2232 663 2521 721 Γενναδίου
2570 671 2630 724 τὸ
2679 672 2850 737 πάθος
2897 675 2980 739 τίς
3014 679 3074 731 ού
3124 679 3477 753 θαυμάσειεν,
3516 692 3611 745 καὶ
3649 696 3752 767 τὴν

2161 756 2255 810 τοῦ
2288 759 2493 824 πάθους
2527 764 2833 832 παράδοξον
2868 767 3044 836 τασιν;
3071 769 3194 837 ξένα
3226 777 3334 850 γάρ
3373 781 3540 848 ὅντως
3568 756 3748 858 ἀμφέ-

2158 866 2317 918 τερα,
2345 853 2440 904 καὶ
2469 854 2657 908 παθῶν
2687 856 3046 928 ἀνθρωπίνων
3069 863 3346 939 ἀλλότρια,
3377 876 3474 927 καὶ
3505 853 3744 948 Γαληνοῦ

2161 943 2472 1012 φαρμάκων
2495 946 2748 1016 ἀνόμοια.
2769 949 3120 1024 Ἀκούσωμεν
3137 957 3227 1012 οὖν
3253 962 3345 1015 καὶ
3373 943 3745 1038 θαυμάσωμεν

2154 1030 2218 1083 ού
2247 1032 2498 1088 τοσοῦτον
2523 1035 2583 1090 τὸ
2611 1038 2846 1109 νόσημα,
2873 1042 2999 1097 ὅσον
3032 1048 3160 1112 τοὺς
3197 1051 3417 1124 ἰατροὺς
3459 1058 3553 1112 τοῦ
3582 1063 3742 1134 νοσή-

2157 1141 2325 1195 ματος
2348 1128 2565 1197 ·”Ηλγει
2595 1130 2695 1203 τὴν
2724 1138 2966 1208 κεφαλὴν
2995 1142 3022 1193 6
3050 1141 3356 1212 Γεννάδιος,
3385 1151 3482 1223 οὐχ
3536 1153 3612 1218 ὡς
3639 1128 3744 1210 πά-

2155 1233 2305 1287 σχειν
2331 1219 2453 1285 ἔθος
2479 1223 2605 1288 τοὺς
2637 1227 2944 1297 πάσχοντας
2967 1274 2980 1297 ,
3006 1233 3124 1288 ἀλλ’
3142 1236 3216 1301 ὡς
3246 1241 3422 1307 οὐδεὶς
3533 1248 3740 1320 ἀνθρώ-

2153 1325 2278 1375 ποις
2311 1313 2601 1384 ἐνόσησεν·
2638 1319 2756 1387 μετ’
2786 1321 2950 1390 ἤχους
2983 1325 3090 1394 γάρ
3123 1345 3267 1392 τινος
3296 1335 3389 1386 καὶ
3427 1313 3740 1406 βομσώέους

2152 1403 2452 1474 κινήματος
2480 1407 2576 1472 τὰς
2601 1411 2901 1481 ἀλγηδόνας
2927 1417 3239 1487 ὑπέμεινεν,
3273 1423 3301 1476 ὃ
3326 1427 3490 1481 πᾶσιν
3525 1430 3624 1499 μὲν
3653 1432 3736 1486 ia.-

2150 1499 2321 1565 τροῖς,
2356 1499 2489 1552 πᾶσι
2520 1499 2574 1554 δὲ
2605 1505 2717 1564 τοῖς
2747 1505 3039 1560 ἀκούουσιν
3072 1511 3221 1575 ξένον
3259 1515 3471 1587 ὑπῆρχε
3504 1519 3736 1592 λεγόμε-

2150 1603 2260 1641 νον.
2306 1590 2416 1642 Καὶ
2463 1592 2512 1644 oi
2567 1592 2666 1662 μὲν
2705 1596 2851 1650 ἄλλοι
2901 1599 3062 1667 μόνον
3099 1602 3159 1656 τὸ
3193 1605 3366 1671 πάθος
3400 1590 3732 1681 ἐθαύμαζον,

2153 1677 2329 1749 ἰατροὶ
2361 1679 2418 1734 δὲ
2451 1683 2667 1748 πολλοῖς
2701 1688 2803 1756 μὲν
2837 1689 3163 1763 ἀλείμμασι,
3195 1687 3472 1770 διαφόροις
3501 1677 3560 1756 δέ
3592 1677 3738 1776 σμή-

2152 1768 2288 1836 ξεσι,
2337 1771 2694 1846 φλεϐοτόμοις
2753 1779 2809 1833 δὲ
2870 1782 2966 1836 καὶ
3023 1768 3483 1858 καθαρσίοις-καὶ
3529 1768 3735 1860 λοιποίς

2148 1863 2418 1933 χρώμενοι
2456 1866 2790 1940 βοηθήμασι,
2827 1871 3074 1942 ὠφέλουν
3115 1881 3267 1936 οὐδὲν
3286 1883 3378 1937 τὸν
3418 1885 3731 1944 Γεννάδιον·

2145 1955 2290 2020 οὕτω
2324 1957 2495 2011 δεινὸν
2529 1957 2598 2031 ἦν
2645 1962 2704 2015 τὸ
2751 1964 2966 2037 νόσημα
3009 1971 3103 2023 καὶ
3152 1973 3440 2031 ἀλλόκοτον
3465 1995 3481 2010 ·
3527 1981 3637 2034 εἴτε
3675 1983 3736 2036 δὲ

2147 2050 2498 2118 περιεργείας
2523 2055 2682 2107 τοῦτο
2714 2057 3002 2128 τεκούσης,
3039 2063 3150 2116 εἴτε
3193 2066 3286 2119 καὶ
3322 2071 3554 2138 φυσικοῦ
3583 2089 3734 2138 τινος

2143 2137 2306 2192 ἄλλου
2339 2141 2768 2214 συμπτώματος,
2813 2150 2873 2202 οὐ
2925 2152 3296 2227 γινιὶισκομενο
3331 2137 3494 2230 μόνον
3534 2162 3644 2235 γὰρ
3671 2137 3734 2220 το

2144 2231 2317 2295 πάθος
2381 2233 2475 2286 καὶ
2523 2235 2623 2306 τὴν
2688 2239 2881 2294 τούτου
2945 2243 3246 2316 θεραπείαν
3300 2250 3496 2322 μαθεῖν
3529 2231 3732 2328 ἠδυνή-

2144 2321 2339 2393 θημεν.

2140 2602 2289 2669 χεῖαν
2321 2601 2487 2655 αὑτοῦ
2534 2605 2635 2674 τὴν
2669 2607 2990 2680 ἀπαλλαγὴν
3024 2614 3342 2684 ἐκομίσατο,
3381 2622 3729 2694 μαρωρικῆς

2138 2691 2414 2762 γέμουσαν
2449 2696 2691 2766 χάριτος,
2730 2700 2824 2754 καὶ
2867 2699 3114 2758 Ἰωάννου
3147 2706 3259 2762 atati:
3279 2709 3464 2782 Κύρου
3503 2691 3730 2768 ἀστείαν

2135 2785 2235 2853 τὴν
2263 2788 2670 2854 συγκατάὸασιν
2695 2791 3150 2863 ὑπογράφουσαν
3179 2799 3304 2869 ἥτις
3325 2804 3514 2874 τρόπῳ
3534 2807 3726 2877 τοιῷδε

2136 2876 2450 2947 γεγένηται.
2513 2879 2588 2931 Ού
2627 2883 2838 2952 σιγήσω
2886 2888 2996 2958 γὰρ
3042 2889 3213 2962 αὐτὴν
3259 2893 3378 2948 ούδέ
3428 2876 3723 2969 κρύψαιμι,

2134 2970 2254 3022 ούδέ
2293 2971 2538 3025 τοιούτου
2597 2975 2765 3028 καλοῦ
2817 2976 3160 3054 ζημιώσαιμι
3209 2988 3337 3051 τοὺς
3381 2989 3680 3058 ἀκούοντας
3708 3011 3722 3027 ·

2133 3058 2292 3113 ὄκνου
2324 3062 2433 3132 γὰρ
2469 3063 2630 3133 ἔργον
2682 3066 2715 3136 ἢ
2755 3066 2952 3134 φθόνου
3003 3072 3189 3140 σαφῶς
3234 3074 3296 3128 τὸ
3324 3077 3537 3133 τοιοῦτο
3585 3081 3726 3135 καθ-

2057 3191 2101 3248 C
2135 3147 2364 3221 ἐστηκεν
2392 3169 2403 3180 ·
2431 3152 2545 3206 ἀλλ’
2574 3155 2601 3206 6
2632 3157 2729 3223 μὲν
2759 3157 2952 3225 φθόνος
2977 3162 3198 3218 ἀπέστω
3225 3167 3404 3239 πάντη
3433 3171 3532 3242 τῆς
3562 3174 3722 3244 ήμῶν

2136 3242 2486 3313 μετριότητος
2515 3245 2612 3299 καὶ
2641 3249 2840 3313 παντὸς
2865 3252 3194 3322 Χριστιανοῦ
3247 3261 3340 3312 καὶ
3388 3242 3676 3334 θεόφρονος
3702 3283 3719 3298 ο

2129 3330 2286 3396 litvo;
2319 3333 2376 3386 δὲ
2407 3335 2572 3390 πάλιν
2604 3340 2633 3390 6
2663 3339 2832 3413 πένης
2863 3343 3106 3405 καὶτοὺς
3139 3348 3327 3417 φίλους
3359 3330 3598 3425 πένητας
3623 3359 3724 3429 ἐρ-

2129 3423 2450 3495 γαζόμενος,
2485 3428 2626 3484 κατά
2649 3431 2748 3502 τὴν
2775 3437 3152 3510 παροιμοιὼδη
3192 3423 3540 3514 Σολομῶντος
3571 3423 3718 3521 παρ-

2127 3513 2335 3569 αινεσιν
2357 3533 2369 3546 ⁸
2403 3518 2715 3576 ἐλαυνέσθω
2743 3524 2842 3591 μὲν
2876 3527 2964 3580 ἀεὶ
2995 3530 3100 3600 πρὸ
3130 3531 3232 3601 τῆς
3255 3513 3413 3604 ήμῶν
3444 3513 3711 3595 ταπεινω-

2130 3622 2290 3671 σεως,
2324 3609 2560 3678 μάλιστα
2588 3612 2642 3666 δὲ
2679 3615 2773 3668 νῦν
2807 3617 2898 3670 ὅτε
2933 3617 3078 3691 ψυχῇ
3112 3622 3209 3675 καὶ
3239 3622 3402 3698 βουλῇ
3449 3628 3720 3702 φιλομάρ-

2127 3712 2275 3767 τυρι,
2311 3701 2496 3773 Κύρου
2530 3703 2625 3757 καὶ
2654 3704 2910 3762 Ἰωάννου
2941 3709 3011 3763 τὰ
3037 3712 3398 3794 φιλάνθρωπα
3427 3721 3720 3794 γράφομεν

2127 3789 2403 3862 θαύματα.

2214 3977 2536 4032 Ἐκάθευδεν
2586 3980 2685 4050 μὲν
2736 3978 2830 4036 οὖν
2877 3984 2905 4037 6
2935 3985 3248 4056 Γεννάδιος,
3293 3993 3609 4064 ἡγρύπνουν
3655 3999 3716 4056 δὲ

2129 4069 2408 4140 μάρτυρες
2441 4071 2490 4122 οἱ
2536 4069 2841 4140 θεσπέσιοι,
2871 4077 2965 4129 καὶ
2989 4077 3084 4130 τοῦ
3117 4079 3468 4149 καθεύδοντος
3490 4087 3714 4160 διηρεύ-

2124 4177 2230 4214 νων
2270 4162 2368 4230 τὴν
2400 4161 2560 4223 ἴασιν,
2610 4164 2704 4240 xa._i.
2737 4165 2834 4236 τὴν
2861 4166 3160 4240 θεραπείαν
3199 4175 3529 4234 ἐσκέπτοντο
3549 4197 3561 4210 ·
3591 4177 3713 4236 εἶτα

2125 4253 2261 4325 πρὸς
2291 4255 2455 4307 αὐτὸν
2475 4231 2894 4331 παρα-’ἔλονταῃ
2925 4231 3021 4316 καὶ
3049 4267 3162 4329 τοῖς
3183 4267 3277 4320 τοῦ
3303 4270 3508 4342 Κυρίου
3529 4273 3710 4343 λόγοις

2121 4346 2445 4418 ἐχρήσαντο,
2477 4347 2570 4412 οὓς
2593 4349 2728 4419 πρὸς
2757 4350 2846 4403 τὸν
2865 4353 2922 4405 ἐν
2948 4356 3011 4426 τῇ
3043 4356 3350 4430 προϐατικῇ
3379 4365 3714 4435 κατακείμε-

2129 4454 2220 4492 νον
2242 4437 2441 4504 ἐλεξεν,
2464 4440 2651 4503 Θέλεις
2675 4443 2804 4513 γὰρ,
2838 4444 3065 4513 ἔφασαν,
3099 4449 3256 4522 ὑγιὴς
3269 4453 3526 4520 γενέσθαι
3548 4458 3639 4524 ;'O
3653 4459 3710 4514 δὲ

2114 4531 2195 4597 τὸ,
2232 4531 2358 4597 Ναὶ,
2381 4532 2517 4604 πρὸς
2545 4535 2741 4598 αὐτοὺς
2763 4537 3096 4607 ἀπεκρίνατο
3121 4559 3133 4571 ·
3165 4542 3218 4595 τί
3245 4545 3353 4616 γὰρ
3395 4548 3496 4601 οὐκ
3516 4550 3708 4621 ἔμελλε

2119 4623 2341 4697 τοιαύτῃ
2371 4625 2510 4696 νόσῳ
2542 4626 3208 4702 σφόδρα,τιμωρούμενος;
3231 4635 3362 4689 Τότε
3386 4639 3549 4694 πάλιν
3571 4643 3709 4714 πρὸς

2118 4717 2280 4769 αὐτὸν
2303 4713 2461 4770 ἐἷπον
2507 4719 2556 4770 οἱ
2592 4720 2756 4787 ἅγιοιο
2799 4722 2860 4773 Εἰ
2893 4722 3069 4806 θέλεις
3103 4723 3199 4780 οὖν
3237 4729 3396 4800 ὑγιὴς
3423 4733 3706 4801 γενέσθαι,

2118 4805 2299 4870 ἔξελθε
2334 4807 2546 4878 πρωῒας
2601 4809 2660 4861 τὸ
2709 4800 2937 4879 τέμενος
2981 4800 3088 4868 άπὸ
3125 4816 3222 4886 τῆς
3269 4822 3559 4891 στρωμνῆς
3608 4800 3707 4878 ἀνέ

2123 4898 2429 4969 ιστάμενος,
2464 4901 2556 4953 καὶ
2587 4902 2859 4972 καμήλοις
2891 4907 3232 4978 συναντήσας
3259 4913 3430 4981 τρισὶ,
3477 4914 3573 4968 σὺν
3613 4917 3710 4968 ἀν-

2117 4988 2204 5059 δρὶ
2230 4989 2312 5060 τῷ
2332 4988 2538 5054 ταύτας
2566 4991 2868 5060 ἐφέλκοντι,
2899 4995 3106 5050 τούτων
3135 5002 3235 5070 τῆς
3270 5003 3508 5074 ἐσχάτης
3546 5006 3708 5060 λασό-

2121 5097 2302 5147 μενος,
2349 5081 2410 5134 οὗ
2458 5081 2534 5154 μὴ
2595 5083 2860 5155 πρότερον
2895 5086 3063 5158 ἐάσῃς
3095 5091 3446 5160 πορεύεσθαι,
3491 5095 3595 5159 ἐως
3638 5097 3704 5153 ἄν

2119 5172 2467 5243 ἁφοδεύσειεο
2513 5175 2574 5228 τὸ
2623 5176 2824 5248 ταύτης
2856 5179 2964 5250 γὰρ
3007 5181 3400 5253 ἐκκρινόμενον
3436 5187 3707 5241 σκύϐαλον

2120 5261 2273 5317 ὕδατι
2310 5265 2516 5330 εὐθέως
2561 5266 2869 5337 δευόμενον,
2903 5270 3000 5340 τῆς
3030 5273 3132 5342 σῆς
3194 5275 3509 5347 ἀρρωστίας
3549 5278 3705 5333 ἔσται

2120 5355 2393 5427 βοήθημα,
2433 5358 2528 5411 καὶ
2562 5358 2734 5412 κακοῦ
2768 5378 2824 5414 σε
2875 5361 3197 5432 τηλικούτου
3235 5365 3592 5438 λυτρὼσεται,
3634 5373 3703 5440 τῇ

2120 5451 2186 5520 σῇ
2219 5449 2428 5521 κεφαλῇ
2454 5453 2920 5525 προσφερόμενον.
2947 5455 3136 5511 Ταῦτα
3158 5461 3428 5530 φήσαντες
3456 5461 3705 5532 ἀπῆλθον

2118 5540 2166 5592 οἱ
2199 5543 2496 5612 μάρτυρες.

2202 5635 2259 5685 'U
2290 5634 2346 5686 δὲ
2376 5635 2547 5689 νοσῶν
2585 5635 2682 5706 τῆς
2731 5641 3035 5712 στρωμνῆς,
3054 5641 3315 5710 ἀναστὰς,
3336 5642 3411 5706 ὡς
3455 5645 3704 5701 κεκέλευ-

2122 5741 2234 5788 στο,
2289 5724 2594 5798 πληρώσων
2656 5729 2808 5799 ἐξῄει
2869 5732 2928 5782 τὸ
2953 5733 3230 5805 θέσπισμα
3253 5752 3264 5765 ·
3298 5738 3390 5790 καὶ
3418 5738 3702 5809 καμήλους

2121 5820 2266 5888 τρςῖς
2311 5817 2508 5890 εὑρὼν,
2553 5819 2626 5886 ὡς
2644 5823 2893 5891 ἐπύθετο,
2931 5827 3029 5897 τῆς
3073 5829 3384 5894 τελευταίας
3420 5831 3526 5899 τῆς,
3561 5851 3697 5904 φορ-
