4060 6236
494 352 634 423 34θί

1377 365 1436 425 S.
1470 364 1883 437 SOPHRONH
1910 368 2409 434 PATRIARCHA'I
2446 377 2846 443 HIEROSOL.

3630 384 3769 455 3432

503 468 800 524 Marcellini
831 481 972 537 erat,
1005 474 1085 528 sic
1120 474 1265 530 enim
1331 479 1564 535 maritus
1620 481 1990 548 cataphorit-te
2016 501 2061 537 at

2182 489 2411 544 λέσασαν
2446 493 2549 544 τῶν
2567 495 2976 567 Ἀσκληπιάδων
3007 500 3177 564 οὐδεὶς
3212 502 3601 558 ἐπεσκέπτετο.
3645 508 3771 559 Ἐπ’

500 561 691 617 divitis
727 563 1050 627 vocabatur,
1082 565 1372 634 adessent;
1412 582 1531 623 eam
1562 584 1696 625 vero
1722 587 1842 640 quae
1887 589 2088 643 paupe-

502 653 616 705 rior
629 662 768 717 erat,
790 656 1096 726 oculosque
1120 658 1400 724 amiserat,
1428 661 1612 717 nullus
1632 664 1881 717 visitaret
1902 669 2089 721 Ascle-

503 743 813 812 piadarum.
872 747 927 800 In
991 751 1223 804 veritate
1252 752 1457 822 quippe
1490 753 1793 809 secundum
1831 756 2084 811 Salomo-

499 851 624 889 nem
661 839 944 907 cupiosum
981 839 1033 894 in
1069 844 1336 910 sapientia
1364 853 1419 899 et
1449 847 1801 911 immensum,
1825 852 1919 920 qui
1970 867 2081 905 ma-

494 929 676 982 rinam
732 929 927 986 habuit
975 934 1162 990 cordis
1216 936 1587 1005 etl‘usionem;
1629 940 1790 994 amici
1851 943 2080 996 divitum

2185 581 2441 651 ἀληθείας
2470 585 2579 656 γὰρ
2620 589 2762 642 κατὰ
2815 591 3134 661 Σολομῶντα
3173 597 3266 646 τον
3312 596 3369 648 ἐν
3413 597 3575 669 σοφία
3602 598 3774 653 πολὺν

2184 676 2280 728 καὶ
2306 677 2616 748 ἀμέτρητον
2648 682 2743 734 καὶ
2779 682 2931 754 χῦμα
2965 687 3192 755 καρδίας
3219 688 3510 744 θαλάττιον
3553 690 3768 761 ἔχοντα.

2190 784 2208 817 ι
2243 766 2389 820 Φίλοι
2419 770 2689 825 πλουσίων
2719 773 2924 838 πολλοὶ,
2963 795 2982 829 ι
3016 779 3044 829 ὁ
3070 777 3127 830 δὲ
3157 779 3371 848 πτωχὸς
3407 783 3503 834 καὶ
3531 782 3641 836 ἀπὸ
3668 781 3765 837 τοῦ

2180 852 2332 917 ὄντος
2363 857 2513 927 αὑτῷ
2547 859 2792 916 λείπεται
2823 881 2836 894 ⁸
2873 866 2968 918 καὶ
3010 866 3182 922 ταῦτα
3204 869 3300 938 μὲν
3327 871 3354 923 ὁ
3397 871 3652 938 Σολομὼν
3686 873 3763 937 ὡς

2178 941 2384 1014 ἔχειτὰ
2414 950 2717 1021 πράγματα
2753 959 3053 1025 γέγραφεν.

498 1022 681 1089 multi,
723 1038 754 1077 a
776 1038 1019 1094 paupere
1048 1042 1198 1092 vero,
1229 1037 1285 1082 et
1328 1044 1489 1098 quem
1525 1032 1783 1096 habebat,
1820 1035 2077 1088 recessit.
2122 1031 2185 1086 Et
2228 1036 2342 1091 haec
2384 1041 2603 1108 quidem
2636 1022 2917 1109 Salomon,
2946 1022 3003 1102 ut
3036 1063 3097 1105 se
3136 1064 3225 1105 res
3284 1049 3507 1119 habent,
3561 1052 3773 1111 descri-

498 1119 630 1191 psit.

541 1209 711 1265 Porro
726 1210 810 1264 ba:
823 1210 854 1264 (1
863 1226 942 1265 na:
958 1211 1237 1275 mulieres,
1262 1230 1491 1285 quarum
1511 1217 1679 1272 altera
1695 1219 1955 1288 pecunias
1978 1233 2084 1271 non

492 1300 731 1355 habebat
749 1317 846 1371 per
869 1317 1008 1371 quas
1027 1303 1270 1359 medicos
1284 1306 1598 1368 advocaret.
1617 1310 1787 1363 altera
1814 1325 1946 1363 vero
1961 1325 2085 1377 qua:

492 1390 681 1446 multis
699 1391 944 1458 pecuniis
975 1396 1213 1462 erogatis
1253 1395 1325 1448 nil
1349 1396 1453 1450 sibi
1483 1398 1807 1466 profecerat,
1826 1401 1890 1454 ad
1915 1397 2080 1453 Joan-

492 1499 614 1538 nem
668 1494 723 1538 et
756 1482 958 1553 Cyrum
1010 1487 1425 1555 potentissimos
1456 1491 1725 1556 medicos,
1761 1494 1855 1561 qui
1908 1509 2076 1563 peru-

490 1575 707 1628 niarum
729 1590 836 1628 non
880 1585 1063 1644 egent,
1099 1592 1200 1632 nec
1228 1594 1367 1634 auro
1399 1582 1673 1638 mercedis
1695 1593 1892 1639 curant
1919 1586 2075 1641 inﬁr-

492 1682 631 1726 mos.
666 1667 989 1722 adveniunt.
1055 1668 1300 1734 Quarum
1351 1672 1663 1740 mulierum,
1698 1676 1826 1744 quia
1857 1676 2071 1732 illarum

488 1757 869 1812 inﬁrmitatem
899 1760 1177 1824 diximus,
1212 1770 1383 1818 restat
1408 1774 1466 1817 ut
1492 1767 1779 1822 sanitatem
1799 1768 2070 1834 dicamus,

489 1865 658 1918 quam
695 1858 988 1920 postquam
1008 1855 1073 1905 ad
1094 1852 1375 1907 basilicam
1401 1867 1671 1911 venerunt
1687 1859 1895 1930 adeptas
1919 1872 2067 1918 sunt.

2265 1220 2345 1272 Τα
2372 1220 2467 1274 δύο
2490 1221 2546 1274 δὲ
2588 1223 2763 1276 ταῦτα
2808 1224 3026 1293 γύναια,
3052 1229 3085 1295 ἡ
3117 1229 3216 1298 μὲν
3247 1230 3347 1283 οὐκ
3394 1232 3593 1301 ἔχουσα
3626 1236 3766 1305 χρή-

2194 1327 2338 1379 ματα
2373 1312 2440 1365 δι’
2469 1308 2544 1367 ὧν
2604 1316 2818 1386 ἰατροὺς
2892 1321 3372 1391 προσκαλέσηται·
3404 1325 3436 1395 ἡ
3495 1325 3551 1379 δὲ
3590 1327 3767 1380 πολλὰ

2186 1403 2551 1475 δαπανήσασα
2581 1411 2842 1480 χρήματα
2871 1414 2963 1465 καὶ
2983 1414 3148 1482 μηδὲν
3180 1416 3381 1486 ἑαυτὴν
3407 1417 3761 1491 ὠφελήσασα,

2188 1495 2282 1549 ἐπὶ
2325 1497 2580 1566 Ἰωάννην
2619 1500 2715 1553 καὶ
2756 1500 2938 1571 Κῦρον
2988 1505 3114 1567 τοὺς
3167 1506 3490 1571 πανσθενετς
3542 1511 3763 1580 ἰατροὺς

2187 1588 2284 1640 καὶ
2311 1591 2613 1661 χρημάτων
2642 1593 2704 1645 οὐ
2739 1593 3061 1665 χρῄζοντας,
3098 1597 3206 1651 οὐδ’
3239 1599 3330 1653 ἐπὶ
3394 1601 3584 1673 χρυσῷ
3630 1606 3760 1668 τοὺς

2185 1680 2437 1745 ἀσθενεῖς
2462 1682 2865 1753 θεραπεύοντας
2889 1683 3279 1758 ἔρχονταιῘΩν
3308 1690 3444 1756 λέξω
3464 1692 3562 1764 τὴν
3590 1694 3755 1762 ῐασιν,

2178 1773 2370 1845 ἐπειδὴ
2399 1774 2498 1846 τὴν
2531 1777 2817 1832 ἀσθένειαν
2843 1779 3073 1850 εἴπομεν
3118 1781 3280 1852 (αὕτη
3309 1784 3428 1856 γὰρ
3457 1785 3749 1857 λείπεται),

2178 1864 2320 1935 μετὰ
2343 1864 2439 1937 τὴν
2464 1867 2603 1939 πρὸς
2629 1868 2692 1921 τὸ
2737 1870 2964 1940 τέμενος
3004 1869 3212 1940 ἄφιξιν;
3247 1874 3359 1945 Πρὸ
3388 1876 3498 1947 γὰρ
3526 1880 3623 1947 τῆς
3652 1881 3754 1931 αὖ-

483 1943 621 1999 Nam
657 1954 783 2000 ante
820 1946 986 2015 hujus
1031 1935 1296 2009 visionem
1321 1957 1375 2028 et
1401 1950 1467 2005 ad
1503 1948 1941 2019 eos'adventum,
1967 1972 2061 2013 nos

2172 1955 2267 2009 τοῦ
2297 1935 2426 2019 θέας
2449 1935 2543 2011 καί
2572 1962 2670 2031 τῆς
2699 1962 2781 2024 εἰς
2803 1935 2930 2026 τοὺς
2957 1935 3148 2032 ἁγίους
3198 1935 3751 2034 ἀφίξεωςίὰσθενοῦ-

486 2038 735 2093 homines
786 2040 1150 2104 intlrmamur,
1196 2049 1250 2097 et
1313 2044 1636 2100 crudelibus
1709 2049 2067 2116 passionibus

483 2129 823 2198 detinemur;
861 2129 1005 2185 banc
1050 2141 1233 2187 autem
1275 2134 1543 2201 videntes,
1582 2144 1638 2191 et
1690 2138 2071 2194 habitantibus

484 2221 540 2274 in
567 2237 630 2276 ea
664 2224 1000 2294 martyribus
1056 2225 1432 2294 procidentes,
1497 2242 1715 2282 omnem
1753 2230 2068 2301 languorem

480 2325 537 2366 et
583 2326 800 2367 omnem
835 2314 1209 2370 inﬁrmitatem
1269 2317 1563 2374 confestim
1587 2320 1901 2389 abjicimus.
1932 2323 2067 2377 Cum

481 2419 612 2474 ergo
640 2406 940 2471 venissent,
969 2407 1040 2461 de
1075 2407 1276 2477 quibus
1307 2409 1646 2473 dicebamus,
1681 2413 1747 2467 ad
1771 2414 2056 2483 templum,

485 2496 914 2552 incolumitatem
943 2514 970 2551 a
997 2500 1183 2569 templi
1203 2500 1604 2557 habitatoribus
1625 2508 2020 2574 exspectabant
2048 2523 2062 2572 ;

480 2590 648 2643 etiam
690 2589 797 2643 illic
819 2589 1179 2660 dignitatibus
1217 2593 1336 2648 suis
1360 2599 1597 2651 utentes.
1630 2595 1800 2650 altera
1832 2597 2055 2666 quidem

486 2679 709 2733 minimc
738 2681 975 2745 (tumore
1029 2695 1167 2735 vana
1218 2697 1313 2737 seu
1364 2681 1475 2738 Deo
1503 2684 1691 2739 odibili
1746 2702 1809 2740 ex
1862 2688 2067 2744 divitiis

480 2770 651 2839 elata)
705 2769 989 2826 inﬂatione
1045 2772 1315 2841 deposita,
1350 2781 1477 2828 ante
1542 2788 1947 2831 monumentum
2011 2779 2063 2832 in

482 2861 626 2915 lecto
647 2861 868 2931 jacebat
898 2879 916 2928 ;
946 2863 1117 2918 altera
1141 2880 1272 2919 vero
1299 2864 1499 2919 alicubi
1553 2875 1679 2921 ante
1737 2879 1947 2937 portam
1979 2870 2063 2925 vi-

480 2951 718 3006 debatur
747 2952 947 3021 ejecta,
974 2953 1278 3008 secundum
1331 2954 1484 3009 illum
1528 2972 1817 3026 pauperem
1848 2966 1903 3012 et
1934 2974 2062 3030 ege-

483 3059 610 3097 num
635 3042 899 3097 Lazarum
918 3044 1009 3113 qui
1039 3045 1274 3100 Abrahae
1290 3047 1447 3103 sinus
1461 3063 1691 3106 consors
1706 3051 1932 3108 enectus
1952 3065 2060 3111 est.
2160 3082 2165 3089 ~

550 3134 721 3187 Porro
743 3142 1010 3204 martyres
1045 3135 1260 3206 utrique
1313 3152 1467 3206 teque
1520 3141 1877 3209 apparebant.
1926 3145 2062 3201 alte-

486 3227 604 3280 rius
643 3227 870 3295 typbum
904 3226 1523 3296 corripientes,alterius
1547 3245 1676 3284 vero
1701 3231 2056 3290 humilitatem

485 3320 681 3371 animm
698 3318 1065 3382 consolantes,
1100 3318 1364 3374 sanitates
1397 3327 1578 3375 tamen
1610 3321 1827 3391 utrique
1846 3321 2061 3378 donan-

480 3416 584 3463 tes.
615 3409 752 3463 Nam
780 3410 829 3464 ei
862 3424 983 3478 qua:
1017 3410 1366 3479 eataphorica
1397 3418 1535 3474 erat,
1561 3419 1615 3465 et
1646 3428 1869 3468 sensum
1903 3429 2059 3472 arro-

474 3503 673 3570 gantiae
698 3502 1009 3570 possidebat
1036 3541 1050 3561 .
1083 3502 1194 3556 Cur
1232 3501 1300 3556 ad
1330 3503 1730 3558 confessionem
1789 3516 2054 3577 nostram,

471 3594 763 3659 dicebant,
802 3594 1042 3648 venisti?
1078 3600 1311 3667 cumque
1359 3594 1449 3648 illa
1482 3597 1877 3665 respondisset,
1909 3598 2058 3655 desio

476 3686 632 3741 derio
665 3687 1019 3756 impetranda:
1041 3687 1297 3742 sanitatis
1335 3697 1387 3742 et
1416 3688 1728 3758 SOSpitatis,
1757 3688 1811 3744 Si
1840 3691 1941 3756 vis,
1974 3693 2057 3747 in-

475 3782 697 3851 quiunt,
741 3780 855 3835 hac
888 3794 917 3834 a
944 3780 1118 3836 nobis
1185 3781 1470 3850 percipere
1516 3796 1637 3851 qua:
1675 3781 1886 3846 dixisti,
1918 3783 2054 3853 ejice

471 3873 757 3940 grabatum
802 3880 961 3924 tuum
1002 3870 1140 3925 etin
1198 3872 1511 3942 pavimento
1552 3872 1830 3937 recutube,
1861 3885 1916 3928 et
1951 3874 2054 3929 hoc

471 3965 570 4019 tibi
606 3963 802 4017 anima:
829 3973 880 4017 et
906 3962 1159 4033 corporis
1186 3962 1273 4016 ﬁet
1308 3963 1583 4032 passionis
1609 3964 1933 4019 remedium.
1960 3964 2054 4019 Ju-

470 4056 625 4109 Iiante
656 4069 784 4108 vero
836 4055 1207 4123 paupercula).
1242 4070 1363 4124 qua:
1398 4055 1601 4123 proprii
1635 4055 1840 4110 laboris
1883 4072 2051 4111 manu

465 4147 703 4213 vivebat,
749 4145 865 4200 bare
904 4155 1229 4216 apparentes
1283 4147 1509 4201 dixere:
1558 4146 1818 4201 crocodili
1855 4162 2049 4202 carnes

467 4240 685 4302 allatas,
715 4237 863 4309 ignis
898 4239 1238 4292 carbonibus
1270 4253 1425 4293 assas
1468 4247 1523 4293 et
1565 4238 1621 4293 in
1657 4238 1919 4293 mortario
1951 4239 2047 4293 ba-

464 4329 673 4394 stritas,
707 4329 759 4381 iu
786 4328 1176 4398 pulveremquc
1210 4328 1484 4394 redat-tas,
1507 4344 1671 4399 super
1704 4330 1894 4384 oculos
1922 4336 2045 4383 tuos

462 4423 556 4488 qui
585 4420 896 4490 patiuntur,
933 4434 1185 4489 asperge.
1222 4418 1286 4473 Et
1308 4421 1421 4475 ba'c
1450 4421 1669 4490 quidem
1704 4421 1879 4474 sancti
1899 4405 2046 4475 'utri-

463 4526 570 4582 que
596 4526 695 4581 per
746 4511 1020 4565 somnium
1052 4521 1376 4581 apparentes
1417 4513 1722 4581 jusserunt.
1753 4514 1865 4569 Illae
1914 4530 2042 4569 vero

2175 2064 2275 2116 μεν
2311 2048 2361 2100 οἱ
2388 2048 2690 2119 ἄνθρωποι,
2720 2053 2815 2105 καὶ
2844 2053 3041 2116 δεινοῖς
3087 2055 3349 2120 πολλάκις
3398 2060 3748 2130 κατεχόμεθα

2170 2138 2399 2192 πάθεσιν
2420 2154 2435 2169 '
2460 2140 2621 2194 τοῦτο
2644 2142 2702 2195 δὲ
2723 2142 3035 2213 βλέποντες,
3063 2149 3287 2212 καὶτοῖς
3330 2150 3539 2203 οἰκοῦσι
3572 2168 3745 2221 προσ-

2169 2233 2460 2299 πίπτοντες
2495 2237 2756 2309 μάρτυσι,
2799 2242 2981 2295 πᾶσαν
3024 2243 3179 2297 νόσον
3223 2246 3315 2298 καὶ
3359 2248 3540 2299 πᾶσαν
3573 2249 3743 2302 ἀσθέ-

2166 2340 2318 2378 νειαν
2349 2326 2510 2391 εὐθὺς
2541 2330 2973 2403 ἀπορῥίπτομεν.
2992 2334 3274 2390 Ἐλθοῦσαι
3320 2336 3453 2405 γοῦν
3506 2341 3636 2412 περὶ
3662 2335 3747 2395 ὧν

2171 2414 2434 2487 ἐλέγομεν
2473 2420 2552 2482 εἰς
2583 2421 2645 2473 τί,
2670 2423 2917 2493 τέμενος,
2963 2426 3062 2498 τὴν
3091 2427 3259 2499 ρὦιν
3295 2429 3458 2500 ᾔτουν
3499 2430 3592 2485 τοῦ
3636 2432 3742 2485 νεὼ

2169 2508 2281 2569 τοῖς
2333 2509 2555 2573 οἰκείοις
2600 2510 2872 2581 ἀξιώμασι
2914 2516 3298 2587 χρώμεναι.Ἡ
3333 2522 3435 2592 μὲν
3478 2524 3589 2593 γὰρ
3644 2525 3740 2577 τὸν

2166 2593 2328 2663 δγκον
2356 2599 2456 2652 οὐκ
2479 2601 2828 2657 ἀποϐαλοῦσα
2857 2606 2951 2659 τὸν
2973 2609 3224 2676 μάταιον,
3248 2611 3373 2665 οὔτε
3403 2614 3463 2666 τὸ
3480 2616 3545 2668 ἐκ
3574 2616 3742 2669 πλουο

2168 2687 2282 2740 σῖου
2314 2687 2635 2759 θεομίσητον
2680 2694 2928 2764 φύσημα,
2964 2699 3058 2751 ἐπὶ
3109 2699 3299 2771 κλίνης
3337 2703 3444 2773 πρὸ
3470 2703 3565 2757 τοῦ
3596 2706 3734 2778 μνή-

2168 2794 2337 2847 ματος
2369 2780 2546 2836 ἔκειτο
2569 2799 2584 2814 ⁶
2616 2786 2648 2855 ἠ
2676 2786 2731 2838 δὲ
2758 2786 2863 2852 ἔξω
2890 2789 2995 2859 πρὸ
3023 2791 3116 2844 τοῦ
3135 2793 3379 2859 πυλῶνος
3417 2797 3736 2869 ὲκϐἐϐλητο,

2164 2874 2306 2927 κατὰ
2340 2875 2431 2928 τὸν
2478 2878 2685 2948 πένητα
2729 2879 2823 2933 καὶ
2862 2884 3078 2953 πτωχὸν
3116 2887 3333 2940 καὶτοῦ
3368 2889 3735 2961 ’Δεραμιαίου

2161 2963 2367 3019 κόλπου
2397 2966 2705 3040 σύγκληρον
2732 2971 3003 3044 Λάζαρον.
3422 2989 3437 3000 ‘

2231 3140 2295 3193 Οἱ
2321 3141 2378 3194 δὲ
2419 3143 2693 3215 μάρτυρες
2741 3146 2869 3212 ῐσως
2901 3149 3243 3222 ἀμφοτέραις
3291 3155 3600 3224 ἐφαίνοντο,
3632 3158 3734 3228 τῆς

2165 3227 2267 3296 μὲν
2303 3230 2394 3282 τὸν
2441 3233 2608 3322 τῦφον
2656 3237 3022 3306 παιδεύοντες,
3066 3243 3167 3312 τῆς
3220 3244 3277 3299 δὲ
3342 3248 3441 3319 τὴν
3491 3227 3736 3322 ψυχικῆν

2163 3320 2609 3391 παρηγοροῦντες
2647 3328 3001 3383 ταπείνωσιν·
3027 3332 3321 3405 ἑκατέραις
3347 3335 3406 3389 δὲ
3436 3338 3533 3401 τὰς
3560 3320 3738 3405 ἰάσεις

2156 3408 2514 3481 διαρούμενοι.
2557 3416 2637 3487 Τῇ
2669 3416 2773 3487 μὲν
2796 3420 2906 3491 γὰρ
2941 3429 3358 3497 καταφορητικῇ
3400 3428 3492 3480 καὶ
3534 3430 3735 3493 ἀλαζοο

2159 3501 2309 3553 νικὸν
2337 3502 2534 3573 ἐχούσῃ
2557 3505 2614 3558 τὸ
2641 3507 2913 3577 φρόνημα,
2933 3511 2996 3563 Tt
3027 3513 3381 3584 κατείληφας,
3404 3516 3610 3585 ἔλεγον,
3640 3518 3733 3574 τὸν

2160 3591 2326 3662 σηκὸν
2368 3595 2457 3646 τὸν
2496 3596 2805 3668 ήμέτερονς
2842 3600 3258 3674 Ἀποκριθείσης
3289 3608 3367 3672 δὲ,
3399 3607 3475 3673 ὡς
3509 3606 3729 3678 Ὑγείας

2155 3685 2341 3751 τυχεῖν
2399 3684 2740 3755 ἐπιθυμοῦσα
2794 3690 2886 3742 καὶ
2925 3690 3165 3761 ῥώσεως·
3197 3694 3260 3747 Εἰ
3307 3695 3502 3761 θέλεις,
3535 3702 3727 3767 φασὶν,

2153 3776 2326 3829 ταῦτα
2358 3777 2492 3848 πρὸς
2525 3778 2702 3848 ήμῶν,
2737 3781 2885 3852 ἅπερ
2909 3778 3090 3847 εἶπας,
3116 3788 3467 3855 κομίσασθαι,
3512 3792 3723 3845 ἀποδα-

2152 3865 2245 3918 λοῦ
2272 3884 2366 3920 σου
2393 3869 2482 3921 τὸν
2506 3871 2778 3940 κράϐατον
2809 3875 2902 3925 καὶ
2947 3876 3025 3938 εἰς
3072 3876 3336 3947 τοῦδαφος
3364 3880 3682 3952 ἀνακλίθητι
3709 3900 3724 3913 ο

2152 3963 2246 4014 καὶ
2283 3961 2438 4016 τοῦτό
2481 3981 2564 4016 σοι
2592 3965 2825 4036 ψυχικοῦ
2850 3968 3052 4031 πάθους
3080 3970 3174 4022 καὶ
3214 3973 3529 4043 σωματικοῦ
3556 3978 3722 4046 γενή-

2152 4070 2304 4107 σεται
2336 4054 2649 4126 φάρμακον.
2703 4052 2960 4131 Ἰουλιανῇ
2991 4061 3047 4113 δὲ
3083 4065 3149 4133 τῇ
3195 4068 3425 4136 πενιχρξὶ
3464 4070 3557 4120 καὶ
3589 4087 3723 4140 χερ-

2149 4144 2306 4199 νίτιδι
2339 4147 2509 4200 ταῦτα
2538 4149 2799 4215 φανέντες
2825 4153 3127 4222 εἰρήκασιν·
3166 4157 3524 4227 Κροκοδείλω
3549 4163 3719 4230 κρέας

2148 4236 2421 4303 ἐνέγκασα
2451 4240 2624 4310 πυρὸς
2651 4240 2914 4311 ἄνθραξιν
2966 4245 3225 4315 ὄπτησον,
3255 4251 3347 4302 καὶ
3391 4250 3549 4302 τοῦτο
3577 4253 3720 4304 πολὺ

2148 4329 2205 4380 ὲν
2236 4328 2362 4398 θυῖᾳ
2396 4329 2634 4385 λεάνασα
2661 4334 2754 4385 καὶ
2812 4333 2998 4405 ξὴριον
3036 4338 3333 4406 ποιήσασα,
3373 4343 3494 4403 τοὺς
3519 4342 3718 4410 ὀφθαλ-

2149 4416 2281 4485 μούς
2318 4432 2412 4472 σου
2442 4420 2566 4484 τοὺς
2590 4422 2929 4483 πεπονθότας
2953 4426 3255 4495 ἐπίχρισον.
3281 4429 3391 4480 Καὶ
3412 4430 3583 4484 ταῦτα
3614 4434 3715 4501 μὲν

2144 4511 2482 4582 ἀμφοτέραις
2511 4512 2560 4564 οἰ
2581 4511 2728 4580 ἅγιοι
2759 4515 2879 4569 κατ’
2910 4514 3042 4585 ὄναρ
3082 4518 3340 4586 φανέντες
3393 4520 3716 4580 ἐκέλευσαν.

463 4601 855 4672 expergefacta:
905 4618 1026 4672 quae
1085 4603 1189 4658 sibi
1223 4603 1432 4657 sancita
1467 4602 1681 4658 fuerant
1709 4603 1866 4659 ocius
1889 4621 2039 4659 com-

2162 4602 2214 4653 M
2245 4602 2301 4655 δὲ
2328 4602 2436 4656 τῶν
2468 4603 2651 4658 ὕπνων
2680 4607 2973 4677 ἀφιέμεναι,
3003 4610 3071 4662 τὰ
3109 4609 3469 4666 θεσπισθέντα
3518 4614 3714 4670 θᾶττον

464 4696 772 4762 pls-verunt,
810 4702 865 4748 et.
919 4697 1281 4763 repromissas
1345 4696 1397 4747 in
1439 4695 1726 4764 praeceptis
1773 4696 2039 4750 sanitates

459 4784 835 4839 obtinuerunt.
862 4782 1098 4839 Etalteri
1126 4785 1344 4854 quidem
1368 4793 1644 4839 terrenum
1666 4787 1844 4841 cubile
1867 4786 2036 4842 ευσε-

458 4880 533 4930 est
563 4876 629 4930 ad
669 4877 1001 4939 sanitatem;
1038 4879 1194 4931 alteri
1263 4891 1392 4930 vero
1441 4892 1505 4930 es
1568 4874 1848 4932 crocodilo
1899 4893 2034 4931 con-

461 4977 765 5023 crematum
795 4982 847 5024 ct
893 4969 1201 5023 confectum
1254 4967 1558 5023 subsidium
1592 4985 1759 5035 ςιηυι
1799 4970 1942 5024 enim
1977 4980 2035 5023 ut

458 5079 520 5117 ea
559 5078 677 5130 qur
718 5064 995 5115 thoracem
1032 5060 1340 5128 patiebatur
1396 5073 1562 5128 super
1609 5067 1810 5114 terram
1870 5064 2053 5114 recu-'

458 5155 580 5210 butt
609 5156 837 5225 grabato
887 5152 1103 5213 relicto,
1133 5166 1162 5204 a
1213 5151 1466 5221 passione
1516 5153 1685 5208 libera
1734 5152 1871 5206 facta
1897 5163 2028 5223 est;

456 5259 584 5299 mox
612 5252 792 5297 autem
834 5250 893 5295 ut
923 5255 1065 5294 caeca
1101 5242 1374 5309 pulverem
1400 5254 1565 5307 super
1595 5241 1786 5295 oculos
1822 5241 2030 5310 posuit,

2144 4694 2488 4765 ἐπλήρωσαν,
2517 4698 2732 4761 καὶτὰς
2782 4699 2874 4751 ἐπὶ
2927 4702 3038 4762 τοῖς
3091 4701 3507 4771 προστάγμασιν
3545 4707 3714 4775 ιίπαγ⁸

2142 4787 2425 4854 γελθείσας
2480 4789 2651 4851 ἰάσεις
2678 4787 2994 4858 ἐδρέψαντο.
3030 4792 3137 4843 Καὶ
3172 4795 3239 4862 τῇ
3290 4793 3390 4862 μὶν
3410 4795 3646 4864 ἧρκεσεν
3674 4800 3711 4867 ἡ

2142 4880 2495 4949 χαμαικοιιία
2524 4881 2659 4950 πρὸς
2710 4882 2919 4945 ἄκεσιν,
2956 4884 3022 4954 τῇ
3053 4882 3110 4937 δὲ
3139 4883 3200 4936 τὸ
3245 4885 3312 4937 ἐκ
3363 4888 3711 4957 κροκοδείλου

2140 4973 2482 5040 κεκαυμένον
2524 4971 2795 5043 βοήθημα.
2822 4974 2973 5045 Ἅμα
3006 4973 3114 5046 γὰρ
3147 4976 3180 5045 ἡ
3218 4976 3308 5029 τὸν
3346 4976 3570 5048 θώρακα
3603 4981 3712 5032 πά-

2142 5080 2343 5133 σχουσα
2369 5063 2462 5116 ἐπὶ
2496 5065 2596 5133 γῆς
2623 5065 2880 5135 ἀνεκλίθη
2900 5065 3133 5120 λιποῦσα
3171 5066 3265 5121 τὸν
3288 5069 3584 5139 κράϐατον,
3611 5073 3712 5125 τοῦ

2138 5154 2342 5217 πάθους
2381 5156 2699 5225 ἀπήλλακτο
2716 5176 2729 5188 ·
2766 5157 2884 5228 ἅμα
2905 5156 2961 5211 δὲ
2987 5159 3082 5212 καὶ
3100 5161 3133 5229 ὴ
3166 5160 3339 5230 τυφλὴ
3365 5163 3480 5225 τοῖς
3501 5161 3707 5231 ὀφθαλ-

2140 5246 2260 5311 μοῖς
2288 5244 2616 5297 ἐπιόαλοῦσα
2641 5244 2702 5298 τὸ
2733 5245 2944 5316 ξήριον,
2962 5246 3277 5319 ᾀνέὁλεψεν.
3296 5247 3485 5319 Ἡμεῖς
3516 5249 3572 5303 δὲ
3609 5255 3710 5304 σὺν

458 5338 636 5391 visum
674 5335 902 5404 recepit.
930 5334 1101 5388 Porro
1128 5349 1228 5388 nos
1255 5348 1380 5388 cum
1401 5342 1630 5402 utraque
1655 5332 1882 5387 medicis
1912 5332 2035 5386 rol-

2162 5335 2300 5403 ὶμφω
2331 5337 2452 5398 τοὺς
2483 5337 2703 5406 ἰατροὺς
2736 5338 3180 5409 εὐφημήσαντες,
3213 5340 3315 5411 τῆς
3355 5339 3463 5395 τῶν
3501 5340 3710 5395 λοιπῶν

456 5426 716 5490 laudatis,
751 5426 1086 5493 reliquorum
1128 5425 1445 5480 relationem
1476 5424 1861 5478 miraculorum
1912 5425 2026 5478 sol-

455 5514 604 5571 licito
625 5515 914 5571 faciamus.

733 5607 897 5663 XXV.
933 5606 1009 5662 De
1042 5604 1293 5677 Helpidia
1338 5605 1766 5661 Itmnorrhoissa.

535 5696 630 5751 Via
665 5696 966 5768 llelpidiam
1006 5700 1315 5755 invenimus
1344 5717 1361 5765 ;
1392 5701 1445 5753 in
1478 5698 1578 5754 hac
1610 5700 1752 5754 enim
1779 5699 2030 5756 multitu-

453 5787 586 5847 dine
619 5790 711 5856 qui
758 5793 932 5847 sanati
964 5800 1093 5847 sunt
1116 5793 1495 5849 occultabatur
1528 5808 1543 5847 :
1573 5785 1808 5862 denique
1829 5808 1858 5845 a
1893 5807 2032 5846 mar-

2135 5427 2428 5499 θαυμάτων
2461 5430 2805 5498 ἀπαγγελίας
2854 5433 3253 5504 φροντίσωμεν.

2181 5608 2307 5663 KE'.
2337 5608 2478 5679 Περί
2518 5610 2827 5678 Ἔλπιδίας
2843 5610 2953 5681 τῆς
2969 5612 3235 5682 ἐχούσης
3265 5616 3632 5685 αἰμόρῤοων.

2203 5700 2371 5762 Μόλις
2398 5700 2494 5771 τὴν
2514 5701 2789 5757 Ἑλπιδίαν
2818 5704 3129 5777 εὑρήκαμεν
3151 5724 3165 5737 ·
3198 5709 3257 5760 ὲν
3275 5710 3340 5779 τῇ
3375 5707 3575 5778 πληθυῖ
3597 5710 3710 5782 γὰρ

2138 5791 2275 5863 αὕτη
2307 5792 2416 5845 τῶν
2459 5793 2716 5865 ξαθέντων
2745 5796 3070 5867 ἐκρύπτετο,
3126 5801 3225 5871 τὴν
3275 5800 3568 5872 θεραπείαν
3602 5805 3709 5877 μὲν,
