4060 6236
330 276 472 342 3493

1321 273 1428 335 SS.
1463 271 1634 334 CYRI
1678 268 1771 327 ΕΤ
1813 260 2134 325 JUANNIS
2170 265 2581 330 MIRACULA.

3469 274 3610 361 atat

332 393 459 450 τοὺς
486 388 675 457 ἁγίους
713 387 1020 457 συλήσασα,
1066 386 1337 440 δεδοικυῖα
1373 386 1429 439 δὲ
1474 384 1572 438 καὶ
1627 382 1714 435 διὰ
1760 377 1919 431 τοῦτο

2041 379 2241 447 διε-ἱιιιιε
2281 383 2504 450 quidem
2561 386 2901 441 curationem
2934 392 3114 443 l'nrata
3140 398 3245 456 est,
3283 392 3379 447 sed
3409 392 3609 448 timens

334 482 428 534 καὶ
462 480 739 551 τρέμουσα
765 497 776 508 ·
814 481 936 532 κατ’
969 479 1185 549 ἐκείνην
1224 478 1363 547 τάχα
1408 476 1506 547 τὴν
1554 475 1643 528 ἐπὶ
1676 472 1768 525 τοῦ
1803 471 1918 523 Σω-

333 576 500 647 τῆρος
516 572 925 645 αἱμορροοῦσαν
945 571 1307 626 λανθάνουσα.
1327 569 1548 624 Ἐδεδίει
1568 567 1677 638 γὰρ
1703 566 1796 620 καὶ
1823 563 1921 618 αῦ-

334 682 403 737 τη
441 665 648 733 σαφῶς,
682 666 883 735 μήπως
912 664 957 717 οἱ
992 663 1319 735 συληθέντες
1348 664 1448 734 τὴν
1492 661 1641 713 ἴασιν
1684 659 1921 728 νοήσωσι

340 756 644 826 μάρτυρες,
672 754 768 809 καὶ
796 754 1039 825 φανερὰν
1066 753 1236 823 αὐτὴν
1282 755 1395 816 τοῖς
1430 752 1563 805 πᾶσι
1598 749 1920 819 ποιήσωσιν,

337 846 529 918 ὥσπερ
565 846 825 916 κάκείνην
851 848 878 900 ὁ
907 846 1135 919 Κύριος,
1184 846 1350 900 αὐτόν
1394 862 1451 897 τε
1491 841 1784 896 λανθάνειν
1829 841 1924 894 καὶ

342 939 550 1003 πάντας
575 941 879 1009 νομίσασαν
914 940 1285 1009 ἐφανέρωσεν.
1303 936 1444 990 Ἀλλ’
1476 936 1575 989 οῦκ
1598 933 1786 987 ἔλαθεν
1813 932 1924 986 οὐδ’

343 1028 484 1100 αῦτη
518 1029 611 1082 νῦν
643 1029 773 1093 τοῦς
807 1029 1135 1093 ἀκέσαντας,
1189 1027 1264 1093 ὡς
1313 1028 1422 1082 οὐδ’
1455 1028 1638 1097 ἐκείνη
1678 1026 1801 1078 τότε
1832 1024 1926 1077 τὸν

348 1121 576 1193 Κύριον.
614 1122 679 1174 Οἱ
714 1122 822 1192 γὰρ
847 1122 994 1190 ἅγιοι
1023 1123 1080 1175 ἐν
1114 1121 1302 1192 μέσοις
1330 1124 1443 1184 τοῖς
1473 1118 1651 1190 ὄχλοις
1688 1133 1925 1186 κρυπτο-

347 1215 517 1287 μένην
547 1215 718 1287 αὐτὴν
742 1215 1143 1287 θεωρήσαντες,
1176 1215 1396 1269 πάντων
1430 1215 1508 1277 είς
1537 1213 1701 1283 μέσον
1732 1212 1825 1263 καὶ
1850 1212 1925 1280 μὴ

342 1307 606 1362 θέλουσαν
651 1309 897 1376 ἄγουσιν,
934 1308 1027 1362 καὶ
1058 1307 1274 1361 πάντων
1295 1309 1350 1359 ὲν
1375 1305 1529 1375 ὂψεσι
1558 1302 1925 1376 θριαμϐεύου-

344 1415 466 1453 σιν·
507 1399 605 1470 οὐχ
654 1398 731 1463 ὥς
794 1415 846 1452 τι
893 1397 1002 1452 τῶν
1047 1398 1265 1452 ἀτόπων
1310 1398 1642 1467 ποιήσασαν,
1688 1393 1803 1447 ἀλλ’
1853 1393 1925 1456 ὡς

341 1493 527 1547 πίστει
546 1492 651 1564 τὴν
695 1492 973 1564 σωτηρίαν
1026 1490 1387 1563 κερδάνασαν,
1424 1489 1521 1543 καὶ
1559 1487 1697 1559 πρὸς
1748 1485 1928 1538 αὐτῶν

343 1584 571 1648 εἰκότως
603 1583 935 1639 ἀκούουσαν
980 1583 1241 1654 «Θάρσει,
1271 1582 1537 1651 θύγατερ,
1568 1581 1808 1652 ἠπίστις
1836 1592 1929 1631 σου

345 1677 585 1732 σέσωκέν
614 1695 698 1744 σε,
726 1676 961 1748 πορεύου
996 1678 1074 1740 είς
1105 1676 1347 1744 εἰρήνην.
1395 1691 1413 1725 i

425 1767 673 1824 Ἐλπιδία
698 1768 807 1839 γάρ
834 1768 983 1822 τουτὶ
1004 1767 1066 1822 τὸ
1098 1766 1425 1821 πιστότατον
1451 1763 1698 1833 γύναιον,
1726 1762 1788 1816 τὸ
1827 1764 1925 1833 τῆς
1960 1760 2002 1816 Β

343 1863 668 1935 αἱμορροίας
700 1862 857 1933 ἔσχεν
906 1860 1275 1935 ἀρρώστημα,
1332 1858 1424 1929 ὑφ’
1454 1854 1514 1912 οῦ
1563 1855 1752 1918 δεινῶς
1803 1871 1928 1908 κατ-

344 1956 573 2028 ετήκετο
596 1954 691 2009 καὶ
721 1955 923 2025 μᾶλλον
941 1953 1174 2024 ἀφειδῶς
1192 1952 1539 2023 ἀνηλίσκετο,
1565 1948 1749 2020 πηγὴν
1778 1946 1932 2000 στελ-

343 2046 577 2118 λομένην
608 2045 702 2099 τοῦ
738 2045 948 2109 πάθους
981 2045 1081 2098 ούκ
1104 2043 1325 2116 ἔχουσα,
1363 2044 1462 2097 οὐκ
1489 2042 1716 2096 ἀεννάου
1747 2039 1928 2109 νάμα-

344 2155 459 2204 τος,
484 2136 621 2193 am
656 2136 912 2209 βρύοντος
939 2136 1203 2208 stipator
1240 2135 1334 2189 καὶ
1389 2120 1619 2205 κρουνὸς
1657 2133 1744 2186 ἀεὶ
1791 2132 1930 2187 διαι-

347 2232 594 2300 νὸμενος,
635 2231 733 2284 οὐκ
772 2229 1153 2303 ἀργυροειδέσι
1190 2231 1306 2291 τοῖς
1356 2227 1568 2293 ὕδασιν,
1603 2226 1741 2281 ἀλλὰ
1763 2242 1934 2294 φοινι-

348 2321 588 2393 κόχρωσι
617 2320 908 2386 στάζουσιν
936 2321 1186 2392 αἴμασιν.
1209 2317 1496 2374 Ἐντεῦθεν
1541 2318 1710 2380 νεκρὰ
1741 2318 1839 2387 μὲν
1874 2319 1932 2368 ὲν

349 2413 517 2478 ζῶτιν
552 2411 825 2482 ἐφαίνετο,
856 2410 951 2465 τοῦ
984 2410 1400 2482 ἐρυθραίνοντος
1446 2410 1819 2471 ἐπιλείποντος
1855 2407 1937 2461 αἴ-

352 2522 522 2574 ματος
548 2521 561 2535 ·
597 2507 654 2558 ὲν
679 2506 896 2574 νεκροῖς
926 2503 983 2557 δὲ
1040 2503 1203 2556 πάλιν
1250 2502 1350 2556 οὐκ
1397 2501 1693 2570 ἐλογίζετο,
1726 2500 1809 2552 ἔτι
1840 2497 1934 2552 τοῦ

350 2594 588 2661 ζωτικοῦ
626 2595 929 2667 ψυχσῦντος
978 2595 1151 2665 αὐτὴν
1197 2595 1289 2647 καὶ
1332 2595 1650 2664 συνέχοντος
1683 2592 1935 2660 πνεύμα-

349 2707 463 2752 τος.
501 2688 596 2741 Ἐκ
624 2688 810 2740 τούτου
848 2690 1040 2757 φυγεῖν
1068 2686 1299 2740 θέλουσα
1316 2685 1408 2739 τοῦ
1442 2688 1776 2757 νοσήματος,
1810 2685 1938 2749 τοὺς

352 2778 679 2850 φυγαδεύειν
697 2780 831 2833 αὐτὸ
849 2779 1354 2850 ἐπαγγελλομένους
1381 2780 1597 2850 ἰατροὺς
1617 2779 1937 2842 ἐπεδίωκεν,

351 2873 593 2937 ἐκείνους
623 2874 710 2927 ἀεὶ
761 2872 902 2944 μετὰ
959 2872 1221 2943 πλείστης
1273 2872 1510 2943 σπουδῆς
1560 2870 1938 2943 ἁνιχνεύουσα,

352 2973 477 3036 τοὺς
537 2970 605 3024 δι’
632 2970 823 3041 ἐξοχὴν
873 2968 1255 3040 ὲνδεδυμένους
1313 2969 1439 3031 τοὺς
1506 2967 1798 3040 τρίϐωνας,
1848 2968 1943 3021 καὶ

354 3063 535 3118 πάντα
564 3063 632 3117 τα
667 3064 765 3133 τῆς
790 3063 982 3133 τέχνης
1000 3061 1302 3131 αὐχοῦντας
1326 3058 1675 3123 ἐπίστασθαι,
1700 3060 1794 3114 καὶ
1816 3060 1942 3123 τοὺς

357 3154 651 3225 μανθάνειν
679 3154 989 3217 ἐθέλοντας,
1044 3154 1102 3206 ἐν
1131 3152 1296 3225 ὀφρύϊ
1334 3152 1443 3206 τῶν
1476 3152 1652 3221 λόγων
1678 3154 1752 3216 ὡς
1780 3156 1833 3207 ἐν
1860 3156 1938 3206 εἰ-

350 3249 502 3319 δήσει
530 3248 639 3300 τῶν
661 3247 841 3318 ἔργων
881 3246 1231 3309 διδάσκοντας
1254 3262 1268 3276 ·
1300 3244 1396 3308 οὒς
1440 3243 1805 3314 εὐθηνοῦντας
1838 3245 1937 3315 μὲν

352 3340 459 3391 ἀνὰ
485 3338 583 3409 τὴν
608 3338 765 3392 πόλιν
807 3338 881 3401 ὡς
918 3338 1109 3409 ἤθελεν
1157 3337 1435 3408 εὕρισκεν,
1472 3336 1831 3402 σπανίζοντας
1879 3335 1937 3390 δὶ

353 3432 490 3503 πρὸς
531 3432 673 3484 ἴασιν
701 3431 797 3501 οὐχ
820 3430 1075 3504 εὕρισκεν
1101 3431 1175 3493 ὡς
1226 3428 1514 3501 ὴδούλετο’
1540 3430 1773 3483 ἑκάστου
1827 3428 1936 3501 γάρ

353 3522 532 3577 αὐτῶν
550 3526 746 3594 πεῖραν
780 3523 1164 3595 λαμβάνουσα,
1220 3522 1298 3585 ὡς
1328 3522 1390 3575 οὐ
1442 3522 1765 3592 πειραθεῖσα
1794 3523 1933 3593 πρὸς

351 3614 510 3668 ἄλλον
550 3615 873 3685 μετὴρχετο,
906 3613 1002 3668 καὶ
1031 3614 1153 3668 καθ’
1180 3613 1276 3668 ἕνα
1300 3613 1427 3677 τοὺς
1459 3614 1667 3678 πάντας
1696 3613 1939 3686 ἀμείψαο

353 3726 440 3773 σα,
470 3708 531 3761 τὸ
570 3713 797 3779 κατέχον
828 3706 1000 3780 αὐτὴν
1028 3709 1130 3762 οὐκ
1158 3707 1359 3779 ἧλαυνε
1398 3708 1635 3779 νόσημα.

428 3970 555 4027 Ὅτε
582 3973 637 4027 δὲ
668 3972 849 4027 πάντα
876 3973 967 4027 τὸν
1003 3974 1115 4046 βίον
1145 3975 1317 4044 αὐτῆς
1340 3975 1434 4028 καί
1464 3974 1562 4047 τὴν
1590 3973 1826 4048 ὓπαρξιν
1855 3976 1935 4039 εἰς

356 4066 574 4139 ίατροὺς
602 4066 932 4138 ἐδαπάνησε.
965 4068 1059 4121 καὶ
1099 4068 1161 4121 τὸ
1206 4066 1378 4131 πάθος
1412 4069 1606 4138 φυγεῖν
1634 4070 1735 4121 οὐκ
1768 4068 1935 4121 εὐπό-

354 4176 511 4231 ρησε,
543 4158 665 4213 οὔτε
697 4160 1054 4230 παραμυθίαν
1101 4160 1225 4215 τινα
1253 4164 1375 4225 ταῖς
1417 4159 1677 4233 ἁλγηῶσι
1709 4160 1937 4233 πορίσα-

355 4248 502 4315 σθαι,
543 4250 591 4302 εἰ
622 4252 716 4303 καὶ
740 4251 838 4321 τὴν
866 4250 1103 4321 ἀπορίαν
1136 4240 1353 4305 πάντων
1406 4251 1799 4306 ἀναλωθέντων
1852 4253 1936 4316 είς

353 4342 553 4404 αὐτοὺς
582 4340 895 4413 ὲπορίσατο,
944 4344 1036 4396 ἐπὶ
1078 4342 1261 4415 Κῦρον
1304 4345 1401 4398 καὶ
1443 4343 1702 4416 Ἰωάννην
1750 4345 1935 4416 ἠρέμα

2026 473 2095 525 ob
2123 473 2226 529 hoc
2256 486 2309 529 et
2343 484 2607 537 tremens.
2636 489 2800 550 atque
2832 482 3138 537 secundum
3171 485 3318 538 illam
3354 483 3610 541 fortassis

2029 566 2542 635 luetnorrhoissam,
2571 588 2692 642 qua:
2741 589 2770 628 a
2835 572 3121 631 Salvatore
3148 585 3339 632 sanata
3371 585 3455 633 est
3482 577 3607 632 lati-

2031 668 2152 713 tans
2180 675 2194 713 :
2228 660 2557 717 formidabat
2592 666 2738 719 enim
2770 674 2824 719 et
2849 666 2964 720 haec
2991 677 3135 738 apte,
3155 668 3445 738 nequando
3469 682 3603 722 mar-

2030 757 2200 820 tyres,
2236 765 2264 803 a
2298 749 2500 820 quibus
2557 753 2703 809 furto
2761 756 3051 812 sanitatem
3091 757 3416 821 abstulerat,
3451 756 3610 815 intel-

2028 841 2283 912 ligerent,
2340 852 2391 897 et
2441 845 2790 900 manifestam
2842 862 2959 902 eam
3007 848 3264 906 omnibus
3342 849 3609 914 facerent,

2030 934 2174 988 sicut
2202 942 2255 987 et
2290 935 2437 989 illam
2472 934 2736 993 Dominus
2769 939 3090 1009 publicavit,
3118 955 3241 1011 quae
3277 948 3334 995 et
3373 940 3525 995 illum
3555 949 3611 995 et

2029 1042 2220 1083 omnes
2251 1028 2418 1082 latere
2445 1031 2689 1098 putabat.
2730 1030 2835 1088 Sed
2868 1047 2970 1087 nec
2999 1032 3104 1087 ista
3148 1032 3307 1087 latuit
3336 1048 3485 1088 nunc
3513 1047 3611 1088 eos

2029 1119 2119 1187 qui
2153 1134 2211 1172 se
2235 1136 2424 1175 sanam
2455 1123 2729 1187 fecerant;
2759 1124 3223 1195 quemadmodum
3250 1126 3462 1182 necilla
3481 1135 3613 1181 tunc

2030 1209 2317 1265 Dominum
2354 1229 2366 1277 ;
2405 1214 2581 1267 sancti
2616 1216 2761 1270 enim
2807 1217 2859 1270 in
2896 1217 3076 1272 medio
3118 1218 3408 1272 turbarum
3441 1216 3608 1272 etiam

2031 1302 2299 1356 volentem
2320 1303 2618 1369 adducunt,
2642 1316 2696 1360 ct
2725 1320 2910 1361 coram
2935 1307 3195 1363 omnibus
3217 1305 3609 1373 manifestant;

2031 1409 2139 1448 non
2176 1397 2332 1464 quasi
2374 1396 2505 1466 quid
2545 1412 2772 1468 pravum
2805 1398 3019 1465 fecerit,
3055 1399 3154 1455 sed
3199 1410 3458 1470 tanquam
3489 1414 3611 1454 eam

2029 1503 2150 1557 qua!
2183 1488 2286 1542 lide
2317 1489 2550 1544 salutem
2582 1489 2792 1544 lucrata
2821 1490 2916 1554 sit,
2947 1499 3001 1547 et
3028 1490 3096 1545 ab
3122 1491 3203 1547 eis
3225 1489 3616 1546 convenienter

2031 1579 2268 1634 audierit
2300 1597 2315 1634 :
2358 1599 2375 1631 ι
2406 1580 2652 1647 Cunﬁde,
2688 1580 2823 1647 ﬁlia,
2864 1581 2998 1638 ﬁdes
3023 1590 3113 1637 tua
3145 1590 3199 1637 te
3229 1582 3436 1638 salvam
3463 1580 3613 1643 fecit,

2034 1673 2168 1725 vade
2194 1673 2246 1725 in
2282 1688 2435 1743 pace.
2477 1693 2494 1725 ι

2103 1763 2347 1835 Ιιυιρίιιὶτι
2405 1764 2552 1820 enim
2600 1767 2716 1821 haec
2769 1765 3088 1823 ﬁdelissima
3141 1765 3341 1823 mulier
3393 1765 3614 1837 sangui-

2028 1859 2115 1914 nis
2171 1858 2350 1914 ﬂuxus
2403 1858 2593 1914 habuit
2635 1860 3040 1929 aegritudinem,
3101 1875 3130 1915 a
3166 1875 3273 1931 qua
3323 1860 3615 1918 tabeiiebat

2029 1952 2313 2014 atrociter,
2341 1960 2394 2004 et
2430 1950 2550 2007 sine
2578 1951 2688 2005 ulla
2722 1951 2990 2022 parcitate
3020 1953 3471 2020 consumebatur,
3489 1952 3614 2008 fon-

2032 2053 2142 2098 tem
2192 2043 2404 2099 habens
2442 2043 2720 2114 ρςιεεῑοηίε
2763 2043 2858 2114 qui
2891 2058 2999 2099 non
3030 2042 3353 2110 deﬁciebat;
3386 2058 3496 2099 non
3529 2051 3616 2099 ta-

2032 2150 2155 2190 men
2211 2134 2470 2190 lalicibus
2511 2136 2848 2206 petennibus
2887 2134 3165 2203 liuentem,
3194 2134 3293 2193 sed
3326 2136 3615 2207 sanguinis

2034 2227 2232 2281 rivttlis
2289 2236 2663 2291 emanantem,
2723 2242 2902 2298 neque
2950 2229 3166 2300 argenti
3215 2229 3398 2300 specie
3440 2242 3615 2300 aquas

2035 2319 2347 2383 habentem,
2384 2317 2479 2373 sed
2516 2318 3009 2388 phteniceicoloris
3063 2321 3386 2392 sanguinem
3439 2320 3620 2376 distil-

2036 2405 2259 2458 lantt-m.
2293 2407 2371 2458 Ac
2400 2422 2493 2475 per
2519 2406 2624 2460 hoc
2654 2418 2865 2462 mortua
2926 2398 3146 2479 quidem
3204 2410 3348 2466 inter
3377 2410 3617 2467 viventes

2037 2497 2358 2567 apparebat,
2385 2497 2675 2554 deﬁciente
2720 2502 3017 2573 sanguine,
3046 2502 3143 2573 qui
3201 2501 3457 2558 ruborem
3498 2503 3620 2558 vul-

2039 2596 2129 2642 tus
2167 2599 2387 2658 pra‘stat
2420 2608 2433 2644 ε
2472 2601 2525 2646 et
2555 2608 2744 2649 rursus
2776 2590 2845 2648 in'
2872 2596 3105 2650 mortuis
3144 2610 3265 2651 esse
3312 2611 3422 2651 non
3469 2596 3620 2652 aesti-

2042 2682 2315 2746 mabatur,
2345 2698 2411 2737 eo
2434 2685 2580 2755 quod
2613 2685 2754 2740 hanc
2786 2686 3000 2742 vividus
3028 2687 3209 2742 adhuc
3236 2688 3466 2759 spiritus
3500 2688 3621 2744 ani-

2042 2786 2238 2844 maret,
2270 2787 2325 2832 ct
2348 2780 2676 2835 contineret.
2708 2780 2748 2833 Α
2774 2796 2883 2852 quo
2902 2781 3168 2852 languore
3195 2780 3383 2853 fugere
3402 2783 3617 2847 volens.

2051 2870 2295 2925 medicos
2349 2869 2442 2940 qui
2490 2868 2683 2939 fugare
2723 2873 2869 2926 hunc
2922 2873 3387 2957 tt-pronaittetcnt,
3433 2889 3620 2946 perse-

2044 2977 2168 3018 cuta
2198 2971 2304 3024 est.
2340 2964 2462 3020 illos
2518 2979 2737 3034 semper
2787 2965 2961 3019 multo
3024 2965 3211 3020 studio
3262 2965 3620 3036 investigatis,

2046 3054 2137 3124 qui
2157 3062 2379 3125 propter
2419 3056 2777 3109 eminentiam
2810 3056 3121 3111 tribonibus
3148 3057 3539 3123 induebantur,
3570 3065 3625 3111 et

2048 3147 2233 3201 omnia
2280 3162 2404 3217 qua:
2459 3157 2589 3202 sunt
2628 3147 2767 3203 artis
2795 3164 2853 3204 se
2912 3163 3078 3204 nosse
3139 3147 3541 3220 gloriabantur,
3572 3157 3625 3202 et

2045 3254 2142 3295 eos
2193 3240 2284 3307 qui
2331 3238 2546 3294 discere
2589 3240 2823 3306 vellent,
2874 3241 2928 3295 in
2977 3239 3280 3313 supercilio
3331 3240 3624 3296 verborum

2049 3346 2203 3401 atque
2267 3340 2327 3386 ttt
2371 3331 2426 3385 in
2492 3331 2724 3386 scientia
2785 3346 3012 3401 operum
3090 3329 3435 3397 edocebant;
3487 3346 3628 3401 quos

2055 3425 2342 3480 abundare
2366 3440 2463 3497 per
2488 3424 2789 3486 civitatem,
2807 3433 2868 3479 ut
2908 3424 3145 3492 volebat,
3170 3425 3505 3490 inveniebat,
3529 3424 3626 3479 sed

2052 3532 2211 3572 raros
2272 3517 2339 3569 ad
2396 3519 2691 3573 sanitatem
2742 3516 2972 3572 idoneos
3019 3517 3374 3586 inveniebat;
3436 3517 3628 3573 unius-

2047 3607 2321 3676 cujusque
2353 3608 2497 3662 enim
2528 3607 2746 3662 illorum
2771 3607 3153 3677 experimento
3196 3616 3441 3678 accepto,
3464 3608 3623 3679 quasi

2050 3715 2162 3754 non
2190 3708 2439 3770 experto,
2492 3700 2763 3756 transibat
2794 3700 2861 3755 ad
2910 3700 3100 3766 alium,
3124 3710 3178 3755 et
3210 3715 3309 3772 per
3352 3701 3623 3771 singulos,

2045 3810 2240 3850 omnes
2266 3793 2653 3849 remunerabat
2682 3810 2698 3861 ;
2729 3793 2824 3849 sed
2852 3793 3188 3865 languorem,
3219 3793 3314 3864 qui
3363 3808 3426 3849 se
3455 3793 3625 3850 habe-

2051 3883 2166 3946 hat,
2201 3899 2311 3937 non
2345 3884 2674 3938 minorahat.

2117 3977 2252 4031 Cum
2277 3984 2458 4031 autem
2492 3992 2717 4032 omnem
2739 3976 2943 4030 victum
2974 3991 3136 4031 suum
3159 3984 3326 4048 atque
3361 3962 3622 4034 substan-

2046 4070 2178 4123 tiam
2217 4069 2272 4123 in
2315 4068 2543 4125 medicis
2571 4069 3026 4138 consumpsisset,
3062 4076 3117 4123 et
3141 4069 3454 4139 passionem
3482 4070 3623 4127 επα-

2046 4174 2174 4228 gere
2206 4158 2435 4214 minime
2463 4159 2749 4224 valuisset,
2784 4159 2880 4214 sed
2912 4174 3012 4214 nec
3053 4160 3297 4230 requiem
3338 4161 3624 4221 doloribus

2045 4252 2279 4307 mercari
2322 4252 2627 4322 quamlibet
2649 4252 2941 4323 potuisset,
2968 4252 3097 4307 licet
3121 4253 3293 4307 solam
3327 4262 3623 4325 egestatem

2044 4347 2304 4402 omnibus
2336 4347 2389 4401 in
2422 4362 2519 4403 eos
2554 4348 2812 4417 expensis
2861 4348 3208 4418 acquisierit,
3244 4348 3312 4405 ad
3340 4349 3540 4422 Cyrum
3570 4362 3627 4407 et

354 4447 472 4495 πως
502 4431 742 4502 ἔρχεται,
772 4434 968 4505 κλέψαι
1002 4436 1286 4504 μελετῶσα
1317 4440 1382 4509 τῇ
1416 4438 1598 4490 πίστει
1621 4438 1724 4509 τὴν
1764 4438 1931 4492 ἴασιν.

2043 4438 2311 4496 Joannem
2353 4441 2683 4510 pedetentim
2713 4443 2949 4511 accedit,
2996 4442 3103 4497 nde
3130 4443 3299 4499 furari
3357 4443 3628 4533 meditans

353 4522 627 4595 Εὕκαιρον
651 4525 707 4577 δὲ
762 4528 953 4595 καιρὸν
985 4527 1126 4597 πρὸς
1169 4528 1267 4597 τὴν
1315 4525 1524 4597 κλοπὴν
1567 4528 1937 4598 άναμένουσα,

355 4616 449 4669 καὶ
472 4617 571 4687 τὴν
594 4616 743 4688 ὤραν
768 4618 1112 4685 φυλάττουσα
1138 4620 1260 4672 καθ’
1286 4620 1351 4689 ἢν
1372 4619 1603 4690 συλῆσαι
1649 4619 1749 4693 τὴν
1779 4621 1940 4692 θερα-

354 4706 517 4759 πείαν
556 4706 810 4777 ἠδύνατο,
853 4706 1154 4778 νυσταγμῷ
1205 4708 1361 4777 βαθεῖ
1414 4708 1793 4777 καταφέρεται
1844 4709 1939 4762 καὶ

356 4798 511 4868 ὕπνῳ
547 4797 800 4865 συλᾶται,
838 4800 968 4870 πρὶν
1000 4800 1031 4869 ἢ
1062 4798 1286 4870 συλήσει
1324 4800 1450 4863 τοὺς
1479 4800 1763 4870 μάρτυρας
1786 4817 1800 4831 ·
1848 4801 1941 4854 καὶ

354 4889 553 4960 κλέψαι
589 4890 689 4959 τὴν
748 4890 890 4943 ἴασιν
942 4888 1194 4951 θέλουσα,
1246 4890 1386 4961 αὑτὴ
1442 4891 1752 4944 τούναντίον
1786 4891 1941 4945 ἐκλέ-

355 5000 522 5036 πτετο
546 5000 559 5012 ·
589 4985 683 5037 καὶ
713 4983 982 5036 κ).απεῖσα
1019 4983 1183 5039 πάλιν
1225 4986 1355 5054 περὶ
1406 4984 1500 5053 τῆς
1542 4983 1750 5053 κλοπῆς
1787 4986 1943 5039 ἐϐου-

352 5075 563 5132 λεύετο.
606 5076 744 5128 Ἀλλ’
777 5075 960 5131 ἰδοῦσα
985 5077 1232 5140 τούτους,
1258 5075 1333 5139 ὡς
1359 5076 1630 5140 ἀκουσίως
1655 5077 1937 5145 ἐκάθευδε,

354 5168 453 5239 τὴν
484 5168 690 5241 κλοπὴν
722 5170 964 5240 ἐφοὸήθη
1001 5167 1329 5240 ποιήσασθαι
1363 5186 1377 5201 ο
1409 5169 1651 5242 διορύξαι
1704 5171 1817 5242 γὰρ
1849 5172 1942 5226 τὸν

357 5260 631 5333 θησαυρὸν
683 5262 786 5314 οὐκ
830 5261 1126 5332 ἐθάρσησε,
1166 5260 1428 5333 ἀλλήλους
1490 5262 1771 5332 βλέπουσα
1810 5266 1940 5328 τοὺς

356 5353 548 5423 ἁγίους
579 5354 971 5423 φυλάττοντας,
998 5356 1095 5408 καὶ
1122 5355 1197 5425 μὴ
1235 5354 1571 5425 δυναμένους
1621 5356 1728 5409 ὑπό
1773 5374 1938 5421 τινος.

354 5450 404 5501 εί
432 5447 510 5520 μὴ
536 5447 765 5514 θέλοιεν,
803 5447 1157 5503 κλέπτεσθαι.

437 5629 598 5684 Αὐτοὶ
624 5629 681 5683 δὲ
715 5629 810 5683 τὸν
837 5630 1042 5683 σκοπὸν
1092 5631 1184 5685 τοῦ
1219 5633 1441 5701 γυναίου
1482 5637 1800 5706 νοήσαντες,
1849 5656 1923 5691 κα

358 5718 455 5791 τὴν
491 5720 670 5778 πίστιν
693 5721 1083 5794 ᾲποδεξάμενοι
1135 5726 1226 5777 καὶ
1258 5724 1359 5796 τὴν
1399 5726 1809 5796 φανερωθεῖσαν
1843 5730 1936 5783 εύ-

2053 4535 2374 4591 sanitatem.
2410 4532 2613 4591 Verum
2670 4534 2800 4591 dum
2863 4546 3082 4607 tempus
3129 4532 3505 4609 opportunum
3560 4539 3627 4594 ad

2058 4624 2368 4681 faciendum
2397 4626 2604 4682 furtum
2635 4637 2937 4698 exspectat,
2960 4631 3088 4685 dum
3113 4632 3303 4686 horam
3342 4647 3631 4707 qua_cura-

2054 4719 2258 4773 tionem
2296 4720 2532 4789 praedari
2562 4728 2754 4790 posset
2787 4722 3061 4787 observat,
3085 4722 3476 4780 dormitatione
3502 4739 3630 4795 pro-

2055 4811 2224 4867 funda
2281 4814 2608 4883 deprimitur
2641 4831 2655 4878 ;
2683 4823 2737 4869 et
2774 4830 2804 4870 a
2843 4830 3039 4869 somno
3062 4815 3414 4887 dispoliatnr,
3448 4817 3631 4885 prius-

2052 4921 2216 4974 quam
2271 4904 2530 4976 dispoliet
2585 4914 2910 4977 martyres;
2976 4917 3031 4960 et
3110 4906 3283 4962 furari
3342 4909 3628 4963 sanitatem

2050 4998 2280 5063 volens,
2330 4997 2448 5066 ipsa
2496 5012 2528 5053 e
2576 4997 2856 5053 contrario
2923 4996 3109 5052 furtim
3171 4999 3473 5064 adimitur,
3519 4999 3632 5053 fur-

2051 5102 2217 5160 toque
2266 5089 2630 5159 adempta,de
2683 5088 2831 5144 l'urto
2856 5106 3048 5146 rursus
3082 5092 3287 5148 iniebat
3316 5093 3630 5148 consilium.

2054 5183 2160 5239 Sed
2188 5183 2274 5239 his
2298 5183 2452 5250 visis,
2483 5198 2610 5239 cum
2674 5184 2795 5238 sine
2844 5184 3122 5240 voluntate
3176 5185 3486 5250 dormiret,’
3520 5183 3623 5238 fur-

2054 5289 2165 5332 tum
2219 5275 2404 5332 facere
2458 5277 2661 5342 timuit,
2719 5278 2996 5333 suﬂodere
3029 5292 3265 5347 namque
3310 5277 3629 5332 thesaurum

2056 5386 2165 5425 non
2209 5369 2584 5439 praesumpsit,
2644 5380 2868 5425 sanctos
2913 5372 3105 5424 videns
3156 5369 3389 5424 invicem
3440 5370 3630 5425 obser-

2053 5469 2270 5519 vantes.
2305 5471 2361 5516 et
2389 5476 2500 5516 non
2535 5475 2700 5532 posse
2756 5460 2943 5515 furtim
2972 5477 3000 5516 a
3027 5476 3328 5532 quoquam,
3377 5460 3484 5515 nisi
3533 5476 3633 5514 vo-

2053 5553 2304 5610 lu’ssent.
2339 5550 2567 5606 auferri.

2125 5641 2231 5710 Ipsi
2264 5650 2448 5695 atttem
2496 5656 2621 5696 cum
2660 5641 2903 5695 mulieris
2945 5638 3287 5693 iutentionen
3328 5639 3634 5721 intellexis-

2054 5742 2177 5787 sent
2229 5741 2283 5789 et
2339 5732 2525 5801 ﬁdem,
2566 5748 2628 5790 ac
2672 5732 3017 5789 manifestam
3051 5731 3153 5787 sibi
3191 5741 3240 5787 et
3296 5745 3476 5788 notam
3517 5730 3637 5801 eius
