4060 6236
431 356 572 421 3495

1287 346 1348 404 S.
1384 336 1798 403 SOPHRONII
1842 329 2350 395 PATRIARCHAS
2384 326 2790 389 HIEBOSOL.

3545 324 3684 387 3496

437 464 756 536 religionem
782 457 1167 520 admisissent,
1198 456 1263 505 ad
1292 467 1412 505 eant
1436 449 1682 511 veniunt,
1712 454 1765 501 et
1797 444 2005 498 incoluc
2036 469 2050 500 λ

2154 440 2353 505 ίϐειαν,
2388 438 2526 510 πρὸς
2550 438 2724 508 αὐτὴν
2763 436 3175 507 παραγίνονται,
3213 438 3428 508 καὶτῆς
3470 439 3686 508 ῥώσεως

435 532 645 611 mitatis
677 562 876 604 munus
907 546 1243 607 condonaut,
1285 553 1340 596 et
1374 538 1647 610 passionis
1677 546 1761 591 ter
1791 532 2006 589 deside-

433 648 663 706 rabilem
707 643 1025 702 sanitatem,
1078 652 1184 692 non
1232 632 1388 706 quasi
1444 632 1764 703 ignorantes
1819 627 2006 681 furtim

441 737 771 810 exspoliati,
814 732 975 789 sicuti
1031 728 1252 800 quidam
1288 739 1455 795 super
1502 722 1787 777 Salvatore
1824 719 2012 773 dicere

439 832 927 905 pnesumpserunt,
960 823 1014 876 in
1051 821 1248 875 coalqu
1279 834 1342 872 os
1366 822 1632 888 ponentes
1660 823 1715 869 et
1745 812 2009 882 iniquita-

439 936 547 981 tem
574 924 628 976 in
657 919 938 974 excelsum
969 916 1275 984 loquentes,
1306 917 1361 964 et
1392 910 1576 978 lingua
1603 918 1803 961 terram
1829 915 2011 957 trans-

439 1026 655 1079 euntes,
711 1021 764 1066 ει
801 1008 1038 1079 pessime
1082 1004 1452 1076 perhibentes,
1502 997 1781 1069 quomodo
1854 995 2015 1048 scivit

445 1107 622 1164 Deus?
669 1115 721 1160 et
761 1104 806 1158 si
840 1109 926 1157 est
954 1098 1187 1153 scicntia
1224 1095 1277 1150 itt
1307 1092 1569 1150 excelso?
1595 1090 1698 1156 Qui
1735 1104 1859 1143 cum
1902 1087 2013 1152 bis,

442 1203 537 1272 qui
598 1199 855 1253 dixerunt
886 1211 899 1248 :
928 1192 1108 1258 Quare
1157 1197 1237 1250 tu,
1285 1187 1446 1241 homo
1495 1198 1619 1237 cum
1662 1181 1762 1246 sis,
1798 1179 1933 1234 facis
1964 1186 2017 1233 te

446 1271 624 1364 ipsum
675 1285 881 1343 Deum?
934 1279 1502 1339 connumerabuntur,
1552 1283 1605 1330 et
1658 1282 1863 1329 sortem
1912 1271 2016 1327 sibi

448 1363 758 1453 insipientis
802 1375 1220 1446 dispertientur.
1271 1368 1379 1424 Sed
1418 1369 1473 1421 in
1530 1364 1758 1421 scientia
1802 1363 2018 1418 miseri~

448 1473 597 1529 cordi
643 1470 906 1525 Sanitates
951 1469 1299 1535 praestantes,
1344 1460 1489 1514 sicut
1531 1472 1595 1512 ex
1629 1455 1890 1511 omnibus
1922 1469 2020 1509 eo-

456 1580 572 1620 rum
600 1559 885 1616 miraculis
918 1555 1184 1610 diximus.

523 1656 781 1711 Astantes
809 1664 962 1718 ergo,
993 1658 1055 1701 ut
1098 1644 1441 1707 dicebamus,
1482 1649 1718 1712 myrtum
1753 1639 1809 1694 in
1836 1638 2022 1692 vinum

455 1751 691 1812 mittere,
725 1753 778 1799 ct
828 1743 880 1797 id
918 1739 1242 1812 praecipiunt
1281 1736 1489 1790 bibere.
1535 1733 1606 1786 At
1640 1732 1732 1786 illa
1763 1731 1868 1786 hoc
1899 1739 2024 1801 post

2110 532 2170 584 τὸ
2190 530 2360 600 δῶρον
2396 523 2753 601 χαρίζονται(
2770 529 2865 582 καὶ
2893 527 2987 581 τοῦ
3011 527 3218 593 πάθους
3244 529 3345 599 τὴν
3364 527 3690 601 τριπόθητον

2114 622 2295 675 τασιν”
2344 621 2442 690 οὐχ
2497 620 2572 682 ὡς
2620 618 2939 687 ἀγνοοῦντες
2990 618 3310 688 συλούμενοι⁹
3362 619 3458 684 (ὡς
3512 618 3691 686 λέγειν

2113 713 2258 777 τινὲς
2292 712 2384 765 ἐπὶ
2412 710 2506 765 τοῦ
2549 711 2799 782 Σωτῆρος
2845 711 3176 782 ἐτόλμησαν.
3235 713 3314 775 εἰς
3357 709 3584 782 ούρανδν
3631 711 3692 763 τὸ

2117 802 2293 873 στόμα
2325 803 2619 872 τιθέμενοι,
2650 803 2745 854 καὶ
2772 800 2986 855 ἀδικίαν
3015 803 3095 865 εἰς
3146 800 3278 872 ὕψος
3306 801 3690 872 φθεγγόμενοι,

2119 896 2216 950 καὶ
2243 898 2306 965 τῇ
2336 894 2548 965 γλώττῃ
2584 895 2678 964 τὴν
2702 895 2808 964 γῆν
2836 894 3196 966 διερχόμενοι,
3221 895 3318 947 καὶ
3338 894 3574 949 κάκιστα
3601 893 3691 946 λέ-

2118 1003 2307 1076 γργτες
2334 1002 2348 1016 ⁸
2387 986 2509 1050 Πῶς
2532 986 2672 1053 έγνω
2723 987 2749 1038 ὁ
2780 986 2952 1050 Θεόςς
2989 986 3081 1038 καὶ
3121 985 3181 1038 Εἰ
3229 984 3377 1037 ἐστιν
3407 984 3610 1052 γνῶσις
3637 985 3695 1036 ἐν

2121 1078 2199 1149 τῷ
2246 1078 2487 1160 ’Υψίστῳ
2513 1095 2526 1141 ;
2561 1078 2624 1131 Οἳ
2664 1081 2773 1143 τοῖς
2803 1078 3049 1131 εἰποῦσιν
3077 1077 3246 1146 αὐτῷ,
3280 1077 3379 1131 Διὰ
3407 1077 3460 1131 τί
3483 1078 3569 1143 σὺ,
3601 1077 3698 1131 ἇν-

2122 1170 2338 1240 θρωπος
2360 1169 2456 1235 ὢν,
2491 1173 2665 1232 ποιεῖς
2697 1169 2888 1224 ἑαυτὸν
2908 1169 3073 1235 Θεόνς
3104 1168 3588 1238 συνταχθήσονται,
3606 1166 3698 1219 καὶ

2121 1265 2222 1332 τὴν
2253 1260 2583 1331 κληρουχίαν
2615 1261 2801 1324 αὐτοῖς
2821 1258 2915 1313 τοῦ
2946 1261 3180 1330 ἄφρονος
3220 1257 3699 1329 συμμερίζονται),

2124 1353 2240 1408 ἀλλ’
2293 1353 2351 1404 ἐν
2405 1351 2609 1419 γνώσει
2669 1350 3043 1423 φιλανθρώπῳ
3070 1349 3170 1414 τὰς
3216 1350 3387 1413 ἰάσεις
3434 1349 3701 1419 παρέχον-

2125 1460 2237 1508 τες,
2271 1443 2347 1507 ὡς
2399 1445 2463 1495 ὲκ
2495 1444 2716 1497 πάντων
2749 1442 2930 1496 αὐτῶν
2965 1441 3075 1495 τῶν
3108 1441 3401 1513 θαυμάτων
3433 1441 3702 1511 μανθάνο-

2132 1555 2252 1610 μεν.

2214 1630 2563 1693 Ἐπιστάντες
2588 1624 2702 1687 οὖν.
2735 1626 2809 1688 ὡς
2849 1625 3135 1692 ἐλέγομεν,
3177 1622 3444 1695 μυρσίνην
3486 1623 3543 1676 ἐν
3575 1620 3704 1692 οἴνῳ

2134 1721 2338 1793 βαλεῖν,
2370 1722 2466 1775 καὶ
2510 1719 2700 1773 τοῦτον
2751 1719 2898 1770 πιεῖν
2945 1714 3427 1769 ὲπιτάττουσιν.⁹ἰί
3453 1712 3510 1766 δὲ
3567 1713 3705 1782 μετὰ

456 1838 731 1896 somnium
775 1802 937 1898 facto,
979 1802 1160 1884 statim
1193 1842 1225 1880 a
1270 1824 1484 1895 ﬂagello
1518 1829 1709 1878 sanata
1740 1828 1865 1877 est:
1899 1836 2025 1875 san-

2154 1816 2217 1868 ὺνν
2242 1814 2405 1867 ὕπνον
2429 1802 2586 1866 τοῦτο
2612 1808 3121 1882 ποιήσασα,εὒθέως
3146 1808 3263 1860 ἰᾶτο
3288 1805 3384 1875 τῆς
3416 1806 3700 1873 μάστιγος.

457 1931 579 1996 guis
608 1930 776 1985 enim.
828 1925 920 1992 qui
955 1923 1229 1974 instanter
1266 1917 1335 1970 ab
1365 1930 1429 1970 ea
1481 1913 1706 1981 ﬂuebat,
1755 1928 1877 1967 ('um
1911 1927 2026 1967 me-

458 2021 672 2076 dicinas
701 2016 989 2078 sciuisset,
1020 2009 1192 2071 stt-lit,
1225 2006 1428 2078 quibus
1459 2003 1587 2060 dum
1612 2018 1711 2074 per
1736 2018 1800 2058 os
1820 2000 2031 2056 diﬂ'lnc-

460 2124 541 2168 ret
566 2107 958 2181 prohibebatur
1006 2101 1258 2164 elﬂtterc,
1304 2104 1452 2153 statu
1489 2111 1590 2166 pro
1634 2094 1806 2149 ﬂuore
1847 2107 2032 2148 corrc-

462 2215 610 2277 ptns,
635 2211 687 2257 et
726 2215 754 2252 a
780 2190 976 2253 natura
1014 2192 1222 2263 liquida
1258 2200 1313 2246 et
1348 2189 1615 2252 instabili,
1651 2187 1706 2241 in
1749 2186 2031 2240 robustam

464 2307 520 2352 et
549 2293 803 2350 stabilem
855 2294 1253 2344 commutatus,
1293 2282 1405 2337 imo
1451 2281 1666 2351 penitus
1697 2278 2033 2342 subductus,

464 2384 768 2445 exsistentli
819 2376 1165 2436 ettlilﬂuendi
1209 2374 1441 2430 omnino
1484 2371 1723 2442 quietem
1777 2368 2026 2438 adeptus.

465 2480 639 2550 igitur
698 2472 951 2545 Hclpidia
995 2467 1239 2540 quidem,
1301 2460 1680 2533 hujuscemodi
1742 2460 2032 2516 sanitatem

468 2577 788 2632 consecuta,
825 2581 949 2621 cum
995 2577 1095 2634 pro
1130 2561 1233 2614 hac
1279 2556 1484 2630 gratias
1511 2554 1770 2611 dantibus
1803 2551 2040 2608 obtulis-

467 2673 573 2729 set,
603 2662 671 2717 ad
717 2658 1050 2730 pergendum
1090 2653 1146 2706 in
1189 2665 1324 2722 pace
1362 2648 1430 2703 ab
1464 2646 1890 2702 eis-dimittitur.
1930 2642 2042 2697 Nos

472 2770 681 2821 autem,
718 2767 907 2827 pacem
960 2757 1236 2821 optantes,
1289 2751 1344 2800 ct
1390 2743 1640 2814 duplices
1689 2741 1896 2811 gratias
1945 2753 2044 2808 pro

474 2866 606 2922 pace
663 2847 874 2903 scilicet
908 2850 963 2898 et
1010 2836 1297 2895 miraculis
1342 2834 1453 2890 Deo
1499 2848 1564 2888 ac
1593 2830 1926 2903 martyribus
1954 2831 2044 2884 tle-

476 2921 793 3003 cantantes,
835 2937 1079 3004 linguam
1113 2931 1177 3003 ad
1202 2928 1432 2983 aliorum
1468 2924 1834 2981 narratioaem
1882 2921 2047 2976 mirae

489 3037 744 3089 culorum
779 3027 1093 3096 dirigimus.

583 3141 774 3207 XXVI.
804 3139 875 3193 De
899 3135 1171 3206 Τίιεοιίυιοςζ
1209 3148 1325 3205 qua:
1351 3129 1697 3187 absorbuerat
1728 3140 1938 3180 ranam.

555 3291 957 3349 Pt‘teccdentem
1011 3284 1406 3354 investigantes
1463 3280 1770 3341 mulierem,
1831 3282 2053 3331 sanato-

482 3398 717 3455 rutnque
771 3381 998 3452 pelagus
1056 3377 1401 3447 navigantes,
1453 3380 1510 3428 et
1565 3370 1682 3424 vias
1723 3382 1843 3436 quae
1906 3379 2057 3420 more

482 3476 726 3533 ﬂmninis
773 3478 945 3542 agunt
990 3469 1371 3526 decurrentes,
1424 3461 1705 3518 mulierem
1747 3456 2058 3513 invenimus

486 3570 672 3632 aliam,
704 3563 864 3633 cujus
894 3571 1190 3630 antequam
1255 3557 1592 3612 vidissemus
1628 3558 1932 3622 aspectum,
1968 3562 2060 3602 ra-

486 3660 788 3718 nunculum
827 3656 882 3709 itt
927 3668 991 3709 ea
1038 3657 1323 3707 sonantem
1364 3645 1699 3708 audivimus,
1734 3657 1898 3711 quam
1934 3655 2060 3695 cttm

489 3755 606 3825 ipsa
629 3752 740 3822 jam
791 3761 925 3802 rana
974 3745 1128 3799 vobis
1162 3739 1496 3796 adducimus
1545 3749 1739 3807 magna
1766 3750 1896 3790 voce
1922 3748 2064 3805 prae-

488 3847 763 3901 dicantem
792 3838 939 3908 quod
972 3838 1028 3911 in
1072 3851 1132 3891 se
1162 3834 1366 3889 factum
1402 3838 1489 3887 est
1516 3829 1832 3900 prodigium
1862 3832 2065 3895 marty-

492 3953 635 3994 rum.
667 3934 954 3989 Tlteodora
1006 3929 1296 3985 dicebatur
1333 3941 1360 3978 a
1406 3922 1750 3995 parentibus,
1780 3934 1903 3988 qua:
1939 3932 2066 3973 cum

504 4043 703 4100 aquam
756 4025 989 4085 biberet,
1039 4019 1298 4090 pusillum
1352 4014 1716 4071 ranunculum
1744 4010 1937 4075 ebibit,
1973 4009 2067 4079 qui

496 4122 552 4175 in
605 4120 772 4187 hujus
799 4123 989 4170 ventre
1019 4109 1177 4182 quasi
1215 4109 1268 4163 in
1315 4105 1548 4176 quodam
1577 4116 1772 4174 stagno
1802 4111 2069 4166 moratus,

498 4209 759 4281 primitus
785 4204 1005 4277 quidem
1056 4217 1182 4256 cum
1231 4208 1379 4255 esset
1425 4197 1602 4252 adhuc
1644 4195 1927 4265 parvulus,
1963 4207 2073 4247 non

499 4312 610 4357 tam
652 4313 841 4359 amare
894 4296 1043 4349 illam
1103 4290 1523 4355 demoliebantur,
1572 4287 1842 4343 torsiones
1890 4293 2073 4340 autem

504 4390 774 4463 quasdam
851 4385 1091 4441 faciebat
1148 4398 1271 4437 cum
1352 4388 1687 4447 moveretur,
1753 4377 2075 4448 parvitatem

2128 1907 2203 1960 Τὸ
2225 1907 2333 1977 γὰρ
2357 1901 2497 1975 αἷμα
2514 1904 2570 1957 τὸ
2591 1904 2685 1958 ἀπ’
2709 1903 2880 1973 αὐτῆς
2902 1901 3149 1963 άστάτως
3173 1899 3426 1972 ρέον,τῆς
3450 1897 3543 1950 τοῦ
3564 1912 3706 1967 φαρ-

2133 1999 2308 2070 μάκου
2343 1996 2644 2067 παρουσίας
2679 1992 3001 2063 αἰοωμενον
3024 1991 3236 2043 ἵστατο·
3273 1990 3371 2042 καὶ
3398 1989 3588 2042 τούτου
3619 1986 3708 2039 διὰ

2134 2093 2404 2162 στόματος
2431 2088 2855 2161 καταρρέοντος,
2899 2084 3031 2139 αὐτὸ
3076 2084 3374 2153 καταρρεῖν
3415 2079 3706 2137 ἐκωλύετο.

2135 2182 2324 2236 στάσιν
2354 2181 2478 2234 ἀντὶ
2507 2178 2744 2250 ρεύσεως
2788 2176 3196 2245 παιδευόμενον,
3232 2174 3325 2227 καὶ
3359 2172 3521 2241 φύσιν
3552 2170 3711 2224 ἔκλυ-

2134 2274 2224 2328 τόν
2253 2291 2313 2325 τε
2337 2273 2430 2326 καὶ
2457 2271 2715 2334 ἄστατον,
2744 2270 2823 2333 εἰς
2852 2267 3128 2337 σταθηρὰν
3152 2266 3246 2319 καὶ
3274 2264 3594 2335 στερέμνιον
3617 2262 3705 2316 ἁλς

2136 2365 2486 2435 λαττόμενον.
2522 2361 2796 2434 μᾶλλονδὲ
2825 2358 3102 2422 παντελῶς
3149 2356 3595 2426 συστελλόμενον,
3620 2355 3716 2407 καὶ

2137 2455 2200 2510 τὸ
2232 2451 2371 2509 εἶναι
2399 2453 2493 2507 καί⁸
2545 2454 2658 2523 ῥεῖν
2689 2449 2923 2505 καθόλου
2966 2451 3294 2518 παυόμενον.
3339 2446 3583 2499 Ἐλπιδία
3616 2445 3717 2515 μὲν

2138 2546 2283 2602 οὕτω
2313 2546 2412 2615 τῆς
2437 2543 2656 2617 ῥώσεως
2678 2543 2859 2612 ἔτυχε,
2896 2540 3114 2612 καὶ,τὴν
3142 2540 3282 2608 ὑπὲρ
3308 2539 3512 2609 ταύτης
3552 2538 3718 2608 χάριν

2141 2640 2253 2703 τοῖς
2289 2635 2580 2692 δεδωκόσιν
2612 2637 2962 2707 προσάξασα,
3003 2636 3083 2698 εἰς
3123 2635 3346 2705 εἰρήνην
3390 2627 3720 2701 πορεύεσθαι

2144 2729 2282 2800 πρὸς
2311 2727 2492 2782 αὐτῶν
2519 2727 2804 2781 ἀπελύετο.
2823 2727 3015 2797 Ἡμεῖς
3046 2724 3126 2789 δὲ,
3171 2725 3272 2795 τὴν
3304 2724 3528 2794 εἰρήνην
3560 2720 3720 2787 εὐξά-

2150 2838 2320 2894 μενοι,
2350 2820 2445 2875 καὶ
2471 2818 2664 2891 διπλῆν
2695 2821 2795 2888 τὴν
2837 2819 2995 2890 χάριν
3040 2816 3180 2887 ὑπὲρ
3207 2817 3428 2887 εἰρήνης
3463 2815 3558 2868 καὶ
3582 2810 3720 2866 θαύ-

2152 2932 2321 2988 ματος
2349 2913 2470 2985 Θεῷ
2516 2928 2576 2967 τε
2621 2912 2718 2967 καὶ
2754 2913 3020 2984 μάρτυσιν
3050 2912 3302 2983 ᾄσαντες.
3333 2911 3437 2979 τὴν
3475 2905 3725 2978 γλῶτταν

2158 3005 2428 3075 ίθύνωμεν
2459 3003 2596 3074 πρὸς
2624 3002 2819 3073 ἑτέραν
2847 3000 3144 3071 θαυμάτων
3172 2999 3448 3070 διήγησιν.

2152 3120 2296 3188 Kq’.
2343 3098 2481 3186 ἀερί
2515 3106 2814 3185 Θεοδώρας
2868 3113 2975 3181 τῆς
3033 3114 3445 3181 καταπιούσης
3483 3110 3589 3165 τὸν
3607 3107 3729 3175 ,ϐἀ-

2836 3202 3076 3255 τράχον.

2225 3281 2299 3334 To
2347 3279 2620 3352 προλαϐὸν
2669 3277 3042 3350 ἀνιχνεύοντες
3102 3274 3343 3346 γύναιον,
3389 3276 3484 3327 καὶ
3537 3273 3598 3325 τὸ
3619 3269 3732 3324 τῶν

2159 3372 2476 3446 ῥωσθέντων
2505 3370 2739 3440 πέλαγος
2758 3369 3127 3431 διαπλέοντες,
3162 3368 3255 3420 καὶ
3278 3366 3377 3428 τὰς
3418 3360 3730 3434 ποταμηδὸν

2158 3464 2396 3533 ἀγούσας
2426 3462 2577 3526 ὀδοὺς
2602 3462 2996 3533 διατρέχοντες,
3019 3459 3241 3529 γύναιον
3271 3458 3506 3530 εὕρομεν
3521 3457 3731 3528 ἕτερον,

2160 3556 2267 3629 πρὸ
2303 3556 2403 3625 τῆς
2425 3554 2555 3618 θέας
2585 3553 2679 3606 τοῦ
2725 3551 3005 3624 βατράχου
3048 3554 3106 3604 ὲν
3169 3548 3318 3619 αύτῷ
3379 3547 3735 3610 κελαδοῦντος

2162 3652 2498 3714 ἀκούσαντες
2521 3667 2532 3678 ·
2563 3649 2660 3703 καὶ
2685 3647 2891 3717 ταύτην
2934 3646 3064 3715 ὑμῖν
3111 3644 3207 3696 σὺν
3248 3641 3326 3709 τῷ
3363 3641 3619 3713 βατράχῳ
3643 3642 3738 3708 φέ-

2167 3760 2333 3815 ρομεν
2361 3738 2758 3813 μεγαλοφώνως
2788 3740 3164 3808 κηρύττουσαν
3202 3733 3300 3803 τὴν
3328 3732 3414 3785 ἐπ’
3443 3732 3613 3801 αὐτῆς
3645 3746 3739 3798 γε·

2164 3834 2398 3904 νομένην
2421 3828 2814 3902 τερατουργίαν
2840 3828 2954 3887 τοῖς
2987 3825 3277 3896 μάρτυσιν.
3316 3820 3570 3891 Θεοδώρα
3591 3820 3739 3889 ,πρὸς

2166 3924 2276 3979 τῶν
2306 3924 2507 3993 γονέων
2531 3923 2765 3990 ἐλέγετο,
2800 3919 2894 3972 καὶ
2919 3918 3065 3989 ὕδωρ
3096 3917 3348 3970 πίνουσα.
3384 3913 3578 3984 μικρὸν
3608 3929 3741 3965 κατ-

2170 4017 2324 4072 έπιεν
2360 4015 2652 4087 βάτραχον,
2677 4012 2734 4075 ὃς
2761 4013 2819 4064 ὲν
2848 4013 2913 4082 τῇ
2932 4009 3135 4078 ταύτης
3162 4008 3361 4078 γαστρὶ
3391 4007 3465 4069 ὡς
3490 4007 3548 4058 ὲν
3575 4004 3742 4075 λίμνη

2171 4110 2281 4163 τινὶ
2309 4105 2689 4177 διαιτώμενος,
2717 4105 2786 4158 τὰ
2838 4103 2933 4172 μὲν
2957 4101 3171 4173 πρῶτα,
3205 4100 3401 4172 μικρὸς
3429 4098 3510 4152 ἔτι
3534 4097 3744 4167 τυγχά-

2174 4216 2303 4265 νων,
2327 4199 2425 4268 ούχ
2452 4196 2597 4251 οὕτω
2627 4195 2842 4267 πικρῶς
2885 4194 3057 4264 αὐτὴν
3104 4192 3446 4261 ἐλυμαίνετο,
3480 4190 3747 4259 στρόφους

2175 4291 2232 4345 δέ
2261 4307 2413 4353 τινας
2449 4289 2622 4343 ἐποίει
2668 4287 3007 4358 κινούμενος,
3058 4283 3455 4352 άναλογοῦντας
3490 4279 3656 4336 αὐτοῦ
3679 4283 3744 4350 τῇ

2181 4381 2515 4456 βραχύτητλν
2551 4381 2643 4434 καὶ
2674 4378 2896 4441 τούτους
2934 4378 2967 4448 ή
2996 4376 3133 4447 γυνὴ
3181 4376 3278 4429 ἀπ’
3310 4374 3476 4442 ἄλλης
3520 4373 3749 4443 πάσχειν

504 4499 660 4540 suam
705 4480 1132 4551 arquiparantes,
1180 4489 1320 4546 quas
1368 4474 1565 4547 mulier
1600 4472 1670 4528 ab
1713 4472 1820 4525 alia
1865 4484 1926 4527 se
1963 4476 2050 4539 pat

2184 4473 2361 4535 αἰτίας
2398 4469 2669 4541 ενόμιζεν,
2715 4468 2987 4539 ἀγνοοῦσα
3016 4468 3117 4537 τὴν
3148 4466 3242 4519 τοῦ
3278 4465 3549 4536 βατράχου
3582 4463 3751 4515 κατά-

505 4589 672 4631 causa
704 4573 952 4643 putabat,
977 4571 1240 4640 ignorans
1277 4565 1422 4637 quod
1475 4563 1838 4618 ranunculutu
1884 4562 2077 4616 absor-

509 4663 711 4719 bue’rit.
758 4660 896 4726 Quia
951 4673 1079 4714 vero
1119 4671 1378 4713 crescens
1426 4669 1657 4724 magnus
1710 4651 1939 4707 aﬂ‘ectus
1970 4659 2075 4718 est,

509 4756 647 4811 etin
677 4764 864 4807 ventre
911 4752 1040 4807 dum
1098 4750 1335 4804 aleretur
1386 4747 1628 4802 excrevit
1669 4745 1906 4807 mulieri,
1958 4758 2082 4813 qua:

511 4848 616 4902 bcc
644 4853 762 4901 erat
790 4858 929 4898 novo
959 4852 1013 4897 et
1042 4841 1273 4896 deformi
1309 4838 1531 4909 gravida
1570 4838 1726 4900 fmtu,
1752 4837 1915 4893 simul
1945 4851 2082 4891 con-

513 4952 769 4995 crescens
821 4935 1040 4990 dolores
1080 4931 1488 5003 multiplicavit,
1563 4943 1704 4999 quos
1756 4930 1898 4983 ultra
1943 4927 2086 4983 l‘erre

516 5044 623 5085 non
683 5027 897 5089 valens,
944 5024 1001 5078 in
1053 5022 1426 5093 pavimentum
1473 5018 1844 5083 volutabatur,
1890 5016 2084 5072 lteram

518 5119 849 5177 cessationis
902 5131 1010 5170 nou
1050 5114 1282 5178 habens,
1332 5120 1390 5168 et
1433 5112 1636 5181 quietis
1682 5119 1899 5182 tempus
1932 5110 2086 5181 igno-

516 5230 668 5275 rans,
698 5212 774 5265 ita
839 5217 899 5263 ut.
928 5208 1037 5279 pati
1069 5222 1101 5262 a
1137 5205 1334 5275 spiritu
1366 5204 1549 5275 potius
1576 5215 1742 5272 quam
1776 5200 2087 5271 passionem

518 5304 768 5372 corporis
800 5302 1001 5355 habere
1027 5304 1335 5368 putaretur.

593 5396 862 5450 Prteterea
915 5392 1080 5459 liujus
1122 5389 1399 5459 opinionis
1444 5386 1609 5442 etiam
1665 5383 1865 5440 medici
1914 5392 2092 5447 erant,

521 5488 613 5560 qui
653 5485 1051 5557 probabiliores
1070 5482 1336 5537 exsistere
1382 5479 1526 5533 inter
1571 5482 1801 5531 cat-teras
1830 5473 2092 5529 videban-

522 5594 631 5645 tur,
670 5580 873 5647 quique
922 5578 1070 5631 circa
1104 5575 1442 5645 languorem
1495 5570 1834 5632 deﬁcientes,
1885 5566 2093 5621 nullatn

526 5670 649 5737 ejus
683 5684 880 5737 capere
929 5666 1201 5730 notitiam,
1236 5662 1382 5718 unde
1411 5662 1524 5730 jam
1568 5660 1723 5731 quasi
1763 5655 2094 5711 daemonium

516 5757 745 5827 .habetts
780 5758 1078 5812 duci-batur
1103 5753 1167 5809 ad
1202 5761 1492 5824 martyres.
1525 5751 1662 5806 Cum
1686 5757 1865 5803 autem
1894 5745 1961 5800 ad
2002 5745 2096 5799 bo-

2181 4582 2361 4619 ποσιν.
2379 4562 2602 4634 Ἐπειδὴ
2651 4562 2710 4616 δὲ
2763 4564 2936 4634 μέγας
2985 4560 3347 4630 αὐξανόμενος
3381 4549 3624 4628 γέγονεν,
3658 4557 3752 4608 καὶ

2181 4660 2241 4714 ὲν
2265 4657 2448 4730 κοιλίᾳ
2476 4656 2811 4729 τρεφόμενος
2839 4654 3092 4726 ηὔξανεν,
3121 4653 3217 4707 καὶ
3239 4655 3303 4723 τῇ
3323 4649 3666 4722 κυοφορούσῃ
3694 4649 3755 4700 τδ

2184 4749 2371 4804 καινὸν
2425 4748 2584 4802 τοῦτο
2621 4748 2715 4802 καὶ
2760 4748 3113 4818 κακόμορφον
3158 4743 3400 4814 ἔμϐρυον
3436 4744 3532 4804 τάς
3566 4738 3756 4793 ὀδῦνιξ

2190 4840 2548 4915 συνηύξανεν,
2579 4840 2646 4904 ἃς
2671 4839 2856 4893 οὐκέτι
2906 4838 3095 4909 φέρειν
3153 4835 3433 4907 ἰσχύουσα,
3465 4837 3544 4895 εἰς
3576 4830 3762 4885 τοῦδα-

2188 4949 2287 5002 φος
2350 4932 2616 4998 ὲκυλεετο,
2657 4930 2806 5001 ὥραν
2853 4927 3175 4997 ἀναπαύλης
3233 4929 3336 4981 ούκ
3389 4925 3610 4995 ἔχουσα.
3665 4925 3761 4975 καὶ

2191 5025 2422 5095 ἡσυχίας
2446 5023 2636 5093 καιρὸν
2661 5023 2722 5075 ού
2746 5021 3112 5090 γινώσκουσα,
3128 5019 3203 5079 ὡς
3225 5019 3456 5088 πάσχειν
3478 5016 3580 5068 ὐπδ
3600 5014 3765 5066 πνεύ-

2195 5130 2364 5185 ματος
2393 5111 2817 5175 ὑποπτεύεσθαι,
2855 5110 2889 5183 ἢ
2924 5111 3094 5174 πάθος
3146 5109 3290 5180 ἔχειν
3318 5106 3633 5179 νομίζεσθαι
3660 5104 3767 5157 σώ-

2197 5223 2391 5277 ματος.

2208 5420 2215 5427 .
2266 5377 2484 5446 Ταύτης
2506 5377 2563 5430 δὲ
2595 5379 2694 5448 τῆς
2724 5376 2882 5445 δόξης
2922 5377 3015 5429 καὶ
3040 5374 3238 5446 ἰατρῶν
3275 5371 3520 5442 ὑπῆρχον
3541 5373 3590 5425 οἰ
3621 5369 3768 5423 δόκι-

2202 5486 2312 5542 μοι,
2376 5467 2653 5531 παντελῶς
2703 5468 3081 5538 άπορήσαντες
3128 5468 3266 5537 πρὸς
3316 5466 3380 5519 τὸ
3421 5461 3775 5532 νόσημα.καὶ

2205 5562 2476 5633 μηδεμίαν
2503 5560 2667 5613 αὑτοῦ
2715 5559 2901 5613 λαϐεῖν
2931 5560 3251 5629 δυνηθέντες
3295 5552 3778 5626 διάγνωσινῖοθξν

2199 5652 2390 5707 λοιπὸν
2431 5651 2506 5714 ὡς
2552 5652 2831 5721 δαιμόνιον
2868 5651 3084 5722 ἔχουσα,
3144 5650 3283 5721 πρὸς
3336 5649 3462 5709 τοὺς
3495 5647 3777 5718 μάρτυρυις

2203 5744 2369 5815 ἤγετο
2387 5757 2401 5771 ’
2454 5742 2563 5798 Καὶ
2603 5742 2773 5813 αὐτῆς
2809 5743 3073 5814 μο).ούση‹,
3097 5744 3175 5806 εἰς
3205 5742 3288 5795 τὸν
3318 5740 3456 5811 ναὸν,
3480 5735 3658 5793 αὐτῶν
3686 5733 3783 5787 τὸν
