4060 6236
333 296 340 303 ’
413 315 548 379 ειιιι

1403 311 1506 371 SS.
1547 309 1722 371 CYRI
1791 307 1884 372 ET
1923 306 2244 369 JDANNIS
2300 306 2716 368 MIRACULA.

3507 325 3514 334 ·
3532 301 3676 367 τιιειδ

415 428 815 493 πανσέὗαστον,
839 428 872 500 ἡ
893 425 1046 488 vdeo;
1075 425 1172 496 μὲν
1209 423 1409 488 εὐθέως
1455 424 1716 494 ἠλέγχετο
1739 440 1750 452 ·
1779 421 1987 492 φανερὰ

2094 419 2340 476 norahilc
2367 419 2626 489 templum
2659 432 2848 472 eorum
2894 416 3159 484 venisset,
3187 423 3243 471 et
3269 415 3504 487 languor
3542 432 3674 486 pro.-

410 526 466 578 ῑὲ
491 525 600 586 τοῖς
637 523 804 576 πᾶσιν
851 519 1061 587 ἐγίνετο
1107 518 1202 572 καὶ
1247 517 1358 570 τῶν
1398 515 1600 588 ἰατρῶν
1649 514 1986 586 ήάμάβεια·

412 617 534 671 καθ’
559 614 764 678 ὕπνους
822 611 931 682 γὰρ
984 612 1120 682 αὐτῇ
1183 610 1566 680 παραστάντες
1603 608 1652 661 οἱ
1685 609 1988 678 μάρτυρες,

414 708 561 777 ὕδωρ
588 709 733 761 πιεῖν
764 705 870 777 πρὸ
927 703 1234 776 βρωμάτων
1280 701 1555 768 ἐκέλευον,
1595 703 1660 772 τῇ
1707 701 1866 754 πόσει
1895 697 1990 754 τοῦ

412 800 654 872 νάματος
679 799 778 870 τὴν
799 797 980 870 φυγὴν
1026 794 1484 866 ἐπαγγειλάμενοι
1517 794 1614 848 τοῦ
1659 795 1988 868 νοσήματος.

427 891 488 952 Ἦ
512 893 570 946 δὲ
593 892 714 946 κατ’
736 892 964 952 ἐκεῖνον.
985 889 1169 960 φησὶν,
1197 887 1288 942 τὸν
1305 886 1638 941 παυσόδυνον
1668 885 1900 958 ὄνειρον,
1929 885 1990 938 τὸ

414 984 562 1054 νάμα
595 987 848 1052 πέπωκεν
875 981 950 1040 ὡς
969 980 1290 1034 τεθεσπιστο
1336 978 1440 1050 πρὸ
1477 977 1688 1050 τροφῆς
1726 978 1992 1041 παντοίας

415 1077 509 1130 καὶ
541 1075 864 1147 βρώματος’
927 1071 1024 1130 καὶ
1069 1071 1230 1126 τοῦτο
1280 1069 1514 1150 ποιοῦσα
1560 1071 1792 1123 κινεῖται
1853 1068 1991 1140 πρὸς

413 1167 626 1236 ἔμετον,
658 1166 752 1219 καὶ
781 1165 872 1220 τὸν
901 1161 1100 1234 πικρὸν
1127 1162 1334 1215 ἐκεῖνον
1381 1161 1659 1230 ἀνήγαγεν
1693 1159 1988 1230 βάτραχον,

409 1257 468 1308 ὃν
491 1254 762 1322 ἀγνοοῦσα
792 1253 1052 1309 κατέπιεν
1079 1268 1092 1284 ·
1141 1251 1238 1304 καὶ
1278 1251 1348 1304 δι’
1379 1250 1572 1314 ὓδατος
1616 1251 1854 1321 εὑροῦσα
1895 1248 1989 1302 τὸν

409 1347 653 1420 ἥλεθρον,
680 1347 748 1400 δι’
785 1344 975 1408 ὓδατος
1025 1345 1120 1398 καὶ
1175 1342 1367 1412 φεύγει
1413 1342 1508 1395 τὸν
1536 1342 1761 1395 θάνατον
1785 1359 1798 1372 ·
1831 1341 1990 1395 τοῦτο

409 1437 519 1509 γάρ
547 1435 844 1507 ἄγκιστρον
869 1434 919 1487 οἱ
951 1431 1322 1503 φιλάνθρωποι
1343 1430 1479 1503 πρὸς
1498 1429 1598 1501 τὴν
1623 1430 1716 1484 τοῦ
1747 1431 1986 1502 θανατη-

409 1531 580 1602 φόρου
604 1527 875 1600 βατράχου
905 1526 1078 1596 θήραν
1121 1523 1457 1595 ὲχάλκευσαν
1496 1523 1590 1576 καὶ
1623 1521 1717 1576 τοῦ
1763 1521 1988 1590 γυναίου

411 1621 691 1692 σωτηρίαν
727 1619 1126 1688 ἀνὲκφραστον,
1155 1615 1183 1669 ὅ
1225 1616 1318 1668 καὶ
1341 1613 1592 1678 διάϐολος
1623 1617 1652 1668 ὁ
1675 1611 1988 1684 μισάνθρω-

366 1725 511 1780 *πος
541 1713 679 1784 προς
727 1709 1004 1767 ἀπώλειαν
1043 1709 1144 1780 τῆς
1183 1706 1468 1778 Θεοδώρας
1527 1706 1818 1780 ἐχρήσατο,
1864 1706 1986 1776 ἥτις

2097 513 2250 569 tinus
2285 512 2563 568 indicatus
2609 521 2712 575 est.
2751 519 2804 566 et
2845 509 3138 564 manifesta
3173 510 3394 566 cunctis
3426 512 3672 566 medico—

2093 619 2216 659 rum
2258 605 2547 660 inscientia
2583 603 2726 660 facta
2750 613 2871 670 est;
2902 603 2957 658 in
2986 603 3198 659 somnis
3227 603 3372 659 enim
3403 603 3450 659 ei
3481 612 3675 675 astan-

2094 705 2176 754 tes
2206 697 2380 752 sancti
2409 711 2607 770 aquam
2643 697 2833 752 bibere
2869 707 3162 768 antequam
3205 709 3390 750 escam
3425 705 3672 752 sumeret

2093 798 2492 867 przeceperunt,
2555 805 2652 860 per
2726 791 2987 846 haustum
3059 789 3339 860 poculum,
3393 791 3675 860 passionis

2094 883 2273 956 fugam
2331 883 2756 944 denuntiantes:
2803 899 2924 954 quae
2970 894 3095 954 post
3135 883 3270 938 illud
3321 883 3672 939 salutiferum

2093 973 2397 1036 somnium,
2437 971 2506 1028 de
2530 988 2672 1043 aqua
2707 973 2834 1028 fecit
2857 973 3006 1044 quod
3035 973 3190 1044 jussa
3221 979 3306 1029 est
3347 981 3476 1030 ante
3510 989 3674 1030 omne

2091 1063 2414 1118 alimentum
2455 1064 2538 1119 vel
2589 1078 2798 1120 escam.
2854 1065 2919 1118 Et
2956 1064 3061 1120 hoc
3108 1063 3278 1130 facto,
3319 1075 3573 1121 movetur
3601 1067 3671 1121 ad
3718 1063 3727 1103 ί

2088 1157 2377 1221 vomitum,
2401 1164 2455 1211 et
2479 1172 2720 1212 amaram
2757 1159 2906 1212 illam
2943 1173 3133 1212 ranam
3163 1157 3334 1228 ejicit,
3376 1175 3538 1230 quam
3572 1176 3672 1216 ne-
3723 1162 3733 1178 '

2092 1250 2276 1306 sciens
2335 1251 2743 1318 ahsorbuerat;
2799 1250 3115 1322 factumque
3159 1259 3265 1316 est,
3310 1263 3371 1308 ut
3413 1269 3534 1324 qua:
3575 1269 3672 1324 per

2095 1356 2294 1414 aquam
2356 1345 2658 1414 perniciem
2695 1345 2917 1415 reperit,
2959 1359 3056 1413 per
3102 1359 3299 1414 aquam
3336 1346 3676 1400 etiammor-

2091 1439 2200 1488 tem
2233 1434 2532 1506 eil'ugeret:
2565 1439 2668 1491 hoc
2701 1437 2847 1491 enim
2883 1436 2952 1492 ad
2983 1437 3220 1492 invicem
3262 1437 3338 1491 illi
3385 1437 3668 1493 hominum

2090 1535 2364 1583 amatores
2397 1529 2462 1582 ad
2495 1529 2792 1586 mortifera!
2833 1531 2983 1585 illius
3028 1545 3176 1585 rana:
3218 1531 3554 1600 captionem,
3601 1533 3670 1586 ad

2090 1618 2451 1690 mulierisque
2507 1620 2742 1680 salutem
2788 1621 3124 1690 conllarunt,
3183 1641 3294 1694 quo
3325 1627 3492 1681 etiam
3540 1641 3669 1682 osor

2091 1709 2374 1764 hominum
2407 1711 2682 1772 diabolus.
2717 1715 2783 1770 ad
2816 1715 3180 1784 perditionem
3212 1733 3346 1774 usus
3377 1727 3456 1774 est
3491 1717 3673 1785 Theo-

409 1777 543 1878 παρ’
573 1777 762 1861 ἐλπίδα
825 1803 1071 1872 φυγοῦσα
1101 1777 1192 1853 τὸν
1236 1777 1478 1870 ὕλεθρρν,
1511 1799 1606 1852 καὶ
1627 1777 1738 1862 τοῖς
1769 1798 1987 1868 ζωγρή-

2090 1798 2258 1854 dorte.
2302 1801 2434 1868 Qum
2479 1817 2602 1857 cum
2654 1813 2856 1875 praeter
2899 1821 3052 1876 spem
3106 1806 3336 1862 exitium
3378 1812 3670 1875 evasisset,

411 1915 538 1954 σασι
573 1898 811 1970 μάρτυσι
847 1893 1148 1967 σωτηρίους
1185 1891 1371 1962 φωνὰς
1401 1891 1866 1964 προσενεγκοῦσα,
1891 1889 1985 1944 τοῦ

411 1991 516 2044 νεὼ
559 1987 738 2044 αὐτῶν
789 1984 1156 2057 ἀνεχώρησεν.
1213 1983 1402 2053 Ἡμεῖς
1446 1981 1503 2036 δὲ
1539 1980 1820 2036 κάνταῦθα
1859 1980 1988 2057 βοὰς

411 2083 694 2154 εὐφήμους
753 2081 935 2142 αὐτοῖς
1007 2077 1456 2148 μελῳδήσαντες,
1516 2074 1787 2144 μελῳδίας
1823 2073 1988 2146 ἄλλης

413 2174 666 2246 ἀφορμὴν
718 2170 1094 2244 ποιησώμεθα,
1129 2169 1258 2226 ἄλλο
1311 2168 1596 2242 τεράστιον
1640 2167 1718 2240 τῷ
1757 2166 1988 2238 παρόντι

415 2268 820 2330 συντάττοντες.
1893 2337 1897 2345 Ι

411 2377 537 2436 ΚΖ’.
581 2379 720 2450 Περὶ
770 2377 1086 2450 Θεοδώρου
1119 2377 1238 2450 τοῦΔ
1272 2379 1713 2443 κελευσθέντος
1757 2377 1826 2432 ἐκ
1865 2372 1988 2433 τῶν

849 2450 1033 2518 ἁγίων
1057 2447 1288 2503 ἀσπίδα
1309 2451 1544 2518 φαγεῖν.

483 2539 758 2612 Θεόδωρον
793 2538 882 2593 τὸν
911 2537 988 2610 τῷ
1046 2537 1373 2610 προλαϐόντι
1409 2539 1616 2616 γυναίῳ
1643 2539 1986 2612 συνώνυμον,

411 2632 593 2696 καλῶς
631 2633 664 2704 ἡ
711 2631 820 2685 τῶν
875 2629 1170 2700 θαυμάτων
1199 2630 1489 2686 ἀκολουθία
1517 2634 1637 2705 μετ’
1666 2633 1876 2687 ἐκείνου
1905 2633 1986 2696 εἰς

413 2727 668 2799 διήγησιν
711 2726 932 2798 ἤνεγκε,
989 2727 1084 2780 καὶ
1139 2727 1254 2790 τοῖς
1297 2727 1583 2798 τρυφῶσιν
1637 2729 1695 2781 ὲν
1737 2729 1850 2790 τοῖς
1877 2725 1986 2780 τῶν

411 2819 584 2889 ἁγίων
607 2817 790 2888 ἔργοις
837 2817 931 2872 καὶ
985 2815 1249 2889 πράξεσιν
1305 2819 1386 2882 είς
1426 2819 1610 2873 ἑστίαν
1660 2818 1986 2887 ἀξιάγαστον

410 2908 712 2982 προῦθηκε,
742 2909 803 2961 οὗ
844 2907 1003 2980 μόνον
1059 2909 1140 2963 ὅτι
1196 2909 1376 2962 κοινὸν
1413 2909 1551 2981 πρὸς
1597 2909 1767 2980 αὐτὴν
1795 2909 1987 2964 ἔλαϐεν

409 3003 600 3076 ὄνομα,
629 3002 747 3056 ἀλλ’
773 3003 856 3056 ὅτι
903 3003 998 3056 καὶ
1039 3003 1098 3056 τι
1137 3003 1260 3056 κατ’
1293 3001 1455 3056 αὑτὸν
1477 3005 1542 3056 ἐκ
1567 3003 1770 3074 μέρους
1803 3001 1986 3075 ἀρρώ-

411 3115 509 3166 στη
520 3114 615 3166 μοι,
651 3095 746 3148 καὶ
783 3095 874 3149 τοῦ
913 3093 1118 3158 πάθους
1147 3096 1182 3166 ἡ
1207 3093 1480 3164 ἄφραστος
1499 3096 1640 3157 ἴασις
1663 3093 1844 3164 ἔχουσί
1864 3112 1984 3149 τινα
2013 3120 2058 3179 C

409 3184 521 3241 τῶν
547 3189 633 3240 ἰπ’
673 3186 890 3254 ἐκείνης
941 3187 1240 3256 ἐμφέρειαν
1260 3200 1272 3214 ·
1309 3187 1357 3237 εἱ
1409 3187 1504 3238 καὶ
1535 3183 1704 3256 πολλή
1733 3203 1816 3249 τις
1847 3185 1985 3254 ἄγαν

409 3282 736 3352 ἀμφοτέρων
779 3279 926 3336 ἐστὶν
973 3282 1006 3354 ἡ
1049 3279 1341 3350 διάκρισις,
1390 3280 1462 3343 ὡς
1503 3279 1666 3344 δείξει
1715 3280 1902 3350 προϊὸν
1929 3281 1989 3334 τὸ

410 3376 674 3446 διήγημα.

481 3559 560 3612 Τά
587 3557 870 3628 σπλάγχνα
913 3558 1010 3628 μὲν
1078 3557 1188 3627 γὰρ
1249 3557 1486 3628 ἔπασχεν
1529 3559 1556 3611 ὁ
1597 3555 1894 3626 Θεόδωρος,
1925 3557 1986 3610 οὐ

412 3651 686 3722 βατράχου
716 3651 860 3713 τινος
893 3653 974 3714 εἰς
1031 3651 1192 3704 αὐτέν
1229 3648 1629 3721 ὸλισθήσαντος,
1661 3647 1757 3702 καὶ
1795 3649 1985 3702 τούτου

343 3737 354 3744 ’
408 3745 596 3816 νήξεσι
641 3741 916 3806 κυκῶντός
975 3760 1046 3818 τεκ
1097 3741 1192 3795 καὶ
1238 3741 1620 3812 ταράττοντος,
1664 3741 1758 3793 καὶ
1806 3738 1985 3802 δεινὰς

410 3834 706 3904 ἀλγηόὁνας
723 3834 1080 3900 ἐντίκτοντος,
1094 3833 1229 3887 ἀλλὰ
1254 3833 1574 3904 περιεργίας
1591 3833 1652 3884 ὲκ
1679 3831 1985 3903 βρώματος,

408 3926 620 3999 ἀνδρῶν
650 3927 710 3980 οὐ
739 3925 920 3980 καλῶν
960 3924 1360 3994 ὲγχειρὴσεσιν,
1391 3922 1582 3994 ὀδύνην
1616 3922 1764 3994 αὐτῷ
1788 3921 1979 3990 γεννώ·

411 4033 507 4087 σης
537 4013 837 4088 άφ“όρητον.
864 4014 1132 4086 Φιλοῦμεν
1158 4013 1268 4084 γὰρ
1295 4015 1344 4067 οξ
1372 4013 1676 4085 τρισάθλιοι
1710 4015 1786 4084 μὴ
1818 4013 1979 4084 μόνον

407 4111 685 4180 αἰκισμοῖς
710 4110 803 4162 καὶ
837 4109 1080 4176 φονικοῖς
1121 4106 1374 4177 ὀργάνοις
1416 4106 1510 4158 καὶ
1544 4105 1754 4176 ξίφεσιν
1785 4107 1988 4176 ἀμύνε-

409 4201 535 4257 σθαι
585 4199 646 4254 τὸ
685 4199 974 4269 ὁμόφυλον,
1001 4197 1054 4250 εἴ
1082 4196 1267 4251 τιτῶν
1308 4195 1624 4250 λυπούντων
1667 4197 1984 4266 εἰργάσατο,

405 4295 438 4366 ἢ
474 4295 568 4350 καὶ
599 4292 780 4365 φθόνῳ
831 4289 1144 4363 μισαδέλφῳ
1189 4287 1578 4361 κρατούμενοι.
1612 4287 1710 4342 καὶ
1738 4289 1788 4342 εί
1817 4289 1985 4360 μηδὲν

405 4388 485 4448 είς
517 4385 666 4456 ἡμᾶς
687 4380 1132 4453 ἐπλημμέλησεν,
1177 4379 1312 4433 ἀλλά
1343 4380 1435 4432 καὶ
1483 4378 1858 4450 φαρμακείαις
1885 4381 1983 4434 ad-

2090 1905 2191 1960 pro
2242 1893 2362 1948 data
2417 1896 2594 1951 salute
2647 1897 2918 1966 praeconia
2969 1898 3274 1956 victoribus
3333 1903 3671 1975 martyribus

2089 1981 2421 2050 obtulisset,
2458 2001 2488 2038 a
2523 1987 2728 2058 templo
2781 2003 2974 2042 eorum
3023 1989 3282 2046 recessit.
3341 1989 3516 2047 Porro
3564 2010 3668 2050 nos

2089 2073 2255 2128 etiam
2293 2074 2422 2130 hinc
2458 2075 2540 2130 eis
2588 2077 2758 2132 bonas
2795 2078 2983 2133 laudes
3014 2081 3246 2136 vocibus
3295 2084 3668 2150 modulantes,

2091 2161 2322 2218 alterius
2373 2161 2766 2221 tnodulamiuis
2827 2167 3110 2222 materiam
3168 2167 3462 2237 faciamus,
3517 2176 3668 2230 aliud

2089 2254 2348 2324 praesenti
2383 2255 2692 2326 prodigium
2723 2266 3100 2316 annectentes.

2091 2365 2306 2423 XXVII.
2345 2367 2422 2424 De
2452 2369 2722 2450 Theodoro
2744 2375 2835 2442 qui
2863 2391 2894 2428 a
2935 2377 3146 2450 seueris
3163 2375 3353 2450 jussus
3383 2388 3464 2434 est
3493 2397 3670 2440 come-

2675 2444 2796 2496 dere
2830 2444 3084 2512 aspidem.

2157 2529 2502 2588 Theodorum
2585 2535 2944 2604 praecedentis
3007 2540 3348 2610 a‘quivocuzn
3426 2542 3666 2606 feminte,

2087 2624 2228 2680 bene
2270 2625 2666 2680 miraculorum
2719 2627 2880 2692 ordo,
2934 2641 3054 2700 post
3109 2632 3244 2688 illud
3292 2635 3359 2688 ad
3393 2636 3669 2690 narratl'o-

2089 2731 2213 2774 nem
2249 2717 2497 2782 deduxit,
2543 2725 2598 2774 et
2628 2726 2756 2774 ante
2799 2719 2900 2776 hos
2946 2721 3038 2791 qui
3079 2723 3133 2778 in
3183 2737 3502 2781 sanctorum
3535 2743 3671 2798 epu-

2089 2808 2190 2864 lari
2245 2811 2508 2880 operibus
2554 2821 2607 2866 et
2659 2812 2878 2868 actibus
2919 2814 3287 2883 delectantur,
3341 2819 3395 2873 iu
3442 2820 3670 2876 delicias

2089 2899 2458 2958 admiratione
2518 2903 2714 2974 dignas
2780 2906 3093 2976 proposuit,
3153 2923 3264 2964 non
3309 2911 3491 2966 solum
3539 2912 3670 2979 quia

2090 3008 2383 3050 commune
2414 3009 2537 3050 eum
2579 3011 2642 3050 ea
2691 2997 2928 3053 sortitus
2957 3009 3042 3055 est
3083 3015 3304 3067 nomen,
3333 3001 3427 3057 sed
3460 3011 3513 3058 et
3540 3004 3670 3074 quia

2089 3093 2202 3140 tam
2253 3087 2451 3144 similis
2505 3088 2800 3146 inﬁrmitas
2842 3106 3006 3162 quam
3052 3093 3332 3162 passionis
3375 3094 3669 3152 ineﬂ'abilis

2093 3181 2324 3247 sanitas,
2359 3181 2562 3238 habent
2600 3183 2899 3254 quamdam
2957 3199 3146 3240 eorum
3186 3201 3308 3257 quae
3357 3202 3524 3258 super
3578 3188 3670 3242 illa

2091 3273 2234 3328 facta
2276 3282 2404 3330 sunt
2435 3292 2498 3330 ex
2535 3287 2690 3346 parte
2719 3276 3158 3344 similitudinem,
3193 3279 3323 3334 licet
3353 3281 3521 3334 multa
3558 3282 3672 3334 val-

2090 3365 2160 3422 de
2189 3367 2260 3423 sit
2290 3375 2650 3439 utrorumque
2694 3369 2980 3438 discretio,
3023 3379 3079 3426 ut
3112 3370 3518 3429 demonstrabit
3539 3375 3670 3430 sub—

2091 3475 2328 3528 sequens
2368 3461 2674 3517 cnarratio.
3533 3445 3546 3457 ’

2163 3548 2386 3606 Viscera
2412 3551 2616 3623 quippe
2641 3553 2953 3623 patiebatur
2985 3553 3332 3622 Theodorus,
3376 3572 3486 3613 non
3535 3573 3670 3613 rana

2092 3641 2145 3694 iu
2201 3657 2325 3697 eum
2368 3644 2562 3714 quavis
2593 3646 2808 3717 illapsa,
2843 3654 2896 3703 et
2944 3648 3058 3702 lucc
3099 3649 3499 3705 mutationibus
3528 3665 3670 3720 quas

2091 3733 2262 3788 tientc
2311 3743 2474 3804 atque
2534 3737 2812 3800 turbante,
2873 3739 3132 3809 dirosque
3193 3739 3413 3796 dolores
3479 3751 3672 3812 partu-

2090 3825 2287 3892 rientc,
2317 3826 2411 3882 sed
2441 3828 2710 3884 maleﬁcio
2739 3846 2849 3886 non
2873 3831 3144 3886 bonorum
3181 3833 3426 3886 virorum
3453 3835 3670 3890 conati-'-

2091 3915 2195 3970 bus
2225 3931 2289 3971 ex
2319 3918 2440 3972 cibo
2469 3917 2746 3983 confecto,
2793 3921 3038 3976 dolorem
3073 3922 3470 3992 importabilem
3502 3941 3671 3996 gene-

2088 4015 2280 4070 rante;
2313 4022 2564 4064 amamus
2591 4009 2735 4065 enim
2781 4010 3077 4066 miserrimi
3122 4027 3230 4068 non
3261 4013 3441 4069 solum
3473 4017 3668 4072 verbs.

2087 4099 2246 4155 ribus
2275 4108 2325 4155 et
2357 4101 2801 4158 homicidialibus
2829 4102 3054 4176 organis
3077 4119 3174 4160 seu
3203 4105 3425 4176 gladiis,
3455 4111 3668 4164 centri.-

2089 4191 2314 4250 bulibus
2341 4193 2602 4250 ultionem
2643 4195 2872 4260 inferre,
2914 4195 2958 4250 si
2997 4197 3154 4253 triste
3181 4197 3312 4268 quid
3341 4209 3664 4268 operentur,

2088 4285 2172 4338 vel
2212 4284 2374 4340 etiam
2407 4285 2451 4341 si
2484 4285 2620 4340 nihil
2665 4287 2718 4342 in
2757 4302 2858 4343 nos
2903 4285 3250 4359 delinquant,
3301 4289 3506 4346 invidia
3555 4291 3665 4347 odii
3703 4359 3720 4372 .

2091 4372 2317 4431 fraterni
2348 4376 2588 4446 detenti;
2621 4393 2812 4433 verum
2846 4379 3012 4434 etiam
3056 4381 3530 4439 incantationibus
3569 4398 3666 4442 eos

402 4476 496 4530 τὸν
527 4473 982 4548 κατεργάζεσθαι,
1007 4471 1104 4543 τὴν
1135 4471 1268 4542 πρὸς
1289 4471 1380 4524 τὸν
1393 4470 1562 4534 πέλας
1581 4470 1814 4544 φυσικὴν
1829 4487 1984 4541 στορ-

2090 4466 2332 4531 inlicere.
2376 4461 2431 4526 et
2479 4469 2760 4527 maleﬁciis
2803 4471 3092 4543 aliquoties
3151 4473 3438 4540 insectari,
3505 4483 3668 4531 natu-

403 4569 507 4640 γὴν
549 4567 918 4629 ἀπολέσαντες
939 4581 952 4596 ο
990 4565 1148 4633 εἴπερ
1181 4561 1322 4618 κατὰ
1361 4562 1564 4616 Μωσὲα
1597 4563 1690 4616 τὸν
1713 4565 1984 4634 νομογρά·

404 4679 522 4728 eoa,
552 4661 644 4712 τὸν
679 4657 778 4727 τῆς
809 4655 1160 4726 φιλαλλη).ία;
1187 4653 1488 4726 εἰσηγητὴν
1519 4653 1614 4707 καὶ
1640 4653 1982 4718 διδάσκαλον,

405 4753 515 4804 πᾶν
541 4750 681 4814 ζῶον
741 4749 934 4818 ἀγαπᾷ
976 4747 1038 4800 τδ
1090 4748 1294 4816 ὅμοιον,
1337 4746 1432 4799 καὶ
1466 4745 1572 4808 πᾶς
1603 4743 1890 4814 ἄνθρωπος
1923 4744 1984 4798 τὸ

403 4843 632 4912 πλησίον
668 4840 835 4895 αὐτοῦ
860 4859 873 4870 ·
909 4841 1002 4895 καὶ
1031 4839 1131 4909 τῆς
1156 4838 1295 4908 ὑπὲρ
1320 4837 1537 4891 πάντων
1555 4836 1662 4891 τῶν
1691 4837 1985 4907 δρωμένων

401 4938 536 5008 ἡμῖν
571 4933 868 4998 ἀπολογίας
899 4928 1178 4988 παντελῶς
1201 4926 1556 4998 ἐκλαθόμενοι
1581 4943 1595 4956 ·
1652 4927 1811 4997 είπερ
1841 4927 1985 4980 κατὰ

405 5023 618 5080 Παῦλον
643 5023 734 5076 τὸν
761 5019 1069 5091 νομομαθῆ,
1119 5019 1212 5072 τὴν
1266 5017 1446 5088 πάσης
1494 5019 1695 5090 ἀρετῆς
1745 5019 1984 5090 ἐργάτην

405 5118 499 5172 καὶ
527 5119 767 5186 κήρυκα,
797 5113 996 5176 πάντες
1021 5111 1099 5182 τῷ
1123 5111 1218 5164 τοῦ
1250 5109 1488 5180 Χριστοῦ
1519 5109 1985 5181 παραστησόμεθα

407 5210 636 5280 βήματι,
679 5197 850 5268 ’δίκας
905 5203 1120 5266 δικαίας
1171 5202 1500 5269 τιννύοντες,
1551 5203 1647 5256 καὶ
1677 5203 1800 5256 κατ’
1825 5201 1984 5268 ἀξίαν

403 5303 513 5356 τῶν
544 5298 799 5371 πράξεων
829 5295 1050 5364 ἀγαθῶν
1081 5311 1138 5347 τε
1184 5293 1282 5346 καὶ
1325 5293 1545 5364 φαύλων
1592 5293 1982 5364 λαμϐάνοντες.

403 5397 516 5450 Καὶ
541 5393 714 5448 ταῦτα
747 5391 844 5453 μὲν
866 5389 940 5453 ὡς
967 5387 1218 5440 λέλεκται
1241 5387 1333 5438 καὶ
1362 5387 1748 5450 πεπίστευται,
1767 5386 1986 5449 πάντως

401 5488 485 5541 ὅτι
503 5489 596 5541 καὶ
616 5486 747 5554 γενῆ
757 5499 928 5543 σεται,
947 5479 1052 5535 κᾶν
1075 5481 1239 5551 ἡμεῖς
1253 5478 1313 5532 οὐ
1342 5477 1660 5550 βουλώμεθα
1687 5477 1842 5552 κακῷ
1861 5495 1986 5532 συν-

403 5572 568 5626 ειδότι
601 5571 802 5642 πληττό
809 5584 979 5640 μενοι.

477 5663 747 5736 Θεόδωρος
772 5662 829 5714 δὲ
855 5660 1043 5723 δεινῶς
1085 5657 1518 5730 τιμωρούμενος,
1555 5660 1650 5712 καὶ
1682 5663 1748 5731 τῇ
1783 5659 1982 5732 βρώσει

405 5754 499 5818 τοῦ
523 5752 818 5811 καυστικοῦ
843 5750 1137 5823 φαρμάκου
1181 5751 1250 5805 τά
1294 5751 1578 5818 σπλάγχνα
1624 5748 1982 5822 φλεγόμενος,

663 5839 674 5850 ’
731 5846 1002 5913 PATROL.
1049 5843 1164 5904 Gn.
1215 5841 1574 5906 LXXXVII.

2092 4559 2190 4614 rali
2228 4561 2376 4616 circa
2407 4563 2732 4632 'proximum
2785 4565 2989 4620 amissa
3036 4565 3350 4622 dilectione.
3387 4566 3526 4623 Cum
3580 4569 3671 4624 'se-

2088 4650 2332 4707 cundum
2381 4653 2606 4726 Moysen
2642 4655 2777 4726 legis
2813 4657 3164 4726 scriptorem,
3198 4659 3489 4728 mutuique
3517 4675 3672 4714 amo-

2088 4745 2168 4800 ris
2208 4745 2578 4801 institutorem
2611 4757 2663 4803 et
2693 4760 3112 4819 praeceptorem,
3145 4765 3309 4806 omne
3345 4751 3548 4805 animal
3584 4753 3670 4807 di-

2089 4835 2222 4905 ligat
2255 4837 2456 4902 simile,
2498 4847 2553 4894 et
2591 4841 2774 4896 omnis
2809 4839 2974 4896 homo
3018 4841 3329 4912 proximum
3366 4859 3526 4898 suum
3557 4858 3570 4897 :
3615 4855 3669 4898 et

2088 4928 2380 4984 reddendae
2429 4931 2662 4986 rationis
2713 4947 2812 5004 pro
2861 4933 3121 4988 omnibus
3167 4949 3292 5004 quae
3339 4945 3607 5005 geruntur
3635 4949 3664 4987 a

2088 5019 2250 5076 nobis
2297 5021 2476 5086 obliti,
2529 5037 2655 5076 cum
2699 5023 2856 5092 juxta
2898 5021 3128 5078 Paulum
3180 5024 3312 5096 legis
3363 5025 3664 5088 doctorem,

2089 5113 2383 5183 omnisque
2428 5115 2654 5170 virtutis
2732 5124 3078 5186 operatorem
3128 5124 3184 5172 et
3229 5116 3664 5186 prmdicatorem,

2090 5218 2283 5260 omnes
2311 5204 2519 5264 Christi
2550 5208 2848 5263 exhibendi
2882 5209 3058 5265 simus
3104 5217 3231 5264 ante
3259 5209 3520 5273 tribunal,
3551 5225 3670 5278 pm-

2089 5309 2194 5352 nas
2227 5299 2595 5362 exsolventcs,
2621 5311 2676 5354 et
2707 5299 3014 5354 secundant
3046 5309 3268 5354 actuum
3299 5301 3512 5356 merita.
3551 5303 3670 5356 sive

2088 5385 2232 5441 bona
2274 5387 2390 5443 sive
2425 5389 2562 5442 mala
2605 5390 2957 5460 recipientes.
2991 5388 3051 5442 Et
3087 5389 3308 5459 quidem
3341 5389 3457 5446 haec
3488 5400 3546 5446 ut
3583 5391 3668 5446 dio

2088 5489 2175 5534 cta
2211 5487 2265 5536 ct
2311 5480 2517 5536 credita
2565 5489 2712 5546 sunt,
2773 5481 2962 5552 procul
3009 5480 3174 5534 dubio
3202 5479 3364 5547 ﬂent;
3411 5484 3535 5539 licet
3565 5497 3668 5539 nos

2089 5569 2230 5624 forte
2259 5571 2521 5636 nolimus,
2557 5571 2896 5628 conscientia
2929 5585 3040 5625 non
3069 5569 3212 5626 bona
3238 5573 3499 5642 perculsi.

2159 5659 2483 5720 Theodorus
2515 5676 2694 5719 autem
2723 5679 2848 5719 eum
2881 5665 3192 5735 puniretur,
3227 5674 3282 5719 et
3310 5665 3430 5736 ejus
3457 5668 3666 5727 viscera

2090 5753 2389 5812 incensorii
2425 5756 2677 5812 maleﬁcii
2702 5756 3040 5812 comestione
3067 5754 3562 5829 inﬂammarentur,
3595 5761 3665 5828 ad

3231 5850 3346 5923 110
