4060 6236
433 298 573 361 3503

1421 302 1505 362 SS
1565 302 1742 367 CYllI
1784 303 1878 363 ET
1930 300 2253 365 JOANNIS
2288 304 2707 367 MIRACULA.‘

3561 301 3700 370 εει)
3762 382 3767 387 η

434 408 570 478 μηδὲ
610 407 699 462 διὰ
729 404 964 480 Χριστὸν
995 408 1291 481 ἡθληκὲναι
1329 412 1363 482 ἢ
1397 410 1589 465 παθεῖν
1622 413 1960 485 ἀπεφήνατο,
1987 413 2014 467 ὃ
2041 458 2049 472 ι

2145 413 2184 467 le
2219 412 2341 467 illos
2368 413 2622 468 crebrius
2674 410 2979 472 deridebat.
3025 416 3076 464 et
3117 425 3223 465 non
3260 425 3384 465 csse
3435 418 3706 479 martyres

431 501 532 572 τῆς
559 502 794 574 ἐσχάτης
818 503 967 556 ἐστὶν
995 502 1328 575 ἀθλιότητος.

508 764 630 816 Εἴτε
659 761 713 817 δὲ
740 761 914 836 πλάνῃ
939 765 1045 817 τινὶ
1076 764 1424 837 κρατουμένη
1452 765 1546 819 καὶ
1576 765 1854 836 φάσμασιν
1898 763 2015 818 Ἐλ-

434 855 678 925 ληνικοῖς
721 857 1109 921 ύποκλίνουσα,
1161 856 1304 911 οὕτω
1335 861 1462 921 τοὺς
1502 859 1688 926 ἁγίους
1748 857 2018 930 διέσυρεν,

440 950 549 1003 εἴτε
574 949 631 1002 δέ
660 949 854 1020 φρενὸς
879 952 974 1004 καὶ
996 952 1227 1021 καρδίας
1250 951 1534 1023 ἁπλότητι,
1560 951 1648 1005 διὰ
1668 951 1728 1005 τὸ
1756 953 1829 1023 μὴ
1864 951 2024 1022 φέρε-

440 1042 564 1095 σθαι
582 1040 807 1114 γραφὴν
836 1042 935 1110 τὴν
965 1043 1105 1114 ὑπὲρ
1137 1043 1376 1113 Χριστοῦ
1426 1044 1521 1098 καὶ
1563 1044 1661 1116 τὴν
1715 1044 2024 1115 μαρτυρίαν

439 1137 568 1206 ἡμῖν
597 1136 1072 1204 ἀπαγγέλλουσαν.
1131 1136 1302 1208 μόνην
1332 1135 1389 1189 δὲ
1440 1135 1596 1190 τοῦτο
1628 1135 1756 1208 βοᾷν
1788 1135 1880 1189 τοῦ
1912 1137 2024 1190 Κυ-

440 1227 622 1298 ρίλλου
654 1227 747 1282 τοῦ
775 1228 920 1282 θείου
956 1228 1314 1282 θεόπνευστον
1347 1228 1625 1297 σάλπιγγα
1653 1228 1789 1298 (19),
1837 1227 2022 1296 λέγειν

436 1320 498 1373 οὐ
536 1320 771 1391 δύναμαι
792 1337 806 1353 ο
842 1319 981 1392 πλὴν
1014 1322 1280 1392 ἑκάτερον
1319 1320 1516 1385 ἀσεϐὲς
1539 1322 1634 1375 καὶ
1661 1320 2016 1375 ἀπαίδευτον.

438 1413 502 1468 ΕΞ
534 1413 633 1484 μὲν
655 1414 765 1486 γὰρ
794 1414 937 1469 κατὰ
951 1416 1151 1486 τρόπον
1174 1416 1266 1468 τὸν
1286 1414 1551 1487 πρότερον
1572 1415 1871 1485 ἐδυσφήμει
1898 1415 2024 1478 τοὺς

444 1507 749 1576 μάρτυρας,
801 1506 1072 1576 πρόδηλον
1103 1506 1179 1569 ὼς
1211 1506 1528 1571 δυσσεϐείας
1552 1507 1710 1560 τοῦτο
1742 1508 1835 1562 καὶ
1886 1507 2026 1560 πλά-

440 1612 540 1666 νης
587 1596 917 1668 ἐπίμεστοψ
978 1598 1111 1652 εἰδὲ
1141 1598 1282 1652 κατὰ
1345 1599 1440 1652 τὸν
1472 1597 1744 1670 δεύτερον,
1800 1599 1859 1651 δν
1891 1598 2024 1653 ὑπο-

441 1687 739 1758 πτεύομεν,
767 1689 1038 1759 τιμωρίας
1067 1689 1192 1755 ἀξία
1222 1692 1315 1744 καὶ
1347 1689 1627 1761 μέμψεως.
1666 1691 1728 1743 Ei
1776 1690 1885 1761 γὰρ
1924 1690 2025 1759 μου

2122 506 2423 567 asserebat,
2464 521 2640 576 neque
2686 513 2908 576 propter
2942 503 3220 559 Christum
3273 503 3587 557 deeertasse
3617 502 3705 555 vel

2123 612 2317 667 passos
2366 596 2538 654 fuisse
2568 598 2980 670 pronuntiabat,
3022 598 3167 669 quod
3195 606 3278 653 est
3306 607 3564 652 extremae
3606 597 3704 649 ιιιίά

2124 694 2305 746 seriae.
3276 684 3294 697 ’

2197 784 2325 840 Sive
2348 796 2527 839 autem
2560 800 2752 842 errore
2781 785 3020 857 quodam
3054 785 3296 849 detenta,
3330 784 3444 840 sive
3484 781 3707 853 gentili-

2123 877 2226 934 bus
2249 878 2539 948 praestigiis
2613 878 2931 948 perurbata,
2974 878 3181 933 sanctis
3225 878 3408 931 taliter
3451 873 3699 929 detrahe-

2126 981 2243 1036 ret;
2293 968 2408 1024 sive
2462 983 2658 1024 sensus
2699 979 2754 1025 et
2798 969 2984 1025 cordis
3032 969 3408 1039 simplicitate,
3443 983 3510 1023 eo
3560 965 3707 1037 quod

2124 1078 2231 1118 non
2290 1061 2569 1117 ferebatur
2616 1063 2891 1132 scriptura
2943 1079 3066 1133 qua:
3123 1062 3226 1117 hoc
3269 1060 3562 1125 indicaret,
3608 1073 3710 1113 nec

2124 1163 2401 1208 certamen
2464 1154 2625 1210 nobis
2665 1170 2856 1209 eorum
2909 1170 3009 1224 pro
3053 1154 3277 1208 Christo
3330 1161 3608 1222 sumptum
3656 1159 3711 1204 (ι

2126 1246 2505 1301 testimonium
2538 1246 2789 1311 referret,
2820 1246 2926 1301 nisi
2960 1246 3072 1300 sola
3124 1245 3389 1300 divinitus
3443 1243 3711 1313 inSpirata

2123 1338 2314 1409 Cyrilli
2376 1336 2738 1402 acclamatio,
2786 1336 3166 1392 sacratissima
3220 1336 3475 1407 salpinx,
3529 1335 3713 1388 dicere

2125 1445 2360 1501 nequeo.
2400 1429 2792 1486 Verumtamen
2827 1437 3121 1498 utrumque
3158 1428 3384 1497 impium
3428 1425 3591 1481 simul
3630 1434 3716 1478 est

2126 1532 2179 1578 et
2211 1520 2721 1591 indiseiplinatione
2753 1518 3036 1575 refertum.
3065 1519 3311 1589 Denique
3330 1519 3375 1573 si
3407 1516 3711 1573 secundum

2125 1613 2364 1683 priorem
2403 1611 2625 1681 quidem
2652 1609 2874 1664 modum
2901 1609 3239 1680 martyribus
3262 1609 3581 1678 derogabat,
3604 1624 3718 1661 ma-

2127 1703 2387 1758 nifestum
2424 1701 2678 1772 estquod
2729 1700 3013 1771 impietate
3055 1698 3127 1755 sit
3158 1700 3261 1755 hoc
3286 1710 3342 1756 et
3380 1713 3572 1755 errore
3599 1696 3715 1769 plc-

442 1793 569 1839 νους
593 1777 855 1848 σχοίημεν
878 1778 1165 1850 μάρτυρας
1187 1779 1280 1843 οὒς
1306 1782 1364 1833 ἐν
1394 1781 1784 1853 ὑπομνήμασιν
1813 1780 2028 1852 ἔχομεν,

2145 1810 2264 1847 num
2287 1810 2301 1860 ;
2327 1794 2372 1849 si
2397 1807 2525 1847 vero
2547 1791 2850 1848 secundum
2871 1791 3254 1862 posteriorem,
3281 1807 3440 1861 quem
3460 1800 3514 1844 et
3543 1789 3720 1861 conji-

442 1867 551 1935 ἄρα
598 1868 833 1940 Χριστὸς
877 1870 1090 1942 δωρεὰν
1139 1872 1437 1938 ἀπέθανεν,
1466 1873 1685 1942 ὀλίγους
1724 1872 1889 1927 αὐτοῦ
1920 1873 2029 1927 τῶν

446 1942 635 2011 παθῶν
684 1961 976 2024 κοινωνοὺς
1023 1962 1434 2033 ποιησάμενοςο
1497 1963 1668 2032 ὀλίγοι
1724 1963 1834 2036 γὰρ
1881 1957 2029 2017 οῦτοι

446 2050 590 2104 πάνυ
618 2052 982 2123 τυγχάνουσιν
1007 2069 1020 2085 ⁸
1053 2057 1112 2110 ἐν
1147 2056 1411 2121 κινδύνοις
1446 2056 1503 2111 δὲ
1537 2057 1634 2111 καὶ
1681 2059 1841 2128 ἡμεῖς
1872 2058 2032 2127 γε’νηο

449 2142 695 2212 σόμεθα,
740 2147 815 2216 μὴ
879 2146 1107 2219 μυριάσι
1146 2148 1441 2220 μαρτύρων
1486 2150 1902 2223 φρουρούμενοι,
1938 2151 2032 2203 καὶ

448 2239 572 2300 ταῖς
607 2237 825 2290 οἰκείων
856 2240 1103 2310 αἱμάτων
1138 2241 1499 2312 προσχύσεσι,
1532 2243 1673 2314 ὑπὲρ
1732 2243 1890 2315 ἡμῶν
1941 2245 2033 2297 τὸν

449 2328 689 2400 Χριστὸν
716 2328 1120 2401 πρεσϐεύοντας
1144 2331 1383 2405 ἔχοντες.
1420 2334 1484 2388 Εἰ
1522 2335 1629 2406 γάρ
1657 2335 1755 2388 καὶ
1788 2335 2034 2407 μηδόλως

457 2423 597 2474 εἰσιν
626 2421 1030 2493 ὑπομνήματα,
1083 2424 1172 2477 ἵνα
1205 2425 1299 2478 καὶ
1347 2425 1446 2495 τὴν
1485 2424 1754 2497 Κυρίλλου
1800 2426 2035 2499 παρήσω

451 2511 686 2580 διάλεξιν
703 2514 766 2568 τὸ
787 2516 894 2569 πᾶν
915 2513 1194 2588 ἀρκοῦσαν
1217 2515 1614 2584 πιστώσασθαι,
1645 2517 1712 2572 τὰ
1733 2518 1855 2582 τοὺς
1887 2517 2035 2588 ἀγῶ-

448 2621 547 2668 νας
571 2605 682 2660 τῶν
734 2606 907 2677 ἁγίων
949 2609 1312 2679 κηρύττοντά,
1368 2610 1463 2663 καὶ
1492 2608 1592 2681 τὴν
1636 2609 1833 2680 κλῆσιν
1856 2609 2035 2664 αὐτῶν

451 2698 841 2768 ὑποφαίνοντα,
864 2702 927 2755 τδ
954 2701 1158 2772 πλῆθος
1188 2702 1354 2774 ἐχρῆν
1384 2702 1492 2756 τῶν
1520 2703 1802 2774 δυνάμεων
1831 2701 1939 2756 τῶν
1967 2701 2036 2755 δι’

452 2793 633 2846 αὐτῶν
654 2787 1015 2857 ἀδιαλείπτως
1034 2795 1338 2865 γινόμενον,
1363 2799 1667 2868 παρασχεῖν
1687 2797 1872 2860 αὐτοῖς
1898 2813 2040 2867 μαρ-

454 2884 634 2956 τύρων
662 2886 951 2958 ὑπόληψιν.
998 2889 1061 2942 Ei
1114 2889 1223 2960 γὰρ
1261 2888 1402 2960 ἔργα
1442 2888 1736 2961 μαρτύρων
1765 2888 1826 2942 οῦ
1867 2890 2041 2962 πράτ-

456 2993 664 3042 τουσιν,
700 2978 794 3033 καὶ
835 2980 1152 3052 χαρίσματα
1175 2981 1460 3052 δυνάμεων
1488 2983 1588 3035 οὐκ
1619 2982 1935 3050 εἰλήφασιν,
1969 2982 2040 3036 δι’

455 3064 531 3123 ὧν
586 3071 712 3134 τοὺς
748 3070 1113 3138 ἀσθενοῦντας
1172 3074 1537 3145 ρωννύουσιν,
1580 3075 1628 3126 εί
1682 3076 1775 3128 καὶ
1807 3075 1941 3145 ἡμῖν
1975 3073 2036 3128 οὗ

455 3160 604 3214 δοκεῖ
630 3160 774 3234 (οὔτε
803 3164 914 3235 γὰρ
950 3135 1154 3235 ταύτης
1172 3135 1278 3236 ’τῆς
1302 3163 1460 3236 δόξης
1491 3135 1862 3237 ὑιπάρχομενί,
1899 3164 2036 3238 πλὴν
2063 3135 2108 3195 C'

459 3253 590 3325 παρ’
639 3254 824 3319 αὐτοῖς
887 3255 963 3328 μὴ
1005 3256 1357 3325 λεγέσθωσαν
1407 3258 1713 3329 μάρτυρες’
1764 3259 1814 3311 εί
1863 3256 1920 3311 δὲ
1949 3260 2045 3312 κα)⁹

463 3344 760 3418 μαρτύρων
790 3347 974 3402 πλεῖον
1003 3347 1288 3422 ἐνεργοῦσι
1317 3351 1600 3420 τεράστια,
1650 3348 1756 3403 τίνι
1787 3348 1933 3421 λόγῳ
1967 3350 2045 3421 μὴ

460 3434 712 3507 λέγονται
748 3440 1023 3513 μάρτυρες
1042 3460 1056 3508 ;

2133 1889 2334 1954 cimus,
2392 1894 2447 1941 et
2495 1887 2575 1942 sic
2622 1895 2707 1941 est
2729 1901 2891 1955 poena
2919 1895 2974 1941 et
3001 1886 3431 1955 reprehensione
3456 1885 3721 1957 dignissi-

2135 1995 2242 2034 ma.
2277 1977 2337 2034 Si
2365 1978 2512 2033 enim
2546 1978 2696 2035 solos
2718 1977 2846 2034 illos
2878 1986 3149 2049 martyres
3176 1977 3720 2049 habuerimus,quos

2136 2070 2189 2125 in
2235 2069 2606 2124 monumentis
2646 2067 2936 2133 habemus,
2997 2084 3130 2140 ergo
3169 2068 3426 2124 Christus
3470 2077 3723 2123 mortuus

2135 2160 2309 2231 gratis
2348 2166 2453 2227 est,
2488 2174 2698 2231 paucos
2729 2158 3233 2215 eommnnicatores
3257 2173 3483 2214 suarum
3517 2158 3722 2214 faciens

2136 2252 2454 2324 passionum
2485 2268 2499 2317 ;
2531 2252 2692 2321 pauci
2720 2250 2869 2308 enim
2913 2251 3074 2308 valde
3105 2260 3235 2306 sunt
3257 2252 3367 2308 isti.
3407 2250 3514 2308 Sed
3542 2259 3596 2306 et
3622 2267 3724 2306 nos

2136 2340 2590 2415 periclitabimur,
2630 2343 2731 2398 nisi
2765 2344 3008 2399 millibus
3052 2352 3355 2415 martyrum
3389 2344 3724 2409 muniamur,

2137 2434 2232 2504 qui
2283 2434 2571 2505 sanguinis
2616 2435 2829 2506 proprii
2873 2434 3188 2509 lusionibus
3246 2436 3388 2507 apud
3441 2434 3724 2490 Christum

2138 2524 2484 2580 intercedant
2527 2539 2628 2594 pro
2660 2525 2841 2581 nobis.
2883 2523 3100 2596 Quippe
3147 2541 3296 2592 cum,
3331 2525 3461 2582 etsi
3502 2525 3730 2581 omnino

2138 2625 2495 2670 monumenta
2543 2618 2726 2672 minus
2772 2617 3167 2683 consisterent,
3200 2627 3260 2672 ut
3292 2617 3484 2690 Cyrilli
3510 2634 3731 2688 quoque

2138 2705 2571 2776 disputationem
2608 2707 2857 2763 omittam
2892 2723 3015 2779 quae
3057 2709 3478 2766 universitatem
3519 2716 3728 2766 certam

2139 2799 2369 2854 reddere
2406 2798 2632 2866 sutiicit,
2679 2817 2802 2871 quae
2850 2811 3172 2858 sanctorum
3216 2817 3422 2874 agones
3468 2803 3737 2873 prmdicaa

2139 2898 2283 2957 rent,
2311 2898 2704 2963 certamenque
2726 2893 3073 2950 declararent
3104 2911 3118 2960 ;
3143 2896 3551 2950 multitudinem
3570 2910 3735 2963 opor-

2143 2990 2284 3037 teret
2317 2983 2577 3037 virtutum
2604 2997 2726 3054 quae
2741 2999 2838 3054 per
2854 2999 2949 3041 eos
2978 2986 3358 3041 indesinenter
3381 2984 3719 3047 etﬁciuntur,

2142 3074 2390 3145 praebere
2443 3075 2553 3131 illis
2603 3085 2908 3145 martyrum
2955 3077 3446 3133 existimationem.
3485 3076 3539 3132 Si
3584 3077 3733 3131 enim

2148 3182 2317 3237 opera
2352 3174 2658 3239 martyrum
2695 3184 2804 3223 non
2834 3178 3155 3239 operantur,
3178 3180 3233 3225 et
3259 3169 3596 3225 charismata
3624 3170 3739 3222 vir-

2150 3267 2330 3314 tutum
2370 3276 2481 3316 non
2523 3271 2909 3332 perceperunt.
2952 3278 3049 3332 per
3102 3279 3227 3334 qua}
3280 3264 3532 3320 inﬁrmos
3580 3265 3740 3319 robo-

2152 3358 2298 3413 rent,
2332 3350 2457 3407 licet
2488 3353 2650 3409 nobis
2689 3368 2799 3408 non
2835 3354 2918 3409 sic
2946 3353 3221 3421 videatur,
3247 3370 3428 3424 neque
3455 3357 3603 3411 enim
3638 3355 3741 3408 hu-

2148 3443 2241 3516 jus
2280 3445 2558 3516 opinionis
2600 3445 2742 3519 [cod.
2772 3445 2984 3520 glorin
3024 3462 3248 3515 sumus;
3300 3457 3539 3503 attamen
3593 3446 3740 3518 apud

462 3551 558 3590 eos
589 3543 860 3606 martyres
891 3551 997 3590 non
1027 3536 1304 3592 dicantur.
1336 3536 1490 3604 Quod
1521 3536 1568 3593 si
1609 3536 1898 3609 plusquam
1958 3544 2232 3609 martyres
2269 3548 2566 3610 operantur
2630 3538 2898 3594 miracula
2923 3580 2938 3605 ,
2993 3556 3101 3611 qua
3179 3539 3395 3595 ratione
3469 3547 3740 3611 martyres

466 3642 575 3683 non
612 3635 740 3684 sunt
762 3627 1017 3683 dicendi?

537 3724 647 3796 καὶ
672 3722 908 3794 μάλιστα
927 3724 1018 3778 τοῦ
1040 3724 1295 3796 Σωτῆρος
1319 3724 1567 3789 εἰπόντος
1596 3726 1730 3798 πρὸς
1763 3725 2055 3791 Ἰουδαίοκ

466 3818 592 3881 τοὺς
616 3818 696 3881 είς
725 3817 887 3872 αὑτὸν
920 3818 996 3889 μὴ
1018 3818 1372 3883 πιστεύοντας
1391 3837 1405 3852 ·
1438 3838 1454 3870 ι
1480 3820 1542 3873 Et
1565 3818 1638 3891 μὴ
1658 3817 1797 3872 ποιῶ
1823 3818 1892 3872 τὰ
1919 3817 2057 3890 ἔργα

468 3908 562 3961 τοῦ
592 3908 804 3983 Πατρός
859 3928 983 3981 μου,
1019 3911 1095 3984 μὴ
1146 3912 1429 3966 πιστεύετέ
1493 3928 1617 3984 μοι*
1648 3912 1777 3965 είδὲ
1820 3912 1959 3967 ποιῶ
1988 3911 2059 3966 τὰ

472 3998 629 4070 ῐργα,
664 4001 767 4055 κᾶν
799 4001 925 4072 ἐμοὶ
978 4005 1052 4074 μὴ
1104 4003 1421 4075 πιστεύητε,
1446 4007 1561 4068 τοῖς
1587 4002 1771 4074 ἔργοις
1829 4022 1931 4072 μου
1964 4023 2056 4058 πι-

473 4094 693 4148 στεύετε
716 4113 728 4126 ·
768 4114 786 4148 ι
821 4097 914 4150 καὶ
943 4097 1236 4160 δεδωκότος
1266 4099 1397 4168 ἡμῖν
1436 4094 1657 4164 ἀπλανῆ
1691 4095 1786 4149 καὶ
1824 4094 2063 4167 βεϐαίαν

471 4186 708 4240 διάνοιαν
738 4187 832 4241 καὶ⁵
881 4189 1150 4259 μηδέποτε
1207 4188 1548 4260 ψευδομένην
1594 4188 1894 4260 διάκρισιν,
1945 4188 2055 4242 ἀπὸ

472 4280 579 4333 τῶν
594 4279 770 4352 ἔργων
792 4282 918 4346 τοὺς
943 4281 1301 4353 ἐνεργοῦντας
1322 4282 1701 4353 στοχάζεσθαι.
1735 4300 1753 4333 ι
1779 4281 1921 4335 Ἀπδ
1945 4280 2056 4353 γὰρ

473 4371 585 4425 τῶν
614 4371 790 4443 ἔργων
814 4374 1017 4439 αὐτῶν,
1054 4375 1242 4443 φησὶν,
1271 4373 1645 4444 ἐπιγνώσεσθε
1685 4374 1912 4440 αὐτούς’
1960 4375 2055 4428 καὶ

474 4464 583 4520 ἀπὸ
612 4464 706 4519 τοῦ
732 4466 949 4537 καρποῦ
992 4467 1055 4520 τὸ
1084 4467 1299 4538 δένδρον
1326 4468 1679 4537 γινώσκεται.
1712 4487 1730 4519 r
1760 4467 1970 4539 Εῦηθες
1996 4467 2055 4522 δὲ

2232 3721 2543 3778 Praesertim
2602 3737 2727 3777 cum
2786 3721 3041 3777 Salvator
3081 3722 3147 3777 ad
3198 3722 3419 3779 Judéeos
3484 3724 3577 3792 qui
3630 3741 3740 3779 non

2158 3816 2455 3871 credebant
2484 3815 2537 3868 in
2567 3830 2690 3870 eum
2712 3814 2947 3871 edixerit
2976 3835 2987 3869 :
3029 3835 3047 3868 ι
3081 3817 3264 3871 Sinon
3289 3815 3614 3886 facioupcra
3639 3815 3743 3870 Pa-

2157 3904 2259 3958 tris
2283 3902 2410 3967 mei,
2445 3902 2611 3957 nolite
2640 3902 2864 3958 credere
2895 3904 3060 3968 mihi;
3087 3903 3132 3958 si
3159 3914 3346 3958 autem
3375 3902 3516 3958 facio
3547 3920 3737 3974 opera,

2157 4007 2212 4051 et
2242 3997 2289 4052 si
2307 3996 2444 4051 mihi
2477 4012 2587 4050 non
2622 3995 2867 4061 creditis,
2899 3996 3157 4068 Operibus
3179 3997 3314 4053 meis
3345 3996 3549 4053 credite
3581 4016 3599 4050 ι
3642 4016 3654 4051 :
3685 4008 3741 4053 et

2162 4088 2375 4144 dederit
2401 4088 2566 4144 nobis
2602 4102 2712 4142 non
2747 4095 3025 4142 errantem
3056 4089 3152 4144 sed
3189 4090 3445 4146 stabilem
3482 4101 3743 4156 mentem,

2155 4196 2549 4253 nunquamque
2592 4180 2871 4236 l'allentem
2918 4180 3303 4238 discretionem
3355 4186 3424 4239 ab
3482 4185 3745 4255 Oper-ibus

2157 4280 2474 4345 cperatores
2514 4274 2902 4331 considerandi
2940 4275 3060 4331 :Ab
3093 4275 3356 4346 operibus
3384 4277 3529 4332 enim
3552 4292 3744 4332 eorum

2157 4366 2521 4438 cognoscetis,
2558 4366 2754 4436 inquit,
2777 4382 2894 4432 eos,
2916 4374 2971 4423 et
3002 4383 3031 4421 a
3065 4368 3244 4423 fructu
3269 4370 3433 4424 arbor
3453 4376 3747 4441 cognosci-

2161 4469 2270 4514 tur.
2298 4478 2317 4512 ›
2354 4458 2595 4514 Stultum
2620 4468 2803 4515 autem
2818 4476 2944 4516 vere
2966 4461 3241 4527 consistit,
3259 4463 3303 4518 si
3326 4478 3505 4518 cazcus
3527 4464 3747 4534 quidem

475 4555 634 4611 τοῦτο
685 4557 1059 4629 καθέστηκενο
1120 4560 1225 4612 είὸ
1271 4558 1465 4627 τυφλὸς
1500 4559 1598 4629 μὲν
1644 4558 1817 4623 ἰαθεὶς
1848 4558 2049 4614 τούτων

2163 4570 2332 4609 sanus
2366 4552 2615 4618 eﬂ'ectus,
2649 4552 2735 4608 his
2766 4568 2876 4609 non
2901 4553 3110 4609 auditis
3139 4557 3399 4626 cognovit
3432 4556 3745 4622 Dominum,

475 4649 576 4703 οὐκ
602 4649 843 4713 ἀκούσας
878 4650 1094 4719 ἐπέγνω
1116 4651 1207 4704 τὸν
1237 4651 1465 4720 Κύριον,
1495 4654 1589 4705 καὶ
1619 4651 1753 4705 Θεοῦ
1777 4651 1875 4722 τὴν
1903 4651 2062 4723 ἐνέρο

477 4760 633 4811 γειαν
659 4744 911 4815 ἧκουσεν.
938 4763 956 4794 ι
979 4745 1041 4797 Εἰ
1068 4744 1142 4815 μὴ
1159 4744 1268 4815 γὰρ
1283 4739 1350 4815 ἦν
1366 4738 1540 4808 οὗτος,
1562 4745 1746 4815 φησιν,
1771 4743 1882 4798 ἀπὸ
1903 4743 2062 4813 Θεοῦ,

477 4839 579 4891 οὐκ
593 4835 825 4908 ἠδύνατο
848 4838 1020 4892 ποιεῖν
1040 4838 1208 4891 οὐδέν.
1224 4857 1242 4890 ι
1266 4836 1454 4906 Ἡμεῖς
1474 4837 1528 4889 δὲ
1550 4836 1754 4891 τούτων
1774 4835 1894 4890 καθ’
1915 4835 2066 4907 ὥραν

481 4929 772 4993 ἀκούοντες
798 4930 924 4995 τοὺς
959 4929 1195 4997 τυφλοὺς
1228 4931 1379 5001 ἡμᾶς
1419 4931 1634 4985 ἔσεσθαι
1657 4929 1949 5000 μέλλοντας
1978 4927 2066 4982 θε-

485 5019 883 5088 ραπεύσαντος,
917 5023 1011 5076 καὶ
1049 5021 1320 5088 τοσαύτας
1354 5025 1487 5095 ἡμῖν
1516 5023 1839 5093 εὐεργεσίας
1861 5023 2065 5093 δωρου-

485 5114 648 5184 μένου
688 5115 762 5186 μὴ
792 5116 1084 5188 γνοίημενς
1131 5117 1196 5169 Τί
1225 5116 1335 5187 γάρ
1369 5119 1514 5170 ἐστιν
1547 5117 1575 5170 ὃ
1620 5116 1789 5187 δρῶσι
1845 5117 1944 5187 μὲν
1974 5115 2069 5170 καί

484 5205 787 5277 πράττουσι
825 5210 1122 5280 μάρτυρες,
1151 5209 1471 5263 ἀδυνατοῦσι
1500 5209 1557 5262 δὲ
1577 5209 1737 5263 τοῦτο
1768 5209 1950 5279 Κῦρος
1974 5211 2068 5263 καὶ

496 5298 748 5367 Ἰωάννης
775 5301 1108 5370 ἐργάσασθαι
1131 5319 1145 5369 ;
1173 5303 1359 5359 Οὐδέν.
1376 5303 1437 5355 Εἰ
1461 5303 1517 5356 δέ
1539 5320 1622 5368 τις
1648 5302 1876 5369 δειξάτω
1903 5320 2070 5374 προσ-

484 5387 675 5453 ελθὼν,
699 5390 791 5441 καὶ
834 5391 933 5459 τὴν
963 5392 1261 5459 ἀπολογίαν
1296 5392 1565 5464 ύφὲξομεν
1587 5410 1598 5423 ·
1646 5393 1827 5446 πλεῖον
1873 5394 1982 5466 γάρ
2014 5412 2066 5448 τι

486 5477 662 5549 λέγειν
696 5481 796 5535 οὐκ
835 5479 1053 5552 ἔχομεν,
1085 5483 1157 5546 ὡς
1184 5483 1383 5554 δρῶσιν
1417 5479 1562 5538 οὗτοί
1591 5499 1714 5538 τινα
1755 5482 1789 5537 2‘7.
1820 5487 1894 5555 μὴ
1925 5484 2066 5556 δρῶ-

2167 4646 2370 4716 Dciqne
2395 4645 2943 4715 operationemedixit
2965 4664 2980 4701 :
3006 4645 3095 4701 «Si
3131 4664 3238 4702 non
3265 4656 3432 4713 esset,
3470 4650 3746 4720 inquiens.

2167 4740 2257 4795 hic
2283 4754 2314 4794 a
2349 4738 2481 4804 Deo,
2518 4753 2626 4792 non
2659 4741 2925 4809 potuisset
2950 4740 3134 4795 facere
3152 4740 3486 4811 quidquam;
3521 4752 3615 4797 pet
3647 4738 3772 4796 nos"

2168 4832 2263 4902 qui
2289 4832 2417 4886 caeci
2451 4830 2738 4895 fuerimus,
2773 4830 2875 4886 hos
2906 4846 3004 4901 per
3038 4833 3287 4903 singulas
3316 4833 3482 4888 horas
3517 4833 3752 4887 audien-

2172 4935 2254 4981 tes
2292 4940 2510 4989 curare,
2563 4932 2617 4979 et
2656 4933 2736 4977 tot
2774 4924 3044 4988 beneﬁcia
3099 4925 3261 4981 nobis
3304 4936 3589 4995 praestare.
3642 4942 3750 4980 non

2170 5019 2606 5089 cognoscemus?
2640 5019 2781 5085 Quid
2821 5020 2968 5075 enim
3009 5021 3082 5076 sit
3115 5021 3263 5092 quod
3305 5029 3499 5091 gerant
3556 5031 3752 5091 agant-

2168 5129 2273 5186 que
2303 5123 2597 5184 martyres,
2632 5124 2685 5168 et
2733 5114 2837 5168 hoc
2884 5113 3062 5183 Cyrus
3091 5123 3146 5169 et
3192 5113 3432 5169 Joannes
3480 5124 3753 5184 nequeant

2170 5209 2429 5277 Operari?
2477 5206 2587 5262 Nos
2635 5208 2852 5277 quidem
2898 5209 3031 5263 nihil
3068 5208 3437 5278 conjicimus;
3485 5206 3530 5260 si
3569 5215 3747 5261 autem

2172 5302 2298 5372 quis
2339 5302 2598 5371 Opinutus
2643 5299 2829 5366 fuerit,
2875 5301 3100 5355 accedat
3136 5309 3188 5354 et
3223 5302 3496 5360 os:e:rslat,
3540 5315 3753 5369 nosqu

2176 5392 2444 5448 rationem
2484 5392 2796 5448 reddemus.
2826 5392 3078 5463 Amplius
3103 5393 3249 5447 enim
3279 5391 3578 5462 qnidqttztm
3604 5392 3750 5447 dicc-

2174 5503 2236 5541 re
2271 5486 2551 5553 nolumus,
2597 5487 2833 5558 qualiter
2870 5496 3033 5558 agant
3069 5487 3159 5542 isti
3201 5486 3444 5558 quaedam
3492 5502 3610 5558 qua:
3649 5504 3752 5543 non

2010 5664 2103 5721 ΝΟ
2124 5664 2246 5720 ΞΥΕ.

562 5750 674 5823 (lit)
711 5751 951 5828 Intelliér
983 5757 1167 5827 (Zyzilli
1194 5758 1595 5823 sermunculos,
1632 5757 1695 5811 tle
1724 5758 1923 5829 quibus
1961 5776 2059 5815 nos
2090 5759 2243 5813 albi.
