4060 6236
376 322 517 390 3513

1350 332 1454 393 SS.
1491 333 1667 394 CYRI
1700 325 1796 394 ET
1838 328 2162 395 JOANNIS
2198 328 2614 398 MlIiACULA.

3511 330 3652 399 35H

460 446 601 499 ’Λλλ’
623 442 737 515 ἄρα
790 447 927 518 πρὸς
965 448 1166 514 αὐτοὺς
1202 448 1434 503 ἐλθοῦσα
1462 450 1564 519 τῆς
1611 449 1826 514 ἐλπίδος
1860 449 1965 519 ἀφ-

2145 449 2250 504 Sed
2294 457 2455 520 putas
2489 466 2613 506 cum
2650 464 2745 506 eos
2780 450 3116 516 advenisset,
3147 459 3200 508 et
3235 466 3332 522 spe
3382 450 3648 507 frustrata

379 555 658 609 ημαρτενς
701 536 1004 609 Οὐδαμῶς·
1039 540 1159 603 πῶς
1187 542 1297 613 γάρ
1321 538 1432 594 οἷόν
1463 559 1523 594 τε
1549 536 1618 613 ἦν
1660 542 1786 604 τοὺς
1823 540 1967 612 μάρ-

284 673 296 683 .
378 642 550 699 τυρας
595 631 924 701 ψεύσασθαι,
987 634 1236 704 μιμητὰς
1268 634 1362 688 τοῦ
1389 634 1646 705 Σωτῆρος
1672 634 1967 703 τυγχάνον-

380 739 514 789 τας;
548 722 612 776 Οἳ
643 722 816 791 δεῖξαι
851 722 930 795 τῷ
966 724 1175 794 γυναίῳ
1203 723 1532 797 θελήσαντες
1582 724 1682 796 τὴν
1726 725 1966 797 ἀνυπέρο

382 815 577 886 ϐλητον
604 815 787 870 αὐτῶν
843 816 938 870 καλ⁸
986 817 1278 886 ἀνέφικτον
1305 817 1556 889 δύναμιν,
1602 819 1695 870 καὶ
1747 818 1809 871 τὸ
1856 819 1966 872 τῶν

384 910 741 981 μαρτυρικῶν
768 911 1127 982 χαρισμάτων
1176 912 1505 983 ὑπέρογκον,
1556 910 1819 984 ὀξυτέραν
1865 913 1967 983 τῆς

387 1003 649 1072 μάστιγος
678 1002 777 1074 τὴν
808 1003 977 1073 piam
1010 1004 1337 1075 εἰργάσαντο
1356 1021 1371 1038 ο
1400 1005 1831 1077 ταμιευσάμενοι
1857 1006 1965 1079 γόρ

381 1095 489 1161 ἕως
517 1090 579 1151 οὗ
619 1096 755 1167 πρὸς
785 1097 986 1161 αὐτοὺς
1033 1098 1390 1170 παρεγένετο,
1440 1099 1554 1170 ἃμα
1588 1100 1645 1153 δὲ
1700 1099 1791 1153 τὸν
1821 1100 1965 1171 ἱερὸν

381 1189 591 1242 ἐκεῖνον
621 1188 759 1262 αὐτὴ
795 1187 1007 1260 βατῆρα
1064 1180 1155 1244 τοῦ
1210 1191 1473 1261 τεμένους
1526 1192 1823 1263 ὲπάτησεν,
1866 1192 1968 1261 τῆς

383 1280 717 1352 συνεχούσης
770 1282 934 1346 εὐθὺς
998 1282 1377 1353 ἀπηλλάττετο
1428 1282 1722 1353 μάστιγος·
1783 1282 1876 1334 καὶ
1906 1280 1968 1335 τὸ

381 1373 533 1428 κάτω
565 1375 745 1429 νεύειν
772 1376 954 1429 ἐκεῖσε
980 1376 1350 1449 προσρίψασα,
1383 1375 1551 1448 ὀρθίῳ
1594 1375 1675 1446 τῷ
1727 1375 1967 1446 σχήματι

379 1468 441 1522 τὸ
470 1468 769 1539 μαρτύριον
802 1469 1038 1523 ὥδευενο
1097 1470 1193 1524 καὶ
1248 1469 1390 1524 κατὰ
1434 1470 1596 1539 φύσιν
1653 1470 1965 1540 βαδίζουσα,

379 1561 773 1633 χαριστηρίους
826 1562 1010 1632 φωνὰς
1058 1563 1158 1634 τῆς
1187 1581 1248 1617 τε
1278 1564 1531 1628 παιδείας
1563 1563 1662 1633 τῆς
1695 1580 1755 1617 τε
1808 1561 1969 1635 θερα-

2074 542 2196 597 est?
2236 558 2605 612 nequaquam.
2658 543 2947 609 Quomodo
2974 543 3118 597 enim
3161 558 3287 599 esse
3333 549 3550 613 poterat
3592 547 3650 593 ut

2074 645 2344 706 martyres
2376 638 2764 703 mentirentur,
2804 651 2929 691 cum
2963 636 3265 691 Salvatoris
3298 643 3485 691 essent
3523 634 3644 688 imi-

2075 728 2320 784 tatorcs?
2341 727 2444 794 Qui
2479 731 2769 785 ostendere
2784 732 3029 785 volentes
3059 730 3275 786 mulieri
3304 730 3654 799 incomparao

2072 821 2237 876 bilem
2283 832 2335 876 et
2384 821 2998 892 incomprehensibilcm
3043 824 3302 878 virtutem
3355 836 3549 882 suam,
3600 826 3653 872 et

2073 913 2495 984 martyricorum
2524 915 2916 968 charismatum
2937 915 3386 984 magnitudinem,
3418 911 3655 966 velociu-

2074 1022 2189 1061 rem
2243 1007 2576 1074 sanitatem,
2657 1024 2820 1076 quam
2871 1008 3143 1079 ﬂagellum
3194 1006 3393 1068 fuerit,
3438 1003 3648 1074 operati

2075 1110 2222 1154 sunt.
2256 1096 2649 1154 Verumtamen
2674 1098 3008 1154 distulerunt
3042 1098 3171 1163 hoc,
3196 1096 3371 1152 donec
3405 1095 3522 1164 ipsa
3556 1108 3650 1147 ve—

2076 1192 2220 1247 niret
2248 1191 2314 1246 ad
2337 1207 2452 1247 eos.
2487 1192 2626 1246 Cum
2657 1199 2839 1246 autem
2877 1206 3098 1245 sacrum
3132 1190 3295 1244 limen
3325 1188 3509 1257 templi
3543 1186 3655 1240 cal-

2074 1294 2272 1351 casset,
2327 1300 2354 1338 a
2406 1282 2621 1355 ﬂagello
2652 1300 2760 1354 quo
2791 1282 3080 1339 tenebatur
3128 1282 3392 1336 continuo
3423 1280 3653 1335 libi-rata

2074 1384 2183 1441 est,
2225 1384 2278 1430 et
2314 1377 2426 1431 illic
2470 1376 2701 1447 proclivi
2748 1376 3074 1431 curvatione
3120 1375 3400 1445 projecta,
3443 1371 3655 1425 directo

2075 1469 2364 1525 schemate
2400 1485 2496 1541 per
2532 1468 2838 1525 oratorium
2874 1467 3216 1532 ambulabat,
3247 1475 3299 1521 et
3332 1465 3656 1520 naturaliter

2076 1562 2371 1628 incedens,
2427 1562 2723 1632 gratiarum
2787 1577 2953 1618 voces
3006 1571 3114 1616 tam
3156 1574 3253 1630 pro
3290 1560 3656 1627 castigatione

322 1652 330 1713 ἑ
382 1650 540 1743 πείας
590 1655 705 1719 τοῖς
734 1655 911 1721 ἁγίοις
942 1655 1473 1729 προσέφερεν.’⁹Οθεν
1499 1660 1599 1727 τῆς
1627 1659 1710 1727 ἐφ’
1731 1657 1968 1729 ἑκάτερα

2076 1662 2238 1723 quam
2271 1667 2370 1724 pro
2393 1655 2678 1709 curatione
2713 1653 2923 1709 sanctis
2960 1652 3160 1709 obtulit
3197 1669 3210 1705 :
3249 1649 3393 1704 unde
3423 1649 3474 1701 in
3507 1657 3658 1701 ntro-

380 1738 587 1797 τούτων
628 1747 958 1817 πειραθεῖσα
1016 1748 1321 1819 δυνάμεως,
1351 1750 1645 1821 θεραπείας
1679 1750 1824 1820 λέγω
1879 1750 1973 1803 καὶ

385 1831 671 1906 μάστιγος,
704 1836 813 1892 τῶν
859 1841 920 1893 οὐ
968 1842 1341 1913 πειραθέντων
1382 1844 1543 1897 πλέον
1582 1844 1779 1908 αὐτοὺς
1810 1845 1975 1915 ἐτίμα

382 1927 479 1980 καὶ
512 1927 730 1981 ἔσεόεν·
768 1929 862 1983 καὶ
891 1930 951 1984 οὐ
989 1931 1151 2002 μόνον
1180 1932 1468 2003 μάρτυρας
1492 1933 1715 1997 τούτους
1737 1935 1974 2006 ἐκήρυτ-

381 2036 495 2086 τεν,
529 2020 665 2075 ἀλλά
689 2023 787 2075 καὶ
815 2022 883 2075 τὰ
918 2023 1113 2094 πρῶτα
1144 2025 1332 2096 φέρειν
1359 2028 1417 2079 ὲν
1454 2027 1727 2098 μάρτυσιν
1757 2026 1967 2098 ἔλεγεν.

383 2107 670 2168 Ἐντεῦθεν
700 2114 916 2175 πολλοῖς
949 2112 1147 2180 αὐτοὺς
1195 2115 1458 2189 δάκρυσιν
1514 2117 1844 2190 ἐμειλίξατο,
1878 2119 1974 2173 καὶ

384 2204 611 2270 πολλαῖς
641 2207 735 2259 καὶ
782 2206 1069 2271 πλουσίαις
1112 2210 1457 2279 προσφοραῖς
1496 2207 1797 2280 ἐθεράπευε
1822 2250 1836 2273 ,
1873 2211 1974 2282 τῆς

383 2297 658 2369 προτέρας
682 2293 891 2371 ὕϐρεως
910 2300 1093 2366 ἕνεκα,
1114 2301 1207 2354 καῖ
1226 2301 1324 2371 τῆς
1345 2298 1582 2372 ὑστέρας
1605 2302 1742 2372 πρὸς
1769 2301 1970 2363 αὐτοὺς

383 2391 737 2461 ἀγαπήσεως.
778 2392 888 2446 Καὶ
916 2386 1060 2446 οὕτω
1108 2393 1207 2464 μὲν
1245 2393 1539 2448 Ἀθανασία
1590 2388 1688 2464 τῆς
1721 2392 1972 2456 παιδείας

382 2481 658 2550 ἀπώνατο,
691 2484 786 2538 καὶ
806 2486 905 2556 τὴν
929 2485 1201 2557 προτέραν
1234 2485 1505 2556 ἀπείληφε
1531 2487 1596 2557 τῇ
1633 2484 1974 2556 μεταγνώσει

385 2577 709 2647 παράνοιαν,
736 2577 806 2632 τὰ
837 2579 1117 2650 πρέποντα
1146 2581 1275 2652 περὶ
1299 2580 1409 2634 τῶν
1435 2579 1605 2649 ἁγίων
1630 2579 1969 2651 φρονήσασα.

397 2668 592 2741 Ἡμεῖς
618 2671 675 2725 δὲ
705 2672 931 2734 τούτους
959 2674 1047 2727 ἀεὶ
1076 2674 1343 2743 τιμῶντες
1373 2673 1465 2727 καὶ
1484 2671 1754 2738 σέϐοντες,
1775 2675 1869 2727 καὶ
1899 2674 1975 2737 ὡς

384 2764 575 2832 ἁγίους
600 2765 955 2836 γεραίροντες
1011 2767 1315 2838 μάρτυρας,
1373 2768 1465 2820 καὶ
1512 2768 1625 2831 τοῖς
1673 2766 1815 2837 ὑπὲρ
1844 2767 1977 2837 Χρι-

388 2856 513 2911 στοῦ
551 2857 848 2911 πεπονθόσι
884 2861 1294 2923 συντάττοντες,
1338 2859 1508 2924 ἀξίως
1540 2861 1630 2914 καὶ
1673 2859 1767 2913 νῦν
1806 2861 1976 2931 εὐφη-

388 2950 682 3019 μήσαντες,
726 2949 894 3020 ἄλλην
920 2950 1173 3022 διήγησιν
1221 2951 1548 3023 γράψωμεν,
1592 2952 1659 3006 δι’
1685 2942 1757 3026 ἧς
1792 2951 1973 3005 αὐτῶν

2077 1760 2184 1814 que
2228 1746 2422 1799 horum
2469 1752 2693 1815 experta
2726 1746 3011 1812 virtutem,
3039 1744 3329 1799 curatione
3365 1741 3583 1796 scilicet
3607 1750 3659 1794 et

2075 1837 2308 1907 ﬂagello,
2361 1837 2485 1908 plus
2521 1834 2607 1891 his
2651 1836 2746 1913 qui
2794 1837 3006 1907 experti
3054 1850 3162 1889 non
3194 1834 3412 1889 fuerant
3445 1831 3660 1911 colebat

2074 1944 2169 1984 eos
2192 1938 2245 1983 et
2275 1928 2616 1993 honorabat;
2651 1938 2703 1981 et
2733 1942 2841 1981 non
2877 1927 3057 1981 solum
3088 1934 3360 1997 martyres
3394 1924 3496 1980 hos
3524 1939 3660 1994 prir-

2074 2021 2317 2087 dicabat,
2347 2020 2445 2075 sed
2470 2027 2524 2074 et
2566 2018 3082 2089 primatumgercre
3106 2017 3250 2072 inter
3274 2028 3545 2087 martyres
3567 2032 3659 2069 as-

2075 2111 2314 2168 serebat.
2349 2110 2487 2166 [linc
2536 2111 2722 2165 multis
2756 2125 2852 2165 eos
2894 2109 3153 2181 lacrymis
3192 2109 3438 2179 placans,
3474 2107 3659 2163 multis

2075 2209 2371 2264 aedilibus
2400 2207 2777 2262 oblationibus
2812 2204 3146 2271 lmtit‘icabat,
3182 2209 3292 2257 tam
3327 2200 3531 2272 prioris
3575 2200 3671 2273 ius

2070 2302 2233 2374 jurize
2267 2317 2430 2373 quam
2458 2300 2786 2372 posterioris
2832 2296 3147 2355 dilectionis
3174 2311 3305 2365 erga
3335 2309 3429 2350 eos
3463 2292 3661 2349 habita.-

2075 2408 2267 2450 causa.
2305 2394 2370 2449 Ει
2400 2392 2618 2466 quidem
2650 2394 2732 2449 sic
2761 2390 3068 2448 Athanasia
3091 2390 3383 2460 disciplina
3404 2387 3656 2458 proiecit,

2075 2495 2127 2543 ct
2157 2488 2395 2558 priorem
2432 2486 2773 2558 resipiscens
2819 2485 3117 2539 amentiam
3166 2481 3349 2547 diluit,
3397 2480 3673 2543 decent-.1,

2076 2596 2244 2652 super
2267 2582 2475 2637 sanctis
2505 2581 2573 2636 de
2619 2584 2820 2635 czetero
2871 2576 3135 2635 sentiens.
3187 2572 3296 2631 Nos
3350 2583 3531 2629 autem
3577 2573 3663 2627 his

2077 2688 2298 2744 semper
2335 2672 2546 2728 honore
2584 2681 2638 2727 et
2668 2671 2819 2725 cultu
2861 2667 3069 2724 celebri
3103 2666 3327 2729 habitis,
3361 2673 3415 2720 et
3446 2672 3506 2718 ut
3537 2679 3665 2718 san-

2077 2766 2184 2820 ctis
2226 2764 2567 2836 martyribus
2608 2760 2960 2827 collaudatis,
3004 2774 3243 2829 cumque
3286 2758 3371 2812 his
3423 2757 3515 2826 qui
3566 2770 3664 2825 pro

2076 2858 2302 2913 Christo
2367 2859 2515 2928 paSsi
2570 2862 2698 2912 sunt
2739 2854 3193 2917 connumeratis,
3249 2850 3520 2920 condigne
3562 2851 3664 2903 hos

2077 2951 2241 3006 etiam
2276 2964 2422 3005 nunc
2458 2948 2765 3013 laudemus,
2798 2948 2959 3000 aliam
2984 2946 3305 3002 relationem
3338 2944 3662 3004 scribentes,
3738 2934 3743 2939 ’

386 3040 480 3093 καὶ
524 3040 584 3093 τὸ
627 3040 922 3095 στυπτικὸν
955 3042 1049 3095 καὶ
1073 3043 1527 3115 τδεῦσπλαγχνον
1574 3041 1971 3114 παραπλησίως

2082 3059 2176 3116 per
2206 3059 2369 3113 quam
2414 3057 2604 3099 eorum
2640 3048 2694 3097 et
2728 3040 3026 3095 austeritas
3053 3046 3108 3094 et
3147 3037 3250 3092 niis
3272 3034 3525 3089 -ricordia
3569 3049 3665 3105 pa—

387 3132 792 3205 γνωσθήσεται,
853 3133 883 3186 ὃ
944 3133 1151 3194 πάντας
1199 3133 1485 3204 εὐεργετεῖ
1529 3134 1973 3207 γιγνωσκόμενον

385 3224 515 3290 τοὺς
550 3227 626 3298 μὴ
655 3225 947 3298 παρέργως
972 3224 1082 3279 τῶν
1111 3224 1423 3297 λεγομένων
1456 3224 1776 3291 ἀκούοντας.

588 3399 668 3455 Λ’.
702 3399 840 3470 Περὶ
868 3400 1092 3456 Γεσιόυ
1122 3400 1230 3455 τοῦ
1250 3405 1674 3472 ὶατροσεςςιστε
1686 3399 1737 3456 ῦ.

458 3493 701 3566 ῐΙάρεστι
756 3493 851 3548 νῦν
900 3494 995 3550 καὶ
1045 3496 1073 3549 ὁ
1137 3494 1330 3558 Γέσιος
1380 3495 1441 3547 ού
1472 3491 1807 3565 τεχνολογῶν
1863 3492 1974 3546 τῶν

388 3586 559 3655 ἁγίων
598 3586 664 3641 τὰ
690 3586 979 3659 φάρμακα,
1012 3589 1107 3640 καὶ
1159 3586 1486 3659 θεραπεύειν
1509 3589 1634 3651 τοὺς
1666 3586 1975 3657 πάσχοντας

388 3679 531 3732 κατὰ
593 3679 793 3749 θεσμὸν
820 3676 1293 3750 αὐτοὺςίατρικδν
1340 3678 1790 3751 βρενθυνόμενος,
1837 3679 1976 3733 ἀλλά

391 3772 672 3826 νοσῶνκαὶ
702 3772 950 3844 σφοδρῶς
975 3772 1334 3842 ὀδυνώμενος,
1401 3772 1497 3825 καὶ
1529 3772 1633 3839 τῆς
1670 3772 1821 3835 θείας
1879 3790 1978 3844 με·

386 3866 607 3936 τασχεῖν
634 3866 842 3936 δωρεᾶς
872 3864 1221 3937 ὀρεγόμενος,
1248 3860 1317 3937 ἧς
1378 3863 1695 3927 ἀπολαύσας
1751 3864 1977 3935 ἁδρότε-

392 3974 482 4025 ρον
512 3958 606 4010 καὶ
636 3956 819 4011 θεόθεν
855 3956 1035 4010 ἰᾶσθαι
1092 3956 1446 4027 μαρτυρήσας
1491 3957 1619 4019 τοὺς
1668 3955 1972 4026 μάρτυρας,

392 4049 557 4123 μηδὲν
605 4043 745 4103 εἶναι
804 4050 913 4103 τῶν
956 4048 1156 4120 ἰατρῶν
1204 4048 1273 4100 τὰ
1304 4048 1667 4118 κομψεύματα
1692 4050 1829 4120 ’πρὶς
1879 4048 1976 4121 τὴν

387 4142 497 4196 τῶν
526 4143 701 4215 ἁγίων
742 4142 918 4211 ἀλκὴν
954 4143 1294 4213 ἀπεφήνατο.
1342 4140 1603 4211 Αέξωμεν
1636 4141 1813 4194 τοίνυν
1879 4142 1977 4195 αὑ·-

387 4235 483 4292 τοῦ
509 4236 610 4309 τὴν
640 4237 951 4299 ἀσθένειαν,
981 4236 1192 4306 καὶτῆς
1236 4234 1524 4298 ἀσθενείας
1552 4237 1612 4287 τὸ
1650 4235 1843 4297 αἴτιον,
1883 4237 1978 4290 καὶ

387 4329 448 4382 τὸ
478 4329 683 4400 ταύτης
712 4331 1068 4402 χαριέστατον
1103 4332 1418 4402 φάρμακον,
1454 4329 1556 4383 κᾶν
1610 4331 1657 4382 εἰ
1682 4329 1842 4393 αὐτὸς
1894 4331 1977 4395 εἰς

2075 3141 2210 3195 riter
2244 3131 2633 3208 Cognoscetnr,
2666 3151 2789 3205 qua:
2809 3133 3068 3189 omnibus
3103 3129 3371 3186 beneﬁcia
3399 3138 3667 3201 praestare

2075 3228 2442 3307 dignoscitur,
2474 3230 2566 3304 qui
2592 3248 2697 3287 non
2726 3228 3099 3302 perfunctorie
3122 3242 3243 3298 qua:
3279 3226 3539 3281 dicuntur
3569 3243 3659 3278 au-

2076 3328 2301 3384 dicrint.

2393 3404 2565 3473 XXX.
2609 3414 2681 3469 De
2728 3410 2884 3469 Cesio
2943 3406 3345 3479 iatrosopltista.

2148 3511 2317 3569 Adest
2343 3526 2491 3565 nunc
2511 3508 2679 3564 etiam
2714 3500 2936 3569 Gesius,
2965 3520 3074 3559 non
3110 3502 3410 3557 artificiose
3442 3500 3509 3557 de
3537 3515 3668 3555 san-

2075 3614 2289 3659 ctorum
2334 3602 2591 3658 remediis
2615 3602 2933 3671 disputans,
2966 3611 3069 3652 nec
3100 3608 3197 3650 eos
3226 3610 3423 3649 curare
3454 3592 3669 3662 paticn-

2077 3704 2158 3751 tes
2201 3694 2508 3750 secundum
2556 3693 2682 3763 jura
2717 3689 3070 3746 medicinalia
3100 3687 3387 3758 jactitans,
3419 3685 3511 3739 sed
3549 3684 3667 3735 lan-

2077 3803 2251 3857 gneus
2294 3795 2348 3842 et
2390 3785 2593 3856 oppido
2622 3785 2837 3849 dolens,
2871 3782 3182 3852 divinaeque
3214 3781 3460 3849 ipsorum
3491 3774 3669 3832 dona-

2077 3880 2247 3934 tionis
2272 3876 2595 3949 participari
2628 3876 2976 3941 desiderans,
3009 3888 3116 3944 qua
3151 3869 3441 3942 magnifice
3471 3868 3667 3926 fretus.

2077 3980 2132 4027 et
2179 3970 2449 4027 divinitus
2480 3985 2678 4025 sanare
2710 3976 2978 4037 martyres
3007 3972 3322 4026 attestatus,
3370 3962 3506 4016 nihil
3545 3976 3668 4015 esse

2078 4064 2439 4118 medicorunv
2464 4061 2726 4131 ambages
2785 4060 2853 4114 ad
2908 4057 3382 4128 comparationem
3445 4054 3666 4108 illorum

2079 4156 2301 4210 virtutis
2323 4154 2627 4210 asserebat.
2654 4151 2911 4208 Dicemus
2933 4151 3102 4221 igitur
3128 4148 3498 4205 inﬁrmitatem
3524 4147 3669 4217 ejus,

2078 4259 2133 4305 et
2177 4248 2517 4306 inﬁrmitatis
2554 4246 2867 4309 materiam,
2919 4244 3195 4315 huiusque
3243 4253 3461 4314 gratum
3512 4240 3674 4295 valda

2080 4344 2409 4408 remedium,
2455 4343 2585 4397 licet
2618 4339 2737 4412 ipse
2768 4340 3036 4394 hactenus
3064 4347 3119 4393 et
3168 4351 3315 4391 nunc
3352 4334 3667 4397 erubescat,

389 4423 469 4479 ἔτι
489 4424 583 4478 καὶ
618 4423 714 4479 νῦν
738 4422 1150 4493 ἐπαισχύνεται,
1182 4424 1275 4475 καὶ
1330 4421 1693 4491 φανεροῦσθαι
1726 4423 1890 4475 πᾶσιν
1912 4423 1971 4476 οὗ

2081 4446 2137 4494 et
2170 4435 2515 4492 manifestari
2553 4433 2815 4490 omnibus
2854 4432 3081 4487 minime
3115 4429 3319 4485 litteris
3368 4428 3519 4483 velit.
3569 4424 3667 4481 So-

389 4517 639 4589 βούλεται
666 4517 1012 4588 γράμμασιν.
1061 4514 1331 4587 Σοφιστὴς
1361 4517 1389 4571 ὁ
1427 4516 1613 4580 Γέσιος
1648 4516 1860 4588 ὑπῆρχε
1886 4533 1975 4571 σο-

387 4611 658 4682 φώτατος,
688 4611 747 4662 ού
780 4610 971 4678 λόγους
995 4610 1319 4682 ῥητορικοὺς
1364 4606 1752 4679 ἐξηγούμενος,
1770 4611 1862 4662 καὶ
1887 4608 1977 4662 διὰ

384 4705 544 4759 τούτο
594 4704 777 4774 ιρορῶν
826 4704 887 4756 τὸ
928 4703 1239 4775 τριϐώνιον,
1290 4702 1428 4756 ἀλλὰ
1468 4702 1666 4773 τέχνης
1718 4698 1973 4775 ἰατρικῆς

386 4797 813 4868 προϊστάμενος,
843 4796 937 4849 καὶ
969 4795 1175 4863 ταύτης
1216 4796 1314 4848 σὺν
1362 4795 1620 4867 ἀκριϐείᾳ
1652 4794 1974 4860 διδάσκαλος

384 4892 498 4953 τοῖς
532 4887 869 4960 μανθάνουσι
899 4887 1020 4941 κατ’
1051 4887 1231 4940 ἐκεῖνο
1292 4886 1487 4958 καιροῦ
1548 4886 1972 4958 γνωριζόμενος.

386 4974 557 5046 Οὗτος
601 4982 629 5035 ὁ
658 4986 834 5050 ’σορὸς
877 4981 935 5033 ὲν
969 4980 1148 5048 λόγοις
1188 4978 1497 5049 αἰρόμενος,
1541 4981 1636 5032 καὶ
1668 4979 1979 5043 καλλίστοις

388 5075 595 5146 ἰατροῖς
663 5074 846 5145 ίατρδς
885 5073 1274 5144 φημιζόμενος,
1312 5070 1629 5141 Ἑλληνικῆς
1679 5071 1780 5124 οὐκ
1829 5066 1899 5140 ἦν
1951 5072 1979 5124 ὁ

387 5166 698 5237 τρισάθλιος
744 5164 1170 5236 δεισιδαιμονίας
1222 5163 1528 5235 ἐλεύθερος,
1578 5159 1654 5226 ὡς
1701 5162 1884 5232 ἔλεγον
1928 5163 1976 5218 οἱ

390 5261 579 5331 σαφῶς
603 5260 670 5315 τὰ
702 5261 823 5314 κατ’
886 5258 1451 5331 αὐτὸνδὲπιστάμενοι,
1516 5258 1611 5311 καὶ
1632 5259 1691 5311 τι
1718 5255 1972 5312 ἀκούσιον

388 5353 568 5408 αὐτῶν
592 5352 928 5424 ἐθριάμϐευε
960 5351 1421 5423 βάπτισμα,ὅπερ
1455 5351 1683 5422 ἀπειλὴν
1718 5350 1977 5422 φοϐηθεὶς

391 5445 677 5518 βασιλικὴν
710 5443 1042 5499 ὲὸαπτίσατο
1064 5459 1078 5474 ο
1100 5443 1193 5497 καὶ
1213 5443 1305 5496 τοῦ
1334 5432 1477 5496 θείου
1511 5442 1771 5514 λουτῆρος
1787 5442 1974 5509 ἀνιὼν,

389 5541 451 5596 τὺ
498 5539 798 5611 Ὁμηρικὸν
822 5540 999 5592 ἐκεῖνο
1032 5536 1307 5600 δυσσεϐῶς
1337 5535 1721 5606 ἀπεφθέγξατο
1744 5550 1758 5567 ⁸
1854 5520 1889 5548 ¹

424 5632 571 5699 Αἴας
595 5632 648 5686 δ’
679 5633 1094 5696 ἐξαπάίωλεν,
1128 5627 1257 5682 ἐπεὶ
1291 5629 1429 5681 πίεν
1462 5628 1736 5696 ἀλμιῳὸν
1760 5627 1937 5696 ὕδωρ.

462 5726 681 5796 Ταύτην
733 5721 825 5778 οὖν
855 5724 948 5777 κα⁶ι
986 5722 1216 5794 parti;
1256 5722 1326 5776 τα
1378 5721 1655 5786 θειότατα,
1715 5721 1971 5791 κρύπτων

399 5821 525 5892 παρ’
550 5819 725 5892 ἑαυτῷ
760 5818 851 5891 τὴν
880 5817 1220 5885 ξ·;ττέ6;ια·),
1256 5816 1535 5889 Ξγωμῴδει
1571 5814 1667 5886 μὲν
1711 5816 1794 5873 ὀι;ἰ
1837 5816 1942 5887 Χρι

2083 4533 2266 4604 phista
2310 4537 2431 4585 erat
2464 4527 2663 4584 Gesius
2690 4524 3158 4595 sapientissimus,
3213 4536 3325 4577 non
3375 4519 3520 4593 quod
3556 4535 3672 4576 ser-

2081 4640 2275 4680 mones
2332 4622 2638 4677 rheloricos
2680 4625 2989 4674 enarraret.
3036 4624 3091 4669 et
3138 4612 3412 4671 lribonem
3459 4611 3670 4667 idcirco

2084 4722 2351 4788 portaret,
2379 4715 2473 4771 scd
2503 4713 2649 4784 quod
2679 4712 2817 4766 artis
2853 4709 3140 4765 medicinae
3176 4716 3457 4775 praeesset,
3486 4714 3540 4759 ct
3566 4707 3669 4758 hu-

2078 4810 2171 4880 jus
2203 4824 2329 4864 cum
2380 4806 2663 4878 diligentia
2706 4804 2969 4875 magister
3000 4816 3096 4873 per
3141 4799 3276 4855 illud
3313 4808 3531 4869 tempus
3586 4798 3671 4853 di-

2082 4899 2369 4955 Scentibus
2397 4903 2740 4953 cerneretur.
2775 4893 2878 4949 Hic
2918 4894 3161 4963 sapiens,
3190 4889 3286 4962 qui
3319 4891 3504 4945 verbis
3539 4904 3668 4942 can-

2082 4991 2337 5053 tabatur,
2386 4988 2614 5059 gentilis
2670 4986 3021 5042 miserrimus
3070 4981 3484 5055 superstitionis
3534 4981 3669 5033 liber

2081 5096 2193 5138 non
2246 5092 2366 5136 erat
2400 5120 2415 5145 ,
2456 5081 2600 5136 sicut
2630 5079 2667 5133 ii
2708 5078 2967 5134 dicebant
2989 5077 3082 5146 qui
3123 5091 3244 5145 qua:
3269 5075 3417 5128 illius
3450 5080 3577 5128 sunt
3602 5072 3667 5124 li-

2081 5172 2250 5246 quido
2292 5180 2586 5236 noverant,
2622 5178 2678 5227 et
2717 5170 2947 5225 invitum
2984 5184 3144 5225 suum
3194 5164 3507 5237 publicabat
3539 5163 3669 5231 bap-

2082 5270 2328 5334 tismum,
2377 5282 2489 5337 quo
2532 5265 2924 5335 imperatorias
2976 5270 3229 5317 metuens
3276 5260 3453 5313 minas
3501 5254 3668 5310 fuerit

2080 5361 2412 5432 baptizatus,
2443 5366 2496 5413 et
2531 5374 2654 5413 cum
2684 5372 2714 5410 a
2740 5370 2901 5413 sacro
2929 5354 3106 5408 lutere
3145 5350 3508 5412 ascendisset,
3542 5360 3669 5401 mox

2091 5454 2453 5510 Homericum
2488 5451 2624 5509 illud
2655 5464 2879 5505 carmen
2914 5446 3081 5518 impie
3101 5443 3301 5500 cecinit
3331 5458 3345 5495 :

2178 5633 2321 5703 Ajaa:
2344 5624 2519 5686 autem
2560 5629 2826 5699 disperiit,
2860 5643 2984 5681 nam
3008 5625 3211 5679 salsam
3244 5621 3371 5676 bibit
3411 5636 3637 5691 aquam-

2155 5723 2309 5779 llane
2353 5742 2484 5793 ergo
2518 5718 2880 5779 sacramentis
2913 5717 3161 5772 initiatus
3189 5714 3331 5787 apud
3364 5729 3423 5768 sc
3468 5713 3664 5791 ίιιιριοτ

2082 5822 2246 5877 tatem
2276 5821 2580 5888 occultans,
2610 5813 2953 5872 Christianos
2985 5809 3289 5878 deridebat,
3317 5801 3653 5881 quasiClirL
