  <div class='ocr_page' id='page_1' title='image "/cluster/home/n/w/nwhite01/storage/ocr_20150623/87 pt.3 1965/mdp.39015012172931/395.png"; bbox 0 0 4060 6236; ppageno 0'>
   <div class='ocr_carea' id='block_1_1' title="bbox 430 307 570 371">
    <p class='ocr_par' dir='ltr' id='par_1_1' title="bbox 430 307 570 371">
     <span class='ocr_line' id='line_1_1' title="bbox 430 307 570 371; baseline 0 -1"><span class='ocrx_word' id='word_1_1' title='bbox 430 307 570 371; x_wconf 68' lang='lat'><strong>3515</strong></span> 
     </span>
    </p>
   </div>
   <div class='ocr_carea' id='block_1_2' title="bbox 1337 311 2808 385">
    <p class='ocr_par' dir='ltr' id='par_1_2' title="bbox 1337 311 2808 385">
     <span class='ocr_line' id='line_1_2' title="bbox 1337 311 2808 385; baseline 0.004 -7"><span class='ocrx_word' id='word_1_2' title='bbox 1337 311 1398 380; x_wconf 90' lang='lat' dir='ltr'><strong>S.</strong></span> <span class='ocrx_word' id='word_1_3' title='bbox 1431 319 1617 381; x_wconf 83' lang='lat' dir='ltr'><strong>SOPI]</strong></span> <span class='ocrx_word' id='word_1_4' title='bbox 1630 321 1782 382; x_wconf 77' lang='lat' dir='ltr'><strong>RON</strong></span> <span class='ocrx_word' id='word_1_5' title='bbox 1790 320 1848 382; x_wconf 89' lang='lat' dir='ltr'><strong>II</strong></span> <span class='ocrx_word' id='word_1_6' title='bbox 1882 323 2384 384; x_wconf 60' lang='lat' dir='ltr'><strong>PATRIARCl-LE</strong></span> <span class='ocrx_word' id='word_1_7' title='bbox 2410 319 2808 385; x_wconf 77' lang='lat' dir='ltr'><strong>lIlEROSOL.</strong></span> 
     </span>
    </p>
   </div>
   <div class='ocr_carea' id='block_1_3' title="bbox 3549 319 3686 386">
    <p class='ocr_par' dir='ltr' id='par_1_3' title="bbox 3549 319 3686 386">
     <span class='ocr_line' id='line_1_3' title="bbox 3549 319 3686 386; baseline 0.015 -3"><span class='ocrx_word' id='word_1_8' title='bbox 3549 319 3686 386; x_wconf 80' lang='lat'><strong>3516</strong></span> 
     </span>
    </p>
   </div>
   <div class='ocr_carea' id='block_1_4' title="bbox 425 417 1987 506">
    <p class='ocr_par' dir='ltr' id='par_1_4' title="bbox 425 417 1987 506">
     <span class='ocr_line' id='line_1_4' title="bbox 425 417 1987 506; baseline 0.013 -38"><span class='ocrx_word' id='word_1_9' title='bbox 425 428 570 470; x_wconf 67' lang='lat' dir='ltr'><strong>suum</strong></span> <span class='ocrx_word' id='word_1_10' title='bbox 596 417 1046 478; x_wconf 74' lang='lat' dir='ltr'><strong>irrationabiliter</strong></span> <span class='ocrx_word' id='word_1_11' title='bbox 1071 424 1227 481; x_wconf 84' lang='lat' dir='ltr'><strong>valde</strong></span> <span class='ocrx_word' id='word_1_12' title='bbox 1257 428 1527 497; x_wconf 86' lang='lat' dir='ltr'><strong>colentes,</strong></span> <span class='ocrx_word' id='word_1_13' title='bbox 1555 442 1610 486; x_wconf 87' lang='lat' dir='ltr'><strong>et</strong></span> <span class='ocrx_word' id='word_1_14' title='bbox 1641 434 1842 490; x_wconf 82' lang='lat' dir='ltr'><strong>divinis</strong></span> <span class='ocrx_word' id='word_1_15' title='bbox 1885 435 1987 506; x_wconf 67' lang='lat' dir='ltr'><strong>ejus</strong></span> 
     </span>
    </p>
   </div>
   <div class='ocr_carea' id='block_1_5' title="bbox 2086 417 3678 506">
    <p class='ocr_par' dir='ltr' id='par_1_5' title="bbox 2112 433 3678 506">
     <span class='ocr_line' id='line_1_5' title="bbox 2112 433 3678 506; baseline -0.001 -18"><span class='ocrx_word' id='word_1_16' title='bbox 2112 437 2382 500; x_wconf 76' lang='grc' dir='ltr'>στιανοὺς,</span> <span class='ocrx_word' id='word_1_17' title='bbox 2415 435 2490 498; x_wconf 84' lang='grc' dir='ltr'>ὡς</span> <span class='ocrx_word' id='word_1_18' title='bbox 2511 435 2601 488; x_wconf 70' lang='grc' dir='ltr'><strong>τὸν</strong></span> <span class='ocrx_word' id='word_1_19' title='bbox 2627 435 2862 506; x_wconf 83' lang='grc' dir='ltr'>Χριστὸν</span> <span class='ocrx_word' id='word_1_20' title='bbox 2895 433 3518 503; x_wconf 76' lang='grc' dir='ltr'>άλογώτατα¹σέ6οντα;,</span> <span class='ocrx_word' id='word_1_21' title='bbox 3585 433 3678 487; x_wconf 65' lang='grc' dir='ltr'>καὶ</span> 
     </span>
    </p>
   </div>
   <div class='ocr_carea' id='block_1_6' title="bbox 429 505 2004 588">
    <p class='ocr_par' dir='ltr' id='par_1_6' title="bbox 429 505 2004 588">
     <span class='ocr_line' id='line_1_6' title="bbox 429 505 2004 588; baseline 0.017 -30"><span class='ocrx_word' id='word_1_22' title='bbox 429 505 640 576; x_wconf 73' lang='lat' dir='ltr'><strong>legibus</strong></span> <span class='ocrx_word' id='word_1_23' title='bbox 673 513 997 578; x_wconf 82' lang='lat' dir='ltr'><strong>servientes.</strong></span> <span class='ocrx_word' id='word_1_24' title='bbox 1029 517 1246 588; x_wconf 87' lang='lat' dir='ltr'><strong>aliaque</strong></span> <span class='ocrx_word' id='word_1_25' title='bbox 1285 522 1456 576; x_wconf 86' lang='lat' dir='ltr'><strong>multa</strong></span> <span class='ocrx_word' id='word_1_26' title='bbox 1502 524 1841 582; x_wconf 85' lang='lat' dir='ltr'><strong>detestantcr</strong></span> <span class='ocrx_word' id='word_1_27' title='bbox 1875 544 2004 583; x_wconf 85' lang='lat' dir='ltr'><strong>eru-</strong></span> 
     </span>
    </p>
   </div>
   <div class='ocr_carea' id='block_1_7' title="bbox 426 601 2000 676">
    <p class='ocr_par' dir='ltr' id='par_1_7' title="bbox 426 601 2000 676">
     <span class='ocr_line' id='line_1_7' title="bbox 426 601 2000 676; baseline 0.017 -26"><span class='ocrx_word' id='word_1_28' title='bbox 426 611 606 664; x_wconf 85' lang='lat' dir='ltr'><strong>ctans.</strong></span> <span class='ocrx_word' id='word_1_29' title='bbox 655 612 709 657; x_wconf 88' lang='lat' dir='ltr'><strong>et</strong></span> <span class='ocrx_word' id='word_1_30' title='bbox 752 601 819 658; x_wconf 90' lang='lat' dir='ltr'><strong>de</strong></span> <span class='ocrx_word' id='word_1_31' title='bbox 871 607 1016 661; x_wconf 82' lang='lat' dir='ltr'><strong>malo</strong></span> <span class='ocrx_word' id='word_1_32' title='bbox 1057 609 1247 666; x_wconf 83' lang='lat' dir='ltr'><strong>cordis</strong></span> <span class='ocrx_word' id='word_1_33' title='bbox 1280 615 1364 668; x_wconf 90' lang='lat' dir='ltr'><strong>sui</strong></span> <span class='ocrx_word' id='word_1_34' title='bbox 1402 615 1662 672; x_wconf 88' lang='lat' dir='ltr'><strong>thesauro</strong></span> <span class='ocrx_word' id='word_1_35' title='bbox 1685 620 1852 674; x_wconf 83' lang='lat' dir='ltr'><strong>verba</strong></span> <span class='ocrx_word' id='word_1_36' title='bbox 1892 637 2000 676; x_wconf 89' lang='lat' dir='ltr'><strong>non</strong></span> 
     </span>
    </p>
   </div>
   <div class='ocr_carea' id='block_1_8' title="bbox 431 688 2001 766">
    <p class='ocr_par' dir='ltr' id='par_1_8' title="bbox 431 688 2001 766">
     <span class='ocr_line' id='line_1_8' title="bbox 431 688 2001 766; baseline 0.015 -23"><span class='ocrx_word' id='word_1_37' title='bbox 431 688 570 744; x_wconf 88' lang='lat' dir='ltr'><strong>bona</strong></span> <span class='ocrx_word' id='word_1_38' title='bbox 612 691 965 764; x_wconf 87' lang='lat' dir='ltr'><strong>depromens,</strong></span> <span class='ocrx_word' id='word_1_39' title='bbox 1009 713 1073 752; x_wconf 78' lang='lat' dir='ltr'><strong>ex</strong></span> <span class='ocrx_word' id='word_1_40' title='bbox 1107 701 1294 758; x_wconf 82' lang='lat' dir='ltr'><strong>cordis</strong></span> <span class='ocrx_word' id='word_1_41' title='bbox 1336 707 1482 760; x_wconf 89' lang='lat' dir='ltr'><strong>enim</strong></span> <span class='ocrx_word' id='word_1_42' title='bbox 1527 709 1798 764; x_wconf 70' lang='lat' dir='ltr'><strong>veraciter</strong></span> <span class='ocrx_word' id='word_1_43' title='bbox 1827 713 2001 766; x_wconf 88' lang='lat' dir='ltr'><strong>abun-</strong></span> 
     </span>
    </p>
   </div>
   <div class='ocr_carea' id='block_1_9' title="bbox 427 779 2002 858">
    <p class='ocr_par' dir='ltr' id='par_1_9' title="bbox 427 779 2002 858">
     <span class='ocr_line' id='line_1_9' title="bbox 427 779 2002 858; baseline 0.016 -25"><span class='ocrx_word' id='word_1_44' title='bbox 427 779 614 836; x_wconf 80' lang='lat' dir='ltr'><strong>dantia</strong></span> <span class='ocrx_word' id='word_1_45' title='bbox 668 801 730 841; x_wconf 91' lang='lat' dir='ltr'><strong>os</strong></span> <span class='ocrx_word' id='word_1_46' title='bbox 776 787 1022 858; x_wconf 72' lang='lat' dir='ltr'><strong>loquitur</strong></span> <span class='ocrx_word' id='word_1_47' title='bbox 1054 802 1108 845; x_wconf 89' lang='lat' dir='ltr'><strong>et</strong></span> <span class='ocrx_word' id='word_1_48' title='bbox 1145 793 1366 850; x_wconf 81' lang='lat' dir='ltr'><strong>eﬂ&#39;atur.</strong></span> <span class='ocrx_word' id='word_1_49' title='bbox 1409 797 1700 854; x_wconf 86' lang='lat' dir='ltr'><strong>Deridebnt</strong></span> <span class='ocrx_word' id='word_1_50' title='bbox 1735 811 1914 858; x_wconf 89' lang='lat' dir='ltr'><strong>autem</strong></span> <span class='ocrx_word' id='word_1_51' title='bbox 1947 815 2002 858; x_wconf 89' lang='lat' dir='ltr'><strong>et</strong></span> 
     </span>
    </p>
   </div>
   <div class='ocr_carea' id='block_1_10' title="bbox 423 873 2001 962">
    <p class='ocr_par' dir='ltr' id='par_1_10' title="bbox 423 873 2001 962">
     <span class='ocr_line' id='line_1_10' title="bbox 423 873 2001 962; baseline 0.017 -37"><span class='ocrx_word' id='word_1_52' title='bbox 423 873 626 943; x_wconf 78' lang='lat' dir='ltr'><strong>Cyrum</strong></span> <span class='ocrx_word' id='word_1_53' title='bbox 677 889 839 948; x_wconf 86' lang='lat' dir='ltr'><strong>atque</strong></span> <span class='ocrx_word' id='word_1_54' title='bbox 879 880 1143 940; x_wconf 82' lang='lat' dir='ltr'><strong>Joannem</strong></span> <span class='ocrx_word' id='word_1_55' title='bbox 1197 897 1488 961; x_wconf 75' lang='lat' dir='ltr'><strong>martyres,</strong></span> <span class='ocrx_word' id='word_1_56' title='bbox 1545 894 1703 962; x_wconf 85' lang='lat' dir='ltr'><strong>quasi</strong></span> <span class='ocrx_word' id='word_1_57' title='bbox 1763 911 1830 951; x_wconf 79' lang='lat' dir='ltr'><strong>ex</strong></span> <span class='ocrx_word' id='word_1_58' title='bbox 1883 905 2001 953; x_wconf 73' lang='lat' dir='ltr'><strong>arte</strong></span> 
     </span>
    </p>
   </div>
   <div class='ocr_carea' id='block_1_11' title="bbox 427 966 1998 1050">
    <p class='ocr_par' dir='ltr' id='par_1_11' title="bbox 427 966 1998 1050">
     <span class='ocr_line' id='line_1_11' title="bbox 427 966 1998 1050; baseline 0.017 -32"><span class='ocrx_word' id='word_1_59' title='bbox 427 966 736 1024; x_wconf 85' lang='lat' dir='ltr'><strong>mcdicinali</strong></span> <span class='ocrx_word' id='word_1_60' title='bbox 779 973 1058 1030; x_wconf 83' lang='lat' dir='ltr'><strong>hominum</strong></span> <span class='ocrx_word' id='word_1_61' title='bbox 1089 979 1378 1049; x_wconf 77' lang='lat' dir='ltr'><strong>lnnguores</strong></span> <span class='ocrx_word' id='word_1_62' title='bbox 1403 998 1681 1050; x_wconf 64' lang='lat' dir='ltr'><strong>curantes,</strong></span> <span class='ocrx_word' id='word_1_63' title='bbox 1713 997 1767 1042; x_wconf 91' lang='lat' dir='ltr'><strong>et</strong></span> <span class='ocrx_word' id='word_1_64' title='bbox 1803 1004 1912 1043; x_wconf 91' lang='lat' dir='ltr'><strong>non</strong></span> <span class='ocrx_word' id='word_1_65' title='bbox 1933 1008 1998 1045; x_wconf 78' lang='lat' dir='ltr'><strong>ex</strong></span> 
     </span>
    </p>
   </div>
   <div class='ocr_carea' id='block_1_12' title="bbox 425 1059 1997 1140">
    <p class='ocr_par' dir='ltr' id='par_1_12' title="bbox 425 1059 1997 1140">
     <span class='ocr_line' id='line_1_12' title="bbox 425 1059 1997 1140; baseline 0.018 -32"><span class='ocrx_word' id='word_1_66' title='bbox 425 1059 609 1115; x_wconf 85' lang='lat' dir='ltr'><strong>divina</strong></span> <span class='ocrx_word' id='word_1_67' title='bbox 663 1063 900 1131; x_wconf 82' lang='lat' dir='ltr'><strong>quadam</strong></span> <span class='ocrx_word' id='word_1_68' title='bbox 935 1079 990 1122; x_wconf 93' lang='lat' dir='ltr'><strong>et</strong></span> <span class='ocrx_word' id='word_1_69' title='bbox 1022 1085 1266 1140; x_wconf 84' lang='lat' dir='ltr'><strong>superna</strong></span> <span class='ocrx_word' id='word_1_70' title='bbox 1295 1073 1516 1130; x_wconf 87' lang='lat' dir='ltr'><strong>virtute.</strong></span> <span class='ocrx_word' id='word_1_71' title='bbox 1544 1075 1680 1131; x_wconf 88' lang='lat' dir='ltr'><strong>Cum</strong></span> <span class='ocrx_word' id='word_1_72' title='bbox 1725 1080 1870 1134; x_wconf 91' lang='lat' dir='ltr'><strong>enim</strong></span> <span class='ocrx_word' id='word_1_73' title='bbox 1899 1097 1997 1136; x_wconf 83' lang='lat' dir='ltr'><strong>au-</strong></span> 
     </span>
    </p>
   </div>
   <div class='ocr_carea' id='block_1_13' title="bbox 421 1151 1996 1242">
    <p class='ocr_par' dir='ltr' id='par_1_13' title="bbox 421 1151 1996 1242">
     <span class='ocr_line' id='line_1_13' title="bbox 421 1151 1996 1242; baseline 0.016 -38"><span class='ocrx_word' id='word_1_74' title='bbox 421 1151 564 1206; x_wconf 77' lang='lat' dir='ltr'><strong>diret</strong></span> <span class='ocrx_word' id='word_1_75' title='bbox 599 1153 830 1212; x_wconf 81' lang='lat' dir='ltr'><strong>inﬁrmis</strong></span> <span class='ocrx_word' id='word_1_76' title='bbox 859 1160 926 1214; x_wconf 87' lang='lat' dir='ltr'><strong>ab</strong></span> <span class='ocrx_word' id='word_1_77' title='bbox 951 1161 1033 1216; x_wconf 83' lang='lat' dir='ltr'><strong>eis</strong></span> <span class='ocrx_word' id='word_1_78' title='bbox 1067 1163 1430 1220; x_wconf 82' lang='lat' dir='ltr'><strong>medicamina</strong></span> <span class='ocrx_word' id='word_1_79' title='bbox 1455 1170 1696 1238; x_wconf 69' lang='lat' dir='ltr'><strong>praecipi,</strong></span> <span class='ocrx_word' id='word_1_80' title='bbox 1727 1187 1846 1241; x_wconf 72' lang='lat' dir='ltr'><strong>quae</strong></span> <span class='ocrx_word' id='word_1_81' title='bbox 1869 1189 1996 1242; x_wconf 78' lang='lat' dir='ltr'><strong>par-</strong></span> 
     </span>
    </p>
   </div>
   <div class='ocr_carea' id='block_1_14' title="bbox 426 1243 1992 1328">
    <p class='ocr_par' dir='ltr' id='par_1_14' title="bbox 426 1243 1992 1328">
     <span class='ocr_line' id='line_1_14' title="bbox 426 1243 1992 1328; baseline 0.017 -34"><span class='ocrx_word' id='word_1_82' title='bbox 426 1243 520 1295; x_wconf 89' lang='lat' dir='ltr'><strong>tim</strong></span> <span class='ocrx_word' id='word_1_83' title='bbox 553 1251 607 1298; x_wconf 81' lang='lat' dir='ltr'><strong>et</strong></span> <span class='ocrx_word' id='word_1_84' title='bbox 639 1261 736 1301; x_wconf 87' lang='lat' dir='ltr'><strong>nos</strong></span> <span class='ocrx_word' id='word_1_85' title='bbox 765 1265 986 1320; x_wconf 89' lang='lat' dir='ltr'><strong>quoque</strong></span> <span class='ocrx_word' id='word_1_86' title='bbox 1029 1268 1194 1322; x_wconf 83' lang='lat' dir='ltr'><strong>supra</strong></span> <span class='ocrx_word' id='word_1_87' title='bbox 1222 1257 1635 1328; x_wconf 84' lang='lat' dir='ltr'><strong>descripsimus,</strong></span> <span class='ocrx_word' id='word_1_88' title='bbox 1661 1263 1992 1321; x_wconf 87' lang='lat' dir='ltr'><strong>medicorum</strong></span> 
     </span>
    </p>
   </div>
   <div class='ocr_carea' id='block_1_15' title="bbox 419 1332 1994 1429">
    <p class='ocr_par' dir='ltr' id='par_1_15' title="bbox 419 1332 1994 1429">
     <span class='ocr_line' id='line_1_15' title="bbox 419 1332 1994 1429; baseline 0.018 -45"><span class='ocrx_word' id='word_1_89' title='bbox 419 1332 537 1387; x_wconf 75' lang='lat' dir='ltr'><strong>haec</strong></span> <span class='ocrx_word' id='word_1_90' title='bbox 564 1335 678 1391; x_wconf 81' lang='lat' dir='ltr'><strong>fore</strong></span> <span class='ocrx_word' id='word_1_91' title='bbox 709 1335 1022 1412; x_wconf 67' lang='lat' dir='ltr'><strong>magisteria</strong></span> <span class='ocrx_word' id='word_1_92' title='bbox 1049 1347 1408 1416; x_wconf 83' lang='lat' dir='ltr'><strong>praedicabat;</strong></span> <span class='ocrx_word' id='word_1_93' title='bbox 1439 1359 1493 1407; x_wconf 86' lang='lat' dir='ltr'><strong>et</strong></span> <span class='ocrx_word' id='word_1_94' title='bbox 1515 1353 1616 1408; x_wconf 89' lang='lat' dir='ltr'><strong>hoc</strong></span> <span class='ocrx_word' id='word_1_95' title='bbox 1631 1355 1850 1423; x_wconf 88' lang='lat' dir='ltr'><strong>quidem</strong></span> <span class='ocrx_word' id='word_1_96' title='bbox 1871 1358 1994 1429; x_wconf 88' lang='lat' dir='ltr'><strong>bip-</strong></span> 
     </span>
    </p>
   </div>
   <div class='ocr_carea' id='block_1_16' title="bbox 388 1421 1991 1516">
    <p class='ocr_par' dir='ltr' id='par_1_16' title="bbox 388 1421 1991 1516">
     <span class='ocr_line' id='line_1_16' title="bbox 388 1421 1991 1516; baseline 0.022 -48"><span class='ocrx_word' id='word_1_97' title='bbox 388 1421 760 1494; x_wconf 72' lang='lat' dir='ltr'><strong>&quot;porrattwm</strong></span> <span class='ocrx_word' id='word_1_98' title='bbox 791 1427 1007 1484; x_wconf 82' lang='lat' dir='ltr'><strong>dicebat</strong></span> <span class='ocrx_word' id='word_1_99' title='bbox 1031 1435 1320 1502; x_wconf 77' lang='lat' dir='ltr'><strong>auxilium,</strong></span> <span class='ocrx_word' id='word_1_100' title='bbox 1344 1438 1459 1495; x_wconf 72' lang='lat' dir='ltr'><strong>haec</strong></span> <span class='ocrx_word' id='word_1_101' title='bbox 1487 1443 1631 1496; x_wconf 89' lang='lat' dir='ltr'><strong>enim</strong></span> <span class='ocrx_word' id='word_1_102' title='bbox 1659 1445 1910 1516; x_wconf 76' lang='lat' dir='ltr'><strong>inquiens</strong></span> <span class='ocrx_word' id='word_1_103' title='bbox 1938 1451 1991 1505; x_wconf 91' lang='lat' dir='ltr'><strong>in</strong></span> 
     </span>
    </p>
   </div>
   <div class='ocr_carea' id='block_1_17' title="bbox 423 1509 1991 1604">
    <p class='ocr_par' dir='ltr' id='par_1_17' title="bbox 423 1509 1991 1604">
     <span class='ocr_line' id='line_1_17' title="bbox 423 1509 1991 1604; baseline 0.021 -42"><span class='ocrx_word' id='word_1_104' title='bbox 423 1509 527 1563; x_wconf 82' lang='lat' dir='ltr'><strong>hoc.</strong></span> <span class='ocrx_word' id='word_1_105' title='bbox 569 1513 832 1571; x_wconf 88' lang='lat' dir='ltr'><strong>dicuntur</strong></span> <span class='ocrx_word' id='word_1_106' title='bbox 864 1523 1214 1594; x_wconf 74' lang='lat' dir='ltr'><strong>coxiscripta;</strong></span> <span class='ocrx_word' id='word_1_107' title='bbox 1249 1525 1351 1582; x_wconf 90' lang='lat' dir='ltr'><strong>hoc</strong></span> <span class='ocrx_word' id='word_1_108' title='bbox 1382 1545 1510 1586; x_wconf 89' lang='lat' dir='ltr'><strong>vero</strong></span> <span class='ocrx_word' id='word_1_109' title='bbox 1547 1537 1851 1604; x_wconf 74' lang='lat' dir='ltr'><strong>gate-nicum</strong></span> <span class='ocrx_word' id='word_1_110' title='bbox 1895 1554 1991 1594; x_wconf 87' lang='lat' dir='ltr'><strong>vo-</strong></span> 
     </span>
    </p>
   </div>
   <div class='ocr_carea' id='block_1_18' title="bbox 417 1598 1990 1688">
    <p class='ocr_par' dir='ltr' id='par_1_18' title="bbox 417 1598 1990 1688">
     <span class='ocr_line' id='line_1_18' title="bbox 417 1598 1990 1688; baseline 0.022 -40"><span class='ocrx_word' id='word_1_111' title='bbox 417 1598 585 1652; x_wconf 65' lang='lat' dir='ltr'><strong>cabat</strong></span> <span class='ocrx_word' id='word_1_112' title='bbox 627 1605 1106 1676; x_wconf 83' lang='lat' dir='ltr'><strong>medicamentum,</strong></span> <span class='ocrx_word' id='word_1_113' title='bbox 1152 1621 1207 1666; x_wconf 88' lang='lat' dir='ltr'><strong>et</strong></span> <span class='ocrx_word' id='word_1_114' title='bbox 1266 1617 1316 1669; x_wconf 91' lang='lat' dir='ltr'><strong>in</strong></span> <span class='ocrx_word' id='word_1_115' title='bbox 1367 1616 1469 1673; x_wconf 92' lang='lat' dir='ltr'><strong>hoc</strong></span> <span class='ocrx_word' id='word_1_116' title='bbox 1508 1598 1693 1688; x_wconf 60' lang='lat' dir='ltr'><strong>jacere</strong></span> <span class='ocrx_word' id='word_1_117' title='bbox 1737 1639 1990 1684; x_wconf 75' lang='lat' dir='ltr'><strong>sermone</strong></span> 
     </span>
    </p>
   </div>
   <div class='ocr_carea' id='block_1_19' title="bbox 328 1695 1988 1775">
    <p class='ocr_par' dir='ltr' id='par_1_19' title="bbox 328 1695 1988 1775">
     <span class='ocr_line' id='line_1_19' title="bbox 328 1695 1988 1775; baseline 0.023 -37"><span class='ocrx_word' id='word_1_118' title='bbox 328 1717 337 1724; x_wconf 97' lang='lat'><strong><em>-</em></strong></span> <span class='ocrx_word' id='word_1_119' title='bbox 423 1695 846 1762; x_wconf 80' lang='lat' dir='ltr'><strong>pronuntiabat;</strong></span> <span class='ocrx_word' id='word_1_120' title='bbox 875 1701 1020 1756; x_wconf 82' lang='lat' dir='ltr'><strong>aliud</strong></span> <span class='ocrx_word' id='word_1_121' title='bbox 1051 1711 1232 1760; x_wconf 89' lang='lat' dir='ltr'><strong>autem</strong></span> <span class='ocrx_word' id='word_1_122' title='bbox 1252 1706 1677 1768; x_wconf 81' lang='lat' dir='ltr'><strong>Democriticmn</strong></span> <span class='ocrx_word' id='word_1_123' title='bbox 1703 1731 1824 1772; x_wconf 90' lang='lat' dir='ltr'><strong>esse</strong></span> <span class='ocrx_word' id='word_1_124' title='bbox 1854 1719 1988 1775; x_wconf 82' lang='lat' dir='ltr'><strong>refe-</strong></span> 
     </span>
    </p>
   </div>
   <div class='ocr_carea' id='block_1_20' title="bbox 2105 527 3686 596">
    <p class='ocr_par' dir='ltr' id='par_1_20' title="bbox 2105 527 3686 596">
     <span class='ocr_line' id='line_1_20' title="bbox 2105 527 3686 596; baseline 0.001 -16"><span class='ocrx_word' id='word_1_125' title='bbox 2105 531 2216 590; x_wconf 84' lang='grc' dir='ltr'>τοῖς</span> <span class='ocrx_word' id='word_1_126' title='bbox 2245 527 2448 591; x_wconf 79' lang='grc' dir='ltr'>ἐνθέοις</span> <span class='ocrx_word' id='word_1_127' title='bbox 2473 527 2636 580; x_wconf 79' lang='grc' dir='ltr'>αὐτοῦ</span> <span class='ocrx_word' id='word_1_128' title='bbox 2678 529 2862 596; x_wconf 77' lang='grc' dir='ltr'>νόμοις</span> <span class='ocrx_word' id='word_1_129' title='bbox 2886 528 3254 595; x_wconf 85' lang='grc' dir='ltr'>δουλεύοντας,</span> <span class='ocrx_word' id='word_1_130' title='bbox 3278 529 3410 583; x_wconf 78' lang='grc' dir='ltr'>ἀλλα</span> <span class='ocrx_word' id='word_1_131' title='bbox 3438 546 3498 582; x_wconf 87' lang='grc' dir='ltr'><strong>τε</strong></span> <span class='ocrx_word' id='word_1_132' title='bbox 3516 529 3686 582; x_wconf 66' lang='grc' dir='ltr'>πολλὰ</span> 
     </span>
    </p>
   </div>
   <div class='ocr_carea' id='block_1_21' title="bbox 2107 619 3683 691">
    <p class='ocr_par' dir='ltr' id='par_1_21' title="bbox 2107 619 3683 691">
     <span class='ocr_line' id='line_1_21' title="bbox 2107 619 3683 691; baseline 0.002 -19"><span class='ocrx_word' id='word_1_133' title='bbox 2107 619 2374 689; x_wconf 77' lang='grc' dir='ltr'><strong>βδελυρῶς</strong></span> <span class='ocrx_word' id='word_1_134' title='bbox 2426 619 2808 691; x_wconf 67' lang='grc' dir='ltr'>ἐρευγόμενος,</span> <span class='ocrx_word' id='word_1_135' title='bbox 2846 621 2956 673; x_wconf 80' lang='grc' dir='ltr'><strong>κάκ</strong></span> <span class='ocrx_word' id='word_1_136' title='bbox 2983 619 3075 672; x_wconf 85' lang='grc' dir='ltr'><strong>τοῦ</strong></span> <span class='ocrx_word' id='word_1_137' title='bbox 3111 619 3348 691; x_wconf 77' lang='grc' dir='ltr'>πονηροῦ</span> <span class='ocrx_word' id='word_1_138' title='bbox 3386 621 3484 690; x_wconf 80' lang='grc' dir='ltr'>τῆς</span> <span class='ocrx_word' id='word_1_139' title='bbox 3542 635 3683 689; x_wconf 71' lang='grc' dir='ltr'>καρι-</span> 
     </span>
    </p>
   </div>
   <div class='ocr_carea' id='block_1_22' title="bbox 2103 711 3672 784">
    <p class='ocr_par' dir='ltr' id='par_1_22' title="bbox 2103 711 3672 784">
     <span class='ocr_line' id='line_1_22' title="bbox 2103 711 3672 784; baseline 0 -20"><span class='ocrx_word' id='word_1_140' title='bbox 2103 711 2221 775; x_wconf 84' lang='grc' dir='ltr'>δίας</span> <span class='ocrx_word' id='word_1_141' title='bbox 2269 711 2543 782; x_wconf 88' lang='grc' dir='ltr'>θησαυροῦ</span> <span class='ocrx_word' id='word_1_142' title='bbox 2578 712 2645 764; x_wconf 76' lang='grc' dir='ltr'><strong>τά</strong></span> <span class='ocrx_word' id='word_1_143' title='bbox 2705 712 2916 782; x_wconf 69' lang='grc' dir='ltr'>πονηρά</span> <span class='ocrx_word' id='word_1_144' title='bbox 2965 713 3376 783; x_wconf 64' lang='grc' dir='ltr'><strong>προφερόμενος</strong></span> <span class='ocrx_word' id='word_1_145' title='bbox 3408 714 3630 784; x_wconf 76' lang='grc' dir='ltr'>ῥήματα</span> <span class='ocrx_word' id='word_1_146' title='bbox 3659 727 3672 740; x_wconf 73' lang='grc'><strong>⁸</strong></span> 
     </span>
    </p>
   </div>
   <div class='ocr_carea' id='block_1_23' title="bbox 2103 799 3682 874">
    <p class='ocr_par' dir='ltr' id='par_1_23' title="bbox 2103 799 3682 874">
     <span class='ocr_line' id='line_1_23' title="bbox 2103 799 3682 874; baseline 0.002 -21"><span class='ocrx_word' id='word_1_147' title='bbox 2103 801 2212 853; x_wconf 79' lang='grc' dir='ltr'><strong>ἀπὸ</strong></span> <span class='ocrx_word' id='word_1_148' title='bbox 2232 801 2340 872; x_wconf 70' lang='grc' dir='ltr'><strong>γὰρ</strong></span> <span class='ocrx_word' id='word_1_149' title='bbox 2371 799 2466 854; x_wconf 82' lang='grc' dir='ltr'><strong>τοῦ</strong></span> <span class='ocrx_word' id='word_1_150' title='bbox 2494 801 2590 870; x_wconf 82' lang='grc' dir='ltr'>τῆς</span> <span class='ocrx_word' id='word_1_151' title='bbox 2624 801 2851 872; x_wconf 78' lang='grc' dir='ltr'><strong>καρδίας</strong></span> <span class='ocrx_word' id='word_1_152' title='bbox 2879 801 3095 872; x_wconf 77' lang='grc' dir='ltr'>ἀληθῶς</span> <span class='ocrx_word' id='word_1_153' title='bbox 3139 802 3601 874; x_wconf 74' lang='grc' dir='ltr'><strong>περισσεύματος,</strong></span> <span class='ocrx_word' id='word_1_154' title='bbox 3620 803 3682 856; x_wconf 70' lang='grc' dir='ltr'>τὸ</span> 
     </span>
    </p>
   </div>
   <div class='ocr_carea' id='block_1_24' title="bbox 2103 891 3682 965">
    <p class='ocr_par' dir='ltr' id='par_1_24' title="bbox 2103 891 3682 965">
     <span class='ocr_line' id='line_1_24' title="bbox 2103 891 3682 965; baseline 0.001 -21"><span class='ocrx_word' id='word_1_155' title='bbox 2103 891 2275 962; x_wconf 82' lang='grc' dir='ltr'>στόμα</span> <span class='ocrx_word' id='word_1_156' title='bbox 2303 891 2454 945; x_wconf 90' lang='grc' dir='ltr'>λαλεί</span> <span class='ocrx_word' id='word_1_157' title='bbox 2494 907 2551 946; x_wconf 88' lang='grc' dir='ltr'><strong>τε</strong></span> <span class='ocrx_word' id='word_1_158' title='bbox 2582 892 2674 945; x_wconf 73' lang='grc' dir='ltr'><strong>καὶ</strong></span> <span class='ocrx_word' id='word_1_159' title='bbox 2727 893 3050 963; x_wconf 74' lang='grc' dir='ltr'>φθέγγεται.</span> <span class='ocrx_word' id='word_1_160' title='bbox 3109 893 3422 965; x_wconf 74' lang='grc' dir='ltr'>Ἐκωμῲδει</span> <span class='ocrx_word' id='word_1_161' title='bbox 3476 894 3532 947; x_wconf 77' lang='grc' dir='ltr'><strong>δὲ</strong></span> <span class='ocrx_word' id='word_1_162' title='bbox 3587 895 3682 948; x_wconf 73' lang='grc' dir='ltr'><strong>καὶ</strong></span> 
     </span>
    </p>
   </div>
   <div class='ocr_carea' id='block_1_25' title="bbox 2101 980 3765 1058">
    <p class='ocr_par' dir='ltr' id='par_1_25' title="bbox 2101 980 3765 1058">
     <span class='ocr_line' id='line_1_25' title="bbox 2101 980 3765 1058; baseline 0.002 -23"><span class='ocrx_word' id='word_1_163' title='bbox 2101 980 2282 1053; x_wconf 84' lang='grc' dir='ltr'>Κῦρον</span> <span class='ocrx_word' id='word_1_164' title='bbox 2341 983 2434 1036; x_wconf 69' lang='grc' dir='ltr'><strong>καὶ</strong></span> <span class='ocrx_word' id='word_1_165' title='bbox 2479 983 2730 1054; x_wconf 77' lang='grc' dir='ltr'><strong>Ἰωάννην</strong></span> <span class='ocrx_word' id='word_1_166' title='bbox 2769 985 2896 1050; x_wconf 68' lang='grc' dir='ltr'>τοὺς</span> <span class='ocrx_word' id='word_1_167' title='bbox 2947 984 3236 1058; x_wconf 79' lang='grc' dir='ltr'>μάρτυρας</span> <span class='ocrx_word' id='word_1_168' title='bbox 3281 983 3357 1047; x_wconf 81' lang='grc' dir='ltr'>ὡς</span> <span class='ocrx_word' id='word_1_169' title='bbox 3387 986 3450 1038; x_wconf 82' lang='grc' dir='ltr'><strong>ἐκ</strong></span> <span class='ocrx_word' id='word_1_170' title='bbox 3485 985 3680 1056; x_wconf 83' lang='grc' dir='ltr'>τέχνης</span> <span class='ocrx_word' id='word_1_171' title='bbox 3755 1025 3765 1032; x_wconf 83' lang='grc'><strong>-</strong></span> 
     </span>
    </p>
   </div>
   <div class='ocr_carea' id='block_1_26' title="bbox 2087 1073 3677 1147">
    <p class='ocr_par' dir='ltr' id='par_1_26' title="bbox 2087 1073 3677 1147">
     <span class='ocr_line' id='line_1_26' title="bbox 2087 1073 3677 1147; baseline 0.004 -23"><span class='ocrx_word' id='word_1_172' title='bbox 2087 1073 2358 1144; x_wconf 78' lang='grc' dir='ltr'>’ἰατρικῆς</span> <span class='ocrx_word' id='word_1_173' title='bbox 2387 1073 2784 1146; x_wconf 77' lang='grc' dir='ltr'>θεραπεύοντας</span> <span class='ocrx_word' id='word_1_174' title='bbox 2815 1076 2882 1128; x_wconf 77' lang='grc' dir='ltr'>τὰ</span> <span class='ocrx_word' id='word_1_175' title='bbox 2908 1075 3014 1129; x_wconf 89' lang='grc' dir='ltr'><strong>τῶν</strong></span> <span class='ocrx_word' id='word_1_176' title='bbox 3046 1075 3347 1147; x_wconf 81' lang='grc' dir='ltr'>ἀνθρώπων</span> <span class='ocrx_word' id='word_1_177' title='bbox 3373 1077 3677 1147; x_wconf 74' lang='grc' dir='ltr'>νοσήματα,</span> 
     </span>
    </p>
   </div>
   <div class='ocr_carea' id='block_1_27' title="bbox 2099 1163 3676 1240">
    <p class='ocr_par' dir='ltr' id='par_1_27' title="bbox 2099 1163 3676 1240">
     <span class='ocr_line' id='line_1_27' title="bbox 2099 1163 3676 1240; baseline 0.002 -23"><span class='ocrx_word' id='word_1_178' title='bbox 2099 1163 2194 1217; x_wconf 80' lang='grc' dir='ltr'><strong>καὶ</strong></span> <span class='ocrx_word' id='word_1_179' title='bbox 2243 1165 2342 1218; x_wconf 76' lang='grc' dir='ltr'><strong>οὐκ</strong></span> <span class='ocrx_word' id='word_1_180' title='bbox 2396 1167 2461 1220; x_wconf 77' lang='grc' dir='ltr'>ἐκ</span> <span class='ocrx_word' id='word_1_181' title='bbox 2517 1165 2664 1230; x_wconf 83' lang='grc' dir='ltr'>θείας</span> <span class='ocrx_word' id='word_1_182' title='bbox 2685 1167 2826 1230; x_wconf 70' lang='grc' dir='ltr'>τινος</span> <span class='ocrx_word' id='word_1_183' title='bbox 2879 1169 2972 1222; x_wconf 65' lang='grc' dir='ltr'>καὶ</span> <span class='ocrx_word' id='word_1_184' title='bbox 3008 1169 3320 1240; x_wconf 82' lang='grc' dir='ltr'>ὑπερτάτης</span> <span class='ocrx_word' id='word_1_185' title='bbox 3369 1169 3676 1238; x_wconf 76' lang='grc' dir='ltr'>δυνάμεως.</span> 
     </span>
    </p>
   </div>
   <div class='ocr_carea' id='block_1_28' title="bbox 2097 1258 3676 1334">
    <p class='ocr_par' dir='ltr' id='par_1_28' title="bbox 2097 1258 3676 1334">
     <span class='ocr_line' id='line_1_28' title="bbox 2097 1258 3676 1334; baseline 0.002 -23"><span class='ocrx_word' id='word_1_186' title='bbox 2097 1258 2503 1330; x_wconf 83' lang='grc' dir='ltr'>Πυνθανόμενος</span> <span class='ocrx_word' id='word_1_187' title='bbox 2553 1260 2662 1334; x_wconf 82' lang='grc' dir='ltr'>γὰρ</span> <span class='ocrx_word' id='word_1_188' title='bbox 2721 1261 2791 1316; x_wconf 71' lang='grc' dir='ltr'><strong>τά</strong></span> <span class='ocrx_word' id='word_1_189' title='bbox 2822 1263 2934 1325; x_wconf 82' lang='grc' dir='ltr'>τοῖς</span> <span class='ocrx_word' id='word_1_190' title='bbox 2994 1261 3284 1316; x_wconf 79' lang='grc' dir='ltr'><strong>ἀσθενοῦσι</strong></span> <span class='ocrx_word' id='word_1_191' title='bbox 3317 1261 3453 1332; x_wconf 70' lang='grc' dir='ltr'>πρὸς</span> <span class='ocrx_word' id='word_1_192' title='bbox 3497 1260 3676 1315; x_wconf 76' lang='grc' dir='ltr'>αὐτῶν</span> 
     </span>
    </p>
   </div>
   <div class='ocr_carea' id='block_1_29' title="bbox 2096 1349 3676 1424">
    <p class='ocr_par' dir='ltr' id='par_1_29' title="bbox 2096 1349 3676 1424">
     <span class='ocr_line' id='line_1_29' title="bbox 2096 1349 3676 1424; baseline 0.002 -24"><span class='ocrx_word' id='word_1_193' title='bbox 2096 1349 2547 1421; x_wconf 69' lang='grc' dir='ltr'><strong>προσταττόμενα</strong></span> <span class='ocrx_word' id='word_1_194' title='bbox 2577 1351 2864 1423; x_wconf 77' lang='grc' dir='ltr'>φάρμακα,</span> <span class='ocrx_word' id='word_1_195' title='bbox 2893 1350 2930 1406; x_wconf 78' lang='grc' dir='ltr'><strong>ἂ</strong></span> <span class='ocrx_word' id='word_1_196' title='bbox 2957 1352 3050 1406; x_wconf 73' lang='grc' dir='ltr'><strong>καὶ¹</strong></span> <span class='ocrx_word' id='word_1_197' title='bbox 3075 1354 3238 1424; x_wconf 80' lang='grc' dir='ltr'><strong>ἡμεῖς</strong></span> <span class='ocrx_word' id='word_1_198' title='bbox 3269 1351 3517 1424; x_wconf 82' lang='grc' dir='ltr'><strong>μερικῶς</strong></span> <span class='ocrx_word' id='word_1_199' title='bbox 3579 1353 3676 1406; x_wconf 81' lang='grc' dir='ltr'>ἀν-</span> 
     </span>
    </p>
   </div>
   <div class='ocr_carea' id='block_1_30' title="bbox 2095 1439 3674 1516">
    <p class='ocr_par' dir='ltr' id='par_1_30' title="bbox 2095 1439 3674 1516">
     <span class='ocr_line' id='line_1_30' title="bbox 2095 1439 3674 1516; baseline 0.001 -21"><span class='ocrx_word' id='word_1_200' title='bbox 2095 1440 2440 1513; x_wconf 72' lang='grc' dir='ltr'>εγράψαμεν,</span> <span class='ocrx_word' id='word_1_201' title='bbox 2482 1443 2683 1514; x_wconf 90' lang='grc' dir='ltr'>ἰατρῶν</span> <span class='ocrx_word' id='word_1_202' title='bbox 2742 1439 2882 1498; x_wconf 83' lang='grc' dir='ltr'>εἶναι</span> <span class='ocrx_word' id='word_1_203' title='bbox 2927 1443 3102 1500; x_wconf 85' lang='grc' dir='ltr'>ταῦτα</span> <span class='ocrx_word' id='word_1_204' title='bbox 3132 1445 3437 1516; x_wconf 82' lang='grc' dir='ltr'>διδάγματα</span> <span class='ocrx_word' id='word_1_205' title='bbox 3481 1443 3674 1498; x_wconf 83' lang='grc' dir='ltr'>διετεί-</span> 
     </span>
    </p>
   </div>
   <div class='ocr_carea' id='block_1_31' title="bbox 2092 1533 3670 1608">
    <p class='ocr_par' dir='ltr' id='par_1_31' title="bbox 2092 1533 3670 1608">
     <span class='ocr_line' id='line_1_31' title="bbox 2092 1533 3670 1608; baseline 0.003 -20"><span class='ocrx_word' id='word_1_206' title='bbox 2092 1549 2232 1588; x_wconf 77' lang='grc' dir='ltr'>νετοο</span> <span class='ocrx_word' id='word_1_207' title='bbox 2261 1533 2358 1586; x_wconf 77' lang='grc' dir='ltr'><strong>καὶ</strong></span> <span class='ocrx_word' id='word_1_208' title='bbox 2393 1533 2548 1588; x_wconf 88' lang='grc' dir='ltr'>τοῦτο</span> <span class='ocrx_word' id='word_1_209' title='bbox 2575 1533 2674 1605; x_wconf 78' lang='grc' dir='ltr'><strong>μὲν</strong></span> <span class='ocrx_word' id='word_1_210' title='bbox 2699 1535 3110 1606; x_wconf 80' lang='grc' dir='ltr'>Ἱπποκράτειον</span> <span class='ocrx_word' id='word_1_211' title='bbox 3125 1536 3279 1606; x_wconf 72' lang='grc' dir='ltr'>ἔλεγε</span> <span class='ocrx_word' id='word_1_212' title='bbox 3303 1535 3364 1589; x_wconf 72' lang='grc' dir='ltr'>τὸ</span> <span class='ocrx_word' id='word_1_213' title='bbox 3395 1535 3670 1608; x_wconf 75' lang='grc' dir='ltr'><strong>βοήθημα·</strong></span> 
     </span>
    </p>
   </div>
   <div class='ocr_carea' id='block_1_32' title="bbox 2091 1625 3670 1700">
    <p class='ocr_par' dir='ltr' id='par_1_32' title="bbox 2091 1625 3670 1700">
     <span class='ocr_line' id='line_1_32' title="bbox 2091 1625 3670 1700; baseline 0.003 -22"><span class='ocrx_word' id='word_1_214' title='bbox 2091 1627 2218 1680; x_wconf 84' lang='grc' dir='ltr'>τάδε</span> <span class='ocrx_word' id='word_1_215' title='bbox 2253 1625 2360 1698; x_wconf 74' lang='grc' dir='ltr'>γὰρ</span> <span class='ocrx_word' id='word_1_216' title='bbox 2389 1629 2446 1681; x_wconf 81' lang='grc' dir='ltr'>ἐν</span> <span class='ocrx_word' id='word_1_217' title='bbox 2475 1626 2609 1696; x_wconf 80' lang='grc' dir='ltr'><strong>τῷδὲ</strong></span> <span class='ocrx_word' id='word_1_218' title='bbox 2633 1645 2766 1700; x_wconf 71' lang='grc' dir='ltr'>φησι</span> <span class='ocrx_word' id='word_1_219' title='bbox 2794 1625 2874 1699; x_wconf 80' lang='grc' dir='ltr'>τῷ</span> <span class='ocrx_word' id='word_1_220' title='bbox 2930 1627 3326 1700; x_wconf 82' lang='grc' dir='ltr'>συγγράμματι</span> <span class='ocrx_word' id='word_1_221' title='bbox 3357 1643 3369 1658; x_wconf 87' lang='grc'><strong>·</strong></span> <span class='ocrx_word' id='word_1_222' title='bbox 3406 1627 3564 1681; x_wconf 77' lang='grc' dir='ltr'>τοῦτο</span> <span class='ocrx_word' id='word_1_223' title='bbox 3610 1627 3670 1682; x_wconf 71' lang='grc' dir='ltr'>δὲ</span> 
     </span>
    </p>
   </div>
   <div class='ocr_carea' id='block_1_33' title="bbox 2093 1716 3711 1790">
    <p class='ocr_par' dir='ltr' id='par_1_33' title="bbox 2093 1716 3711 1790">
     <span class='ocr_line' id='line_1_33' title="bbox 2093 1716 3711 1790; baseline 0.002 -21"><span class='ocrx_word' id='word_1_224' title='bbox 2093 1716 2383 1788; x_wconf 86' lang='grc' dir='ltr'>Γαλήνειον</span> <span class='ocrx_word' id='word_1_225' title='bbox 2429 1718 2559 1770; x_wconf 83' lang='grc' dir='ltr'>ὲϐόα</span> <span class='ocrx_word' id='word_1_226' title='bbox 2609 1719 2898 1788; x_wconf 80' lang='grc' dir='ltr'>φάρμακον</span> <span class='ocrx_word' id='word_1_227' title='bbox 2925 1760 2942 1784; x_wconf 88' lang='grc'><strong>,</strong></span> <span class='ocrx_word' id='word_1_228' title='bbox 3001 1721 3107 1772; x_wconf 83' lang='grc' dir='ltr'><strong>κάν</strong></span> <span class='ocrx_word' id='word_1_229' title='bbox 3143 1719 3280 1790; x_wconf 80' lang='grc' dir='ltr'>τῷδε</span> <span class='ocrx_word' id='word_1_230' title='bbox 3335 1717 3548 1773; x_wconf 84' lang='grc' dir='ltr'>κεῖσθαι</span> <span class='ocrx_word' id='word_1_231' title='bbox 3591 1719 3670 1789; x_wconf 83' lang='grc' dir='ltr'>τῷ</span> <span class='ocrx_word' id='word_1_232' title='bbox 3707 1777 3711 1780; x_wconf 93' lang='lat'><strong>_</strong></span> 
     </span>
    </p>
   </div>
   <div class='ocr_carea' id='block_1_34' title="bbox 420 1781 1987 1884">
    <p class='ocr_par' dir='ltr' id='par_1_34' title="bbox 420 1781 1987 1867">
     <span class='ocr_line' id='line_1_34' title="bbox 420 1781 1987 1867; baseline 0.022 -34"><span class='ocrx_word' id='word_1_233' title='bbox 420 1781 574 1836; x_wconf 80' lang='lat' dir='ltr'><strong>rebat</strong></span> <span class='ocrx_word' id='word_1_234' title='bbox 607 1787 890 1844; x_wconf 81' lang='lat' dir='ltr'><strong>evidenter</strong></span> <span class='ocrx_word' id='word_1_235' title='bbox 931 1794 1228 1862; x_wconf 89' lang='lat' dir='ltr'><strong>epithema,</strong></span> <span class='ocrx_word' id='word_1_236' title='bbox 1259 1810 1314 1852; x_wconf 91' lang='lat' dir='ltr'><strong>et</strong></span> <span class='ocrx_word' id='word_1_237' title='bbox 1359 1801 1541 1858; x_wconf 91' lang='lat' dir='ltr'><strong>locum</strong></span> <span class='ocrx_word' id='word_1_238' title='bbox 1577 1805 1668 1862; x_wconf 89' lang='lat' dir='ltr'><strong>ubi</strong></span> <span class='ocrx_word' id='word_1_239' title='bbox 1705 1809 1810 1864; x_wconf 89' lang='lat' dir='ltr'><strong>hoc</strong></span> <span class='ocrx_word' id='word_1_240' title='bbox 1842 1811 1987 1867; x_wconf 89' lang='lat' dir='ltr'><strong>dice-</strong></span> 
     </span>
    </p>
   </div>
   <div class='ocr_carea' id='block_1_35' title="bbox 2086 1781 3667 1884">
    <p class='ocr_par' dir='ltr' id='par_1_35' title="bbox 2096 1781 3667 1884">
     <span class='ocr_line' id='line_1_35' title="bbox 2096 1781 3667 1884; baseline 0.003 -22"><span class='ocrx_word' id='word_1_241' title='bbox 2096 1781 2238 1880; x_wconf 76' lang='grc' dir='ltr'>λόγῷ</span> <span class='ocrx_word' id='word_1_242' title='bbox 2266 1781 2648 1881; x_wconf 28' lang='grc' dir='ltr'>διηγγέλλετοτ·</span> <span class='ocrx_word' id='word_1_243' title='bbox 2670 1781 2796 1867; x_wconf 70' lang='grc' dir='ltr'>ἀλλο</span> <span class='ocrx_word' id='word_1_244' title='bbox 2825 1812 2880 1867; x_wconf 83' lang='grc' dir='ltr'>δὲ</span> <span class='ocrx_word' id='word_1_245' title='bbox 2925 1781 3342 1884; x_wconf 26' lang='grc' dir='ltr'>’Δημοκρίτειον</span> <span class='ocrx_word' id='word_1_246' title='bbox 3370 1806 3532 1876; x_wconf 72' lang='grc' dir='ltr'>εἷναι,</span> <span class='ocrx_word' id='word_1_247' title='bbox 3585 1781 3667 1867; x_wconf 51' lang='grc' dir='ltr'><strong>διζ</strong></span> 
     </span>
    </p>
   </div>
   <div class='ocr_carea' id='block_1_36' title="bbox 417 1883 1994 1960">
    <p class='ocr_par' dir='ltr' id='par_1_36' title="bbox 417 1883 1994 1960">
     <span class='ocr_line' id='line_1_36' title="bbox 417 1883 1994 1960; baseline 0.02 -32"><span class='ocrx_word' id='word_1_248' title='bbox 417 1883 500 1928; x_wconf 89' lang='lat' dir='ltr'><strong>ret</strong></span> <span class='ocrx_word' id='word_1_249' title='bbox 547 1883 1016 1938; x_wconf 82' lang='lat' dir='ltr'><strong>commemorabat</strong></span> <span class='ocrx_word' id='word_1_250' title='bbox 1051 1905 1065 1942; x_wconf 87' lang='lat'>:</span> <span class='ocrx_word' id='word_1_251' title='bbox 1104 1899 1157 1943; x_wconf 89' lang='lat' dir='ltr'><strong>et</strong></span> <span class='ocrx_word' id='word_1_252' title='bbox 1205 1905 1329 1946; x_wconf 91' lang='lat' dir='ltr'><strong>cum</strong></span> <span class='ocrx_word' id='word_1_253' title='bbox 1364 1895 1470 1951; x_wconf 77' lang='lat' dir='ltr'><strong>hac</strong></span> <span class='ocrx_word' id='word_1_254' title='bbox 1512 1899 1595 1953; x_wconf 88' lang='lat' dir='ltr'><strong>vel</strong></span> <span class='ocrx_word' id='word_1_255' title='bbox 1646 1901 1776 1956; x_wconf 90' lang='lat' dir='ltr'><strong>illud</strong></span> <span class='ocrx_word' id='word_1_256' title='bbox 1807 1919 1994 1960; x_wconf 90' lang='lat' dir='ltr'><strong>eorum</strong></span> 
     </span>
    </p>
   </div>
   <div class='ocr_carea' id='block_1_37' title="bbox 417 1963 1998 2064">
    <p class='ocr_par' dir='ltr' id='par_1_37' title="bbox 417 1963 1998 2064">
     <span class='ocr_line' id='line_1_37' title="bbox 417 1963 1998 2064; baseline 0.023 -50"><span class='ocrx_word' id='word_1_257' title='bbox 417 1963 876 2025; x_wconf 82' lang='lat' dir='ltr'><strong>medicamentum</strong></span> <span class='ocrx_word' id='word_1_258' title='bbox 906 1975 1146 2044; x_wconf 85' lang='lat' dir='ltr'><strong>audiret,</strong></span> <span class='ocrx_word' id='word_1_259' title='bbox 1175 1981 1405 2040; x_wconf 83' lang='lat' dir='ltr'><strong>alterius</strong></span> <span class='ocrx_word' id='word_1_260' title='bbox 1439 2003 1564 2043; x_wconf 89' lang='lat' dir='ltr'><strong>esse</strong></span> <span class='ocrx_word' id='word_1_261' title='bbox 1591 1991 1785 2046; x_wconf 86' lang='lat' dir='ltr'><strong>medici</strong></span> <span class='ocrx_word' id='word_1_262' title='bbox 1819 1994 1998 2064; x_wconf 79' lang='lat' dir='ltr'><strong>jacta~</strong></span> 
     </span>
    </p>
   </div>
   <div class='ocr_carea' id='block_1_38' title="bbox 417 2052 1996 2142">
    <p class='ocr_par' dir='ltr' id='par_1_38' title="bbox 417 2052 1996 2142">
     <span class='ocr_line' id='line_1_38' title="bbox 417 2052 1996 2142; baseline 0.022 -36"><span class='ocrx_word' id='word_1_263' title='bbox 417 2052 509 2106; x_wconf 83' lang='lat' dir='ltr'><strong>bnt</strong></span> <span class='ocrx_word' id='word_1_264' title='bbox 533 2059 892 2125; x_wconf 86' lang='lat' dir='ltr'><strong>emplastrum</strong></span> <span class='ocrx_word' id='word_1_265' title='bbox 927 2077 942 2116; x_wconf 90' lang='lat'><strong>:</strong></span> <span class='ocrx_word' id='word_1_266' title='bbox 980 2073 1035 2120; x_wconf 92' lang='lat' dir='ltr'><strong>et</strong></span> <span class='ocrx_word' id='word_1_267' title='bbox 1063 2071 1246 2123; x_wconf 80' lang='lat' dir='ltr'><strong>ontnia</strong></span> <span class='ocrx_word' id='word_1_268' title='bbox 1281 2089 1402 2142; x_wconf 85' lang='lat' dir='ltr'><strong>quae</strong></span> <span class='ocrx_word' id='word_1_269' title='bbox 1435 2091 1466 2130; x_wconf 67' lang='grc' dir='ltr'><strong>ε</strong></span> <span class='ocrx_word' id='word_1_270' title='bbox 1497 2079 1706 2136; x_wconf 86' lang='lat' dir='ltr'><strong>sanctis</strong></span> <span class='ocrx_word' id='word_1_271' title='bbox 1745 2052 1996 2139; x_wconf 42' lang='lat' dir='ltr'><strong>digeren-</strong></span> 
     </span>
    </p>
   </div>
   <div class='ocr_carea' id='block_1_39' title="bbox 413 2154 1996 2246">
    <p class='ocr_par' dir='ltr' id='par_1_39' title="bbox 413 2154 1996 2246">
     <span class='ocr_line' id='line_1_39' title="bbox 413 2154 1996 2246; baseline 0.022 -48"><span class='ocrx_word' id='word_1_272' title='bbox 413 2154 522 2212; x_wconf 78' lang='lat' dir='ltr'><strong>lu-r,</strong></span> <span class='ocrx_word' id='word_1_273' title='bbox 549 2154 906 2219; x_wconf 59' lang='lat' dir='ltr'><strong>quorun&#39;idam</strong></span> <span class='ocrx_word' id='word_1_274' title='bbox 933 2173 1054 2214; x_wconf 89' lang='lat' dir='ltr'><strong>esse</strong></span> <span class='ocrx_word' id='word_1_275' title='bbox 1082 2163 1416 2222; x_wconf 88' lang='lat' dir='ltr'><strong>medicorum</strong></span> <span class='ocrx_word' id='word_1_276' title='bbox 1447 2170 1818 2246; x_wconf 74' lang='lat' dir='ltr'><strong>coniectiones</strong></span> <span class='ocrx_word' id='word_1_277' title='bbox 1845 2191 1996 2233; x_wconf 79' lang='lat' dir='ltr'><strong>asse-</strong></span> 
     </span>
    </p>
   </div>
   <div class='ocr_carea' id='block_1_40' title="bbox 415 2241 1990 2338">
    <p class='ocr_par' dir='ltr' id='par_1_40' title="bbox 415 2241 1990 2338">
     <span class='ocr_line' id='line_1_40' title="bbox 415 2241 1990 2338; baseline 0.022 -47"><span class='ocrx_word' id='word_1_278' title='bbox 415 2241 635 2296; x_wconf 77' lang='lat' dir='ltr'><strong>verabat</strong></span> <span class='ocrx_word' id='word_1_279' title='bbox 665 2261 680 2310; x_wconf 87' lang='lat'><strong>;</strong></span> <span class='ocrx_word' id='word_1_280' title='bbox 717 2249 956 2304; x_wconf 84' lang='lat' dir='ltr'><strong>naturali</strong></span> <span class='ocrx_word' id='word_1_281' title='bbox 995 2253 1211 2311; x_wconf 78' lang='lat' dir='ltr'><strong>ratione</strong></span> <span class='ocrx_word' id='word_1_282' title='bbox 1261 2241 1482 2330; x_wconf 70' lang='lat' dir='ltr'><strong>semper</strong></span> <span class='ocrx_word' id='word_1_283' title='bbox 1507 2265 1572 2318; x_wconf 87' lang='lat' dir='ltr'><strong>de</strong></span> <span class='ocrx_word' id='word_1_284' title='bbox 1608 2265 1990 2338; x_wconf 78' lang='lat' dir='ltr'><strong>languoribus,</strong></span> 
     </span>
    </p>
   </div>
   <div class='ocr_carea' id='block_1_41' title="bbox 410 2335 1991 2428">
    <p class='ocr_par' dir='ltr' id='par_1_41' title="bbox 410 2335 1991 2428">
     <span class='ocr_line' id='line_1_41' title="bbox 410 2335 1991 2428; baseline 0.021 -43"><span class='ocrx_word' id='word_1_285' title='bbox 410 2345 476 2386; x_wconf 82' lang='lat' dir='ltr'><strong>ac</strong></span> <span class='ocrx_word' id='word_1_286' title='bbox 500 2335 945 2413; x_wconf 77' lang='lat' dir='ltr'><strong>medicaminum,</strong></span> <span class='ocrx_word' id='word_1_287' title='bbox 977 2361 1099 2414; x_wconf 82' lang='lat' dir='ltr'><strong>qua:</strong></span> <span class='ocrx_word' id='word_1_288' title='bbox 1132 2348 1426 2418; x_wconf 77' lang='lat' dir='ltr'><strong>dabantur,</strong></span> <span class='ocrx_word' id='word_1_289' title='bbox 1469 2335 1838 2428; x_wconf 76' lang='lat' dir='ltr'><strong>qualitatibus</strong></span> <span class='ocrx_word' id='word_1_290' title='bbox 1875 2335 1991 2418; x_wconf 46' lang='lat' dir='ltr'><strong>dis;</strong></span> 
     </span>
    </p>
   </div>
   <div class='ocr_carea' id='block_1_42' title="bbox 414 2433 1991 2524">
    <p class='ocr_par' dir='ltr' id='par_1_42' title="bbox 414 2433 1991 2524">
     <span class='ocr_line' id='line_1_42' title="bbox 414 2433 1991 2524; baseline 0.022 -52"><span class='ocrx_word' id='word_1_291' title='bbox 414 2433 633 2492; x_wconf 77' lang='lat' dir='ltr'><strong>putans,</strong></span> <span class='ocrx_word' id='word_1_292' title='bbox 671 2435 724 2484; x_wconf 83' lang='lat' dir='ltr'><strong>et</strong></span> <span class='ocrx_word' id='word_1_293' title='bbox 761 2437 1065 2490; x_wconf 81' lang='lat' dir='ltr'><strong>secundum</strong></span> <span class='ocrx_word' id='word_1_294' title='bbox 1114 2439 1498 2499; x_wconf 86' lang='lat' dir='ltr'><strong>medicinalem</strong></span> <span class='ocrx_word' id='word_1_295' title='bbox 1545 2462 1608 2502; x_wconf 89' lang='lat' dir='ltr'><strong>ea</strong></span> <span class='ocrx_word' id='word_1_296' title='bbox 1647 2451 1868 2524; x_wconf 70' lang='lat' dir='ltr'><strong>praecipi</strong></span> <span class='ocrx_word' id='word_1_297' title='bbox 1901 2468 1991 2506; x_wconf 87' lang='lat' dir='ltr'><strong>ra-</strong></span> 
     </span>
    </p>
   </div>
   <div class='ocr_carea' id='block_1_43' title="bbox 408 2518 1992 2598">
    <p class='ocr_par' dir='ltr' id='par_1_43' title="bbox 408 2518 1992 2598">
     <span class='ocr_line' id='line_1_43' title="bbox 408 2518 1992 2598; baseline 0.021 -32"><span class='ocrx_word' id='word_1_298' title='bbox 408 2518 656 2584; x_wconf 84' lang='lat' dir='ltr'><strong>t&#39;onem,</strong></span> <span class='ocrx_word' id='word_1_299' title='bbox 713 2535 776 2576; x_wconf 87' lang='lat' dir='ltr'><strong>ac</strong></span> <span class='ocrx_word' id='word_1_300' title='bbox 827 2525 1146 2594; x_wconf 83' lang='lat' dir='ltr'><strong>passionum</strong></span> <span class='ocrx_word' id='word_1_301' title='bbox 1190 2527 1308 2586; x_wconf 72' lang='lat' dir='ltr'><strong>fieri</strong></span> <span class='ocrx_word' id='word_1_302' title='bbox 1358 2518 1992 2598; x_wconf 32' lang='lat' dir='ltr'><strong>destructionem’aﬂir.</strong></span> 
     </span>
    </p>
   </div>
   <div class='ocr_carea' id='block_1_44' title="bbox 411 2621 591 2665">
    <p class='ocr_par' dir='ltr' id='par_1_44' title="bbox 411 2621 591 2665">
     <span class='ocr_line' id='line_1_44' title="bbox 411 2621 591 2665; baseline 0.028 -5"><span class='ocrx_word' id='word_1_303' title='bbox 411 2621 591 2665; x_wconf 87' lang='lat' dir='ltr'><strong>mans.</strong></span> 
     </span>
    </p>
   </div>
   <div class='ocr_carea' id='block_1_45' title="bbox 480 2699 1990 2795">
    <p class='ocr_par' dir='ltr' id='par_1_45' title="bbox 480 2699 1990 2795">
     <span class='ocr_line' id='line_1_45' title="bbox 480 2699 1990 2795; baseline 0.017 -40"><span class='ocrx_word' id='word_1_304' title='bbox 480 2699 585 2755; x_wconf 83' lang='lat' dir='ltr'><strong>Sed</strong></span> <span class='ocrx_word' id='word_1_305' title='bbox 627 2702 822 2760; x_wconf 86' lang='lat' dir='ltr'><strong>horum</strong></span> <span class='ocrx_word' id='word_1_306' title='bbox 872 2707 919 2762; x_wconf 89' lang='lat' dir='ltr'><strong>ei</strong></span> <span class='ocrx_word' id='word_1_307' title='bbox 972 2710 1466 2784; x_wconf 85' lang='lat' dir='ltr'><strong>stultiloquiorum,</strong></span> <span class='ocrx_word' id='word_1_308' title='bbox 1506 2734 1616 2776; x_wconf 89' lang='lat' dir='ltr'><strong>non</strong></span> <span class='ocrx_word' id='word_1_309' title='bbox 1649 2721 1796 2777; x_wconf 84' lang='lat' dir='ltr'><strong>aliud</strong></span> <span class='ocrx_word' id='word_1_310' title='bbox 1829 2725 1990 2795; x_wconf 62' lang='lat' dir='ltr'><strong>quida</strong></span> 
     </span>
    </p>
   </div>
   <div class='ocr_carea' id='block_1_46' title="bbox 409 2802 1984 2879">
    <p class='ocr_par' dir='ltr' id='par_1_46' title="bbox 409 2802 1984 2879">
     <span class='ocr_line' id='line_1_46' title="bbox 409 2802 1984 2879; baseline 0.017 -33"><span class='ocrx_word' id='word_1_311' title='bbox 409 2807 573 2862; x_wconf 85' lang='lat' dir='ltr'><strong>quam</strong></span> <span class='ocrx_word' id='word_1_312' title='bbox 625 2807 896 2870; x_wconf 79' lang='lat' dir='ltr'><strong>martyres</strong></span> <span class='ocrx_word' id='word_1_313' title='bbox 959 2802 1221 2860; x_wconf 77' lang='lat' dir='ltr'><strong>exhibent</strong></span> <span class='ocrx_word' id='word_1_314' title='bbox 1271 2818 1676 2879; x_wconf 79' lang='lat' dir='ltr'><strong>argumentum,</strong></span> <span class='ocrx_word' id='word_1_315' title='bbox 1716 2815 1843 2870; x_wconf 84' lang='lat' dir='ltr'><strong>licet</strong></span> <span class='ocrx_word' id='word_1_316' title='bbox 1869 2819 1984 2871; x_wconf 82' lang='lat' dir='ltr'><strong>evi-</strong></span> 
     </span>
    </p>
   </div>
   <div class='ocr_carea' id='block_1_47' title="bbox 409 2887 1985 2972">
    <p class='ocr_par' dir='ltr' id='par_1_47' title="bbox 409 2887 1985 2972">
     <span class='ocr_line' id='line_1_47' title="bbox 409 2887 1985 2972; baseline 0.02 -37"><span class='ocrx_word' id='word_1_317' title='bbox 409 2887 628 2944; x_wconf 81' lang='lat' dir='ltr'><strong>dentius</strong></span> <span class='ocrx_word' id='word_1_318' title='bbox 671 2906 702 2945; x_wconf 89' lang='lat' dir='ltr'><strong>a</strong></span> <span class='ocrx_word' id='word_1_319' title='bbox 735 2893 898 2948; x_wconf 85' lang='lat' dir='ltr'><strong>rebus</strong></span> <span class='ocrx_word' id='word_1_320' title='bbox 939 2896 1072 2966; x_wconf 85' lang='lat' dir='ltr'><strong>ipsis</strong></span> <span class='ocrx_word' id='word_1_321' title='bbox 1113 2899 1534 2972; x_wconf 81' lang='lat' dir='ltr'><strong>redarguantur,</strong></span> <span class='ocrx_word' id='word_1_322' title='bbox 1587 2907 1695 2964; x_wconf 87' lang='lat' dir='ltr'><strong>nisi</strong></span> <span class='ocrx_word' id='word_1_323' title='bbox 1735 2910 1985 2966; x_wconf 90' lang='lat' dir='ltr'><strong>eumdem</strong></span> 
     </span>
    </p>
   </div>
   <div class='ocr_carea' id='block_1_48' title="bbox 407 2976 1982 3070">
    <p class='ocr_par' dir='ltr' id='par_1_48' title="bbox 407 2976 1982 3070">
     <span class='ocr_line' id='line_1_48' title="bbox 407 2976 1982 3070; baseline 0.018 -38"><span class='ocrx_word' id='word_1_324' title='bbox 407 2991 683 3036; x_wconf 80' lang='lat' dir='ltr'><strong>amentem</strong></span> <span class='ocrx_word' id='word_1_325' title='bbox 713 2976 936 3042; x_wconf 51' lang='lat' dir='ltr'><strong>Gesi&#39;um</strong></span> <span class='ocrx_word' id='word_1_326' title='bbox 970 2991 1063 3059; x_wconf 92' lang='lat' dir='ltr'><strong>qui</strong></span> <span class='ocrx_word' id='word_1_327' title='bbox 1091 2990 1284 3047; x_wconf 86' lang='lat' dir='ltr'><strong>horum</strong></span> <span class='ocrx_word' id='word_1_328' title='bbox 1314 3003 1435 3050; x_wconf 86' lang='lat' dir='ltr'><strong>erat</strong></span> <span class='ocrx_word' id='word_1_329' title='bbox 1464 2995 1642 3054; x_wconf 84' lang='lat' dir='ltr'><strong>l‘actor</strong></span> <span class='ocrx_word' id='word_1_330' title='bbox 1659 3008 1712 3055; x_wconf 91' lang='lat' dir='ltr'><strong>et</strong></span> <span class='ocrx_word' id='word_1_331' title='bbox 1733 3005 1982 3070; x_wconf 71' lang='lat' dir='ltr'><strong>genitor:</strong></span> 
     </span>
    </p>
   </div>
   <div class='ocr_carea' id='block_1_49' title="bbox 407 3071 1984 3159">
    <p class='ocr_par' dir='ltr' id='par_1_49' title="bbox 407 3071 1984 3159">
     <span class='ocr_line' id='line_1_49' title="bbox 407 3071 1984 3159; baseline 0.015 -34"><span class='ocrx_word' id='word_1_332' title='bbox 407 3071 576 3126; x_wconf 78' lang='lat' dir='ltr'><strong>dorso</strong></span> <span class='ocrx_word' id='word_1_333' title='bbox 613 3090 852 3146; x_wconf 84' lang='lat' dir='ltr'><strong>namque</strong></span> <span class='ocrx_word' id='word_1_334' title='bbox 893 3079 1203 3137; x_wconf 71' lang='lat' dir='ltr'><strong>iniit-matus</strong></span> <span class='ocrx_word' id='word_1_335' title='bbox 1256 3083 1444 3142; x_wconf 75' lang='lat' dir='ltr'><strong>infelix</strong></span> <span class='ocrx_word' id='word_1_336' title='bbox 1480 3102 1605 3144; x_wconf 87' lang='lat' dir='ltr'><strong>cum</strong></span> <span class='ocrx_word' id='word_1_337' title='bbox 1647 3093 1840 3159; x_wconf 86' lang='lat' dir='ltr'><strong>armis,</strong></span> <span class='ocrx_word' id='word_1_338' title='bbox 1884 3094 1984 3148; x_wconf 71' lang='lat' dir='ltr'><strong>ltu-</strong></span> 
     </span>
    </p>
   </div>
   <div class='ocr_carea' id='block_1_50' title="bbox 411 3165 1983 3248">
    <p class='ocr_par' dir='ltr' id='par_1_50' title="bbox 411 3165 1983 3248">
     <span class='ocr_line' id='line_1_50' title="bbox 411 3165 1983 3248; baseline 0.016 -32"><span class='ocrx_word' id='word_1_339' title='bbox 411 3180 594 3220; x_wconf 86' lang='lat' dir='ltr'><strong>mcros</strong></span> <span class='ocrx_word' id='word_1_340' title='bbox 616 3165 766 3236; x_wconf 87' lang='lat' dir='ltr'><strong>ipsos</strong></span> <span class='ocrx_word' id='word_1_341' title='bbox 789 3183 914 3224; x_wconf 87' lang='lat' dir='ltr'><strong>cum</strong></span> <span class='ocrx_word' id='word_1_342' title='bbox 943 3171 1088 3228; x_wconf 89' lang='lat' dir='ltr'><strong>collo</strong></span> <span class='ocrx_word' id='word_1_343' title='bbox 1119 3175 1288 3230; x_wconf 82' lang='lat' dir='ltr'><strong>veluti</strong></span> <span class='ocrx_word' id='word_1_344' title='bbox 1321 3193 1386 3232; x_wconf 81' lang='lat' dir='ltr'><strong>ex</strong></span> <span class='ocrx_word' id='word_1_345' title='bbox 1416 3178 1652 3248; x_wconf 86' lang='lat' dir='ltr'><strong>quadam</strong></span> <span class='ocrx_word' id='word_1_346' title='bbox 1684 3181 1870 3238; x_wconf 85' lang='lat' dir='ltr'><strong>divina</strong></span> <span class='ocrx_word' id='word_1_347' title='bbox 1899 3186 1983 3241; x_wconf 88' lang='lat' dir='ltr'><strong>ira</strong></span> 
     </span>
    </p>
   </div>
   <div class='ocr_carea' id='block_1_51' title="bbox 409 3256 1980 3342">
    <p class='ocr_par' dir='ltr' id='par_1_51' title="bbox 409 3256 1980 3342">
     <span class='ocr_line' id='line_1_51' title="bbox 409 3256 1980 3342; baseline 0.016 -35"><span class='ocrx_word' id='word_1_348' title='bbox 409 3256 682 3316; x_wconf 81' lang='lat' dir='ltr'><strong>arefactus</strong></span> <span class='ocrx_word' id='word_1_349' title='bbox 706 3268 760 3316; x_wconf 89' lang='lat' dir='ltr'><strong>et</strong></span> <span class='ocrx_word' id='word_1_350' title='bbox 779 3263 926 3316; x_wconf 80' lang='lat' dir='ltr'><strong>0mm</strong></span> <span class='ocrx_word' id='word_1_351' title='bbox 957 3275 1104 3320; x_wconf 83' lang='lat' dir='ltr'><strong>metu</strong></span> <span class='ocrx_word' id='word_1_352' title='bbox 1135 3281 1387 3325; x_wconf 80' lang='lat' dir='ltr'><strong>carentes</strong></span> <span class='ocrx_word' id='word_1_353' title='bbox 1409 3271 1679 3342; x_wconf 88' lang='lat' dir='ltr'><strong>habebat;</strong></span> <span class='ocrx_word' id='word_1_354' title='bbox 1706 3274 1820 3330; x_wconf 64' lang='lat' dir='ltr'><strong>haec</strong></span> <span class='ocrx_word' id='word_1_355' title='bbox 1835 3279 1980 3332; x_wconf 92' lang='lat' dir='ltr'><strong>enim</strong></span> 
     </span>
    </p>
   </div>
   <div class='ocr_carea' id='block_1_52' title="bbox 410 3347 1982 3427">
    <p class='ocr_par' dir='ltr' id='par_1_52' title="bbox 410 3347 1982 3427">
     <span class='ocr_line' id='line_1_52' title="bbox 410 3347 1982 3427; baseline 0.016 -27"><span class='ocrx_word' id='word_1_356' title='bbox 410 3347 680 3419; x_wconf 77' lang='lat' dir='ltr'><strong>lignorum</strong></span> <span class='ocrx_word' id='word_1_357' title='bbox 712 3352 858 3408; x_wconf 79' lang='lat' dir='ltr'><strong>sicca</strong></span> <span class='ocrx_word' id='word_1_358' title='bbox 892 3369 1124 3427; x_wconf 67' lang='lat' dir='ltr'><strong>qumque</strong></span> <span class='ocrx_word' id='word_1_359' title='bbox 1165 3367 1219 3413; x_wconf 84' lang='lat' dir='ltr'><strong>et</strong></span> <span class='ocrx_word' id='word_1_360' title='bbox 1253 3359 1538 3416; x_wconf 90' lang='lat' dir='ltr'><strong>humorem</strong></span> <span class='ocrx_word' id='word_1_361' title='bbox 1573 3379 1682 3419; x_wconf 91' lang='lat' dir='ltr'><strong>non</strong></span> <span class='ocrx_word' id='word_1_362' title='bbox 1727 3367 1982 3424; x_wconf 86' lang='lat' dir='ltr'><strong>habentia</strong></span> 
     </span>
    </p>
   </div>
   <div class='ocr_carea' id='block_1_53' title="bbox 408 3440 1984 3533">
    <p class='ocr_par' dir='ltr' id='par_1_53' title="bbox 408 3440 1984 3533">
     <span class='ocr_line' id='line_1_53' title="bbox 408 3440 1984 3533; baseline 0.016 -40"><span class='ocrx_word' id='word_1_363' title='bbox 408 3440 464 3494; x_wconf 84' lang='lat' dir='ltr'><strong>in</strong></span> <span class='ocrx_word' id='word_1_364' title='bbox 502 3441 704 3498; x_wconf 78' lang='lat' dir='ltr'><strong>viventi</strong></span> <span class='ocrx_word' id='word_1_365' title='bbox 755 3461 988 3517; x_wconf 83' lang='lat' dir='ltr'><strong>corpore</strong></span> <span class='ocrx_word' id='word_1_366' title='bbox 1021 3449 1198 3520; x_wconf 88' lang='lat' dir='ltr'><strong>posita</strong></span> <span class='ocrx_word' id='word_1_367' title='bbox 1244 3453 1604 3511; x_wconf 85' lang='lat' dir='ltr'><strong>imitabantur</strong></span> <span class='ocrx_word' id='word_1_368' title='bbox 1639 3468 1694 3514; x_wconf 88' lang='lat' dir='ltr'><strong>et</strong></span> <span class='ocrx_word' id='word_1_369' title='bbox 1721 3460 1984 3533; x_wconf 78' lang='lat' dir='ltr'><strong>depinge-</strong></span> 
     </span>
    </p>
   </div>
   <div class='ocr_carea' id='block_1_54' title="bbox 406 3533 1983 3620">
    <p class='ocr_par' dir='ltr' id='par_1_54' title="bbox 406 3533 1983 3620">
     <span class='ocr_line' id='line_1_54' title="bbox 406 3533 1983 3620; baseline 0.018 -37"><span class='ocrx_word' id='word_1_370' title='bbox 406 3533 579 3602; x_wconf 74' lang='lat' dir='ltr'><strong>iumt;</strong></span> <span class='ocrx_word' id='word_1_371' title='bbox 629 3536 987 3609; x_wconf 80' lang='lat' dir='ltr'><strong>doloremque</strong></span> <span class='ocrx_word' id='word_1_372' title='bbox 1027 3543 1298 3600; x_wconf 80' lang='lat' dir='ltr'><strong>sentiebat</strong></span> <span class='ocrx_word' id='word_1_373' title='bbox 1340 3548 1433 3602; x_wconf 85' lang='lat' dir='ltr'><strong>tali</strong></span> <span class='ocrx_word' id='word_1_374' title='bbox 1468 3550 1738 3620; x_wconf 90' lang='lat' dir='ltr'><strong>supplicio</strong></span> <span class='ocrx_word' id='word_1_375' title='bbox 1782 3569 1983 3611; x_wconf 82' lang='lat' dir='ltr'><strong>conse-</strong></span> 
     </span>
    </p>
   </div>
   <div class='ocr_carea' id='block_1_55' title="bbox 401 3631 1981 3710">
    <p class='ocr_par' dir='ltr' id='par_1_55' title="bbox 401 3631 1981 3710">
     <span class='ocr_line' id='line_1_55' title="bbox 401 3631 1981 3710; baseline 0.016 -34"><span class='ocrx_word' id='word_1_376' title='bbox 401 3634 701 3694; x_wconf 74' lang='lat' dir='ltr'><strong>quentcm;</strong></span> <span class='ocrx_word' id='word_1_377' title='bbox 747 3637 800 3684; x_wconf 88' lang='lat' dir='ltr'><strong>et</strong></span> <span class='ocrx_word' id='word_1_378' title='bbox 847 3631 1126 3702; x_wconf 82' lang='lat' dir='ltr'><strong>passionis</strong></span> <span class='ocrx_word' id='word_1_379' title='bbox 1171 3650 1398 3691; x_wconf 86' lang='lat' dir='ltr'><strong>causam</strong></span> <span class='ocrx_word' id='word_1_380' title='bbox 1440 3637 1724 3710; x_wconf 77' lang='lat' dir='ltr'><strong>ignorans,</strong></span> <span class='ocrx_word' id='word_1_381' title='bbox 1774 3647 1981 3702; x_wconf 90' lang='lat' dir='ltr'><strong>mederi</strong></span> 
     </span>
    </p>
   </div>
   <div class='ocr_carea' id='block_1_56' title="bbox 402 3711 1984 3809">
    <p class='ocr_par' dir='ltr' id='par_1_56' title="bbox 402 3711 1984 3809">
     <span class='ocr_line' id='line_1_56' title="bbox 402 3711 1984 3809; baseline 0.017 -41"><span class='ocrx_word' id='word_1_382' title='bbox 402 3717 506 3770; x_wconf 70' lang='lat' dir='ltr'><strong>sibi</strong></span> <span class='ocrx_word' id='word_1_383' title='bbox 541 3720 808 3788; x_wconf 86' lang='lat' dir='ltr'><strong>certabat,</strong></span> <span class='ocrx_word' id='word_1_384' title='bbox 849 3723 945 3792; x_wconf 88' lang='lat' dir='ltr'><strong>qui</strong></span> <span class='ocrx_word' id='word_1_385' title='bbox 985 3739 1188 3782; x_wconf 87' lang='lat' dir='ltr'><strong>sanare</strong></span> <span class='ocrx_word' id='word_1_386' title='bbox 1219 3727 1356 3784; x_wconf 89' lang='lat' dir='ltr'><strong>alios</strong></span> <span class='ocrx_word' id='word_1_387' title='bbox 1394 3711 1728 3800; x_wconf 41' lang='lat' dir='ltr'><strong>plrocurnbat</strong></span> <span class='ocrx_word' id='word_1_388' title='bbox 1761 3747 1774 3790; x_wconf 85' lang='lat'><strong>:</strong></span> <span class='ocrx_word' id='word_1_389' title='bbox 1813 3755 1984 3809; x_wconf 82' lang='lat' dir='ltr'><strong>unge-</strong></span> 
     </span>
    </p>
   </div>
   <div class='ocr_carea' id='block_1_57' title="bbox 402 3805 1985 3886">
    <p class='ocr_par' dir='ltr' id='par_1_57' title="bbox 402 3805 1985 3886">
     <span class='ocr_line' id='line_1_57' title="bbox 402 3805 1985 3886; baseline 0.016 -27"><span class='ocrx_word' id='word_1_390' title='bbox 402 3805 567 3862; x_wconf 70' lang='lat' dir='ltr'><strong>iintur</strong></span> <span class='ocrx_word' id='word_1_391' title='bbox 591 3809 736 3864; x_wconf 88' lang='lat' dir='ltr'><strong>enim</strong></span> <span class='ocrx_word' id='word_1_392' title='bbox 764 3811 996 3870; x_wconf 59' lang='lat' dir='ltr'><strong>diversis</strong></span> <span class='ocrx_word' id='word_1_393' title='bbox 1025 3819 1319 3886; x_wconf 78' lang='lat' dir='ltr'><strong>unguentis</strong></span> <span class='ocrx_word' id='word_1_394' title='bbox 1349 3832 1402 3875; x_wconf 90' lang='lat' dir='ltr'><strong>et</strong></span> <span class='ocrx_word' id='word_1_395' title='bbox 1427 3822 1722 3880; x_wconf 84' lang='lat' dir='ltr'><strong>catharsiis</strong></span> <span class='ocrx_word' id='word_1_396' title='bbox 1753 3843 1861 3882; x_wconf 91' lang='lat' dir='ltr'><strong>non</strong></span> <span class='ocrx_word' id='word_1_397' title='bbox 1881 3805 1985 3884; x_wconf 81' lang='lat' dir='ltr'><strong>mi-</strong></span> 
     </span>
    </p>
   </div>
   <div class='ocr_carea' id='block_1_58' title="bbox 405 3901 1984 3992">
    <p class='ocr_par' dir='ltr' id='par_1_58' title="bbox 405 3901 1984 3992">
     <span class='ocr_line' id='line_1_58' title="bbox 405 3901 1984 3992; baseline 0.017 -41"><span class='ocrx_word' id='word_1_398' title='bbox 405 3901 636 3956; x_wconf 82' lang='lat' dir='ltr'><strong>noribus</strong></span> <span class='ocrx_word' id='word_1_399' title='bbox 675 3917 840 3974; x_wconf 88' lang='lat' dir='ltr'><strong>quam</strong></span> <span class='ocrx_word' id='word_1_400' title='bbox 900 3906 1021 3977; x_wconf 90' lang='lat' dir='ltr'><strong>ipsa</strong></span> <span class='ocrx_word' id='word_1_401' title='bbox 1073 3917 1264 3964; x_wconf 83' lang='lat' dir='ltr'><strong>essent</strong></span> <span class='ocrx_word' id='word_1_402' title='bbox 1323 3921 1636 3984; x_wconf 83' lang='lat' dir='ltr'><strong>unguenta;</strong></span> <span class='ocrx_word' id='word_1_403' title='bbox 1684 3917 1984 3992; x_wconf 69' lang='lat' dir='ltr'><strong>dirutasque</strong></span> 
     </span>
    </p>
   </div>
   <div class='ocr_carea' id='block_1_59' title="bbox 405 3994 1980 4077">
    <p class='ocr_par' dir='ltr' id='par_1_59' title="bbox 405 3994 1980 4077">
     <span class='ocr_line' id='line_1_59' title="bbox 405 3994 1980 4077; baseline 0.015 -32"><span class='ocrx_word' id='word_1_404' title='bbox 405 3994 764 4052; x_wconf 87' lang='lat' dir='ltr'><strong>multimodas</strong></span> <span class='ocrx_word' id='word_1_405' title='bbox 791 3997 1002 4053; x_wconf 86' lang='lat' dir='ltr'><strong>alterna</strong></span> <span class='ocrx_word' id='word_1_406' title='bbox 1026 4001 1145 4058; x_wconf 88' lang='lat' dir='ltr'><strong>vice</strong></span> <span class='ocrx_word' id='word_1_407' title='bbox 1171 4004 1535 4077; x_wconf 80' lang='lat' dir='ltr'><strong>transigebat,</strong></span> <span class='ocrx_word' id='word_1_408' title='bbox 1574 4017 1627 4063; x_wconf 87' lang='lat' dir='ltr'><strong>et</strong></span> <span class='ocrx_word' id='word_1_409' title='bbox 1657 4007 1980 4068; x_wconf 80' lang='lat' dir='ltr'><strong>ealidioruni</strong></span> 
     </span>
    </p>
   </div>
   <div class='ocr_carea' id='block_1_60' title="bbox 401 4085 1982 4172">
    <p class='ocr_par' dir='ltr' id='par_1_60' title="bbox 401 4085 1982 4172">
     <span class='ocr_line' id='line_1_60' title="bbox 401 4085 1982 4172; baseline 0.015 -37"><span class='ocrx_word' id='word_1_410' title='bbox 401 4085 838 4156; x_wconf 72' lang='lat' dir='ltr'><strong>participabatur</strong></span> <span class='ocrx_word' id='word_1_411' title='bbox 866 4106 1124 4148; x_wconf 89' lang='lat' dir='ltr'><strong>escarum</strong></span> <span class='ocrx_word' id='word_1_412' title='bbox 1169 4095 1505 4162; x_wconf 82' lang='lat' dir='ltr'><strong>siccitatem,</strong></span> <span class='ocrx_word' id='word_1_413' title='bbox 1539 4115 1662 4155; x_wconf 88' lang='lat' dir='ltr'><strong>esse</strong></span> <span class='ocrx_word' id='word_1_414' title='bbox 1693 4101 1806 4156; x_wconf 84' lang='lat' dir='ltr'><strong>haee</strong></span> <span class='ocrx_word' id='word_1_415' title='bbox 1849 4102 1982 4172; x_wconf 75' lang='lat' dir='ltr'><strong>[leg-</strong></span> 
     </span>
    </p>
   </div>
   <div class='ocr_carea' id='block_1_61' title="bbox 403 4181 1983 4257">
    <p class='ocr_par' dir='ltr' id='par_1_61' title="bbox 403 4181 1983 4257">
     <span class='ocr_line' id='line_1_61' title="bbox 403 4181 1983 4257; baseline 0.014 -27"><span class='ocrx_word' id='word_1_416' title='bbox 403 4192 490 4233; x_wconf 83' lang='lat' dir='ltr'><strong>ma</strong></span> <span class='ocrx_word' id='word_1_417' title='bbox 524 4196 644 4250; x_wconf 73' lang='lat' dir='ltr'><strong>qua:</strong></span> <span class='ocrx_word' id='word_1_418' title='bbox 671 4181 780 4236; x_wconf 83' lang='lat' dir='ltr'><strong>illis</strong></span> <span class='ocrx_word' id='word_1_419' title='bbox 808 4184 1182 4243; x_wconf 87' lang='lat' dir='ltr'><strong>inerantlocis</strong></span> <span class='ocrx_word' id='word_1_420' title='bbox 1208 4189 1556 4257; x_wconf 81' lang='lat' dir='ltr'><strong>existimans,</strong></span> <span class='ocrx_word' id='word_1_421' title='bbox 1598 4203 1650 4246; x_wconf 91' lang='lat' dir='ltr'><strong>et</strong></span> <span class='ocrx_word' id='word_1_422' title='bbox 1677 4195 1780 4250; x_wconf 91' lang='lat' dir='ltr'><strong>hoc</strong></span> <span class='ocrx_word' id='word_1_423' title='bbox 1822 4199 1983 4252; x_wconf 88' lang='lat' dir='ltr'><strong>modo</strong></span> 
     </span>
    </p>
   </div>
   <div class='ocr_carea' id='block_1_62' title="bbox 396 4267 1872 4348">
    <p class='ocr_par' dir='ltr' id='par_1_62' title="bbox 396 4267 1872 4348">
     <span class='ocr_line' id='line_1_62' title="bbox 396 4267 1872 4348; baseline 0.014 -26"><span class='ocrx_word' id='word_1_424' title='bbox 396 4267 766 4327; x_wconf 81' lang='lat' dir='ltr'><strong>ditiorentiam</strong></span> <span class='ocrx_word' id='word_1_425' title='bbox 801 4277 1052 4347; x_wconf 85' lang='lat' dir='ltr'><strong>accipere</strong></span> <span class='ocrx_word' id='word_1_426' title='bbox 1082 4289 1282 4348; x_wconf 88' lang='lat' dir='ltr'><strong>putans</strong></span> <span class='ocrx_word' id='word_1_427' title='bbox 1313 4282 1648 4340; x_wconf 78' lang='lat' dir='ltr'><strong>inﬁrmitatis</strong></span> <span class='ocrx_word' id='word_1_428' title='bbox 1679 4301 1872 4342; x_wconf 85' lang='lat' dir='ltr'><strong>causa.</strong></span> 
     </span>
    </p>
   </div>
   <div class='ocr_carea' id='block_1_63' title="bbox 467 4449 2057 4538">
    <p class='ocr_par' dir='ltr' id='par_1_63' title="bbox 467 4449 2057 4538">
     <span class='ocr_line' id='line_1_63' title="bbox 467 4449 2057 4538; baseline 0.011 -32"><span class='ocrx_word' id='word_1_429' title='bbox 467 4449 606 4506; x_wconf 83' lang='lat' dir='ltr'><strong>Cum</strong></span> <span class='ocrx_word' id='word_1_430' title='bbox 639 4460 820 4508; x_wconf 87' lang='lat' dir='ltr'><strong>autem</strong></span> <span class='ocrx_word' id='word_1_431' title='bbox 851 4456 1035 4510; x_wconf 88' lang='lat' dir='ltr'><strong>omnia</strong></span> <span class='ocrx_word' id='word_1_432' title='bbox 1067 4469 1188 4528; x_wconf 72' lang='lat' dir='ltr'><strong>quae</strong></span> <span class='ocrx_word' id='word_1_433' title='bbox 1227 4459 1364 4516; x_wconf 85' lang='lat' dir='ltr'><strong>artis</strong></span> <span class='ocrx_word' id='word_1_434' title='bbox 1389 4471 1544 4516; x_wconf 79' lang='lat' dir='ltr'><strong>erant</strong></span> <span class='ocrx_word' id='word_1_435' title='bbox 1571 4461 1812 4530; x_wconf 83' lang='lat' dir='ltr'><strong>fecisset,</strong></span> <span class='ocrx_word' id='word_1_436' title='bbox 1833 4482 1978 4538; x_wconf 79' lang='lat' dir='ltr'><strong>qme-</strong></span> <span class='ocrx_word' id='word_1_437' title='bbox 2015 4475 2057 4532; x_wconf 87' lang='lat' dir='ltr'><strong>D</strong></span> 
     </span>
    </p>
   </div>
   <div class='ocr_carea' id='block_1_64' title="bbox 393 4543 1974 4627">
    <p class='ocr_par' dir='ltr' id='par_1_64' title="bbox 393 4543 1974 4627">
     <span class='ocr_line' id='line_1_64' title="bbox 393 4543 1974 4627; baseline 0.01 -30"><span class='ocrx_word' id='word_1_438' title='bbox 393 4544 504 4614; x_wconf 75' lang='lat' dir='ltr'><strong>que</strong></span> <span class='ocrx_word' id='word_1_439' title='bbox 535 4559 594 4600; x_wconf 90' lang='lat' dir='ltr'><strong>se</strong></span> <span class='ocrx_word' id='word_1_440' title='bbox 637 4543 877 4602; x_wconf 84' lang='lat' dir='ltr'><strong>Galenus</strong></span> <span class='ocrx_word' id='word_1_441' title='bbox 914 4556 970 4602; x_wconf 89' lang='lat' dir='ltr'><strong>et</strong></span> <span class='ocrx_word' id='word_1_442' title='bbox 1015 4547 1372 4621; x_wconf 80' lang='lat' dir='ltr'><strong>Hippocrates</strong></span> <span class='ocrx_word' id='word_1_443' title='bbox 1415 4553 1765 4627; x_wconf 87' lang='lat' dir='ltr'><strong>aliorumque</strong></span> <span class='ocrx_word' id='word_1_444' title='bbox 1803 4559 1974 4613; x_wconf 76' lang='lat' dir='ltr'><strong>medi-</strong></span> 
     </span>
    </p>
   </div>
   <div class='ocr_carea' id='block_1_65' title="bbox 395 4641 1971 4728">
    <p class='ocr_par' dir='ltr' id='par_1_65' title="bbox 395 4641 1971 4728">
     <span class='ocr_line' id='line_1_65' title="bbox 395 4641 1971 4728; baseline 0.011 -40"><span class='ocrx_word' id='word_1_445' title='bbox 395 4651 586 4692; x_wconf 71' lang='lat' dir='ltr'><strong>eorum</strong></span> <span class='ocrx_word' id='word_1_446' title='bbox 625 4652 856 4694; x_wconf 75' lang='lat' dir='ltr'><strong>exatnen&#39;</strong></span> <span class='ocrx_word' id='word_1_447' title='bbox 889 4641 1186 4698; x_wconf 85' lang='lat' dir='ltr'><strong>edocuerat</strong></span> <span class='ocrx_word' id='word_1_448' title='bbox 1231 4647 1556 4718; x_wconf 82' lang='lat' dir='ltr'><strong>peregisset,</strong></span> <span class='ocrx_word' id='word_1_449' title='bbox 1592 4659 1646 4704; x_wconf 88' lang='lat' dir='ltr'><strong>et</strong></span> <span class='ocrx_word' id='word_1_450' title='bbox 1695 4651 1882 4728; x_wconf 77' lang='lat' dir='ltr'><strong>passio</strong></span> <span class='ocrx_word' id='word_1_451' title='bbox 1918 4653 1971 4706; x_wconf 90' lang='lat' dir='ltr'><strong>in</strong></span> 
     </span>
    </p>
   </div>
   <div class='ocr_carea' id='block_1_66' title="bbox 397 4732 1972 4810">
    <p class='ocr_par' dir='ltr' id='par_1_66' title="bbox 397 4732 1972 4810">
     <span class='ocr_line' id='line_1_66' title="bbox 397 4732 1972 4810; baseline 0.009 -25"><span class='ocrx_word' id='word_1_452' title='bbox 397 4732 550 4788; x_wconf 86' lang='lat' dir='ltr'><strong>nullo</strong></span> <span class='ocrx_word' id='word_1_453' title='bbox 574 4733 842 4788; x_wconf 85' lang='lat' dir='ltr'><strong>minorata</strong></span> <span class='ocrx_word' id='word_1_454' title='bbox 871 4735 1166 4802; x_wconf 84' lang='lat' dir='ltr'><strong>videretur,</strong></span> <span class='ocrx_word' id='word_1_455' title='bbox 1197 4754 1374 4810; x_wconf 88' lang='lat' dir='ltr'><strong>neque</strong></span> <span class='ocrx_word' id='word_1_456' title='bbox 1407 4740 1646 4810; x_wconf 89' lang='lat' dir='ltr'><strong>aliquem</strong></span> <span class='ocrx_word' id='word_1_457' title='bbox 1677 4749 1786 4794; x_wconf 84' lang='lat' dir='ltr'><strong>tam</strong></span> <span class='ocrx_word' id='word_1_458' title='bbox 1817 4741 1972 4798; x_wconf 85' lang='lat' dir='ltr'><strong>desi-</strong></span> 
     </span>
    </p>
   </div>
   <div class='ocr_carea' id='block_1_67' title="bbox 390 4819 1975 4908">
    <p class='ocr_par' dir='ltr' id='par_1_67' title="bbox 390 4819 1975 4908">
     <span class='ocr_line' id='line_1_67' title="bbox 390 4819 1975 4908; baseline 0.008 -28"><span class='ocrx_word' id='word_1_459' title='bbox 390 4825 697 4881; x_wconf 84' lang='lat' dir='ltr'><strong>d-randum</strong></span> <span class='ocrx_word' id='word_1_460' title='bbox 742 4837 948 4884; x_wconf 88' lang='lat' dir='ltr'><strong>motum</strong></span> <span class='ocrx_word' id='word_1_461' title='bbox 999 4831 1370 4889; x_wconf 87' lang='lat' dir='ltr'><strong>immobilibus</strong></span> <span class='ocrx_word' id='word_1_462' title='bbox 1411 4819 1674 4890; x_wconf 77' lang='lat' dir='ltr'><strong>membris</strong></span> <span class='ocrx_word' id='word_1_463' title='bbox 1705 4834 1836 4892; x_wconf 87' lang='lat' dir='ltr'><strong>dare</strong></span> <span class='ocrx_word' id='word_1_464' title='bbox 1878 4852 1975 4908; x_wconf 84' lang='lat' dir='ltr'><strong>po-</strong></span> 
     </span>
    </p>
   </div>
   <div class='ocr_carea' id='block_1_68' title="bbox 392 4919 1976 5000">
    <p class='ocr_par' dir='ltr' id='par_1_68' title="bbox 392 4919 1976 5000">
     <span class='ocr_line' id='line_1_68' title="bbox 392 4919 1976 5000; baseline 0.009 -28"><span class='ocrx_word' id='word_1_465' title='bbox 392 4919 614 4985; x_wconf 82' lang='lat' dir='ltr'><strong>tuisset,</strong></span> <span class='ocrx_word' id='word_1_466' title='bbox 654 4920 895 4978; x_wconf 83' lang='lat' dir='ltr'><strong>illustres</strong></span> <span class='ocrx_word' id='word_1_467' title='bbox 935 4922 1274 4980; x_wconf 88' lang='lat' dir='ltr'><strong>medicorum</strong></span> <span class='ocrx_word' id='word_1_468' title='bbox 1329 4928 1588 4994; x_wconf 73' lang='lat' dir='ltr'><strong>acet-rsit,</strong></span> <span class='ocrx_word' id='word_1_469' title='bbox 1625 4929 1827 5000; x_wconf 86' lang='lat' dir='ltr'><strong>quibus</strong></span> <span class='ocrx_word' id='word_1_470' title='bbox 1883 4946 1976 4986; x_wconf 84' lang='lat' dir='ltr'><strong>ac-</strong></span> 
     </span>
    </p>
   </div>
   <div class='ocr_carea' id='block_1_69' title="bbox 390 5011 1974 5092">
    <p class='ocr_par' dir='ltr' id='par_1_69' title="bbox 390 5011 1974 5092">
     <span class='ocr_line' id='line_1_69' title="bbox 390 5011 1974 5092; baseline 0.011 -28"><span class='ocrx_word' id='word_1_471' title='bbox 390 5011 715 5069; x_wconf 77' lang='lat' dir='ltr'><strong>cedentibus</strong></span> <span class='ocrx_word' id='word_1_472' title='bbox 748 5029 873 5069; x_wconf 88' lang='lat' dir='ltr'><strong>cum</strong></span> <span class='ocrx_word' id='word_1_473' title='bbox 905 5016 1278 5072; x_wconf 77' lang='lat' dir='ltr'><strong>infirmitatem</strong></span> <span class='ocrx_word' id='word_1_474' title='bbox 1316 5019 1566 5089; x_wconf 76' lang='lat' dir='ltr'><strong>dixisset,</strong></span> <span class='ocrx_word' id='word_1_475' title='bbox 1592 5023 1755 5092; x_wconf 81' lang='lat' dir='ltr'><strong>hujus</strong></span> <span class='ocrx_word' id='word_1_476' title='bbox 1777 5023 1974 5082; x_wconf 81' lang='lat' dir='ltr'><strong>abillis</strong></span> 
     </span>
    </p>
   </div>
   <div class='ocr_carea' id='block_1_70' title="bbox 388 5105 1971 5185">
    <p class='ocr_par' dir='ltr' id='par_1_70' title="bbox 388 5105 1971 5185">
     <span class='ocr_line' id='line_1_70' title="bbox 388 5105 1971 5185; baseline 0.009 -29"><span class='ocrx_word' id='word_1_477' title='bbox 388 5105 1012 5174; x_wconf 39' lang='lat' dir='ltr'><strong>exigebat,remedium.</strong></span> <span class='ocrx_word' id='word_1_478' title='bbox 1055 5109 1191 5163; x_wconf 87' lang='lat' dir='ltr'><strong>Cum</strong></span> <span class='ocrx_word' id='word_1_479' title='bbox 1225 5121 1410 5166; x_wconf 85' lang='lat' dir='ltr'><strong>autem</strong></span> <span class='ocrx_word' id='word_1_480' title='bbox 1458 5115 1602 5185; x_wconf 80' lang='lat' dir='ltr'><strong>qttod</strong></span> <span class='ocrx_word' id='word_1_481' title='bbox 1646 5115 1750 5172; x_wconf 88' lang='lat' dir='ltr'><strong>sibi</strong></span> <span class='ocrx_word' id='word_1_482' title='bbox 1797 5118 1971 5172; x_wconf 83' lang='lat' dir='ltr'><strong>visum</strong></span> 
     </span>
    </p>
   </div>
   <div class='ocr_carea' id='block_1_71' title="bbox 393 5196 1972 5270">
    <p class='ocr_par' dir='ltr' id='par_1_71' title="bbox 393 5196 1972 5270">
     <span class='ocr_line' id='line_1_71' title="bbox 393 5196 1972 5270; baseline 0.009 -22"><span class='ocrx_word' id='word_1_483' title='bbox 393 5196 576 5249; x_wconf 73' lang='lat' dir='ltr'><strong>fuerat</strong></span> <span class='ocrx_word' id='word_1_484' title='bbox 601 5199 982 5269; x_wconf 80' lang='lat' dir='ltr'><strong>unusquisque</strong></span> <span class='ocrx_word' id='word_1_485' title='bbox 1005 5199 1437 5270; x_wconf 83' lang='lat' dir='ltr'><strong>pronuntiasset,</strong></span> <span class='ocrx_word' id='word_1_486' title='bbox 1465 5205 1766 5262; x_wconf 78' lang='lat' dir='ltr'><strong>novissime</strong></span> <span class='ocrx_word' id='word_1_487' title='bbox 1789 5207 1972 5262; x_wconf 89' lang='lat' dir='ltr'><strong>omnia</strong></span> 
     </span>
    </p>
   </div>
   <div class='ocr_carea' id='block_1_72' title="bbox 391 5287 1976 5366">
    <p class='ocr_par' dir='ltr' id='par_1_72' title="bbox 391 5287 1976 5366">
     <span class='ocr_line' id='line_1_72' title="bbox 391 5287 1976 5366; baseline 0.009 -25"><span class='ocrx_word' id='word_1_488' title='bbox 391 5301 516 5356; x_wconf 64' lang='lat' dir='ltr'><strong>qtae</strong></span> <span class='ocrx_word' id='word_1_489' title='bbox 540 5287 609 5343; x_wconf 86' lang='lat' dir='ltr'><strong>ab</strong></span> <span class='ocrx_word' id='word_1_490' title='bbox 637 5289 718 5344; x_wconf 89' lang='lat' dir='ltr'><strong>eis</strong></span> <span class='ocrx_word' id='word_1_491' title='bbox 747 5290 891 5344; x_wconf 85' lang='lat' dir='ltr'><strong>dicta</strong></span> <span class='ocrx_word' id='word_1_492' title='bbox 931 5289 1149 5346; x_wconf 77' lang='lat' dir='ltr'><strong>inerant</strong></span> <span class='ocrx_word' id='word_1_493' title='bbox 1182 5292 1297 5362; x_wconf 90' lang='lat' dir='ltr'><strong>ipse</strong></span> <span class='ocrx_word' id='word_1_494' title='bbox 1331 5309 1390 5350; x_wconf 90' lang='lat' dir='ltr'><strong>se</strong></span> <span class='ocrx_word' id='word_1_495' title='bbox 1418 5295 1531 5364; x_wconf 86' lang='lat' dir='ltr'><strong>jam</strong></span> <span class='ocrx_word' id='word_1_496' title='bbox 1569 5298 1810 5366; x_wconf 82' lang='lat' dir='ltr'><strong>gessisse</strong></span> <span class='ocrx_word' id='word_1_497' title='bbox 1849 5316 1976 5354; x_wconf 88' lang='lat' dir='ltr'><strong>nar-</strong></span> 
     </span>
    </p>
   </div>
   <div class='ocr_carea' id='block_1_73' title="bbox 397 5382 1978 5457">
    <p class='ocr_par' dir='ltr' id='par_1_73' title="bbox 397 5382 1978 5457">
     <span class='ocr_line' id='line_1_73' title="bbox 397 5382 1978 5457; baseline 0.008 -25"><span class='ocrx_word' id='word_1_498' title='bbox 397 5382 557 5433; x_wconf 74' lang='lat' dir='ltr'><strong>ravit.</strong></span> <span class='ocrx_word' id='word_1_499' title='bbox 600 5382 814 5447; x_wconf 78' lang='lat' dir='ltr'><strong>Quibus</strong></span> <span class='ocrx_word' id='word_1_500' title='bbox 859 5383 936 5436; x_wconf 88' lang='lat' dir='ltr'><strong>illi</strong></span> <span class='ocrx_word' id='word_1_501' title='bbox 984 5384 1210 5450; x_wconf 83' lang='lat' dir='ltr'><strong>auditis,</strong></span> <span class='ocrx_word' id='word_1_502' title='bbox 1259 5385 1481 5442; x_wconf 84' lang='lat' dir='ltr'><strong>silentio</strong></span> <span class='ocrx_word' id='word_1_503' title='bbox 1531 5389 1882 5457; x_wconf 79' lang='lat' dir='ltr'><strong>tenebantur,</strong></span> <span class='ocrx_word' id='word_1_504' title='bbox 1923 5399 1978 5446; x_wconf 85' lang='lat' dir='ltr'><strong>et</strong></span> 
     </span>
    </p>
   </div>
   <div class='ocr_carea' id='block_1_74' title="bbox 395 5473 1972 5550">
    <p class='ocr_par' dir='ltr' id='par_1_74' title="bbox 395 5473 1972 5550">
     <span class='ocr_line' id='line_1_74' title="bbox 395 5473 1972 5550; baseline 0.005 -20"><span class='ocrx_word' id='word_1_505' title='bbox 395 5473 577 5530; x_wconf 87' lang='lat' dir='ltr'><strong>solum</strong></span> <span class='ocrx_word' id='word_1_506' title='bbox 647 5476 914 5533; x_wconf 86' lang='lat' dir='ltr'><strong>continuo</strong></span> <span class='ocrx_word' id='word_1_507' title='bbox 964 5478 1240 5532; x_wconf 81' lang='lat' dir='ltr'><strong>medicum</strong></span> <span class='ocrx_word' id='word_1_508' title='bbox 1309 5478 1584 5550; x_wconf 84' lang='lat' dir='ltr'><strong>passionis</strong></span> <span class='ocrx_word' id='word_1_509' title='bbox 1645 5493 1972 5539; x_wconf 87' lang='lat' dir='ltr'><strong>cunctorum</strong></span> 
     </span>
    </p>
   </div>
   <div class='ocr_carea' id='block_1_75' title="bbox 398 5558 1976 5644">
    <p class='ocr_par' dir='ltr' id='par_1_75' title="bbox 398 5558 1976 5644">
     <span class='ocr_line' id='line_1_75' title="bbox 398 5558 1976 5644; baseline 0.009 -25"><span class='ocrx_word' id='word_1_510' title='bbox 398 5564 569 5620; x_wconf 83' lang='lat' dir='ltr'><strong>Deum</strong></span> <span class='ocrx_word' id='word_1_511' title='bbox 602 5570 1051 5638; x_wconf 67' lang='lat' dir='ltr'><strong>pronul‘ttiabant,</strong></span> <span class='ocrx_word' id='word_1_512' title='bbox 1085 5571 1175 5642; x_wconf 88' lang='lat' dir='ltr'><strong>qui</strong></span> <span class='ocrx_word' id='word_1_513' title='bbox 1214 5558 1336 5642; x_wconf 76' lang='lat' dir='ltr'><strong>plus</strong></span> <span class='ocrx_word' id='word_1_514' title='bbox 1371 5573 1576 5644; x_wconf 83' lang='lat' dir='ltr'><strong>aliquid</strong></span> <span class='ocrx_word' id='word_1_515' title='bbox 1627 5576 1678 5630; x_wconf 89' lang='lat' dir='ltr'><strong>in</strong></span> <span class='ocrx_word' id='word_1_516' title='bbox 1719 5576 1976 5633; x_wconf 84' lang='lat' dir='ltr'><strong>omnilms</strong></span> 
     </span>
    </p>
   </div>
   <div class='ocr_carea' id='block_1_76' title="bbox 396 5660 1978 5736">
    <p class='ocr_par' dir='ltr' id='par_1_76' title="bbox 396 5660 1978 5736">
     <span class='ocr_line' id='line_1_76' title="bbox 396 5660 1978 5736; baseline 0.009 -25"><span class='ocrx_word' id='word_1_517' title='bbox 396 5673 568 5728; x_wconf 83' lang='lat' dir='ltr'><strong>super</strong></span> <span class='ocrx_word' id='word_1_518' title='bbox 603 5660 855 5718; x_wconf 83' lang='lat' dir='ltr'><strong>homines</strong></span> <span class='ocrx_word' id='word_1_519' title='bbox 891 5672 1098 5734; x_wconf 73' lang='lat' dir='ltr'><strong>posset,</strong></span> <span class='ocrx_word' id='word_1_520' title='bbox 1127 5675 1180 5720; x_wconf 89' lang='lat' dir='ltr'><strong>et</strong></span> <span class='ocrx_word' id='word_1_521' title='bbox 1201 5674 1415 5736; x_wconf 81' lang='lat' dir='ltr'><strong>gereret</strong></span> <span class='ocrx_word' id='word_1_522' title='bbox 1451 5683 1572 5736; x_wconf 73' lang='lat' dir='ltr'><strong>qua:</strong></span> <span class='ocrx_word' id='word_1_523' title='bbox 1606 5667 1674 5722; x_wconf 87' lang='lat' dir='ltr'><strong>ab</strong></span> <span class='ocrx_word' id='word_1_524' title='bbox 1719 5669 1978 5725; x_wconf 87' lang='lat' dir='ltr'><strong>omnibus</strong></span> 
     </span>
    </p>
   </div>
   <div class='ocr_carea' id='block_1_77' title="bbox 398 5751 1976 5834">
    <p class='ocr_par' dir='ltr' id='par_1_77' title="bbox 398 5751 1976 5834">
     <span class='ocr_line' id='line_1_77' title="bbox 398 5751 1976 5834; baseline 0.014 -30"><span class='ocrx_word' id='word_1_525' title='bbox 398 5751 719 5810; x_wconf 78' lang='lat' dir='ltr'><strong>hominibus</strong></span> <span class='ocrx_word' id='word_1_526' title='bbox 749 5771 853 5812; x_wconf 87' lang='lat' dir='ltr'><strong>non</strong></span> <span class='ocrx_word' id='word_1_527' title='bbox 885 5769 1170 5828; x_wconf 77' lang='lat' dir='ltr'><strong>geruntur.</strong></span> <span class='ocrx_word' id='word_1_528' title='bbox 1217 5757 1298 5816; x_wconf 74' lang='lat' dir='ltr'><strong>Ad</strong></span> <span class='ocrx_word' id='word_1_529' title='bbox 1327 5773 1549 5817; x_wconf 68' lang='lat' dir='ltr'><strong>snncws</strong></span> <span class='ocrx_word' id='word_1_530' title='bbox 1582 5769 1778 5832; x_wconf 51' lang='grc' dir='ltr'>ιιι-ωιτν</span> <span class='ocrx_word' id='word_1_531' title='bbox 1799 5778 1841 5818; x_wconf 75' lang='lat' dir='ltr'><strong>&#39;a</strong></span> <span class='ocrx_word' id='word_1_532' title='bbox 1873 5763 1976 5834; x_wconf 73' lang='lat' dir='ltr'><strong>Uy-</strong></span> 
     </span>
    </p>
   </div>
   <div class='ocr_carea' id='block_1_78' title="bbox 2096 1902 3666 1974">
    <p class='ocr_par' dir='ltr' id='par_1_78' title="bbox 2096 1902 3666 1974">
     <span class='ocr_line' id='line_1_78' title="bbox 2096 1902 3666 1974; baseline 0.003 -21"><span class='ocrx_word' id='word_1_533' title='bbox 2096 1903 2282 1974; x_wconf 79' lang='grc' dir='ltr'>ηγεῖτο</span> <span class='ocrx_word' id='word_1_534' title='bbox 2313 1902 2498 1972; x_wconf 80' lang='grc' dir='ltr'>σαφῶς</span> <span class='ocrx_word' id='word_1_535' title='bbox 2527 1903 2587 1956; x_wconf 79' lang='grc' dir='ltr'><strong>τὸ</strong></span> <span class='ocrx_word' id='word_1_536' title='bbox 2615 1902 2874 1974; x_wconf 82' lang='grc' dir='ltr'>ἐπίθεμα,</span> <span class='ocrx_word' id='word_1_537' title='bbox 2907 1905 2999 1957; x_wconf 71' lang='grc' dir='ltr'><strong>καὶ</strong></span> <span class='ocrx_word' id='word_1_538' title='bbox 3021 1903 3112 1958; x_wconf 71' lang='grc' dir='ltr'>τὸν</span> <span class='ocrx_word' id='word_1_539' title='bbox 3154 1904 3318 1957; x_wconf 87' lang='grc' dir='ltr'>τόπον</span> <span class='ocrx_word' id='word_1_540' title='bbox 3340 1903 3469 1958; x_wconf 76' lang='grc' dir='ltr'>ἔνθα</span> <span class='ocrx_word' id='word_1_541' title='bbox 3488 1903 3666 1970; x_wconf 85' lang='grc' dir='ltr'>τοῦτο,</span> 
     </span>
    </p>
   </div>
   <div class='ocr_carea' id='block_1_79' title="bbox 2096 1989 3668 2068">
    <p class='ocr_par' dir='ltr' id='par_1_79' title="bbox 2096 1989 3668 2068">
     <span class='ocr_line' id='line_1_79' title="bbox 2096 1989 3668 2068; baseline 0.003 -24"><span class='ocrx_word' id='word_1_542' title='bbox 2096 1993 2284 2064; x_wconf 74' lang='grc' dir='ltr'>φησὶν,</span> <span class='ocrx_word' id='word_1_543' title='bbox 2315 1993 2654 2063; x_wconf 83' lang='grc' dir='ltr'>ἐμνημόνευε</span> <span class='ocrx_word' id='word_1_544' title='bbox 2681 2009 2696 2023; x_wconf 74' lang='grc'><strong>⁸</strong></span> <span class='ocrx_word' id='word_1_545' title='bbox 2725 1995 2820 2050; x_wconf 68' lang='grc' dir='ltr'><strong>καὶ</strong></span> <span class='ocrx_word' id='word_1_546' title='bbox 2869 1989 3058 2066; x_wconf 65' lang='grc' dir='ltr'>ἑτέρου</span> <span class='ocrx_word' id='word_1_547' title='bbox 3115 1994 3307 2048; x_wconf 78' lang='grc' dir='ltr'>θᾶττον</span> <span class='ocrx_word' id='word_1_548' title='bbox 3334 1994 3520 2066; x_wconf 66' lang='grc' dir='ltr'>ἰατροῦ</span> <span class='ocrx_word' id='word_1_549' title='bbox 3568 1995 3668 2068; x_wconf 77' lang='grc' dir='ltr'><strong>τὴν</strong></span> 
     </span>
    </p>
   </div>
   <div class='ocr_carea' id='block_1_80' title="bbox 2094 2083 3670 2160">
    <p class='ocr_par' dir='ltr' id='par_1_80' title="bbox 2094 2083 3670 2160">
     <span class='ocr_line' id='line_1_80' title="bbox 2094 2083 3670 2160; baseline 0.003 -24"><span class='ocrx_word' id='word_1_550' title='bbox 2094 2083 2288 2155; x_wconf 77' lang='grc' dir='ltr'>ἑτέραν</span> <span class='ocrx_word' id='word_1_551' title='bbox 2317 2085 2555 2149; x_wconf 82' lang='grc' dir='ltr'>ἀκούσας</span> <span class='ocrx_word' id='word_1_552' title='bbox 2589 2087 2902 2157; x_wconf 75' lang='grc' dir='ltr'><strong>ἐκόμπαζεν</strong></span> <span class='ocrx_word' id='word_1_553' title='bbox 2957 2087 3309 2160; x_wconf 81' lang='grc' dir='ltr'>ἐμπλαστρον</span> <span class='ocrx_word' id='word_1_554' title='bbox 3341 2105 3357 2119; x_wconf 91' lang='grc'><strong>·</strong></span> <span class='ocrx_word' id='word_1_555' title='bbox 3389 2090 3482 2141; x_wconf 78' lang='grc' dir='ltr'><strong>καὶ</strong></span> <span class='ocrx_word' id='word_1_556' title='bbox 3533 2089 3670 2142; x_wconf 83' lang='grc' dir='ltr'>πάν-</span> 
     </span>
    </p>
   </div>
   <div class='ocr_carea' id='block_1_81' title="bbox 2092 2175 3668 2249">
    <p class='ocr_par' dir='ltr' id='par_1_81' title="bbox 2092 2175 3668 2249">
     <span class='ocr_line' id='line_1_81' title="bbox 2092 2175 3668 2249; baseline 0.003 -23"><span class='ocrx_word' id='word_1_557' title='bbox 2092 2189 2201 2238; x_wconf 85' lang='grc' dir='ltr'><strong>τως</strong></span> <span class='ocrx_word' id='word_1_558' title='bbox 2225 2175 2292 2228; x_wconf 79' lang='grc' dir='ltr'>τὰ</span> <span class='ocrx_word' id='word_1_559' title='bbox 2337 2175 2474 2246; x_wconf 80' lang='grc' dir='ltr'>πρὸς</span> <span class='ocrx_word' id='word_1_560' title='bbox 2528 2177 2636 2231; x_wconf 92' lang='grc' dir='ltr'><strong>τῶν</strong></span> <span class='ocrx_word' id='word_1_561' title='bbox 2659 2177 2828 2247; x_wconf 88' lang='grc' dir='ltr'>ἁγίων</span> <span class='ocrx_word' id='word_1_562' title='bbox 2857 2177 3148 2249; x_wconf 77' lang='grc' dir='ltr'>λεγόμενα,</span> <span class='ocrx_word' id='word_1_563' title='bbox 3200 2178 3362 2232; x_wconf 86' lang='grc' dir='ltr'>τινῶν</span> <span class='ocrx_word' id='word_1_564' title='bbox 3397 2177 3668 2249; x_wconf 74' lang='grc' dir='ltr'><strong>ὑπάρχειν</strong></span> 
     </span>
    </p>
   </div>
   <div class='ocr_carea' id='block_1_82' title="bbox 2097 2265 3666 2342">
    <p class='ocr_par' dir='ltr' id='par_1_82' title="bbox 2097 2265 3666 2342">
     <span class='ocr_line' id='line_1_82' title="bbox 2097 2265 3666 2342; baseline 0.005 -24"><span class='ocrx_word' id='word_1_565' title='bbox 2097 2265 2296 2336; x_wconf 79' lang='grc' dir='ltr'>ἰατρῶν</span> <span class='ocrx_word' id='word_1_566' title='bbox 2316 2267 2682 2322; x_wconf 76' lang='grc' dir='ltr'>διεϐεϐαιοῦτο</span> <span class='ocrx_word' id='word_1_567' title='bbox 2715 2269 3036 2342; x_wconf 79' lang='grc' dir='ltr'>καττύματα</span> <span class='ocrx_word' id='word_1_568' title='bbox 3063 2286 3077 2302; x_wconf 77' lang='grc' dir='ltr'><strong>ο</strong></span> <span class='ocrx_word' id='word_1_569' title='bbox 3117 2271 3458 2341; x_wconf 82' lang='grc' dir='ltr'>φυσιολογῶν</span> <span class='ocrx_word' id='word_1_570' title='bbox 3485 2273 3572 2326; x_wconf 83' lang='grc' dir='ltr'>ἀεὶ</span> <span class='ocrx_word' id='word_1_571' title='bbox 3597 2273 3666 2326; x_wconf 85' lang='grc' dir='ltr'><strong>τὰ</strong></span> 
     </span>
    </p>
   </div>
   <div class='ocr_carea' id='block_1_83' title="bbox 2093 2358 3667 2436">
    <p class='ocr_par' dir='ltr' id='par_1_83' title="bbox 2093 2358 3667 2436">
     <span class='ocr_line' id='line_1_83' title="bbox 2093 2358 3667 2436; baseline 0.004 -27"><span class='ocrx_word' id='word_1_572' title='bbox 2093 2358 2220 2430; x_wconf 83' lang='grc' dir='ltr'>νοσή</span> <span class='ocrx_word' id='word_1_573' title='bbox 2231 2375 2394 2427; x_wconf 84' lang='grc' dir='ltr'>ματα,</span> <span class='ocrx_word' id='word_1_574' title='bbox 2435 2361 2528 2414; x_wconf 73' lang='grc' dir='ltr'>καὶ</span> <span class='ocrx_word' id='word_1_575' title='bbox 2558 2359 2656 2424; x_wconf 85' lang='grc' dir='ltr'><strong>τάς</strong></span> <span class='ocrx_word' id='word_1_576' title='bbox 2685 2361 2792 2416; x_wconf 79' lang='grc' dir='ltr'><strong>τῶν</strong></span> <span class='ocrx_word' id='word_1_577' title='bbox 2817 2363 3209 2435; x_wconf 84' lang='grc' dir='ltr'>διαδεδομένων</span> <span class='ocrx_word' id='word_1_578' title='bbox 3232 2363 3543 2436; x_wconf 85' lang='grc' dir='ltr'>ποιότητας.</span> <span class='ocrx_word' id='word_1_579' title='bbox 3571 2367 3667 2416; x_wconf 78' lang='grc' dir='ltr'>καὶ</span> 
     </span>
    </p>
   </div>
   <div class='ocr_carea' id='block_1_84' title="bbox 2093 2448 3666 2551">
    <p class='ocr_par' dir='ltr' id='par_1_84' title="bbox 2093 2448 3666 2551">
     <span class='ocr_line' id='line_1_84' title="bbox 2093 2448 3666 2551; baseline 0.006 -50"><span class='ocrx_word' id='word_1_580' title='bbox 2093 2449 2234 2504; x_wconf 85' lang='grc' dir='ltr'><strong>κατά</strong></span> <span class='ocrx_word' id='word_1_581' title='bbox 2255 2448 2414 2518; x_wconf 86' lang='grc' dir='ltr'>λόγον</span> <span class='ocrx_word' id='word_1_582' title='bbox 2445 2451 2584 2506; x_wconf 73' lang='grc' dir='ltr'>αὖτά</span> <span class='ocrx_word' id='word_1_583' title='bbox 2609 2453 2700 2507; x_wconf 74' lang='grc' dir='ltr'><strong>τὸν</strong></span> <span class='ocrx_word' id='word_1_584' title='bbox 2737 2453 2978 2526; x_wconf 68' lang='grc' dir='ltr'>ἰατρικὸν</span> <span class='ocrx_word' id='word_1_585' title='bbox 3013 2455 3422 2524; x_wconf 73' lang='grc' dir='ltr'>ἐπιτάττεσθαι,</span> <span class='ocrx_word' id='word_1_586' title='bbox 3441 2457 3537 2511; x_wconf 76' lang='grc' dir='ltr'>καὶ</span> <span class='ocrx_word' id='word_1_587' title='bbox 3557 2457 3666 2551; x_wconf 49' lang='grc' dir='ltr'><strong>τῶν</strong></span> 
     </span>
    </p>
   </div>
   <div class='ocr_carea' id='block_1_85' title="bbox 2092 2539 3207 2618">
    <p class='ocr_par' dir='ltr' id='par_1_85' title="bbox 2092 2539 3207 2618">
     <span class='ocr_line' id='line_1_85' title="bbox 2092 2539 3207 2618; baseline 0.007 -23"><span class='ocrx_word' id='word_1_588' title='bbox 2092 2539 2435 2613; x_wconf 80' lang='grc' dir='ltr'>παθημάτων</span> <span class='ocrx_word' id='word_1_589' title='bbox 2459 2545 2712 2616; x_wconf 76' lang='grc' dir='ltr'>ἐνεργεῖν</span> <span class='ocrx_word' id='word_1_590' title='bbox 2735 2545 2834 2617; x_wconf 81' lang='grc' dir='ltr'><strong>τὴν</strong></span> <span class='ocrx_word' id='word_1_591' title='bbox 2866 2545 3207 2618; x_wconf 85' lang='grc' dir='ltr'>καθαίρεσιν.</span> 
     </span>
    </p>
   </div>
   <div class='ocr_carea' id='block_1_86' title="bbox 2169 2737 3666 2812">
    <p class='ocr_par' dir='ltr' id='par_1_86' title="bbox 2169 2737 3666 2812">
     <span class='ocr_line' id='line_1_86' title="bbox 2169 2737 3666 2812; baseline 0.003 -20"><span class='ocrx_word' id='word_1_592' title='bbox 2169 2737 2330 2794; x_wconf 80' lang='grc' dir='ltr'>’Λλλά</span> <span class='ocrx_word' id='word_1_593' title='bbox 2378 2739 2583 2795; x_wconf 84' lang='grc' dir='ltr'>τούτων</span> <span class='ocrx_word' id='word_1_594' title='bbox 2648 2738 2816 2795; x_wconf 81' lang='grc' dir='ltr'>αὐτοῦ</span> <span class='ocrx_word' id='word_1_595' title='bbox 2871 2741 2979 2796; x_wconf 88' lang='grc' dir='ltr'><strong>τῶν</strong></span> <span class='ocrx_word' id='word_1_596' title='bbox 3029 2741 3350 2812; x_wconf 81' lang='grc' dir='ltr'>φληνάφων,</span> <span class='ocrx_word' id='word_1_597' title='bbox 3380 2742 3480 2798; x_wconf 80' lang='grc' dir='ltr'><strong>οὐκ</strong></span> <span class='ocrx_word' id='word_1_598' title='bbox 3507 2743 3666 2800; x_wconf 79' lang='grc' dir='ltr'>ἄλλον</span> 
     </span>
    </p>
   </div>
   <div class='ocr_carea' id='block_1_87' title="bbox 2085 2829 3665 2906">
    <p class='ocr_par' dir='ltr' id='par_1_87' title="bbox 2085 2829 3665 2906">
     <span class='ocr_line' id='line_1_87' title="bbox 2085 2829 3665 2906; baseline 0.003 -22"><span class='ocrx_word' id='word_1_599' title='bbox 2085 2829 2209 2885; x_wconf 73' lang='grc' dir='ltr'>τινὰ</span> <span class='ocrx_word' id='word_1_600' title='bbox 2243 2829 2580 2905; x_wconf 84' lang='grc' dir='ltr'>παριστῶσιν</span> <span class='ocrx_word' id='word_1_601' title='bbox 2607 2835 2657 2886; x_wconf 79' lang='grc' dir='ltr'>οἱ</span> <span class='ocrx_word' id='word_1_602' title='bbox 2696 2834 2972 2905; x_wconf 76' lang='grc' dir='ltr'>μάρτυρες</span> <span class='ocrx_word' id='word_1_603' title='bbox 2990 2833 3236 2906; x_wconf 75' lang='grc' dir='ltr'>ἔλεγχον,</span> <span class='ocrx_word' id='word_1_604' title='bbox 3269 2836 3316 2889; x_wconf 87' lang='grc' dir='ltr'>εἰ</span> <span class='ocrx_word' id='word_1_605' title='bbox 3346 2837 3438 2888; x_wconf 79' lang='grc' dir='ltr'>καὶ</span> <span class='ocrx_word' id='word_1_606' title='bbox 3479 2836 3665 2905; x_wconf 77' lang='grc' dir='ltr'>σαφῶς</span> 
     </span>
    </p>
   </div>
   <div class='ocr_carea' id='block_1_88' title="bbox 2087 2922 3666 2997">
    <p class='ocr_par' dir='ltr' id='par_1_88' title="bbox 2087 2922 3666 2997">
     <span class='ocr_line' id='line_1_88' title="bbox 2087 2922 3666 2997; baseline 0.003 -21"><span class='ocrx_word' id='word_1_607' title='bbox 2087 2922 2178 2976; x_wconf 75' lang='grc' dir='ltr'>ὑπ’</span> <span class='ocrx_word' id='word_1_608' title='bbox 2235 2924 2546 2978; x_wconf 83' lang='grc' dir='ltr'>αὐτῶντῶν</span> <span class='ocrx_word' id='word_1_609' title='bbox 2571 2925 2910 2996; x_wconf 81' lang='grc' dir='ltr'>πραγμάτων</span> <span class='ocrx_word' id='word_1_610' title='bbox 2958 2926 3292 2997; x_wconf 69' lang='grc' dir='ltr'>ἐλέγχονται,</span> <span class='ocrx_word' id='word_1_611' title='bbox 3339 2927 3456 2982; x_wconf 81' lang='grc' dir='ltr'>ἀλλ’</span> <span class='ocrx_word' id='word_1_612' title='bbox 3501 2927 3666 2982; x_wconf 77' lang='grc' dir='ltr'>αὐτὸν</span> 
     </span>
    </p>
   </div>
   <div class='ocr_carea' id='block_1_89' title="bbox 2083 3015 3652 3092">
    <p class='ocr_par' dir='ltr' id='par_1_89' title="bbox 2083 3015 3652 3092">
     <span class='ocr_line' id='line_1_89' title="bbox 2083 3015 3652 3092; baseline 0.001 -22"><span class='ocrx_word' id='word_1_613' title='bbox 2083 3015 2176 3070; x_wconf 81' lang='grc' dir='ltr'><strong>τὸν</strong></span> <span class='ocrx_word' id='word_1_614' title='bbox 2209 3017 2534 3089; x_wconf 79' lang='grc' dir='ltr'>παράφρονα</span> <span class='ocrx_word' id='word_1_615' title='bbox 2559 3018 2770 3083; x_wconf 86' lang='grc' dir='ltr'>Γέσιον,</span> <span class='ocrx_word' id='word_1_616' title='bbox 2793 3018 2885 3072; x_wconf 74' lang='grc' dir='ltr'><strong>τον</strong></span> <span class='ocrx_word' id='word_1_617' title='bbox 2913 3017 3118 3074; x_wconf 80' lang='grc' dir='ltr'>τούτων</span> <span class='ocrx_word' id='word_1_618' title='bbox 3149 3021 3382 3092; x_wconf 81' lang='grc' dir='ltr'>ποιητὴν</span> <span class='ocrx_word' id='word_1_619' title='bbox 3415 3021 3508 3074; x_wconf 75' lang='grc' dir='ltr'><strong>καὶ</strong></span> <span class='ocrx_word' id='word_1_620' title='bbox 3524 3037 3652 3090; x_wconf 89' lang='grc' dir='ltr'>γεν-</span> 
     </span>
    </p>
   </div>
   <div class='ocr_carea' id='block_1_90' title="bbox 2005 3109 3666 3186">
    <p class='ocr_par' dir='ltr' id='par_1_90' title="bbox 2005 3109 3666 3186">
     <span class='ocr_line' id='line_1_90' title="bbox 2005 3109 3666 3186; baseline 0.003 -25"><span class='ocrx_word' id='word_1_621' title='bbox 2005 3123 2051 3186; x_wconf 77' lang='lat' dir='ltr'>C</span> <span class='ocrx_word' id='word_1_622' title='bbox 2085 3110 2307 3180; x_wconf 85' lang='grc' dir='ltr'>νήτορα.</span> <span class='ocrx_word' id='word_1_623' title='bbox 2361 3109 2441 3162; x_wconf 89' lang='grc' dir='ltr'><strong>Τά</strong></span> <span class='ocrx_word' id='word_1_624' title='bbox 2470 3110 2613 3163; x_wconf 87' lang='grc' dir='ltr'>νῶτα</span> <span class='ocrx_word' id='word_1_625' title='bbox 2635 3109 2744 3180; x_wconf 83' lang='grc' dir='ltr'><strong>γάρ</strong></span> <span class='ocrx_word' id='word_1_626' title='bbox 2766 3109 3116 3184; x_wconf 88' lang='grc' dir='ltr'>ἀσθενήσαςὸ</span> <span class='ocrx_word' id='word_1_627' title='bbox 3155 3111 3404 3178; x_wconf 86' lang='grc' dir='ltr'>δείλαιος,</span> <span class='ocrx_word' id='word_1_628' title='bbox 3441 3113 3535 3168; x_wconf 83' lang='grc' dir='ltr'>καὶ</span> <span class='ocrx_word' id='word_1_629' title='bbox 3567 3111 3666 3167; x_wconf 70' lang='grc' dir='ltr'><strong>σὺν</strong></span> 
     </span>
    </p>
   </div>
   <div class='ocr_carea' id='block_1_91' title="bbox 2081 3197 3663 3276">
    <p class='ocr_par' dir='ltr' id='par_1_91' title="bbox 2081 3197 3663 3276">
     <span class='ocr_line' id='line_1_91' title="bbox 2081 3197 3663 3276; baseline 0.006 -26"><span class='ocrx_word' id='word_1_630' title='bbox 2081 3200 2201 3262; x_wconf 83' lang='grc' dir='ltr'>ταῖς</span> <span class='ocrx_word' id='word_1_631' title='bbox 2223 3197 2578 3268; x_wconf 77' lang='grc' dir='ltr'>ὠμοπλάταις</span> <span class='ocrx_word' id='word_1_632' title='bbox 2609 3199 2734 3262; x_wconf 81' lang='grc' dir='ltr'>τοὺς</span> <span class='ocrx_word' id='word_1_633' title='bbox 2753 3198 2937 3270; x_wconf 76' lang='grc' dir='ltr'>ὤμους</span> <span class='ocrx_word' id='word_1_634' title='bbox 2967 3201 3175 3264; x_wconf 76' lang='grc' dir='ltr'>αὐτοὺς</span> <span class='ocrx_word' id='word_1_635' title='bbox 3215 3203 3309 3256; x_wconf 77' lang='grc' dir='ltr'>καὶ</span> <span class='ocrx_word' id='word_1_636' title='bbox 3331 3203 3423 3258; x_wconf 79' lang='grc' dir='ltr'>τὸν</span> <span class='ocrx_word' id='word_1_637' title='bbox 3449 3205 3663 3276; x_wconf 87' lang='grc' dir='ltr'>τράχη-</span> 
     </span>
    </p>
   </div>
   <div class='ocr_carea' id='block_1_92' title="bbox 2081 3287 3666 3365">
    <p class='ocr_par' dir='ltr' id='par_1_92' title="bbox 2081 3287 3666 3365">
     <span class='ocr_line' id='line_1_92' title="bbox 2081 3287 3666 3365; baseline 0.005 -24"><span class='ocrx_word' id='word_1_638' title='bbox 2081 3287 2192 3352; x_wconf 83' lang='grc' dir='ltr'>λον,</span> <span class='ocrx_word' id='word_1_639' title='bbox 2224 3289 2300 3354; x_wconf 84' lang='grc' dir='ltr'>ὡς</span> <span class='ocrx_word' id='word_1_640' title='bbox 2359 3289 2422 3342; x_wconf 75' lang='grc' dir='ltr'>ἐκ</span> <span class='ocrx_word' id='word_1_641' title='bbox 2457 3307 2598 3354; x_wconf 88' lang='grc' dir='ltr'>τινος</span> <span class='ocrx_word' id='word_1_642' title='bbox 2627 3291 2775 3354; x_wconf 81' lang='grc' dir='ltr'>θείας</span> <span class='ocrx_word' id='word_1_643' title='bbox 2827 3291 3007 3363; x_wconf 82' lang='grc' dir='ltr'>ὁρμῆς</span> <span class='ocrx_word' id='word_1_644' title='bbox 3033 3290 3363 3358; x_wconf 81' lang='grc' dir='ltr'>αὐανθέντας</span> <span class='ocrx_word' id='word_1_645' title='bbox 3413 3294 3666 3365; x_wconf 76' lang='grc' dir='ltr'>ἐσχηκὼς</span> 
     </span>
    </p>
   </div>
   <div class='ocr_carea' id='block_1_93' title="bbox 2083 3378 3666 3456">
    <p class='ocr_par' dir='ltr' id='par_1_93' title="bbox 2083 3378 3666 3456">
     <span class='ocr_line' id='line_1_93' title="bbox 2083 3378 3666 3456; baseline 0.006 -26"><span class='ocrx_word' id='word_1_646' title='bbox 2083 3378 2178 3431; x_wconf 77' lang='grc' dir='ltr'>καὶ</span> <span class='ocrx_word' id='word_1_647' title='bbox 2211 3379 2390 3450; x_wconf 84' lang='grc' dir='ltr'>πάσης</span> <span class='ocrx_word' id='word_1_648' title='bbox 2418 3380 2752 3450; x_wconf 79' lang='grc' dir='ltr'>ἀμοιροῦντα</span> <span class='ocrx_word' id='word_1_649' title='bbox 2791 3382 3064 3452; x_wconf 79' lang='grc' dir='ltr'>κινήσεως</span> <span class='ocrx_word' id='word_1_650' title='bbox 3096 3381 3289 3452; x_wconf 88' lang='grc' dir='ltr'>(ταῦτα</span> <span class='ocrx_word' id='word_1_651' title='bbox 3317 3384 3426 3456; x_wconf 77' lang='grc' dir='ltr'><strong>γάρ</strong></span> <span class='ocrx_word' id='word_1_652' title='bbox 3458 3385 3526 3439; x_wconf 76' lang='grc' dir='ltr'><strong>τά</strong></span> <span class='ocrx_word' id='word_1_653' title='bbox 3554 3385 3666 3439; x_wconf 87' lang='grc' dir='ltr'><strong>τῶν</strong></span> 
     </span>
    </p>
   </div>
   <div class='ocr_carea' id='block_1_94' title="bbox 2085 3467 3666 3546">
    <p class='ocr_par' dir='ltr' id='par_1_94' title="bbox 2085 3467 3666 3546">
     <span class='ocr_line' id='line_1_94' title="bbox 2085 3467 3666 3546; baseline 0.005 -24"><span class='ocrx_word' id='word_1_654' title='bbox 2085 3467 2256 3534; x_wconf 83' lang='grc' dir='ltr'>ξύλων</span> <span class='ocrx_word' id='word_1_655' title='bbox 2285 3467 2426 3542; x_wconf 80' lang='grc' dir='ltr'>ξηρά</span> <span class='ocrx_word' id='word_1_656' title='bbox 2470 3487 2528 3524; x_wconf 87' lang='grc' dir='ltr'><strong>τε</strong></span> <span class='ocrx_word' id='word_1_657' title='bbox 2558 3473 2654 3525; x_wconf 70' lang='grc' dir='ltr'>καὶ</span> <span class='ocrx_word' id='word_1_658' title='bbox 2703 3472 2910 3542; x_wconf 79' lang='grc' dir='ltr'>ἄναιμα</span> <span class='ocrx_word' id='word_1_659' title='bbox 2942 3473 3000 3526; x_wconf 78' lang='grc' dir='ltr'><strong>ἐν</strong></span> <span class='ocrx_word' id='word_1_660' title='bbox 3027 3473 3107 3544; x_wconf 85' lang='grc' dir='ltr'><strong>τῷ-</strong></span> <span class='ocrx_word' id='word_1_661' title='bbox 3145 3472 3308 3538; x_wconf 75' lang='grc' dir='ltr'>ζῶντι</span> <span class='ocrx_word' id='word_1_662' title='bbox 3327 3476 3666 3546; x_wconf 75' lang='grc' dir='ltr'>τυγχάνοντα</span> 
     </span>
    </p>
   </div>
   <div class='ocr_carea' id='block_1_95' title="bbox 2087 3560 3660 3638">
    <p class='ocr_par' dir='ltr' id='par_1_95' title="bbox 2087 3560 3660 3638">
     <span class='ocr_line' id='line_1_95' title="bbox 2087 3560 3660 3638; baseline 0.004 -25"><span class='ocrx_word' id='word_1_663' title='bbox 2087 3560 2320 3630; x_wconf 84' lang='grc' dir='ltr'>σώματι,</span> <span class='ocrx_word' id='word_1_664' title='bbox 2347 3560 2524 3614; x_wconf 78' lang='grc' dir='ltr'>ἐλάλει</span> <span class='ocrx_word' id='word_1_665' title='bbox 2556 3563 2676 3616; x_wconf 85' lang='grc' dir='ltr'>τότε</span> <span class='ocrx_word' id='word_1_666' title='bbox 2705 3563 2800 3618; x_wconf 69' lang='grc' dir='ltr'><strong>καὶ</strong></span> <span class='ocrx_word' id='word_1_667' title='bbox 2844 3563 3152 3636; x_wconf 74' lang='grc' dir='ltr'>ὑπέγραφε,</span> <span class='ocrx_word' id='word_1_668' title='bbox 3219 3567 3316 3618; x_wconf 64' lang='lat' dir='ltr'><strong>ut</strong></span> <span class='ocrx_word' id='word_1_669' title='bbox 3343 3567 3442 3636; x_wconf 85' lang='grc' dir='ltr'><strong>τὴν</strong></span> <span class='ocrx_word' id='word_1_670' title='bbox 3462 3566 3660 3638; x_wconf 81' lang='grc' dir='ltr'>ὀδύνην</span> 
     </span>
    </p>
   </div>
   <div class='ocr_carea' id='block_1_96' title="bbox 2083 3647 3662 3724">
    <p class='ocr_par' dir='ltr' id='par_1_96' title="bbox 2083 3647 3662 3724">
     <span class='ocr_line' id='line_1_96' title="bbox 2083 3647 3662 3724; baseline 0.007 -25"><span class='ocrx_word' id='word_1_671' title='bbox 2083 3647 2317 3700; x_wconf 75' lang='grc' dir='ltr'>ἐποιεῖτο</span> <span class='ocrx_word' id='word_1_672' title='bbox 2348 3651 2412 3720; x_wconf 79' lang='grc' dir='ltr'>τῇ</span> <span class='ocrx_word' id='word_1_673' title='bbox 2443 3648 2670 3724; x_wconf 81' lang='grc' dir='ltr'>τοιαύτῃ</span> <span class='ocrx_word' id='word_1_674' title='bbox 2697 3651 2922 3707; x_wconf 79' lang='grc' dir='ltr'>κολάσει</span> <span class='ocrx_word' id='word_1_675' title='bbox 2989 3653 3370 3724; x_wconf 77' lang='grc' dir='ltr'>κατάλληλον),</span> <span class='ocrx_word' id='word_1_676' title='bbox 3419 3656 3516 3710; x_wconf 77' lang='grc' dir='ltr'>καὶ</span> <span class='ocrx_word' id='word_1_677' title='bbox 3565 3657 3662 3710; x_wconf 87' lang='grc' dir='ltr'><strong>τοῦ</strong></span> 
     </span>
    </p>
   </div>
   <div class='ocr_carea' id='block_1_97' title="bbox 2085 3739 3657 3816">
    <p class='ocr_par' dir='ltr' id='par_1_97' title="bbox 2085 3739 3657 3816">
     <span class='ocr_line' id='line_1_97' title="bbox 2085 3739 3657 3816; baseline 0.004 -22"><span class='ocrx_word' id='word_1_678' title='bbox 2085 3739 2290 3804; x_wconf 84' lang='grc' dir='ltr'>πάθους</span> <span class='ocrx_word' id='word_1_679' title='bbox 2323 3741 2599 3812; x_wconf 80' lang='grc' dir='ltr'>ἀγνοήσας</span> <span class='ocrx_word' id='word_1_680' title='bbox 2625 3742 2688 3795; x_wconf 90' lang='grc' dir='ltr'><strong>τδ</strong></span> <span class='ocrx_word' id='word_1_681' title='bbox 2709 3743 2905 3810; x_wconf 81' lang='grc' dir='ltr'>αἴτιον,</span> <span class='ocrx_word' id='word_1_682' title='bbox 2943 3745 3212 3816; x_wconf 71' lang='grc' dir='ltr'>ἰατρεύειν</span> <span class='ocrx_word' id='word_1_683' title='bbox 3246 3747 3436 3800; x_wconf 67' lang='grc' dir='ltr'>έαυτῦν</span> <span class='ocrx_word' id='word_1_684' title='bbox 3477 3749 3506 3800; x_wconf 84' lang='grc' dir='ltr'>ὁ</span> <span class='ocrx_word' id='word_1_685' title='bbox 3529 3747 3657 3812; x_wconf 69' lang='grc' dir='ltr'>τοὺς</span> 
     </span>
    </p>
   </div>
   <div class='ocr_carea' id='block_1_98' title="bbox 2083 3831 3664 3910">
    <p class='ocr_par' dir='ltr' id='par_1_98' title="bbox 2083 3831 3664 3910">
     <span class='ocr_line' id='line_1_98' title="bbox 2083 3831 3664 3910; baseline 0.003 -22"><span class='ocrx_word' id='word_1_686' title='bbox 2083 3831 2274 3896; x_wconf 72' lang='grc' dir='ltr'>ἄλλους</span> <span class='ocrx_word' id='word_1_687' title='bbox 2311 3833 2540 3906; x_wconf 86' lang='grc' dir='ltr'>ἰώμενος</span> <span class='ocrx_word' id='word_1_688' title='bbox 2566 3833 2892 3904; x_wconf 66' lang='grc' dir='ltr'>ἠγωνίζετο.</span> <span class='ocrx_word' id='word_1_689' title='bbox 2915 3835 3155 3908; x_wconf 82' lang='grc' dir='ltr'>Ἐχρῆτο</span> <span class='ocrx_word' id='word_1_690' title='bbox 3199 3837 3331 3906; x_wconf 85' lang='grc' dir='ltr'>γοῦν</span> <span class='ocrx_word' id='word_1_691' title='bbox 3383 3838 3664 3910; x_wconf 77' lang='grc' dir='ltr'>διαφόροις</span> 
     </span>
    </p>
   </div>
   <div class='ocr_carea' id='block_1_99' title="bbox 2083 3923 3656 3998">
    <p class='ocr_par' dir='ltr' id='par_1_99' title="bbox 2083 3923 3656 3998">
     <span class='ocr_line' id='line_1_99' title="bbox 2083 3923 3656 3998; baseline 0 -20"><span class='ocrx_word' id='word_1_692' title='bbox 2083 3923 2420 3994; x_wconf 81' lang='grc' dir='ltr'>ἀλείμμασιν</span> <span class='ocrx_word' id='word_1_693' title='bbox 2461 3923 2558 3978; x_wconf 80' lang='grc' dir='ltr'>καὶ</span> <span class='ocrx_word' id='word_1_694' title='bbox 2604 3923 2925 3996; x_wconf 85' lang='grc' dir='ltr'>καθαρσίοις</span> <span class='ocrx_word' id='word_1_695' title='bbox 2976 3926 3085 3980; x_wconf 90' lang='grc' dir='ltr'><strong>τῶν</strong></span> <span class='ocrx_word' id='word_1_696' title='bbox 3134 3927 3488 3998; x_wconf 79' lang='grc' dir='ltr'>ἀλειμμάτων</span> <span class='ocrx_word' id='word_1_697' title='bbox 3556 3928 3656 3998; x_wconf 74' lang='grc' dir='ltr'>οὐχ</span> 
     </span>
    </p>
   </div>
   <div class='ocr_carea' id='block_1_100' title="bbox 2081 4017 3660 4092">
    <p class='ocr_par' dir='ltr' id='par_1_100' title="bbox 2081 4017 3660 4092">
     <span class='ocr_line' id='line_1_100' title="bbox 2081 4017 3660 4092; baseline 0.002 -22"><span class='ocrx_word' id='word_1_698' title='bbox 2081 4018 2317 4088; x_wconf 72' lang='grc' dir='ltr'>ἥττοσιν,</span> <span class='ocrx_word' id='word_1_699' title='bbox 2343 4017 2553 4081; x_wconf 78' lang='grc' dir='ltr'>διαίτας</span> <span class='ocrx_word' id='word_1_700' title='bbox 2571 4034 2632 4071; x_wconf 90' lang='grc' dir='ltr'><strong>τε</strong></span> <span class='ocrx_word' id='word_1_701' title='bbox 2659 4017 3031 4091; x_wconf 86' lang='grc' dir='ltr'>πολυτρόπους</span> <span class='ocrx_word' id='word_1_702' title='bbox 3075 4018 3350 4090; x_wconf 80' lang='grc' dir='ltr'>διήμειϐε,</span> <span class='ocrx_word' id='word_1_703' title='bbox 3407 4022 3504 4076; x_wconf 76' lang='grc' dir='ltr'>καὶ</span> <span class='ocrx_word' id='word_1_704' title='bbox 3534 4021 3660 4092; x_wconf 85' lang='grc' dir='ltr'>θερ-</span> 
     </span>
    </p>
   </div>
   <div class='ocr_carea' id='block_1_101' title="bbox 2087 4108 3665 4182">
    <p class='ocr_par' dir='ltr' id='par_1_101' title="bbox 2087 4108 3665 4182">
     <span class='ocr_line' id='line_1_101' title="bbox 2087 4108 3665 4182; baseline 0.003 -19"><span class='ocrx_word' id='word_1_705' title='bbox 2087 4111 2332 4182; x_wconf 84' lang='grc' dir='ltr'>μοτέρων</span> <span class='ocrx_word' id='word_1_706' title='bbox 2387 4109 2602 4182; x_wconf 78' lang='grc' dir='ltr'>τροφῶν</span> <span class='ocrx_word' id='word_1_707' title='bbox 2659 4109 3043 4182; x_wconf 71' lang='grc' dir='ltr'>μετελάμϐανε</span> <span class='ocrx_word' id='word_1_708' title='bbox 3071 4152 3086 4177; x_wconf 86' lang='grc'><strong>,</strong></span> <span class='ocrx_word' id='word_1_709' title='bbox 3138 4111 3300 4181; x_wconf 76' lang='grc' dir='ltr'>ψύξιν</span> <span class='ocrx_word' id='word_1_710' title='bbox 3373 4108 3514 4166; x_wconf 79' lang='grc' dir='ltr'>εἶναι</span> <span class='ocrx_word' id='word_1_711' title='bbox 3571 4115 3665 4167; x_wconf 71' lang='lat' dir='ltr'><strong>mi.</strong></span> 
     </span>
    </p>
   </div>
   <div class='ocr_carea' id='block_1_102' title="bbox 2084 4197 3655 4276">
    <p class='ocr_par' dir='ltr' id='par_1_102' title="bbox 2084 4197 3655 4276">
     <span class='ocr_line' id='line_1_102' title="bbox 2084 4197 3655 4276; baseline 0.002 -23"><span class='ocrx_word' id='word_1_712' title='bbox 2084 4203 2299 4272; x_wconf 77' lang='grc' dir='ltr'>φλέγμα</span> <span class='ocrx_word' id='word_1_713' title='bbox 2331 4202 2431 4274; x_wconf 81' lang='grc' dir='ltr'>τὴν</span> <span class='ocrx_word' id='word_1_714' title='bbox 2469 4205 2526 4256; x_wconf 79' lang='grc' dir='ltr'>ὲν</span> <span class='ocrx_word' id='word_1_715' title='bbox 2555 4201 2782 4266; x_wconf 81' lang='grc' dir='ltr'>ἐκείνοις</span> <span class='ocrx_word' id='word_1_716' title='bbox 2807 4197 2974 4257; x_wconf 79' lang='grc' dir='ltr'>οὖσαν</span> <span class='ocrx_word' id='word_1_717' title='bbox 3001 4205 3116 4266; x_wconf 80' lang='grc' dir='ltr'>τοῖς</span> <span class='ocrx_word' id='word_1_718' title='bbox 3174 4205 3360 4268; x_wconf 80' lang='grc' dir='ltr'>τόποις</span> <span class='ocrx_word' id='word_1_719' title='bbox 3386 4205 3655 4276; x_wconf 86' lang='grc' dir='ltr'>οἰόμενος,</span> 
     </span>
    </p>
   </div>
   <div class='ocr_carea' id='block_1_103' title="bbox 2084 4293 3664 4370">
    <p class='ocr_par' dir='ltr' id='par_1_103' title="bbox 2084 4293 3664 4370">
     <span class='ocr_line' id='line_1_103' title="bbox 2084 4293 3664 4370; baseline 0.003 -22"><span class='ocrx_word' id='word_1_720' title='bbox 2084 4294 2178 4348; x_wconf 74' lang='grc' dir='ltr'><strong>καὶ</strong></span> <span class='ocrx_word' id='word_1_721' title='bbox 2209 4293 2383 4367; x_wconf 78' lang='grc' dir='ltr'>ταύτῃ</span> <span class='ocrx_word' id='word_1_722' title='bbox 2398 4293 2770 4367; x_wconf 64' lang='grc' dir='ltr'>διαφορεῖσθαι</span> <span class='ocrx_word' id='word_1_723' title='bbox 2791 4293 2964 4348; x_wconf 87' lang='grc' dir='ltr'>δοκῶν</span> <span class='ocrx_word' id='word_1_724' title='bbox 2997 4296 3058 4349; x_wconf 83' lang='grc' dir='ltr'>τὺ</span> <span class='ocrx_word' id='word_1_725' title='bbox 3086 4295 3186 4365; x_wconf 85' lang='grc' dir='ltr'><strong>τῆς</strong></span> <span class='ocrx_word' id='word_1_726' title='bbox 3210 4296 3494 4362; x_wconf 85' lang='grc' dir='ltr'>ἀσθενείας</span> <span class='ocrx_word' id='word_1_727' title='bbox 3519 4315 3664 4370; x_wconf 85' lang='grc' dir='ltr'>παρ-</span> 
     </span>
    </p>
   </div>
   <div class='ocr_carea' id='block_1_104' title="bbox 2085 4387 2280 4441">
    <p class='ocr_par' dir='ltr' id='par_1_104' title="bbox 2085 4387 2280 4441">
     <span class='ocr_line' id='line_1_104' title="bbox 2085 4387 2280 4441; baseline 0.005 -1"><span class='ocrx_word' id='word_1_728' title='bbox 2085 4387 2280 4441; x_wconf 88' lang='grc' dir='ltr'>αίτιον.</span> 
     </span>
    </p>
   </div>
   <div class='ocr_carea' id='block_1_105' title="bbox 2166 4479 3663 4552">
    <p class='ocr_par' dir='ltr' id='par_1_105' title="bbox 2166 4479 3663 4552">
     <span class='ocr_line' id='line_1_105' title="bbox 2166 4479 3663 4552; baseline 0.001 -18"><span class='ocrx_word' id='word_1_729' title='bbox 2166 4479 2254 4544; x_wconf 82' lang='grc' dir='ltr'>Ὠς</span> <span class='ocrx_word' id='word_1_730' title='bbox 2305 4479 2363 4533; x_wconf 79' lang='grc' dir='ltr'>δὲ</span> <span class='ocrx_word' id='word_1_731' title='bbox 2405 4481 2582 4535; x_wconf 81' lang='grc' dir='ltr'>πάντα</span> <span class='ocrx_word' id='word_1_732' title='bbox 2627 4481 2699 4534; x_wconf 80' lang='grc' dir='ltr'>τὰ</span> <span class='ocrx_word' id='word_1_733' title='bbox 2725 4481 2825 4552; x_wconf 81' lang='grc' dir='ltr'><strong>τῆς</strong></span> <span class='ocrx_word' id='word_1_734' title='bbox 2869 4496 2928 4536; x_wconf 88' lang='grc' dir='ltr'><strong>τε</strong></span> <span class='ocrx_word' id='word_1_735' title='bbox 2961 4479 3156 4552; x_wconf 81' lang='grc' dir='ltr'>τέχνης</span> <span class='ocrx_word' id='word_1_736' title='bbox 3191 4481 3518 4552; x_wconf 86' lang='grc' dir='ltr'>πεποίηκεν,</span> <span class='ocrx_word' id='word_1_737' title='bbox 3565 4483 3663 4536; x_wconf 75' lang='grc' dir='ltr'><strong>καὶ</strong></span> 
     </span>
    </p>
   </div>
   <div class='ocr_carea' id='block_1_106' title="bbox 2079 4569 3664 4646">
    <p class='ocr_par' dir='ltr' id='par_1_106' title="bbox 2079 4569 3664 4646">
     <span class='ocr_line' id='line_1_106' title="bbox 2079 4569 3664 4646; baseline 0.003 -22"><span class='ocrx_word' id='word_1_738' title='bbox 2079 4572 2119 4624; x_wconf 92' lang='grc' dir='ltr'><strong>Γ</strong></span> <span class='ocrx_word' id='word_1_739' title='bbox 2121 4571 2318 4640; x_wconf 68' lang='grc' dir='ltr'>αλὶςνδς</span> <span class='ocrx_word' id='word_1_740' title='bbox 2347 4571 2511 4627; x_wconf 84' lang='grc' dir='ltr'>αὐτὸν</span> <span class='ocrx_word' id='word_1_741' title='bbox 2555 4571 2652 4626; x_wconf 73' lang='grc' dir='ltr'>καὶ</span> <span class='ocrx_word' id='word_1_742' title='bbox 2688 4569 3054 4646; x_wconf 82' lang='grc' dir='ltr'>Ἱπποκράτης</span> <span class='ocrx_word' id='word_1_743' title='bbox 3107 4575 3200 4629; x_wconf 77' lang='grc' dir='ltr'><strong>καὶ</strong></span> <span class='ocrx_word' id='word_1_744' title='bbox 3231 4574 3339 4628; x_wconf 89' lang='grc' dir='ltr'><strong>τῶν</strong></span> <span class='ocrx_word' id='word_1_745' title='bbox 3381 4575 3554 4630; x_wconf 84' lang='grc' dir='ltr'>ἀλλων</span> <span class='ocrx_word' id='word_1_746' title='bbox 3579 4575 3664 4628; x_wconf 83' lang='grc' dir='ltr'>ία-</span> 
     </span>
    </p>
   </div>
   <div class='ocr_carea' id='block_1_107' title="bbox 2076 4662 3666 4735">
    <p class='ocr_par' dir='ltr' id='par_1_107' title="bbox 2076 4662 3666 4735">
     <span class='ocr_line' id='line_1_107' title="bbox 2076 4662 3666 4735; baseline 0.003 -19"><span class='ocrx_word' id='word_1_747' title='bbox 2076 4663 2224 4735; x_wconf 88' lang='grc' dir='ltr'>τρῶν</span> <span class='ocrx_word' id='word_1_748' title='bbox 2253 4664 2282 4716; x_wconf 89' lang='grc' dir='ltr'>ὁ</span> <span class='ocrx_word' id='word_1_749' title='bbox 2315 4662 2479 4733; x_wconf 75' lang='grc' dir='ltr'>ἐσμὸς</span> <span class='ocrx_word' id='word_1_750' title='bbox 2509 4662 2880 4730; x_wconf 79' lang='grc' dir='ltr'>ὲξεπαίδευσε,</span> <span class='ocrx_word' id='word_1_751' title='bbox 2914 4665 3094 4720; x_wconf 76' lang='grc' dir='ltr'>καὶτὸ</span> <span class='ocrx_word' id='word_1_752' title='bbox 3124 4665 3297 4730; x_wconf 77' lang='grc' dir='ltr'>πάθος</span> <span class='ocrx_word' id='word_1_753' title='bbox 3347 4666 3502 4720; x_wconf 71' lang='grc' dir='ltr'>οὖδὲν</span> <span class='ocrx_word' id='word_1_754' title='bbox 3558 4668 3666 4720; x_wconf 82' lang='grc' dir='ltr'>ἀπ-</span> 
     </span>
    </p>
   </div>
   <div class='ocr_carea' id='block_1_108' title="bbox 2077 4751 3666 4830">
    <p class='ocr_par' dir='ltr' id='par_1_108' title="bbox 2077 4751 3666 4830">
     <span class='ocr_line' id='line_1_108' title="bbox 2077 4751 3666 4830; baseline 0.003 -23"><span class='ocrx_word' id='word_1_755' title='bbox 2077 4773 2100 4808; x_wconf 93' lang='grc' dir='ltr'><strong>ε</strong></span> <span class='ocrx_word' id='word_1_756' title='bbox 2111 4754 2334 4826; x_wconf 86' lang='grc' dir='ltr'>μείωσε,</span> <span class='ocrx_word' id='word_1_757' title='bbox 2361 4751 2486 4809; x_wconf 75' lang='grc' dir='ltr'>οὔτε</span> <span class='ocrx_word' id='word_1_758' title='bbox 2509 4755 2630 4810; x_wconf 75' lang='grc' dir='ltr'>τινὰ</span> <span class='ocrx_word' id='word_1_759' title='bbox 2653 4755 2990 4828; x_wconf 85' lang='grc' dir='ltr'>τριπόθητον</span> <span class='ocrx_word' id='word_1_760' title='bbox 3021 4758 3234 4828; x_wconf 84' lang='grc' dir='ltr'>κίνησιν</span> <span class='ocrx_word' id='word_1_761' title='bbox 3259 4761 3371 4822; x_wconf 83' lang='grc' dir='ltr'>τοῖς</span> <span class='ocrx_word' id='word_1_762' title='bbox 3387 4759 3666 4830; x_wconf 84' lang='grc' dir='ltr'>ἀκινήτοις</span> 
     </span>
    </p>
   </div>
   <div class='ocr_carea' id='block_1_109' title="bbox 2079 4846 3664 4922">
    <p class='ocr_par' dir='ltr' id='par_1_109' title="bbox 2079 4846 3664 4922">
     <span class='ocr_line' id='line_1_109' title="bbox 2079 4846 3664 4922; baseline 0.001 -20"><span class='ocrx_word' id='word_1_763' title='bbox 2079 4849 2296 4920; x_wconf 80' lang='grc' dir='ltr'>μέλεσιν</span> <span class='ocrx_word' id='word_1_764' title='bbox 2319 4846 2559 4920; x_wconf 74' lang='grc' dir='ltr'>ἠδυνήθη</span> <span class='ocrx_word' id='word_1_765' title='bbox 2586 4847 2936 4920; x_wconf 78' lang='grc' dir='ltr'>χαρίσασθαι,</span> <span class='ocrx_word' id='word_1_766' title='bbox 2963 4851 3093 4914; x_wconf 81' lang='grc' dir='ltr'>τοὺς</span> <span class='ocrx_word' id='word_1_767' title='bbox 3146 4850 3390 4922; x_wconf 72' lang='grc' dir='ltr'>κομψοὺς</span> <span class='ocrx_word' id='word_1_768' title='bbox 3445 4851 3554 4906; x_wconf 87' lang='grc' dir='ltr'><strong>τῶν</strong></span> <span class='ocrx_word' id='word_1_769' title='bbox 3581 4853 3664 4904; x_wconf 75' lang='lat' dir='ltr'><strong>tat-</strong></span> 
     </span>
    </p>
   </div>
   <div class='ocr_carea' id='block_1_110' title="bbox 2075 4939 3664 5013">
    <p class='ocr_par' dir='ltr' id='par_1_110' title="bbox 2075 4939 3664 5013">
     <span class='ocr_line' id='line_1_110' title="bbox 2075 4939 3664 5013; baseline 0 -19"><span class='ocrx_word' id='word_1_770' title='bbox 2075 4939 2223 5012; x_wconf 82' lang='grc' dir='ltr'>τρῶν</span> <span class='ocrx_word' id='word_1_771' title='bbox 2261 4940 2704 5012; x_wconf 83' lang='grc' dir='ltr'>μεταστέλλεται,</span> <span class='ocrx_word' id='word_1_772' title='bbox 2737 4942 2832 4994; x_wconf 70' lang='grc' dir='ltr'><strong>καὶ</strong></span> <span class='ocrx_word' id='word_1_773' title='bbox 2876 4941 3301 5013; x_wconf 85' lang='grc' dir='ltr'>προσελθόντας,</span> <span class='ocrx_word' id='word_1_774' title='bbox 3328 4941 3503 4996; x_wconf 83' lang='grc' dir='ltr'>εἰπὼν</span> <span class='ocrx_word' id='word_1_775' title='bbox 3567 4943 3664 5011; x_wconf 72' lang='grc' dir='ltr'><strong>τὴν</strong></span> 
     </span>
    </p>
   </div>
   <div class='ocr_carea' id='block_1_111' title="bbox 2077 5031 3660 5104">
    <p class='ocr_par' dir='ltr' id='par_1_111' title="bbox 2077 5031 3660 5104">
     <span class='ocr_line' id='line_1_111' title="bbox 2077 5031 3660 5104; baseline -0.003 -17"><span class='ocrx_word' id='word_1_776' title='bbox 2077 5033 2382 5096; x_wconf 81' lang='grc' dir='ltr'>ἀσθένειαν,</span> <span class='ocrx_word' id='word_1_777' title='bbox 2429 5033 2636 5104; x_wconf 80' lang='grc' dir='ltr'>ταύτης</span> <span class='ocrx_word' id='word_1_778' title='bbox 2683 5033 2882 5096; x_wconf 79' lang='grc' dir='ltr'>αὐτοὺς</span> <span class='ocrx_word' id='word_1_779' title='bbox 2922 5032 3120 5104; x_wconf 78' lang='grc' dir='ltr'>ἀπῄτει</span> <span class='ocrx_word' id='word_1_780' title='bbox 3173 5032 3490 5102; x_wconf 78' lang='grc' dir='ltr'>φάρμακον.</span> <span class='ocrx_word' id='word_1_781' title='bbox 3560 5031 3660 5095; x_wconf 83' lang='grc' dir='ltr'>Ὠς</span> 
     </span>
    </p>
   </div>
   <div class='ocr_carea' id='block_1_112' title="bbox 2077 5119 3665 5194">
    <p class='ocr_par' dir='ltr' id='par_1_112' title="bbox 2077 5119 3665 5194">
     <span class='ocr_line' id='line_1_112' title="bbox 2077 5119 3665 5194; baseline -0.004 -16"><span class='ocrx_word' id='word_1_782' title='bbox 2077 5125 2309 5188; x_wconf 70' lang='grc' dir='ltr'>ἕκαστος</span> <span class='ocrx_word' id='word_1_783' title='bbox 2335 5123 2390 5176; x_wconf 82' lang='grc' dir='ltr'><strong>δὲ</strong></span> <span class='ocrx_word' id='word_1_784' title='bbox 2415 5124 2474 5176; x_wconf 73' lang='grc' dir='ltr'><strong>τὸ</strong></span> <span class='ocrx_word' id='word_1_785' title='bbox 2535 5122 2693 5188; x_wconf 80' lang='grc' dir='ltr'>δόξαν</span> <span class='ocrx_word' id='word_1_786' title='bbox 2719 5121 3089 5194; x_wconf 79' lang='grc' dir='ltr'>ἀπήγγελλον,</span> <span class='ocrx_word' id='word_1_787' title='bbox 3136 5121 3456 5175; x_wconf 80' lang='grc' dir='ltr'>τελευταῖον</span> <span class='ocrx_word' id='word_1_788' title='bbox 3503 5119 3665 5182; x_wconf 74' lang='grc' dir='ltr'>αὐτὸς</span> 
     </span>
    </p>
   </div>
   <div class='ocr_carea' id='block_1_113' title="bbox 2079 5210 3665 5285">
    <p class='ocr_par' dir='ltr' id='par_1_113' title="bbox 2079 5210 3665 5285">
     <span class='ocr_line' id='line_1_113' title="bbox 2079 5210 3665 5285; baseline -0.002 -18"><span class='ocrx_word' id='word_1_789' title='bbox 2079 5212 2294 5267; x_wconf 71' lang='grc' dir='ltr'>ᾶπαντα</span> <span class='ocrx_word' id='word_1_790' title='bbox 2324 5213 2639 5285; x_wconf 82' lang='grc' dir='ltr'>δεδρακέναι</span> <span class='ocrx_word' id='word_1_791' title='bbox 2667 5213 2736 5266; x_wconf 83' lang='grc' dir='ltr'><strong>τά</strong></span> <span class='ocrx_word' id='word_1_792' title='bbox 2763 5211 3024 5283; x_wconf 78' lang='grc' dir='ltr'>λεχθέντα</span> <span class='ocrx_word' id='word_1_793' title='bbox 3072 5210 3207 5284; x_wconf 84' lang='grc' dir='ltr'>πρὸς</span> <span class='ocrx_word' id='word_1_794' title='bbox 3261 5211 3440 5265; x_wconf 75' lang='grc' dir='ltr'>αὐτῶν</span> <span class='ocrx_word' id='word_1_795' title='bbox 3465 5211 3665 5280; x_wconf 75' lang='grc' dir='ltr'>διηγή-</span> 
     </span>
    </p>
   </div>
   <div class='ocr_carea' id='block_1_114' title="bbox 2081 5300 3666 5374">
    <p class='ocr_par' dir='ltr' id='par_1_114' title="bbox 2081 5300 3666 5374">
     <span class='ocr_line' id='line_1_114' title="bbox 2081 5300 3666 5374; baseline -0.005 -13"><span class='ocrx_word' id='word_1_796' title='bbox 2081 5323 2232 5364; x_wconf 88' lang='grc' dir='ltr'>σατο.</span> <span class='ocrx_word' id='word_1_797' title='bbox 2292 5307 2356 5360; x_wconf 88' lang='grc' dir='ltr'>Οἱ</span> <span class='ocrx_word' id='word_1_798' title='bbox 2399 5305 2457 5358; x_wconf 79' lang='grc' dir='ltr'>δὲ</span> <span class='ocrx_word' id='word_1_799' title='bbox 2515 5305 2719 5359; x_wconf 88' lang='grc' dir='ltr'>τούτων</span> <span class='ocrx_word' id='word_1_800' title='bbox 2797 5302 3157 5368; x_wconf 82' lang='grc' dir='ltr'>ἀκούσαντες,</span> <span class='ocrx_word' id='word_1_801' title='bbox 3213 5303 3423 5374; x_wconf 62' lang='grc' dir='ltr'>ἀφασίᾳ</span> <span class='ocrx_word' id='word_1_802' title='bbox 3472 5300 3666 5355; x_wconf 80' lang='grc' dir='ltr'><strong>κατεί⁴</strong></span> 
     </span>
    </p>
   </div>
   <div class='ocr_carea' id='block_1_115' title="bbox 2080 5393 3664 5470">
    <p class='ocr_par' dir='ltr' id='par_1_115' title="bbox 2080 5393 3664 5470">
     <span class='ocr_line' id='line_1_115' title="bbox 2080 5393 3664 5470; baseline -0.004 -18"><span class='ocrx_word' id='word_1_803' title='bbox 2080 5416 2236 5470; x_wconf 76' lang='grc' dir='ltr'>χοντο</span> <span class='ocrx_word' id='word_1_804' title='bbox 2273 5415 2290 5432; x_wconf 77' lang='grc' dir='ltr'><strong><em>ο</em></strong></span> <span class='ocrx_word' id='word_1_805' title='bbox 2350 5397 2442 5452; x_wconf 73' lang='grc' dir='ltr'><strong>καὶ</strong></span> <span class='ocrx_word' id='word_1_806' title='bbox 2477 5398 2639 5468; x_wconf 85' lang='grc' dir='ltr'>μόνον</span> <span class='ocrx_word' id='word_1_807' title='bbox 2669 5396 2832 5461; x_wconf 70' lang='grc' dir='ltr'>εὐθὺς</span> <span class='ocrx_word' id='word_1_808' title='bbox 2858 5396 2953 5449; x_wconf 83' lang='grc' dir='ltr'><strong>τοῦ</strong></span> <span class='ocrx_word' id='word_1_809' title='bbox 2991 5395 3198 5458; x_wconf 85' lang='grc' dir='ltr'>πάθους</span> <span class='ocrx_word' id='word_1_810' title='bbox 3231 5394 3412 5466; x_wconf 74' lang='grc' dir='ltr'>ἰατρὸν</span> <span class='ocrx_word' id='word_1_811' title='bbox 3437 5393 3528 5445; x_wconf 61' lang='grc' dir='ltr'>τὸν</span> <span class='ocrx_word' id='word_1_812' title='bbox 3552 5393 3664 5446; x_wconf 80' lang='grc' dir='ltr'><strong>τῶν</strong></span> 
     </span>
    </p>
   </div>
   <div class='ocr_carea' id='block_1_116' title="bbox 2079 5483 3666 5558">
    <p class='ocr_par' dir='ltr' id='par_1_116' title="bbox 2079 5483 3666 5558">
     <span class='ocr_line' id='line_1_116' title="bbox 2079 5483 3666 5558; baseline -0.003 -15"><span class='ocrx_word' id='word_1_813' title='bbox 2079 5491 2218 5549; x_wconf 63' lang='grc' dir='ltr'>ὅλων</span> <span class='ocrx_word' id='word_1_814' title='bbox 2266 5488 2400 5542; x_wconf 72' lang='grc' dir='ltr'>Θεὸν</span> <span class='ocrx_word' id='word_1_815' title='bbox 2441 5486 2794 5558; x_wconf 84' lang='grc' dir='ltr'>ἀνηγόρευον,</span> <span class='ocrx_word' id='word_1_816' title='bbox 2829 5485 2923 5539; x_wconf 82' lang='grc' dir='ltr'><strong>τὸν</strong></span> <span class='ocrx_word' id='word_1_817' title='bbox 2979 5485 3144 5538; x_wconf 79' lang='grc' dir='ltr'>πλέον</span> <span class='ocrx_word' id='word_1_818' title='bbox 3181 5503 3235 5538; x_wconf 92' lang='grc' dir='ltr'><strong>τι</strong></span> <span class='ocrx_word' id='word_1_819' title='bbox 3283 5483 3430 5556; x_wconf 70' lang='grc' dir='ltr'>παρὰ</span> <span class='ocrx_word' id='word_1_820' title='bbox 3456 5483 3666 5554; x_wconf 61' lang='grc' dir='ltr'>ἀνθρῦ-</span> 
     </span>
    </p>
   </div>
   <div class='ocr_carea' id='block_1_117' title="bbox 2084 5573 3666 5648">
    <p class='ocr_par' dir='ltr' id='par_1_117' title="bbox 2084 5573 3666 5648">
     <span class='ocr_line' id='line_1_117' title="bbox 2084 5573 3666 5648; baseline -0.004 -16"><span class='ocrx_word' id='word_1_821' title='bbox 2084 5596 2204 5642; x_wconf 83' lang='grc' dir='ltr'>ποις</span> <span class='ocrx_word' id='word_1_822' title='bbox 2231 5577 2550 5648; x_wconf 85' lang='grc' dir='ltr'>δυνάμενον,</span> <span class='ocrx_word' id='word_1_823' title='bbox 2575 5575 2670 5630; x_wconf 73' lang='grc' dir='ltr'>καὶ</span> <span class='ocrx_word' id='word_1_824' title='bbox 2703 5573 2918 5646; x_wconf 74' lang='grc' dir='ltr'>δρῶντι</span> <span class='ocrx_word' id='word_1_825' title='bbox 2941 5574 3010 5629; x_wconf 74' lang='grc' dir='ltr'><strong>τά</strong></span> <span class='ocrx_word' id='word_1_826' title='bbox 3047 5577 3214 5630; x_wconf 78' lang='grc' dir='ltr'>πᾶσιν</span> <span class='ocrx_word' id='word_1_827' title='bbox 3270 5573 3574 5645; x_wconf 57' lang='grc' dir='ltr'>ἀνθρώποις</span> <span class='ocrx_word' id='word_1_828' title='bbox 3604 5575 3666 5626; x_wconf 73' lang='grc' dir='ltr'><strong>οὐ</strong></span> 
     </span>
    </p>
   </div>
   <div class='ocr_carea' id='block_1_118' title="bbox 2083 5665 3666 5742">
    <p class='ocr_par' dir='ltr' id='par_1_118' title="bbox 2083 5665 3666 5742">
     <span class='ocr_line' id='line_1_118' title="bbox 2083 5665 3666 5742; baseline -0.004 -18"><span class='ocrx_word' id='word_1_829' title='bbox 2083 5669 2358 5742; x_wconf 73' lang='grc' dir='ltr'>δρώμενα..</span> <span class='ocrx_word' id='word_1_830' title='bbox 2428 5670 2524 5732; x_wconf 76' lang='grc' dir='ltr'><strong>Εἰς</strong></span> <span class='ocrx_word' id='word_1_831' title='bbox 2550 5671 2678 5732; x_wconf 66' lang='grc' dir='ltr'>τοὺς</span> <span class='ocrx_word' id='word_1_832' title='bbox 2709 5669 2900 5736; x_wconf 80' lang='grc' dir='ltr'>ἁγίους</span> <span class='ocrx_word' id='word_1_833' title='bbox 2929 5665 3023 5723; x_wconf 74' lang='grc' dir='ltr'>οὗν</span> <span class='ocrx_word' id='word_1_834' title='bbox 3075 5669 3258 5739; x_wconf 81' lang='grc' dir='ltr'>Κῦρον</span> <span class='ocrx_word' id='word_1_835' title='bbox 3277 5669 3371 5724; x_wconf 67' lang='grc' dir='ltr'><strong>καὶ</strong></span> <span class='ocrx_word' id='word_1_836' title='bbox 3413 5669 3666 5736; x_wconf 62' lang='grc' dir='ltr'>Ἰωάννην</span> 
     </span>
    </p>
   </div>
   <div class='ocr_carea' id='block_1_119' title="bbox 2086 5757 3666 5833">
    <p class='ocr_par' dir='ltr' id='par_1_119' title="bbox 2086 5757 3666 5833">
     <span class='ocr_line' id='line_1_119' title="bbox 2086 5757 3666 5833; baseline -0.006 -15"><span class='ocrx_word' id='word_1_837' title='bbox 2086 5763 2290 5832; x_wconf 76' lang='grc' dir='ltr'>ἐξιέναι</span> <span class='ocrx_word' id='word_1_838' title='bbox 2323 5760 2710 5833; x_wconf 70' lang='grc' dir='ltr'>τροσέταττον,</span> <span class='ocrx_word' id='word_1_839' title='bbox 2743 5759 2962 5832; x_wconf 66' lang='grc' dir='ltr'>καὶιτὴν</span> <span class='ocrx_word' id='word_1_840' title='bbox 2991 5759 3169 5818; x_wconf 76' lang='grc' dir='ltr'>αὐτῶν</span> <span class='ocrx_word' id='word_1_841' title='bbox 3224 5760 3514 5833; x_wconf 80' lang='grc' dir='ltr'>ἀναμένειν</span> <span class='ocrx_word' id='word_1_842' title='bbox 3543 5757 3666 5812; x_wconf 73' lang='grc' dir='ltr'>ἐπί-</span> 
     </span>
    </p>
   </div>
  </div>
