4060 6236
385 315 527 384 3519

456 432 550 486 Ille
580 442 708 484 vero
733 425 1170 498 expergefactus,
1198 427 1518 496 phantasma
1555 428 1749 483 iterum
1773 428 1954 482 dicere
1988 433 2027 485 Α

386 521 660 576 somnium
704 517 1052 580 formidabat,
1093 517 1237 584 quod
1269 533 1327 572 se
1357 525 1564 572 certum
1593 518 1749 572 tertia
1785 517 1966 571 reddi-

382 612 538 666 derat
567 610 812 672 visioae;
843 622 1028 662 verum
1059 619 1111 660 et
1145 609 1244 662 hoc
1271 607 1448 662 facere
1479 609 1778 678 cogebatur
1805 609 1966 660 amit-

383 702 534 757 tendi
571 716 738 755 causa
778 700 1084 768 languoris,
1127 710 1180 754 et
1220 715 1286 755 nc
1335 699 1400 751 ad
1437 700 1574 753 iram
1619 701 1738 754 sine
1785 698 1965 752 indui-

382 795 565 866 gentia
628 801 820 847 contra
895 805 954 847 se
1014 799 1282 862 martyres
1345 799 1733 859 commoveret.
1798 791 1965 862 Igitur

385 893 633 954 sagutote
671 899 838 952 Super
869 885 1128 939 humeros
1154 885 1390 948 elevato,
1419 883 1680 952 frenoque
1716 884 1879 953 capiti
1909 891 1962 938 et

380 975 464 1030 ori
503 975 782 1044 imposito,
821 975 1248 1028 tintinnabulum
1289 976 1340 1028 in
1372 974 1514 1028 collo
1545 975 1817 1044 portabat,
1848 986 1962 1030 ter-

379 1077 554 1136 gaque
587 1077 646 1118 se
677 1078 770 1132 per
806 1064 1066 1132 templum
1108 1063 1381 1119 trahentis
1415 1072 1471 1119 et
1521 1065 1586 1118 in-
1610 1063 1774 1132 hujus
1805 1065 1961 1120 atriis

383 1159 694 1214 incedentis
743 1159 897 1228 pueri
946 1159 1298 1228 sequebatur,
1331 1175 1452 1228 quae
1491 1158 1676 1213 decem
1714 1167 1869 1214 erant
1903 1168 1960 1212 ut

379 1251 532 1305 aiunt
563 1251 654 1318 qui
687 1249 802 1306 haec
829 1248 1567 1316 diuumeraverunt,-Stultus
1597 1266 1738 1310 sum.
1771 1252 1960 1320 saspis-

379 1345 518 1410 sime
545 1343 812 1398 clamans.
833 1342 970 1399 Cum
995 1357 1124 1412 ergo
1148 1349 1460 1398 sanctorum
1486 1342 1790 1411 jnssionem
1810 1359 1960 1398 rom-

379 1435 602 1504 plesset,
627 1451 768 1490 cum
802 1442 1068 1506 sagmate,
1097 1433 1270 1500 freno,
1299 1446 1352 1488 et
1381 1435 1770 1499 tintinnabula,
1793 1434 1956 1490 etiam

378 1527 531 1582 dorsi
572 1527 887 1598 languorem
920 1527 1193 1598 deposuit,
1227 1537 1280 1584 et
1308 1528 1598 1583 sanitatem
1636 1527 1953 1599 resumpsit,

378 1636 509 1689 qum
569 1619 711 1674 facta
785 1630 872 1676 est
940 1621 1231 1692 praeceptis
1299 1629 1616 1678 sanctorum
1681 1623 1951 1689 amabilis,

377 1726 685 1780 eorumque
724 1712 1104 1767 sanctionibus
1132 1726 1334 1770 comes.

449 1799 760 1858 Accedente
792 1817 918 1858 vero
951 1811 1132 1867 nocte,
1157 1810 1210 1858 et
1237 1803 1466 1860 orientis
1494 1804 1823 1861 succedente
1844 1805 1954 1860 cla-
1985 1781 2026 1834 Β

376 1893 559 1957 ritate,
588 1893 784 1948 iterum
811 1891 1102 1949 dormienti
1132 1893 1295 1950 Gcsio
1315 1895 1483 1950 divini
1516 1898 1782 1952 assistunt
1814 1913 1950 1952 mar.

379 1977 547 2054 tgres,
581 1993 635 2040 ct
688 1995 1057 2056 perpetratum
1107 1987 1162 2041 in
1211 2003 1272 2044 se
1327 1998 1609 2058 peccatum
1674 1992 1741 2046 ad
1781 1991 1954 2062 ipsius

377 2076 711 2132 reducebant
742 2079 1081 2148 gratulanter
1106 2083 1798 2148 utemoriam,asserentes,
1826 2083 1955 2155 quia

377 2169 424 2224 si
463 2169 646 2224 omnia
702 2187 822 2241 qua:
861 2186 890 2224 a
941 2172 1096 2228 nobis
1143 2173 1383 2229 remedia
1431 2175 1818 2246 languentibus
1852 2178 1953 2231 tri-

375 2260 641 2328 buuntur,
663 2263 972 2332 priscorum
1003 2265 1096 2332 qui
1121 2265 1434 2336 consumpti
1463 2278 1592 2322 sunt
1614 2268 1952 2324 medicorum

373 2355 458 2408 vis
489 2369 614 2410 esse
645 2355 1016 2424 inventiones,
1047 2357 1138 2412 dic
1171 2358 1262 2412 ubi
1295 2359 1572 2430 passionis
1604 2369 1708 2414 tuae
1753 2359 1954 2432 llippo-

373 2455 552 2501 crates
580 2454 707 2502 tuus
747 2447 1130 2518 adjuvainenta
1153 2449 1550 2521 descripserit?
1575 2453 1656 2506 vel
1692 2451 1950 2522 Galenus,

373 2539 468 2608 qui
497 2539 640 2609 apud
667 2549 719 2595 te
745 2540 1013 2596 mirabilis
1039 2542 1380 2612 perhibetur,
1406 2543 1648 2598 dixerit?
1671 2546 1762 2600 ubi
1787 2545 1951 2600 etiam

375 2633 489 2685 haec
543 2629 880 2689 Democritus
935 2632 1134 2690 eﬁatus
1189 2633 1400 2690 fuerit?
1443 2646 1532 2690 aut
1603 2637 1744 2692 alius
1798 2640 1956 2708 quis-

373 2737 537 2793 quam
577 2740 644 2780 ex
701 2724 928 2782 famosis
978 2728 1204 2783 medicis
1255 2729 1451 2784 borum
1501 2731 1818 2785 memoriam
1873 2731 1952 2786 fc-

373 2815 546 2869 cerit?
571 2815 631 2868 Et
657 2817 700 2873 si
730 2817 847 2873 haec
870 2818 1012 2889 apud
1046 2835 1142 2875 eos
1171 2821 1449 2876 inveneris
1479 2821 1645 2886 dicta,
1667 2823 1807 2878 etde
1831 2823 1952 2878 aliis

373 2901 590 2976 quoque
625 2907 910 2963 veritatem
945 2909 1100 2967 dices
1130 2909 1350 2966 atratus.
1382 2911 1536 2978 Quod
1582 2912 1627 2966 si
1679 2913 1787 2966 tale
1817 2913 1951 2966 nihil

371 2997 498 3052 illos
525 2999 730 3056 dixisse
770 3001 1111 3070 probaveris,
1151 3017 1427 3073 cognosce
1474 3011 1642 3059 temet
1685 3005 1850 3057 etiam
1885 3003 1952 3060 de

373 3090 497 3153 aliis
524 3091 804 3146 exstitisse
833 3094 1145 3148 mentitum.
1183 3095 1370 3166 Itaque
1395 3095 1570 3150 sancti
1611 3110 1735 3150 eum
1773 3095 1952 3151 taliter

372 3182 594 3238 Gesinm
627 3185 1019 3254 publicassent,
1053 3194 1104 3242 ct
1134 3187 1583 3244 caluutniatorem
1607 3189 1952 3260 esseliquido

373 3276 765 3342 convicissent,
803 3279 1074 3334 somniqu
1106 3279 1497 3336 dissolveruut.

445 3365 541 3419 Ille
570 3379 697 3420 vero
723 3366 888 3420 etiam
917 3378 1210 3438 soporatus
1247 3368 1543 3434 obmutuit,
1586 3369 1720 3424 nihil
1745 3370 1952 3426 habens

376 3456 428 3509 in
453 3471 561 3524 quo
585 3458 916 3530 martyribus
933 3461 1332 3518 contradiceret
1361 3471 1448 3517 :et
1471 3479 1592 3518 cum
1611 3463 1950 3536 evigiIuSSt-t,

373 3550 716 3620 stupellebat,
777 3553 1240 3624 sapientissimam
1289 3555 1730 3628 redargntionem
1775 3559 1951 3614 admi-

375 3658 528 3698 rans.
559 3641 788 3714 Ilytnnis
814 3659 944 3716 ergo
985 3645 1244 3700 Virtutem
1280 3643 1598 3702 sanctorum
1624 3647 1948 3718 pranlirans,

371 3744 427 3790 et
456 3737 720 3794 divinitus
759 3753 854 3794 eos
885 3754 1081 3795 sanare
1107 3739 1198 3810 qui
1231 3740 1518 3810 patiuntur
1559 3741 1850 3805 confitens,
1883 3744 1953 3798 ab

373 3843 567 3883 corum
610 3831 840 3886 recessit
876 3831 1122 3888 basilica.
1153 3831 1318 3886 Aiunt
1341 3839 1522 3886 autem
1551 3843 1774 3888 sanctos
1813 3833 1950 3889 Cos-

373 3937 516 3976 mam
541 3922 954 3989 ctDamianum,
994 3923 1561 3980 bornmeonmedicos
1606 3934 1674 3981 et
1692 3941 1950 3980 conmar-

372 4024 542 4087 tyres,
570 4017 678 4071 tale
711 4017 842 4086 quid
883 4017 1190 4088 peregisse,
1239 4017 1383 4074 sicut
1421 4019 1582 4072 etiam
1619 4017 1749 4073 illttd
1785 4033 1948 4088 para-

373 4109 524 4180 Iytici
547 4120 597 4164 et
630 4122 794 4165 muta:
830 4110 1076 4166 mulieris
1103 4111 1341 4180 signum,
1365 4126 1462 4166 nec
1489 4127 1597 4166 non
1625 4119 1680 4166 et
1708 4109 1950 4166 Hebraea)

371 4219 496 4273 qnze
565 4217 826 4258 cancrum
882 4203 1148 4260 habuerat
1197 4204 1532 4260 intrinsecus
1590 4205 1945 4270 occultatum,

372 4293 549 4364 Cyrus
581 4301 633 4346 et
661 4291 900 4347 Joannes
924 4303 1182 4363 egerunt;
1209 4309 1327 4363 qutc
1355 4295 1509 4348 tnulti
1551 4301 1815 4363 tauquam-
1833 4293 1949 4349 heri

371 4384 516 4439 facta
550 4392 984 4440 commemorant
1013 4393 1066 4438 et
1095 4385 1384 4454 praeconiis
1413 4384 1669 4440 efferunt.
1701 4385 1806 4440 Sed
1833 4387 1946 4440 haze

1299 312 1364 373 S.
1399 313 1815 374 SOPIIRONH
1855 314 2360 374 PATRMRClLE
2402 313 2804 376 IIIEROSOL.

2491 156 2528 178 \

3503 315 3646 378 3530
3663 332 3668 337 '

2140 427 2196 479 '0
2215 427 2270 480 δὲ
2287 427 2576 496 γενόμενος
2607 427 2856 494 ἔξυπνος,
2889 425 3081 495 (pint:
3109 425 3268 478 πάλιν
3298 426 3472 478 εἰπεῖν
3501 427 3642 478 ἐδει-

2068 515 2154 568 λέα
2183 518 2272 568 τον
2304 517 2532 586 δνειρον,
2565 513 2642 585 τῷ
2674 514 2879 586 τρισσῷ
2919 513 3290 584 βεϐαιωθέντα
3320 515 3417 579 τῆς
3435 514 3636 585 ὅψεως.

2067 609 2159 662 καὶ
2213 607 2370 662 τοῦτο
2402 609 2576 660 ποιεῖν
2625 607 2968 676 ἠναγκάζετο
3021 607 3120 672 τῆς
3181 605 3507 674 ἀπαλλαγῆς
3547 603 3653 668 τοῦ,

2066 697 2366 766 νοσήματος
2394 695 2578 758 ἓνεκα,
2641 697 2734 749 καὶ
2755 695 2840 749 ἵνα
2869 695 2942 768 μὴ
2993 695 3127 766 πρδς
3161 693 3330 767 ὀργὴν
3387 695 3643 766 ἀσυγχώ-

2067 803 2228 858 ρητον
2245 787 2366 840 καθ’
2389 786 2584 840 ἑαυτοῦ
2621 790 2816 860 κινήσῃ
2855 789 2982 852 τοὺς
3011 787 3320 860 μάρτυρας.
3355 787 3429 840 Τὸ
3451 789 3642 860 σᾶγμα

2064 879 2196 948 γοῦν
2237 881 2322 934 ἐπ’
2356 879 2540 952 ῶμους
2577 882 2672 935 καὶ
2707 880 2874 935 νῶτον
2925 881 3220 954 ἀράμενος,
3251 881 3353 934 κάν
3388 879 3465 950 τῷ
3511 897 3643 952 τρα-

2065 973 2211 1044 χήλῳ
2247 973 2480 1044 φορέσας
2511 974 2604 1026 τὸν
2639 972 2886 1037 κώδωνα,
2925 973 3139 1030 καὶτὸν
3193 972 3408 1044 χαλινὸν
3461 971 3637 1036 ἐνθεὶς

2063 1067 2126 1136 τῇ
2153 1065 2360 1135 κεφαλῇ
2397 1065 2491 1118 καὶ
2524 1065 2600 1133 τῷ
2636 1064 2890 1136 στόματι,
2921 1064 3015 1118 τοῦ
3048 1065 3238 1128 παιδος
3305 1064 3531 1118 ὄπισθεν
3567 1065 3640 1118 εἴ·

2065 1180 2195 1216 πετο
2225 1162 2328 1216 άνὰ
2356 1164 2416 1216 τὸ
2441 1163 2668 1232 τέμενος
2695 1164 2942 1232 ἄγοντος,
2994 1163 3096 1216 κᾶν
3119 1164 3293 1234 τούτῳ
3321 1165 3450 1228 τοὺς
3471 1163 3641 1219 διαύ-·

2059 1253 2184 1319 λους
2205 1253 2460 1318 ἀνύοντος
2491 1255 2642 1326 (δέκα
2681 1255 2738 1308 δὲ
2757 1251 2916 1326 ἦσαν,
2949 1252 3024 1319 ῶς
3057 1272 3228 1324 φασιν
3253 1257 3302 1308 οἱ
3335 1257 3640 1326 μετρήσαν-

2059 1345 2193 1415 τες),
2213 1345 2292 1414 τὸ,
2317 1347 2515 1418 Μωρός
2564 1349 2677 1416 εἰμι
2724 1348 2942 1416 κράζων
2975 1346 3300 1417 συχνὸτατα.
3335 1345 3640 1418 Πληρὼσας

2057 1438 2152 1494 οὖν
2179 1439 2286 1492 τῶν
2311 1439 2480 1508 ἁγίων
2505 1439 2603 1508 τὴν
2635 1439 2906 1506 κέλευσιν,
2941 1439 3038 1492 σὺν
3059 1439 3136 1511 τῷ
3159 1439 3399 1511 σάγματι
3432 1439 3528 1494 καὶ
3559 1438 3639 1508 τῷ

2058 1529 2258 1602 χαλινῷ
2293 1530 2386 1586 καὶ
2425 1531 2502 1602 τῷ
2533 1531 2764 1593 κώδωνι,
2812 1532 2904 1585 καὶ
2957 1531 3054 1601 τὴν
3109 1531 3425 1585 ὲπινώτειον
3481 1533 3637 1584 νόσον

2057 1621 2309 1686 ἀπέθετο,
2340 1621 2435 1674 καὶ
2467 1621 2565 1694 τὴν
2591 1621 2761 1691 ρὦιν
2784 1621 3098 1692 ἀνείληιρεν,
3130 1623 3232 1690 τὴν
3267 1622 3428 1692 φίλην
3452 1621 3648 1676 αὐτῶν.

2057 1716 2170 1776 τοῖς
2211 1713 2629 1784 προστάγμασιν
2659 1713 2754 1766 καὶ
2777 1712 3069 1784 σύνδρομον
3089 1718 3199 1778 τοῖς
3228 1713 3648 1785 θεσπίσμασιν.-

2138 1804 2499 1876 Ἐπελθούσης
2525 1804 2582 1857 δὲ
2607 1805 2708 1876 τῆς
2738 1806 2951 1870 νυκτδς,
2987 1805 3081 1858 καὶ
3105 1806 3204 1875 τὴν
3237 1807 3333 1876 τῆς
3367 1805 3446 1860 ἕω
3471 1805 3632 1870 δεξαι

2058 1895 2227 1968 μένης
2257 1895 2609 1966 φαιδρότητα,
2647 1895 2808 1949 πάλιν
2842 1893 3016 1964 Γεσὶῳ
3071 1894 3388 1948 καθεύδοντι
3421 1895 3471 1948 ei
3498 1894 3632 1948 θεῖοι

2056 1987 2420 2056 παρίστανται
2469 1988 2769 2058 μάρτυρες,
2817 1987 2913 2041 καὶ
2950 1986 3051 2058 τὴν
3091 1987 3172 2050 εἰς
3220 1985 3418 2050 αὐτοὺς
3451 1987 3632 2059 ἁμαρ-

2053 2081 2178 2134 τίαν
2199 2081 2496 2152 χαριέντως
2511 2097 2626 2142 πως
2644 2079 2804 2133 αὐτὸν
2817 2081 3248 2150 ἀνεμίμνησκον.
3267 2081 3485 2152 Ἐπειδὴ
3502 2081 3630 2152 γὰρ,

2056 2172 2296 2242 λέγουσι,
2328 2173 2508 2226 πάντα
2527 2171 2594 2226 τὰ
2626 2175 2760 2244 πρὸς
2794 2171 2951 2243 ἡμῶν
2983 2175 3096 2236 τοῖς
3141 2172 3354 2227 νοσοῦσι
3381 2173 3634 2242 διδόμενα

2018 2333 2024 2340 I
2057 2267 2338 2338 φάρμακα,
2359 2263 2468 2322 τῶν
2489 2265 2658 2320 πάλαι
2688 2264 3058 2336 φθειρομένων
3079 2264 3278 2338 ἰατρῶν
3299 2262 3438 2319 εἶναι
3457 2265 3632 2331 θέλεις

2055 2362 2360 2432 εὑρήματα,
2385 2359 2510 2429 λέγε
2541 2358 2644 2413 ποῦ
2662 2359 2728 2413 τά
2740 2359 2832 2412 τοῦ
2851 2357 3162 2423 πάθους-τοῦ
3193 2358 3286 2412 σοῦ
3309 2358 3632 2430 βοηθήματα

2065 2451 2428 2524 Ἱπποκράτης
2477 2453 2506 2506 ὁ
2563 2448 2652 2513 σὸς
2671 2450 3032 2522 ἀνεγράψατο,
3067 2450 3100 2521 ἦ
3134 2450 3372 2520 Γαλητέδς
3416 2453 3444 2504 ὀ
3481 2451 3642 2522 παρὰ

2057 2548 2135 2600 σοὶ
2166 2545 2578 2617 θαυμαζόμενος
2602 2541 2822 2614 εἴρηκεν
2845 2559 2858 2608 ;
2887 2543 2988 2596 ποῦ
3012 2544 3068 2598 δὲ
3085 2545 3264 2599 ταῦτα
3284 2544 3626 2616 Δημόκριτος

2053 2635 2290 2706 ἔφησενς
2316 2635 2349 2703 ἢ
2379 2634 2488 2688 τῶν
2521 2633 2696 2689 ἄλλων
2723 2651 2808 2697 τις
2837 2635 3114 2706 ᾀδομένων
3147 2637 3348 2708 ίατρῶν
3378 2638 3628 2709 ἐμνημό-

2053 2745 2282 2794 νευσεν;
2324 2728 2428 2781 Καὶ
2456 2729 2504 2781 εί
2543 2725 2718 2782 ταῦτα
2749 2727 2876 2798 παρ’
2913 2728 3096 2792 αὐτοῖς
3131 2727 3310 2801 εὕροις
3339 2729 3629 2802 λεγόμενα,

2053 2822 2148 2875 καὶ
2181 2821 2310 2891 περὶ
2335 2819 2442 2872 τῶν
2473 2819 2651 2873 ἄλλων
2690 2818 3015 2890 ἀληθεύσεις
3055 2811 3426 2892 φθεγγόμενος
3445 2841 3459 2854 ·
3489 2824 3537 2876 εί
3572 2823 3632 2878 δὲ

2051 2910 2290 2965 τοιοῦτον
2335 2911 2490 2964 οὐδὲν
2539 2909 2781 2974 ἐκείνους
2829 2910 3086 2980 λέγοντας
3135 2913 3496 2980 ἁποδείξειας,
3543 2914 3630 2984 γί-

2040 3021 2267 3075 γνωσκε
2303 3003 2499 3058 σαυτὸν
2534 3003 2628 3056 καὶ
2669 3006 2796 3072 περὶ
2836 3005 2946 3058 τῶν
2980 3004 3155 3058 ἄλλων
3183 3005 3531 3077 ψευδόμενον.
3565 3009 3629 3061 Oi

1978 3129 2019 3186 Ο
2058 3096 2158 3166 μὲν
2186 3095 2280 3150 οὖν
2320 3095 2466 3164 ᾶγιοι
2497 3094 2642 3148 οὕτω
2688 3096 2778 3149 τὸν
2805 3097 2994 3149 Γέσιον
3039 3097 3490 3166 στηλιτεύσαντες
3535 3102 3630 3154 καὶ

2057 3189 2403 3261 συκοφάντην
2451 3189 2712 3259 ἐμφανῶς
2753 3187 3145 3258 διελέγξαντες,
3194 3189 3394 3244 ἔλυσαν
3437 3191 3496 3244 τὸ
3540 3193 3630 3246 έν-

2055 3279 2268 3334 ύπνιον.

2135 3373 2193 3426 ’0
2224 3373 2280 3425 δὲ
2315 3374 2408 3426 καὶ
2437 3373 2620 3426 ὑπνῶν
2645 3373 2961 3445 ὑπεφήνάτο
2985 3373 3287 3444 ἀντιλέγειν
3311 3375 3464 3431 οὐδὲν
3489 3376 3630 3448 ἔχων

2051 3467 2162 3530 τοῖς
2196 3467 2484 3536 μάρτυσιν,
2525 3465 2620 3520 καὶ
2667 3465 3004 3530 διυπνισθεὶς
3053 3465 3428 3538 ἐξεπλήττετο,
3470 3468 3632 3540 τεθη-

2051 3560 2169 3622 πὼς
2197 3560 2286 3613 τὶν
2319 3558 2629 3626 σοφώτατον
2671 3559 2914 3629 ἔλεγχον.
2962 3559 3244 3631 ’Υμνήσας
3275 3561 3318 3614 δ’
3360 3556 3452 3616 οὖν
3480 3565 3631 3633 ὅμως

2050 3653 2158 3706 τῶν
2189 3652 2359 3721 ἁγίων
2393 3653 2491 3725 τὴν
2516 3653 2768 3722 δύναμιν,
2805 3654 2899 3706 καὶ
2924 3651 3110 3708 θεόθεν
3141 3654 3340 3718 αὐτοὺς
3366 3655 3630 3727 ὁμολογὴ-

2053 3759 2152 3808 σας
2208 3742 2391 3796 ἰᾶσθαι
2441 3743 2568 3806 τοὺς
2615 3745 2948 3814 πάσχοντας,
2998 3744 3095 3798 τοῦ
3141 3746 3402 3816 τεμένους
3449 3747 3630 3800 αὐτᾶν

2050 3835 2416 3906 ἀνεχώρησεν.
2451 3835 2586 3888 Φασὶ
2622 3834 2678 3888 δὲ
2703 3836 2796 3888 καὶ
2825 3837 3056 3904 Κοσμᾶν
3087 3839 3182 3890 καὶ
3205 3837 3477 3906 Δαμιανὸν
3503 3837 3631 3900 τοὺς

2050 3927 2241 3995 ἁγίους
2271 3928 2594 3998 συνιατροὺς
2621 3927 2712 3981 καὶ
2743 3927 3142 3998 συμμάρτυρας
3168 3926 3407 3980 τοιοῦτόν
3433 3945 3485 3980 τι
3517 3927 3632 3981 διαο

2051 4017 2382 4090 πράξασθαι,
2415 4018 2608 4090 ὥσπερ
2638 4017 2734 4072 καὶ
2761 4017 2858 4072 τοῦ
2885 4018 3130 4088 παρέτου
3179 4017 3274 4070 καὶ
3301 4019 3398 4088 τῆς
3429 4017 3628 4071 ἀλάλου

2049 4111 2308 4182 γυναικός
2326 4127 2344 4144 ο
2369 4113 2429 4164 οὐ
2465 4109 2570 4182 μὴν
2596 4109 2732 4166 ἀλλὰ
2759 4109 2852 4164 καὶ
2872 4111 2932 4164 τὸ
2956 4110 3054 4182 τῆς
3081 4109 3334 4180 Ἐϐραίας
3351 4111 3450 4178 τῆς
3475 4111 3631 4180 ἐχού-

2051 4221 2150 4274 σης
2169 4205 2262 4258 τὸν
2283 4203 2544 4273 καρκίνον
2563 4203 2672 4256 ἔσω
2694 4203 3092 4274 κρυπτόμενον,
3121 4201 3302 4272 Κύρος
3326 4201 3422 4256 καὶ
3450 4202 3631 4254 Ἰωάν-

2049 4311 2146 4366 νης
2207 4294 2555 4365 πεπράχασιο
2605 4294 2752 4364 ἅπερ
2811 4291 2998 4344 πολλοὶ
3049 4291 3127 4352 ὠς
3177 4289 3306 4360 χθὲς
3364 4290 3629 4358 γεγονότα

2053 4385 2354 4456 μέμνηνται
2383 4387 2478 4439 καὶ
2506 4383 2895 4454 κηρύττουσιν.
2919 4380 3086 4435 Ἀλλά
3107 4379 3282 4434 ταῦτα
3311 4379 3410 4450 μὲν
3435 4380 3508 4442 ὡς
3535 4379 3630 4432 καὶ

371 4477 614 4546 quidem,
663 4491 782 4546 qua:
816 4476 962 4531 inter
1005 4477 1219 4530 illorum
1255 4476 1455 4545 scripta
1497 4484 1626 4531 sunt
1661 4477 1942 4539 miracula,

2052 4479 2163 4540 τοῖς
2197 4476 2421 4530 ἐκείνων
2453 4474 2886 4547 ἐγγεγραμμένα
2909 4473 3153 4542 θαύμασι
3179 4471 3626 4543 παρεδράμομενο

373 4569 840 4635 transcurrimus;
882 4584 1121 4638 praesens
1169 4585 1296 4624 vero
1349 4568 1656 4640 prodigium
1683 4570 1942 4641 quoniam

373 4662 642 4732 scriptum
687 4661 738 4715 in
767 4661 846 4716 eis
871 4677 982 4716 non
1007 4670 1108 4722 est.
1143 4674 1244 4716 nos
1271 4660 1467 4714 merito
1503 4661 1850 4730 scripsimus.
1883 4658 1949 4712 Et

373 4769 554 4810 memo
590 4753 818 4807 miretur
862 4753 907 4808 si
939 4753 1114 4808 sancti
1155 4753 1400 4806 vicenter
1428 4749 1528 4822 [ita
1561 4752 1687 4808 cod.
1727 4768 1825 4822 pro
1869 4755 1948 4810 ri-

373 4847 576 4922 cissim]
601 4847 788 4904 eadem
822 4859 1037 4919 patrem
1079 4846 1339 4902 miracula
1371 4862 1386 4900 :
1415 4862 1480 4900 ex
1509 4861 1616 4901 uno
1632 4849 1779 4902 enim
1804 4849 1950 4904 fonte

372 4939 551 5011 Cyrus
615 4948 781 5008 atque
843 4937 1120 5002 Joannes,
1172 4935 1401 4992 Cosmas
1477 4943 1532 4990 et
1611 4935 1964 5004 Damianus,-

371 5031 575 5088 Clu-isti
631 5031 722 5086 Dei
774 5031 946 5087 nostri
1005 5029 1282 5096 hauriunt,
1315 5036 1369 5084 et
1429 5044 1596 5084 unum
1659 5029 1948 5085 Dominum

369 5125 594 5190 habent,
615 5133 669 5181 et
693 5122 1220 5192 honorantutrique,
1247 5121 1337 5194 qui
1373 5137 1468 5192 per
1488 5137 1584 5178 eos
1613 5123 1770 5178 nobis
1793 5137 1954 5178 enra-

371 5221 550 5275 tiones
595 5217 785 5282 donat,
817 5225 871 5271 et
917 5213 1240 5270 multimoda
1287 5215 1426 5286 gerit
1456 5217 1736 5288 prodigia;
1787 5232 1948 5287 quem

377 5311 618 5382 hymnis,
662 5321 922 5380 tanquam
956 5324 1080 5363 eum
1105 5310 1197 5379 qui
1231 5319 1311 5365 est
1347 5311 1594 5366 omnium
1638 5309 1801 5375 Deus,
1833 5311 1950 5364 lau-

373 5401 587 5470 dantes,
637 5413 692 5459 et
741 5412 1016 5475 martyres
1072 5403 1241 5458 veluti
1291 5403 1411 5473 ejus
1463 5403 1646 5458 ﬁdeles
1693 5403 1945 5471 lamnlos,

375 5498 607 5552 aliorum
647 5495 1038 5552 miraculorum
1070 5495 1518 5566 interpositiones
1555 5493 1842 5550 faciamus.

376 5606 568 5665 XXXI.
611 5607 685 5664 De
724 5609 1018 5676 Theodoro,
1053 5609 1143 5678 qui
1181 5625 1296 5663 cum
1338 5609 1775 5664 communicasse!
1819 5626 1948 5664 naso

473 5681 703 5734 sonitum
733 5682 983 5747 reddidit,
1019 5691 1066 5736 et
1099 5683 1279 5735 statim
1313 5695 1480 5735 cet'cus
1505 5679 1718 5750 c/I‘cctus
1749 5691 1846 5736 est.

449 5769 782 5830 Adolescens
803 5773 1145 5842 Theodorus,
1163 5775 1252 5847 qui
1275 5775 1556 5848 praesentis
1576 5775 1730 5832 nob‘s
1761 5791 1949 5831 narra-

2047 4569 2108 4624 τὺ
2137 4568 2308 4640 παρὸν
2336 4568 2393 4622 δὲ
2419 4569 2703 4639 τεράστιον
2727 4566 2804 4630 ὡς
2835 4566 2909 4638 μὴ
2937 4565 3148 4638 γραφὲν
3174 4567 3230 4618 ἐν
3257 4564 3442 4628 αὐτοῖς
3469 4566 3632 4636 ἡμεῖς

2047 4659 2458 4731 ἀνεγράψαμεν.
2488 4657 2596 4711 Καὶ
2636 4655 2965 4728 θαυμαζέτω
2995 4656 3185 4727 μηδεὶς
3211 4657 3259 4708 εί
3296 4653 3543 4725 ἀλλήλοις
3579 4656 3629 4707 οἱ

2049 4753 2192 4820 ἅγιοι
2228 4753 2296 4806 τὰ
2326 4749 2463 4806 αὐτὰ
2485 4751 2906 4822 διαπράττοντες
2938 4749 3194 4818 θαύματα
3240 4750 3328 4818 (ἐκ
3356 4750 3485 4820 μιᾶς
3522 4749 3628 4820 γάρ

2050 4849 2234 4919 πηγῆς
2271 4847 2452 4916 Κῦρός
2482 4862 2542 4899 τε
2589 4846 2686 4899 καὶ
2728 4846 3006 4916 Ἰωάννης,
3045 4844 3274 4914 Κοσμᾶς
3305 4860 3365 4896 τε
3401 4843 3498 4896 καὶ
3522 4847 3630 4896 Δα-

2055 4939 2264 5011 μιανδς,
2291 4937 2551 5010 Χριστοῦ)
2572 4937 2664 4992 τοῦ
2689 4936 2825 4990 Θεοῦ
2852 4937 3012 5010 ἡμῶν
3037 4935 3295 5006 ἀρύονται
3312 4934 3378 4988 τὰ
3403 4936 3629 5006 ἰάματα,

2052 5033 2145 5086 καὶ
2177 5031 2272 5084 ἕνα
2306 5031 2584 5102 Δεσπότην
2617 5029 2798 5102 ἔχουσί
2844 5046 2902 5083 τε
2952 5029 3047 5083 καὶ
3079 5026 3312 5098 τιμῶσιν
3353 5029 3629 5098 ἑκάτεροι,

2052 5121 2142 5176 τὸν
2171 5121 2240 5176 δι’
2272 5121 2454 5175 αὐτῶν
2488 5123 2622 5192 ἡμῖν
2647 5119 2748 5184 τὰς
2793 5119 3097 5190 θεραπείας
3137 5118 3507 5188 δωρούμενον,
3537 5119 3632 5170 καὶ

2051 5212 2266 5284 δρῶντα
2292 5213 2360 5266 τὰ
2389 5211 2704 5282 πολύτροπα
2737 5212 2941 5284 τέρατα
2961 5229 2973 5242 ·
2997 5211 3056 5266 ὃν
3095 5210 3170 5276 ὡς
3199 5211 3308 5265 τῶν
3336 5210 3472 5265 ὅλων
3501 5211 3632 5264 Θεὸν

2051 5307 2180 5360 ὄντα
2218 5305 2584 5376 ὑμνήσαντες,
2638 5304 2731 5358 καὶ
2775 5304 2902 5367 τοὺς
2951 5303 3238 5376 μάρτυρας
3278 5302 3354 5367 ὡς
3406 5303 3630 5366 πιστοὺς

2053 5399 2218 5454 αὐτοῦ
2249 5398 2543 5468 γεγονότας
2583 5396 2942 5468 θεράποντας,
2970 5397 3173 5468 ἐτέρων
3203 5397 3500 5468 θαυμάτων
3535 5396 3631 5460 τὰς

2053 5492 2385 5566 παραθέσεις
2417 5491 2740 5562 ποιούμεθα.

2053 5607 2179 5664 AA'.
2212 5607 2355 5683 Περί
2390 5605 2833 5683 Θεοδώρου,τοῦ
2858 5606 3026 5683 μετὰ-
3048 5607 3112 5662 τὸ
3147 5611 3510 5683 κοινωνῆσαι
3539 5616 3630 5683 ῥι.

2091 5677 2718 5744 ιοοκτιυπήσιιιιτυς,καί
2752 5679 3114 5748 παραχρῆμα
3147 5677 3579 5750 τυμλωθὲντοξι.

2139 5771 2196 5826 'U
2229 5772 2442 5838 νεανὲας
2475 5771 2748 5843 Θεόδωρος
2778 5774 2803 5826 ὁ
2836 5775 2928 5844 τῆς
2967 5775 3250 5846 παρούσης
3288 5776 3416 5848 ἡμῖν
3443 5777 3628 5851 διηγή-

2791 5975 2822 6006 ἢ
