4060 6236
409 341 554 411 3521

1435 345 1537 409 ss.
1579 321 1881 408 CYRI'ET
1904 346 2223 409 JOANNIS
2252 348 2666 411 MIRACULA.
2756 388 2759 393 ι

3514 344 3659 409 3522

363 496 389 511 ..
405 472 544 516 σεως
568 455 760 517 αἴτιος,
796 454 1038 526 μεγάλης
1063 455 1326 526 ὠφελείας
1344 459 1553 527 γίνεται
1582 460 1841 531 πρόξενος
1866 464 1976 525 τοῖς

2106 460 2244 514 iouis
2293 469 2378 515 est
2422 471 2634 527 auctor,
2662 474 2871 532 magna:
2911 459 3166 515 utilitatis
3204 455 3436 513 eﬂicitur
3480 468 3655 509 causa

406 545 467 599 οὐ
499 545 792 614 παρέργως
837 546 947 600 τῶν
990 546 1300 620 λεγομένων
1347 551 1626 607 ἀκούουσι.
1669 548 1834 618 Οὗτος
1873 553 1982 624 γάρ

409 639 489 700 είς
517 638 577 691 τὸ
601 637 711 690 τῶν
749 639 921 707 ἁγίων
953 641 1243 712 γενόμενος
1287 644 1534 714 τέμενος,
1575 646 1711 715 μετὰ
1741 646 1841 715 τὴν
1878 646 1985 699 τῶν

409 728 690 794 {coartetth
729 731 965 800 Χριστοῦ
1005 736 1324 805 μυστηρίων
1359 736 1679 807 μετάληψιν,
1708 737 1850 800 ὅθεν,
1886 738 1987 791 οὐκ

383 867 387 872 .
413 820 591 890 ῐσμεν,
632 822 975 893 κινούμενος,
1003 824 1113 878 εἴτε
1139 826 1284 907 τινὸς
1310 828 1473 881 αὐτὸν
1499 828 1636 899 πρὸς
1656 828 1827 898 θυμὸν
1849 847 1988 900 παρ-

412 914 749 985 οτρῦνοντος,
832 918 1000 989 μανίᾳ
1050 921 1281 993 μεγίστῃ
1330 921 1681 991 φλεγόμενος,
1722 924 1813 976 καὶ
1851 924 1988 988 ζέων

416 1008 480 1076 τῇ
517 1009 728 1078 κινήσει
766 1009 861 1063 τοῦ
900 1012 1028 1081 περὶ
1063 1013 1288 1081 καρδίαν
1330 1015 1689 1083 καχλάζοντος
1735 1015 1985 1084 αἵματος,

418 1099 479 1151 οὐ
494 1098 669 1165 λόγοις
698 1100 879 1168 μόνοις
899 1103 960 1155 τι
985 1103 1137 1155 Θεῑον
1161 1106 1187 1157 ὁ
1206 1104 1436 1168 δείλαιος
1460 1105 1673 1177 ὕϐρισε,
1691 1105 1865 1176 δυσφη
1875 1105 1989 1173 μῶν

418 1192 446 1244 ὁ
484 1191 813 1261 τρισάθλιος,
847 1195 941 1247 καὶ
967 1195 1043 1258 ὡς
1074 1195 1214 1249 κατά
1251 1196 1537 1250 συνδούλου
1569 1196 1710 1261 τινος
1749 1196 1848 1259 τὰς
1881 1197 1990 1249 λοι-

416 1283 601 1352 δορίας
636 1284 982 1354 ποιούμενος,
1012 1286 1147 1339 ἀλλὰ
1178 1286 1271 1341 καί⁵
1320 1290 1388 1358 τῇ
1425 1286 1513 1340 διά
1549 1286 1712 1356 ῥινῶν
1740 1287 1990 1357 ἀναρρω-

418 1380 582 1445 φήσει
628 1376 721 1429 τοῦ
759 1377 1069 1448 πνεύματος
1099 1381 1306 1432 κτύπον
1347 1379 1623 1432 ἀποτελῶν
1666 1379 1860 1449 βροντῇ
1896 1396 1991 1448 φο-

416 1466 554 1538 ϐερᾷ
585 1468 988 1538 παραπλήσιον,
1014 1468 1105 1522 τὸν
1134 1470 1375 1540 φρίττειν
1403 1470 1561 1535 εὐθὺς
1613 1469 1993 1540 ἀναγκάζοντα

420 1558 628 1621 πάντας
659 1559 787 1621 τοὺς
821 1559 1095 1629 παρόντας
1118 1561 1211 1613 καὶ
1247 1560 1564 1630 βλέποντας,
1602 1564 1826 1625 καὶτοῖς
1859 1562 1993 1615 ὠσὶν

419 1650 691 1713 ἀκουσίως
743 1648 1060 1714 ἀκούοντας.
1101 1651 1290 1729 Πολλοὶ
1341 1652 1399 1706 δὲ
1446 1653 1620 1722 τοῦτο,
1651 1654 1994 1725 Χριστιανῶν

420 1741 871 1812 διαπράττονται,
909 1741 1273 1813 βλασφημεῖν,
1321 1743 1396 1807 ὡς
1429 1740 1604 1817 οἶμαι,
1659 1745 1990 1815 νομίζοντες,

2088 551 2173 606 iis
2225 551 2317 619 qui
2373 567 2479 605 non
2533 551 2855 607 transitorie
2888 567 3010 621 quae
3065 550 3327 604 dicuntur
3366 545 3656 600 audierim.

2088 638 2188 694 llic
2221 643 2367 694 enim
2398 642 2450 694 in
2486 642 2771 697 basilicam
2804 652 3123 697 sanctorum
3163 638 3386 694 veniens
3419 641 3543 705 post
3576 635 3658 688 vi-

2087 732 2368 786 vilicorum
2425 732 2633 788 Christi
2691 741 3162 795 sacramentorum
3226 726 3657 799 perceptionem,

2088 826 2231 880 unde
2297 836 2476 880 motus
2533 825 2830 888 nescimus,
2877 825 2995 879 sive
3053 824 3198 878 hunc
3249 822 3538 891 quisquam
3592 816 3663 870 ad

2090 915 2329 971 furorem
2352 915 2657 970 ineitaveril
2670 955 2684 980 ,
2700 917 2815 971 sive
2833 932 2993 971 nemo
3006 913 3432 976 exacerbaverit,
3446 909 3664 966 insania

2089 1009 2327 1062 maxima
2353 1006 2723 1064 inﬂammatus
2747 1017 2848 1072 est.
2876 1016 2931 1063 et
2952 1010 3149 1063 arlens
3175 1012 3322 1060 motu
3353 998 3660 1072 sanguinis,

2089 1099 2182 1166 qui
2214 1100 2360 1151 circa
2388 1112 2484 1151 cor
2513 1099 2732 1169 ebullit,
2767 1113 2875 1153 non
2905 1099 3039 1152 solis
3071 1096 3263 1151 infelix
3299 1095 3482 1150 verbis
3520 1092 3662 1148 divi-

2090 1192 2246 1244 nitati
2322 1191 2707 1260 blasphemans
2766 1193 3024 1263 iujuriam
3086 1192 3305 1253 intulit,
3381 1197 3437 1245 et
3506 1184 3668 1257 quasi

2090 1283 2355 1338 adversus
2429 1299 2755 1337 conservum
2839 1297 3169 1359 quemquam
3253 1282 3666 1337 maledictiones

2092 1375 2331 1441 intorsit,
2358 1376 2452 1430 sed
2483 1385 2538 1431 et
2565 1376 2761 1445 spiritu
2800 1390 2894 1445 per
2934 1390 3094 1430 nares
3130 1389 3348 1429 sursum
3384 1374 3665 1441 absorplo,

2061 1454 2154 1520 Ἲικ
2186 1479 2245 1520 se
2277 1465 2516 1521 sonitum
2549 1465 2806 1529 reddidit,
2845 1466 3090 1518 Iouitruo
3131 1463 3359 1518 terribili
3413 1461 3666 1522 similem,

2093 1556 2184 1626 qui
2221 1556 2450 1611 horrere
2477 1557 2661 1612 statim
2689 1571 2878 1612 omnes
2902 1557 3100 1626 coegit,
3133 1564 3434 1625 prmsentcs
3461 1555 3672 1608 scilicet

2093 1657 2148 1702 et
2202 1650 2508 1723 intuentes,
2560 1656 2614 1703 et
2662 1647 2848 1702 invitis
2901 1648 3130 1701 auribus
3173 1646 3480 1699 audientes.
3520 1643 3669 1697 Multi

2097 1741 2278 1795 autem
2350 1742 2453 1794 hoc
2506 1740 2944 1795 Christianorum
3020 1745 3240 1808 gerunt.
3295 1736 3673 1805 blasphemare

422 1832 744 1900 ἀγνοοῦντες
771 1834 828 1887 δὲ
861 1834 1143 1898 παντελῶς
1171 1836 1232 1890 τὸ
1261 1839 1654 1908 πραττόμενον·
1683 1840 1819 1908 ὅπερ
1846 1840 1997 1910 ἀκρι-
2027 1825 2067 1878 Β
2096 1832 2312 1902 quidem
2350 1840 2410 1886 ut
2456 1846 2580 1888 reor
2610 1831 3012 1895 existimantes,
3060 1829 3203 1897 quod
3253 1839 3434 1883 autem
3493 1827 3674 1896 agitur

422 1926 532 1989 δὼς
557 1926 603 1977 εί
644 1925 960 1993 ἐγίνωσκον,
991 1926 1090 1980 οὐκ
1136 1926 1201 1980 ἂν
1230 1928 1364 1981 αὐτὸ
1401 1929 1539 2000 μετὰ
1587 1928 1787 2001 μυρίας
1825 1928 1997 2000 βασά-

424 2034 548 2080 νους
577 2017 923 2088 εἰργάσαντο.
959 2052 965 2059 ι

498 2111 605 2163 Καὶ
632 2111 771 2180 τάχα
809 2111 1091 2180 διασαφεῖν
1121 2113 1180 2165 τὸ
1209 2112 1376 2167 κακὸν
1399 2114 1501 2167 οὐκ
1536 2112 1795 2184 ἀνόνητον
1819 2131 1832 2146 ο
1868 2115 1998 2177 ἴσως

426 2199 534 2266 γάρ
566 2215 711 2262 τινες
753 2200 1117 2267 μανθάνοντες
1144 2202 1308 2256 αὑτοῦ
1338 2201 1437 2274 τὴν
1480 2206 1762 2275 ποιότητα,
1804 2205 1896 2258 καὶ
1924 2204 2000 2268 ὡς
2043 2224 2062 2239 κ

438 2287 877 2357 Ἐλληνικῆςέστι
893 2292 1208 2358 δυσσεϐείας
1219 2295 1439 2360 ἐπάξιον
1453 2293 1691 2366 εὕρημα,
1708 2296 1804 2366 τῆς
1820 2296 1998 2350 τοιαύ-

396 2396 522 2450 ,της
578 2382 803 2447 ἑαυτοὺς
861 2385 1283 2454 φρενοϐλαϐείας
1328 2386 1675 2456 φυλάξαιντο.
1712 2376 1848 2450 Τοὺς
1873 2388 2002 2440 Ἔλ-

425 2467 613 2538 ληνας,
660 2475 824 2540 φησὶν
861 2476 889 2527 ὁ
924 2476 1254 2548 Πορφύριος,
1289 2479 1386 2542 τὰς
1424 2480 1638 2548 ἐναγεῖς
1666 2479 1857 2543 θυσίας
1886 2483 2001 2543 τοῖς

427 2559 668 2633 εἰδώλοις
694 2564 1105 2636 προσφέροντας
1133 2571 1478 2639 ρινοκτυπεῖν
1503 2571 2000 2642 ἐντονώτατα,ὀλκῇ

429 2651 579 2722 βιαίᾳ
609 2654 704 2706 καὶ
729 2656 955 2727 δυνάμει
986 2658 1080 2712 τοῦ
1108 2660 1417 2732 πνεύματος
1450 2663 1541 2715 τὸν
1564 2663 1769 2717 τοιόνδε
1798 2664 2003 2717 κτύπον

429 2743 824 2811 προφέροντας,
858 2745 1026 2816 ὕμνον
1067 2750 1336 2804 ποιεῖσθαι
1376 2752 1693 2821 σεϐάσμιον,
1726 2752 1800 2815 ὼς
1822 2753 2005 2806 ἐντεῦ-

430 2830 519 2883 θεν
544 2834 744 2903 πολλὴν
766 2836 910 2906 ἔχειν
936 2840 1057 2902 τοὺς
1085 2840 1316 2905 θύοντας
1354 2843 1559 2910 ἄδειαν,
1587 2844 1678 2899 καὶ
1705 2844 1806 2915 τὴν
1842 2844 2003 2914 ἅμιλ-

429 2922 527 2975 λαν
571 2923 768 2993 ζηλοῦν
799 2928 1129 2996 ἱκανώτατα,
1172 2932 1256 2995 τίς
1301 2934 1624 3007 ρινοκτυπίᾳ
1666 2938 1876 3007 ν;κήσει
1915 2938 2005 2990 τὶν

429 3012 639 3082 ἓτερον,
675 3015 741 3067 ἵν’
772 3018 799 3069 ὁ
827 3016 1101 3087 βέλτιστος
1136 3023 1347 3092 πρῶτος
1385 3024 1657 3093 άκοὺοιτο,
1694 3027 1787 3079 καὶ
1815 3026 2004 3096 δαίμο-

432 3121 515 3155 σιν
542 3105 787 3176 ὑπάρχοι
814 3109 987 3177 γλυκύ
1001 3129 1173 3174 τατος.
1206 3114 1357 3185 Αὕτη
1389 3116 1496 3169 τῶν
1531 3117 1752 3171 τοιῶνδε
1781 3117 2003 3172 κτύπων

431 3194 464 3262 ἡ
485 3196 703 3265 ποιότης
725 3199 1058 3287 καθέστηκεν
1080 3204 1213 3273 πρὸς
1233 3204 1529 3275 θεραπείαν
1546 3208 1813 3277 δαιμόνων
1837 3208 2008 3280 ὑπάρ-

432 3286 592 3352 ξασα,
639 3290 731 3349 καὶ
783 3286 1046 3362 δαίμονας
1099 3294 1440 3366 ἀκαθάρτους
1481 3297 1669 3366 ὑμνεῖν
1707 3297 2007 3368 λεληθότως

432 3378 556 3440 τοῦς
582 3381 913 3450 προεμένους
936 3385 1104 3455 αὐτὴν
1133 3385 1535 3455 ἀναγκάζουσα.
1555 3388 1714 3442 Ὅθεν
1734 3389 1859 3453 τοῦς
1881 3390 2008 3443 ταύ-

431 3486 498 3543 τῃ
541 3476 857 3544 χρωμένους
909 3478 1294 3550 προτρέπομεν
1307 3522 1319 3539 .

434 3563 728 3633 βλαπτικὸν
789 3570 882 3621 καὶ
932 3570 1216 3642 ὀλέθριον,
1276 3575 1350 3636 ὡς
1412 3574 1760 3646 ψυχοφθόρου
1812 3575 2007 3646 λύττης

432 3655 783 3724 άφίστασθαι.
812 3677 829 3710 ι
857 3660 952 3724 Τίς
978 3662 1085 3732 γάρ
1131 3665 1381 3719 κοινωνία
1409 3667 1549 3734 φωτὶ
1576 3667 1709 3741 πρὸς
1737 3667 1954 3736 σκότος;
1984 3687 2001 3719 ι

432 3747 528 3801 καὶ
558 3750 625 3803 sit
649 3750 798 3819 ἑξῆς.

1097 3895 1124 3914 ρ

504 3929 690 4002 Τούτῳ
720 3930 795 4002 τῷ
842 3932 1032 4002 κτύπῳ
1058 3932 1333 4004 Θεόδωρος
1370 3934 1447 4006 τῷ
1487 3934 1726 4007 βδελυρῷ
1756 3937 1851 3990 καὶ
1889 3935 2009 4006 φιλ-

402 4022 635 4094 ,ειδώλιρ
673 4025 810 4094 μετὰ
848 4026 947 4096 τὴν
990 4026 1089 4096 τῆς
1153 4027 1449 4115 ιίιχράντουΙ
1474 4029 1757 4093 κοινωνίας
1804 4028 2009 4103 βρῶσιν

432 4116 798 4187 χρησάμενος,
850 4119 1012 4193 εὐθῦς
1056 4121 1334 4191 ὲστερεῑτο
1368 4124 1473 4175 τῶν
1515 4122 1712 4191 ὄψεων,
1758 4124 1852 4176 καὶ
1901 4123 2009 4175 τῶν

431 4208 693 4278 ὀμμάτων
716 4211 966 4281 ἐχήρευε,
1000 4211 1300 4284 σύνδρομον
1323 4216 1386 4284 τῇ
1409 4213 1691 4285 δυσφημίξι
1714 4215 1814 4285 τὴν
1838 4233 2011 4285 τιμω-

437 4300 556 4370 ρίαν
585 4301 888 4373 εὑράμενος
909 4321 923 4333 ·
955 4305 1048 4358 καὶ
1087 4305 1278 4358 τούτου
1309 4306 1615 4377 συμϐάντος
1667 4307 1742 4371 ὡς
1776 4307 2007 4377 ἔφημεν,

433 4392 632 4463 τρόμος
666 4392 912 4458 ἅπαντας
940 4396 1066 4458 τοὺς
1103 4397 1379 4468 παρόντας
1411 4397 1737 4467 ἐλάμϐανεν,
1772 4399 1868 4452 καὶ
1906 4399 2007 4467 φό-

1394 3481 1669 3552 μαθόντας
1722 3484 1893 3552 αὐτῆς
1948 3484 2010 3537 τὸ

2097 1924 2454 1991 ignorantes;
2490 1926 2636 1994 quod
2674 1924 2720 1979 si
2772 1924 2979 1978 certius
3021 1923 3301 1976 novi-sent
3333 1936 3440 1975 non
3486 1922 3674 1988 utique

2102 2013 2151 2067 id
2193 2023 2315 2082 post
2346 2022 2427 2069 tot
2462 2014 2629 2068 millia
2661 2022 3055 2068 tormentorum
3089 2013 3353 2082 egissent.

2170 2104 2238 2159 Et
2261 2104 2400 2160 forte
2432 2107 2535 2159 hoc
2567 2106 2864 2176 explanare
2895 2105 3119 2167 malum,
3147 2119 3253 2158 non
3280 2110 3365 2157 est
3392 2102 3671 2170 ineptum;

2103 2194 2357 2252 fortassis
2385 2196 2532 2252 enim
2564 2195 2684 2264 ejus
2742 2193 2993 2249 nonnulli
3037 2193 3257 2263 cognita
3310 2193 3595 2259 qualitate,
3620 2197 3676 2243 et

2100 2289 2241 2359 quod
2285 2289 2472 2360 gentili
2514 2288 2782 2357 condigna
2823 2286 3099 2355 impietate
3149 2286 3222 2339 sit
3268 2284 3603 2347 adiurentio.
3645 2299 3676 2338 a

2102 2380 2195 2433 tali
2231 2379 2557 2448 semetipsos
2584 2392 2849 2433 sensuum
2883 2376 3121 2431 laesione
3158 2373 3489 2432 custodien'.
3531 2373 3678 2428 Gen-

2104 2471 2225 2525 tiles
2252 2469 2530 2524 immunda
2554 2466 2827 2523 sacrificia
2855 2465 3018 2521 idolis
3045 2464 3358 2522 offerentes.
3381 2465 3675 2519 vehemen-

2105 2562 2320 2618 tissime
2373 2560 2617 2615 sonitum
2682 2558 2865 2614 tacere
2924 2544 3082 2623 naso,
3132 2556 3265 2611 dii-it
3322 2555 3678 2627 Porphyrius,
3764 2572 3785 2577 κ

2105 2653 2304 2708 virtute
2353 2653 2533 2707 valida
2585 2651 2817 2721 spiritus
2856 2661 2909 2705 et
2944 2649 3173 2718 ingenti,
3207 2638 3274 2702 et'
3298 2645 3679 2716 hujuscemodi

2105 2747 2346 2802 sonitum
2369 2745 2734 2815 proferentes,
2754 2745 3014 2812 hymnum
3035 2741 3214 2796 facere
3231 2741 3676 2803 celeberrimum;

2104 2844 2178 2894 ita
2224 2850 2281 2893 ut
2333 2837 2463 2891 hinc
2519 2838 2747 2891 multam
2805 2836 3044 2891 habeant
3097 2834 3152 2888 hi
3200 2835 3293 2905 qui
3357 2833 3673 2890 sacrificant

2105 2931 2609 2990 concertationem,
2661 2927 2818 2998 quasi
2902 2927 3119 2981 narium
3200 2926 3384 2980 sonitu
3462 2934 3682 2995 superet

2108 3023 2360 3086 alterum,
2404 3029 2460 3075 ut
2514 3021 2757 3090 optimus
2806 3018 3018 3089 primus
3066 3017 3345 3083 audiatur,
3377 3024 3429 3071 et
3474 3017 3679 3071 daemo-

2111 3115 2269 3169 nibus
2307 3114 2379 3169 sit
2429 3112 2808 3167 dulcissimus.
2848 3109 2972 3165 limc
3029 3117 3114 3164 est
3179 3108 3374 3162 horum
3422 3122 3681 3162 sonorum
3731 3141 3748 3153 .

2109 3206 2367 3276 qualitas,
2400 3219 2518 3275 quae
2550 3203 2615 3257 ad
2649 3202 3009 3273 placatiopem
3038 3199 3431 3254 daemoniorum
3466 3197 3682 3251 inventa

2108 3308 2211 3361 est,
2239 3312 2470 3367 quaeque
2511 3295 2792 3348 daemonas
2841 3289 3154 3346 immundos
3204 3290 3408 3345 sensim
3466 3287 3687 3342 laudare

2109 3391 2253 3460 cogit
2270 3406 2366 3445 eos
2394 3390 2487 3459 qui
2522 3387 2663 3441 hanc
2692 3392 2997 3442 sectantur.
3033 3380 3185 3437 Unde
3206 3381 3299 3451 qui
3326 3382 3423 3435 hac
3446 3379 3682 3442 utimini,

2107 3483 2464 3536 cohortamur
2511 3488 2568 3533 ut
2618 3493 2742 3532 cum
2788 3474 2909 3545 ejus
2950 3474 3226 3529 laesionem
3277 3472 3687 3541 perniciemque

2108 3563 2434 3632 didiceritis,
2453 3571 2522 3623 ab
2544 3584 2607 3623 ea
2643 3576 2905 3637 tanquam
2924 3567 2993 3620 ah
3011 3566 3320 3618 animarum
3346 3578 3428 3618 (οι
3445 3564 3688 3631 ruptriee

2109 3665 2262 3719 rabie
2293 3662 2587 3727 recedatis,
2622 3676 2691 3716 ne
2723 3675 2821 3731 per
2855 3660 2998 3714 hanc
3036 3658 3341 3713 idololatrze
3380 3657 3688 3710 constitua-

2111 3759 2263 3812 mini.
2297 3755 2427 3823 Qua:
2460 3756 2606 3811 enim
2645 3753 3080 3809 communicatio
3132 3750 3240 3805 luci
3290 3750 3356 3805 ad
3390 3748 3688 3805 tenebras?

2109 3860 2163 3905 et
2196 3840 2413 3905 caetera.

2181 3943 2296 3999 lloc
2342 3941 2709 3998 abominando
2753 3951 2808 3997 et
2851 3939 3012 3995 idolis
3061 3946 3214 4009 grato
3252 3951 3411 4003 sono,
3448 3941 3570 4006 post
3601 3934 3688 3988 in-

2111 4043 2447 4093 teremeratze
2491 4033 2896 4090 communionis
2928 4033 3113 4087 cilium
3151 4029 3476 4087 Theodorus
3531 4044 3686 4090 usus,

2110 4144 2231 4184 mox
2264 4129 2510 4199 privatus
2546 4126 2856 4191 obtutibus,
2889 4125 3066 4179 oculis
3092 4122 3387 4177 desﬁtutus
3416 4129 3521 4186 est,
3554 4136 3690 4174 cou-

2110 4229 2365 4277 currentc
2419 4234 2541 4274 eum
2598 4216 2935 4286 blasphemia
2989 4229 3149 4284 pmna
3194 4222 3453 4284 reperta;
3491 4225 3601 4280 quo
3636 4218 3695 4264 ut

2110 4313 2349 4368 diximus
2384 4311 2688 4374 accidente,
2715 4318 2921 4365 tremor
2971 4307 3260 4362 universos
3310 4303 3404 4374 qui
3456 4303 3693 4357 aderant

2111 4403 2542 4476 comprehendit,
2568 4412 2621 4460 ct
2650 4404 2814 4457 timor
2838 4417 2945 4456 non
2989 4400 3388 4470 qualiscunque
3434 4397 3569 4464 depa
3591 4403 3694 4448 ntus

432 4482 524 4546 6o;
551 4485 648 4553 οὐχ
666 4484 694 4535 ὁ
721 4485 899 4555 τυχὼν
920 4485 1239 4557 ἐπενέμετο,
1269 4487 1342 4558 μὴ
1374 4491 1469 4542 καὶ
1487 4490 1641 4543 αὐτοὶ
1668 4492 1782 4553 τοῖς
1804 4491 2002 4560 ὁμοίοις

2115 4507 2220 4561 est,
2264 4513 2331 4551 ne
2376 4504 2432 4551 et
2486 4495 2589 4565 ipsi
2642 4494 2969 4576 laberentur
3011 4491 3064 4545 in
3106 4491 3233 4544 talia
3272 4488 3452 4542 taliter
3501 4489 3694 4540 crehro

430 4576 717 4646 ἐμπέσωσι
772 4577 1001 4631 τοιαῦτα
1053 4579 1265 4651 συχνῶς
1314 4581 1752 4655 ἁμαρτάνοντες·
1804 4584 1899 4636 καὶ
1944 4584 2009 4637 δι’

430 4668 551 4732 ἔθος
579 4669 679 4739 τὴν
715 4668 915 4739 πρᾶξιν
956 4670 1053 4741 οὐχ
1081 4672 1355 4742 ἁμαρτίαν
1388 4672 1681 4744 ἡγούμενοι
1702 4690 1714 4705 ’
1753 4675 1924 4728 πολλά
1952 4693 2012 4728 τε

429 4762 540 4815 τῶν
574 4763 857 4835 παρόντων
883 4765 1113 4829 ἕκαστος
1136 4768 1319 4843 ἐξέχεε
1346 4768 1579 4839 δάκρυα,
1607 4769 1843 4841 Χριστὸν
1869 4769 2013 4840 ὑπὲρ

433 4855 632 4909 ἑαυτοῦ
661 4857 755 4912 καὶ
784 4858 908 4921 τοὺς
949 4859 1230 4930 μάρτυρας
1265 4860 1634 4931 ἱλασκόμενοι,
1666 4862 1762 4915 καὶ
1793 4861 1885 4914 τοῦ
1917 4878 2013 4913 πε-

432 4948 690 5014 πονθότος
723 4950 884 5022 χάριν
900 4951 1171 5023 δεόμενοι,
1197 4954 1345 5017 ὅπως
1369 4953 1445 5017 ὡς
1471 4953 1601 5017 Θεὸς
1624 4953 1898 5022 οἰκτείρας
1921 4953 2012 5006 τὸν

434 5039 616 5094 ἄθλιον
658 5043 1027 5115 μετανοοῦντα
1050 5044 1437 5117 προσδέξηται,
1465 5047 1562 5100 καὶ
1582 5045 1671 5100 διὰ
1700 5046 1809 5101 τῶν
1838 5045 2011 5115 ἁγίων

433 5133 598 5188 πάλιν
633 5134 695 5190 τὸ
726 5135 946 5206 βλέπειν
978 5138 1296 5209 χαρίσηται.
1360 5188 1377 5204 ,

513 5316 906 5387 Ἐπιφανέντες
928 5314 1020 5372 οῦν
1045 5319 1167 5373 καθ’
1192 5318 1396 5383 ὕπνους
1431 5322 1480 5374 οἱ
1510 5322 1785 5393 μάρτυρες
1810 5322 1886 5393 τῷ
1912 5324 2012 5394 τὴν

427 5404 991 5474 ὅρασινὰπολέσαντι,
1030 5410 1125 5472 Τίς
1159 5411 1719 5482 σέ,ερασὶν,ἐργάτην,
1750 5407 1794 5466 ὦ
1827 5414 2008 5478 ἄθλιε,

431 5499 699 5569 τοσαύτης
731 5501 981 5570 μυσαρᾶς
1004 5501 1297 5571 εἰργάσατο
1325 5504 1574 5576 πράξεως
1596 5523 1610 5570 ;
1635 5500 1702 5575 ἧς
1727 5505 1831 5557 ἔδει
1862 5507 2013 5577 παρὰ

432 5589 610 5643 πάντα
652 5591 755 5661 μὲν
788 5592 1028 5658 ἅπαντας
1054 5596 1146 5649 τὸν
1173 5595 1285 5666 βίον
1314 5596 1638 5667 ἀπέχεσθαι,
1665 5598 1739 5661 ὡς
1773 5599 2012 5670 Ἐλληνι-

433 5682 534 5751 κῆς
551 5684 642 5736 καὶ
667 5684 825 5756 φίλης
846 5689 959 5749 τοῖς
980 5686 1232 5755 δαίμοσιν
1253 5705 1266 5718 -
1291 5687 1385 5741 ml.
1414 5690 1461 5740 εί
1484 5690 1541 5740 ὲν
1575 5689 1767 5759 ἀγνοίᾳ
1796 5690 2012 5743 ποιοῦν-

433 5787 521 5833 ται
541 5773 743 5842 ταύτην
761 5778 807 5830 οἱ
840 5778 1104 5846 πλείονες,
1131 5778 1363 5849 μάλιστα
1390 5779 1443 5833 δέ
1466 5778 1668 5851 ταύτης
1681 5779 1777 5852 τὴν
1798 5781 2012 5853 ποίησιν

2116 4594 2433 4657 peccantes,
2489 4594 2543 4639 et
2602 4592 2823 4655 propter
2886 4580 3341 4637 “consuetudinem
3412 4586 3694 4645 peccatum

2118 4681 2345 4734 minime
2399 4678 2543 4748 quod
2606 4685 2863 4748 ageretur
2910 4675 3332 4738 existimantes;
3388 4670 3697 4739 multasque

2115 4774 2314 4845 singuli
2351 4784 2650 4842 priesenles
2684 4774 2954 4843 lacrymas
2992 4768 3372 4829 effundebant.
3413 4765 3693 4821 Christum

2114 4882 2212 4937 pro
2240 4882 2300 4921 se
2334 4882 2397 4921 ac
2426 4875 2697 4938 martyres
2738 4867 2981 4932 placatos
3022 4864 3203 4919 facere
3229 4870 3612 4932 procurantes,
3636 4864 3694 4912 et

2115 4959 2162 5012 ei
2189 4951 2288 5028 qui
2308 4972 2506 5026 passus
2532 4957 2706 5011 fuerat
2737 4956 2967 5028 gratiam
3004 4956 3390 5024 imprecantes,
3419 4967 3532 5021 quo
3574 4958 3696 5001 tau-

2115 5063 2280 5114 quam
2315 5046 2457 5102 Dens
2483 5063 2645 5116 super
2673 5048 2877 5102 misero
2908 5045 3287 5103 misericordia
3317 5055 3518 5105 monis,
3552 5041 3695 5091 hunc

2115 5140 2463 5208 pmuitenlem
2491 5140 2776 5209 reciperet,
2806 5152 2858 5194 et
2890 5155 2985 5209 per
3035 5145 3256 5195 sanctos
3288 5137 3482 5190 iterum
3514 5130 3699 5187 videre

2112 5234 2404 5309 tribueret.

2186 5327 2529 5395 Appareutes
2551 5340 2681 5395 ergo
2708 5333 2976 5394 martyres
3001 5323 3054 5378 in
3083 5320 3293 5378 somnis
3324 5319 3373 5373 ei
3398 5316 3491 5388 qui
3518 5315 3694 5371 visum

2115 5420 2394 5483 amiserat,
2414 5418 2548 5484 Quis
2570 5427 2641 5480 te,
2672 5418 2944 5488 inquiunt,
2969 5432 3002 5467 ο
3028 5416 3193 5470 miser
3215 5423 3557 5483 operatorem
3588 5417 3698 5459 tam

2116 5512 2463 5566 exsecranda:
2492 5521 2751 5581 operatus
2789 5518 2872 5565 est
2899 5508 3173 5563 actionis?
3201 5521 3229 5559 a
3270 5520 3378 5576 qua
3411 5504 3698 5557 universos

2117 5604 2403 5671 Oportebat
2437 5604 2693 5658 omnibus
2728 5603 3007 5657 abstinere
3039 5600 3255 5660 diebus.
3292 5608 3350 5651 ut
3387 5598 3568 5668 plures
3606 5613 3701 5667 por

2118 5693 2480 5762 ignorantiam
2539 5693 2783 5747 faciunt:
2831 5692 3133 5761 prmscrtim
3192 5707 3316 5745 cum
3361 5690 3520 5760 hujus
3560 5705 3699 5758 opus

2114 5790 2248 5839 tunc
2285 5784 2522 5841 maxime
2553 5793 2806 5855 oporteat
2861 5784 3193 5854 abominari,
3234 5786 3459 5858 quando
3490 5785 3696 5842 Christi
