4060 6236
1417 203 1447 221 Χ

457 315 599 378 3525

1481 311 1586 371 SS.
1628 310 1803 370 CYRI
1848 309 1942 370 ET
1973 309 2295 373 JOANNIS
2329 312 2749 374 MIRACULA.

3588 312 3731 379 3526

454 428 593 498 ὅπερ
619 425 770 480 ἐστὶν
795 424 1103 479 ἀθεώτατον
1124 441 1138 455 ο
1164 421 1285 477 οὔτε
1315 423 1695 495 φιλανθρωπίᾳ
1725 426 1905 492 νόμων
1933 423 2034 494 (mi

2162 424 2445 489 bendcret,
2490 425 2585 481 sed
2632 424 2818 480 multis
2869 423 2986 480 auri
3037 424 3543 490 distributionibus,
3584 430 3730 497 quod

455 519 564 591 γὰρ
586 517 646 571 τὸ
666 518 797 589 πρὸς
823 519 949 582 τοὺς
977 518 1037 571 οὔ
1069 517 1463 587 μετανοοῦντας
1481 515 1860 586 φιλάνθρωπον
1881 533 1894 581 ;
1918 518 2044 570 ἐπεὶ

459 610 534 680 μὴ
566 609 689 662 τότε
720 607 1282 679 φιλανθρωπεύονται,
1313 607 1391 659 ὅτ’
1426 605 1492 660 ἂν
1530 609 1579 659 οἱ
1609 607 1890 670 πταίοντες
1926 609 2041 670 τοῖς

455 700 677 765 οἰκείοις
707 700 1108 770 ὲναπομείνωσι
1138 698 1525 766 πταίσμασιν),
1552 698 1686 751 ἀλλὰ
1717 698 2053 770 φιλαργυρίᾳ

453 791 562 844 τῶν
592 790 951 842 ὲκδικούντων
980 789 1049 843 τὰ
1082 789 1291 857 νόμιμα
1320 804 1334 818 ⁸
1361 788 1539 843 πάντα
1568 790 1673 858 γὰρ
1723 789 1897 853 οὕτως
1951 791 2053 842 ὑπ-

457 883 711 941 ακπιύεται
734 880 808 951 τῷ
831 882 1058 952 χρυσίῳ,
1079 880 1154 943 ὡς
1177 880 1426 951 Σολομῶν
1446 882 1473 933 ό
1489 880 1647 949 σοφὸς
1668 881 2048 953 ἀπεγράψατος

459 972 605 1042 Πλὴν
622 976 667 1027 εί
684 975 773 1029 καὶ
789 974 934 1031 δόσει
955 972 1255 1045 χρημάτων
1273 972 1370 1043 τὴν
1391 971 1535 1044 ζωὴν
1554 975 1581 1026 ό
1596 972 1764 1035 τάλας
1776 972 2044 1042 ὠνήσατο,

459 1067 552 1120 καὶ
579 1065 807 1120 θάιατον
836 1067 926 1120 τὸν
967 1067 1087 1118 τότε
1113 1065 1389 1134 διέφυγεν,
1424 1064 1559 1119 ἀλλὰ
1584 1064 1644 1116 τὸ
1677 1063 1821 1117 θεῖον
1852 1066 2043 1134 φυγεῖν

456 1156 518 1217 οὐ
543 1156 848 1228 δεδύνηται,
881 1157 1001 1211 οὐδὲ
1035 1157 1192 1228 δίκης
1216 1157 1371 1228 ὄμμα
1398 1157 1764 1229 παντέφορον.

2147 525 2234 570 est
2286 517 2505 586 penitus
2538 516 2764 586 impium
2803 534 2817 570 :
2864 531 3045 585 neque
3081 517 3466 572 misericordia
3516 518 3719 589 legum;

2151 607 2241 661 ubi
2272 607 2415 660 enim
2461 615 2545 661 est
2576 608 2956 663 misericordia
2997 611 3144 663 circa
3185 624 3281 666 eos
3315 610 3406 680 qui
3455 624 3562 663 non
3603 625 3731 680 ege-

2151 709 2280 753 runt
2325 699 2741 769 pmuitentiatu?
2768 699 2902 754 Nam
2959 717 3070 755 non
3113 713 3244 755 tunc
3289 702 3729 757 miseritordiatn

2153 801 2572 857 consequuntur
2621 807 2742 846 cum
2796 801 3090 862 peccantes
3133 794 3337 863 quique
3387 796 3442 849 in
3490 795 3725 865 propriis

2153 882 2329 951 culpis
2386 890 2829 951 permanserunt,
2876 883 2969 937 sed
3021 884 3251 937 avaritia
3299 898 3488 938 eorum
3526 886 3727 955 quibus

2149 974 2443 1029 commissa
2495 985 2623 1026 sunt
2672 974 3010 1029 defendenda
3046 977 3311 1045 legitima.
3342 975 3537 1030 Omnia
3578 977 3725 1030 enim

2146 1065 2408 1120 obediunt
2448 1079 2602 1128 auro,
2650 1074 2707 1117 ut
2736 1064 2993 1123 Salomon
3033 1067 3326 1136 descripsit
3374 1068 3464 1122 ille
3499 1067 3722 1137 sapiet).

2142 1156 2413 1216 tissimus,
2444 1153 2837 1211 Verumtamen
2867 1156 2991 1209 licet
3012 1157 3142 1211 dato
3171 1158 3526 1227 pecuniarum
3557 1159 3723 1212 vitam

460 1249 650 1305 infelix
689 1250 999 1317 redemerit,
1032 1261 1086 1306 et
1121 1261 1352 1307 mortem
1388 1268 1508 1322 qua:
1535 1259 1665 1306 tunc
1707 1250 2308 1317 itnminebatevaserit,
2342 1248 2685 1304 divinitatem
2717 1258 2897 1303 tamen
2928 1248 3166 1320 eli‘ttgere
3217 1264 3329 1304 non
3375 1251 3572 1321 potuit,
3623 1262 3725 1304 nec

449 1342 646 1414 iudicii
682 1343 901 1399 oculum
932 1342 1026 1413 qui
1063 1344 1247 1397 omnia
1286 1343 1579 1413 conspicit.
1626 1342 1631 1345 ’

542 1436 881 1507 Ἀποδράσας
929 1434 1022 1492 οὖν
1060 1438 1120 1491 τὸ
1168 1435 1462 1500 Βυζάντιον
1510 1437 1649 1508 μετα
1688 1436 1787 1505 τὴν
1830 1437 1893 1489 ἐκ
1931 1433 2039 1490 τῶν

454 1530 730 1601 φρουρίων
755 1530 1040 1595 ἀπόλυσιν,
1064 1530 1143 1594 εἰς
1184 1529 1597 1600 Ἀλεξάνδρειαν
1628 1528 1872 1599 ἔρχεται,
1909 1529 2040 1580 λαν-

455 1622 636 1680 θάνειν
678 1621 866 1676 ἐνθάδε
911 1620 1141 1692 νομίσας
1170 1622 1263 1674 καὶ
1290 1619 1653 1692 κρύπτεσθαι.
1693 1620 1907 1688 Ἦγνόει
1932 1618 2042 1689 γὰρ

453 1716 482 1767 ὁ
509 1712 763 1786 βδελυρὸς
795 1713 888 1765 καὶ
935 1712 1196 1783 θεήλατος
1235 1714 1299 1765 ὲκ
1336 1711 1438 1781 τῆς
1477 1713 1606 1784 περὶ
1652 1711 1781 1775 τοὺς
1812 1711 2042 1773 οἰκείους

2217 1434 2537 1507 Byzantium
2565 1450 2696 1506 ergo
2731 1442 2853 1506 post
2888 1436 3291 1495 absolutionem
3321 1450 3604 1491 carcerum
3638 1435 3727 1489 1⁵η-

2126 1526 2319 1597 _gieus,
2352 1528 2735 1581 Alexandriam
2783 1529 2952 1592 venit,
2980 1529 3152 1584 latere
3186 1528 3275 1584 hic
3312 1529 3641 1584 existimans
3671 1537 3727 1583 et

2145 1621 2434 1676 abscondi.
2483 1619 2771 1692 lgnorabat
2815 1623 2958 1676 enim
2999 1622 3389 1678 abozuinabilis
3439 1630 3493 1676 et
3534 1637 3562 1674 a
3615 1622 3727 1675 Deo

2145 1711 2380 1780 cjcctus,
2414 1726 2478 1766 ex
2518 1713 2774 1782 opinione
2820 1727 2927 1783 qua
2977 1727 3106 1784 erga
3152 1714 3404 1783 proprios
3435 1714 3728 1766 tenebatur

456 1806 616 1870 θεοὺς
667 1804 1021 1875 ὑπολήψεως,
1073 1804 1147 1868 ὡς
1180 1805 1213 1875 ἠ
1252 1803 1375 1859 θεία
1412 1803 1689 1874 πανταχοῦ
1736 1802 2034 1874 καθέστηκε

2147 1805 2302 1871 deos,
2357 1806 2500 1875 quo:l
2561 1805 2746 1859 divina
2805 1805 3009 1874 ubique
3066 1806 3136 1861 sit
3189 1805 3385 1868 virtus,
3438 1813 3487 1860 el
3538 1805 3725 1858 omnia

456 1898 713 1968 δύναμις,
740 1896 835 1950 καὶ
857 1895 925 1949 τὰ
951 1896 1128 1953 πάντα
1160 1895 1380 1967 πληροῖ,
1411 1896 1509 1968 τὴν
1530 1895 1715 1953 οὐσίαν
1739 1894 2040 1967 ἀπερίγρα-

456 2012 556 2064 φον
591 1994 808 2064 ἔχουσα,
833 1993 928 2047 καὶ
950 1991 1017 2046 τὰ
1048 1992 1226 2048 πάντα
1254 1993 1491 2063 συνέχει,
1520 1992 1615 2047 καὶ
1648 1989 1863 2046 πάντων
1895 1991 2039 2044 ἐστὶν

456 2087 735 2153 ἐπέκεινα,
800 2086 874 2149 ὡς
930 2086 1067 2157 αὐτὴ
1120 2085 1212 2139 διὰ
1274 2086 1499 2141 Ἡσαΐου
1538 2086 1703 2156 φησὶν
1736 2086 1872 2159 πρὸς
1915 2085 2038 2148 τοὺς

455 2176 737 2246 οἰομένους
789 2176 959 2248 αὐτὴν
1014 2179 1073 2232 ὲν
1120 2176 1270 2248 τόπῳ
1327 2177 1523 2249 βραχεῖ
1584 2177 2034 2250 περιείργεσθαι·

463 2288 480 2321 ι
526 2271 684 2324 Ποῖον
717 2263 864 2322 οἷκον
892 2267 1280 2340 οἰκοδομήσετέ
1327 2287 1440 2341 μοι,
1464 2269 1611 2339 λέγει
1644 2270 1870 2342 Κύριος,
1897 2269 1930 2340 ἦ
1955 2269 2039 2332 τίς

453 2363 619 2423 τόπος
645 2363 742 2429 τῆς
774 2358 1171 2423 καταπαύσεώς
1201 2376 1300 2429 μου
1326 2376 1339 2426 ;
1380 2359 1505 2431 οὐχὶ
1551 2359 1641 2413 τὸν
1684 2359 1911 2430 οὐρανὸν
1944 2358 2039 2417 καὶ

453 2453 553 2524 τὴν
582 2454 684 2523 γῆν
731 2451 840 2522 ἐγὼ
894 2449 1085 2524 πληρῶ
1110 2468 1123 2515 ;
1152 2469 1170 2502 ι
1200 2450 1343 2522 Πρὸς
1376 2450 1444 2519 ἢν
1488 2449 1702 2507 ἅπαντα
1727 2449 1813 2505 διὰ
1840 2449 2039 2519 πολλὴν

457 2545 860 2614 συγκατάθασιν
892 2542 1314 2613 συγκρινόμενα,
1338 2541 1565 2612 οὐρανὸς
1592 2543 1691 2596 καὶ
1705 2542 1773 2596 τὰ
1807 2544 1926 2596 κατ’
1949 2541 2038 2594 οὐ·

459 2639 618 2710 ρανὺν
646 2639 893 2707 ἀγγέλων
928 2634 1119 2708 ἀναρίο
1129 2651 1274 2706 μητα
1301 2635 1658 2705 τάγματα,γῆ
1686 2636 1779 2689 καὶ
1809 2635 1875 2688 τὰ
1903 2636 2039 2695 κατὰ

454 2734 557 2799 γῆν
579 2729 693 2794 ζῶα
711 2731 802 2783 καὶ
820 2729 914 2784 ἄνο
923 2746 1114 2800 ρωποι,
1137 2727 1244 2800 ἀὴρ
1263 2727 1355 2780 καὶ
1379 2726 1539 2796 ὄρνεα
1557 2727 1623 2780 τὰ
1641 2728 1779 2783 κατὰ
1795 2728 1886 2781 τὸν
1901 2727 2039 2798 ἀέρα

455 2823 748 2891 πετόμενα,
764 2820 861 2875 καὶ
891 2818 1191 2890 συλλήϐδην
1216 2821 1389 2873 εἰπεῖν
1425 2820 1640 2874 ἅπαντα
1664 2819 1731 2873 τὰ
1753 2819 1923 2890 ὁρατὰ
1947 2820 2038 2872 καὶ

455 2915 684 2980 ἀόρατα,
726 2913 799 2976 ὠς
839 2912 980 2985 ῥοπὴ
1020 2909 1184 2978 ζυγοῦ
1215 2911 1606 2987 καθεστήκασι,
1633 2910 1727 2963 καὶ
1754 2909 1885 2962 ὡσεὶ
1909 2926 2036 2963 στα-

454 3004 566 3075 γὼν
601 3005 710 3059 ἀπὸ
737 3004 900 3058 κάδον
922 3003 1273 3074 τυγχάνουσι,
1311 3001 1408 3055 καὶ
1432 3002 1507 3066 ὡς
1538 3000 1720 3064 σίαλος
1749 2999 2033 3071 ἐλογίσθηο

456 3116 556 3153 σαν
586 3097 871 3168 στόματος.
903 3095 1074 3149 Τοῦτο
1105 3095 1212 3166 γὰρ
1240 3094 1332 3148 καὶ
1354 3093 1520 3147 Δαὸὶδ
1537 3093 1781 3166 ἀκριϐῶς
1810 3093 2036 3150 ἐπιστά-

2145 1899 2386 1966 impleat,
2445 1896 2987 1967 incircumscriptam
3051 1897 3259 1952 habens
3328 1897 3723 1955 substantiam.

2140 1998 2450 2059 cunctaque
2480 1989 2786 2055 contineat,
2813 1996 2867 2042 et
2892 1989 2963 2044 sit
2996 1989 3382 2043 universorum
3427 1987 3681 2057 superior
3706 2003 3722 2050 ;

2140 2081 2286 2138 sicut
2317 2082 2435 2151 ipsa
2468 2096 2565 2152 per
2592 2080 2787 2138 Isaiam
2823 2080 2977 2146 dicit,
3012 2080 3275 2136 adversus
3311 2093 3408 2136 eos
3441 2080 3532 2148 qui
3574 2080 3721 2133 hunc

2139 2173 2194 2227 in
2246 2174 2366 2229 loco
2406 2173 2554 2226 brevi
2603 2173 2966 2242 epinabantur
3015 2172 3236 2228 arceri:
3273 2171 3445 2239 Quam
3498 2171 3721 2225 domum

2139 2265 2483 2321 adiﬁcabitis
2513 2265 2674 2330 mihi,
2708 2265 2839 2321 dicit
2868 2263 3166 2321 Dominus:
3191 2273 3284 2318 aut
3312 2265 3434 2334 quis
3464 2271 3546 2318 est
3570 2264 3638 2316 lo.
3661 2278 3727 2321 us

2141 2358 2496 2428 requietionis
2546 2357 2718 2417 meae?
2771 2372 2951 2413 nonne
3001 2359 3201 2413 cat-lum
3264 2364 3318 2411 et
3365 2364 3566 2412 terram
3623 2371 3725 2424 ego

2141 2451 2374 2522 impleo?
2399 2450 2480 2505 Ad
2507 2468 2671 2523 quam
2696 2452 2964 2507 universae
2993 2458 3213 2523 propter
3238 2450 3467 2504 multam
3523 2449 3726 2503 conde-

2140 2546 2494 2600 sceusiouem
2523 2553 2861 2615 comparata,
2899 2545 3100 2603 malum
3153 2540 3428 2606 videlicet,
3455 2549 3509 2596 et
3540 2542 3631 2612 qui
3670 2543 3722 2594 in

2139 2635 2280 2691 caelo
2316 2642 2446 2692 sttnt
2486 2634 2919 2689 innumerabiles
2957 2634 3202 2699 ordines,
3233 2644 3378 2689 terra
3422 2643 3477 2688 et
3520 2649 3641 2702 qua:
3670 2635 3723 2687 ἰι

2142 2730 2282 2776 terra
2331 2731 2459 2778 sunt
2487 2724 2745 2779 animalia
2777 2723 2942 2780 simul
2974 2733 3026 2779 et
3068 2724 3339 2788 homines,
3371 2739 3466 2779 aer
3512 2734 3564 2779 et
3594 2738 3729 2783 avis

2139 2831 2259 2886 quae
2291 2831 2389 2886 per
2415 2831 2595 2871 aerem
2629 2817 2879 2878 volitant,
2911 2833 3063 2872 mare
3095 2824 3147 2872 et
3181 2832 3302 2887 quae
3332 2816 3641 2872 inhabitant
3670 2819 3721 2871 in
3764 2848 3771 2863 ι

2139 2907 2317 2978 aquis,
2351 2917 2403 2962 et
2434 2914 2493 2962 ut
2525 2908 2766 2964 breviter
2806 2923 3143 2974 asseramus,
3175 2908 3419 2963 visibilia
3449 2918 3501 2961 et
3534 2908 3723 2963 invisi-

2140 3000 2288 3068 bilia,
2321 3000 2462 3055 sicut
2485 3010 2819 3056 momentum
2854 3001 3075 3056 trutina:
3104 3009 3255 3064 sunt,
3278 3011 3330 3056 et
3364 2999 3725 3057 relutilluet-s

2138 3106 2167 3145 a
2209 3091 2372 3147 situla
2403 3099 2553 3163 gutta
2587 3093 2925 3159 consistunt,
2951 3104 3003 3148 et
3029 3102 3087 3147 ut
3118 3093 3288 3147 saliva
3317 3100 3567 3163 reputata
3592 3106 3722 3146 sunt

457 3206 616 3261 μενος
666 3187 917 3259 ἔψαλλεν·
976 3204 994 3238 t
1047 3182 1481 3258 Ἑθαυμαστὼθη
1526 3184 1789 3256 ἡγνῶσίς
1840 3202 1932 3239 σου
1981 3184 2034 3252 ἐξ

2142 3183 2277 3251 oris,
2314 3192 2369 3239 et
2414 3185 2833 3255 reputabuntur.
2877 3185 2942 3239 Et
2984 3185 3088 3241 hoc
3135 3183 3284 3240 enim
3343 3183 3507 3239 etiam
3553 3183 3723 3237 Dax‘d

459 3280 621 3349 ἐμοῦ,
675 3278 1048 3350 ὲκραταιὼθη,
1084 3275 1144 3335 οὐ
1194 3274 1268 3347 μὴ
1318 3274 1561 3347 δύνωμαι
1592 3277 1729 3348 πρὸς
1767 3275 1936 3348 αὐτήν
1963 3293 1977 3308 ⁸
2014 3296 2033 3330 ι

450 3367 519 3446 ἧς
578 3371 639 3424 τὸ
686 3370 913 3441 μέγεθος
960 3367 1390 3438 ἐνδεικνύμενος,
1451 3369 1647 3437 ἐπάγει
1685 3369 1779 3423 καί
1823 3387 1990 3438 φησιν
2019 3386 2032 3401 ⁸

458 3484 476 3516 ι
517 3462 625 3524 [ιοῦ
674 3462 923 3532 πορευθῶ
971 3460 1077 3513 ἀπὸ
1129 3458 1223 3512 τοῦ
1281 3458 1592 3531 πνεύματός
1644 3479 1763 3526 σου;
1797 3464 1892 3515 καὶ
1930 3462 2037 3515 ἀπὸ

457 3555 747 3628 προσώπου
785 3572 875 3608 σου
902 3551 1006 3605 ποῦ
1046 3554 1244 3621 φύγω;
1278 3554 1404 3607 Ἐὰν
1429 3552 1616 3605 ἁναὸὦ
1651 3554 1728 3615 εἰς
1753 3553 1840 3605 τὸν
1874 3554 2036 3623 οὐρα-

456 3650 565 3715 νὸν,
596 3649 659 3702 σὺ
713 3649 830 3700 ἐκεῖ
879 3639 965 3699 εἷ·
1029 3647 1125 3699 καὶ
1176 3645 1272 3700 ἐὰν
1321 3645 1549 3717 στρὼσω
1597 3646 1679 3709 εἰς
1732 3645 1824 3698 τὸν
1879 3645 2032 3717 ᾅδην,

454 3744 614 3813 πάρει
647 3756 661 3770 ·
716 3740 813 3792 ἐὰν
849 3738 1177 3807 ἁναλάὄοιμι
1223 3738 1318 3800 τὰς
1351 3739 1631 3808 πτέρυγάς
1667 3755 1767 3807 μου
1795 3740 1911 3791 κατ’
1939 3738 2032 3808 δρ-

452 3833 598 3903 θρον,
630 3831 723 3884 καὶ
754 3828 1167 3900 κατασκηνὼσω
1194 3829 1272 3891 είς
1295 3828 1363 3882 τὰ
1386 3828 1585 3899 ἔσχατα
1617 3828 1716 3899 τῆς
1737 3829 2029 3900 θαλάσσης

451 3926 544 3985 καὶ
572 3924 679 3996 γὰρ
706 3924 821 3976 ἐκεῖ
849 3924 882 3995 ἡ
911 3922 1033 3994 χείρ
1067 3940 1160 3975 σου
1184 3921 1442 3994 ὁδηγήσει
1475 3939 1564 3991 με,
1587 3922 1681 3975 καὶ
1708 3920 1925 3989 καθέξει
1961 3940 2029 3992 με

449 4016 652 4089 ηδεξιά
688 4033 802 4069 σου.
851 4035 869 4067 ι
1157 3997 1170 4010 ’

525 4109 687 4161 Ὅθεν
718 4107 893 4175 φυγὰς
921 4108 948 4160 ὁ
997 4105 1280 4172 Ἀγάπιος,
1315 4105 1407 4157 καὶ
1437 4105 1494 4157 ἐν
1523 4104 1910 4178 Ἀλεξανδρείᾳ
1935 4124 2028 4178 γε·

449 4201 696 4272 νόμενος,
721 4199 819 4268 τὴν
844 4199 941 4268 τῆς
974 4198 1133 4267 δίκης
1155 4195 1335 4260 δεξιὰν
1367 4196 1429 4249 οὐ
1461 4195 1734 4265 διέφυγεν,
1770 4198 1882 4255 ἀλλ’
1922 4199 2026 4252 ὑπὸ

376 4316 379 4319 ν
448 4294 655 4362 ταύτης
694 4289 1054 4359 κατασχεθεὶς
1106 4287 1426 4352 ἐκολάζετοο
1480 4289 1541 4341 οὐ
1577 4288 1761 4358 νόμοις
1796 4290 2024 4361 παραδο-

448 4386 562 4450 θεὶς
605 4385 681 4448 ὡς
726 4384 786 4436 τὸ
821 4382 1105 4453 πρότερον)
1167 4380 1333 4435 πάλιν
1365 4380 1471 4452 γὰρ
1521 4380 1587 4434 ἂν
1622 4381 1720 4451 τὴν
1752 4382 2022 4454 τιμωρίαν

446 4473 533 4527 διὰ
571 4473 872 4543 χρημάτων
901 4470 1160 4539 ἐξέφυγεν
1186 4487 1201 4501 '
1234 4473 1433 4534 πάντες
1462 4472 1570 4542 γὰρ
1600 4472 1667 4524 τὰ
1699 4473 1907 4525 ἑαυτῶν
1929 4476 2022 4543 ζη-

2142 3276 2450 3332 certissime
2495 3277 2679 3332 sciens
2714 3278 2985 3348 psallebat
3039 3295 3052 3332 :
3095 3296 3113 3329 ι
3151 3276 3415 3332 Mirabilis
3460 3276 3603 3331 facta
3637 3278 3722 3330 est

2139 3367 2366 3424 scientia
2403 3376 2494 3422 tua
2527 3385 2590 3423 ex
2629 3385 2735 3436 me,
2781 3369 3092 3424 confortata
3126 3378 3231 3436 est,
3270 3385 3380 3424 non
3424 3379 3616 3441 potero
3652 3371 3717 3422 ad

2138 3472 2257 3513 eam
2286 3459 2349 3512 ³⁵.
2386 3478 2404 3511 ι
2438 3459 2614 3530 Cujus
2641 3461 3070 3527 magnitudinem
3098 3459 3398 3516 ostemlens
3427 3460 3717 3529 subiufert,

2137 3558 2191 3604 et
2224 3550 2354 3606 dicit
2389 3570 2402 3606 :
2445 3571 2463 3603 ‹
2503 3554 2623 3620 Quo
2661 3553 2751 3607 ibo
2780 3570 2807 3608 a
2878 3554 3075 3624 spiritu
3121 3554 3259 3608 tuo?
3296 3563 3349 3608 et
3387 3569 3416 3607 a
3455 3553 3592 3610 faeie
3626 3564 3719 3613 tua

2136 3659 2244 3713 quo
2271 3642 2513 3714 fugiam?
2545 3644 2600 3699 Si
2628 3645 3021 3701 ascenderoin
3060 3646 3285 3711 emittm,
3317 3654 3372 3700 ttt
3403 3645 3515 3699 illic
3544 3660 3633 3700 σε’
3670 3648 3715 3698 si

2135 3732 2474 3789 descendero
2505 3735 2558 3790 in
2592 3734 2892 3799 infernum,
2920 3735 3050 3790 ades
3076 3752 3090 3802 ;
3125 3737 3168 3790 si
3196 3750 3484 3806 sumpsero
3510 3752 3719 3806 pennas

2135 3844 2283 3883 meas
2316 3839 2443 3884 ante
2476 3831 2674 3896 lucem,
2699 3841 2752 3887 et
2775 3829 3096 3885 babitavero
3127 3830 3181 3884 in
3210 3831 3501 3900 postremis
3522 3831 3715 3892 maris,

2131 3919 2330 3973 etenim
2378 3920 2507 3974 illuc
2540 3934 2738 3976 manus
2771 3928 2860 3975 tua
2889 3920 3125 3976 deducet
3160 3937 3266 3987 me,
3301 3929 3354 3976 et
3387 3922 3598 3981 tenebit
3630 3938 3715 3977 me

2130 4009 2355 4064 dextera
2390 4018 2480 4064 tua
2510 4010 2575 4068 “.
2618 4030 2637 4064 ι

2204 4101 2355 4158 Unde
2385 4102 2550 4175 lugax
2588 4104 2832 4177 Agapius
2872 4105 3264 4161 Alexandriam
3296 4106 3549 4171 veniens,
3578 4121 3708 4162 eon-

2126 4210 2321 4266 gruum
2369 4196 2640 4266 judicium
2696 4213 2803 4252 non
2850 4199 3044 4265 evasit,
3092 4198 3184 4253 sed
3218 4199 3282 4252 ad
3319 4198 3422 4253 hoc
3455 4199 3708 4254 detentus

2126 4288 2305 4357 poenis
2341 4289 2712 4355 cruciabatur,
2758 4306 2866 4345 non
2900 4302 2960 4345 ut
3000 4292 3150 4361 prius
3183 4290 3393 4360 legibus
3434 4290 3705 4359 trad'tus;

2125 4378 2366 4447 alioquin
2419 4394 2636 4449 pmnam
2696 4380 2893 4435 iterum
2949 4396 3047 4451 per
3101 4382 3361 4451 pecunias
3405 4381 3702 4452 cﬂ‘ugiss-t.

2124 4469 2326 4527 Omnes
2358 4474 2502 4527 enim
2539 4490 2660 4543 qua:
2691 4489 2792 4528 sua
2829 4484 2960 4530 sunt
2986 4484 3259 4545 qumrunt,
3298 4490 3401 4529 non
3435 4489 3555 4543 quae
3578 4474 3703 4528 Jt-su

447 4564 651 4629 τοῦσιν,
692 4564 751 4616 οὗ
784 4563 853 4613 τὰ
892 4561 1065 4632 Ἰησοῦ
1092 4562 1353 4633 Χριστοῦ,
1375 4563 1515 4616 κατὰ
1557 4563 1649 4615 τὸν
1694 4562 1834 4617 θεῖον
1864 4563 2023 4619 Ἀπόο

2136 4562 2355 4626 Christi,
2389 4565 2690 4619 secumlum
2728 4564 2973 4627 divinum
3000 4566 3346 4635 Apostolutn.
3380 4563 3484 4621 Sed
3519 4565 3731 4647 invisi;

450 4657 682 4726 στόλον),
711 4656 827 4710 ἀλλ’
852 4655 1101 4726 ἀοράτως
1149 4654 1376 4725 πληγεὶς
1412 4655 1625 4726 πληγὴν
1673 4657 1916 4729 χαλεπήν
1965 4676 2022 4712 τε

448 4749 543 4802 καὶ
572 4747 814 4817 ἄφυκτον
838 4762 850 4774 ”
886 4747 1036 4809 νόσος
1071 4745 1127 4799 δὲ
1148 4741 1217 4817 ἦν
1252 4748 1280 4817 ἡ
1313 4746 1495 4819 πληγὴ
1529 4747 1669 4800 κατὰ
1703 4751 1899 4813 παντὸς
1930 4752 2022 4803 εὐ-

448 4841 719 4915 ρυνομένη
768 4838 862 4892 τοῦ
916 4838 1278 4908 σώματος,ἢν
1316 4837 1704 4909 Ἀσκληπιάδαι
1747 4857 2023 4911 προσαγο-

448 4934 665 5007 ρεύουσι
714 4933 970 5001 πάρεσιν.
1018 4929 1128 4982 Καὶ
1157 4930 1316 4983 τοῦτο
1352 4930 1409 4983 δὲ
1440 4929 1664 4998 φεύγειν
1690 4932 1936 5002 ἠλπικὼς
1962 4933 2022 4987 τὸ

444 5025 786 5097 ἀρρώστημα
818 5023 899 5092 (οὐ
936 5022 1038 5091 γὰρ
1079 5021 1234 5091 δίκης
1264 5020 1422 5091 ἔργον
1446 5021 1506 5073 τὸ
1538 5022 1709 5086 πάθος
1751 5025 2021 5093 ἐνόμιζεν,

442 5112 580 5174 ἀλλὰ
603 5115 913 5184 σύμπτωμα
933 5112 1226 5184 σώματος),
1262 5111 1469 5184 συχνῶς
1491 5114 1618 5177 τοὺς
1646 5116 1864 5184 ἰατροὺς
1892 5135 2024 5186 μετ-

443 5208 743 5263 εστέλλετο.
790 5208 852 5259 Οἱ
881 5207 936 5259 δὲ
963 5204 1420 5273 παραγενόμενοι,
1454 5203 1522 5257 τὰ
1568 5204 1665 5273 τῆς
1711 5207 1904 5277 τέχνης
1935 5208 2023 5260 ἐπ’

444 5301 595 5374 αὐτῷ
632 5298 1035 5369 διεπράττοντο,
1064 5296 1266 5358 εἰδότες
1303 5294 1401 5363 μὲν
1428 5294 1503 5358 ὡς
1533 5296 1593 5351 οὗ
1627 5294 1876 5364 ξήσεταιν
1902 5299 2024 5352 οὐδὲ

442 5393 599 5448 τοῦτο
634 5391 794 5462 φύγοι
826 5389 884 5441 τὸ
907 5389 1141 5460 νόσημα,
1171 5386 1284 5440 ἀλλ’
1325 5387 1502 5441 ἐλπίδι
1534 5386 1741 5458 μισθῶν
1766 5388 2020 5443 ἀπατῶν-

454 5502 532 5548 re;
560 5486 651 5538 τὸν
682 5482 883 5535 ἄθλιον.
1295 5508 1299 5513 ·
1672 5536 1679 5539 _

525 5579 609 5642 '9,-
636 5576 693 5630 δὲ
712 5574 899 5647 χρόνος
927 5570 1271 5644 προέϐαινεν,
1296 5570 1388 5624 καὶ
1411 5568 1471 5622 τὸ
1499 5569 1669 5634 πάθος
1688 5571 2014 5643 προέκοπτε,

506 5759 547 5790 ³⁵
599 5759 744 5817 Psal.
783 5776 1046 5826 euxvztt,
1077 5753 1339 5817 l5.°°lbid.
1377 5759 1428 5827 7,
1471 5760 1523 5827 8,
1562 5757 1611 5812 9.

2131 4654 2315 4709 biliter
2347 4656 2597 4725 plagatus
2640 4658 2797 4726 plaga
2835 4672 2978 4713 sreva
3011 4667 3063 4713 et
3099 4656 3433 4723 inevitabili;
3478 4657 3705 4726 languor

2127 4748 2274 4801 enim
2325 4756 2445 4801 erat
2498 4749 2655 4818 plaga
2711 4750 2802 4804 illa
2859 4765 2956 4819 per
3005 4758 3176 4805 torum
3212 4763 3413 4818 corpus
3454 4758 3699 4815 extensa,

2127 4851 2290 4906 quam
2346 4820 2684 4908 Asclepiadaa
2735 4841 3008 4912 paralysin
3073 4849 3406 4909 nuncupant.
3438 4839 3504 4899 Et
3558 4839 3701 4897 bunu

2125 4944 2344 4999 quoque
2378 4932 2692 5001 languorem
2723 4933 2908 5002 fugere
2926 4949 3172 5002 sperans,
3205 4935 3429 4991 crebros
3462 4932 3697 4986 medicos

2126 5020 2429 5077 advocabat
2461 5040 2475 5088 ;
2510 5037 2618 5076 non
2651 5024 2796 5077 enim
2834 5024 3175 5079 adversionis
3202 5039 3340 5093 opus
3385 5024 3694 5092 passionem

2122 5127 2245 5168 esse
2287 5115 2533 5182 putabat,
2585 5117 2678 5169 sed
2738 5117 3081 5185 corporalem
3135 5123 3406 5169 eventum.
3461 5112 3563 5178 Qui
3601 5128 3693 5166 vc-

2121 5207 2355 5271 nieutes,
2411 5224 2533 5277 quae
2594 5209 2729 5263 artis
2782 5219 2939 5264 erant
2987 5211 3040 5264 in
3099 5224 3163 5263 eo
3215 5207 3508 5277 gerebant;
3550 5208 3696 5276 quod

2121 5300 2340 5370 quidem
2379 5317 2487 5355 non
2524 5302 2772 5357 victurus
2808 5313 2977 5369 esset,
3014 5318 3114 5357 nec
3153 5302 3465 5370 languorem
3497 5299 3692 5371 eﬂ‘ugi-

2126 5376 2282 5447 turus
2320 5394 2579 5461 scientes,
2607 5399 2703 5452 sed
2740 5395 3000 5450 miserum
3026 5394 3077 5448 in
3116 5391 3425 5448 mercedum
3463 5406 3559 5462 spe
3597 5394 3697 5449 dea-

2123 5483 2408 5552 cipientes.

2194 5576 2440 5648 Cumque
2462 5592 2639 5635 anuus
2665 5579 3124 5651 processisset,.et
3148 5577 3331 5652 passio
3344 5575 3695 5650 profecisset,
