4060 6236
408 335 546 401 359.7

1342 341 1403 402 S.
1428 337 1778 400 501³1111οΝ
1788 337 1844 397 ll
1878 336 2383 398 PATRIARCH/E
2406 338 2810 399 HIEROSOL.

3537 331 3677 398 3528

411 455 488 508 ita
522 458 582 507 ut
628 458 685 506 et
712 451 950 523 linguam
984 466 1206 524 quoque
1255 454 1530 527 paralysis
1576 461 1843 523 tangeret,
1875 466 1995 522 qua:

2103 450 2237 505 ὥστε
2269 454 2364 506 καὶ
2394 453 2495 518 τῆς
2524 453 2768 520 γλώττης
2805 450 2905 522 τὴν
2932 449 3163 520 πάρεσιν
3215 446 3512 509 ἅπτεσθαι,
3557 450 3676 518 ητις

405 542 520 612 jam
562 549 712 597 tanto
759 545 1076 600 solvebatur
1123 546 1359 617 ﬂagello,
1396 563 1588 603 vocem
1641 562 1750 601 non
1805 546 1993 600 valens

410 634 752 692 articulatam
798 636 1145 705 depromere,
1182 640 1308 694 licet
1354 639 1475 709 ipse
1530 654 1640 693 non
1693 641 1801 691 vita
1836 651 1995 691 exce-

409 726 584 790 deret,
620 727 715 782 sed
748 731 1012 783 atrociter
1041 732 1354 801 puniretur,
1383 732 1672 787 consilium
1702 745 1732 784 a
1763 731 1991 801 quibus—

411 815 536 871 dam
562 819 771 887 accepit
798 818 865 873 ad
892 816 1092 890 Cyrum
1134 819 1515 892 Joannemque
1549 828 1824 891 martyres
1866 834 1992 889 pro-

410 910 659 977 perandi,
695 917 956 979 tanquam
984 914 1077 981 qui
1097 924 1362 982 possenta
1388 914 1644 985 passione
1665 928 1723 967 se
1741 912 2019 975 liberarey

411 1000 456 1052 si
489 1015 613 1053 cum
650 1000 755 1056 ﬁde
781 1001 848 1059 ad
886 1017 982 1058 eos
1012 1014 1065 1059 et
1105 1004 1366 1076 lacrymis
1411 1003 1760 1059 accessisset.
1802 1002 1872 1059 At
1902 1003 1993 1059 ille

410 1092 734 1149 tnaledictus
796 1095 998 1150 timens
1053 1098 1344 1167 nequando
1394 1112 1521 1150 eum
1569 1106 1830 1166 tanquam
1894 1112 1991 1166 pa-

410 1197 613 1251 ganum
681 1184 1020 1253 judicarent,
1074 1188 1141 1242 ad
1199 1198 1421 1244 sanctos
1464 1189 1650 1244 venire
1690 1189 1988 1256 nolentem,

411 1274 711 1329 simulabat
744 1276 889 1329 enim
922 1291 981 1330 se
1008 1292 1131 1332 esse
1161 1277 1561 1344 Christianum,
1595 1290 1650 1335 et
1680 1280 1816 1348 pelle
1849 1287 1992 1349 tege-

414 1364 575 1418 batur
618 1366 798 1428 ovina,
850 1367 978 1422 licet
1038 1370 1200 1439 lupus
1252 1370 1525 1425 veraciter
1563 1371 1763 1439 impius
1795 1385 1992 1425 nosce-

412 1464 589 1521 retur,
629 1458 917 1513 consilium
966 1459 1212 1526 admisit,
1261 1469 1315 1516 et
1363 1462 1568 1516 exitum
1608 1462 1721 1515 ﬁeri
1776 1463 1987 1525 annuit,

416 1546 586 1601 latere
632 1563 726 1613 per
759 1549 863 1601 hoc
891 1549 1142 1605 homines
1166 1552 1441 1622 opinatus,
1468 1559 1524 1606 et
1556 1553 1818 1607 seducere
1842 1568 1988 1607 mar.

416 1647 564 1708 tyres
594 1638 917 1706 arbitratus,
947 1651 1207 1716 tanquam
1232 1643 1477 1698 deiﬁcam
1506 1645 1680 1699 nostri
1703 1644 1987 1700 scientiam

414 1743 522 1782 non
560 1730 851 1793 habentes,
886 1731 979 1786 sed
1010 1734 1109 1788 hos
1138 1734 1345 1790 similes
1367 1735 1475 1790 diis
1506 1736 1620 1791 suis
1643 1738 1986 1804 existimans,

412 1822 506 1890 qui
542 1838 649 1876 non
670 1823 845 1880 solum
872 1839 992 1893 quae
1020 1827 1207 1893 procul
1227 1835 1356 1881 sunt
1385 1828 1467 1883 vel
1491 1828 1672 1883 abdita
1695 1830 1996 1893 hominum,
2031 1818 2071 1872 Β

415 1913 508 1989 sed
537 1930 636 1968 nec
669 1930 731 1968 ea
764 1930 887 1984 quae
919 1915 973 1968 in
1007 1919 1425 1986 praesentiarum
1457 1929 1585 1973 sunt
1622 1927 1845 1973 norunt.
1879 1920 1999 1977 «Si-

415 2007 656 2062 inulacra
681 2008 884 2077 quippe
906 2010 1148 2078 gentium
1182 2020 1469 2080 argentum
1500 2020 1554 2066 et
1583 2027 1799 2079 aurum,
1833 2028 1999 2083 opera

414 2113 673 2152 manuum
708 2094 1040 2175 hominum;
1071 2116 1133 2156 os
1189 2101 1398 2157 habent
1436 2112 1490 2157 ct
1530 2118 1637 2159 non
1679 2105 1996 2176 loquentur;

414 2191 606 2244 oculos
630 2191 833 2245 habent
864 2199 917 2245 et
949 2208 1058 2247 non
1093 2193 1360 2260 audiunt;
1388 2211 1549 2251 nares
1581 2198 1781 2251 habent
1807 2207 1862 2252 et
1890 2215 1996 2253 non

411 2281 755 2348 odorabunt;
786 2297 980 2338 manus
1012 2284 1282 2339 hahentet
1312 2301 1420 2339 non
1454 2286 1799 2357 palpabunt;
1835 2290 1999 2359 pedes

411 2373 614 2428 habent
640 2382 695 2429 et
728 2390 836 2431 non
873 2375 1272 2444 ambulabunt;
1304 2393 1413 2431 non
1447 2379 1764 2435 clamabunt
1793 2380 1846 2435 in
1871 2391 1996 2451 gnt-

414 2470 534 2515 tnre
560 2475 680 2515 suo.
711 2480 726 2511 ι
759 2460 974 2527 Quibus
1004 2473 1087 2517 cst
1123 2464 1435 2518 subinl‘erre
1466 2466 1803 2521 conveniens
1831 2470 1994 2521 etiam

414 2553 547 2607 illud
582 2572 594 2606 :
639 2572 658 2605 ι
711 2551 934 2608 Similes
962 2554 1069 2608 illis
1096 2554 1227 2611 [iant
1251 2557 1344 2628 qui
1370 2555 1578 2613 faciunt
1607 2573 1693 2627 ea,
1721 2567 1776 2616 ct
1805 2574 1996 2617 omnes

412 2645 503 2713 qui
532 2645 817 2700 coiilidunt
843 2644 898 2700 in
931 2648 1035 2703 cis.
1071 2664 1090 2699 ι

479 2905 1000 2977 Deprehcndcbatur
1030 2907 1197 2978 igitur
1225 2908 1391 2965 miser
1425 2926 1486 2964 se
1511 2910 1689 2982 ipsum
1723 2913 1995 2970 scduccns

343 2984 350 2995 ’
412 3018 519 3055 non
561 3014 854 3073 martyras,
887 3018 1058 3072 seque
1086 3003 1257 3059 latere
1290 3003 1501 3061 faciens
1540 3013 1593 3060 ct
1622 3021 1730 3060 non
1771 3021 1869 3061 eos
1901 3009 1993 3078 qui

413 3094 558 3147 hanc
590 3095 903 3163 opinionem
952 3096 1227 3151 habebant
1263 3096 1331 3152 de
1378 3098 1516 3168 ipso.
1551 3097 1685 3156 Cu-m
1737 3101 1895 3156 enim
1926 3104 1993 3159 ad

412 3186 541 3256 Cyri
591 3196 645 3240 et
675 3186 906 3243 Joannis
945 3189 1375 3244 sacratissimam
1413 3191 1655 3246 venisset
1683 3192 1990 3263 basilicam,
2025 3163 2069 3220 C

414 3278 515 3332 hos
548 3278 824 3335 dormiens
856 3281 1175 3336 intuebatur
1207 3282 1257 3335 in
1289 3282 1479 3337 habitu
1504 3285 1850 3342 Christodori
1882 3287 1995 3344 dis-

414 3374 793 3440 pensationem
836 3374 1091 3430 habentis
1121 3375 1385 3440 ecclesiae,
1417 3393 1512 3447 per
1547 3379 1806 3449 templum
1846 3382 1994 3438 ince-

414 3467 606 3518 cientes
646 3472 699 3519 ct
734 3465 842 3520 Deo
873 3467 1159 3522 adolentcs
1195 3468 1445 3532 incensa,
1476 3468 1540 3524 ad
1588 3486 1646 3526 se
1677 3487 1805 3526 vero
1835 3487 1994 3529 acce-

412 3560 634 3624 dvnlcs,
706 3567 760 3613 et
830 3559 990 3616 minis
1050 3561 1362 3615 acrioribus
1426 3564 1831 3632 quodaminodo
1889 3567 1991 3621 sibi

414 3651 698 3721 loquentes
730 3660 892 3721 atque
933 3653 1182 3708 dicentes
1223 3671 1237 3708 :
1289 3655 1430 3721 Quid
1484 3655 1548 3709 ad
1601 3672 1725 3721 nos,
1766 3673 1798 3711 ο
1829 3660 1994 3715 totius

418 3745 635 3811 pietatis
672 3742 868 3809 aliene,
909 3746 1169 3814 omnique
1230 3748 1644 3802 abcminatioue
1699 3749 1856 3816 plene
1899 3766 1992 3807 ve-

415 3837 582 3891 nisti?
616 3834 871 3891 Deridcre
928 3839 1089 3893 etiam
1150 3853 1250 3892 nos
1302 3838 1610 3894 advenisti?
1641 3838 1743 3894 Per
1784 3842 1908 3897 caeli
1941 3853 1996 3898 et

416 3936 573 3981 terra:
618 3926 931 3984 Creatorem
984 3935 1037 3980 et
1086 3927 1296 3983 habitat
1334 3944 1469 3992 rem,
1504 3938 1557 3982 ct
1604 3930 1824 3985 dcitatis
1874 3933 1994 4001 ejus

414 4035 536 4087 qua!
588 4018 675 4072 hic
724 4026 807 4073 est
860 4027 914 4073 et
952 4019 1153 4089 ubique
1188 4021 1471 4086 virtutem,
1506 4036 1611 4076 non
1658 4038 1758 4078 nos
1795 4022 1992 4095 fugies,

416 4118 469 4161 ut
497 4109 806 4173 :nstiuiasli,
842 4108 936 4165 sed
972 4125 1137 4179 super
1165 4111 1388 4166 dorsum
1420 4119 1472 4167 te
1501 4113 1717 4182 publice
1752 4113 1993 4185 ﬂagella-

418 4200 617 4261 l'imus.
648 4212 701 4253 ut
743 4216 1044 4270 cognoscas
1084 4202 1346 4273 liquidius
1386 4204 1588 4274 quibus
1618 4204 1787 4264 fueris
1822 4224 1994 4264 ausus

419 4294 666 4357 illudct‘e,
694 4293 760 4348 Et
794 4309 923 4349 cum
955 4294 1069 4355 hac
1099 4297 1370 4357 adversus
1395 4313 1519 4356 eum
1549 4299 1724 4359 sancti
1752 4300 1995 4357 intimas-

418 4400 444 4440 s
468 4396 533 4439 -ιιι
552 4427 569 4451 ,
593 4387 863 4443 abierunt.

491 4497 552 4550 AI
588 4498 678 4552 ille
723 4515 845 4552 cum
880 4500 1077 4556 timore
1111 4502 1242 4570 quin
1291 4509 1343 4557 et
1390 4513 1625 4559 tremore
1666 4521 1990 4570 conversus.
2031 4527 2072 4580 ι)

428 4585 705 4641 i:-.nuendo
736 4598 787 4641 et
818 4590 1173 4646 balbutiendo
1205 4602 1401 4648 cuncta
1427 4596 1857 4665 obscqucntibus
1894 4599 1997 4653 sibi

424 4678 711 4745 disseruit;
748 4688 801 4735 et
843 4698 966 4736 cum
1005 4684 1536 4755 dispensator’hora
1580 4690 1787 4745 incensi
1820 4699 1999 4759 trans-

425 4770 547 4831 iret,
599 4779 653 4823 et
696 4770 1032 4831 thurihulum
1094 4778 1375 4840 retineret,
1423 4778 1609 4833 habito
1658 4783 1711 4836 in
1767 4797 1999 4851 pra'cor-

423 4861 531 4915 diis
563 4877 759 4930 pavore
792 4866 1084 4935 minarum,
1117 4880 1331 4925 vertere
1379 4870 1531 4925 illum
1582 4874 1833 4928 ministro
1863 4889 2002 4945 pm-

423 4957 566 5025 crpit
589 4998 605 5023 ,
632 4964 683 5010 et
711 4974 903 5014 versus
929 4977 1051 5014 cum
1082 4964 1434 5032 respexisset,
1466 4964 1807 5021 Christodori
1838 4970 2001 5037 pedes

422 5046 518 5116 qui
554 5049 619 5098 ad
654 5064 781 5121 eum
816 5060 1033 5105 venerat
1060 5053 1442 5121 apprehendit,
1488 5062 1543 5109 et
1595 5072 1661 5111 ne
1704 5057 2002 5129 ﬂagellaret

424 5152 486 5191 se
534 5138 896 5207 supplicabat,
947 5141 1121 5209 ipsum
1171 5143 1315 5197 enim
1364 5145 1695 5213 opinabatur
1737 5163 1862 5203 esse
1907 5151 2000 5219 qui

423 5244 483 5284 se
518 5229 571 5283 in
607 5230 816 5283 somnis
849 5229 1218 5298 ﬂagellalltrus
1246 5237 1710 5293 comminabatur.
1740 5240 2002 5309 Ignorans

426 5331 605 5375 autem
659 5322 1066 5389 Christodurus,
1101 5329 1283 5382 omnia
1328 5331 1475 5385 enim
1514 5346 1542 5384 a
1591 5347 1759 5402 puero
1789 5335 1999 5402 didicit,

427 5414 731 5469 mirabatur
801 5416 1017 5485 quidem
1086 5422 1228 5491 quod
1287 5424 1596 5488 dicebatur,
1654 5442 1761 5480 non
1821 5426 1999 5482 autem

430 5516 716 5576 percutere
749 5507 922 5575 illum,
954 5520 1009 5564 ut
1040 5516 1461 5584 supplicaverat.
1482 5518 1845 5587 jurejurando
1875 5536 2003 5592 spo-

431 5599 641 5665 pendit.

500 5688 629 5742 Post
681 5708 786 5745 non
825 5694 1049 5750 multum
1101 5714 1230 5753 vero
1282 5701 1541 5770 temporis
1597 5701 1846 5758 infirmus
1876 5705 2000 5775 quis

430 5790 573 5835 esset
608 5780 713 5835 iun'
738 5786 836 5839 tuit
870 5805 882 5840 :
928 5791 1211 5845 recusabat
1255 5793 1398 5847 enim
1444 5796 1495 5847 in
1528 5796 1795 5853 ha'rcscos
1836 5802 1994 5870 quasi

2102 543 2289 596 λοιπὸν
2327 546 2395 614 τῇ
2449 545 2674 614 μάστιγι
2718 541 3009 604 διελέλυτο,
3044 540 3229 611 φωνὴν
3264 538 3343 593 ἔτι
3390 538 3681 609 διαρθροῦν

2101 635 2200 687 οὐκ
2239 633 2535 704 ἰσχύουσα·
2585 635 2681 689 καὶ
2738 634 2827 687 τὸν
2886 633 2999 703 βίον
3050 633 3211 694 αὐτὸς
3254 632 3355 684 οὑκ
3396 630 3679 702 ἐξήρχετο,

2100 724 2217 780 ἀλλ’
2274 725 2416 779 οὕτω
2460 725 2649 789 δεινῶς
2704 724 3029 789 ἐκολάζετο·
3061 721 3496 792 συμϐουλεύεται
3546 722 3681 789 πρός
3760 725 3764 729 ’

2099 834 2261 871 τινων
2295 818 2431 886 πρὸς
2460 817 2640 888 Κῦρον
2672 818 2850 872 ἐλθεῖν
2900 817 2994 871 καὶ
3043 815 3298 883 Ἰωάννην
3351 815 3480 877 τοὺς
3534 814 3678 885 μάρ-

2100 928 2294 982 τυρας,
2336 911 2410 971 ὡς
2447 911 2780 982 δυναμένους
2831 909 2994 964 αὑτὸν
3028 907 3122 964 τοῦ
3168 908 3375 972 πάθους
3402 906 3684 978 λυτρώσα-

2102 1002 2247 1063 σθαι,
2283 1004 2329 1056 εἰ
2364 1002 2503 1072 μετὰ
2526 1003 2763 1065 πίστεως
2785 1002 2983 1064 αὐτοὺς
3009 1000 3103 1054 καὶ
3125 998 3377 1069 δακρύων
3402 998 3679 1066 ἀφίκοιτο.

2112 1095 2171 1148 Ὀ
2207 1095 2264 1149 δὲ
2291 1095 2573 1149 δειλαίνων
2607 1097 2804 1166 μήπως
2832 1094 2994 1149 αὑτὸν
3018 1094 3093 1157 ὡς
3123 1093 3361 1162 Ἕλληνα
3402 1091 3679 1162 κρίνωσιν,

2098 1189 2181 1250 εἰς
2212 1188 2338 1249 τοὺς
2381 1187 2570 1255 ἁγίους
2623 1187 2799 1241 ἐλθεῖν
2837 1188 2911 1256 μὴ
2962 1184 3313 1256 βουλόμενον)
3360 1182 3684 1255 ὑπεκρίνετο

2100 1280 2209 1349 γὰρ
2247 1279 2340 1334 τὸν
2373 1280 2697 1350 Χριστιανὸν
2726 1283 2753 1334 ὁ
2782 1279 3057 1350 ἐπάρατος
3077 1319 3093 1346 ,
3141 1278 3320 1332 καὶτὸ
3357 1276 3452 1330 τοῦ
3481 1276 3687 1347 7:906:1-

2096 1388 2192 1423 του
2246 1373 2626 1441 περιεϐάλλετο
2693 1371 2905 1436 κώδιον,
2964 1372 3012 1423 εἰ
3061 1371 3153 1424 καὶ
3208 1369 3372 1432 λύκος
3414 1369 3684 1438 ἀληθῶςὸ

2097 1462 2365 1532 δυσσεϐὴς
2408 1454 2796 1535 ὲγνωρίζετο),
2834 1462 2935 1534 τὴν
2981 1463 3175 1532 βουλὴν
3221 1461 3543 1526 εἰσεδέξατο,
3587 1463 3683 1514 καὶ

2096 1553 2198 1623 τὴν
2247 1553 2429 1618 ἔξοδον
2476 1554 2736 1607 ἐπένευσε
2785 1552 3059 1623 γίνεσθαι,
3104 1553 3389 1611 λανθάνειν
3445 1552 3546 1621 μὲν
3595 1552 3681 1605 διὲι

2097 1645 2287 1700 τούτου
2312 1646 2438 1711 τοὺς
2473 1645 2791 1718 ἀνθρώπους
2819 1647 3086 1715 οἰόμενος,
3115 1646 3332 1717 άπατᾷν
3357 1646 3413 1698 δὲ
3438 1645 3677 1714 νομίζων

2097 1740 2224 1802 τοὺς
2260 1740 2564 1812 μάρτυρας,
2595 1740 2670 1802 ὼς
2694 1739 2896 1809 γνῶσιν
2923 1740 3032 1794 τῶν
3063 1739 3186 1795 καθ’
3220 1739 3369 1810 ἡμᾶς
3395 1738 3496 1792 οὐκ
3528 1738 3676 1809 ἔχον-

2100 1848 2196 1895 τας
2250 1831 2466 1885 ἔνθεονο
2527 1832 2664 1892 ἀλλὰ
2699 1832 2924 1894 τούτους
2953 1831 3096 1885 κατὰ
3126 1831 3250 1893 τοὺς
3283 1828 3479 1883 ἑαυτοῦ
3520 1830 3677 1892 θεοὺς

2102 1921 2482 1993 λογισάμενος,
2545 1924 2670 1986 τοὺς
2726 1921 2803 1993 μὴ
2869 1921 3032 1993 μόνον
3069 1922 3138 1975 τὰ
3189 1920 3534 1993 πόρρωθενῆ
3576 1921 3685 1974 τῶν

2100 2011 2405 2083 ἀνθρώπων
2456 2013 2525 2071 τὰ
2574 2011 2803 2085 κρύφια,
2856 2011 2973 2065 ἀλλ’
3007 2010 3131 2066 οὒτε
3160 2011 3227 2065 τὰ
3262 2011 3491 2081 κείμενα
3532 2011 3686 2082 παρᾶ

2102 2103 2268 2168 πόδας
2300 2104 2664 2174 γινώσκοντας
2688 2120 2702 2134 ο
2743 2123 2761 2156 ι
2791 2104 2833 2156 Τ
2837 2103 2871 2157 ἁ
2893 2103 3001 2175 γάρ
3023 2101 3218 2157 εἴδωλα
3256 2101 3360 2155 τῶν
3395 2101 3563 2154 ἐθνῶν
3594 2103 3686 2172 ἁρ-

2101 2194 2290 2264 γύριον
2340 2195 2435 2249 καὶ
2472 2193 2719 2266 χρυσίον,
2759 2194 2895 2266 ἔργα
2920 2184 3120 2266 χειρῗὺν
3146 2191 3448 2265 ἀνθρώπων
3471 2208 3485 2222 °
3511 2192 3685 2263 στόμα

2101 2286 2307 2357 ἔχουσι,
2352 2287 2449 2340 καὶ
2480 2287 2541 2339 οὑ
2594 2286 2927 2356 λαλήσουσι·
2978 2285 3291 2355 ὀφθαλμοὺς
3337 2284 3543 2355 ἔχουσι,
3589 2285 3686 2336 καὶ

2099 2380 2199 2434 οὐκ
2248 2377 2499 2448 ὄψονται·
2529 2373 2643 2433 ὦτα
2667 2378 2876 2449 ἔχουσι,
2927 2379 3021 2431 καὶ
3054 2378 3154 2432 οὐκ
3197 2377 3681 2444 ἑνωτισθήσονται·

2099 2472 2286 2543 χεῖρας
2312 2471 2516 2542 ἔχουσι,
2554 2471 2649 2524 καὶ
2688 2471 2747 2524 οὐ
2794 2471 3238 2541 ψηλαφήσουσιψ
3275 2468 3443 2532 πόδας
3476 2468 3683 2537 ἔχουσι,

2100 2565 2196 2618 καὶ
2230 2564 2293 2617 οὐ
2338 2564 2806 2635 περιπατήσουσιν
2832 2579 2848 2595 ο
2894 2564 2954 2619 οὐ
3007 2563 3350 2633 φωνήσουσιν
3390 2564 3449 2614 ὲν
3477 2560 3556 2632 τῷ
3582 2561 3682 2615 λά·

2103 2671 2266 2727 ρυγγι
2296 2655 2501 2708 αὐτῶν·
2537 2674 2555 2707 i
2587 2650 2668 2720 οἷς
2712 2656 3040 2726 ἐπενεγκεῖν
3085 2655 3236 2707 ἐστιν
3269 2652 3562 2706 ἀκόλουθον
3586 2652 3685 2705 καὶ

2104 2747 2185 2800 τό·
2232 2765 2250 2797 ι
2286 2747 2511 2818 Ὅμοιον
2544 2747 2723 2800 αὑτῶν
2750 2749 2988 2815 γένοιντο
3010 2747 3058 2799 οἱ
3090 2741 3371 2807 ποιοῦντες
3402 2741 3559 2809 αὐτὰ,
3590 2743 3684 2795 καὶ

2100 2841 2299 2905 πάντες
2325 2842 2373 2893 οἱ
2406 2840 2725 2903 πεποιθότες
2765 2841 2851 2895 ἐπ’
2885 2839 3091 2903 αὑτοῖς.
3125 2857 3143 2890 ι

2173 2932 2327 2985 ’Ἡλω
2363 2934 2545 2985 τοίνυν
2576 2934 2602 2986 ό
2631 2932 2863 2996 δείλαιος
2891 2931 3084 2985 ἑαυτὸν
3118 2931 3179 2984 οὐ
3212 2938 3341 2992 τούς
3374 2930 3683 3002 μάρτυρας,
3741 2982 3753 2990 ,

2101 3026 2194 3080 καὶ
2234 3025 2512 3081 λανθάνων
2554 3024 2746 3078 ἑαυτὸν
2787 3026 2848 3080 οὐ
2895 3025 3025 3087 τοὺς
3060 3023 3266 3091 ταύτην
3305 3023 3527 3094 ἔχοντας
3558 3024 3688 3091 περὶ

2102 3118 2268 3171 αὑτοῦ
2311 3119 2411 3189 τὴν
2450 3118 2743 3188 ὑπόληψιν.
2797 3118 3094 3188 Γενόμενος
3123 3116 3231 3188 γὰρ
3277 3119 3357 3183 εἰς
3384 3116 3445 3170 τὸ
3496 3115 3683 3185 Κύρου

2102 3213 2194 3263 καὶ
2228 3211 2475 3265 Ἰωάννου
2509 3210 2781 3264 θειότατον
2812 3211 3061 3281 τέμενος,
3096 3209 3324 3267 ἔϐλεπεν
3354 3210 3413 3265 ἐν
3445 3210 3688 3280 σχήματι.

2102 3304 2484 3375 Χριστοδώρου
2515 3303 2609 3357 τοῦ
2638 3303 2736 3376 τὴν
2766 3305 3033 3374 διοίκησιν
3068 3303 3282 3374 ἔχοντος
3311 3302 3564 3385 τὸννεὼν
3593 3318 3691 3354 πε-

2106 3396 2394 3466 ριάγοντας
2450 3397 2543 3449 καὶ
2591 3396 2904 3467 θυμιῶντας
2972 3393 3093 3466 Θεῷ
3147 3394 3493 3468 θυμιάμασι·
3556 3396 3687 3464 παρ’

2103 3487 2249 3557 αὐτῷ
2277 3487 2332 3543 δὲ
2349 3489 2658 3558 γεγονότας,
2685 3487 3185 3559 ἁπειλητικώτερόν
3207 3505 3321 3549 πως
3338 3486 3488 3557 αὐτῷ
3511 3486 3690 3543 διαλέσ-

2102 3579 2296 3645 ξασθαι
2332 3597 2345 3610 ·
2375 3580 2437 3635 Τί
2463 3580 2596 3651 πρδς
2622 3583 2794 3651 ἡμᾶς,
2823 3582 2851 3632 ὁ
2878 3581 3058 3651 πάσης
3098 3579 3380 3641 εὐσεϐείας
3416 3578 3688 3655 ἁλλότριε,

2102 3676 2196 3725 καὶ
2252 3674 2430 3742 πάσης
2475 3673 2757 3745 βδελυρίας
2794 3672 3029 3728 ἀνάπλεε
3056 3673 3467 3743 παραγέγονας;
3496 3671 3691 3741 χλευά·

2104 3765 2215 3828 ζειν
2252 3767 2344 3819 καὶ
2365 3767 2510 3836 ἡμᾶς
2540 3766 2891 3839 εἰσελήλυθας
2917 3783 2932 3830 ;
2959 3764 3052 3819 Μὰ
3076 3764 3164 3818 τὸν
3194 3763 3421 3836 οὐρανοῦ
3453 3766 3547 3817 καὶ
3584 3764 3691 3833 γῆς

2106 3858 2342 3928 Ποιητὴν
2382 3859 2475 3911 καὶ
2513 3860 2771 3927 οἰκήτορα
2806 3859 2902 3914 καὶ
2932 3857 3029 3928 τὴν
3069 3857 3256 3917 ἐνθάδε
3283 3857 3377 3910 καὶ
3413 3856 3691 3928 πανταχοῦ

2102 3950 2200 4019 τῆς
2237 3951 2401 4005 σείτςῦ
2441 3950 2694 4021 θεότητος
2719 3950 2968 4019 δύναμιν,
3002 3951 3063 4003 οὑ
3097 3950 3172 4021 μὴ
3204 3950 3398 4018 φύγοις
3436 3951 3582 4026 ἡμᾶς
3608 3949 3688 4012 ὡς

2104 4042 2392 4106 ὑπέλαῖες,
2435 4042 2551 4096 ἀλλ’
2581 4044 2675 4096 ἐπὶ
2719 4043 2888 4096 νῶτόν
2936 4060 2995 4096 σε
3020 4041 3293 4111 δημοσὶως
3328 4040 3686 4112 μαστίξομεν.

2105 4137 2191 4189 ἵνα
2239 4137 2425 4205 γνοίης
2472 4140 2810 4208 σαφέστερον
2857 4135 3001 4190 τίσιν
3028 4134 3294 4205 ἐμπαῖξαι
3323 4135 3686 4205 τετόλμηκας.

2104 4230 2216 4283 Καὶ
2252 4230 2430 4285 ταῦτα
2464 4230 3003 4303 προσαπειλήσαντες
3027 4228 3269 4299 ἀπῆλθον
3301 4231 3350 4282 οἱ
3387 4228 3550 4296 ἆγιοι.

2189 4522 2248 4576 '0
2282 4523 2338 4577 δὲ
2372 4525 2633 4596 στραφεὶς
2662 4524 2900 4594 ἔμφοϐος
2931 4524 3010 4583 ἔτι
3047 4523 3138 4577 καὶ
3169 4524 3451 4596 ἔντρομος,
3478 4522 3685 4591 νεύμαν

2106 4633 2191 4669 σιν
2248 4616 2473 4672 ἅπαντα
2530 4619 2625 4670 καὶ
2673 4617 3030 4687 ψελλίσμασιν
3079 4620 3192 4677 τοῖς
3249 4616 3691 4685 διακονουμένοις

2102 4707 2252 4777 αὑτῷ
2274 4708 2603 4779 διεσάφησεν
2620 4725 2634 4741 ο
2667 4710 2870 4763 καὶτοῦ
2898 4710 3185 4780 οἰκονόμου
3212 4707 3351 4762 κατὰ
3374 4708 3468 4761 τὸν
3496 4709 3689 4776 καιρίν

2103 4799 2394 4869 παριόντος
2446 4800 2540 4852 τοῦ
2596 4800 2971 4871 θυμιάματος,
3044 4803 3139 4856 καὶ
3206 4802 3267 4853 τὸ
3317 4800 3688 4871 ,θυμιατήριον

2102 4887 2338 4959 ἔχοντος,
2374 4889 2515 4960 ἔχων
2570 4892 2669 4963 τῆς
2702 4893 2933 4962 ἀπειλῆς
2958 4893 3017 4945 τὸ
3050 4893 3168 4957 δέος
3193 4893 3501 4964 ἐγκάρδιον,
3538 4894 3689 4962 στρέ-

2103 4997 2227 5047 φειν
2258 4981 2417 5034 αὑτὸν
2455 4982 2532 5051 τῷ
2567 4984 2816 5057 ὑπηρέτῃ
2862 4985 3072 5050 διέταξε
3098 5002 3111 5016 '
3154 4984 3249 5041 καὶ
3284 4986 3564 5055 στραφεὶς,
3612 4984 3689 5047 ιῖ”ς

2101 5073 2361 5137 διένευσε,
2392 5077 2506 5127 τοῖν
2549 5076 2927 5149 Χριστοδώρου
2961 5078 3141 5132 ποδοῖν
3186 5080 3316 5149 παρ’
3349 5076 3499 5147 αὑτῷ
3528 5093 3691 5145 γεγο-

2103 5169 2251 5231 νότος
2280 5168 2564 5239 ἐδράξατο,
2604 5170 2694 5225 καὶ
2719 5170 2792 5240 μὴ
2824 5170 3105 5237 μαστίζειν
3139 5170 3370 5223 ἱκέτευεθ
3393 5170 3554 5233 αὑτὸς
3578 5170 3688 5240 γὰρ

2102 5260 2238 5331 ᾤετο
2268 5262 2393 5325 τοὺς
2428 5264 2548 5315 κατ’
2583 5262 2717 5329 ὄναρ
2738 5263 2898 5316 αὑτὸν
2935 5262 3233 5333 μαστιγοῦν
3262 5264 3695 5334 ἀπειλήσαντας.

2102 5355 2340 5422 Ἀγνοῶν
2359 5355 2413 5408 δὲ
2448 5357 2476 5407 ό
2504 5356 2545 5407 Χ
2556 5346 2881 5425 ρὶστόδωρος
2915 5355 3113 5425 (πάντα
3141 5358 3250 5425 γάρ
3277 5356 3412 5428 πρὸς
3442 5356 3531 5410 τοῦ
3564 5374 3689 5417 παι-

2102 5446 2187 5508 δὸς³
2214 5445 2416 5514 ἔμαθεν
2453 5445 2730 5517 ὕστερον),
2764 5446 3044 5517 ἐθαύμαζε
3080 5449 3178 5519 μὲν
3201 5433 3589 5520 τὸλεγόμενον,
3610 5450 3688 5523 μὴ

2102 5540 2326 5593 τύπτειν
2361 5540 2416 5592 δὲ
2450 5540 2614 5594 αὑτὸν
2646 5539 2720 5605 ὡς
2751 5541 2991 5597 ἱκέτευεν
3022 5540 3259 5613 ὤμοσεν.
3726 5546 3729 5547 ⁷

2175 5716 2308 5770 Μετ’
2343 5717 2403 5770 ού
2442 5718 2577 5773 πολὺ
2609 5719 2666 5773 δὲ
2691 5722 2800 5784 τοῖς
2828 5721 3112 5776 ἀσθενέσιν
3142 5724 3287 5787 ὅστις
3317 5725 3561 5797 ὑπῆρχεν
3597 5746 3689 5796 γι·

2107 5806 2411 5874 γνὼσκεται
2439 5825 2452 5838 ’
2500 5811 2592 5865 καὶ
2624 5809 2731 5881 γὰρ
2765 5810 2863 5882 τὴν
2921 5813 3030 5865 τῶν
3063 5813 3340 5880 ζωοποιῶν
3385 5819 3685 5888 ἀπηρνεῖτο
