4060 6236
498 230 641 297 3.3329

1526 237 1624 295 SS.
1651 234 1820 297 CYlll
1851 232 1943 295 ET
1981 228 2300 296 JOANNIS
2337 232 2750 297 MIBACULA.

3596 234 3735 302 3:330

491 341 808 411 μυστηρίων
840 339 914 403 ὡς
948 341 1004 392 ἐν
1031 340 1297 411 αἱρέσεως
1317 342 1553 412 σχήματι
1587 344 1860 396 ποιεῖσθαι
1894 342 2045 412 μετά-

2163 344 2457 399 schismate
2517 345 2733 413 positus
2782 343 3121 398 vivincorum
3160 343 3474 414 participari
3528 356 3735 417 myste~

482 431 643 502 ληψιν
668 448 681 463 ο
707 433 801 485 καὶ
830 432 978 503 παρά
1018 431 1125 486 τῶν
1160 435 1219 485 ἐν
1248 432 1324 502 τῷ
1353 434 1457 504 νεῷ
1487 434 1710 504 θόρυϐος
1742 437 1860 487 κατ’
1895 434 2058 489 αὑτοῦ

482 523 649 585 πολὺς
676 522 986 594 διηγείρετο
1012 541 1024 554 ·
1057 524 1115 588 δς
1160 523 1317 578 τοῦτο
1357 525 1564 595 μαθὼν,
1598 526 1691 578 καὶ
1720 525 1887 577 θέλων
1919 525 2057 578 ἀπο-

480 606 906 683 τρίψασθαιτὴν
937 615 1210 681 ὑπόνοιαν,
1242 615 1352 668 τῶν
1380 617 1548 685 ἁγίων
1578 617 1811 685 Χριστοῦ
1851 635 2057 685 μυστη-

484 703 614 765 ρίων
646 703 932 775 μετέλαϐε.
977 706 1085 759 Καὶ
1110 705 1304 760 θᾶττον
1350 707 1490 776 μετά
1518 707 1616 778 τὴν
1645 707 1849 760 τούτων
1891 708 2059 777 μετά-

483 792 667 863 ληψιν,
698 793 909 865 δαίμων
932 794 1125 866 ἄγριος
1154 798 1235 861 είς
1260 797 1421 851 αὑτὸν
1456 798 1833 868 εἰσεπήδησεν,
1870 797 2057 869 ὥσπερ

485 886 572 937 καὶ
598 885 677 947 είς
705 887 797 938 τὸν
829 885 1099 957 προδότην
1132 886 1333 942 Ἰούδαν
1361 891 1388 941 ό
1417 888 1661 952 Σατανᾶς
1698 888 1835 958 μετὰ
1868 888 1927 941 τὸ
1956 888 2055 941 λα-

484 975 597 1029 ϐεῖν
621 975 784 1030 αὐτὸν
819 976 879 1030 τὸ
904 977 1120 1047 ψωμίον
1158 981 1295 1048 ὅπερ
1316 982 1346 1033 ό
1370 979 1559 1051 Σωτὴρ
1586 980 1858 1034 ἐπέδωκεν
1883 980 2055 1051 ἐμϐά-

480 1066 585 1136 ψας
612 1067 864 1137 εἰσήλατο
885 1082 900 1099 ’
938 1069 1032 1123 καὶ
1056 1070 1230 1140 χαμαὶ
1251 1071 1500 1140 κείμενος
1536 1073 1929 1142 ἐσπαράττετο,
1961 1074 2056 1126 καὶ

479 1155 604 1218 τοὺς
625 1156 936 1227 ὀφθαλμοὺς
962 1157 1331 1230 διεστρέφετο,
1361 1160 1453 1213 καὶ
1491 1159 1559 1212 τά
1618 1159 1755 1230 μέλη
1802 1160 2055 1230 χαλεπῶς

479 1246 773 1316 ἐλυγίζετο,
808 1249 903 1302 καὶ
931 1249 1056 1312 τοὺς
1085 1251 1292 1319 ἀφροὺς
1329 1250 1395 1302 ἐκ
1414 1249 1506 1303 τοῦ
1542 1251 1809 1321 στόματος
1838 1251 2053 1321 ἔπεμπε

478 1341 631 1409 κῦμα
662 1339 946 1395 Θαλάττιον
971 1340 1217 1403 ἐλεεινῶς
1252 1340 1661 1411 ἐκμιμούμενος
1692 1357 1709 1370 ο
1742 1341 1835 1394 καὶ⁵
1865 1343 2053 1412 νήφων

484 1432 583 1502 μὲν
621 1432 681 1497 ἐξ
709 1433 917 1500 ὀλίγου,
941 1433 1100 1504 εῐπερ
1139 1432 1247 1503 ἀρα
1280 1433 1375 1485 καὶ
1401 1432 1588 1502 ἔνηφε,
1625 1433 1805 1487 λαλεῖν
1833 1433 1888 1486 δέ
1914 1450 2051 1486 παν-

475 1523 646 1586 τελῶς
683 1523 714 1595 ἢ
746 1525 845 1596 τὴν
871 1523 1120 1591 γλῶτταν
1145 1524 1281 1588 ὅλως
1312 1527 1481 1577 κινεῖν
1516 1526 1617 1578 οὐκ
1650 1524 1879 1593 ἠδύνατο
1903 1541 1916 1554 ’
1945 1524 2050 1576 ὑπὸ

477 1614 570 1669 τοῦ
592 1615 842 1686 δαίμονος
865 1615 922 1669 δέ
953 1614 1395 1686 στρεϐλούμενος,
1417 1618 1510 1669 καὶ
1540 1617 1776 1686 συνεχῶς
1799 1614 2050 1687 ἐνεργού-

2163 434 2401 498 riorum;
2443 442 2495 486 et
2535 433 2846 489 susurrium
2879 434 3142 488 adversus
3176 448 3296 487 eum
3332 435 3559 488 multum
3585 439 3734 491 exci-

2162 523 2418 587 tabatur;
2466 540 2572 594 quo
2631 525 2721 579 illc
2768 534 3067 595 comperto,
3125 525 3495 602 suspicionem
3546 528 3734 584 volens

2159 617 2461 685 detergere,
2490 623 2680 670 sancta
2701 613 2905 671 Christi
2928 616 3167 686 suscepit
3186 615 3469 687 mysteria.
3496 615 3733 687 Postque

2159 703 2352 759 horum
2386 707 2813 776 perceptionem,
2833 708 3015 761 statim
3045 708 3097 762 in
3128 722 3252 762 eum
3269 709 3501 777 agrestis
3521 708 3734 763 daemon

2158 795 2369 860 insiiiit,
2428 795 2885 866 quemadmodum
2939 796 3172 853 Satanas
3222 799 3277 852 in
3318 796 3510 853 ludam
3539 799 3732 868 prodi-

2160 896 2357 953 torem,
2411 904 2534 942 cum
2578 890 2881 960 accepisset
2931 891 3230 946 huccellam
3276 906 3440 961 quam
3485 890 3733 947 Salvator

2155 975 2379 1030 tradidit
2401 994 2523 1031 cum
2557 978 2893 1047 intinxisset,
2927 979 3159 1034 introiit.
3190 976 3253 1032 Et
3289 980 3342 1033 in
3378 981 3730 1050 terrajaceus

2154 1066 2589 1137 discerpebatur,
2636 1078 2689 1123 et
2742 1071 2932 1125 oculos
2986 1071 3321 1131 reversabat,
3373 1080 3427 1126 et
3489 1072 3730 1126 membra

2154 1160 2352 1214 saevius
2382 1162 2807 1231 contorquebat,
2834 1169 2890 1215 et
2918 1176 3142 1232 spumas
3172 1176 3234 1216 ex
3268 1176 3363 1217 ore
3397 1162 3727 1225 dimittebat,

2152 1246 2372 1303 ﬂuctum
2412 1252 2680 1306 ll‘lal‘illlltll
2721 1251 3110 1306 miserabiliter
3163 1251 3449 1319 imitatus;
3501 1262 3558 1306 et
3605 1269 3727 1306 cum

2152 1338 2403 1407 vigilaret
2462 1340 2764 1408 paululum,
2814 1341 2861 1396 si
2917 1350 3094 1394 tamen
3140 1340 3412 1395 veraciter
3446 1340 3729 1410 vigilabat,

2150 1430 2298 1499 loqui
2335 1430 2510 1487 modis
2539 1432 2797 1487 omnibus
2829 1434 2909 1487 vel
2951 1432 3192 1503 linguam
3240 1448 3458 1487 movere
3499 1448 3730 1502 prorsus

2151 1536 2259 1574 non
2286 1529 2527 1590 poterat;
2563 1540 2590 1575 a
2623 1523 2894 1577 dzrmonio
2926 1538 3052 1578 vero
3080 1529 3367 1577 contortus
3394 1562 3409 1585 ,
3450 1531 3504 1578 et
3529 1524 3733 1593 jugiter

2152 1626 2372 1681 passus,
2391 1613 2701 1683 quinetiam
2721 1623 2772 1669 et
2798 1614 3099 1679 dormiens,
3127 1613 3170 1668 si
3197 1623 3377 1668 tamen
3402 1613 3728 1678 dormieb:=t,

479 1724 659 1776 μενος,
696 1707 757 1761 ού
783 1706 889 1778 μὴν
911 1706 1046 1761 ἀλλὰ
1075 1705 1438 1778 κοιμώμενος,
1478 1707 1597 1759 εἰπε
1606 1724 1638 1778 ρ
1656 1706 1935 1773 ἐκάθευδε,
1975 1706 2045 1778 μὴ

2153 1720 2258 1783 non
2289 1705 2392 1759 tide
2417 1706 2720 1762 accessisse
2756 1708 2821 1761 ad
2859 1719 3045 1763 sancta
3095 1705 3371 1775 niysteria,
3417 1708 3511 1760 sed
3555 1709 3728 1762 simu-

477 1798 657 1851 πίστει
709 1795 1024 1872 προσελθὼν
1076 1797 1192 1853 ἀλλ’
1225 1798 1509 1870 ὑποκρίσει
1562 1802 1674 1862 τοῖς
1731 1800 2048 1870 μυστηρίοις

474 1890 754 1960 ἠλέγχετο.

545 1983 703 2055 Τρεῖς
728 1980 854 2051 γοῦν
899 1980 1043 2037 οὕτω
1077 1980 1332 2048 διανύσας
1378 1985 1591 2056 ἡμέρας
1636 1985 1663 2036 ὁ
1704 1985 1908 2048 ἄθλιος,
1953 1985 2048 2038 καὶ

477 2074 737 2137 πολλάκις
764 2075 861 2145 τῆς
888 2074 1106 2145 ἡμέρας
1133 2075 1226 2127 καὶ
1263 2076 1361 2146 τῆς
1399 2078 1590 2139 νυκτὸς
1617 2118 1630 2141 ,
1664 2076 1862 2146 μᾶλλον
1917 2094 2047 2128 παν-

475 2165 706 2236 ημέριον
758 2166 852 2220 καὶ
892 2164 1181 2237 παννύχιον
1234 2167 1825 2238 σπαραττόμενος,κα“ι
1872 2167 2048 2220 πάντα

476 2257 698 2327 πάσχων
743 2258 844 2311 ὅσα
880 2258 1185 2327 πάσχουσιν
1214 2259 1263 2311 οἱ
1299 2257 1517 2328 δαίμοσι
1554 2260 1841 2328 στυγηροῖς
1870 2259 2049 2323 πιεζό-

478 2364 649 2419 μενοι,
685 2347 913 2402 θανάτου
949 2345 1130 2401 πίστιν
1173 2351 1284 2411 τοῖς
1311 2349 1478 2418 ὁρῶσι
1521 2350 1834 2421 παρείχετο.
1886 2349 2048 2402 Ὂοεν

474 2438 523 2489 oi
550 2437 723 2509 τούτῳ
757 2439 1126 2509 προσήκοντες
1150 2438 1449 2507 ἐγνωκότες
1485 2439 1559 2503 ὡς
1594 2439 1786 2493 θᾶττον
1820 2440 1920 2492 an}.
1953 2440 2045 2492 τῦ

474 2529 721 2600 δαίμονος
742 2531 1178 2601 ἀναιρεθήσεται,
1214 2531 1576 2595 ἀναλαϐόντες
1601 2533 1760 2585 αὐτὸν
1792 2530 1924 2603 ἦγον
1969 2536 2047 2595 είς

489 2625 888 2699 Ἀλεξάνδρειαν
933 2631 1012 2694 είς
1045 2624 1192 2682 οἷκον
1232 2627 1322 2683 τὸν
1365 2625 1561 2683 ἑαυτοῦ
1611 2625 2000 2696 τεθνηξόμενον
2029 2669 2040 2681 ,

484 2717 744 2785 Ἑξελθὼν
783 2720 839 2774 δὲ
862 2719 970 2774 τῶν
1001 2722 1172 2790 ἀγίων
1202 2721 1262 2774 τὺ
1291 2722 1536 2789 τέμενος,
1584 2720 1679 2773 καὶ
1707 2717 1881 2790 βραχὺ
1928 2718 2048 2769 λίαν

471 2808 697 2874 ὁδεύσας
727 2810 1019 2883 διάστημα,
1050 2814 1146 2866 σὺν
1174 2812 1333 2884 ὀδύνῃ
1367 2812 1535 2884 πολλῇ
1567 2811 1630 2865 τὸ
1657 2810 1875 2881 πνεῦμα
1907 2820 2048 2880 παρα

471 2899 689 2968 έδωκεν,
720 2901 819 2971 τῆς
845 2902 1161 2967 δυσσεϐείας
1198 2901 1346 2969 ἀξιον
1368 2904 1664 2976 εὑράμενος
1683 2903 1934 2969 θάνατον,
1951 2901 2044 2955 τοῦ

470 2993 721 3063 δαίμονος
764 2993 926 3046 αὐτὸν
969 2995 1110 3048 κατὰ
1161 2996 1258 3067 τὴν
1307 2997 1424 3050 ὁδὸν
1478 2992 1874 3059 ἀποπνίξαντος
1902 3010 1915 3023 ’
1951 2995 2044 3047 καὶ

470 3084 560 3135 τον
597 3086 698 3154 μὲν
724 3087 860 3138 νεὼν
906 3086 1297 3140 καταλέλοιπεν
1324 3086 1396 3151 ὡς
1437 3087 1632 3158 μιαρός
1656 3103 1713 3139 τε
1743 3087 1838 3140 καὶ
1882 3085 2046 3156 sese.

470 3175 560 3236 λος
600 3174 974 3245 ἐλαυνόμενος,
1011 3179 1106 3231 καὶ
1143 3178 1242 3249 τὴν
1275 3179 1431 3233 πόλιν
1456 3178 1626 3249 αὐτὴν
1650 3179 1749 3249 οὐχ
1779 3177 2044 3249 ἑώρακεν,

469 3266 544 3328 ὡς
577 3267 783 3336 ταύτης
837 3268 1101 3340 ὑπάρχων
1139 3269 1377 3335 ἀνάξιος.
1431 3272 1542 3325 Καὶ
1583 3269 1725 3323 οὔτω
1758 3269 1856 3340 μὲν
1885 3268 2050 3336 Ἀγά-

472 3372 595 3419 πιος
634 3359 713 3420 είς
758 3358 891 3412 Θεὸν
938 3360 1275 3430 δυσσεϐήσας
1312 3360 1408 3414 καὶ
1456 3362 1761 3433 μάρτυρας,
1803 3358 1895 3412 τὸν
1935 3357 2046 3429 βίον

472 3446 839 3517 κατέστρεψε·
906 3450 1256 3522 καταστροφὴ
1303 3451 1411 3523 γὰρ
1464 3451 1633 3514 ὅντως
1678 3449 1904 3514 ἀσεϐοῦς
1936 3467 2045 3502 τοι-

471 3537 633 3608 αύτη,
659 3540 800 3593 κατά
866 3540 928 3593 τὸ
973 3540 1188 3610 λόγιον,
1239 3542 1334 3595 καὶ
1388 3544 1421 3613 ὴ
1481 3542 1634 3606 ἐλπὶς
1681 3542 2046 3596 αύτοῦθάπο-

470 3627 663 3691 λείται,
695 3630 789 3683 καὶ
809 3630 910 3683 οὐκ
930 3629 1080 3685 ἔσται
1111 3633 1278 3686 αὐτοῦ
1302 3634 1362 3685 τὸ
1386 3634 1651 3703 παράπαν
1673 3635 1706 3702 ἡ
1735 3633 1937 3687 δίαιτα.

554 3719 744 3790 Ἡμεῖς
762 3720 819 3775 δέ
841 3722 933 3777 καὶ
954 3723 1022 3776 δι’
1037 3723 1199 3777 αὑτοῦ
1223 3726 1444 3778 καὶτῶν
1466 3726 1570 3795 πρὸ
1591 3724 1758 3778 αὐτοῦ
1783 3726 1881 3795 τὴν
1903 3742 1975 3794 μα
1986 3741 2045 3793 ρ-

468 3815 696 3883 τυρικὴν
727 3815 827 3884 τὴν
856 3816 950 3867 ἐπὶ
979 3818 1092 3880 τοῖς
1127 3816 1477 3886 μετανοοῦσιν
1510 3818 1602 3869 καὶ
1651 3820 1761 3879 τοῖς
1793 3818 1895 3869 οὐκ
1922 3819 2042 3868 ἐτει-

472 3903 793 3975 στρέφουσιν
848 3907 1308 3979 ὑπογράψαντες,
1357 3910 1453 3962 καὶ
1507 3908 1642 3979 πρὸς
1698 3907 1882 3978 ὄνησιν
1934 3908 2043 3959 τῶν

468 3995 838 4051 εὐσεϐούντων
892 3999 1229 4069 κηρύξαντες
1256 4012 1271 4027 ⁸
1320 3999 1406 4052 ἵνα
1439 3998 1510 4068 μὴ
1541 4000 1707 4069 μόνας
1741 3999 1837 4061 τὰς
1872 3997 2044 4062 ῑάσεις

469 4087 732 4156 Θεώμενοι
769 4089 1101 4160 ἀργοτέρους
1142 4090 1277 4160 πρὸς
1323 4090 1535 4159 ἄμυναν
1582 4091 1708 4153 τοὺς
1759 4090 2042 4160 μάρτυρας

467 4180 688 4257 οἵοιντο,
704 4183 798 4235 καὶ
830 4183 1005 4256 ταύτῃ
1024 4183 1267 4253 βλαϐῶσι
1300 4183 1557 4249 διάνοιαν,
1591 4182 1727 4252 πρὸς
1760 4182 2039 4252 καταφρό-

467 4290 623 4342 νησιν
655 4276 748 4327 καὶ
786 4273 1060 4345 ρᾳθυμίαν
1108 4276 1453 4339 ἐκκλίναντες
1479 4294 1492 4308 ο
1544 4274 1637 4328 καὶ
1668 4273 1869 4343 ὕμνους
1901 4270 2041 4343 ὑπὲρ

2150 1796 2350 1850 latione
2381 1800 2733 1868 arguebatur.

2219 1973 2353 2028 Tres
2383 1988 2512 2045 ergo
2558 1992 2681 2030 cum
2728 1977 3001 2036 infaustus
3048 1981 3118 2034 ita
3168 1981 3283 2037 dies
3329 1981 3640 2047 transisset,
3674 1994 3729 2036 rt‘

2149 2081 2292 2136 saepe
2344 2075 2454 2121 tam
2523 2070 2782 2137 interdiu,
2825 2087 2986 2142 quam
3068 2082 3258 2139 noctu,
3311 2076 3420 2130 imo
3467 2084 3577 2129 tota
3637 2075 3726 2128 die

2150 2166 2370 2228 t0taque
2411 2167 2572 2213 nocte
2610 2160 3038 2230 discerperetur,
3070 2174 3378 2234 cuni-taque
3419 2173 3724 2234 pateretur,

2149 2257 2416 2317 quotquot
2454 2251 2559 2319 pati
2614 2264 3018 2307 consueverunt
3070 2255 3103 2307 ii
3156 2258 3246 2325 qui
3290 2271 3317 2309 a
3375 2255 3583 2326 perosis
3618 2254 3724 2308 dm-

2150 2340 2403 2395 mouibus
2457 2342 2865 2411 deprimuntur,
2930 2347 3123 2399 mortis
3184 2346 3342 2402 {idem
3409 2346 3724 2401 videntibus

2150 2431 2401 2497 praaStitit
2437 2451 2448 2484 :
2486 2435 2628 2487 unde
2660 2435 2735 2499 hi,
2785 2450 3016 2504 quorum
3050 2439 3327 2497 intererat.
3364 2448 3726 2509 agnoscentes

2149 2523 2292 2592 quod
2324 2525 2486 2580 citius
2509 2527 2800 2584 udmmonc
2818 2529 2958 2585 foret
2991 2532 3412 2597 interimendus,
3444 2541 3721 2602 receptum

2148 2629 2272 2668 eum
2303 2618 2659 2685 deportabant
2694 2621 2743 2674 in
2783 2623 3191 2690 Alexandriam,
3230 2624 3281 2677 in
3315 2624 3477 2677 domo
3509 2626 3727 2694 propria

2150 2706 2494 2761 moriturum.
2519 2707 2653 2762 Cum
2672 2720 2851 2764 autent
2876 2722 3191 2767 sanctorum
3217 2716 3474 2785 templum
3502 2717 3723 2781 exisset,

2149 2809 2197 2850 et
2236 2799 2383 2852 brevi
2415 2800 2570 2853 valde
2599 2802 2884 2857 intervallo
2905 2805 3184 2874 profectus
3203 2816 3367 2870 esset,
3395 2824 3517 2863 cum
3539 2809 3727 2863 dolore

2147 2888 2319 2941 multo
2334 2890 2584 2959 spiritum
2605 2892 2844 2957 tradidit,
2858 2895 3184 2966 condignam
3204 2897 3480 2967 impietate
3492 2907 3718 2954 mortem

2149 2980 2429 3036 inveniens
2489 2984 2788 3040 sntiocante
2848 2986 2993 3042 hunc
3044 2988 3096 3041 in
3153 2989 3238 3042 via
3301 2988 3592 3044 daemonio.
3656 2990 3722 3042 lat.

2152 3080 2301 3125 certe
2359 3077 2623 3144 trniplum
2678 3078 2895 3147 quidem
2956 3087 3013 3133 ut
3076 3080 3343 3136 Scelestus
3379 3079 3723 3151 ctprofanus

2153 3165 2347 3232 pulsus
2372 3167 2595 3233 dimisit,
2624 3179 2677 3223 ct
2707 3171 2981 3226 civitatem
3017 3171 3188 3241 ipsam
3227 3184 3286 3227 ut
3327 3174 3428 3229 hac
3458 3174 3716 3244 indignus

2151 3275 2258 3311 non
2292 3260 2446 3315 vidit.
2498 3264 2557 3316 Et
2611 3265 2689 3317 sic
2736 3264 2955 3335 quidem
2995 3267 3235 3338 Agapius
3268 3269 3320 3321 in
3371 3267 3539 3322 Deum
3570 3279 3624 3323 et
3667 3270 3719 3323 in

2151 3361 2418 3421 inartyacs
2450 3355 2610 3425 impie
2638 3372 2890 3426 peccans,
2919 3360 3083 3413 vitam
3105 3361 3375 3415 dissolvit.
3403 3359 3554 3417 Talis
3573 3364 3718 3417 enim

2151 3443 2417 3496 veraciter
2444 3455 2528 3498 est
2558 3447 2706 3515 impii
2732 3450 2964 3511 eversio,
3000 3450 3304 3504 secundum
3327 3450 3572 3505 divinum
3606 3452 3719 3505 elo-

2148 3536 2335 3603 quium
2361 3554 2376 3602 ;
2407 3547 2461 3592 et
2485 3554 2609 3608 spes
2632 3541 2752 3610 ejus
2777 3543 2997 3611 peribit,
3020 3551 3075 3598 et
3098 3559 3203 3597 non
3232 3543 3333 3597 erit
3361 3543 3480 3612 ejus
3502 3545 3717 3611 penitus

2149 3627 2544 3684 habitaculum.

2219 3721 2327 3774 Nos
2349 3731 2529 3775 autem
2563 3732 2615 3774 ιι
2649 3724 2701 3777 in
2735 3724 2843 3778 isto
2877 3730 2925 3776 et
2980 3724 3035 3778 in
3073 3724 3140 3779 iis
3174 3724 3267 3793 qui
3300 3735 3714 3792 pnecesseraut.

2148 3815 2304 3868 idest
2337 3826 2444 3868 tam
2500 3817 2551 3868 in
2590 3816 2673 3870 liis
2706 3816 2795 3885 qui
2828 3825 3073 3884 egerunt.
3106 3832 3268 3884 quam
3311 3817 3402 3886 qui
3456 3830 3560 3869 neu
3595 3833 3719 3884 cge-

2148 3916 2275 3959 runt
2305 3905 2702 3974 pmuiténtiam,
2734 3908 3084 3981 martyricain
3128 3909 3159 3959 d
3202 3910 3506 3962 st-ribentes
3541 3909 3714 3961 virtu-

2146 4008 2275 4055 tem,
2305 4006 2355 4050 rt
2386 4001 2451 4052 ad
2489 4002 2793 4070 profectum
2831 4002 2913 4070 pie
2942 4003 3213 4070 agentium
3249 4000 3630 4071 ptatdii-antes,
3659 4006 3715 4053 ut

2145 4104 2252 4141 non
2275 4090 2420 4143 solas
2445 4092 2707 4145 Sattilates
2735 4091 2998 4151 videntes,
3029 4091 3300 4145 tardiores
3319 4090 3384 4144 ad
3419 4091 3713 4145 vindictam

2149 4191 2419 4250 martyras
2447 4179 2761 4248 opinantur,
2797 4188 2851 4233 rt
2876 4182 2977 4233 hoc
3011 4180 3170 4234 modo
3203 4188 3421 4250 propter
3456 4181 3713 4250 ignoran~

2144 4270 2272 4322 tidin
2319 4271 2604 4336 laedantur,
2641 4272 2705 4323 ad
2756 4280 3124 4342 contemptum
3161 4281 3216 4326 ct
3259 4272 3519 4327 desidiam
3552 4271 3708 4325 incli-

464 4363 561 4431 τῆς
597 4362 845 4415 ἐντεῦθεν
867 4363 1130 4434 ὠφελείας
1150 4366 1329 4428 αὐτοῖς
1359 4363 1852 4436 προσκομίσαντες,
1874 4361 2037 4431 ἕτερα

2146 4361 2254 4414 nati
2278 4379 2293 4427 ;
2320 4372 2374 4415 et
2396 4363 2630 4433 hymnos
2658 4378 2756 4433 pro
2778 4364 3010 4419 utilitate
3036 4365 3161 4417 hinc
3201 4364 3341 4418 facta
3367 4363 3448 4418 eis
3482 4362 3713 4417 oﬂcreno

464 4450 620 4521 δύοῆ
665 4453 792 4524 τρία
839 4453 1095 4524 θαύματα
1132 4455 1465 4525 τερπνότερα
1507 4452 1836 4524 γράψαντες,
1882 4451 2034 4513 τέλος

466 4543 574 4595 τῶν
603 4546 691 4596 ἐπ’
710 4544 1119 4616 Ἀλεξανδρεῦσι
1149 4548 1466 4616 γραφέντων
1513 4544 1758 4616 τεράτων
1787 4542 1848 4595 οὐ
1883 4557 2038 4609 γεγο-

469 4633 637 4684 νότων
686 4633 849 4701 μόνον
907 4635 1043 4687 αὺτά
1079 4636 1471 4704 ποιησώμεθα’
1509 4637 1593 4687 ἵνα
1637 4637 1832 4706 τέρασι
1863 4636 2035 4689 ταῦτα

470 4730 723 4797 τερπνοῖς
749 4728 1062 4798 όριζόμενα,
1120 4731 1336 4783 ἅπαντα
1380 4733 1589 4802 τερπνὰ
1618 4735 1727 4795 τοῖς
1774 4733 2036 4802 ἐντυγχά-

472 4835 623 4872 νουσι
655 4820 926 4887 φαίνοιντο
947 4837 961 4852 ⁸
995 4822 1270 4890 τέρποντα
1303 4823 1399 4890 μὲν
1423 4825 1535 4885 τοῖς
1569 4822 1899 4894 ἔμπροσθεν,
1925 4827 2037 4887 τοῖς

478 4910 710 4980 παροῦσι
741 4911 798 4964 δέ
827 4912 1023 4981 μικρὸν
1049 4913 1448 4982 ὑποστῦφοντα·
1479 4917 1571 4968 καὶ
1594 4915 1756 4968 πάλιν
1792 4918 1902 4975 τοῖς
1937 4916 2039 4984 μὲν

475 4999 631 5068 ἡδέσι
662 5000 728 5053 τά
755 5002 864 5055 τῶν
888 5004 1192 5058 ἀκουόντων
1212 5007 1390 5076 ψυχὰς
1422 5006 1812 5076 θεραπεύοντα,
1842 5009 1953 5069 τοῖς
1981 5008 2037 5060 δέ

474 5095 944 5164 στυπτικωτέροις
988 5097 1165 5151 ταῦτα
1222 5100 1640 5171 ἀνεπαισοήτως
1674 5102 2028 5171 καθαίροντασ

472 5177 548 5238 ὡς
595 5180 690 5232 καὶ
726 5181 838 5235 τῶν
882 5184 1296 5254 Ἀσκληπιὰδων
1325 5190 1373 5240 οἱ
1403 5188 1618 5256 δόκιμοι
1676 5191 2034 5257 πράττουσινο

476 5267 652 5334 μέλιτι
683 5269 794 5340 γὰρ
818 5272 889 5324 τά
921 5274 1147 5328 δεκτικά
1178 5277 1273 5329 καὶ
1300 5276 1560 5348 ὠφέλιμα
1597 5280 1705 5334 τῶν
1728 5283 2037 5349 φαρμάκων

475 5359 857 5428 συνδήσαντες,
892 5365 1012 5434 ἦτοι
1034 5368 1461 5437 προσμίξαντες,
1493 5372 1619 5435 τοὺς
1646 5372 1930 5442 δεομένους
1945 5394 2042 5428 κα-

383 5492 387 5495 .
474 5450 720 5521 θάρσεως
742 5455 1191 5526 ἐκκαθαίρουσιν.
1223 5462 1455 5526 Τούτους
1492 5450 1586 5515 οὖν
1626 5465 1723 5517 καὶ
1763 5468 1922 5535 ἡμεῖς
1956 5470 2039 5520 ἐν·

474 5539 601 5595 θάδε
637 5545 987 5617 μιμούμενοι,
1019 5551 1130 5612 τοῖς
1147 5553 1506 5620 προλαϐοὖοιν
1532 5556 1682 5626 ἡδέσι
1702 5557 1772 5610 τὰ
1799 5559 2038 5627 παρόντα

474 5631 701 5687 δεκτικὰ
748 5638 1246 5706 προσποιήσαντες,
1302 5642 1517 5711 ἑτέροις
1582 5643 1754 5697 ταῦτα
1783 5648 2039 5714 τερπνοῖς

789 5728 1062 5807 Ρλτηοι..
1101 5729 1217 5791 Gn.
1261 5732 1632 5793 LXXXVII.

2140 4462 2242 4519 tes,
2270 4455 2377 4507 alia
2406 4454 2513 4509 duo
2555 4456 2637 4508 vel
2671 4457 2773 4508 tria
2809 4456 3070 4510 miracula
3101 4454 3430 4525 juciindiora
3463 4456 3735 4529 scribeng

2139 4553 2242 4609 tes,
2279 4548 2437 4600 tinem
2486 4563 2674 4603 eorum
2710 4565 2830 4618 quae
2875 4550 2928 4602 in
2977 4548 3358 4603 Alexandrinis
3385 4548 3529 4602 facta
3582 4559 3709 4602 sunt

2137 4640 2509 4709 prodigiorum
2567 4641 2885 4695 emt-ienius.
2938 4641 3057 4703 Non
3108 4632 3299 4695 tamen'
3344 4641 3540 4696 ibidem
3592 4641 3708 4694 sola

2139 4726 2278 4782 facta
2313 4741 2437 4782 sunt
2484 4746 2606 4799 qua}
2659 4731 2987 4801 scribentur,
3018 4748 3125 4801 quo
3164 4732 3413 4788 terminis
3467 4734 3579 4785 hanc
3614 4736 3709 4783 dc-

2137 4820 2481 4875 lectabilibus
2528 4822 2787 4885 deﬁnita,
2840 4800 3043 4877 munia
3086 4825 3424 4878 delectabilia
3479 4824 3563 4876 his
3614 4826 3706 4890 qui

2136 4911 2361 4979 legerint
2389 4912 2714 4979 videantur;
2763 4913 3105 4967 delectabilia
3153 4913 3372 4984 quidem
3409 4912 3703 4982 prioribus.

2134 5002 2492 5067 praesentibus
2522 5010 2705 5057 autem
2741 5002 3013 5057 modicum
3059 5018 3168 5057 nou
3199 4984 3331 5059 sine.
3351 5017 3518 5057 causa
3550 5014 3704 5054 sevc-

2135 5104 2215 5155 ra,
2262 5097 2315 5141 et
2371 5090 2569 5145 iterum
2624 5102 2876 5163 posteros
2921 5091 3214 5162 iucundari
3260 5093 3699 5156 facientia;cum

2133 5185 2394 5238 suavibus
2418 5185 2635 5254 quidem
2660 5186 2995 5241 audientium
3015 5188 3225 5240 animas
3245 5197 3458 5247 curent,
3480 5195 3535 5237 et
3563 5198 3589 5235 a
3612 5199 3700 5236 se-

2132 5274 2438 5329 verioribus
2455 5290 2673 5331 sensum
2692 5286 2993 5346 expurgem
3011 5292 3026 5342 ;
3046 5279 3188 5333 sicut
3223 5276 3386 5330 etiam
3423 5275 3700 5343 Asclepia-

2130 5362 2213 5417 da'.
2242 5366 2598 5434 probabiliter
2631 5375 2798 5436 agunt
2821 5383 2990 5421 :-cum
3024 5366 3184 5422 melle
3212 5381 3446 5435 namque
3480 5368 3698 5420 πηοί-ὼν

2131 5454 2214 5508 cia
2261 5462 2315 5508 et
2366 5454 2650 5524 profutura
2696 5457 2936 5510 remedia
2989 5456 3429 5523 connuisccnies,
3477 5472 3572 5511 eos
3608 5456 3699 5523 qui

2129 5552 2451 5618 purgatione
2505 5560 2664 5617 egent
2697 5549 3019 5604 cinundant.
3070 5547 3180 5604 Nos
3225 5563 3353 5618 ergo
3394 5556 3445 5602 cl
3482 5549 3579 5603 hos
3609 5550 3695 5602 hi:

2132 5643 2427 5707 imitantes,
2487 5650 2540 5695 et
2603 5640 3036 5711 priet-edentibus
3098 5642 3359 5695 suavibus
3407 5623 3696 5711 praesentia

3193 5738 3300 5797 111
