4060 6236
317 181 451 249 3.531

1271 189 1329 248 S.
1354 187 1771 251 SOPHRONII
1806 191 2311 253 PATRIARCHJE
2352 195 2754 254 HIERUSOL.

3456 188 3595 250 353?.

320 297 601 353 merdacia
662 301 1108 378 con‘ttniscentes.
1157 302 1282 357 aliis
1316 306 1429 357 haec
1488 305 1906 373 jucundioribus

2023 308 2494 378 συγκαλύψωμενο
2552 309 2700 369 τέλος
2746 310 2810 361 τὰ
2849 298 3057 378 τερπνὰ
3107 304 3207 372 τῆς
3249 303 3599 368 εἰςἈλεξαν-

316 402 693 462 centegamus,
716 391 876 449 finem
911 392 1173 451 facientes
1206 396 1609 461 delectabilem,
1646 414 1756 453 non
1787 415 1940 458 om-.

316 482 467 537 nium
498 484 927 555 conscriptionis
958 488 1350 543 miraculorum
1375 504 1585 556 eorum,
1621 489 1717 545 sed
1747 491 1913 545 mira-

316 574 571 630 culorum
603 585 813 633 tantum
849 579 994 650 a'pud
1022 573 1431 636 Alexandrinos
1460 591 1766 651 gestorum.

319 681 658 758 χχχιιιηυς
689 685 1226 758 (luminum-quaret!
1263 702 1474 747 sanctos
1510 701 1720 747 oratum
1758 694 1914 758 abiit,

457 766 507 812 et
542 756 608 811 de
630 757 877 827 jumenlo
931 756 1118 814 cecidit
1157 777 1449 835 corpusque
1488 765 1763 819 contrivit.
1852 770 1856 775 '

386 935 569 992 Suave
597 936 758 994 nobis
790 938 957 992 etiam
988 954 1240 1009 praesens
1286 941 1500 996 exstitit
1555 940 1908 1010 miraculum,

314 1026 464 1097 quod
496 1041 525 1079 a
555 1028 767 1082 sanctis
824 1028 878 1084 in
916 1028 1144 1084 muliere
1193 1030 1432 1100 quadam
1478 1029 1772 1086 Cosmiana
1807 1047 1910 1086 no-

315 1119 463 1176 mine
488 1116 699 1173 factum
729 1126 840 1185 est,
886 1128 939 1174 et
998 1119 1253 1176 fortassis
1288 1121 1664 1177 austeriOrum
1709 1123 1913 1178 reeita-

314 1210 454 1265 tioni
484 1211 754 1276 occurrit,
793 1218 852 1265 ut
893 1210 1177 1266 tristitiam
1213 1197 1335 1283 eum
1378 1213 1531 1267 illine
1580 1213 1912 1270 nobis-fore

319 1303 636 1371 putabatur,
669 1302 959 1371 cujusdam
1013 1305 1259 1375 spoagiae
1296 1320 1449 1360 more
1480 1306 1825 1375 detergeret;
1857 1316 1913 1362 et

317 1410 425 1449 non
459 1402 673 1448 tantum
707 1394 830 1455 hoc.
865 1395 961 1451 sed
1000 1403 1056 1450 ιιι
1080 1396 1223 1449 sicut
1261 1411 1289 1448 a
1324 1395 1574 1451 tris:ibus
1617 1397 1911 1452 mulierum

316 1486 561 1540 narratio
588 1496 769 1558 erepta
790 1495 896 1553 est,
932 1487 1004 1541 ita
1032 1488 1195 1542 etiam
1232 1489 1479 1542 laetorum
1513 1486 1800 1558 Scriptura
1824 1490 1909 1542 in-

315 1581 623 1650 reptionem
681 1580 910 1650 fentinas
957 1580 1174 1635 habeat.
1225 1581 1319 1635 Sic
1365 1581 1508 1635 enim
1555 1589 1608 1635 ct
1642 1581 1910 1637 Dominus

2020 397 2184 467 δρὲας
2203 396 2498 468 θαυμάτων
2526 397 2871 467 συγγραφῆς,
2903 398 2965 451 ού
2996 394 3293 466 θαυμὰτων
3319 393 3599 464 ἐνεργείας

2020 488 2350 559 ποιούμενοι.

2017 683 2142 738 ΛΓ.
2172 684 2336 755 ,Περὶ
2365 670 2712 755 Κοσμιανῆς
2739 685 3042 754 ἀπιούσης
3091 686 3177 750 είς
3210 685 3353 751 τοὺς
3392 685 3601 754 ἁγίους

2087 754 2194 808 τοῦ
2225 754 2515 818 εὔξασθαι
2548 757 2646 810 καὶ
2675 756 2990 824 πεσούσης
3017 758 3084 811 ἐκ
3116 756 3223 811 τοῦ
3250 757 3474 826 ἀλόγου
3501 758 3594 809 καὶ

2087 826 2513 895 συντριϐείσης
2533 826 2599 880 τό
2623 826 2814 897 σῶμα.
3410 851 3421 862 ·

2100 936 2226 991 Ἦδὺ
2281 938 2376 991 καὶ
2395 938 2456 993 τὸ
2489 937 2665 1010 παρὸν
2691 940 2823 1009 ἡμῖν
2853 936 3035 1010 θαῦμα
3064 938 3425 1009 καθέστηκεν,
3463 938 3600 1007 ὅπερ

2016 1027 2109 1081 ἐπὶ
2152 1028 2363 1098 γυναίῳ
2384 1028 2492 1082 τινὶ
2519 1029 2805 1098 Κοσμιανῇ
2837 1026 3076 1096 τοῦνομα
3099 1029 3211 1090 τοῖς
3243 1028 3479 1096 μάρτυσι
3503 1029 3594 1095 γέ-

2014 1136 2162 1188 γονε·
2180 1119 2273 1173 καὶ
2294 1120 2431 1189 τάχα
2451 1117 2631 1183 καλῶς
2656 1117 2795 1189 μετὰ
2812 1117 2912 1186 τὴν
2927 1117 3036 1168 τῶν
3056 1116 3473 1187 αὐστηροτὲρων
3501 1118 3600 1183 ἀγ-

2013 1206 2217 1279 γελίαν
2239 1211 2576 1281 ἀπήντησεν,
2608 1211 2696 1265 ἵνα
2726 1210 2824 1280 τὴν
2847 1210 3057 1265 ἐκεῖθεν
3084 1208 3349 1263 δοκοῦσαν
3380 1208 3600 1263 ἔσεσθαι

2012 1302 2191 1374 λύπην
2213 1302 2561 1374 ἡμῖν,ῶσπερ
2589 1303 2683 1356 ἐπὶ
2719 1303 2962 1371 σπόγγου
2987 1302 3132 1366 τινὸς
3156 1299 3444 1373 παρελθὼν
3465 1303 3599 1354 ἁνα-

2017 1393 2275 1464 μάξηται’
2295 1393 2388 1447 καὶ
2407 1393 2466 1446 οὺ
2495 1391 2654 1446 τοῦτο
2679 1392 2860 1462 μόνον,
2880 1390 2994 1444 ἀλλ’
3023 1391 3109 1443 ῖνα
3143 1389 3333 1459 ὥσπερ
3360 1390 3468 1442 άπδ
3495 1405 3596 1457 γυ-

2013 1484 2179 1539 ναίων
2201 1484 2307 1537 τῶν
2328 1483 2659 1553 ἀνιὼντωνὴ
2692 1483 2942 1554 διήγησις
2971 1481 3340 1554 ἡρξατο,οῦτω
3368 1480 3462 1535 καὶ
3490 1481 3597 1535 τῶν

2014 1579 2253 1650 ἠδόντων
2289 1581 2322 1650 ή
2350 1578 2542 1651 Γραφὴ
2571 1578 2747 1650 ἀρχὴν
2785 1578 2899 1649 ἔχει
2924 1577 3085 1632 πάλιν
3119 1575 3186 1630 τὰ
3208 1575 3598 1644 γύναια.οῦτω

316 1681 436 1739 post
460 1671 923 1726 resurrectionem
974 1686 1266 1741 apparens.
1301 1672 1480 1742 primo
1512 1673 1680 1728 Avete
1712 1675 1906 1729 mulie-

2014 1671 2126 1741 γὰρ
2185 1672 2282 1726 καὶ
2333 1671 2362 1724 ό
2408 1669 2613 1742 Κύριος
2665 1669 2802 1741 μετὰ
2849 1670 2947 1741 τὴν
2995 1670 3292 1724 ἀνάστασιν
3348 1668 3596 1736 φαίνεται

317 1760 471 1816 tibus
530 1762 721 1820 donat,
782 1761 1044 1830 quoniam
1103 1763 1281 1832 primo
1324 1763 1406 1818 eis
1451 1772 1574 1832 post
1615 1763 1815 1818 factam
1849 1763 1902 1819 in

316 1853 572 1919 paradiso
620 1855 1111 1923 transgressionem
1163 1855 1402 1909 tristitiae
1458 1857 1619 1910 verba
1658 1872 1903 1924 pronun-

319 1945 497 2000 tiavit.
534 1943 646 1998 llnc
677 1944 936 2015 judicans
968 1949 1084 2016 ipse
1118 1946 1516 2015 justissimutn,
1547 1957 1605 2002 ut
1633 1964 1754 2018 quae
1789 1950 1903 2018 pri-

317 2056 418 2094 tua:
449 2041 652 2095 tristari
698 2050 1080 2110 susceperant,
1116 2042 1248 2112 ipsa:
1288 2057 1507 2111 quoque
1539 2042 1730 2111 prima:
1761 2055 1899 2112 gau-

314 2134 445 2186 dere
471 2133 840 2202 perciperent,
870 2141 926 2188 et
961 2147 1062 2188 nec
1088 2143 1236 2189 esset
1272 2134 1514 2190 Seltisma
1543 2135 1596 2189 in
1639 2149 1724 2188 eo:
1743 2149 1898 2205 pore,

314 2222 616 2276 secundum
647 2222 894 2277 divinum
928 2223 1273 2292 ApOStolum,
1310 2224 1403 2294 qui
1452 2232 1621 2296 caput
1644 2225 1905 2293 mulieris

317 2315 493 2371 \irum
526 2315 770 2379 vocavit,
810 2323 864 2370 ct
892 2316 992 2369 viri
1035 2331 1243 2386 corpus
1279 2314 1564 2369 mulierem
1611 2314 1816 2379 sanxit,
1850 2321 1905 2367 et

315 2424 492 2479 neque
525 2409 810 2463 mulierem
848 2409 968 2463 sine
998 2409 1136 2474 viro,
1170 2423 1349 2478 neque
1372 2408 1551 2462 virum
1615 2408 1737 2464 sine
1793 2423 1906 2462 tnu-

317 2500 470 2565 liere,
521 2515 728 2570 corpus
788 2500 902 2555 fore
936 2503 1049 2554 vult
1108 2502 1449 2564 universum,
1499 2516 1622 2555 cum
1672 2501 1904 2554 alterum

318 2589 538 2658 quidem
593 2591 840 2659 corporis
884 2591 1165 2663 gaudium,
1210 2592 1442 2648 alterum
1472 2606 1599 2647 vero
1626 2592 1903 2648 tristitiam

315 2685 468 2753 prius
500 2683 826 2754 susceperit.

383 2866 525 2938 Ergo
554 2867 697 2922 adsit
731 2868 947 2933 mulier,
997 2875 1049 2923 et
1093 2868 1236 2923 sicut
1266 2868 1569 2927 Athanasia
1612 2868 1907 2923 miraculo-

313 2978 434 3019 rum
485 2964 683 3032 prima,
707 2979 829 3032 qua:
861 2962 1083 3017 tristare
1118 2962 1398 3027 videntur,
1436 2961 1631 3019 effecta
1680 2970 1784 3027 est,
1831 2962 1927 3015 ita'

2008 1761 2257 1835 πρώταις
2295 1760 2513 1831 γυναιξὶ
2546 1763 2627 1829 τὸ,
2651 1763 2843 1834 Χαῖρε,
2866 1761 3232 1832 δωρούμενος,
3273 1759 3460 1827 ἐπειδὴ
3503 1760 3598 1813 καὶ

2009 1854 2254 1926 πρώταις
2283 1857 2475 1918 αὐταῖς
2513 1854 2652 1926 μετὰ
2676 1854 2776 1925 τὴν
2813 1856 2870 1907 ὲν
2906 1853 3226 1923 παραδείσῳ
3258 1850 3593 1923 παράὸασιν,

2006 1948 2077 2002 τὰ
2116 1947 2217 2016 τῆς
2257 1946 2434 2017 λύπης
2462 1945 2768 2015 ἐφθέγξατο
2809 1946 3032 2016 ῥήματα
3051 1962 3063 1976 ·
3091 1943 3246 1998 τοῦτο
3276 1944 3468 2014 κρίνας
3497 1947 3595 1997 αὺ-

2005 2039 2095 2101 τδς
2144 2039 2507 2101 δικαιότατον,
2562 2038 2648 2091 ἵνα.
2703 2038 2921 2109 πρῶται
2980 2039 3040 2090 τὸ
3095 2036 3382 2090 λυπεῖσθαι
3433 2035 3590 2100 δεξά-

2010 2148 2189 2201 μεναι,
2250 2133 2414 2184 αὑταὶ
2468 2130 2684 2202 πρῶται
2730 2114 2824 2184 καὶ
2863 2129 2923 2184 τὸ
2978 2128 3188 2200 χαίρειν
3234 2120 3591 2198 κομίσωνται,

2008 2221 2101 2274 καὶ
2281 2221 2488 2293 σχίσμα
2511 2223 2569 2275 ἐν
2598 2220 2675 2292 τῷ
2697 2221 2930 2291 σώματι,
2960 2220 3100 2273 κατὰ
3130 2219 3220 2273 τὸν
3255 2217 3400 2274 θεῖον
3432 2220 3594 2272 ’Λπό-

2010 2313 2218 2379 στολον,
2245 2315 2336 2367 τὸν
2371 2314 2615 2385 κεφαλὴν
2650 2315 2750 2385 μὲν
2795 2314 3057 2384 γυναικὸς
3100 2313 3191 2366 τὸν
3221 2312 3394 2383 ἄνδρα
3438 2312 3594 2366 καλέ.

2011 2421 2201 2470 σαντα,
2226 2405 2414 2476 ἀνδρὸς
2439 2405 2495 2459 δὲ
2529 2406 2689 2477 σῶμα
2716 2407 2817 2475 τὴν
2837 2408 3072 2475 γυναῖκα
3100 2404 3465 2460 θεσπίσαντα·
3498 2406 3594 2460 καὶ

2012 2497 2148 2567 μήτε
2198 2499 2434 2565 γυναῖκα
2468 2497 2639 2568 χωρὶς
2673 2497 2888 2569 ἀνδρὸς,
2919 2497 3043 2568 μηδ’
3072 2495 3243 2565 ἄνδρα
3293 2494 3462 2566 χωρὶς
3496 2511 3593 2563 γυ-

2007 2588 2188 2652 ναικὸς
2227 2588 2287 2642 τὸ
2311 2591 2420 2642 πᾶν
2454 2585 2594 2644 εἶναι
2630 2590 2790 2660 σῶμα
2822 2588 3146 2660 βουλόμενον
3172 2602 3184 2615 ·
3219 2588 3252 2659 ἢ
3278 2588 3339 2640 τὸ
3374 2588 3471 2658 μὲν
3498 2587 3590 2641 τοῦ

2010 2681 2263 2749 σώματος
2304 2683 2363 2736 τὸ
2412 2683 2623 2754 χαίρειν
2650 2722 2665 2748 ,
2716 2681 2777 2735 τὸ
2825 2681 2881 2735 δὲ
2928 2681 2988 2735 τὸ
3036 2679 3326 2735 λυπεῖσθαι
3376 2680 3591 2753 πρῶτον

2008 2774 2247 2840 ἐδέξατο,
2772 2842 2777 2847 ⁵

2079 2867 2288 2922 Οὐκοῦν
2318 2871 2546 2938 παρεῖτο
2573 2869 2634 2922 τὸ
2665 2870 2886 2938 γύναιον
2914 2885 2926 2898 ·
2975 2869 3072 2923 καὶ
3125 2867 3314 2938 ὥσπερ
3362 2866 3590 2920 Ἀθανα-

2010 2963 2101 3014 σία
2135 2961 2328 3034 πρώτη
2356 2961 2467 3015 τῶν
2497 2961 2687 3015 λυπεῖν
2731 2961 3035 3015 δοκούντων
3089 2959 3387 3030 θαυμάτων
3436 2961 3590 3028 γεγέ-

309 3060 364 3106 et
404 3053 697 3107 Cosmiana
742 3054 923 3122 prima
975 3068 1166 3107 eorum
1217 3068 1340 3122 qua:
1393 3053 1901 3123 magnanimitatem

2007 3072 2188 3126 νηται,
2223 3054 2366 3107 οὕτω
2397 3055 2490 3108 καὶ⁹
2524 3055 2811 3125 Κοσμιανὴ
2860 3055 3051 3125 πρώτη
3107 3053 3216 3107 τῶν
3255 3054 3486 3124 ἐχόντων
3531 3053 3593 3106 τὸ

310 3146 538 3213 habent,
574 3144 862 3201 eniti-dtur.
901 3145 1090 3213 Itaque
1150 3145 1446 3215 incplumis
1484 3153 1603 3200 erat
1639 3144 1752 3199 haec
1772 3159 1899 3197 eor-

312 3253 467 3306 pore,
497 3248 552 3292 et
584 3238 858 3307 passionis
887 3238 964 3291 nil
998 3238 1256 3295 habebat.
1291 3237 1466 3292 Porro
1497 3238 1643 3292 domi
1674 3238 1899 3307 degens,

310 3332 644 3388 desiderium
676 3331 917 3385 habebat
958 3332 1143 3386 venire
1167 3331 1234 3387 ad
1263 3341 1556 3401 martyres,
1589 3340 1642 3384 et
1667 3330 1902 3384 adorare

312 3425 510 3479 horum
545 3424 832 3494 reliquias,
852 3439 929 3478 .ac
959 3434 1253 3479 emanante
1278 3424 1349 3478 ab
1385 3424 1491 3479 illis
1516 3423 1902 3478 benedictione

312 3519 496 3586 potiri.
537 3518 601 3572 Et
637 3518 940 3589 adimplere
982 3518 1317 3575 desiderium
1355 3518 1569 3584 volens,
1605 3534 1728 3573 cum
1762 3532 1899 3587 pau-

310 3610 499 3664 xillum
547 3626 712 3681 supra
762 3611 1065 3681 inquietum
1115 3609 1351 3665 sedisset
1383 3609 1625 3675 asinmn,
1668 3609 1734 3664 ad
1764 3621 1901 3663 tem-

311 3702 459 3771 plum
504 3703 610 3757 iter
641 3703 858 3774 agebat.
896 3700 1052 3757 Hanc
1095 3701 1315 3755 invidia:
1348 3711 1501 3771 pater
1549 3719 1674 3755 cum
1727 3703 1901 3755 multo

309 3796 375 3849 ad
427 3804 651 3851 sanctos
691 3810 878 3851 amore
931 3811 1229 3867 properare
1269 3795 1318 3849 vi
1348 3804 1484 3860 lens,
1523 3810 1776 3863 tnagnam
1841 3810 1901 3849 se

311 3887 537 3958 putabat
572 3888 849 3944 sustinere
888 3889 1189 3959 iacturam,
1215 3889 1260 3943 si
1291 3903 1415 3942 cum
1450 3895 1607 3941 tanto
1633 3887 1818 3941 studio
1848 3896 1902 3940 et

309 3979 496 4035 talore
528 3980 595 4035 ad
629 3980 877 4036 divinum
905 3981 1165 4049 templutn
1195 3979 1311 4049 ipsa
1346 3979 1656 4050 pertingere
1689 3980 1900 4048 pomis-

313 4083 419 4136 set,
463 4085 518 4128 et
548 4089 658 4128 non
709 4075 762 4128 in
799 4075 994 4131 itinere
1026 4079 1078 4130 in
1121 4092 1349 4148 magnos
1400 4077 1627 4146 laqueos
1657 4075 1779 4145 ejus
1816 4073 1899 4128 ef-

315 4164 544 4221 fendens
580 4166 814 4221 reditum
843 4166 1069 4233 faceret,
1097 4185 1278 4239 neque
1319 4168 1511 4224 deifica
1546 4168 1901 4223 confessione

308 4262 451 4325 visa,
498 4274 675 4329 neque
729 4261 946 4315 cultura
1014 4262 1164 4323 data.
1219 4277 1399 4331 neque
1477 4276 1706 4315 inlinere
1775 4275 1900 4330 pre-

310 4353 452 4406 tioso
502 4352 772 4421 impenso.
821 4354 1057 4410 Tristem
1109 4354 1310 4425 quippe
1345 4355 1493 4410 hunc
1545 4353 1800 4417 reddunt,
1845 4361 1898 4409 et
1931 4336 1985 4425 η’

310 4443 561 4498 mordent
619 4446 803 4501 omnia
873 4463 995 4516 quae
1067 4447 1233 4503 Deum
1285 4457 1544 4519 tanquam
1598 4447 1894 4519 benignum

311 4539 552 4607 placant,
591 4540 1022 4611 hominibusque
1071 4541 1161 4596 Dei
1224 4543 1418 4597 amicis
1451 4541 1712 4598 beneficia
1760 4557 1897 4611 ιιι-αε-
1932 4582 1935 4585 ι

310 4641 458 4685 stant
490 4671 504 4694 ,
541 4641 593 4686 et
630 4632 828 4686 salutis
864 4646 1205 4704 argumenta.

383 4808 539 4865 Unde
568 4824 694 4864 cum
733 4809 798 4864 ad
832 4809 1068 4877 medium
1106 4811 1319 4867 itineris
1357 4811 1643 4865 mulierem
1680 4811 1896 4867 venisse

314 4903 796 4973 vidisset,jactato
829 4917 1055 4975 repente
1097 4898 1395 4981 subjugali,
1439 4904 1585 4975 quod
1642 4907 1896 4973 portabat

311 5010 452 5060 eam,
483 4994 617 5048 utin
646 5005 846 5048 terratn
896 5004 1201 5050 retrorsum
1235 4996 1457 5049 caderet
1484 4994 1721 5064 impulit,
1754 5005 1809 5049 et
1840 5002 1899 5048 ut

310 5086 536 5139 dorsum
587 5093 713 5140 ante
746 5086 884 5140 alias
922 5095 1107 5155 partes
1149 5085 1404 5154 corporis
1449 5084 1653 5138 illisum
1694 5096 1896 5147 rueret,

312 5179 463 5232 fecit.
489 5179 643 5245 Quod
670 5195 795 5233 cum
835 5179 1046 5247 itnpetu
1073 5176 1326 5230 validiori
1357 5177 1667 5232 deferretur
1691 5178 1744 5231 in
1791 5186 1897 5232 ter-

310 5285 449 5335 ram,
488 5271 692 5326 illisum
741 5279 847 5337 est,
896 5281 952 5325 et
997 5277 1173 5324 totum
1229 5267 1522 5324 confestim
1573 5271 1894 5333 contritum,

314 5373 693 5434 mortuamque
727 5365 939 5419 diutius
973 5363 1258 5418 mulierem
1290 5362 1725 5428 demonstravit;
1782 5364 1896 5418 for-

316 5455 485 5509 tassis
511 5465 565 5511 et
597 5457 662 5510 ad
692 5457 1016 5528 sepulcrum
1043 5455 1325 5522 misisset,
1366 5454 1471 5510 nisi
1507 5454 1897 5526 refrigerantes

316 5555 585 5627 martyres
632 5534 973 5615 invenisset,
1003 5559 1057 5605 et
1090 5565 1228 5620 pene
1271 5559 1543 5602 mortuam
1602 5549 1895 5620 erigentes,

321 5644 389 5691 ιιι
418 5639 580 5692 vitam
617 5642 813 5696 iterum
864 5642 1252 5698 concedentes.
1306 5639 1436 5699 Post
1478 5642 1708 5697 multum
1743 5657 1895 5713 ergo,

2002 3145 2239 3216 εὒθυμον
2296 3148 2554 3217 γίγνοιτο.
2581 3148 2830 3219 Ἕρρωτο
2859 3147 3037 3200 τοίνυν
3072 3146 3209 3217 αὕτη
3242 3147 3318 3216 τῷ
3355 3147 3592 3217 σώματι,

2005 3241 2100 3294 καὶ
2130 3239 2302 3305 πάθος
2331 3241 2486 3294 οὐδὲν
2513 3240 2674 3311 ἔσχεν
2708 3240 2741 3311 ἢ
2781 3240 3026 3311 νόσημα⁶
3069 3239 3190 3293 κατ’
3218 3235 3365 3293 οἷκον
3399 3240 3455 3293 δὲ
3477 3240 3591 3292 δια-

2003 3334 2284 3408 τρίϐουσα,
2318 3334 2481 3389 πόθον
2514 3334 2674 3405 ἔσχεν
2694 3333 2870 3387 ἐλθεῖν
2894 3336 2974 3397 είς
2997 3334 3123 3396 τοὺς
3159 3334 3461 3405 μάρτυρας,
3497 3333 3592 3387 καὶ

2009 3427 2387 3498 προσκυνῆσαι
2422 3427 2629 3481 τούτων
2651 3427 2719 3481 τὰ
2757 3425 3007 3495 λείψανα.
3039 3425 3134 3479 καὶ
3182 3425 3282 3496 τὴν
3319 3424 3591 3498 βρύουσαν

2004 3519 2099 3573 ἀπ’
2133 3520 2315 3573 αὐτῶν
2362 3519 2618 3588 εὐλογίαν
2666 3518 3087 3590 καρπώσασθαι,
3146 3517 3240 3572 καὶ
3301 3517 3590 3588 πληρῶσαι

2002 3611 2092 3665 τὸν
2127 3612 2293 3665 πόθον
2333 3611 2618 3676 ἐθέλουσα,
2667 3612 2755 3668 ἐπ’
2785 3612 2892 3683 ὄνῳ
2924 3611 3120 3683 μικρὸν
3180 3610 3404 3683 ἀτάκτῳ
3459 3611 3591 3665 καθ-

2007 3704 2191 3771 ίσασα,
2219 3703 2355 3775 πρὸς
2380 3703 2442 3757 τὸ
2473 3703 2699 3776 τέμενος
2720 3704 2912 3758 ὥδευε.
2935 3704 3151 3774 Ταύτην
3197 3704 3227 3757 ὁ
3262 3702 3358 3757 τοῦ
3391 3703 3590 3772 φθόνου

2004 3795 2190 3869 πατὴρ
2243 3796 2604 3868 θεασάμενος,
2670 3797 2769 3851 σὺν
2811 3797 2963 3867 πόθῳ
3014 3796 3221 3851 πλείονι
3268 3797 3404 3869 πρὸς
3463 3797 3590 3858 τοὺς

2003 3886 2193 3955 ἁγίους
2236 3876 2583 3958 ὁρμήσασαν,
2622 3887 2866 3958 μεγάλην
2890 3888 3052 3950 αὐτὸς
3084 3888 3182 3957 τὴν
3215 3887 3419 3958 ζημίαν
3484 3887 3586 3956 ὑφ-

2002 3980 2143 4047 έξειν
2173 3979 2442 4048 ἐνόμιζεν,
2461 3980 2509 4032 εί
2543 3979 2680 4048 μετὰ
2707 3979 2976 4051 τοσαύτης
3006 3980 3240 4051 σπουδῆς
3268 3979 3361 4033 καὶ
3391 3979 3589 4050 θερμό-

2001 4088 2165 4141 τητος
2192 4072 2272 4134 είς
2302 4070 2393 4125 τὸν
2423 4071 2549 4125 ναὸν
2579 4071 2671 4126 τὸν
2704 4072 2846 4125 θεῖον
2879 4072 3150 4140 ἀφίκοιτο,
3209 4073 3304 4126 καὶ
3337 4071 3411 4143 μὴ
3462 4071 3586 4126 καθ’

2000 4162 2119 4217 ὁδὸν
2141 4164 2263 4226 ταῖς
2288 4165 2556 4235 πονηραῖς
2584 4164 2750 4217 αὑτοῦ
2783 4165 2974 4233 παγίσι
3007 4164 3389 4235 προσκύψασα,
3425 4165 3587 4235 ποιή-

2004 4272 2159 4309 σαιτο
2183 4253 2282 4325 τὴν
2334 4256 2617 4319 ἐπάνοδον,
2650 4256 2787 4324 μήτε
2813 4257 2904 4308 τὸν
2934 4256 3102 4327 σηκὸν
3137 4256 3318 4309 ἰδοῦσα
3355 4257 3445 4310 τὸν
3495 4258 3585 4308 ἐν·

2002 4346 2144 4410 θεον,
2182 4348 2317 4416 μήτε
2344 4346 2405 4399 τὸ
2437 4346 2601 4410 σέϐας
2625 4347 2792 4401 δοῦσα
2819 4348 2881 4401 τὸ
2942 4348 3286 4419 πρόσφορον,·
3338 4350 3477 4417 μήτε
3526 4348 3586 4401 τδ

1998 4438 2172 4508 δῶρον
2201 4437 2442 4492 λαϐοῦσα
2485 4437 2546 4492 τὸ
2574 4438 2777 4508 τίμιον.
2832 4440 3079 4493 Λυποῦσι
3132 4441 3237 4511 γὰρ
3283 4442 3443 4493 αὐτὸν
3492 4442 3585 4494 καὶ

1997 4529 2282 4586 δάκνουσιν
2303 4531 2520 4586 ἅπαντα
2532 4533 2598 4585 τὰ
2612 4531 2705 4584 τὸν
2719 4530 2851 4585 Θεὸν
2876 4532 2950 4596 ὡς
2972 4531 3175 4601 ἀγαθὸν
3194 4534 3546 4603 θεραπεύοντι
3567 4574 3583 4600 ,

1999 4625 2095 4679 καὶ
2123 4626 2249 4689 τοὺς
2275 4626 2556 4695 φιλοθέους
2584 4625 2902 4696 ἀνθρώπους
2933 4625 3324 4698 εὐεργετοῦντα
3357 4629 3451 4680 καὶ
3476 4628 3581 4680 σώ-

2004 4714 2186 4778 ζοντα.

2075 4807 2241 4860 Ὅθεν
2278 4811 2371 4861 ἐπὶ
2394 4808 2461 4862 τὰ
2498 4811 2639 4880 μέσα
2661 4810 2758 4879 τῆς
2786 4812 2908 4864 ὁδοῦ
2936 4812 2997 4864 το
3031 4812 3250 4879 γύναιον
3281 4815 3356 4875 ὠς
3389 4813 3469 4873 ἴδε,
3491 4830 3585 4880 γε-

2000 4899 2246 4968 νόμενον,
2292 4901 2455 4971 ῥίψας
2509 4901 2709 4972 ἁθρόον
2775 4904 2835 4955 τὸ
2867 4903 3031 4974 φέρον
3072 4903 3243 4973 αὐτὴν
3292 4904 3584 4972 ὑποζύγιον

2001 4992 2090 5045 ἐπ’
2119 4993 2310 5062 ἔδαφος
2342 4994 2574 5064 ἤνεγκεν
2606 4996 2683 5059 εἰς
2719 4996 2967 5049 τούπίσω
2998 4998 3205 5059 πεσεῖν,
3235 4997 3328 5051 καὶ
3359 4998 3451 5050 τὸν
3480 4997 3584 5051 νῶι

1998 5102 2089 5138 τον
2123 5088 2372 5155 ἡγεῖσθαι
2409 5091 2641 5168 ποιήσας
2671 5089 2765 5141 τοῦ
2798 5089 3108 5161 πτώματος,
3143 5090 3332 5161 ὃφορᾷ
3355 5092 3583 5161 σφοδρο-

1999 5178 2138 5249 τέρᾳ
2168 5181 2469 5249 φερόμενον
2496 5185 2560 5252 τῇ
2594 5183 2663 5251 γῇ
2703 5182 3044 5253 προσραγὲν,
3071 5182 3191 5235 ὅλον
3223 5180 3387 5245 εὐθὺς
3452 5200 3580 5235 συν-

1999 5272 2266 5341 ετρίϐετο,
2299 5274 2393 5326 καὶ
2427 5274 2619 5345 νεκρον
2644 5275 2739 5326 ἐπὶ
2792 5275 2927 5328 πολὺ
2951 5275 3012 5327 τὸ
3065 5274 3284 5344 γύναιον
3342 5275 3540 5340 ἔδειξεν
3567 5291 3579 5304 ·

1998 5365 2138 5434 τάχα
2171 5365 2215 5417 δ’
2256 5365 2323 5419 ἂν
2352 5367 2446 5418 καὶ
2473 5366 2607 5438 πρὸς
2634 5367 2805 5437 τάφον
2838 5368 3215 5439 παρέπεμψεν.
3238 5371 3297 5420 Δεί
3325 5368 3398 5439 μὴ
3462 5371 3586 5431 τοὺς

2004 5460 2289 5528 μάρτυρας
2320 5458 2698 5529 ἀναψύχοντας
2737 5461 2959 5533 εὕρισκε
2989 5502 3003 5526 ,
3043 5461 3133 5515 καὶ
3162 5462 3432 5520 Θανοῦσαν
3461 5479 3586 5531 σχε-

1999 5550 2087 5602 δὸν
2121 5549 2527 5620 ἁνεγείροντας,
2554 5553 2647 5605 καὶ
2679 5552 2824 5621 ζωὴν
2851 5552 3012 5606 πάλιν
3045 5557 3252 5624 ταύτην
3311 5555 3579 5622 παρείην-

2001 5657 2119 5702 τας.
2155 5641 2308 5694 Μετὰ
2361 5641 2494 5696 πολὺ
2558 5641 2683 5711 γοῦν
2706 5642 2872 5714 αὐτὴν
2917 5642 3263 5715 ἀνανήψασαν
3290 5643 3584 5714 (ἐτεθνήκει
