4060 6236
494 279 633 344 3533

1514 278 1616 339 ss.
1653 276 1826 339 cvm
1858 274 1952 337 ET
1989 273 2305 339 JOANNIS
2343 273 2757 361 MIRAcULA.

3606 268 3744 336 35:34

495 394 601 465 γὰρ
641 391 717 463 τῷ
746 387 912 463 ῥοίζῳ
944 389 1061 444 τότε
1102 389 1195 444 τοῦ
1231 388 1544 459 πτώματος,
1578 390 1669 442 καὶ
1714 388 1892 442 πάντα
1932 390 2065 458 αὐτῇ

2192 407 2295 445 tum
2345 391 2433 444 illa
2495 401 2739 444 recreata
2786 385 3069 458 paululum
3126 380 3477 454 respirasset,
3531 396 3744 440 mortua

494 487 558 539 τὰ
588 487 720 538 ὀστᾶ
759 484 1071 553 διελέλυτο),
1109 485 1186 544 είς
1239 481 1391 535 πόλιν
1444 484 1806 554 ἀποστρέφειν
1852 482 1903 534 οἱ
1950 496 2070 533 συν-

495 579 645 640 ὄντες
667 577 978 649 ἠϐούλοντο,
1015 577 1099 628 ἵνα
1130 575 1329 645 θερμὰ,
1357 562 1543 645 φησὶν,
1587 573 1815 644 ἔχουσαν
1870 572 1955 649 ἔτι.
2001 571 2069 624 τὰ

494 668 802 738 τραύματα,
844 668 979 737 πρὸς
1016 668 1232 738 ἰατροὺς
1262 667 1662 734 ἀπενέγκωσιν,
1702 667 1790 719 καὶ
1828 665 1903 736 μὴ
1934 662 2073 734 μετὰ

495 759 656 830 ιῖρύξιν
684 761 775 812 καὶ
823 761 1109 830 νέκρωσιν.
1143 757 1398 811 Δοκοῦσιν
1428 758 1535 827 γὰρ
1581 756 1649 810 τὰ
1671 756 1781 810 τῶν
1834 757 2073 825 τραυμά-

494 870 602 905 των
630 852 959 923 θερμότερα,
991 851 1237 921 καὶπρὸς
1271 851 1414 904 ἴασιν
1440 851 1780 920 ἑτοιμότερα.
1815 850 1909 902 καὶ
1936 850 2069 918 μήτε

495 943 747 996 τοσοῦτον
782 944 985 1012 ἰατροῖς
1023 941 1281 1012 παρέχειν
1311 941 1402 993 τὸν
1452 940 1717 1004 κάματον,
1770 940 1907 1009 μήτε
1966 938 2073 1008 μὴν

497 1032 659 1100 ἄλγος
690 1032 939 1101 ἐμποιεῖν
988 1030 1242 1083 τοσοῦτον
1291 1032 1403 1093 τοῖς
1461 1031 1782 1099 πάσχουσιν,
1827 1029 1950 1080 ὅσον
2007 1028 2074 1079 τὰ

501 1124 636 1194 μετά
681 1123 874 1194 πλῆξιν
919 1123 1239 1192 ψυχούμενα
1294 1123 1386 1174 καὶ
1436 1122 1768 1192 βραδύνοντα
1816 1119 2073 1185 δέξασθαι

497 1216 803 1285 φάρμακον
828 1210 891 1266 Ἥ
919 1212 975 1266 δὲ
1006 1214 1102 1282 τὴν
1142 1213 1381 1284 ἐκκοπὴν
1425 1214 1526 1282 τῆς
1574 1214 1653 1277 είς
1706 1212 1834 1276 τοὺς
1889 1212 2077 1279 ἁγίους

497 1307 754 1375 ἀφίξεως,
788 1304 1038 1376 δαίμονος
1071 1305 1232 1375 ἔργον
1263 1301 1402 1358 είναι
1462 1307 1728 1374 νοήσασα,
1771 1303 1934 1357 πάλιν
1984 1320 2072 1355 νο-

500 1399 644 1448 στεῖν
676 1398 775 1448 οὐκ
801 1395 1084 1465 ἠνέσχετο,
1124 1394 1230 1465 πρδ
1259 1397 1358 1464 τῆς
1379 1393 1471 1447 τοῦ
1505 1395 1670 1447 πόθου
1716 1392 2072 1465 πληρώσεως.

500 1487 669 1540 Πάλιν
692 1483 796 1547 οὖν
816 1488 908 1539 ἐπὶ
938 1487 998 1539 τὸ
1023 1487 1216 1556 κτῆνος
1242 1489 1409 1555 αὐτὴν
1444 1486 1583 1556 μετὰ
1608 1480 1926 1555 δυσχερείας
1959 1485 2080 1538 πολ-

501 1580 600 1648 λῆς
626 1578 1037 1645 ἀνενέγκαντες,
1100 1578 1376 1648 ἔμπροσθέ
1425 1594 1481 1631 τε
1531 1579 1625 1631 καὶ⁵
1673 1573 1884 1638 ὄπισθε,
1942 1576 2082 1647 μετὰ

504 1669 705 1740 πολλῆς
736 1671 1033 1739 ἀσφαλείας
1067 1671 1411 1741 κατέχοντες.
1442 1670 1525 1722 διὰ
1549 1670 1608 1722 τὸ
1656 1668 1939 1730 παντελῶς
1988 1668 2083 1720 αύ-

2173 484 2314 536 enim
2342 491 2460 536 erat
2486 496 2596 552 prm
2623 495 2820 551 magno
2850 481 3053 548 impetu
3074 470 3280 540 'casus,
3327 482 3381 529 et
3415 476 3596 531 omnia
3623 493 3746 532 ossa

2173 572 2291 641 ejus
2331 574 2546 626 fuerant
2589 571 2884 632 dissoluta,
2919 570 2973 622 in
3000 569 3220 623 civitate
3269 568 3362 637 qui
3410 568 3574 620 simut
3623 568 3748 621 ade-

2175 670 2296 715 rant
2353 662 2614 733 repedare
2665 661 2937 723 volebant,
2992 672 3048 714 ιιι
3079 661 3205 714 dum
3236 659 3432 723 calida,
3472 657 3751 728 inquiunt,

2175 752 2338 806 habet
2364 751 2543 807 adlmc
2572 752 2821 817 vulnera,
2849 751 2913 805 ad
2944 750 3184 805 m‘edicos
3226 750 3521 813 referatur,
3548 761 3595 802 et
3643 765 3751 803 non

2178 853 2299 913 post
2323 843 2758 912 congelationem
2810 852 2864 896 et
2920 842 3437 908 mortificationem;
3495 842 3751 896 ridentur

2174 934 2317 988 enim
2345 933 2606 988 calidiora
2634 934 2876 996 vulnera,
2911 944 2961 989 et
2991 933 3055 988 ad
3092 933 3396 987 sanandum
3428 934 3598 1005 magis
3631 949 3755 989 esse

2180 1027 2386 1091 fat-ilia,
2420 1034 2473 1081 et
2512 1026 2742 1081 nudicis
2767 1037 2873 1080 tam
2907 1042 3163 1095 magnum
3194 1042 3303 1080 non
3326 1037 3587 1097 prtestare
3612 1027 3756 1081 labo-

2179 1130 2519 1187 rennueqtte
2548 1128 2760 1172 tantum
2804 1120 2889 1174 Itis
2914 1121 3004 1189 qui
3043 1119 3324 1189 pat-iuutur
3366 1118 3571 1175 inferre
3600 1119 3756 1174 doio~

2178 1226 2316 1276 rem,
2350 1220 2614 1280 quantum
2655 1227 2774 1280 quae
2807 1221 2926 1281 post
2974 1212 3382 1282 percussionem
3431 1213 3755 1282 frigescunt,

2179 1310 2234 1354 et
2268 1303 2561 1356 admittunt
2613 1303 2766 1357 tarde
2817 1302 3075 1357 remedia.
3123 1303 3256 1368 Qine
3309 1303 3757 1374 impedimentum

2181 1393 2541 1467 profectionis
2565 1395 2629 1447 ad
2651 1404 2876 1450 sanctos
2899 1395 3143 1467 agendae,
3180 1396 3446 1450 daemonis
3472 1411 3596 1451 esse
3621 1411 3759 1467 opus

2183 1466 2513 1552 intelligens,
2558 1484 2736 1536 redire
2770 1466 3092 1539 nullatenus
3124 1483 3432 1553 patiebatur
3458 1492 3584 1539 ante
3610 1466 3758 1539 desi-

2181 1572 2392 1626 derium
2419 1573 2794 1642 adimpletum.
2830 1573 3039 1629 Rursus
3062 1589 3191 1645 ergo
3215 1590 3335 1630 eam
3359 1588 3521 1645 snpra
3545 1575 3763 1644 jumen-

2184 1675 2298 1720 tum
2336 1681 2459 1718 cum
2487 1668 2653 1718 umlta
2687 1666 3003 1722 difﬁcultate
3044 1668 3407 1737 imponentes,
3440 1678 3676 1738 autequc
3701 1683 3764 1721 ac

503 1761 604 1830 τὴν
643 1761 894 1829 κατέχειν
926 1759 1125 1831 ἑαυτήν
1156 1760 1241 1812 ἐπ’
1286 1760 1467 1829 ἀλόγῳ
1519 1759 1594 1829 μὴ
1631 1757 1914 1819 δύνασθαι,
1982 1759 2080 1809 σὺν

2192 1770 2334 1813 retro
2369 1774 2490 1811 cum
2525 1760 2729 1828 ingenti
2756 1760 2969 1814 cautela
3003 1760 3325 1826 retinentes,
3358 1774 3425 1815 eo
3455 1761 3601 1830 quod
3631 1774 3764 1815 con-

504 1850 732 1919 κινδύνῳ
768 1849 949 1922 πολλῷ
986 1852 1119 1917 πρὸ(⁵
1180 1851 1296 1912 ὀὺς
1357 1851 1640 1921 μάρτυρας
1689 1850 1915 1919 ἤγαγον.
1978 1848 2084 1901 Καὶ

507 1942 959 2012 προσευξαμένην
988 1941 1179 2010 αυτὴν,
1207 1946 1294 1995 καὶ
1319 1943 1418 2012 τὴν
1449 1943 1627 1995 αὐτῶν
1660 1943 1815 2012 σορον
1834 1957 2082 2011 προσκυ-

508 2034 771 2103 νήσασαν,
797 2033 888 2086 ἐπὶ
917 2032 976 2086 τὸ
1000 2033 1135 2087 ἄστυ
1172 2033 1336 2086 πάλιν
1367 2036 1713 2105 εἰσήνεγκαν,
1745 2034 2087 2103 παραμένειν

506 2121 585 2190 τῷ
616 2122 719 2194 νεῷ
756 2123 916 2194 μέχρι
957 2122 1175 2194 ῥώσεως
1220 2126 1282 2177 ού
1335 2124 1663 2195 θελήσασαν,
1735 2125 1871 2178 ἀλλὰ
1930 2122 2088 2176 τοῦτο

450 2224 466 2249 '
509 2217 644 2287 πρὸς
673 2216 796 2278 τοὺς
825 2216 1012 2279 ἁγίους
1048 2216 1371 2270 ἀστειότατα
1399 2216 1632 2281 λέξισαν
1655 2234 1669 2248 ⁸

583 2383 777 2438 Πολλοὶ
806 2373 927 2456 μὲν,
959 2379 1003 2439 ὦ
1053 2386 1305 2456 Χριστοῦ.
1329 2388 1566 2457 μιμηταὶ
1610 2389 1706 2440 καὶ
1760 2387 2087 2459 θεράποντες

521 2479 819 2548 μάρτυρες,
849 2477 1133 2540 νοσοῦντες
1159 2477 1294 2549 πρὸς
1319 2479 1463 2549 ὑμᾶς
1490 2479 1901 2551 ἀφικνούμενοι,
1953 2481 2091 2549 μετὰ

519 2568 736 2640 ῥώσεως
761 2571 855 2621 καὶ
881 2569 1053 2639 χαρᾶς
1078 2568 1507 2640 ὑποστρέφουσιν
1537 2587 1550 2599 '
1582 2570 1695 2638 ἐγὼ
1719 2571 1775 2624 δὲ
1809 2569 1948 2642 μετὰ
1983 2569 2088 2641 ῥώ-

502 2678 654 2733 ισεως
684 2660 976 2725 ἐξελθοῦσα
1008 2660 1106 2730 τῆς
1160 2661 1390 2729 πόλεως,
1452 2663 1586 2733 πρὸς
1647 2663 1794 2734 ὑμᾶς
1837 2662 2087 2726 ἐλθοῦσα,

513 2750 719 2817 ταύτης
755 2749 1083 2820 ποιήσασθαι
1117 2750 1390 2818 φύλακας,
1426 2754 1564 2823 μετὰ
1608 2753 1776 2807 πόσου
1838 2752 2088 2808 κινδύνου

517 2848 610 2895 καὶ
646 2842 952 2911 νοσήματος
987 2844 1362 2914 ἐπανέρχομαι
1392 2845 1405 2897 ι
1437 2845 1545 2899 Καὶ
1567 2844 1663 2899 νῦν
1697 2847 1746 2899 εί
1779 2846 1879 2917 μὲν
1925 2846 2091 2899 ἀσθε-

518 2930 684 2984 νοῦσα
713 2933 810 3003 τῆς
842 2932 1025 2997 ἑστίας
1061 2932 1319 3003 ἐλήλυθα,
1354 2936 1665 3006 παρέμενον
1691 2936 1756 2990 ἂν
1788 2938 1982 3008 μέχρις
2028 2930 2091 2991 οὗ

513 3024 727 3078 τελείαν
750 3026 1095 3096 ἐκομισάμην
1129 3027 1224 3099 τὴν
1257 3027 1403 3081 ἴασιν
1428 3046 1440 3059 ο
1476 3029 1662 3100 ἐπειδὴ
1688 3029 1746 3082 δὲ
1773 3031 1911 3100 πρὸς
1943 3032 2090 3100 ὑμᾶς

514 3119 576 3171 ού
615 3118 822 3182 πάθους
843 3119 1005 3173 ἕνεκα
1030 3122 1122 3172 καὶ
1161 3122 1485 3191 παραμονῆς
1537 3125 1909 3194 παραγέγονα,
1968 3125 2086 3177 ἀλλ’

517 3211 682 3281 εὐχῆς
708 3213 804 3264 καὶ
832 3213 1279 3281 προσκυνήσεως,
1338 3217 1405 3285 ἢν
1451 3217 1479 3269 ὁ
1519 3217 1809 3286 μισόκαλος
1849 3217 2090 3271 κωλῦσαι

469 3298 481 3308 ’
519 3302 835 3371 τεθέληκεν,
864 3303 977 3355 ἀλλ’
1014 3304 1112 3356 οὐκ
1136 3305 1379 3375 ἴσχυσεν,
1406 3308 1505 3377 τὴν
1534 3307 1689 3378 ὑμῶν
1718 3308 1897 3379 εὑρὼν
1927 3309 2090 3373 συζυ-

518 3392 645 3459 γίαν
676 3394 970 3448 ἀντίπαλον
998 3436 1012 3462 ,
1049 3395 1254 3467 ταύτην
1301 3397 1377 3460 ὡς
1437 3397 1749 3468 ἠόουλόμην
1801 3399 2089 3462 τελέσασα,

519 3484 681 3539 πάλιν
712 3486 894 3540 οἴκαδε
944 3488 1270 3559 πορεύομαι,
1325 3491 1426 3543 οὐκ
1478 3490 1668 3553 ἄλλους
1724 3492 1941 3561 ἰατροὺς
1998 3492 2091 3544 τοῦ

519 3574 655 3647 ἑμοῦ
689 3578 1036 3648 ποιησαμένη
1070 3580 1403 3648 νοσήματος,
1441 3578 1554 3631 ἀλλ’
1585 3581 1729 3648 ὑμᾶς
1752 3581 1925 3633 ἐλθεῖν
1954 3583 2094 3633 ἐκεῖ·

519 3683 579 3718 σε
605 3668 1009 3739 προτρέπουσα,
1041 3670 1135 3723 καὶ
1165 3670 1261 3740 τὴν
1287 3669 1438 3739 ὑμῶν
1460 3670 1681 3742 ἀρωγὴν
1720 3673 2089 3742 ἀναμένουσα,

522 3759 586 3810 ἵν’
614 3757 803 3829 ὥσπερ
840 3762 1162 3832 ἐρρωμένην
1202 3777 1270 3831 με
1295 3762 1392 3832 τῆς
1424 3763 1609 3825 ἑστίας
1660 3763 1944 3832 εἰλήφατε,
2005 3763 2098 3817 οὓ-

519 3868 625 3913 τως
659 3852 840 3903 ἐκεῖσε
870 3854 1201 3923 γιγνομένην
1241 3853 1486 3929 ίάσηοθε.
1516 3853 1699 3906 Ταῦτα
1746 3854 1877 3925 πρὸς
1914 3855 2094 3925 Κῦρον

522 3944 616 3994 καὶ
658 3941 911 4013 Ἰωάννην
949 3945 1072 4006 τοὺς
1122 3944 1408 4015 μάρτυρας
1464 3946 1708 4014 φήσασα,
1752 3947 1841 3998 τὸν
1888 3947 2094 4000 τούτων

521 4033 657 4085 νεὼν
687 4034 1071 4099 καταλέλοιπε,
1109 4037 1201 4088 καὶ
1236 4036 1332 4087 σὺν
1364 4036 1548 4104 πολλῷ
1579 4037 1678 4105 τὴν
1707 4037 1861 4089 πόλιν
1917 4038 2095 4089 κινδύ-

520 4139 596 4192 νῳ
632 4123 975 4192 κατείληφεν,
1013 4123 1350 4187 ὰδιστὰκτως
1399 4124 1728 4178 πιστεύουσα
1759 4125 1834 4188 ὼς
1878 4127 2095 4190 πάντως

521 4212 765 4275 ἐλθόντες
806 4215 854 4266 οῑ
885 4213 1053 4281 ἅγιοι,
1086 4219 1210 4268 κατ’
1239 4211 1387 4269 οἷκον
1415 4216 1589 4286 αὐτὴν
1636 4215 2051 4286 θεραπεύσωσιν
2080 4237 2090 4248 ·

518 4304 544 4355 ὃ
579 4307 673 4356 καὶ
716 4304 1029 4373 γεγένηται.

592 4395 809 4464 Κυροῦν
840 4397 951 4467 γὰρ
975 4397 1074 4467 τὴν
1105 4397 1288 4451 πίστιν
1313 4399 1421 4452 τῶν
1453 4402 1533 4464 εἰς
1576 4403 1774 4465 αὐτοὺς
1809 4403 2093 4469 πιστευὸν-
2128 4422 2170 4475 ι)

518 4503 626 4539 των
662 4487 1075 4553 σπουδάζουσιν,
1103 4489 1250 4559 ἔργῳ
1278 4490 1516 4561 δρῶντες
1548 4493 1697 4564 ἅπερ
1758 4495 1956 4546 ἐκεῖνοι
2012 4512 2097 4546 πι-

522 4582 824 4643 στεύουσιν,
854 4584 947 4635 καὶ
979 4584 1330 4655 πιστοτέρους
1356 4587 1554 4650 αὐτοὺς
1603 4588 1703 4656 τῆς
1741 4588 1850 4641 τῶν
1875 4605 2099 4641 πιστευ-

520 4673 720 4727 θέντων
758 4659 964 4744 δωρεᾶς
1006 4678 1385 4748 ἐργαζόμενοι.
1453 4681 1587 4733 Κατ’
1620 4680 1789 4751 αὐτὴν
1834 4686 1946 4753 γὰρ
1999 4682 2099 4754 τὴν

521 4764 690 4816 νύκτα
718 4765 992 4834 σχήμασιν
1023 4768 1224 4834 ἰατρῶν
1264 4770 1604 4839 ἀφικόμενοι,
1655 4772 1705 4825 τί
1737 4773 1803 4825 ἂν
1828 4774 1963 4843 ἔχοι,
1998 4776 2096 4844 τὴν

523 4855 836 4926 Κοσμιαυὴν
913 4857 1280 4917 καθεύδουσαν
1355 4862 1747 4931 ήροντο.⁹ηδὲ
1799 4865 1860 4917 τὸ
1927 4866 2096 4928 πάθος

519 4945 852 5013 ἀπήγγελλε,
888 4947 981 4999 καὶ
1016 4953 1126 5009 τοῖς
1167 4948 1364 5013 ἁγίοις,
1396 4952 1585 5019 φησὶν,
1626 4954 1999 5023 ἐπεμέμφετο,
2022 4955 2097 5018 ὡς

519 5039 628 5099 τοῖς
669 5037 768 5105 μὲν
798 5037 979 5101 ἄλλης
1002 5039 1253 5091 ἀσθενέσι
1284 5043 1382 5110 τὴν
1408 5043 1576 5111 ρὡιν
1611 5045 1967 5114 παρέχουσιν,
2000 5049 2093 5100 αύ-

517 5129 618 5199 τὴν
650 5128 708 5181 δὲ
770 5131 937 5199 μόνην
977 5133 1301 5202 ἐρρωμένην
1358 5137 1735 5205 συντρίψασιν.
1795 5140 2096 5205 Μειδιάσας

518 5218 575 5272 δὲ
609 5221 638 5271 ὁ
688 5219 903 5290 τὴν·τοῦ
937 5223 1357 5293 καθηγουμένου
1409 5229 1567 5293 τάξιν
1594 5230 1690 5282 xit
1721 5231 1781 5283 τὸ
1818 5232 2093 5287 ,διδασκα-

517 5309 671 5363 λικὸν
704 5311 897 5379 φανεὶς
930 5312 1142 5381 ἐπέχων
1171 5315 1409 5384 ἀξίωμα,
1443 5316 1519 5388 τῷ
1555 5321 1891 5391 μαθητιῶντι
1926 5339 2094 5393 προσ-

518 5401 677 5465 έταξε
703 5419 717 5433 ’
758 5403 1020 5473 Πάρελθε,
1054 5405 1239 5472 φησὶν,
1272 5409 1365 5459 καὶ
1397 5409 1591 5462 θᾶττον
1620 5412 1789 5483 αὐτὴν
1829 5417 1928 5485 τῆς
1950 5415 2091 5485 πλη-

517 5496 619 5565 γῆς
643 5494 1027 5564 ὲλευθέρωσον.
1068 5494 1128 5548 ’0
1152 5498 1209 5549 δὲ
1241 5499 1461 5570 πληρῶν
1512 5503 1570 5555 τὸ
1608 5505 1908 5575 ἐπίταγμα,
1972 5509 2093 5581 δρο-

518 5588 677 5654 μαῖος
713 5586 881 5639 ἐλθὼν
910 5586 1006 5658 τὴν
1057 5593 1281 5655 σιαγόνα
1335 5596 1560 5663 πλήττει
1619 5598 1945 5668 ραπίσματι,
2001 5604 2092 5655 καὶ

523 5678 626 5744 τήν
648 5677 958 5748 ἐλευθερίαν
989 5683 1052 5751 τῇ
1086 5676 1313 5753 νοσούσῃ
1339 5686 1642 5755 χαρίζεται.
1689 5690 1750 5742 Ἣ
1776 5690 1830 5741 δὲ
1865 5696 1927 5762 τῇ
1960 5693 2092 5766 πλη-

2189 1848 2362 1902 tinere
2395 1864 2454 1903 se
2481 1850 2651 1918 ipsam
2688 1865 2849 1920 supra
2892 1850 3203 1916 jumentum
3238 1851 3391 1907 nullo
3441 1852 3602 1906 modo
3638 1867 3765 1922 pos-

2190 1948 2294 2002 set,
2330 1953 2453 1992 cmn
2497 1939 2668 1992 multo
2702 1940 2947 2006 periculo
2979 1934 3060 1993 ad'
3093 1947 3361 2010 martyres
3392 1940 3765 1997 adduxerunt.

2192 2032 2256 2086 Et
2282 2048 2406 2085 cum
2443 2040 2678 2093 orasset,
2721 2046 3023 2102 eorumque
3059 2033 3330 2087 tumulum
3362 2034 3674 2099 adorasset,
3711 2039 3766 2093 in

2193 2124 2381 2177 urbem
2443 2123 2584 2177 hanc
2652 2123 2847 2177 itermn
2908 2121 3286 2188 introducunt,
3351 2139 3671 2194 permanere
3708 2127 3766 2182 in

2191 2210 2393 2283 templo
2415 2227 2590 2282 ustlue
2617 2215 2681 2264 ad
2728 2213 3165 2268 incolumitatem
3198 2215 3496 2279 nolentem.
3529 2217 3625 2272 scd
3665 2218 3766 2275 hoc

2193 2304 2257 2357 ad
2297 2313 2518 2359 sanctos
2551 2303 2759 2358 urbane
2787 2304 3058 2359 dicentem
3107 2322 3120 2358 :

2264 2396 2418 2451 Multi
2475 2398 2717 2468 quidem,
2772 2413 2803 2452 ο
2847 2399 3055 2455 Christi
3086 2402 3431 2458 mmulatores
3470 2411 3525 2458 et
3578 2403 3766 2468 famuli

2193 2489 2368 2544 sancti
2403 2498 2690 2561 martyres,
2714 2492 2902 2560 aegroti
2935 2491 3000 2545 ad
3028 2508 3122 2546 vos
3162 2492 3463 2557 venientes,
3509 2509 3634 2548 cum
3680 2511 3767 2550 so-

2193 2580 2408 2650 spitatis
2429 2580 2628 2650 gaudio
2647 2590 3026 2647 revertuntur;
3057 2596 3156 2652 ego
3189 2591 3368 2637 autem
3398 2600 3519 2654 quin
3541 2586 3607 2638 de.
3635 2587 3772 2641 civi-

2195 2681 2305 2729 tate
2336 2691 2459 2728 cum
2492 2675 2867 2730 incolumitate
2891 2691 3111 2746 egressa
3146 2693 3289 2742 sum,
3317 2688 3369 2733 et
3397 2684 3463 2733 ad
3494 2696 3590 2735 vos
3622 2684 3766 2741 veni.

2196 2765 2362 2834 hujus
2410 2781 2508 2821 vos
2546 2766 2757 2819 factura
2789 2768 3066 2830 custodes,
3106 2785 3230 2822 cum
3267 2781 3475 2841 quanto
3524 2775 3770 2843 periculo

2195 2868 2243 2908 et
2279 2856 2538 2927 languore
2576 2859 2855 2911 revertor!
2894 2858 2953 2910 Et
2983 2874 3129 2914 nunc
3155 2862 3200 2914 si
3237 2862 3450 2916 iulirma
3488 2865 3709 2935 quidem
3740 2886 3768 2920 a

2195 2947 2358 3002 domo
2407 2947 2646 3017 profecta
2701 2946 2950 3013 fuissem,
2995 2965 3404 3020 perseverarem
3446 2954 3634 3025 utique
3662 2972 3771 3025 quo

2198 3055 2370 3105 usque
2396 3041 2690 3109 perfectam
2723 3040 3019 3110 reciperem
3043 3044 3359 3110 sanitatem;
3392 3046 3516 3114 quia
3553 3063 3681 3102 vero
3704 3057 3769 3100 ad

2197 3149 2294 3188 vos
2329 3148 2434 3186 non
2461 3133 2736 3203 pa-sionis
2762 3141 2816 3188 et
2849 3139 3269 3204 perseverantia:
3295 3153 3462 3193 causa
3491 3141 3634 3205 veni,
3678 3144 3770 3197 sed

2194 3225 2459 3281 orationis
2476 3235 2529 3280 et
2544 3225 2901 3290 adoratiouis.
2921 3243 3083 3298 quam
3100 3245 3227 3286 osor
3244 3231 3510 3287 bonormn
3529 3236 3775 3290 inhibere

2196 3320 2385 3384 voluit,
2409 3318 2501 3373 sed
2528 3330 2632 3373 non
2652 3321 2841 3386 valuit,
2861 3330 3095 3376 vestram
3115 3323 3401 3385 inveniens
3418 3328 3776 3382 combinatiu-

2198 3426 2319 3463 nem
2364 3410 2673 3475 adversam,
2701 3412 2841 3467 hanc
2881 3413 3025 3468 sicut
3056 3415 3199 3469 volui
3235 3421 3640 3484 (-onsummavi,
3672 3420 3776 3473 do-

2197 3520 2343 3557 mum
2360 3505 2654 3575 regrediar,
2671 3520 2780 3559 non
2792 3505 2930 3560 alios
2949 3505 3189 3561 medicos
3207 3510 3308 3563 mei
3330 3508 3397 3562 fa:
3418 3518 3539 3565 tura
3556 3512 3779 3582 languo-

2198 3596 2403 3660 ris,scd
2427 3612 2526 3651 vos
2552 3597 2849 3652 exhortans
2873 3598 3081 3664 venire,
3104 3609 3157 3654 et
3187 3610 3427 3655 vestrum
3454 3604 3776 3672 praestolans

2198 3688 2552 3758 adjutorium,
2598 3696 2868 3759 quatenus
2901 3692 3043 3745 sicut
3082 3707 3167 3747 me
3196 3708 3224 3745 a
3272 3693 3436 3748 domo
3484 3695 3776 3763 accepistis

2200 3782 2549 3845 incolumem,
2585 3784 2657 3835 ita
2710 3782 2842 3836 illuc
2874 3794 3248 3838 remanentem
3305 3786 3531 3840 sanctis.
3573 3785 3667 3839 llis
3708 3788 3774 3840 ad

2197 3873 2399 3943 Cyrum
2441 3882 2492 3927 et
2533 3872 2800 3929 Joannem
2839 3885 3112 3947 martyres
3145 3875 3329 3939 dictis,
3362 3878 3639 3931 basilicam
3677 3880 3774 3930 lo-

2202 3979 2320 4015 rum
2363 3965 2632 4028 deseruit,
2689 3972 2744 4018 et
2781 3980 2905 4018 cum
2956 3967 3133 4020 multo
3162 3967 3230 4021 ad
3271 3967 3546 4022 civitatem
3582 3970 3780 4024 discri-

2200 4055 2351 4107 mine
2384 4055 2549 4119 venit,
2592 4055 2967 4111 indubitanter
3001 4061 3231 4114 credens
3280 4061 3424 4128 quod
3458 4063 3649 4114 sancti
3680 4063 3777 4115 tlo~

2201 4161 2346 4198 mum
2377 4147 2612 4211 venturi,
2647 4144 2911 4202 scforent
2933 4148 3118 4218 procul
3149 4148 3314 4203 dubio
3342 4151 3609 4213 curaturi,
3635 4154 3778 4222 quod

2198 4243 2251 4285 et
2287 4230 2484 4288 factum
2519 4245 2620 4289 est.

2273 4413 2526 4468 Stabilire
2553 4415 2754 4485 quippe
2779 4413 2937 4469 ﬁdem
2966 4414 3017 4468 in
3046 4430 3104 4471 se
3129 4416 3468 4472 credentium
3500 4427 3778 4490 satagunt,

2205 4520 2375 4575 opere
2405 4516 2654 4576 gerentes
2689 4523 2810 4576 qua:
2845 4507 2919 4561 illi
2966 4507 3221 4576 credunt,
3277 4519 3329 4565 et
3379 4510 3651 4567 fideliores
3686 4528 3780 4565 eos

2207 4594 2289 4649 his
2317 4596 2408 4664 qui
2446 4595 2794 4650 crediderant
2828 4596 3043 4669 collatis
3093 4598 3412 4656 muneribus
3466 4611 3777 4671 Operanles.

2205 4685 2403 4739 Eadem
2438 4686 2601 4755 igitur
2643 4687 2879 4741 noctein
2914 4687 3102 4742 habitu
3141 4689 3531 4744 monachorum
3562 4692 3781 4747 venien-

2205 4783 2307 4837 tes,
2356 4777 2620 4845 quidnam
2647 4776 2877 4832 baherct
2917 4778 3266 4834 Cosmianam
3297 4780 3659 4838 dormientem
3694 4784 3781 4838 in-

2202 4876 2643 4944 terrogaverunt.
2717 4871 2784 4923 At
2833 4872 2923 4925 illa
3000 4873 3311 4942 passionem
3372 4877 3664 4943 referebat,
3731 4890 3785 4935 et

2201 4972 2367 5028 super
2412 4961 2620 5014 sanctis
2655 4962 2775 5016 cceli
2824 4962 3153 5032 qut-ritabat,
3197 4965 3339 5035 quod
3389 4968 3510 5023 aliis
3562 4969 3781 5039 quidem

2202 5050 2436 5106 infirmis
2480 5053 2774 5108 sanitatem
2813 5057 3191 5123 praestiterint,
3236 5076 3297 5116 sc
3328 5078 3455 5117 γει-ο
3486 5064 3657 5117 solam
3691 5079 3776 5118 sa-

2200 5148 2325 5194 nam
2359 5143 2738 5197 coatriverint.
2775 5145 3079 5204 Subridens
3117 5159 3300 5205 autem
3345 5152 3389 5208 is
3426 5155 3516 5223 qui
3574 5169 3778 5223 praece-

2200 5234 2373 5302 ptoris
2399 5233 2645 5289 ordinem
2679 5246 2732 5290 et
2765 5236 3149 5294 didascalieam
3212 5246 3530 5303 noscebatur
3556 5249 3779 5316 dignita-

2201 5334 2307 5380 tem
2348 5327 2568 5394 habere,
2598 5328 2645 5383 ci
2681 5331 2772 5399 qui
2815 5331 3117 5402 discipulus
3146 5334 3432 5388 videbatur
3469 5351 3609 5401 essm
3645 5356 3783 5409 pne-

2200 5419 2381 5487 cepit:
2411 5420 2635 5486 Adesto,
2680 5423 2957 5491 inquiens,
2993 5434 3045 5479 et
3080 5427 3236 5482 ocius
3270 5444 3388 5482 eam
3428 5445 3458 5484 a
3490 5434 3780 5486 contritio--

2199 5511 2360 5565 nibus
2396 5512 2586 5567 libera.
2609 5513 2710 5579 Qui
2740 5505 3224 5586 cuiit‘firteceptum
3259 5521 3556 5590 imples~et,
3580 5534 3632 5577 et
3654 5542 3780 5578 cur-

2201 5618 2325 5655 rens
2354 5606 2618 5670 venisset,
2653 5608 2929 5660 maaillam
2964 5611 3195 5675 percutit
3221 5612 3394 5681 alapa,
3424 5616 3477 5668 et
3504 5616 3780 5685 languenti

2200 5696 2392 5752 trituit
2429 5697 2754 5753 libertatem,
2810 5701 2869 5751 Al
2920 5692 3009 5752 ilia
3054 5704 3161 5755 ictu
3222 5707 3445 5760 \ertitur
3491 5710 3680 5779 alap.e,
3724 5716 3776 5768 iu
