4060 6236
467 445 605 507 3537

1491 441 1596 501 SS.
1644 439 1818 500 CYRI
1844 440 1938 499 ET
1967 436 2288 500 JOANNIS
2318 441 2731 502 MIRACULA.

3580 438 3720 502 3538

471 558 716 623 ράματος
748 551 983 616 ἔκλαιεν,
1019 514 1114 607 καὶ
1143 553 1316 618 τούτῳ
1346 550 1407 603 τδ
1429 551 1649 622 εὕρημα
1697 550 1956 620 παρέχειν
2002 549 2036 617 ἡ

2156 548 2389 613 fratrem,
2422 552 2590 621 quasi
2618 550 2875 621 quiddam
2926 564 3182 618 magnum
3240 563 3400 601 manu
3443 550 3715 617 portabat.

473 648 653 716 μήτηρ
706 642 1010 707 ἐκέλευσεν,
1046 645 1132 696 ἵνα
1162 643 1254 697 τοῦ
1297 643 1619 713 μικροτέρου
1678 641 1863 702 παιδὸς
1914 641 2045 691 ἀνα-

468 736 652 808 στείλῃ
687 737 749 790 τὸ
794 736 1051 804 δάκρυον,
1117 736 1309 790 θᾶττον
1336 735 1435 807 τὴν
1482 738 1636 806 χεῖρα
1680 737 2049 804 προσενέγκας

466 829 546 900 τῷ
572 829 897 899 στόματι,τὸ
912 829 1016 882 ὠὸν
1048 828 1253 892 εὑθέως
1282 827 1573 882 καταπίνει
1593 825 1684 880 τοῦ
1712 825 1908 892 ὄφεως,
1943 841 2043 894 με·

474 919 830 991 μορφωμένον
852 918 951 989 ήδη
984 921 1076 972 καλ⁵
1097 919 1301 972 τέλειον
1329 917 1453 988 ἕχον
1485 916 1632 971 ένδον
1651 916 1710 970 τὸ
1736 917 1833 986 τῆς
1858 913 2049 968 τεκού-

472 1028 571 1081 σης
616 1010 868 1080 ὁμοίωμα
888 1025 903 1041 ο
930 1009 1024 1062 καὶ
1054 1008 1323 1079 μητρικοῦ
1358 1007 1714 1078 παρακούσας
1768 1008 2049 1076 προστάγ-

476 1118 648 1169 ματος
673 1141 689 1166 ,
736 1100 967 1155 θάνατον
1007 1099 1291 1170 παρακοῆς
1348 1098 1553 1166 ἑτρύγα
1587 1096 1681 1151 τδ-
1713 1096 1999 1168 βλάστημα
2033 1112 2047 1125 '

473 1195 521 1246 εί
550 1193 624 1262 μὴ
655 1181 837 1262 Κῦρος
865 1189 1029 1243 αὑτὸν
1051 1190 1147 1242 καὶ
1190 1189 1446 1261 Ἰωάννης
1470 1191 1518 1243 οί
1556 1191 1832 1260 μάρτυρες
1867 1188 1930 1241 τὸ
1961 1188 2048 1241 θα-

472 1282 775 1353 νατηφόρον
813 1280 1035 1334 ἐκδῦναι
1067 1281 1372 1351 πεποίηκαν
1403 1282 1618 1333 δίκτυον
1647 1298 1660 1310 ·
1694 1277 1814 1333 εἶτα
1839 1282 1899 1332 τὸ
1937 1279 2048 1333 λοι-

473 1374 574 1427 πὸν
605 1374 704 1443 τῆς
732 1374 962 1445 πορείας
1008 1372 1324 1437 ἀνύσαντες,
1366 1375 1446 1436 είς
1493 1372 1552 1427 τὸ
1603 1372 1827 1444 τέμενος
1869 1371 2053 1440 γίνον-

416 1494 423 1505 λ
472 1482 586 1519 ται.

552 1557 642 1620 Ὠς
679 1556 736 1609 δὲ
761 1556 920 1611 τοῦτο
962 1555 1280 1623 κατέλαϐον,
1307 1557 1400 1610 καὶ
1447 1556 1545 1619 τὰς
1576 1556 1886 1626 προσευχὰς
1934 1555 2053 1624 Θεῷ

475 1665 533 1700 τε
564 1649 967 1720 προσήνεγκαν,
1000 1649 1093 1701 καὶ
1120 1648 1212 1701 τὸν
1241 1649 1348 1702 τῶν
1381 1648 1551 1717 ἁγίων
1573 1649 1745 1717 τάφον
1777 1650 2054 1716 ἠσπάσαν-

476 1755 557 1804 το,
600 1741 715 1809 μετ’
743 1740 804 1791 οὐ
834 1739 967 1792 πολὺ
1006 1741 1105 1810 τῆς
1136 1739 1581 1810 προσκυνήσεως,
1630 1740 1699 1792 τὰ
1761 1739 2053 1807 σπλάγχνα

2153 638 2213 692 Et
2245 643 2502 708 quoniam
2536 641 2705 695 frater
2750 641 3003 710 captione
3041 640 3337 693 frustratus
3381 639 3647 707 plorabat,
3672 651 3724 696 et

2153 730 2276 784 huic
2318 731 2686 786 inventionem
2710 742 2967 802 praestare
2996 739 3170 784 mater
3198 730 3438 798 iubebat,
3469 741 3524 786 ut
3552 733 3733 789 mino-
3834 756 3841 763 ο

2150 817 2228 871 ris
2276 817 2369 871 filii
2412 818 2681 888 lacrymas
2712 826 3047 881 removeret;
3082 816 3247 872 citius
3282 831 3504 871 manum
3550 820 3726 888 appli-

2149 920 2284 963 cans
2309 909 2414 970 ori,
2456 922 2616 963 ovum
2651 908 2835 964 statim
2879 908 3138 963 absorbet
3173 907 3468 977 serpentis,
3524 906 3728 962 forma-

2151 1008 2259 1053 tam
2284 999 2395 1068 jam
2429 1010 2481 1053 et
2507 998 2804 1069 perfectam
2855 998 3065 1054 habens
3105 998 3255 1051 intus
3283 997 3553 1067 parientis
3575 998 3727 1053 simi-

2152 1090 2462 1144 litudinem.
2498 1090 2560 1143 Et
2587 1096 2892 1143 maternum
2918 1096 3345 1160 praetergressus
3372 1097 3723 1160 praeceptum,

2152 1192 2382 1236 mortem
2443 1181 2826 1238 inohedientia!
2868 1196 2966 1251 per
3024 1181 3213 1238 fastum
3258 1189 3556 1252 captasset,
3619 1183 3725 1236 nisi

2152 1270 2330 1345 Cyrus
2378 1287 2503 1327 eum
2568 1283 2731 1342 atque
2783 1270 3026 1329 Joannes
3066 1280 3336 1343 martyres
3385 1274 3726 1328 mortiferum

2152 1363 2384 1420 evadere
2417 1372 2530 1418 rete
2561 1365 2844 1420 fecissent.
2879 1362 3085 1419 Deinde
3117 1362 3335 1420 residuo
3367 1366 3726 1433 v'iieperacto.

2155 1457 2227 1511 ad
2256 1456 2541 1511 basilicam
2574 1457 2837 1511 veniunt.

2221 1546 2468 1617 Cumque
2502 1546 2570 1601 ad
2605 1546 2746 1602 hanc
2773 1548 3173 1616 pervenissent,
3203 1547 3422 1617 Deoque
3453 1549 3729 1602 oratiOnes

2152 1639 2504 1701 obtulissent,
2550 1653 2656 1692 non
2705 1638 2935 1693 multum
2991 1647 3115 1708 post
3153 1639 3460 1693 orationem
3516 1639 3727 1695 viscera

2153 1732 2337 1786 dolere
2387 1730 2690 1785 Callinicus
2726 1730 2914 1799 cmpit,
2945 1744 3070 1784 cum
3109 1729 3223 1798 jam
3260 1744 3423 1784 ovum
3457 1729 3511 1784 in
3569 1730 3730 1800 ltttjtts

480 1832 662 1884 πονεῖν
689 1834 716 1884 ὁ
739 1831 1061 1894 Καλλίνικος
1089 1831 1316 1903 ἤρξατο,
1351 1832 1693 1901 ἀνοιχθέντος
1720 1833 1778 1883 ὲν
1808 1822 1883 1901 ’τῇ
1913 1830 2053 1883 τού-

2157 1829 2344 1877 ventre
2361 1830 2607 1892 apertum
2636 1830 2802 1885 esset,
2826 1828 2880 1875 et
2907 1821 3227 1877 thesaurum
3258 1822 3407 1877 illum
3432 1825 3726 1892 pessimum

478 1938 567 1975 του
602 1923 801 1993 γαστρὶ
840 1925 932 1977 τοῦ
964 1924 1095 1987 ὼοῦ,
1128 1927 1221 1978 καὶ
1254 1925 1345 1978 τὸν
1376 1926 1636 1978 κάκιστον
1682 1926 1890 1977 ἐκεῖνον
1950 1923 2049 1994 θη-

2156 1910 2506 1967 evomuisset.
2542 1910 2607 1964 Et
2647 1909 2867 1979 quidem
2903 1909 3056 1964 initia
3102 1910 3355 1967 dolorum
3403 1911 3729 1967 tortionibus

482 2015 677 2084 σαυρὸν
738 2015 1118 2084 ὲξεμέσαντος.
1173 2017 1284 2069 Καὶ
1315 2017 1570 2086 στρόφοις
1614 2014 1714 2083 μὲν
1781 2016 1839 2069 αἱ
1876 2015 2045 2086 ἀρχαὶ

478 2106 587 2158 τῶν
664 2107 971 2176 ἀλγηδόνων
1041 2108 1304 2180 ὲῴ-κεισαν
1333 2124 1346 2138 ’
1395 2111 1517 2173 ταῖς
1581 2108 1634 2162 δὲ
1686 2109 1828 2164 κατὰ
1889 2109 2053 2182 μέρος

384 2244 395 2253 _
481 2193 772 2262 αὑξῇσεσιν
802 2197 912 2249 τῶν
941 2200 1039 2268 μὲν
1078 2200 1323 2270 στρόφων
1365 2199 1706 2272 παρῃτοῦντο
1752 2200 1810 2254 τὸ
1850 2200 2059 2273 γνώρι-’

484 2282 616 2353 αμα,
647 2287 757 2348 τοῖς
793 2287 849 2341 δὲ
874 2286 1144 2358 δαιμόνων
1171 2288 1467 2359 ὼμοιοῦντο
1490 2290 1873 2361 στρεϐλώσεσι.
1892 2293 2053 2363 ’Ἄρτι

479 2375 591 2445 γὰρ
629 2376 724 2428 τοῦ
759 2378 1102 2450 περιέχοντος
1130 2380 1542 2451 ὀστρακοειδοῦς
1566 2381 1759 2453 ὑμένος
1806 2383 2053 2452 έκκύψαν

480 2465 542 2517 τὸ
573 2466 923 2538 παγχάλεπον
942 2470 1214 2541 γέννημα,
1244 2471 1339 2524 καὶ
1367 2472 1442 2544 μὴ
1470 2473 1753 2544 παροῦσαν
1801 2474 2054 2545 εὑρίσκον

481 2555 580 2627 τὴν
613 2558 882 2626 φύσασαν,
909 2561 1045 2630 πρὸς
1072 2561 1168 2631 τὴν
1215 2561 1418 2633 ταύτης
1443 2558 1601 2633 εἷρπε
1630 2563 1809 2636 κακὴν
1850 2564 2053 2635 ἀναζή-

483 2662 662 2715 τησιν,
710 2649 804 2703 καὶ
833 2651 961 2721 τῇδε
992 2652 1219 2704 κάκεῖσε
1245 2652 1342 2705 τοῦ
1397 2653 1590 2718 παιδὸς
1635 2655 1703 2707 τὰ
1765 2655 2051 2726 σπλάγχνα

480 2733 653 2787 διέθεε
679 2746 707 2763 ”
735 2736 876 2805 τάχα
916 2739 973 2791 δὲ
1001 2740 1095 2792 καὶ
1124 2740 1424 2806 διέδακνεν,
1455 2744 1637 2815 εὑρεῖν
1659 2745 1716 2796 έν
1742 2744 1924 2807 αὐτοῖς
1951 2747 2052 2815 τὴν

480 2824 679 2895 τροφὸν
715 2827 776 2879 ού
809 2827 1124 2898 δυνάμενον.
1167 2830 1328 2885 Ὅθεν
1374 2833 1442 2886 τὰ
1486 2833 1679 2905 πρῶτα
1722 2836 1819 2903 μὲν
1844 2835 2050 2900 ἔκλαιε,

482 2913 772 2983 προϐαῖνον
797 2915 853 2970 δὲ
885 2918 1095 2988 μείζοσι
1123 2926 1390 2992 κραυγαῖς
1421 2919 1549 2994 ηῦξε
1605 2925 1665 2977 τὸ
1685 2925 1918 2995 δάκρυον
1943 2943 1955 2957 ·
1977 2928 2052 2993 ὡς

478 3004 537 3059 δὲ
568 3005 856 3076 βαστάζειν
885 3009 1047 3065 πλέον
1070 3012 1164 3067 τοῦ
1203 3013 1377 3083 ὄφεως
1407 3017 1506 3080 τὰς
1535 3017 1691 3080 ἀνίας
1711 3020 1810 3073 οὑκ
1840 3020 2046 3090 ἴσχυσε,

483 3094 664 3149 πεσὼν
699 3099 780 3161 είς
822 3098 928 3169 γῆν
991 3100 1258 3167 ἐκυλίετο,
1312 3105 1705 3177 ὲσπαράττετο,
1757 3110 2050 3174 πολυειδῶς

2153 2010 2311 2059 erant
2341 2001 2514 2073 paria,
2543 2017 2666 2071 qua:
2691 2001 2744 2056 in
2780 2002 3134 2059 incrementis
3177 2005 3373 2074 partim
3413 2006 3727 2061 earumdem

2152 2094 2451 2152 tortionum
2502 2092 2845 2163 denegabant
2878 2095 3151 2159 notitiam,
3204 2096 3403 2164 partim
3448 2111 3581 2151 vero
3621 2096 3730 2150 dae-

2153 2200 2369 2243 monum
2402 2185 2734 2242 tortionibus
2757 2190 2915 2238 erant
2947 2184 3169 2238 similia.
3212 2185 3347 2239 Cum
3381 2188 3527 2239 enim
3561 2195 3730 2240 testa-

2153 2296 2264 2336 ceae
2304 2280 2491 2335 forma
2521 2280 2841 2335 membrana
2879 2279 3315 2336 eircumdaretur
3348 2282 3590 2351 prorupit
3626 2296 3728 2335 sae-

2153 2373 2436 2427 vissimum
2478 2372 2751 2442 genimen,
2794 2382 2851 2428 et
2900 2382 3226 2443 praesentem
3280 2388 3389 2428 non
3445 2374 3729 2428 inveniens

2152 2471 2403 2526 matrem,
2433 2463 2499 2516 ad
2530 2464 2695 2534 hujus
2737 2464 2932 2520 malam
2964 2464 3261 2536 repedabat
3289 2465 3725 2535 inquisitionem,

2151 2563 2208 2609 et
2242 2555 2347 2611 hac
2369 2554 2606 2625 illacque
2631 2555 2846 2612 viscera
2883 2557 3033 2627 pueri
3063 2557 3388 2628 peragrabat
3417 2556 3643 2611 forsitan
3676 2563 3731 2610 et

2153 2646 2458 2711 mordebat,
2493 2647 2742 2704 invenire
2796 2648 2851 2703 in
2891 2648 2999 2704 illis
3050 2650 3316 2704 nutricem
3367 2666 3475 2705 non
3508 2650 3727 2711 valens;

2154 2742 2294 2794 unde
2320 2754 2455 2810 puer
2474 2738 2661 2796 dolore
2690 2754 2936 2810 pressus,
2972 2742 3027 2795 in
3062 2741 3375 2811 primordiis
3402 2740 3616 2807 quidem
3646 2741 3731 2795 ile-

2152 2833 2266 2895 bat,
2304 2832 2627 2902 procedente
2667 2846 2799 2886 vero
2832 2843 3078 2904 tempore
3124 2835 3426 2901 majoribus
3460 2834 3730 2903 lacrymas

2152 2926 2385 2996 augebat
2423 2924 2781 2981 clamoribus.
2822 2923 2994 2979 Porro
3049 2940 3170 2980 eum
3223 2933 3443 2994 portare
3491 2922 3731 2992 amplius

2152 3018 2419 3088 serpentis
2448 3018 2730 3073 cruciatus
2762 3033 2867 3071 non
2901 3028 3104 3087 posset,
3157 3017 3360 3072 cadens
3394 3018 3467 3077 ein
3522 3024 3724 3071 terram

2155 3109 2529 3172 volutabatur,
2561 3108 2999 3179 discerpehatur,
3029 3109 3442 3163 multiformiter
3472 3109 3733 3164 membris

481 3188 590 3295 eo};
623 3186 839 3256 μέλεσιν
869 3190 1202 3258 ἐτυλίσσετο,
1233 3194 1308 3258 ὡς
1339 3195 1474 3267 μηδὲ
1525 3200 1707 3267 φωνὴν
1742 3200 1902 3252 αὑτὸν
1954 3203 2046 3254 έκ-

2156 3203 2552 3266 involveliatur,
2585 3202 2658 3256 ita
2687 3210 2746 3256 ut
2774 3201 3118 3271 postmodum
3154 3217 3251 3257 nec
3277 3218 3462 3257 vocem
3486 3202 3734 3255 emittere

482 3277 722 3348 πέμπειν
751 3280 832 3345 είς
863 3281 1089 3354 ὕστερον
1121 3284 1404 3352 δύνασθαι,
1441 3287 1575 3342 ἀλλὰ
1608 3288 1862 3361 θνήσκειν
1888 3294 2047 3357 εὐθὺς

481 3371 594 3432 τοῖς
622 3371 822 3441 ὁρῶσιν
855 3374 1187 3444 νομίζεσθαι.

547 3463 798 3535 Δωροθέα
839 3464 964 3538 δεή
1018 3468 1209 3524 τοῦτον
1251 3473 1345 3525 καὶ
1385 3473 1477 3526 τὸν
1518 3473 1862 3542 ἁδελφὸν,ώς
1889 3476 2048 3546 ἔφην,

481 3550 738 3616 ἀδίνασα,
785 3555 1110 3613 Καλλινίκου
1143 3561 1214 3615 τὰ
1254 3562 1543 3633 σπλάγχνα.
1567 3564 1728 3618 πλέον
1770 3566 2053 3631 ὲδάπτετο,

481 3644 652 3709 οὕτως
668 3646 925 3712 ἐλεεινῶς
945 3649 1038 3704 τὸν
1072 3652 1189 3706 υἱὸν
1219 3653 1593 3725 ἀπολλύμενον
1619 3655 1889 3726 βλέπουσα
1917 3674 1932 3691 υ
1964 3661 2057 3711 καὶ

485 3737 857 3807 προσελθοῦσα
905 3740 1098 3797 θᾶττον
1132 3745 1244 3807 τοῖς
1294 3746 1564 3817 μάρτυσιν
1606 3747 1747 3817 μετὰ
1799 3747 2058 3816 κραυγῶν

483 3829 577 3880 καὶ
606 3828 857 3898 δακρύων
880 3830 978 3896 τὰς
1025 3834 1263 3897 ἱκετείας
1314 3836 1667 3908 προσέφερεν.
1702 3838 1874 3891 Βαϐαῖ
1901 3841 2009 3911 γὰρ
2040 3879 2055 3903 ,

483 3919 687 3987 ἔλεγεν,
705 3921 849 3990 ἅγιοι
875 3925 889 3978 ί
921 3924 1038 3989 πῶς
1057 3943 1157 3996 μου
1178 3925 1278 3998 ταινιε⁸
1309 3926 1496 3980 θυσίαν
1522 3928 1774 3992 ἐδέξασθε
1803 3947 1816 3992 ;
1848 3930 2009 3999 βαϐαί
2039 3933 2052 3986 !

483 4010 652 4065 ποίων
682 4030 749 4083 με
777 4014 996 4085 δωρεῶν
1023 4016 1293 4087 ἠξιώσατε
1320 4034 1336 4084 ;
1366 4018 1526 4088 βαϐαί
1545 4021 1558 4073 ι
1578 4021 1734 4082 ποίας
1758 4037 1847 4087 μοι
1873 4020 2059 4086 δεξιώ-

482 4118 620 4167 σεως
653 4106 992 4175 μετεδώκατε
1017 4109 1244 4177 ςἈλλαι
1264 4115 1519 4180 γυναῖκες
1548 4113 1712 4166 τέκνα
1743 4114 1816 4184 μὴ
1842 4113 2060 4183 ἔχουσαι

485 4197 617 4265 πρὸς
642 4199 784 4267 ὑμᾶς
807 4202 1249 4272 καταφεύγουσαι
1295 4204 1568 4258 τίκτουσιν
1589 4219 1601 4233 ⁶
1635 4196 1745 4274 ἐγὼ
1766 4206 1822 4259 δὲ
1857 4206 1950 4259 δύο
1977 4206 2062 4259 δο-

485 4293 835 4364 ρυφρουμένη
855 4294 972 4363 (sic)
994 4294 1220 4350 τάνθάδε
1245 4297 1565 4360 κατέλαϐον,
1588 4299 1680 4352 καὶ
1705 4298 1824 4368 μεθ’
1842 4298 1982 4362 ένὸς,
2014 4301 2062 4352 εξ

486 4377 559 4447 μὴ
586 4381 895 4449 σπεύσοιτε,
930 4384 1042 4439 τῶν
1067 4385 1277 4440 ἐνθένδε
1301 4386 1643 4460 ἀπέρχομαι.
1679 4389 1861 4443 Ἀλλοι
1896 4389 2064 4444 θανά-

2154 3304 2360 3367 posset,
2408 3293 2772 3348 moribundus
2844 3293 3106 3377 continuo
3150 3309 3179 3348 a
3235 3293 3544 3348 videntibus
3589 3293 3736 3347 aesti-

2154 3396 2352 3441 matus.
3010 3367 3023 3377 .
3739 3367 3769 3377 υ

2227 3480 2495 3537 Dorothea
2532 3497 2661 3537 vero
2690 3498 2811 3551 quae
2847 3482 2995 3537 hunc
3022 3491 3076 3537 et
3125 3480 3375 3543 fratrem,
3422 3478 3569 3533 sicut
3617 3476 3729 3531 dixi

2155 3580 2463 3642 pepererat,
2510 3573 2634 3642 plus
2665 3574 2929 3635 membris
2951 3588 3113 3644 quam
3152 3571 3456 3628 Callinicus
3517 3570 3705 3622 morde

2157 3661 2339 3728 batur,
2375 3673 2483 3716 tam
2538 3662 2927 3718 miserabiliter
2960 3660 3133 3716 illium
3187 3659 3457 3729 perditum
3494 3655 3732 3709 intuens.

2159 3753 2224 3807 Et
2248 3755 2514 3809 accedens
2538 3756 2648 3808 cito
2678 3755 2747 3809 ad
2784 3765 3085 3825 martyres,
3123 3750 3560 3823 supplicationes
3606 3761 3731 3799 cum

2159 3841 2497 3896 clamoribus
2533 3850 2588 3896 et
2620 3842 2880 3913 lacrymis
2927 3839 3214 3895 offerebat.
3272 3835 3496 3889 Dicebat
3539 3833 3682 3887 enim
3720 3851 3732 3885 :

2161 3930 2276 3986 Heu
2315 3932 2441 3998 heu,
2481 3934 2680 4000 sancti,
2705 3931 2980 3997 quomodo
3011 3927 3344 3986 sacrificium
3402 3940 3582 3979 meum
3636 3925 3734 3976 atl-

2161 4024 2441 4081 misistis?
2472 4025 2576 4079 heu
2610 4024 2713 4079 heu
2735 4023 2992 4093 qualibus
3035 4035 3120 4073 me
3146 4019 3363 4090 dignam
3419 4014 3737 4069 muneribus

2163 4115 2482 4173 reddidistis
2506 4119 2521 4172 !
2567 4117 2669 4171 heu
2694 4115 2801 4170 heu
2829 4128 2998 4185 quam
3038 4113 3170 4168 mihi
3199 4109 3601 4179 susceptionem
3632 4107 3733 4160 tri-

2164 4208 2403 4265 buistis?
2438 4209 2572 4263 Aliae
2601 4208 2861 4263 mulieres
2891 4190 3049 4261 natos
3080 4220 3188 4258 non
3220 4201 3483 4257 habentes
3514 4215 3637 4252 cum
3668 4198 3734 4251 ad

2161 4315 2263 4356 vos
2292 4299 2643 4370 confugerint
2681 4299 2925 4370 pariunt,
2957 4311 3058 4368 ego
3090 4301 3272 4349 autem
3315 4293 3455 4347 duos
3486 4292 3734 4346 ohlatura

2165 4395 2272 4448 huc
2303 4394 2450 4451 veni.
2482 4401 2536 4446 et
2568 4408 2691 4446 cum
2730 4406 2838 4446 uno
2871 4392 2999 4445 hinc
3031 4389 3135 4443 nisi
3165 4374 3607 4442 accele'ravcritis
3649 4399 3733 4436 re-

482 4484 576 4523 του
627 4473 884 4537 πνέοντες
934 4474 1209 4547 ἔρχονται,
1260 4479 1355 4532 καὶ
1405 4479 1596 4534 τούτου
1650 4481 2054 4550 καταγελῶντες

2167 4486 2405 4556 grediar.
2465 4484 2566 4538 Alii
2599 4485 2752 4539 necis
2780 4486 3061 4554 spirantes
3095 4480 3387 4542 accedunt,
3444 4479 3538 4533 sed
3591 4477 3733 4529 hanc

483 4562 810 4634 ἀπέρχονται
853 4583 869 4598 ο
900 4566 1035 4637 ἐμοῦ
1063 4569 1119 4624 δὲ
1163 4570 1261 4640 τῆς
1299 4570 1489 4633 ἀθλίας
1526 4571 1588 4624 τὸ
1632 4573 1822 4642 νήπιον
1858 4575 2053 4638 παῖζον

2159 4575 2492 4640 deridentes,
2520 4574 2863 4639 abscedunt;
2923 4588 3077 4629 meus
3113 4581 3295 4627 autem
3350 4569 3541 4625 infelix
3598 4584 3733 4638 puc-
3846 4626 3853 4635 ,

480 4650 614 4726 ἧκεν
637 4657 771 4727 πρὸς
794 4659 939 4729 ὑμᾶς
972 4662 1068 4715 καὶ
1096 4661 1426 4734 ὀρχούμενον
1449 4702 1465 4727 ,
1501 4664 1597 4718 καὶ
1630 4665 1847 4730 πάντως
1870 4669 2061 4739 τεθνή-

484 4747 650 4810 ξεται,
703 4747 801 4802 ἐὰν
833 4750 989 4819 ὑμεῖς
1024 4753 1087 4805 ού
1125 4753 1475 4825 λυτρώησθε
1500 4773 1514 4786 ·
1562 4758 1655 4811 καὶ
1699 4760 1798 4829 τὴν
1837 4760 1954 4813 ὁδὸν
1993 4762 2060 4833 ἢν

483 4837 728 4910 ἐλήλυθε,
766 4841 927 4896 πάλιν
955 4841 1063 4906 ζῶν
1102 4845 1162 4898 οὐ
1206 4847 1552 4917 πορεύσεται.
1584 4850 1794 4919 Ἥρατέ
1831 4870 1933 4922 μου
1964 4855 2058 4908 τοῦ

482 4931 689 5000 γὴρους
719 4932 780 4985 τὸ
829 4935 1130 5005 στήριγμα,
1164 4937 1264 5005 τῆς
1313 4938 1599 5003 ἀσθενείας
1623 4942 1723 5012 τὴν
1756 4943 2060 5017 βακτηρίαν

484 5021 728 5089 ἐλάϐετε,
788 5024 888 5096 τὴν
947 5026 1141 5083 ὲλπίδα
1189 5028 1290 5098 τῆς
1343 5031 1402 5082 ὲν
1456 5031 1701 5102 ἐσχάτοις
1741 5036 2061 5108 ἁναπαύλης

484 5114 767 5182 ἡρπάσατε
794 5133 807 5146 ·
833 5118 927 5171 τὸν
958 5118 1181 5190 τρέφειν
1205 5136 1273 5191 με
1300 5121 1438 5190 μετὰ
1462 5123 1597 5177 Θεὸν
1617 5126 2061 5198 προσδοκώμενον

484 5204 679 5273 Exue...
699 5207 764 5261 Εί
807 5208 939 5277 ἐγὼ,
989 5212 1286 5282 μάρτυρες,
1331 5212 1587 5280 ἐπταισα,
1626 5216 1678 5270 τί
1705 5234 1807 5287 μου
1846 5219 1906 5271 τὸ
1934 5238 2059 5274 παι-

356 5320 371 5337 ~
482 5294 592 5346 δίον
621 5294 878 5360 κολάζετε
922 5314 937 5363 ;
971 5300 1019 5353 ει
1050 5301 1161 5368 ἐγὼ
1192 5300 1464 5382 ἥμαρτον,
1496 5303 1595 5371 ἐμὲ
1620 5305 2008 5376 τιμωρήσασθε
2042 5324 2053 5337 ·

483 5383 534 5434 τί
563 5385 767 5456 μητρὸς
813 5386 1087 5458 ἁμαρτίας
1118 5388 1373 5457 ἀγνοοῦσι
1403 5391 1614 5455 τέκνοις
1655 5393 1891 5462 ὲπάγετε
1921 5412 1935 5462 ;
1972 5395 2060 5449 διὰ

482 5472 534 5524 τί
557 5476 802 5545 κατάρας
826 5478 1053 5549 νομικῆς
1072 5481 1167 5532 καὶ
1188 5481 1489 5552 Μωσαῖκῆς
1510 5483 1763 5552 γίγνεσθε
1791 5489 2058 5557 κατακρί-

487 5579 623 5628 σεως
675 5564 880 5621 ἔκδικοι
914 5584 928 5632 ;
971 5567 1271 5640 Ἀμαρτίας
1301 5571 1428 5643 γὰρ,
1449 5573 1633 5643 φησὶν,
1661 5575 1912 5647 πατέρων
1966 5581 2059 5632 ἐπὶ

491 5657 672 5710 τέκνα.
719 5654 859 5710 Ἀλλ’
909 5659 972 5712 ἐκ
1022 5658 1119 5729 τῆς
1169 5662 1418 5733 κατάρας
1464 5664 1560 5717 τοῦ
1613 5652 2059 5738 νόμουΧριστὸς

489 5750 634 5817 ἡμᾶς
658 5748 1010 5821 ἐξηγόρασεν,
1042 5752 1179 5824 ὑπὲρ
1199 5755 1357 5824 ἡμῶν
1376 5756 1589 5826 κατάρα
1618 5759 1910 5828 γενόμενος
1927 5779 1940 5793 ο
1964 5764 2057 5816 καὶ

486 5839 690 5911 ταύτην
739 5840 826 5895 διὰ
876 5841 967 5894 τοῦ
1028 5846 1308 5914 προφήτου
1352 5848 1447 5916 τὴν
1495 5848 2056 5917 κατάκρισινιξλυσεν

2162 4672 2320 4723 rulns
2364 4667 2700 4736 qui'ludcns
2740 4666 2888 4721 venit
2920 4675 2975 4719 et
3034 4666 3263 4727 saltans,
3324 4663 3514 4732 procul
3569 4660 3736 4715 dubio

2161 4762 2452 4825 morietur,
2494 4760 2601 4816 nisi
2634 4775 2732 4815 vos
2759 4757 3152 4822 liberaveritis,
3196 4765 3249 4811 et
3292 4756 3379 4810 via
3422 4770 3529 4825 qua
3589 4757 3737 4809 venit

2160 4865 2269 4904 non
2317 4850 2477 4904 vivus
2505 4848 2698 4902 abibit.
2759 4846 2992 4901 Tulistis
3039 4844 3341 4900 senectutis
3377 4858 3509 4899 mea:
3551 4842 3735 4895 firma-

2161 4948 2434 5003 mentum,
2497 4940 2834 4995 inlirmitatis
2893 4938 3150 4993 baculum
3206 4934 3522 5006 accepistis,
3584 4949 3732 5003 spe'm

2159 5032 2359 5100 quietis
2386 5040 2689 5085 extremam
2749 5030 3034 5098 rapuistis,
3073 5036 3129 5082 et
3197 5043 3320 5081 eum
3378 5040 3541 5095 quem
3613 5034 3736 5092 post

2163 5126 2328 5180 [lenm
2387 5125 2599 5179 nutrire
2647 5139 2733 5178 me
2797 5122 3154 5194 prazstolabar
3219 5119 3453 5174 habetis.
3519 5116 3575 5168 Si
3635 5129 3737 5183 ego

2161 5227 2430 5286 martyres
2456 5214 2698 5285 culpavi,
2737 5222 2798 5267 ut
2841 5212 2971 5282 quid
3007 5225 3232 5281 puermn
3289 5222 3467 5261 meum
3516 5205 3730 5258 crucia-

2158 5300 2269 5360 tiS?
2305 5305 2360 5360 Si
2384 5321 2486 5376 ego
2516 5305 2761 5374 peccavi,
2793 5320 2879 5359 me
2912 5304 3121 5374 punite.
3157 5303 3338 5366 Quare
3365 5308 3589 5369 peccata
3622 5314 3734 5350 ma-

2159 5399 2258 5453 tris
2290 5397 2669 5469 ignorantibus
2721 5395 2870 5451 natis
2922 5393 3184 5449 infertis?
3215 5405 3390 5461 quare
3452 5388 3732 5443 (ιοιιιιθιιι-⁸

2159 5491 2399 5546 nationis
2424 5488 2619 5561 legalis
2649 5494 2813 5560 atque
2840 5485 3094 5542 mosaicas
3142 5480 3544 5538 maledictionis
3566 5478 3736 5535 eilici-
3779 5503 3787 5526 .~

2162 5583 2292 5636 tniui
2333 5581 2702 5637 defensores?
2748 5578 3226 5650 pcccatmmenim
3281 5575 3458 5645 inquit
3515 5581 3729 5643 patrum

2160 5672 2212 5724 in
2248 5671 2407 5725 filios.
2460 5670 2563 5725 Sed
2597 5685 2661 5724 ex
2701 5667 2997 5723 maledicto
3023 5666 3159 5736 legis
3207 5664 3467 5718 Ch'ristus
3495 5678 3597 5718 nos
3644 5678 3729 5716 rc-

2159 5760 2352 5823 demit,
2384 5775 2484 5830 pro
2516 5760 2673 5813 nobis
2701 5756 3027 5819 adveniens,
3063 5764 3117 5810 ct
3150 5770 3245 5825 per
3268 5752 3584 5824 pr0phetam
3609 5766 3733 5804 con-

2158 5852 2561 5906 dctnnatiuncm
2624 5847 2897 5912 dissolvit,
2973 5845 3263 5903 manifeste
3305 5845 3531 5905 dicens,
3589 5840 3732 5909 φωτὶ
