4060 6236
321 398 464 463 3ἴιῖἷέ)

1191 402 1250 461 S.
1290 400 1710 462 SOPHRONII
1738 397 2242 461 PATRIARCH/E
2284 396 2685 458 HIEROSOL.

3451 368 3590 465 ιδιά

324 521 465 565 ultra
500 530 603 564 butt
630 519 774 565 esset
803 510 1031 565 dicenda
1063 514 1321 582 parabola
1350 513 1461 566 inec
1494 530 1504 564 :
1537 533 1552 562 ι
1584 512 1776 567 Patres
1811 527 1901 564 co-

2014 509 2299 580 Ξιαρρήδην
2334 509 2524 576 εἰπὼν,
2558 510 2632 573 ὡς
2664 509 2849 562 ούκὲτι
2878 510 3198 581 λεχθήσεται
3238 514 3269 584 ἡ
3306 516 3586 585 παραϐολὴ

326 605 617 659 mederunt
662 620 794 659 uvas
832 605 1082 663 acerbas.
1111 617 1161 658 et
1195 607 1389 660 dentes
1440 606 1677 658 filiorum
1711 605 1906 659 obstu-

324 705 577 764 puerunt.
608 713 625 745 ι
656 692 797 764 Ergo
817 708 923 747 non
954 694 1098 749 alius
1121 710 1219 764 pro
1238 695 1364 758 alio,
1396 694 1488 748 sed
1524 694 1905 763 unusquisque

328 803 428 854 pro
459 802 518 842 se
556 787 828 841 rationem
866 786 1056 841 reddet
1117 785 1270 854 Deo;
1303 798 1357 843 et
1389 788 1568 842 anima
1597 802 1718 856 qua:
1779 800 1906 855 pec~

324 881 555 944 caverit,
597 881 714 949 ipsa
746 881 1034 944 morietur,
1066 892 1119 934 et
1153 896 1259 933 non
1309 880 1454 935 alius
1480 881 1768 950 quisquam
1803 894 1906 948 pro

326 986 389 1023 ca
424 972 723 1027 sustinebit
752 972 1025 1041 judicium
1072 973 1155 1028 vel
1195 981 1553 1027 tormentum.
1621 971 1724 1024 Alii
1774 977 1904 1024 sunt

326 1064 419 1131 qui
464 1064 756 1118 maledicto
801 1064 936 1133 legis
983 1063 1325 1128 deserviunt,
1385 1062 1438 1116 hi
1500 1061 1904 1130 videlicet,qui

328 1158 677 1211 liberatorem
705 1157 985 1211 Christum
1020 1158 1112 1212 Dei
1143 1156 1341 1210 Filium
1377 1171 1483 1208 non
1516 1161 1902 1223 susceperunt.

330 1249 441 1305 Nos
473 1259 656 1304 autem
698 1250 933 1303 liliorum
964 1249 1315 1317 adoptionem
1352 1262 1445 1316 per
1476 1247 1651 1315 ipsqu
1688 1245 1906 1298 lucran-

332 1350 437 1405 tes,
495 1356 601 1394 non
634 1339 887 1408 spiritum
914 1339 1202 1393 servitutis
1238 1341 1295 1392 in
1328 1338 1528 1391 timore
1562 1335 1903 1404 accepimus,

331 1434 425 1512 sed
453 1435 711 1503 spiritqu
745 1428 1058 1503 adoptionis
1089 1433 1328 1486 tiliorum
1350 1432 1403 1485 in
1433 1446 1542 1499 quo
1571 1429 1904 1483 clamamus:

331 1523 485 1577 Abba
511 1518 671 1575 Pater
702 1538 717 1586 ;
745 1523 934 1588 sicque
969 1520 1036 1574 de
1074 1533 1273 1574 cancro
1306 1518 1463 1572 liberi
1499 1515 1783 1570 constituti
1814 1531 1908 1567 su-

338 1631 463 1670 mus
492 1613 744 1668 libertate
762 1627 862 1667 cur
886 1612 1143 1668 Christus
1183 1626 1285 1666 nos
1308 1608 1584 1664 liberavit.
1648 1606 1786 1676 Ergo
1812 1614 1907 1659 aut

333 1718 419 1759 me
442 1705 705 1766 cruciate,
739 1704 1018 1774 ﬁliumque
1034 1702 1315 1766 dimittite,
1335 1710 1430 1756 aut
1451 1716 1574 1755 eum
1601 1684 1717 1770 ipso
1740 1700 1907 1755 etiam

333 1812 419 1850 me
449 1795 659 1865 puuite,
689 1810 755 1850 ne
785 1796 973 1849 vivens
1002 1795 1105 1850 mei
1139 1795 1349 1849 videam
1382 1793 1742 1865 perditionem
1788 1792 1905 1847 lilii.

2010 602 2148 672 αῦτη
2174 619 2188 633 ·
2232 622 2249 651 ι
2281 604 2342 656 Οἱ
2377 602 2613 675 πατέρες
2635 602 2838 672 ἔφαγον
2880 603 3122 673 ὄμφακα,
3162 606 3256 659 καὶ
3285 607 3332 659 οἱ
3382 609 3593 671 ὀδόντες

2008 694 2118 746 τῶν
2146 694 2353 746 τέκνων
2373 694 2693 765 ᾑμωδίασαν
2716 696 2874 748 ἰκαὶ
2908 695 3094 749 λοιπὸν
3128 699 3228 751 οὐκ
3260 698 3417 761 ἄλλος
3450 699 3593 769 ὑπὲρ
3640 694 3647 699 ’

2009 787 2193 850 ἄλλου,
2241 784 2358 838 ἀλλ’
2402 787 2632 849 ἕκαστος
2681 787 2821 856 ὑπὲρ
2871 787 3066 840 ἑαυτοῦ
3116 787 3274 857 λόγον
3309 788 3472 842 δώσει
3513 789 3591 859 τῷ

2007 879 2128 949 Θεῷ
2154 895 2167 909 ·
2216 880 2313 931 καὶ
2357 878 2505 949 ψυχὴ
2545 881 2578 949 ὴ
2612 880 3026 949 ἁμαρτάνουσα,
3050 882 3185 951 αὑτὴ
3212 883 3589 949 ἀποθανεῖται,

2007 976 2101 1026 καὶ
2143 973 2244 1025 οὐκ
2277 972 2435 1034 ἄλλος
2463 990 2550 1035 τις
2584 970 2724 1043 ὑπὲρ
2753 973 2920 1042 αὐτῆς
2952 974 3138 1039 ὑφέξει
3182 973 3337 1043 δίκην
3374 977 3466 1027 καὶ
3499 976 3588 1028 κό-

2007 1062 2182 1117 λασιν.
2221 1063 2401 1115 Ἀλλοι
2420 1050 2559 1115 εἰσὶν
2588 1057 2635 1115 οἱ
2664 1066 2727 1134 τῇ
2751 1063 2969 1133 κατάρᾳ
2996 1063 3090 1116 τοῦ
3122 1066 3286 1133 νόμου
3314 1065 3589 1119 δουλεύον-

2007 1172 2118 1216 τες,
2155 1155 2205 1206 οἱ
2249 1154 2339 1207 τὸν
2371 1155 2741 1226 ὲλευθερωτὴν
2772 1158 3007 1226 Χριστὸν
3036 1157 3126 1210 τὸν
3166 1158 3261 1210 τοῦ
3293 1158 3428 1211 Θεοῦ
3463 1159 3589 1211 Υίδν

2007 1246 2067 1298 ού
2098 1244 2396 1316 δεξάμενοι.
2417 1246 2610 1316 Ἡμεῖς
2639 1247 2695 1299 δὲ
2729 1246 2827 1316 τὴν
2859 1246 2925 1300 δι’
2957 1247 3123 1300 αὐτοῦ
3147 1247 3417 1301 υἱοθεσίαν
3456 1234 3585 1318 κερ-

2006 1338 2261 1400 δάναντες
2303 1338 2363 1391 οὒ
2394 1337 2611 1406 πνεῦμα
2660 1338 2902 1400 δουλείας
2945 1341 3023 1403 είς
3071 1340 3234 1408 φόϐον
3283 1340 3587 1410 ὲλὰὃομεν,

2007 1430 2144 1482 ἀλλὰ
2162 1430 2380 1500 πνεῦμα
2394 1431 2683 1493 υἱοθεσίας,
2705 1425 2822 1499 ὲνῷ
2842 1431 3315 1500 κράζομενθἊϐὁᾶ
3333 1434 3361 1485 ὁ
3379 1434 3586 1502 Πατήρ·

2015 1523 2111 1575 καὶ
2140 1523 2201 1575 τὸ
2243 1522 2429 1575 λοιπὸν
2462 1521 2739 1593 ἐλεύθεροι
2837 1524 3068 1593 Χριστὸς
3100 1524 3249 1593 ἡμᾶς
3287 1522 3591 1592 ἠλευθέρω-

2013 1618 2203 1671 σεν.Ἥ
2232 1615 2323 1668 οῦν
2355 1615 2455 1685 ἐμὲ
2498 1615 2766 1669 κολάσατε
2794 1653 2808 1677 ,
2849 1616 2944 1667 καὶ
2997 1614 3057 1668 τὸ
3083 1615 3271 1667 τέκνον
3302 1615 3520 1675 ἐάσατε,
3554 1615 3587 1683 ἢ

2012 1710 2109 1762 σὺν
2158 1708 2305 1777 αὐτῷ
2345 1708 2490 1778 κάμὲ
2534 1708 2944 1778 τιμωρήσασθε,
2979 1708 3066 1760 ἵνα
3109 1707 3184 1776 μὴ
3216 1707 3366 1770 ζῶσα
3406 1707 3588 1778 βλέπω

2009 1798 2107 1851 τοῦ
2142 1797 2276 1869 ἐμοῦ
2316 1798 2504 1861 παιδὸς
2536 1798 2634 1869 τὴν
2669 1798 2980 1852 ἀπώλειαν·
3032 1800 3079 1851 εἰ
3122 1800 3178 1852 δὲ
3210 1800 3413 1854 τούτων
3438 1800 3591 1853 οὐδὲν

335 1891 391 1944 Si
427 1905 559 1944 νιϊο
608 1890 745 1944 nihil
798 1889 995 1944 horum
1031 1890 1280 1957 patimini
1318 1902 1500 1958 agere,
1538 1888 1741 1942 donate
1778 1885 1907 1939 mihi

2017 1860 2274 1959 ἀνέχεσθε
2320 1860 2744 1961 διαπράξασθαι,
2774 1888 2933 1942 πάλιν
2983 1906 3084 1958 μου
3116 1889 3205 1941 τὸν
3234 1888 3401 1941 παῖδα
3433 1887 3587 1957 χαρί-

335 1984 534 2037 iterum
595 1997 824 2052 puerum
862 1991 1165 2036 amatorem
1206 1980 1584 2036 miserationis
1618 1980 1785 2035 Deum
1815 1994 1912 2032 no-

332 2084 504 2130 Struut
541 2083 596 2130 et
655 2072 945 2127 Dominurn
974 2072 1274 2126 imitantes.

402 2164 540 2218 Cum
576 2173 759 2221 autem
802 2168 918 2222 ham
946 2175 1000 2221 et
1048 2166 1135 2220 his
1191 2168 1348 2234 plura
1393 2163 1628 2218 dixisset
1661 2162 1727 2216 ad
1764 2176 1914 2215 mar-

330 2265 503 2327 tyres,
540 2266 596 2312 et
651 2274 751 2329 per
789 2268 964 2315 totam
1015 2266 1232 2314 noctem
1283 2257 1560 2327 lat-rymas
1596 2254 1910 2315 obtulisset,

331 2352 611 2405 modicum
638 2352 787 2406 circa
819 2352 1126 2407 diluculum
1172 2349 1534 2412 obdormivit,
1569 2332 1679 2402 non
1739 2347 1908 2401 animi

329 2442 681 2507 defectionis,
713 2450 768 2499 et
805 2443 1008 2500 laboris
1033 2443 1176 2497 victa
1201 2441 1441 2511 sagittis,
1476 2441 1572 2495 sed
1606 2448 1665 2493 ut
1689 2449 1911 2494 sancto-

333 2536 857 2590 tumvisitationem
891 2535 1184 2605 aspiceret,
1217 2534 1308 2605 qui
1364 2535 1723 2604 assistentes,
1767 2534 1911 2586 sicut

330 2628 593 2683 omnibus
635 2619 818 2683 facere
877 2642 1236 2691 consuevere,
1300 2625 1447 2681 circa
1489 2625 1679 2679 horam
1738 2624 1909 2678 let-me

330 2719 552 2773 tertiam
580 2718 687 2773 diei
717 2720 886 2773 lilium
922 2717 1160 2773 educere
1189 2734 1216 2770 a
1266 2716 1467 2785 templo
1515 2715 1826 2783 jusserunt,
1857 2723 1909 2766 et

334 2824 537 2876 ponere
560 2813 661 2864 sub
686 2810 810 2864 divo
844 2811 1085 2863 medium
1117 2810 1170 2863 in
1213 2808 1474 2863 exteriori
1509 2808 1651 2862 atrio
1702 2822 1911 2876 prtere-

332 2910 552 2968 perunt.
586 2902 806 2956 nemine
829 2902 929 2964 illi,
957 2918 1058 2956 nec
1094 2903 1210 2972 ipsa
1240 2910 1414 2955 matre
1459 2901 1907 2970 appropinquan-

332 3002 406 3053 te,
444 2991 538 3047 sed
567 2991 874 3059 obsidente,
923 2993 1139 3046 modico
1197 2991 1523 3061 interposito
1580 2990 1759 3060 spatio
1820 2990 1903 3042 vi-

332 3099 463 3137 sura
528 3084 833 3155 prodigium
880 3086 1026 3153 quod
1082 3093 1199 3140 erat
1261 3087 1315 3139 in
1369 3099 1435 3139 eo
1503 3083 1772 3138 divinitus
1829 3078 1909 3134 fa-

2017 1982 2221 2041 σασθε,
2282 1980 2374 2034 τὸν
2431 1982 2708 2051 φίλοικτον
2762 1982 2892 2034 Θεὸν
2945 1982 3039 2034 καὶ
3087 1983 3364 2051 Δεσπότην
3436 1981 3589 2049 ὑμῶν

2014 2073 2254 2142 ὲκμιμού
2263 2090 2434 2143 μενοι.

2086 2162 2272 2216 Ταῦτα
2326 2163 2419 2217 καὶ
2462 2162 2669 2216 τούτων
2717 2162 2935 2217 πλείονα
2984 2164 3119 2232 πρὸς
3154 2163 3279 2224 τοὺς
3307 2162 3588 2233 μάρτυρας

2013 2255 2268 2324 λέγουσα,
2302 2256 2396 2307 καὶ
2441 2255 2507 2307 δι’
2542 2254 2669 2323 ὅλης
2703 2255 2896 2318 νυκτὸς
2947 2255 3189 2326 φέρουσα
3214 2256 3446 2325 δάκρυα,
3501 2270 3591 2322 μι-

2014 2344 2147 2416 κρὸν
2196 2344 2325 2413 περὶ
2361 2342 2453 2396 τὸν
2485 2344 2678 2414 ὄρθρον
2711 2343 3031 2411 ἀφύπνωσε.
3079 2344 3180 2397 οὐκ
3220 2342 3462 2413 ἀθυμίας
3495 2344 3590 2395 καὶ

2012 2437 2182 2489 κόπου
2237 2434 2520 2502 νικηθεῖσα
2571 2437 2683 2497 τοῖς
2714 2433 2944 2504 βέλεσιν,
2996 2433 3111 2488 ἀλλ’
3152 2433 3240 2487 ἴνα
3266 2434 3374 2486 τῶν
3418 2431 3589 2500 ἁγίων
3645 2440 3651 2445 “

2012 2528 2195 2582 θεάσοι
2237 2526 2332 2596 τὴν
2385 2525 2672 2595 ἐπίσκεψιν
2697 2544 2709 2556 ο
2768 2525 2817 2579 οἳ
2871 2527 3267 2596 παραστάντες,
3300 2525 3376 2589 ὡς
3423 2526 3591 2578 πᾶσιν

2012 2618 2287 2680 εἰώθασιν,
2319 2617 2393 2681 ὡς
2419 2618 2546 2688 περὶ
2582 2617 2731 2689 ὥραν
2756 2617 2944 2688 τρίτην
2971 2617 3067 2687 τῆς
3088 2617 3301 2689 ἡμέρας
3333 2616 3427 2670 τὸν
3462 2616 3589 2669 Υῐὸν

2010 2710 2213 2775 ὲξοῖσαι
2230 2708 2322 2763 τοῦ
2345 2710 2604 2778 τεμένους
2628 2709 2949 2775 ἐκέλευσαν,
2976 2708 3285 2763 καὶνθέσθαι
3317 2707 3483 2779 μέσον
3509 2708 3586 2771 είς

2008 2804 2069 2857 τὸ
2110 2800 2375 2872 ἐξώτερον
2428 2801 2696 2871 ὕπαιθρον
2722 2802 3111 2873 προσέταττον,
3165 2800 3396 2872 μηδενὸς
3434 2799 3584 2869 αὐτῷ

2009 2893 2463 2964 προσεγγίζοντος
2489 2932 2504 2958 ,
2539 2892 2677 2963 μηδὲ
2721 2892 2821 2961 τῆς
2848 2891 3112 2963 τεκούσης
3144 2892 3335 2960 αὐτῆς,
3379 2891 3494 2946 ἀλλ’
3524 2892 3588 2944 ἐκ

2012 2984 2208 3056 μικροῦ
2260 2986 2628 3055 διαστήματος
2673 2983 3191 3055 παρακαθέζεσθαι,
3235 2982 3330 3036 καὶ
3362 2981 3588 3054 θεωρεῖν

2010 3081 2072 3134 τὸ
2097 3080 2422 3151 γιγνόμενον
2453 3081 2541 3132 ἐπ’
2564 3079 2714 3151 αὐτῷ
2738 3079 2920 3133 θεόθεν
2943 3078 3245 3149 τεράστιον.
3275 3078 3387 3131 Καὶ
3415 3076 3599 3132 ταῦτα.

332 3175 615 3230 ciendum.
675 3174 743 3229 Et
781 3175 894 3230 haec
932 3176 1157 3245 quidem
1188 3176 1450 3230 dixerunt
1509 3183 1805 3244 martyres,
1851 3185 1899 3226 et

2014 3178 2112 3243 μὲν
2153 3170 2308 3227 εἷπον
2349 3174 2400 3226 οί
2441 3173 2716 3244 μάρτυρες
2744 3212 2760 3236 ,
2813 3172 2907 3226 καὶ
2948 3174 3195 3236 εἰπόντες
3240 3172 3585 3241 ἀπέπτησαν.

331 3268 586 3323 dicentes
636 3270 1015 3323 avolaverunt.
1070 3268 1341 3323 Dorothea
1398 3283 1525 3322 vero
1564 3283 1659 3337 per
1688 3267 1801 3334 jam
1829 3266 1909 3317 di-

340 3366 481 3410 ctant
518 3357 705 3410 horam
762 3361 1104 3412 sanctionem
1131 3359 1346 3430 agebat,
1388 3372 1726 3427 puerumque
1781 3372 1909 3410 sus-

340 3456 557 3518 ceptum
606 3450 798 3505 eduxit
827 3467 856 3506 e
891 3452 1116 3519 templo,
1153 3459 1209 3507 et
1266 3451 1319 3505 in
1357 3449 1619 3520 pr:edicto
1658 3450 1778 3503 loco
1827 3463 1911 3501 re-

340 3544 595 3603 cumbere
627 3541 780 3605 fet-it,
815 3544 917 3597 hac
948 3546 1150 3613 illaque
1201 3542 1537 3597 creberrime
1572 3543 1908 3600 volutatum,

345 3633 472 3700 quia
505 3634 691 3687 multis
708 3633 930 3704 quidem
960 3635 1096 3689 mori
1125 3632 1577 3703 exspectabatur,
1601 3631 1698 3686 sed
1734 3645 1762 3683 a
1791 3646 1908 3683 ma-

342 3741 423 3780 tre
452 3727 635 3781 vitere
686 3727 1032 3781 credebatur.
1334 3732 1337 3733 ⁷

408 3816 581 3871 Porro
612 3832 734 3871 cum
768 3820 945 3873 modia
981 3817 1139 3888 quasi
1173 3817 1310 3872 hora
1336 3816 1693 3887 praeterisset,
1760 3822 1913 3883 post-

339 3927 502 3979 quam
534 3927 673 3981 puer
705 3910 910 3966 ibidem
962 3910 1239 3973 recubuit,
1276 3907 1631 3966 multitudine
1686 3909 1910 3976 copiosa

339 4012 534 4069 prarsto
586 4002 901 4065 assistente,
935 4010 1099 4070 atque
1145 4008 1503 4070 permanente
1549 3999 1737 4053 visura
1786 4011 1913 4066 pro-

342 4078 593 4159 ventum,
628 4108 756 4148 ecce
786 4093 1061 4152 dracazna.
1097 4106 1218 4163 quae
1251 4107 1413 4146 ovum
1446 4091 1580 4145 illud
1614 4105 1913 4161 generare-

338 4195 449 4251 rat,
481 4184 645 4255 hujus
673 4185 879 4240 faciens
900 4185 1339 4252 inquisitionem,
1372 4198 1570 4252 repens
1599 4192 1654 4238 et
1682 4182 1914 4236 sibilans

340 4281 512 4345 venit,
566 4293 836 4333 revocans
896 4277 947 4332 id
1009 4292 1161 4331 more
1211 4276 1483 4340 mulieris,
1536 4289 1658 4345 qua:
1713 4275 1916 4329 amisso

340 4370 568 4439 parvulo
604 4384 727 4421 eum
780 4368 987 4438 ejulatu
1021 4376 1077 4422 et
1104 4376 1299 4438 cocyto
1344 4366 1521 4421 facere
1559 4366 1779 4421 all'ectat
1820 4364 1914 4420 de—

338 4462 559 4513 siderati
612 4460 961 4514 scrutinium.
997 4458 1059 4511 Et
1088 4460 1414 4514 exteriorem
1442 4461 1659 4527 ianuam
1695 4458 1914 4512 eviden-

2024 3263 2277 3336 Δωροθέα
2321 3263 2377 3316 δὲ
2424 3264 2568 3317 κατὰ
2626 3264 2724 3336 τὴν
2758 3265 3041 3336 λεχθεῖσαν
3074 3265 3221 3335 ὦραν
3250 3264 3380 3335 ἔδρα
3411 3264 3473 3315 τὺ
3501 3262 3590 3315 θέ-

2016 3373 2254 3427 σπισμα,
2287 3355 2380 3410 καὶ
2406 3357 2498 3410 τὸν
2524 3357 2690 3409 παῖδα
2707 3355 2965 3421 λαϐοῦσα,
2986 3357 3079 3410 τοῦ
3107 3356 3364 3427 τεμένους
3394 3354 3588 3425 ἐξήγα-

2013 3466 2130 3516 γεν,
2174 3449 2268 3502 καὶ
2300 3450 2359 3502 ὲν
2400 3448 2478 3519 τῷ
2523 3448 2743 3520 ῥηθέντι
2781 3448 2932 3520 τόπῳ
2975 3450 3312 3511 κατέκλινεν,
3337 3447 3467 3501 ἔνθα
3496 3448 3591 3500 καὶ

2014 3543 2142 3596 ἔνθα
2190 3542 2428 3613 συνεχῶς
2471 3541 2906 3613 κυλινδούμενον,
2952 3541 3051 3615 ,καὶ
3080 3545 3191 3605 τοῖς
3222 3542 3318 3612 μὲν
3368 3539 3582 3603 πολλοῖς

2015 3635 2198 3688 θανεῖν
2233 3633 2682 3706 προσδοκώμενον
2702 3675 2718 3700 ,
2748 3637 2816 3707 τῇ
2852 3635 2910 3688 δὲ
2948 3636 3115 3706 μητρὶ
3144 3633 3243 3705 ζῇν
3265 3632 3590 3701 πιστευόμε-

2015 3745 2124 3781 νον.

2096 3818 2184 3881 Ὠς
2210 3818 2483 3889 ἡμιωρίου
2510 3818 2565 3871 δὲ
2591 3819 2791 3888 μικροῦ
2817 3817 3357 3889 διοδεύσαντος,μετὰ
3381 3816 3479 3885 τὴν
3508 3832 3594 3882 γε-

2015 3910 2249 3981 νομένην
2282 3910 2461 3963 ἐκεῖσε
2488 3910 2680 3965 τούτου
2713 3912 3033 3967 κατάκλισιν
3053 3950 3066 3973 ,
3118 3906 3589 3980 πλήθουςτπολλοῧ

2017 4001 2389 4069 παρεστῶτος,
2431 4004 2816 4074 περιμένοντος
2867 4004 2993 4056 ἰδεῖν
3021 4002 3122 4071 τὴν
3155 4000 3446 4061 ἀπόϐασιν,
3480 3997 3590 4050 ἰδοὺ

2015 4096 2047 4168 ἡ
2068 4094 2127 4149 τὸ
2148 4096 2252 4150 ὠὸν
2272 4096 2448 4149 έκεῖνο
2466 4096 2774 4166 γεννήσασα
2793 4096 3075 4166 δράκαινα,
3092 4095 3282 4148 τούτου
3300 4092 3591 4162 ποιουμένη

2016 4190 2114 4259 τὴν
2141 4188 2390 4259 ζήτησιν,
2436 4188 2685 4258 ἕρπουσά
2717 4206 2775 4242 τε
2816 4190 2910 4243 καὶ
2939 4189 3263 4257 συρίττουσα
3297 4184 3594 4257 παραγίνε-

2016 4296 2127 4344 ται,
2159 4279 2505 4333 ἀνακαλοῦσα
2535 4279 2678 4333 καθὰ
2710 4281 2799 4332 καὶ
2842 4278 2980 4348 γυνὴ
3004 4280 3197 4348 νήπιον
3218 4278 3592 4345 ἀπολλύμενον

2020 4372 2116 4423 σὺν
2147 4367 2375 4439 ὀλολυγῇ
2405 4369 2498 4422 καὶ
2550 4367 2781 4439 κωκυτῷ
2811 4368 3081 4422 ποιεῖσθαι
3107 4369 3252 4435 φιλεῖ
3278 4366 3372 4420 τοῦ
3402 4366 3594 4418 ποθου-

2023 4461 2181 4531 μένου
2216 4462 2317 4533 τὴν
2353 4459 2604 4531 ἔρευναν.
2651 4460 2763 4513 Καὶ
2797 4459 2897 4529 τῆς
2933 4459 3037 4524 ἔξω
3084 4459 3255 4529 θύρας
3300 4456 3591 4529 προφανῶς

341 4560 423 4601 ter
456 4552 698 4618 ingressa
747 4557 1017 4604 astantem
1071 4550 1328 4618 populutn
1385 4548 1682 4619 separavit,
1752 4557 1807 4603 et
1860 4549 1909 4602 in

2021 4552 2283 4614 ἐλάσασα,
2322 4552 2415 4605 καὶ
2463 4551 2553 4604 τὸν
2591 4544 2878 4621 ἐφεστῶτα
2915 4549 3051 4605 λεὼν
3100 4550 3462 4620 διαστήσασα,
3497 4548 3591 4600 καὶ

340 4640 521 4709 fugant
573 4656 695 4694 mox
740 4650 798 4694 ut
847 4643 1077 4696 visaest
1113 4642 1295 4705 vertit,
1337 4641 1403 4696 ad
1445 4657 1782 4713 puerumque
1812 4657 1912 4695 cu-

338 4734 515 4785 currit
546 4731 847 4799 iutirmum,
888 4743 943 4787 et
978 4733 1125 4787 hunc
1190 4733 1506 4802 frequenter
1557 4734 1919 4801 circumiens,

339 4824 502 4879 modo
548 4825 768 4895 quidem
803 4826 869 4879 ad
911 4841 1098 4881 aurem
1133 4827 1475 4889 susurrabat,
1534 4828 1697 4881 modo
1731 4836 1912 4880 autem

336 4918 418 4971 ori
447 4918 941 4987 appropinquabat,
973 4928 1026 4972 et
1082 4917 1250 4973 lilium
1280 4920 1462 4988 quiete
1503 4920 1751 4978 vocabat,
1813 4918 1915 4969 ali-

336 5009 461 5064 cubi
493 5009 746 5064 deorsum
775 5011 1068 5080 jareutem,
1108 5020 1160 5065 et
1191 5012 1243 5065 in
1285 5020 1473 5065 ventre
1502 5012 1653 5080 pueri
1679 5024 1912 5064 convcr-

338 5112 574 5158 sautem.
630 5102 732 5170 Qui
788 5117 1109 5175 praesentem
1157 5107 1399 5161 sentiens
1453 5117 1778 5167 matrem,et
1813 5106 1907 5157 hu-

333 5197 425 5263 jus
460 5197 652 5252 sihilos
724 5213 1142 5265 recognoscens,
1180 5199 1384 5253 cursim
1442 5198 1706 5257 ascendit,
1753 5206 1804 5250 et
1844 5196 1910 5250 ad

339 5288 511 5354 ipstm
542 5304 636 5357 per
664 5304 726 5345 Os
755 5289 885 5352 exit,
928 5299 1183 5358 tauquam
1240 5292 1405 5347 semel
1463 5298 1623 5343 natus
1669 5299 1720 5342 et
1770 5289 1910 5342 ultra

340 5384 392 5433 in
452 5390 639 5436 wntre
689 5382 814 5450 jure
871 5384 1041 5437 teneri
1116 5385 1345 5451 nolens;
1413 5383 1522 5437 imo
1593 5394 1910 5437 sanetortnu

342 5481 673 5539 mret-cptum
743 5487 1069 5542 agnoscens,
1143 5474 1247 5529 hoc
1300 5474 1446 5527 enim
1497 5475 1679 5528 dicvrc
1740 5474 1912 5543 magis

340 5562 486 5630 pium
514 5580 531 5629 ;
568 5564 654 5617 cui
685 5573 741 5616 ct
774 5580 972 5633 parens
991 5565 1272 5629 famulata,
1308 5567 1373 5619 ad
1403 5567 1574 5632 ipsius
1599 5567 1911 5635 inquisitio--

341 5670 463 5704 nem
532 5656 860 5724 compendio
926 5667 1336 5727 properaverat,
1396 5669 1447 5712 ct
1496 5659 1744 5727 genimcn
1801 5658 1910 5725 jam

344 5759 565 5798 manere
615 5746 669 5799 in
702 5747 1027 5811 visceribus,
1054 5751 1217 5804 etiam
1249 5751 1291 5803 si
1330 5751 1506 5809 \‘cilt‘l,
1547 5764 1653 5801 non
1682 5759 1909 5816 lmict‘ul.

340 5832 474 5890 Cum
524 5846 702 5888 autem
753 5838 985 5905 genitrix
1036 5856 1157 5893 cum
1219 5842 1436 5894 vidiswt
1498 5842 1563 5893 ah
1610 5856 1702 5893 ore
1764 5843 1911 5912 pueri

2024 4644 2161 4713 πρὸς
2205 4641 2382 4712 φυγὴν
2411 4640 2563 4712 παρά
2603 4642 2670 4695 τὰ
2717 4641 2980 4712 προοίμια
3025 4639 3293 4710 τρέψασα,
3326 4638 3462 4710 πρὸς
3502 4639 3591 4689 τὸν

2020 4738 2185 4790 παῖδα
2221 4736 2406 4806 τρέχει
2434 4735 2523 4788 τον
2558 4734 2859 4806 ἄρρωστον,
2904 4734 2999 4787 καὶ
3036 4732 3225 4787 τοῦτον
3259 4730 3467 4801 ωχνῶς
3498 4748 3595 4782 πει

2023 4832 2295 4904 ριθέουσα,
2319 4828 2447 4882 ποτὲ
2467 4829 2564 4898 μὲν
2594 4829 2727 4897 πρὸς
2750 4828 2811 4880 τὸ
2838 4823 2930 4889 οῦς
2954 4824 3255 4896 ἐψιθύριζε,
3283 4824 3413 4877 ποτὲ
3434 4823 3489 4876 δὲ
3515 4822 3593 4891 τῷ

2023 4927 2250 4995 στόματι
2301 4923 2728 4995 προσεπέλαζεν,
2775 4923 2872 4976 καὶ
2906 4922 2999 4975 τὸν
3049 4920 3164 4973 υἱὸν
3222 4918 3461 4989 ἡσυχίως
3500 4918 3591 4970 ἁν-

2020 5014 2220 5085 ἐκραζε
2240 5014 2388 5067 κάτω
2409 5030 2510 5066 που
2544 5013 2816 5082 κείμενον,
2838 5012 2930 5066 καὶ
2959 5013 3025 5081 τῇ
3049 5010 3246 5079 γαστρὶ
3275 5007 3371 5061 τοῦ
3403 5006 3593 5068 παιδὸς

2021 5108 2431 5178 ἐντρεφόμενον.
2462 5107 2558 5167 Ὃς
2601 5104 2881 5175 παρούσης
2916 5104 3014 5172 τῆς
3045 5102 3249 5173 μητρὸς
3270 5098 3595 5167 ἐπαισθόμε-

2021 5217 2129 5263 νος,
2162 5202 2255 5252 καί
2301 5198 2370 5251 τὰ
2407 5197 2611 5268 ταύτης
2653 5198 2926 5266 γνωρίσας
2975 5195 3309 5265 συρῖσματα,
3335 5191 3593 5262 δρομαῖος

2020 5293 2329 5362 ἀνέρχεται.
2363 5292 2456 5345 καὶ
2480 5293 2613 5361 πρὸς
2647 5291 2817 5360 αὐτὴν
2843 5289 2930 5342 διὰ
2949 5288 3044 5341 τοῦ
3079 5287 3343 5357 στόματος
3373 5284 3589 5349 ἔξεισιν,

2021 5385 2096 5448 ὡς
2120 5384 2263 5449 ἅπαξ
2304 5382 2518 5452 τεχθεὶς
2553 5382 2648 5435 καὶ
2678 5380 2960 5450 κυοφορείν
3007 5376 3202 5451 μηκέτι
3230 5373 3545 5445 βουλόμενος
3574 5386 3588 5400 ·

2025 5477 2223 5545 μᾶλλον
2250 5476 2308 5528 δὲ
2336 5475 2447 5528 τῶν
2471 5475 2641 5541 ἁγίων
2671 5474 2832 5541 γνοὺς
2859 5472 2920 5524 τὸ
2950 5472 3229 5538 ἐπίταγμα
3279 5466 3457 5536 (τοῦτο
3484 5463 3600 5533 γὰρ

2022 5569 2193 5619 εἰπεῖν
2241 5566 2626 5636 εὐσεϐέστερον
2651 5604 2665 5625 ,
2703 5557 2748 5633 ᾧ
2782 5563 2877 5617 καὶ
2912 5566 2944 5632 ἡ
2976 5561 3213 5614 τεκοῦσα
3245 5558 3592 5617 δουλεύουσα,

2024 5658 2156 5728 πρὶς
2188 5658 2285 5727 τὴν
2307 5658 2475 5711 αὐτοῦ
2501 5657 2780 5726 συντόμως
2803 5656 3028 5723 ἀφίκετο
3050 5651 3323 5727 ζήτησιν),
3357 5648 3449 5702 καὶ
3483 5648 3595 5699 λοι..

2031 5752 2131 5801 πλν
2183 5750 2363 5819 μένειν
2394 5752 2738 5820 ἑγγὰστριος,
2777 5748 2870 5802 καὶ
2900 5749 2947 5800 εἰ
2981 5746 3239 5816 βούλοιτο,
3262 5744 3336 5813 μὴ
3373 5741 3599 5808 δυνάμε-

2025 5861 2129 5903 νος.
2174 5843 2588 5913 Ἐκπηδήσαντα
2622 5842 2675 5895 δὲ
2704 5841 2795 5895 τοῦ
2834 5840 3097 5911 στόμαω,
3124 5838 3196 5900 ὡς
3233 5836 3338 5890 ἴδεν
3374 5832 3532 5889 αὑτὸν
3560 5838 3593 5902 η
