4060 6236
419 458 554 525 3541

1413 454 1514 514 SS.
1547 452 1720 513 CYRI
1755 452 1849 512 ET
1890 450 2211 512 JO.\NNIS
2234 447 2643 509 MIRACUIA.

3537 432 3677 496 3542

420 576 749 644 γεννήσασα,
809 571 904 627 καὶ
957 572 1030 635 ὡς
1085 571 1214 625 αὐτὸ
1256 571 1519 641 τυγχάνον
1570 570 1888 639 γνωρίσασα
1935 568 1994 620 τὸ

2118 581 2461 639 :xsiliemem.
2493 589 2544 633 σοι
2577 581 2753 649 ipsum
2781 591 2902 633 esse
2924 574 3176 646 genimcn
3200 569 3503 642 progniem,
3529 564 3677 636 quod

425 666 622 717 οἰκεῖον
660 663 753 716 καὶ
781 663 912 732 παρ’
948 663 1118 734 αὐτῆς
1153 662 1485 732 ζητούμενον
1509 664 1773 731 γέννημα,
1810 660 1997 713 ἀνελο-

432 754 568 823 μένη
606 770 665 805 τε
714 751 905 806 θᾶττον
935 752 1065 806 αὐτὸ
1115 755 1212 807 σὺν
1242 756 1309 824 τῇ
1336 754 1433 824 θέᾳ
1457 753 1530 824 τῷ
1559 753 1809 822 στόματι,
1845 770 1999 822 σκιρ-

432 849 579 900 τῶσα
603 847 697 899 καὶ⁵
725 847 990 918 χαίρουσα
1032 847 1170 914 πρὸς
1214 847 1305 899 τὸν
1334 847 1503 916 αὐτῆς
1547 847 1752 915 φωλεὸν
1787 845 1992 914 ἀνεχώσ

432 954 620 1005 ρησεν.
649 937 807 990 Κατὰ
842 935 1029 989 τοῦτον
1055 937 1144 991 τὸν
1169 936 1368 1006 τρόπον
1400 938 1493 990 καὶ
1523 936 1775 1008 Δωροθέα
1814 937 1873 988 τὸ
1904 936 2002 1003 γύ-

431 1042 599 1091 ναιον,
624 1025 715 1078 τὸν
737 1025 936 1097 ἑαυτῆς
963 1026 1077 1080 υἱὸν
1101 1027 1449 1098 παραχρῆμα
1462 1028 1735 1100 ῥωσθέντα
1757 1026 2005 1080 Καλλίνι-

435 1134 550 1180 κον,
586 1116 724 1187 μετὰ
773 1119 872 1188 τὴν
901 1119 1007 1185 ,τοῦ
1035 1119 1411 1191 δρακοντιαίου
1444 1121 1779 1189 γεννήματος
1805 1118 2004 1184 ἔξοδον,

2106 687 2133 725 a
2181 686 2239 725 se
2274 672 2673 740 iuquirebatur,
2723 681 3054 738 agnoscens,
3092 671 3312 730 smupto
3342 674 3429 722 co,
3464 672 3586 711 mox
3624 666 3683 710 ut

2109 764 2244 817 vidit
2273 765 2324 817 in
2363 778 2477 824 ore,
2519 761 2803 816 exsultans
2830 770 2883 814 et
2916 758 3161 830 gaudens
3194 754 3262 820 ad
3296 752 3534 806 latebras
3554 764 3683 803 suas

2108 854 2354 907 recessit.
2403 850 2513 905 lloe
2561 850 2723 905 modo
2752 858 2808 905 et
2857 848 3128 903 Dorothea
3175 845 3373 899 mulier
3419 842 3685 896 Callinico

2113 948 2224 1001 tilio
2253 962 2354 1000 suo
2388 954 2508 1014 post
2540 945 2875 999 dracoutalis
2904 941 3194 1015 geniminis
3219 941 3448 1002 exitum,
3483 937 3687 1007 suspitc

2112 1053 2235 1092 mox
2271 1021 2508 1106 recepto,
2540 1051 2667 1091 eum
2689 1051 2753 1091 eo
2775 1037 2981 1104 gratias
3008 1032 3338 1090 sanantibus
3374 1030 3519 1085 hunc
3545 1043 3682 1082 mar

2112 1131 2326 1201 tyribus
2358 1129 2660 1185 concinens
2688 1127 3066 1191 etexsultaus,
3089 1125 3311 1181 domum
3339 1139 3466 1178 cum
3491 1120 3689 1191 gaunio

439 1209 763 1280 ἀνελομένη,
809 1213 905 1265 καὶ
951 1214 1047 1265 σὺν
1075 1212 1224 1282 αὐτῷ
1252 1214 1347 1284 τὴν
1389 1214 1549 1285 χάριν
1575 1217 1685 1276 τοῖς
1712 1216 2008 1266 σεσωκόσ.ν

2118 1222 2398 1277 remeavit.
2452 1219 2625 1274 l’orro
2659 1220 2972 1284 multitudo,
3004 1233 3127 1288 qua:
3174 1230 3414 1287 praesens
3474 1213 3687 1272 aderat,

432 1304 614 1376 ᾅσασα
657 1308 945 1378 μάρτυσιν,
980 1309 1320 1379 ἀγαλλομένη
1360 1312 1457 1375 καὶ,
1483 1308 1749 1381 χαίρουσα
1795 1308 1892 1401 τὴν
1927 1311 2009 1371 εἰς

2118 1314 2409 1384 iuspectrix
2443 1314 2634 1370 eﬂ‘ecta
2686 1312 2961 1376 miraculi,
3007 1310 3322 1383 evangelica
3348 1322 3482 1362 voce
3510 1305 3692 1360 conti-

436 1397 589 1449 πόλιν
633 1397 750 1450 ὁδὸν
776 1399 1089 1468 ἐποιήσατο.
1130 1399 1189 1453 Ἠ
1233 1401 1287 1453 δὲ
1335 1402 1455 1454 τότε
1487 1402 1734 1473 παροῦσα
1774 1397 2003 1471 πληθὺς,

2104 1419 2213 1457 nun
2229 1406 2425 1459 cecinit
2448 1422 2461 1458 :
2490 1406 2646 1471 Vere,
2666 1406 2935 1468 dicentes,
2955 1401 3193 1457 vidimus
3210 1399 3479 1455 mirabilia
3507 1395 3688 1450 hodie.

439 1487 640 1557 θεωρὸς
680 1490 949 1559 γενομένη
993 1490 1087 1543 τοῦ
1123 1491 1417 1557 θαύματος,
1445 1492 1542 1562 τὴν
1570 1496 1626 1544 ἐν
1658 1492 2008 1561 Εὐαγγελίοις

2118 1495 2187 1550 3h
2201 1512 2342 1566 quae,
2366 1496 2530 1552 Deum
2548 1507 2600 1551 et
2621 1506 2916 1567 martyras,
2936 1503 2994 1549 ut
3015 1502 3127 1548 erat
3147 1490 3409 1563 possibile
3424 1485 3695 1543 collauda-

437 1579 621 1648 φωνὴν
654 1578 999 1650 ἐκελάδησεν,
1032 1583 1262 1648 Ὄντως,
1292 1584 1558 1652 λέγοντες,
1582 1582 1801 1651 εἴδαμεν
1831 1585 2007 1651 παρά-

2107 1589 2202 1643 vit.
2239 1588 2373 1643 Cum
2389 1604 2493 1659 qua
2511 1597 2565 1644 et
2594 1576 2717 1653 nes,
2745 1586 3070 1643 decentibus
3087 1583 3310 1639 Christo
3338 1579 3448 1634 Deo
3480 1585 3676 1631 nostra

440 1668 567 1732 δοξα
604 1673 843 1740 σήμερον
877 1690 889 1702 ⁸
927 1675 1011 1743 ἐφ’
1035 1670 1114 1738 οἷς
1137 1675 1267 1728 Θεόν
1292 1692 1350 1728 τε
1380 1676 1472 1727 καὶ
1510 1675 1792 1745 μάρτυρας
1825 1675 1900 1738 ὡς
1924 1670 2013 1729 οἷά

2118 1680 2366 1735 laudibus
2421 1682 2743 1751 sanctisque
2774 1680 2950 1750 ipsius
3006 1677 3207 1733 oblatis
3245 1671 3603 1744 martyribus,
3629 1667 3693 1721 ad

437 1779 493 1813 τε
513 1759 578 1832 ἦν
608 1764 961 1838 ἀνευφήμησε
991 1784 1003 1797 ·
1030 1767 1149 1838 μεθ’
1173 1763 1238 1841 ἧς
1278 1770 1372 1822 καὶ
1401 1771 1559 1839 ἡμεῖς
1577 1769 1677 1832 τὰς
1709 1767 2013 1838 πρεπῶδεις

2118 1773 2403 1840 propositae
2425 1772 2748 1827 intentionis
2776 1770 3195 1842 pr0perabimus
3226 1765 3691 1835 supplementum.

437 1858 709 1929 εὐφημίας
730 1861 950 1932 Χριστῷ
977 1862 1054 1932 τῷ
1083 1861 1201 1932 Θεῷ
1245 1862 1404 1934 ημῶν
1443 1864 1534 1915 καὶ
1565 1864 1674 1924 τοῖς
1699 1863 1874 1929 ἁγίοις
1905 1859 2070 1914 αὑτοῦ
2102 1864 2487 1932 προσοίσαντες
2550 1866 2841 1936 μάρτυσιν,
2900 1863 3037 1935 πρὸς
3091 1861 3191 1933 τὴν
3255 1859 3350 1914 τοῦ
3412 1854 3699 1929 προτεθέν-

436 1970 526 2016 τος
547 1954 754 2008 σκοποῦ
788 1954 1080 2027 βαδιοῢμεν
1111 1956 1495 2028 ἐκπλήρωσιν,

435 2079 553 2130 AE'.
584 2080 720 2147 Περὶ
749 2079 1038 2159 Θεοφίλου
1064 2078 1168 2131 τοῦ
1201 2077 1319 2159 άπὸ
1339 2079 1588 2159 μαγείας
1606 2072 2004 2140 συνδεθέντος

2118 2087 2329 2143 XXXV.
2398 2089 2470 2144 De
2527 2088 2810 2157 Theophila
2870 2088 2963 2159 qui
3030 2104 3061 2141 a
3125 2086 3302 2157 magia
3357 2081 3602 2137 manibus
3647 2090 3695 2135 et

781 2150 886 2214 τὰς
907 2148 1109 2217 χεῖρας
1139 2149 1234 2203 καὶ
1268 2147 1409 2213 τοὺς
1442 2147 1651 2221 πρδίις.

505 2243 829 2312 Θαυμαστὸς
862 2244 890 2295 ὀ
921 2243 1177 2317 Θεύφιλος
1199 2241 1435 2312 ἀληθῶς,
1459 2244 1551 2296 xui.
1574 2242 1884 2312 θαυμαστὸν
1915 2242 2008 2294 καὶ

433 2336 497 2389 τὸ
548 2335 668 2390 κατ’
704 2335 865 2388 αὐτόν
912 2338 1034 2387 ἐστι
1065 2333 1350 2405 διήγημαο
1402 2334 1498 2385 καὶ
1531 2332 1671 2402 τάχα
1721 2331 1808 2383 διὰ
1853 2329 2009 2382 τοῦτο

434 2431 741 2482 τελευταῖον
790 2430 924 2499 ἡμῖν
964 2428 1156 2481 ἑαυτὸν
1189 2426 1528 2499 διετήρησεν,
1566 2425 1764 2495 μᾶλλον
1809 2423 1867 2476 δὲ
1910 2423 2010 2477 οὐκ

432 2521 597 2585 αὐτὸς
620 2521 812 2575 ἑαυτὸν
838 2519 1065 2591 ὕστερον
1089 2521 1316 2590 ἤγαγεν,
1339 2517 1455 2574 ἀλλ’
1482 2518 1531 2570 οἱ
1562 2516 1855 2583 θαυμάσιοι
1878 2515 2014 2584 μάρο

432 2630 612 2683 τυρες.
645 2612 967 2666 Τελευταῖον
1007 2612 1064 2665 δὲ
1108 2611 1270 2683 μόνον
1326 2609 1434 2666 τῶν
1476 2610 1562 2663 ἐπ’
1604 2605 2011 2677 Ἀλεξανδρεῦσι

432 2686 752 2779 γραιρέντων
782 2707 1106 2776 εἰρήκαμεν,
1140 2705 1229 2760 ἵνα
1272 2705 1366 2759 καὶ
1403 2703 1472 2757 τὰ
1510 2702 1852 2774 προλαϐόντα
1883 2700 2015 2755 θαύ-

436 2817 578 2871 ματα
609 2798 1024 2861 καλλωπίσειεν,
1042 2799 1139 2852 καὶ
1167 2796 1434 2860 πλουσίως
1466 2795 1733 2866 εὐφραίνῃ
1759 2793 1853 2847 καὶ
1875 2793 2010 2864 λαμο

433 2892 587 2961 πρὼς
626 2892 748 2954 τοὺς
779 2889 1098 2954 ἀκούοντας,
1135 2888 1231 2941 καὶ
1254 2888 1393 2960 πρὸς
1418 2886 1581 2940 αὑτὸν
1612 2885 1699 2940 ἀεὶ
1722 2886 1832 2939 πᾶν
1856 2885 1885 2938 ὃ
1908 2886 2012 2956 ἒμ-

439 2982 739 3053 πεφόρευτο
772 2981 957 3051 ἐτέρου
987 2981 1173 3051 γραφῇ
1204 2980 1278 3050 μὴ
1316 2978 1668 3050 σκεπόμενος.
1706 2977 2014 3046 Ἀγασάμε-

432 3091 516 3132 νοι
547 3074 726 3127 τοίνυν
777 3073 873 3126 καὶ
910 3075 1075 3142 ἡμεῖς
1113 3070 1277 3126 αὑτὸν
1327 3071 1426 3141 τῆς
1463 3069 1751 3134 συνέσεως,
1792 3068 1861 3122 τά
1891 3066 2014 3121 κατ’

435 3165 597 3220 αὐτὸν
635 3165 993 3236 διηγούμεθα,
1049 3164 1317 3234 στέφανον
1361 3164 1525 3218 αὐτὸν
1564 3161 1876 3232 θαυμαστὸν
1903 3163 2015 3225 τοῖς

435 3260 829 3329 προγραφεῖσιν
853 3258 1169 3326 ἐπάγοντεςο
1205 3256 1263 3310 Ὁ
1278 3256 1375 3322 τῆς
1403 3255 1813 3326 μισανθρωπίας
1835 3254 2015 3326 πατὴρ

436 3352 532 3405 καὶ
561 3351 661 3419 τῆς
697 3351 1051 3422 μισαδελφίας
1078 3348 1417 3413 διδάσκαλος,
1448 3350 1477 3402 ὁ
1503 3347 1560 3416 ἐξ
1595 3350 1770 3420 ἀρχῆς
1804 3347 2012 3418 πλανή-

2584 2160 2803 2230 pedibus
2835 2162 3038 2213 vinctus
3064 2167 3163 2211 est.

2182 2256 2448 2311 Mirabilis
2500 2273 2627 2313 vere
2683 2254 3045 2327 Tthphilus,
3094 2251 3365 2308 mirabilis
3418 2257 3502 2306 est
3545 2244 3697 2304 etde

2110 2349 2232 2419 ipso
2258 2349 2522 2403 narratio.
2572 2347 2638 2402 Et
2688 2347 2831 2404 forte
2865 2347 3078 2403 idcirco
3112 2346 3480 2400 novissimum
3536 2340 3695 2396 nobis

2112 2441 2234 2497 Sese
2282 2442 2549 2506 servavit,
2603 2442 2712 2496 imo
2776 2455 2886 2495 non
2943 2439 3063 2511 ipse
3117 2454 3176 2495 se
3220 2437 3697 2508 ipsumrpnstmm

2112 2526 2241 2582 dum
2274 2528 2477 2591 intulit,
2513 2528 2607 2583 sed
2634 2527 2914 2583 mirabiles
2950 2527 3149 2583 sancti.
3198 2523 3568 2581 Novissimum
3602 2536 3699 2575 au-

2113 2628 2222 2675 tem
2267 2619 2418 2673 illum
2444 2636 2637 2675 eorum
2667 2621 2941 2676 duntaxat
2995 2637 3121 2677 esse
3172 2616 3574 2688 perbibuimus.
3603 2613 3698 2682 (ιιιὶ

2114 2710 2259 2767 inter
2292 2712 2698 2770 Alexandrinos
2729 2714 2994 2785 descripti
3033 2722 3184 2777 sunt,
3215 2721 3273 2766 ut
3298 2720 3352 2766 et
3387 2708 3701 2780 praeceden-

2114 2805 2188 2859 tia
2222 2814 2480 2861 venustet
2528 2807 2822 2873 miracula,
2878 2818 2937 2875 Aet
2989 2806 3197 2862 clarius
3254 2821 3319 2860 ac
3373 2802 3702 2873 locupletius

2115 2896 2349 2951 laetiﬁcet
2395 2897 2698 2965 audientes,
2736 2904 2793 2953 et
2833 2898 2902 2952 ab
2927 2898 3009 2954 eis
3044 2911 3266 2966 semper
3324 2897 3379 2949 in
3437 2893 3702 2948 memoria

2116 2989 2212 3056 sit,
2244 2990 2475 3046 alterius
2513 2990 2789 3060 scriptura
2817 2990 3042 3045 minime
3070 2997 3271 3044 tectus.
3300 2985 3564 3041 Mirantes
3597 2986 3701 3056 igi-

2117 3095 2208 3138 tur
2229 3092 2283 3138 et
2306 3098 2408 3138 nos
2431 3084 2758 3155 sapientiam
2797 3082 2939 3153 ejus.
2992 3098 3115 3154 quae
3168 3082 3315 3138 circa
3366 3095 3492 3135 eum
3549 3086 3701 3151 gesta
3796 3153 3804 3159 1

2116 3182 2246 3229 ευιιῑ
2277 3174 2692 3239 enarrabimus,
2728 3188 2992 3228 coronam
3046 3173 3200 3228 illum
3257 3170 3565 3225 mirabilem
3616 3167 3704 3222 his

2117 3282 2238 3336 quae
2265 3252 2586 3338 praescripta
2618 3273 2749 3322 sunt
2774 3267 3150 3323 conferentes.
3183 3262 3232 3320 ls
3258 3265 3349 3335 qui
3376 3271 3462 3319 est
3510 3263 3703 3317 Imma-

2115 3359 2305 3415 uitatis
2335 3360 2445 3414 odii
2480 3367 2654 3429 pater,
2688 3366 2743 3415 et
2774 3359 3079 3415 inimicitiae
3140 3357 3502 3414 fraternitatis
3530 3357 3704 3427 magi-

439 3461 538 3508 σας
561 3445 650 3497 τὸν
671 3443 978 3516 ἄνθρωπον,
1004 3444 1099 3497 καὶ
1125 3443 1331 3514 γυμνὸν
1358 3441 1520 3496 αὑτὸν
1545 3441 1607 3494 τὸ
1630 3442 1755 3496 ὅσον
1775 3441 1859 3510 ἐφ’
1883 3443 2011 3495 ἐαυ-

2118 3460 2248 3516 ster,
2277 3451 2369 3520 qui
2402 3452 2469 3506 ab
2498 3452 2657 3507 initio
2685 3452 2900 3523 decepit
2927 3451 3230 3518 hominem,
3256 3451 3349 3522 qui
3379 3464 3503 3505 eum
3527 3464 3706 3518 quan-

435 3535 514 3607 τῷ
550 3534 699 3598 θείας
741 3535 1115 3605 ἐργασάμενος
1145 3535 1387 3606 χάριτος,
1428 3534 1492 3603 τῇ
1532 3531 1667 3603 πρὸς
1697 3532 2016 3603 ἀνθρώπους

436 3629 615 3702 οἰκείᾳ
670 3629 836 3700 μανίᾳ
886 3646 980 3681 και
1019 3626 1178 3698 θυμῷ
1218 3626 1294 3698 μὴ
1339 3624 1701 3697 ἀρκούμενος,
1739 3627 1833 3679 καὶ
1864 3625 2017 3688 ὅσαις

437 3723 636 3787 αὐτοὺς
694 3722 987 3785 ἀπαύστως
1031 3719 1347 3790 περιϐάλλει
1393 3714 1700 3790 συμφοραῖς
1739 3718 1834 3771 καὶ
1878 3734 2018 3787 συμ-

439 3816 746 3887 πτώμασιν,
779 3815 854 3878 ὡς
892 3813 1011 3867 Ἰώϐ
1039 3830 1204 3883 φησιν
1230 3813 1259 3864 ὁ
1288 3810 1573 3874 θεσπέσιος
1598 3828 1611 3842 ο
1636 3810 1771 3871 ἀλλὰ
1793 3812 1888 3864 καὶ
1921 3812 2018 3863 αὐ-

439 3907 562 3971 τοὺς
586 3908 672 3960 ἐπ’
690 3906 950 3975 ἀλλήλους
973 3905 1176 3975 ἐγείρει
1194 3903 1534 3974 ωχνὸτερον,
1557 3901 1812 3971 ἐμϐαλὼν
1835 3903 2018 3967 αὐτοῖς

438 3997 539 4068 τῆς
573 3995 739 4050 αὐτοῦ
798 3993 1210 4065 μισανθρωπίας
1246 3992 1316 4046 τὰ
1360 3996 1677 4063 σπέρματα,
1710 3990 1785 4053 ὡς
1815 3992 1909 4045 καὶ
1939 3992 2020 4054 είς

439 4085 691 4142 τοσοῦτον
745 4087 943 4148 αὐτοὺς
994 4083 1206 4137 ἐκκαίει
1263 4082 1401 4155 πρὸς
1458 4082 1557 4154 τὴν
1617 4081 1862 4152 ἀλλήλων
1910 4083 2020 4136 ἀπ-

447 4178 681 4250 έχθειαν,
713 4178 786 4241 ὡς
812 4180 905 4233 καὶ
934 4178 1098 4232 αὑτὸν
1125 4176 1398 4247 αἱρεῖσθαι
1424 4175 1523 4246 τῆς
1550 4175 1760 4239 οἰκείας
1800 4176 2021 4248 μήνιδος

456 4272 762 4343 σύμμαχον,
790 4271 883 4325 καὶ
919 4268 1168 4343 πρώτους
1199 4269 1426 4333 ἑαυτοὺς
1471 4268 1729 4339 βλάπτειν
1761 4268 1829 4323 τὰ
1866 4268 2023 4339 μέγι-

442 4383 541 4419 στα
560 4364 757 4436 (ψυχῆς
769 4365 875 4435 γὰρ
891 4365 919 4417 ὁ
933 4364 1161 4428 θάνατος
1174 4362 1415 4417 τίκτεται
1431 4359 1541 4435 [ἐκ]
1553 4360 1651 4432 τῆς
1668 4362 1803 4430 πρὸς
1815 4362 2022 4417 ἐκεῖνον

441 4460 763 4532 συμϐάσεως
789 4461 833 4530 ),
867 4460 961 4514 καὶ
985 4458 1128 4513 οὕτω
1154 4458 1281 4522 τοὺς
1309 4458 1570 4527 ἀδελφοὺς
1589 4456 1681 4521 οὓς
1706 4458 1925 4528 ἀγαπᾷν
1947 4458 2023 4522 ὡς

439 4555 662 4617 ἑαυτοὺς
693 4551 1036 4623 προσετάχθη
1045 4568 1163 4621 μεν.

508 4734 711 4790 Τοῦτόν
754 4750 899 4798 τινες
948 4732 1204 4801 ἀδικῆσαι
1248 4731 1507 4799 Θεόφιλον
1553 4730 1829 4793 θέλοντες,
1866 4722 1910 4798 ᾧ
1940 4731 2021 4783 οῖ-

441 4825 739 4880 κειὼσαντο
764 4822 901 4894 μετά
923 4823 1020 4891 τῆς
1049 4820 1215 4875 αὐτοῦ
1247 4822 1489 4891 πονηρᾶς
1517 4819 1890 4891 προαιρέσεως
1911 4837 1925 4850 ο
1953 4822 2021 4892 ἢν

441 4919 728 4976 ἐκτελέσαι,
758 4917 1150 4980 σπουδάζοντες
1178 4914 1374 4985 βοηθὸν
1407 4913 1570 4967 αὐτὸν
1598 4913 1734 4984 πρὸς
1763 4914 1860 4984 τὴν
1896 4914 2016 4967 ἐπι-

441 5010 639 5081 ϐουλὴν
673 5006 1096 5077 ὲπεσύροντο.’0
1118 5005 1176 5058 δὲ
1208 5004 1451 5066 πεισθεὶς
1490 5005 1608 5066 ταῖς
1648 5005 1874 5073 μισραῖς
1917 5004 2016 5056 αὐ-

441 5101 549 5153 τῶν
573 5098 948 5166 ἑπικλήσεσιν,
971 5097 1031 5148 οὐ
1067 5094 1303 5166 μετρίως
1336 5093 1538 5147 ἐκάκου
1598 5092 1687 5148 τὸν
1707 5091 2014 5164 ἄνθρωπον,

439 5194 628 5263 χεῖρας
654 5189 745 5243 καὶ
775 5188 942 5250 πόδας
973 5187 1241 5256 συνδήσας
1264 5185 1359 5238 τοῦ
1391 5184 1662 5254 σώματος,
1696 5186 1786 5238 καὶ
1817 5185 2017 5247 δειναῖς

439 5281 697 5351 ἀλγηδόσι
752 5277 1035 5349 βαστάζων
1091 5276 1167 5340 ὡς
1212 5276 1420 5348 ἤθελεν,
1469 5277 1562 5331 καὶ
1596 5277 1736 5347 τάχα
1764 5276 1863 5347 οὐχ
1892 5278 2014 5331 ὅσον

440 5371 632 5439 ἢθελεν
680 5370 774 5423 καὶ
801 5368 1059 5438 ἠϐούλετο
1087 5367 1285 5439 (ἀνεῖλε
1321 5368 1425 5439 γάρ
1457 5367 1619 5422 αὑτὸν
1658 5371 1708 5422 εἰ
1739 5368 2015 5440 ἠδύνατο),

440 5459 554 5513 ἀλλ’
567 5462 690 5517 ὅσον
711 5458 866 5528 άνιᾷν
885 5458 1019 5529 πρὸς
1036 5456 1170 5510 Θεοῦ
1196 5455 1673 5529 συνε[κε]χὼρητο.
1693 5458 1872 5512 Ἀλλ’ὁ
1892 5458 2022 5512 Θεό-

440 5552 593 5618 φιλος
620 5550 717 5622 τὴν
745 5547 922 5602 αἰτίαν
940 5547 1148 5617 ἀγνοῶν
1168 5546 1263 5601 τοῦ
1291 5548 1618 5619 νοσήματος,
1652 5549 1772 5613 τοὺς
1802 5550 2019 5619 ἰατροὺς

445 5643 857 5713 μετεπέμπετο,
895 5641 988 5695 καὶ
1046 5640 1256 5711 βοηθεῖν
1299 5640 1375 5704 ὡς
1427 5639 1611 5703 σθένος
1656 5641 1886 5709 ἱκέτευε,
1924 5644 2016 5697 καὶ

442 5731 636 5798 σώζειν
672 5732 748 5796 ὡς
783 5734 954 5802 τάχος,
987 5731 1181 5797 ἐδέετο,
1220 5732 1387 5803 ἀργὸν
1421 5733 1514 5786 καὶ
1540 5732 1794 5805 ἀκίνητον
1822 5735 2012 5803 κείμε-

550 5912 593 5945 ’τ
624 5911 726 5969 Job
756 5929 845 5978 xu,
878 5931 981 5981 λιι,
1012 5908 1232 5981 passim.
1369 5914 1399 5965 1‘
1434 5928 1455 5945 ὐ

2059 4778 2097 4830 Ι)

2119 3555 2232 3623 tum
2296 3544 2349 3597 in
2408 3534 2468 3600 se
2531 3543 2634 3598 fuit
2689 3542 2876 3599 divina
2920 3544 3098 3614 gratia
3152 3544 3338 3605 exuit,
3384 3539 3604 3612 propria
3654 3548 3707 3592 et

2120 3634 2417 3689 furibunda
2489 3635 2543 3690 in
2621 3635 2873 3692 homines
2956 3636 3212 3691 detentus
3286 3631 3536 3693 insania,
3595 3645 3700 3683 unu

2119 3725 2294 3778 solum
2346 3725 2558 3795 magnis
2601 3726 2950 3781 incessanter
3006 3740 3102 3780 eos
3158 3722 3323 3778 afﬁcit
3371 3722 3592 3778 casibus
3653 3729 3708 3773 et

2119 3817 2521 3872 calamitalibus
2541 3856 2556 3880 ,
2619 3817 3080 3888 quemadmodum
3126 3815 3230 3871 Job
3258 3815 3331 3870 ait
3364 3814 3616 3885 egregius
3640 3814 3703 3874 ³⁷,

2122 3907 2217 3963 sed
2278 3918 2334 3963 et
2393 3909 2518 3964 illos
2565 3898 2836 3967 adversus
2890 3925 2949 3966 se
3002 3909 3235 3964 invicem
3306 3905 3560 3962 crebrius
3594 3905 3704 3959 eri-

2118 3997 2218 4065 git,
2270 3997 2566 4053 immitteus
2611 3999 2756 4054 inter
2794 4014 2889 4054 eos
2923 4014 3023 4054 sua
3064 3998 3314 4053 homines
3338 3978 3578 4052 odii-utin
3618 4010 3705 4049 se-

2122 4087 2310 4154 mina;
2368 4090 2460 4157 qui
2513 4091 2680 4144 etiam
2729 4105 2826 4146 eos
2859 4090 2998 4147 adeo
3044 4091 3331 4147 succendit
3363 4088 3432 4142 ad
3460 4098 3705 4140 utntuam

2121 4177 2483 4240 inimicitiam,
2527 4189 2586 4235 ut
2657 4190 2713 4236 et
2753 4182 2873 4253 ipse
2927 4198 3143 4254 quoque
3195 4183 3485 4237 multoties
3541 4182 3710 4252 eliga-

2125 4278 2216 4325 tur
2254 4273 2459 4342 proprii
2519 4272 2722 4330 fureris
2751 4276 3048 4330 auxiliator
3095 4276 3165 4330 ab
3215 4275 3300 4331 his
3327 4276 3421 4347 qui
3448 4275 3623 4344 primo
3651 4291 3709 4329 se

2123 4361 2275 4433 ipsos
2325 4364 2560 4422 maxime
2617 4366 2820 4421 laedunt
2872 4366 3099 4439 (animae
3148 4369 3354 4438 quippe
3404 4383 3551 4419 mnrs
3606 4383 3703 4419 ua-

2128 4455 2301 4508 seilur
2354 4470 2386 4511 e
2435 4459 2802 4513 couveutione
2843 4474 2966 4528 qua}
3018 4474 3144 4513 cum
3203 4459 3323 4528 ipso
3379 4459 3706 4525 contu-itur)

2124 4552 2178 4598 et
2206 4545 2285 4599 sic
2320 4542 2534 4610 fratres,
2586 4563 2726 4618 quos
2766 4548 2993 4620 diligere
3032 4551 3176 4605 sicut
3206 4566 3306 4605 nos
3341 4554 3487 4621 ipsos
3521 4566 3710 4606 smnus

2124 4633 2401 4706 praecepti.
2885 4672 2888 4676 λ
3238 4634 3239 4637 “

2198 4723 2356 4780 Hunc
2414 4726 2657 4797 quidam,
2703 4728 3014 4799 opprimere
3071 4730 3435 4802 Theophilum
3503 4734 3708 4805 injuSIc

2127 4817 2395 4881 volentes,
2444 4826 2501 4872 ut
2553 4830 2844 4889 patronum
2898 4823 3177 4894 preprium
3230 4826 3503 4882 asciscere
3549 4841 3705 4880 cura-

2128 4920 2342 4974 verunt,
2377 4926 2500 4966 cum
2554 4911 2727 4982 ipsius
2781 4913 2971 4985 iniquo
3025 4917 3328 4986 preposito,
3373 4917 3518 4987 quod
3569 4932 3703 4972 cou-

2127 5014 2403 5055 summare
2455 5009 2787 5072 satageutes,
2830 5004 3130 5073 adjutorem
3176 5006 3326 5060 illum
3369 5007 3435 5060 ad
3478 5006 3706 5060 insidias

2125 5098 2494 5147 attraxerunt.
2532 5095 2602 5146 At
2645 5092 2737 5148 ille
2782 5093 2945 5151 [mdis
2986 5097 3442 5154 advocationibus
3484 5112 3701 5167 parens,

2127 5198 2235 5237 non
2289 5183 2642 5240 mediocriter
2697 5184 2976 5243 hominem
3040 5187 3347 5258 amigebat.
3398 5196 3595 5244 manus
3651 5200 3704 5242 rt

2129 5276 2294 5347 pedes
2323 5278 2573 5349 corporis
2604 5280 2877 5348 vinciens,
2916 5281 3162 5355 dirisque
3195 5284 3479 5339 doloribus
3506 5285 3701 5339 verbe-

2128 5383 2279 5432 rans,
2317 5375 2377 5423 ut
2415 5367 2667 5436 volebat;
2717 5379 2772 5426 et
2812 5369 2956 5428 forte
3001 5387 3111 5427 non
3158 5382 3423 5443 quantum
3465 5372 3702 5438 volebat,

2126 5461 2212 5516 vel
2245 5461 2556 5532 appetebat,
2594 5477 2719 5517 nam
2752 5464 3046 5534 perimeret
3091 5464 3243 5520 illum
3281 5464 3328 5520 si
3364 5474 3573 5535 posset,
3606 5467 3700 5521 sed
3761 5456 3773 5521 ἰ

2127 5564 2392 5620 quantum
2446 5553 2696 5610 cruciare
2755 5569 2783 5609 a
2837 5554 2946 5610 Deo
3004 5555 3440 5625 permittebatur.
3504 5554 3701 5611 Verum

2126 5643 2464 5717 Tthphilus
2519 5661 2741 5702 causam
2800 5646 3082 5714 languoris
3130 5648 3412 5718 ignorans,
3464 5650 3701 5705 medicos

2124 5738 2481 5802 accersiebat,
2525 5747 2579 5794 et
2629 5737 2890 5810 adjuvare
2934 5748 3199 5811 quantmu
3255 5744 3396 5798 vires
3446 5753 3702 5814 suppete-
