4060 6236
401 351 541 411 εἷἰῗῖί

400 480 519 518 rent
572 470 935 535 supplicabat,
978 481 1030 527 et

397 836 554 881 erant.
584 831 974 899 operabantur,
1003 836 1135 889 nihil
1174 842 1318 892 enim
1359 842 1471 896 haec
1507 862 1599 899 cos
1633 851 1721 917 qui
1758 854 1972 921 passio-

399 935 519 972 urm
571 936 675 974 non
716 937 1054 994 cognoscunt
1099 928 1276 986 facere
1315 935 1547 1005 jubeut;
1600 941 1693 996 srd
1742 959 1865 1012 quae
1908 961 1972 1000 ex

400 1014 622 1081 proprio
676 1032 880 1083 sensu,
936 1027 989 1073 et
1049 1023 1293 1078 studiosa
1347 1032 1624 1096 rt‘pt‘l‘lllzzl
1682 1037 1970 1104 sapientia.

397 1100 580 1155 Multis
638 1104 821 1174 itaque
879 1109 1177 1176 antidotis,
1249 1115 1543 1186 nudusque
1600 1100 1973 1191 purgamentis

397 1190 683 1262 impensis,
713 1214 775 1250 ex
817 1199 1052 1269 alit'ujus
1079 1202 1223 1255 cnim
1263 1207 1643 1264 alimentorum
1678 1215 1972 1279 superﬁuie

395 1292 507 1337 tate
549 1289 808 1354 putabant
854 1307 978 1346 esse
1018 1300 1351 1363 passionem,
1388 1312 1440 1355 ct
1485 1304 1608 1357 aliis
1644 1307 1969 1373 quibusdam

399 1392 492 1442 per
527 1389 798 1446 urgurnta
835 1382 1162 1455 dizetamque
1201 1393 1452 1458 patratis,
1498 1410 1621 1447 cum
1667 1399 1740 1449 nil
1793 1400 1973 1468 profe-

395 1469 600 1537 cissent
656 1471 999 1539 quieverunt,
1054 1478 1139 1532 vix
1191 1485 1406 1536 tandem
1458 1500 1516 1539 se
1564 1487 1817 1555 ignorare
1851 1507 1973 1556 pas-

396 1557 605 1611 sionem
642 1556 1053 1619 asSt-vct'autcsf
1081 1568 1323 1633 Quorum
1373 1590 1477 1626 non
1525 1579 1685 1629 modo
1718 1579 1973 1648 ignorau-

398 1648 661 1713 Iiam,sed
693 1662 745 1706 et
776 1670 899 1708 cum
938 1656 1038 1711 bac
1072 1660 1450 1730 impotentiam
1479 1680 1603 1720 cum
1630 1674 1973 1739 cegnovisset

304 1798 309 1801 _
393 1741 664 1809 inﬁrmus,
707 1747 914 1814 portari
957 1765 1017 1804 se
1058 1750 1124 1804 ad
1164 1764 1385 1810 sanctos
1422 1756 1668 1824 iubebat,
1699 1763 1789 1829 qui
1827 1763 1970 1817 divi-

1265 370 1326 431 S.
1364 371 1773 438 ΞΟΠ.ἰὲοΝῐί
1813 383 2315 448 ΓίϋίῚῖἰΑΙίίῖἰίςἙ
2348 388 2748 449 lilEliOSOL.

1085 479 1296 533 salvarc
1341 487 1668 550 quantocius
1721 492 1965 546 obsecra-

2081 516 2190 561 νον,
2238 502 2332 551 καὶ
2366 503 2502 564 ταῖς
2545 501 2755 561 ὀδύναις
2793 502 3039 567 ἐλεεινῶς
3075 505 3463 575 ἀπολλύμενον.
3510 511 3573 562 Oi
3603 512 3656 563 δ”τ

402 554 520 620 bat,
558 571 614 609 se
667 557 895 613 inertem
952 563 1394 640 immobilcmque
1442 574 1735 642 jaceutem.
1771 590 1825 635 et
1881 584 1979 634 mi-

399 645 710 700 serabiliter
766 664 877 719 pra!
930 651 1213 709 doloribus
1262 672 1612 731 pereuntem;
1665 670 1869 738 quique
1922 682 1978 726 ut

399 736 490 789 ille
523 738 759 793 laesiouis
802 756 1026 796 causam
1079 746 1414 816 ignorantes,
1441 770 1547 809 non
1580 773 1640 809 ea
1681 736 1801 828 qtae
1841 764 1977 818 artis

3521 398 3657 459 3544

2089 590 2553 659 συναγνοήσαντες
2600 592 2749 661 αὐτῷ
2797 595 2896 663 τῆς
2929 594 3134 665 βλάϐης
3175 598 3233 650 τὸ
3266 600 3465 667 αἴτιον,
3492 600 3552 652 οὐ
3592 602 3663 656 τὰ

2084 681 2184 744 τῆς
2222 679 2419 748 τέχνης
2450 683 2766 753 εἰργάζοντο
2795 701 2808 716 ·
2839 685 2990 739 οὐδὲν
3022 688 3129 759 γὰρ
3149 688 3284 760 αὕτη
3324 690 3448 754 τοὺς
3493 692 3661 757 πάθος

2084 770 2412 837 ἀγνοοῦντας
2447 776 2620 826 ποιεῖν
2666 776 3030 842 διατάττεται,
3066 780 3202 834 ἀλλὰ
3243 781 3312 835 τὰ
3358 781 3419 847 ἐξ
3456 785 3659 857 οἰκείου

2085 862 2178 915 νοῦ
2211 863 2305 917 καὶ
2332 863 2618 932 φιλοπόνου
2648 870 3019 939 φρονήματος.
3048 871 3256 936 Πολλὰς
3292 873 3424 940 γοῦν
3456 875 3656 930 ἀντιδόο

2081 969 2209 1017 τους
2241 954 2494 1023 ῥέξαντες
2521 958 2613 1010 καὶ
2650 959 2920 1029 καθάρσια
2966 962 3186 1017 πλείονα
3214 966 3300 1036 (ὲκ
3330 967 3524 1038 χυμῶν
3550 970 3661 1036 γὰρ

2083 1042 2394 1114 πληθωρίας
2423 1046 2482 1099 τὸ
2510 1048 2678 1112 πάθος
2707 1050 2997 1121 ἐνόμιζον),
3041 1056 3133 1106 καὶ
3166 1055 3330 1128 ἔτερα
3380 1057 3563 1110 αὐτῶν
3593 1058 3661 1112 δι’

2081 1133 2435 1204 ἀλειμμάτων
2484 1138 2575 1189 καὶ
2627 1139 2882 1211 διαφόρου
2942 1142 3154 1214 διαίτης
3208 1147 3554 1217 ποιήσαντες,
3586 1147 3660 1210 ὡς

2083 1225 2235 1278 οὐδὲν
2275 1226 2538 1294 ὠφέλουν,
2567 1229 2876 1285 ἐπαύσαντο
2902 1248 2916 1263 ο
2947 1233 3097 1304 μόλις
3125 1236 3255 1288 ποτὲ
3291 1234 3386 1289 τοῦ
3416 1237 3653 1307 νοσήμα-

2082 1333 2172 1379 τος
2200 1317 2486 1387 εἰρηκότες
2524 1320 2622 1390 τὴν
2652 1321 2894 1389 ἄγνοιαν,
2928 1324 3021 1376 καὶ
3054 1325 3191 1395 μετά
3216 1327 3318 1394 τῆς
3345 1326 3567 1395 ἀγνοίας
3600 1328 3661 1380 τὺ

2080 1407 2312 1471 ἄνιλκες
2358 1410 2603 1478 κομίζειν
2649 1412 2813 1487 αὐτὸν
2856 1415 2992 1484 πρὶς
3026 1417 3154 1478 τοὺς
3191 1416 3383 1484 ἁγίους
3415 1417 3655 1478 ἐκέλευε.

2079 1498 2205 1560 τοὺς
2238 1497 2423 1551 θεόθεν
2464 1501 2671 1563 εἰδότας
2705 1502 2911 1572 βροτῶν
2951 1505 3021 1559 τὰ
3063 1509 3371 1576 νοσήματα,
3404 1508 3658 1561 κάκεῖθεν

2081 1589 2264 1652 αὐτοῖς
2295 1592 2392 1654 τὰς
2428 1592 2600 1654 ἰάσεις
2626 1594 2936 1664 ὀρέγοντας.
2969 1598 3062 1661 Εἰς
3093 1598 3154 1652 τὸ
3186 1598 3376 1670 Κύρου
3406 1599 3537 1669 γοῦν
3565 1603 3658 1654 καὶ

2094 1680 2338 1733 Ἰωάννου
2394 1684 2680 1755 γενόμενος
2731 1688 2978 1757 τέμενος,
3025 1691 3117 1743 καὶ
3173 1691 3329 1745 λῦσαι
3382 1692 3442 1745 τὸ
3490 1693 3657 1745 κακὸν

2085 1770 2369 1834 ἱκετεύσας
2399 1774 2526 1837 τοὺς
2554 1776 2858 1845 μάρτυρας,
2895 1779 3032 1849 μετὰ
3055 1781 3242 1850 χρόνον
3266 1782 3328 1835 οὐ
3358 1783 3522 1836 πολὺν
3544 1785 3656 1836 sia-

394 1832 540 1885 nilus
602 1834 806 1890 scirent
866 1842 1175 1896 mortalium
1238 1846 1545 1913 passiones,
1586 1859 1640 1904 ct
1696 1854 1842 1908 illinc
1892 1857 1965 1912 eis

2075 1832 2363 1925 axe-Jama,
2391 1832 2906 1936 καίττλτλςιριἷίσείιοςΙ
2944 1832 3152 1941 ετυέέν.
3195 1873 3506 1944 Συμπαθεῖς
3548 1874 3657 1943 γάρ

392 1928 656 1984 sanitates
715 1932 1078 2003 porrigerent.
1134 1938 1217 1991 Ad
1275 1940 1400 2012 Cyri
1454 1958 1583 2013 ergo
1642 1961 1705 2000 ac
1743 1947 1970 2007 Joannis

389 2034 513 2073 cum
550 2022 791 2078 venisset
835 2025 1138 2094 basilicam,
1165 2040 1217 2084 ct
1250 2034 1464 2089 solvere
1496 2054 1553 2091 se
1585 2054 1613 2090 a
1648 2041 1793 2096 m‘alo
1826 2059 1969 2095 mar-

391 2118 538 2179 tyres
606 2115 1002 2182 supplicassrt,
1065 2130 1187 2187 post
1238 2138 1345 2177 non
1412 2129 1644 2181 multum
1709 2135 1970 2200 temporis

386 2202 680 2259 exauditus
729 2216 783 2261 et
836 2209 1216 2267 incolumitate
1275 2217 1511 2285 potitus;
1572 2226 1969 2290 compatieutes

387 2296 587 2365 quippe
625 2307 755 2352 sunt
782 2316 911 2371 erga
948 2301 1047 2358 bos
1088 2307 1181 2374 qui
1218 2306 1453 2363 dirersis
1487 2313 1837 2380 passionibus
1870 2316 1969 2370 de-

387 2385 721 2454 primuntur,
777 2399 831 2444 et
890 2391 1101 2448 Celeres
1155 2394 1262 2448 illis
1328 2397 1618 2454 conferunt
1676 2403 1966 2470 sanitates,

2080 1953 2186 2005 εἱσι
2219 1953 2354 2023 πρὸς
2377 1956 2502 2019 τοὺς
2528 1957 2858 2027 πάσχοντας,
2870 1962 2978 2023 χαὶ
3020 1964 3319 2033 συντόμους
3343 1966 3527 2028 αὐτοῖς
3559 1967 3655 2028 τὰς

2082 2044 2252 2108 ἰάσεις
2284 2047 2623 2118 χαρίζονται,
2661 2053 2711 2103 εἰ
2747 2053 2821 2122 μὴ
2862 2055 3004 2106 πάνυ
3038 2056 3241 2109 τούτων
3269 2051 3381 2109 εἷεν
3421 2057 3651 2123 ἀνάξιοι,

2073 2133 2105 2204 ἢ
2157 2136 2411 2199 παιδείας
2458 2126 2805 2211 μακροτέρας
2848 2144 3111 2212 δεόμενοι,
3147 2146 3212 2199 δι’
3242 2147 3468 2215 ἀλόγους
3505 2149 3654 2212 τινὰς

2072 2230 2167 2280 καὶ
2225 2227 2432 2298 κρύφια
2490 2231 2827 2301 πταίσματα,
2881 2235 2975 2298 οὓς
3022 2237 3181 2305 μόνος
3220 2238 3503 2292 ἐπίσταται
3544 2239 3654 2291 τῶν

2070 2315 2207 2367 ὅλων
2235 2318 2263 2369 ὁ
2290 2317 2578 2386 πρύτανις,
2606 2321 2699 2374 καὶ
2730 2317 2811 2385 οἷς
2843 2322 2907 2375 ἃν
2935 2323 3096 2386 αὐτὸς
3133 2324 3209 2387 ὡς
3246 2324 3421 2390 ἀξίοις
3460 2325 3655 2396 γνώρι-

2073 2424 2237 2463 σειεν.

386 2478 489 2533 nisi
532 2479 617 2535 bis
656 2482 858 2551 Oppith
923 2485 1033 2538 siut
1088 2485 1319 2558 indigni,
1380 2492 1463 2545 vel
1518 2492 1827 2565 disciplina:
1902 2498 2230 2567 prolixiores
2280 2513 2526 2571 egentes,
2562 2505 2635 2561 ob
2674 2506 2916 2561 rationes
2967 2511 3232 2578 quasdam
3305 2522 3357 2567 et
3432 2514 3650 2569 occulta

377 2572 608 2640 judicia,
648 2589 771 2644 quae
813 2574 962 2633 solus
1011 2579 1162 2633 novit
1210 2583 1521 2638 moderator
1554 2588 1958 2653 universorum,
1993 2597 2049 2646 et
2089 2592 2141 2645 bi
2183 2594 2386 2663 quibus
2430 2596 2550 2665 ipse
2606 2605 2871 2667 tanquam
2905 2599 3087 2667 dignis
3147 2603 3263 2657 lure
3323 2603 3645 2660 innotuerit.

452 2660 589 2727 Quia
627 2679 754 2717 vero
791 2666 1106 2735 languorem
1152 2670 1417 2742 diximus,
1449 2683 1502 2729 et
1541 2678 1793 2733 sanitatis
1826 2697 1962 2749 quo-

384 2768 491 2820 que
529 2753 775 2811 dicemus
832 2760 1083 2827 modum;
1122 2778 1317 2831 magno
1364 2767 1508 2822 enim
1561 2779 1644 2825 est
1694 2774 1965 2829 miraculo

385 2845 619 2915 dignus,
669 2856 723 2901 et
779 2848 941 2919 lmjus
1000 2855 1078 2907 rei
1133 2858 1308 2925 gratia
1365 2860 1528 2914 etiam
1589 2863 1961 2921 inﬁrmitatem

384 2936 677 2990 ediximus.
738 2940 994 2997 Astautes
1051 2945 1098 2998 ci
1154 2962 1250 3015 per
1304 2951 1578 3006 somnium
1631 2957 1804 3010 sancti
1850 2957 1965 3012 lucc

388 3028 767 3097 l'acerejubent
785 3047 799 3086 :
820 3033 1111 3102 Egredere,
1136 3036 1390 3107 fatentes,
1423 3044 1488 3096 ad
1511 3060 1660 3099 mare
1691 3047 1958 3114 diluculo,

389 3119 712 3189 pbiloponos
754 3131 805 3178 te
854 3125 1037 3183 levare
1082 3137 1246 3200 atque
1295 3144 1514 3203 portare
1550 3138 1870 3206 cobortans,
1909 3150 1962 3196 et

390 3225 511 3264 cum
542 3227 867 3284 quemquam
905 3233 967 3271 ex
1006 3220 1374 3291 piscatoribus
1415 3227 1692 3283 inveneris
1722 3232 1964 3287 retiacu-

390 3301 499 3355 lum
547 3304 601 3356 iu
641 3318 791 3361 mare
840 3308 1165 3379 mittentem,
1208 3316 1514 3371 mercedem
1565 3318 1642 3373 illi
1689 3320 1796 3374 tale
1832 3322 1961 3392 quid

2150 2684 2373 2757 Ἐπειδὴ
2421 2686 2476 2740 δὲ
2517 2686 2617 2759 τήν
2653 2688 2807 2742 νόσον
2837 2690 3158 2762 εἰρήκαμεν,
3192 2694 3286 2750 καὶ
3329 2693 3421 2746 τὸν
3447 2695 3649 2764 τρόπον

2067 2775 2295 2846 λέξομεν
2334 2780 2432 2849 τῆς
2472 2780 2701 2845 ἰάσεως·
2741 2782 2980 2852 μεγάλου
3027 2784 3137 2855 γάρ
3175 2787 3322 2840 ἐστιν
3372 2786 3651 2857 θαύματος

2066 2867 2236 2932 ἄξιος,
2278 2871 2374 2923 καὶ
2403 2870 2596 2926 τούτου
2636 2873 2796 2943 χάριν
2827 2872 2921 2928 καὶ
2949 2874 3045 2946 τὴν
3071 2876 3354 2931 ἀσθένειαν
3400 2877 3610 2948 ἔφημεν
3633 2894 3646 2907 ·

2071 2962 2428 3025 Ἐπιστάντες
2460 2965 2607 3034 αὑτῷ
2637 2966 2758 3020 καθ’
2793 2966 2992 3032 ὕπνους
3038 2971 3086 3022 oi
3121 2970 3287 3037 ἅγιοι,
3315 2971 3439 3025 τάδε
3476 2973 3648 3024 ποιεῖν

2069 3050 2403 3115 διετάξαντο·
2429 3053 2625 3120 Ἔξιθι,
2652 3057 2806 3124 φασὶ,
2829 3060 3041 3128 πρωΐας
3061 3059 3197 3130 πρὸς
3224 3059 3498 3115 θάλασσαν
3524 3062 3649 3129 τοίές

2073 3141 2394 3210 φιλοπόνους
2426 3161 2484 3197 σε
2519 3145 2785 3215 βαστάσαι
2817 3150 2909 3202 καὶ
2945 3149 3130 3204 λαϐεῖν
3177 3151 3644 3224 προτρεψάμενος,

2072 3233 2167 3289 καί
2200 3251 2306 3286 τινι
2336 3234 2445 3288 τῶν
2476 3236 2671 3292 ἁλιέων
2711 3238 3017 3310 περιτυχὼν
3059 3244 3139 3304 εἰς
3177 3241 3450 3296 θάλασσαν
3478 3244 3650 3312 ἀμφί-

2073 3325 2337 3397 ϐληστρον
2368 3327 2638 3396 βάλλοντι.
2675 3333 2869 3401 μισθὸν
2931 3332 3078 3403 αὐτῷ
3109 3334 3225 3387 τόδε
3268 3351 3321 3387 τι
3366 3334 3643 3401 σύνταξαι,

391 3396 729 3464 repromitto,
766 3412 823 3451 ιιι
860 3415 958 3470 pro
994 3410 1045 3458 te
1090 3419 1207 3461 rete
1236 3421 1404 3478 super
1443 3425 1614 3481 aquas
1655 3415 1964 3484 expandat;

2072 3416 2138 3469 ἵν’
2173 3396 2313 3486 ὑπὲρ
2346 3417 2439 3471 σοῦ
2467 3417 2526 3471 τὸ
2556 3396 2773 3475 δίκτυον
2796 3396 3097 3495 ὲφαπλώσῃ
3122 3427 3234 3488 τοῖς
3273 3423 3455 3479 ὕδασι·
3498 3396 3590 3480 κάὶ

392 3502 512 3541 naui
552 3491 922 3561 quodcunque
965 3499 1191 3563 ceperit,
1247 3500 1348 3555 boc
1393 3502 1489 3557 tibi
1541 3504 1605 3558 ad
1658 3507 1962 3561 curandum

390 3579 657 3642 proficiet,
691 3592 744 3636 rt
786 3594 836 3639 te
893 3584 1230 3643 denudatum
1265 3607 1291 3644 a
1329 3593 1485 3648 malis
1530 3597 1787 3653 omnibus
1829 3600 1966 3654 deli-

392 3672 623 3729 berabit.
664 3673 731 3728 Et
780 3677 863 3731 his
907 3681 1126 3748 quidem
1178 3666 1445 3756 martyres
1483 3688 1671 3753 dictis,
1709 3692 1965 3749 avolave-

390 3772 539 3821 runt.
592 3766 661 3820 At
707 3767 796 3822 ille
843 3770 1178 3840 pbil0ponis,
1210 3777 1304 3844 qui
1352 3792 1417 3831 ex
1464 3778 1546 3832 bis
1592 3788 1723 3835 sunt
1765 3783 1856 3852 qui
1899 3783 1965 3839 de

389 3855 802 3915 inﬁrmitatibus
833 3864 1239 3932 convalescunt,
1278 3883 1437 3924 mane
1469 3872 1699 3937 vocatis,
1741 3882 1964 3930 sant-to-

390 3962 507 4004 rum
545 3959 872 4019 praecrptum
909 3952 1102 4020 edixit,
1137 3968 1187 4010 et
1220 3958 1474 4016 celeriter
1501 3978 1562 4015 se
1592 3965 1782 4019 tollere
1830 3983 1964 4036 sup-

391 4040 646 4105 plicabat.
694 4041 773 4097 llli
814 4060 940 4099 vero
987 4050 1283 4119 martyrico
1324 4052 1513 4108 audito
1563 4054 1804 4121 decreto,
1847 4074 1963 4112 uza-

390 4131 566 4186 torius
604 4147 728 4187 eum
783 4136 1036 4192 tollentes
1072 4139 1376 4195 eduxerunt
1415 4158 1445 4197 e
1489 4145 1712 4214 templo,
1747 4155 1799 4200 et
1837 4162 1961 4201 cum

389 4221 537 4286 juxta
584 4238 734 4279 mare
775 4226 1075 4291 venissent,
1130 4230 1457 4299 piscatorem
1497 4234 1785 4304 quemdam
1838 4253 1962 4291 cum

390 4311 486 4369 reti
524 4315 822 4382 reperiunt,
847 4319 1008 4374 lmtus
1038 4334 1302 4390 aquarum
1333 4332 1638 4393 captantem
1662 4343 1678 4393 ;
1702 4325 1768 4380 ad
1801 4343 1961 4397 quem

389 4416 511 4454 cum
548 4402 890 4470 accederent,
935 4407 1209 4464 inﬁrumm
1263 4427 1429 4481 super
1469 4429 1688 4468 arenam
1730 4426 1959 4484 ponunt.

388 4492 488 4557 Qui
542 4493 870 4562 piscatorem
927 4499 1398 4568 allocutuszQuid
1439 4504 1539 4566 vis,
1577 4504 1673 4570 ait,
1721 4521 1820 4574 pro
1853 4521 1963 4561 uno

388 4597 438 4639 et
497 4589 614 4640 aulo
683 4590 980 4644 summisso
1041 4591 1183 4660 iactu
1251 4594 1568 4662 percipere,
1631 4596 1961 4664 praebiturus

389 4678 521 4731 mibi
557 4684 923 4750 quo‘cuuque
968 4693 1080 4738 rete
1118 4685 1457 4754 captaverit?
1488 4686 1604 4741 sive
1639 4688 1770 4756 quid
1812 4696 1961 4743 attu-

390 4771 532 4837 lr't'il,
565 4772 680 4828 sive
725 4775 860 4827 nihil
911 4775 1173 4839 attulerit,
1206 4784 1260 4830 et
1297 4778 1412 4831 sive
1454 4793 1679 4847 parvum
1717 4780 1798 4832 vel
1842 4795 1962 4833 ma-

387 4881 585 4928 guum,
634 4865 748 4919 sive
795 4867 915 4934 plus
963 4868 1047 4921 vel
1101 4867 1283 4923 minus
1336 4869 1628 4934 exhibeat,
1678 4879 1739 4924 ut
1779 4885 1957 4925 meum

385 4955 560 5008 modis
610 4957 868 5012 onuibus
920 4959 991 5012 sit
1041 4960 1184 5027 quod
1243 4950 1407 5013 fuerit
1457 4962 1556 5014 reti
1605 4970 1847 5031 captum.
1889 4968 1960 5017 At

386 5048 476 5102 ille
503 5047 958 5128 Siliqnant‘u’nmo
998 5050 1302 5118 νρειιιιιιάἰί,
1342 5066 1505 5120 quam
1555 5053 1807 5110 inﬁrmus
1843 5058 1957 5111 ala-

385 5140 552 5194 criter
589 5140 723 5195 dare
784 5142 1058 5211 promisit.
1116 5143 1430 5211 Erpansum
1482 5145 1667 5214 itaque
1712 5148 1804 5203 ille
1846 5157 1961 5205 rete

384 5231 616 5299 projecit
665 5233 716 5285 iu
772 5247 944 5296 mare,
997 5233 1251 5302 pusillum
1303 5234 1446 5291 forte
1491 5237 1839 5306 pisciculum,
1876 5242 1959 5296 vel

382 5325 508 5392 quid
536 5340 723 5378 rerum
749 5340 871 5395 qua:
902 5325 952 5378 in
987 5323 1143 5395 aquis
1167 5335 1295 5380 sunt
1322 5341 1516 5397 capere
1543 5337 1714 5395 ratus,
1739 5332 1960 5387 cadem-

384 5433 487 5483 que
524 5416 811 5472 iuauil'este
847 5417 1073 5486 putabat
1102 5417 1375 5480 inﬁrmus,
1402 5420 1492 5486 qui
1528 5420 1723 5475 bolidis
1748 5421 1958 5489 jactura

386 5510 633 5563 mercede
685 5510 1044 5567 conduxerat.
1105 5510 1306 5565 Tracto
1365 5521 1545 5566 autem
1610 5514 1771 5579 paulo
1839 5523 1961 5582 post

389 5598 671 5662 retiaCulo,
704 5600 961 5657 ﬁscellam
997 5606 1289 5677 quamdam
1329 5602 1702 5659 brevissimam
1738 5621 1956 5660 sursum

390 5691 599 5753 eduxit,
639 5709 744 5749 non
775 5695 919 5765 quod
953 5706 1181 5768 uterque
1214 5695 1488 5768 sperabat,
1520 5714 1637 5768 qua:
1661 5714 1765 5752 uou
1796 5701 1957 5753 dcor-

391 5793 511 5839 Stlm
555 5780 771 5853 Μυῖεεη
820 5788 1199 5843 absmuditum
1255 5786 1552 5853 drl'crclml,
1606 5789 1702 5843 scd
1757 5791 1958 5843 uzalcli-

2068 3506 2113 3559 δ’
2145 3509 2211 3561 ἂν
2242 3510 2598 3580 ζωγρήσειεν,
2635 3511 2791 3565 τοῦτό
2823 3529 2905 3571 σοι
2931 3515 3064 3581 πρὸς
3098 3514 3392 3586 θεραπείαν
3423 3517 3648 3587 γενήσε-

2067 3616 2156 3653 ται
2175 3617 2189 3630 ο
2208 3600 2365 3661 τοῦτο
2396 3602 2503 3673 γάρ
2530 3620 2590 3656 σε
2621 3604 2904 3674 γυμνωθὲν
2944 3605 3054 3659 τῶν
3081 3606 3267 3661 δεινῶν
3292 3607 3644 3674 ἀπαλλάξειε.

2069 3690 2181 3745 Καὶ
2209 3689 2383 3744 ταῦτα
2417 3692 2515 3762 μὲν
2541 3695 2660 3746 κατ’
2686 3693 2816 3761 ὄναρ
2839 3695 3082 3760 εἰπόντες
3106 3698 3155 3752 oi
3180 3698 3453 3770 μάρτυρες
3481 3698 3649 3770 ἐπτη-

2068 3797 2186 3838 σαν.
2236 3782 2292 3834 ’0
2345 3784 2403 3836 δὲ
2457 3784 2581 3848 τοὺς
2615 3784 2937 3852 φιλοπόνους
2987 3787 3066 3856 (ἐξ
3099 3789 3275 3842 αὐτῶν
3303 3790 3356 3844 δέ
3401 3793 3507 3845 εἰσι
3535 3790 3644 3843 τῶν

2066 3874 2307 3927 ἀσθενῶν
2349 3876 2397 3928 οί
2443 3876 2750 3946 δυνάμενοι)
2800 3878 2947 3949 πρωῒ
2980 3880 3510 3951 προσκαλεσάμενος,
3537 3880 3645 3934 τῶν

2065 3964 2236 4030 ἁγίων
2265 3964 2448 4029 αὐτοῖς
2479 3962 2600 4019 εἷπε
2634 3965 2695 4019 τὸ
2733 3968 3061 4038 πρόσταγμα
3081 3986 3094 4000 ·
3134 3970 3228 4031 καὶ
3259 3969 3451 4025 θᾶττον
3481 3971 3643 4024 αὐτὸν

2067 4056 2240 4125 αἴρειν
2267 4055 2493 4110 ἱκέτευε.
2520 4058 2582 4111 Οἱ
2613 4056 2669 4109 δὲ
2693 4057 2752 4110 τὸ
2783 4060 3116 4129 μαρτυρικὸν
3142 4060 3428 4128 πυθόμενοι
3457 4061 3643 4115 θέσπι-

2068 4163 2200 4216 σμα,
2232 4146 2423 4199 θᾶττον
2448 4147 2610 4201 αὐτὸν
2632 4147 2966 4220 ἀνελόμενοι,
2996 4149 3091 4204 τοῦ
3117 4154 3375 4222 τεμένους
3405 4152 3640 4219 ἐξίεσανο

2068 4237 2164 4288 καὶ
2224 4228 2326 4305 τῆς
2376 4235 2646 4309 θαλάττης
2693 4236 2920 4307 πλησίον
2971 4239 3276 4309 γενόμενοι,
3313 4241 3474 4294 ἁλιέα
3517 4241 3641 4293 τινὶ

2068 4326 2206 4398 μετὰ
2234 4326 2465 4380 δικτύων
2504 4327 2839 4396 εὑρίσκουσι,
2865 4330 2962 4392 τὰς
2985 4329 3148 4398 γονὰς
3175 4330 3282 4383 τῶν
3318 4331 3522 4385 ὑδάτων
3546 4331 3642 4403 θη-

2069 4421 2322 4490 ρεύοντα’
2372 4420 2465 4471 καὶ
2504 4419 2633 4490 παρ’
2669 4421 2834 4474 αὐτὸν
2865 4421 3204 4491 ἀφικόμενοι,
3237 4423 3329 4476 τὸν
3360 4422 3642 4494 ἄρρωστον
3720 4460 3729 4465 -

2063 4511 2157 4565 ἐπὶ
2211 4511 2308 4578 τῆς
2358 4509 2586 4580 ψάμμου
2640 4511 2900 4571 τιθέασιν.
2962 4512 3019 4565 '0
3054 4510 3110 4564 δὲ
3156 4513 3247 4569 τὸν
3276 4512 3641 4580 άσπαλιευτήν

2066 4582 2601 4669 προσφθεγξάμενος,
2624 4599 2690 4655 Τί
2731 4599 2930 4669 βούλει,
2950 4601 3131 4672 φησὶν,
3150 4602 3290 4673 ὑπὲρ
3326 4602 3484 4671 βολῆς
3512 4603 3640 4673 μιᾶς

2067 4689 2160 4742 καὶ
2202 4688 2368 4758 μόνης
2415 4687 2766 4756 κομίσασθαι,
2796 4690 2890 4742 καὶ
2933 4694 3232 4762 παρασχεῖν
3275 4709 3365 4762 μοι
3400 4692 3536 4762 ὅπερ
3571 4692 3639 4745 ἂι

2064 4779 2323 4850 ἀγρεύσοι
2348 4779 2408 4832 τὸ
2434 4779 2687 4845 δίκτυον;
2723 4781 2813 4834 καὶ
2843 4782 2953 4834 εἴτε
2997 4799 3047 4834 τι
3082 4783 3380 4851 ἀνενέγκοι,
3409 4784 3639 4866 εἶτε-καὶ

2062 4870 2228 4941 μηδὲν
2262 4871 2601 4939 ἀνιμήσοιτο,
2634 4871 2726 4923 καὶ
2784 4871 2894 4925 εἴτε
2937 4872 3132 4944 μικρὸν
3172 4873 3282 4927 είτε
3335 4876 3500 4943 μέγα,
3543 4876 3638 4931 καὶ

2059 4963 2169 5015 εἴτε
2202 4962 2426 5014 πλείονα
2462 4963 2570 5015 εἴτε
2601 4962 2879 5030 ἐλάττονα,
2913 4964 3044 5031 ἐμὸν
3064 4964 3213 5018 ἔσται
3240 4965 3488 5037 καθάπερ
3517 4965 3638 5017 ἐπί-

2055 5071 2270 5125 τευγμα
2297 5053 2356 5106 τὸ
2384 5053 2461 5124 τῷ
2503 5053 2702 5123 δικτύῳ
2736 5054 3132 5127 ζωγρούμενον.
3177 5057 3235 5110 ’0
3255 5056 3334 5121 δὲ,
3367 5057 3637 5126 Κεράτιον

2066 5145 2146 5211 ἐν,
2171 5145 2527 5212 ἀπεκρίνατο.
2557 5144 2841 5208 Ἀπλὼσας
2866 5143 2959 5199 οὖν
2989 5150 3194 5212 ἐκεῖνος
3229 5148 3287 5200 τὸ
3319 5149 3530 5202 δίκτυον
3556 5149 3638 5211 είς

2066 5234 2163 5311 τὴν
2216 5234 2488 5288 θάλατταν
2533 5232 2746 5309 ἔρριψε,
2787 5236 2984 5307 μικρὸν
3030 5237 3158 5302 ἴσως
3204 5237 3456 5307 ἰχθύδιον,
3497 5240 3529 5308 ἦ
3582 5255 3636 5290 τι

2064 5327 2172 5379 τῶν
2203 5328 2261 5379 ὲν
2289 5326 2476 5379 ὕδασιν
2505 5324 2758 5395 ἀγρεύειν
2779 5325 3053 5396 οἰόμενοςο
3076 5329 3143 5381 τὰ
3182 5329 3318 5382 αὐτὰ
3346 5330 3402 5381 δὲ
3435 5331 3602 5400 προδή
3622 5359 3636 5369 -

2063 5414 2171 5477 λως
2202 5413 2450 5484 ἐνόμιζεν
2478 5414 2572 5468 καὶ
2601 5414 2629 5467 ό
2669 5413 2765 5484 τὴν
2809 5413 2969 5487 βολήν
3002 5417 3410 5487 μισθωσάμενος
3449 5420 3635 5491 άρρω·

2068 5523 2210 5569 στος,
2242 5506 2509 5577 Ἑλκύσας
2541 5504 2598 5558 δὲ
2634 5504 2770 5575 μετὰ
2813 5505 2985 5579 βραχὺ
3014 5508 3075 5561 τὸ
3111 5510 3519 5582 ἀμφίϐληστρον
3550 5511 3625 5565 θί-

2063 5600 2163 5672 6ην
2192 5600 2312 5657 τινὰ
2341 5599 2684 5671 βραχυτάτην
2707 5599 2978 5668 ἀνήγαγεν
3002 5643 3016 5667 ,
3048 5604 3141 5657 καὶ
3168 5606 3263 5674 οὐχ
3283 5605 3417 5674 ὅπερ
3446 5605 3633 5657 ἑκάτεο

2066 5708 2154 5759 ρος
2180 5690 2425 5761 ἤλπισεν·
2450 5688 2568 5757 ἥτις
2591 5687 2651 5739 οὑ
2677 5686 2768 5740 τὸν
2805 5690 3043 5745 Μωῡσέα
3078 5694 3226 5748 κάτω
3259 5694 3636 5765 κρυπτόμενον

2066 5785 2247 5860 agape,
2281 5782 2415 5835 ἀλλὰ
2447 5780 2504 5832 τὸ
2546 5778 2663 5833 κατ’
2704 5779 2907 5852 Ἰαννὴν
2959 5786 3050 5839 καὶ
3089 5786 3361 5859 Μαμϐρὴν
3394 5788 3633 5859 κακούρ·
