4060 6236
387 401 528 466 3545

1377 401 1482 462 SS.
1513 399 1687 459 CYRI
1728 398 1823 457 ET
1862 396 2182 457 JOANNIS
2216 396 2630 458 MIRACULA.

3438 398 3443 401 ’
3496 395 3634 461 θῖἕεῖ

384 529 538 583 γημα
567 527 579 541 ο
622 509 743 563 οὔτε
787 509 1085 577 νομοθέτην
1135 511 1347 563 ἀστεῖον
1403 514 1494 563 καὶ
1548 508 1697 578 παρά
1751 509 1946 571 πάντας

2061 507 2205 563 cium
2262 508 2406 578 quod
2455 520 2571 562 erat
2628 507 2968 563 simillimum
3016 507 3197 563 laanis
3247 517 3301 563 ct
3353 507 3636 577 Manlius,

386 605 688 676 πραότερον
717 600 1059 674 ἀνθρώπους,
1092 603 1167 666 ώς
1200 603 1485 665 δέδεικται,
1516 602 1630 656 ἀλλ’
1651 600 1855 668 ἄνομόν
1900 616 1952 653 τι

384 699 477 751 καὶ
501 697 818 767 δαιμονικῑμ
840 696 1163 767 ἀγριότητος
1195 696 1297 766 κύη
1311 696 1609 764 μαμὊπερ
1640 697 1666 746 ὁ
1699 693 1954 756 ἁλιεύσας

306 858 309 861 _
380 787 591 856 ἀγνοῶν
616 827 631 850 ,
657 787 750 840 καὶ
782 789 877 842 σὺν
907 787 1056 857 αὐτῷ
1088 787 1249 841 πάλιν
1278 790 1306 839 ὁ
1331 787 1630 857 ἄρρωστος,
1684 784 1812 854 περὶ
1854 782 1956 848 τῆς

378 880 551 949 θήκης
568 880 851 949 ἐμάχοντο,
867 880 893 932 ό
913 879 1029 949 μὲν,
1053 879 1127 942 ὡς
1153 879 1225 931 Οὐ
1248 877 1425 946 θίϐην,
1449 876 1642 944 λέγων,
1664 875 1776 928 ἀλλ’
1807 873 1956 944 ἰχθὺν

377 971 742 1041 ἀνερχόμενον
800 970 1098 1038 πέπρακα·
1159 971 1187 1023 ό
1237 969 1292 1022 δὲ
1345 970 1535 1031 νοσῶν,
1577 968 1652 1032 ὡς
1689 968 1750 1020 ού
1794 969 1954 1036 μόνον

381 1061 553 1131 ἰχθὺν,
584 1061 722 1114 ἀλλά
746 1062 840 1114 καὶ
874 1061 903 1115 δ
935 1061 979 1116 δ’
1006 1062 1072 1116 ἂν
1098 1062 1309 1116 ἀνέλθοι
1355 1062 1576 1130 φάσκων
1611 1058 1948 1128 ὠνήσασθαι.

382 1153 596 1223 Ἔτικτε
615 1154 722 1225 γὰρ
753 1155 934 1216 αὐτοῖς
959 1155 1020 1208 ού
1045 1154 1202 1224 μόνον
1224 1157 1256 1225 ἡ
1281 1153 1404 1223 θίϐη
1429 1153 1519 1205 τὸν
1543 1154 1779 1222 πόλεμον
1810 1150 1953 1220 ἔχειν

374 1261 428 1298 τι
473 1244 581 1297 τῶν
614 1245 928 1312 ἀναγκαίων
966 1228 1526 1317 ἕνδονέμφαίνουτα,
1589 1242 1726 1297 ἀλλά
1773 1240 1865 1295 καὶ
1918 1241 1951 1311 ἡ

375 1334 668 1406 περίεργος
706 1334 907 1406 ταύτης
954 1336 1242 1404 ἀσφάλεια.
1287 1337 1363 1390 Ού
1391 1335 1553 1405 μόνον
1590 1333 1699 1404 γὰρ
1731 1330 1951 1386 κλειδώ‹

375 1439 497 1476 σεσι
544 1420 957 1495 περιὲσφιγκτο,
1007 1425 1142 1480 ἀλλά
1171 1425 1265 1479 καὶ
1292 1424 1553 1496 σφραγῖσι
1612 1418 1973 1497 μολιϐδίναις,

374 1516 672 1585 ὲστόμωτο.

2061 612 2238 666 neque
2313 598 2679 666 legislatorem
2760 598 3262 669 elegantissimum,
3339 610 3393 653 et
3470 615 3635 669 super

2062 703 2255 743 omnes
2330 688 2579 746 homines
2636 691 3177 755 mansuetissimum,
3234 689 3329 746 sed
3386 691 3630 760 iniquum

2059 778 2189 848 quid
2219 788 2271 833 et
2304 766 2619 834 daemonicae
2667 779 2899 834 feritatis
2931 781 3206 850 genitum.
3246 780 3400 847 Quod
3452 782 3632 851 pisca-

2062 875 2147 920 tor
2186 877 2240 921 et
2281 883 2404 922 cum
2449 883 2514 922 eo
2559 885 2751 925 rursus
2796 870 3045 924 inﬁrmus
3083 871 3420 939 ignorantes,
3470 886 3635 941 super

2065 956 2322 1009 ﬁscellam
2385 965 2573 1011 mutuo
2629 960 2978 1023 rixabantur;
3039 962 3175 1014 alter
3222 960 3441 1030 quidem
3490 961 3633 1031 quod

2062 1059 2173 1098 non
2226 1044 2510 1111 ﬁscellam,
2549 1048 2643 1101 sed
2707 1049 2907 1115 piscem
2959 1049 3048 1116 qui
3107 1056 3252 1102 esset
3306 1064 3637 1103 ascensurus

2059 1137 2372 1192 vendiderit
2424 1139 2645 1205 dicens;
2688 1142 2824 1196 alter
2867 1155 3020 1203 vero,
3077 1139 3133 1194 id
3191 1130 3275 1195 est
3323 1141 3633 1211 languidus,

2070 1230 2214 1299 quod
2241 1246 2346 1285 non
2366 1234 2545 1287 solum
2566 1235 2789 1303 piscem,
2813 1234 2904 1289 sed
2923 1243 2975 1288 et
2994 1234 3256 1303 quidquid
3275 1249 3632 1290 ascensurum

2065 1319 2204 1376 foret
2219 1327 2412 1378 emerit
2427 1340 2749 1382 asseverans
2771 1344 2784 1380 :
2805 1327 3049 1398 pariebat
3067 1328 3213 1380 enim
3235 1326 3313 1380 eis
3334 1327 3484 1380 litem
3525 1340 3630 1379 non

2061 1413 2237 1467 solum
2282 1414 2509 1483 liseella,
2537 1433 2657 1486 quae
2697 1419 2897 1473 habere
2941 1433 3000 1473 se
3032 1417 3163 1487 quid
3197 1417 3633 1471 necessariorum

2055 1505 2401 1563 intrinsecus
2432 1513 2777 1577 ostendebat,
2814 1511 2907 1568 sed
2933 1521 2987 1567 et
3007 1510 3448 1566 curiosissimum
3469 1507 3636 1578 hujus

374 1609 674 1673 munimen,
704 1623 811 1663 non
845 1606 1026 1664 solum
1059 1609 1260 1680 quippe
1292 1609 1464 1664 clavis
1500 1608 1708 1663 circum
1740 1600 2134 1673 stringebatur,
2167 1603 2261 1656 sed
2292 1610 2345 1657 et
2375 1605 2674 1674 signaculis
2702 1608 2972 1677 plumbeis
3002 1605 3413 1662 obstruebatur.

455 1702 543 1766 Ὦς
572 1702 616 1757 δ’
640 1702 731 1755 ἐπὶ
758 1703 892 1757 πολὺ
923 1704 1426 1776 φιλομαχησάμενοι
1454 1702 1660 1757 πείθειν
1686 1699 1948 1771 ἀλλήλους

371 1797 472 1850 οὐκ
512 1795 718 1866 ἴσχυον,
760 1797 880 1850 οὐδὲ
914 1797 1075 1851 πάλιν
1108 1797 1458 1869 παραχωρεῖν
1494 1795 1746 1867 ἀλλήλοις
1795 1792 1944 1863 ὴνεί⁶

370 1903 549 1956 χοντο,
594 1885 731 1958 πρὸς
768 1886 858 1940 τὸν
901 1886 1288 1958 οἱκονομοῦντα
1322 1889 1384 1940 τὸ
1421 1887 1645 1956 τέμενος
1678 1884 1945 1956 ἔρχονται,

373 1981 563 2054 κριτὴν
592 1980 753 2035 αὑτὸν
778 1981 878 2051 τῆς
910 1981 1066 2052 δίκης
1110 1981 1422 2053 ληψόμενοι.
1472 1981 1528 2034 Ὀ
1546 1980 1602 2033 δὲ
1629 1981 1740 2033 τοῖν
1767 1979 1947 2048 ἀμφο-

370 2074 550 2145 τέροιν
595 2072 775 2142 λόγοιν
825 2071 1151 2143 πυθόμενος,
1184 2073 1243 2125 οὐ
1299 2071 1565 2142 πρότερον
1618 2069 1717 2138 τὴν
1772 2068 1950 2137 ψῆφον

370 2166 635 2235 ἠνείχετο,
656 2165 718 2219 El.
739 2164 812 2236 μὴ
833 2163 931 2235 τὴν
957 2163 1165 2235 χειλέον
1184 2162 1398 2229 ἁνοίξω,
1421 2163 1602 2232 φησὶν,
1630 2161 1723 2213 κοιλ⁹
1747 2158 1950 2228 ταύτης

370 2254 519 2311 ἔνδον
552 2253 834 2324 θεάσομαι.
886 2253 1126 2318 Ἀνοίξας
1160 2249 1251 2306 οὖν
1296 2253 1514 2306 πάντων
1544 2253 1601 2303 ὲν
1631 2251 1816 2321 ὄψεσιν
1855 2251 1951 2303 σὺν

371 2348 524 2417 κόπῳ
555 2345 736 2418 πολλῷ
761 2347 822 2398 τὸ
843 2345 1118 2409 κιϐώτιον,
1146 2344 1325 2415 θέαμα
1356 2344 1526 2397 δεινὸν
1554 2345 1649 2395 καὶ
1677 2340 1950 2411 παγχάλεο

373 2456 472 2493 πον
504 2437 780 2510 εὕρισκεν,
818 2440 969 2492 ούδὲν
1011 2432 1086 2492 ὧν
1134 2442 1182 2493 οἱ
1227 2440 1571 2509 εὑρίσκοντες
1612 2434 1880 2503 ἐνόμιζον,
1915 2433 1948 2505 ἢ

373 2530 569 2594 πάντες
622 2531 671 2583 οἱ
719 2530 1069 2602 παρεστῶτες
1117 2531 1210 2585 καὶ
1246 2530 1555 2601 βλέποντες,
1590 2527 1703 2582 ἀλλ’
1734 2527 1870 2596 ὅπερ
1902 2526 1951 2577 οί

372 2622 513 2691 ἃγιοι
558 2622 968 2693 φιλανθρωπίας
1018 2623 1246 2690 πελάγει
1302 2622 1600 2693 νηχόμενον
1633 2622 1699 2673 ἐκ
1737 2619 1952 2672 κόλπων

373 2712 570 2787 βυθίων
596 2715 894 2785 ἀνήγαγον.
928 2713 1125 2769 Ξόανον
1153 2711 1221 2785 ἦν
1250 2712 1592 2783 ἀνδρείκελον
1610 2752 1625 2775 ,
1659 2713 1722 2762 ὲκ
1748 2706 1951 2780 χαλκοῦ

370 2804 531 2875 λαχὸν
555 2805 654 2875 τὴν
683 2805 1004 2873 ὑπόστασιν,
1036 2806 1298 2869 είκονίζον
1336 2807 1517 2875 μορφῇ
1549 2804 1641 2858 τὸν
1670 2801 1949 2871 Θεόφιλον,

370 2899 464 2950 καὶ
508 2898 667 2969 ἥλους
703 2900 829 2951 ποσὶ
861 2900 957 2952 καὶ
989 2915 1048 2969 χε
1061 2898 1148 2969 ρσὶ
1179 2897 1594 2969 καθηλωθέντας
1637 2894 1800 2967 ἔφερε
1828 2893 1951 2946 τέτ-

366 3006 562 3060 ταρας,
589 2990 719 3061 ἦλου
765 2992 879 3055 ἑνδς
928 2991 1052 3046 καθ’
1078 2991 1310 3045 ἑκάστου
1360 2988 1560 3060 μέλους
1593 2988 1949 3059 ὑπάρχοντος.

373 3084 551 3154 Ὅπερ
578 3085 626 3136 ot
657 3084 924 3154 παρόντες
950 3082 1233 3153 θεώμενοι,
1263 3082 1616 3153 πολυτρόπως
1651 3080 1949 3147 ἐξίσταντο,

2123 1696 2370 1768 Cumque
2411 1699 2618 1753 diutius
2655 1700 2863 1770 jurgati
2903 1700 3042 1772 [cod.
3080 1697 3379 1771 objurgati]
3413 1698 3635 1768 acquie-

2054 1800 2208 1841 scere
2252 1796 2445 1843 tuutuo
2498 1790 2719 1844 minime
2762 1792 3095 1857 valuissent,
3147 1789 3242 1845 sed
3292 1804 3394 1844 nec
3443 1788 3637 1844 cedere

2052 1880 2249 1934 iterum
2315 1883 2547 1938 invicem
2601 1887 2997 1955 pertulissent,
3069 1886 3136 1941 ad
3195 1886 3633 1955 distiensatorem

2055 1969 2242 2038 templi
2293 1981 2580 2040 venerunt,
2630 1973 2777 2028 hunc
2821 1975 3063 2043 judicem
3114 1976 3507 2031 controversia:
3545 1990 3637 2029 ac-

2054 2063 2290 2130 cepturi.
2340 2064 2408 2116 At
2458 2065 2547 2118 ille
2596 2066 2883 2120 amborum
2933 2066 3116 2122 verbis
3164 2067 3481 2137 compertis,
3527 2083 3634 2121 non

2053 2155 2208 2225 prius
2251 2155 2383 2211 dare
2430 2159 2757 2213 sententiam
2810 2159 3141 2229 patiebatur,
3174 2159 3280 2213 nisi
3313 2160 3630 2230 operculum

2054 2263 2363 2317 aperuere,
2419 2251 2633 2319 inquit,
2691 2259 2743 2305 et
2803 2268 2925 2324 qua:
2981 2252 3256 2308 introrsus
3320 2261 3451 2307 sunt
3514 2253 3636 2321 ejus

2055 2353 2344 2409 aspexero.
2380 2345 2579 2409 Aperta
2625 2357 2755 2410 ergo
2786 2357 2908 2396 cum
2953 2343 3139 2397 labore
3180 2343 3349 2399 multo
3379 2342 3481 2397 sub
3514 2357 3636 2398 om—

2056 2429 2203 2481 nium
2238 2429 2416 2485 oculis
2461 2432 2671 2494 arcula,
2716 2433 2979 2488 \‘isiOt‘thtl
3021 2441 3261 2490 atrocem
3297 2444 3351 2489 et
3393 2434 3636 2491 saevissi-

2056 2516 2196 2570 mam
2226 2519 2553 2588 reperiebat,
2579 2531 2632 2575 et
2662 2523 2738 2575 nil
2783 2538 2969 2577 eorum
3003 2540 3123 2594 quae
3159 2524 3211 2577 hl
3249 2524 3342 2593 qui
3377 2538 3634 2593 reppere-

2054 2616 2178 2662 raut
2211 2610 2592 2672 autumabant,
2629 2612 2734 2667 nisi
2789 2615 2933 2682 quod
2993 2630 3186 2670 omnes
3232 2614 3326 2684 qui
3380 2618 3637 2669 astabant

2054 2697 2239 2752 intuiti
2295 2709 2445 2764 sunt,
2490 2704 2746 2773 quodque
2802 2707 2979 2761 sancti
3027 2707 3398 2762 miserationis
3448 2707 3637 2777 pelago

2055 2799 2273 2856 natans,
2324 2806 2354 2846 e
2412 2792 2704 2863 profundis
2762 2796 2980 2851 sinibus
3032 2798 3360 2860 eduxerunt,
3415 2798 3638 2853 simula-

2054 2894 2209 2934 crum
2262 2882 2534 2950 videlicet,
2587 2887 2686 2940 viri
2732 2890 3045 2958 exprimens
3092 2888 3428 2957 l‘ormam,et
3468 2892 3635 2943 sorti-

2057 2981 2168 3025 tum
2194 2989 2259 3028 ex
2287 2986 2589 3031 atramento
2633 2979 3025 3045 subSIantiam,
3053 2992 3105 3035 et
3131 2982 3437 3052 imaginans
3463 2980 3634 3051 ﬁgura

2055 3060 2444 3134 Theophilum,
2471 3078 2525 3123 et
2552 3078 2790 3138 quatuor
2815 3071 2996 3128 ferens
3029 3072 3259 3142 pedibus
3290 3089 3354 3127 ac
3383 3072 3635 3127 manibus

368 3172 421 3227 τί
462 3174 508 3227 δ’
531 3170 601 3245 ἦν
627 3174 687 3228 τὸ
721 3176 1045 3245 φαινόμενον
1074 3175 1174 3229 οὐκ
1203 3175 1537 3242 ὲγίνωσκον)
1569 3172 1689 3226 ὅθεν
1732 3170 1946 3225 καῦτῶν

2054 3155 2241 3211 clavos
2268 3158 2486 3221 inﬁxos,
2524 3161 2725 3232 singuli
2756 3163 2901 3217 enim
2934 3164 3166 3235 singulis
3198 3175 3354 3220 erant
3379 3165 3637 3220 membris

372 3264 694 3335 μαχομένων
711 3268 740 3320 ὁ
761 3266 997 3337 πόλεμος
1017 3268 1314 3334 πέπαυται,
1333 3264 1738 3338 φανερωθέντος
1763 3266 1943 3326 αὐτοῖς

368 3354 463 3410 τοῦ
493 3357 628 3429 εύρή
638 3374 829 3428 ματος.

436 3633 548 3688 Καὶ
597 3631 797 3704 μικροῦ
821 3631 886 3685 ἂν
911 3631 1043 3685 αὐτὸ
1068 3631 1477 3686 ὲνθαλαττεύειν
1535 3628 1811 3692 ἐνέϐαλον,
1850 3628 1945 3681 καὶ

369 3722 577 3795 κύμασι
609 3726 671 3778 τὸ
691 3724 950 3784 δυσσεϐὲς
974 3722 1218 3794 ἔκρυψαν
1245 3723 1451 3793 θέαμα,
1482 3722 1746 3790 Θεοφίλου
1778 3720 1945 3790 μηδε-

371 3816 498 3888 μίαν
557 3815 809 3887 εὑρόντος
862 3814 1147 3881 ὠφέλειαν,
1200 3816 1249 3866 εί
1293 3813 1368 3884 μὴ
1396 3813 1560 3868 πάλιν
1582 3814 1633 3865 οἱ
1669 3812 1944 3882 μάρτυρες

366 3906 459 3961 τὸν
489 3907 772 3974 οἰκονόμον
802 3907 1142 3975 κινήσαντες,
1165 3904 1292 3958 τὸτί
1324 3904 1391 3958 ἂν
1412 3900 1524 3958 εἷεν
1553 3905 1604 3956 οἱ
1625 3899 1748 3975 ἧλοι
1778 3901 1944 3973 ζητῆ-

369 4012 461 4050 σαι
485 3997 537 4052 οί
562 3997 1017 4066 προσπεπηγότες
1068 3997 1322 4066 τέτρασιν
1383 3995 1700 4067 ἀνδριάντος
1722 3997 1835 4056 τοῖς
1855 3996 1946 4065 μέ⁸

367 4089 514 4143 λεσιν
528 4105 542 4119 ’
564 4088 685 4141 ὅθεν
701 4089 809 4142 τῶν
837 4087 1202 4158 παρεστώτων
1217 4089 1324 4142 τινὶ
1344 4089 1619 4160 ἀποσπᾷν,
1640 4090 1688 4142 εί
1705 4088 1941 4153 δύναιτο,

364 4177 492 4242 τοὺς
518 4179 682 4249 ἥλους
715 4179 1023 4233 ἐκέλευσεν.
1056 4179 1144 4243 Ὣς
1172 4179 1230 4232 δὲ
1249 4180 1341 4234 τὸν
1373 4179 1667 4250 ἀνδριάντα
1718 4179 1948 4249 δεξάμε-

366 4285 454 4332 νος
476 4269 608 4340 ἥλου
630 4287 688 4323 τε
706 4270 799 4323 τοῦ
826 4273 892 4341 τῇ
915 4271 1066 4342 δεξιᾷ
1087 4272 1231 4341 χειρὶ
1254 4271 1566 4340 πεπηγότος
1580 4269 1941 4342 δραξάμενος,

368 4360 466 4413 σὺν
493 4359 721 4429 δυνάμει
747 4360 913 4430 πολλῇ
948 4360 1138 4430 βιαίως
1161 4361 1393 4423 ἑλκύσας
1411 4360 1702 4432 ἀφήλωσεν
1723 4376 1737 4392 ο
1775 4355 1947 4429 οὗπερ

365 4452 832 4514 ἀποσπασθέντος,
868 4454 900 4523 ὴ
935 4452 1085 4516 δεξιὰ
1109 4451 1372 4520 Θεοφίλου
1435 4452 1560 4521 χεὶρ
1613 4449 1779 4513 εὐθὺς
1828 4452 1937 4503 ἀπ·

2051 3245 2225 3300 inﬁxi.
2251 3246 2406 3312 Quod
2447 3251 2538 3319 qui
2585 3252 2813 3307 aderant
2843 3256 3306 3325 contemplantes,
3341 3253 3670 3309 multilare.

2047 3338 2447 3409 stupeﬁebant,
2490 3343 2622 3412 quid
2670 3353 2850 3400 autem
2904 3356 3056 3402 esset
3106 3348 3253 3416 quod
3307 3357 3636 3417 apparuerat

2049 3432 2406 3501 ignorabant;
2460 3434 2605 3489 unde
2644 3445 2698 3490 et
2752 3436 3084 3506 litigantium
3140 3454 3347 3510 pugna,
3380 3453 3507 3494 cum
3552 3439 3636 3494 in-

2049 3521 2239 3576 ventio
2271 3524 2377 3578 sibi
2409 3526 2779 3593 apparuisset,
2813 3530 2995 3585 soluta
3030 3540 3133 3585 est.
3432 3518 3464 3539 ί

2123 3610 2189 3665 Ει
2229 3616 2625 3683 prepemodum
2656 3632 2776 3672 eam
2821 3635 3016 3676 rursus
3054 3620 3108 3675 in
3142 3636 3298 3676 mare
3323 3621 3631 3677 demersam

2047 3705 2497 3773 summisissent,
2550 3717 2606 3762 et
2630 3707 2889 3767 ﬂuctibus
2947 3710 3143 3766 laedam
3195 3712 3340 3766 illam
3391 3713 3629 3783 speciem

2047 3796 2456 3861 occultassent,
2510 3797 2818 3871 Theophilo
2877 3801 3086 3857 nullum
3149 3804 3455 3872 reperiente
3501 3817 3631 3874 ρι-ο-

2050 3886 2274 3951 fectum,
2306 3889 2413 3942 nisi
2449 3889 2629 3945 denuo
2659 3902 2928 3964 martyres
2959 3880 3370 3949 commOventes
3410 3894 3632 3964 dispen-

2048 3985 2309 4043 satorem,
2352 3987 2413 4032 ut
2453 3982 2678 4049 quinam
2715 3991 2902 4038 essent
2932 3985 3071 4038 clavi
3100 3992 3369 4054 quareret
3391 3986 3629 4042 excitas-

2049 4076 2194 4133 sent,
2222 4070 2317 4138 qui
2349 4071 2498 4125 inﬁxi
2526 4082 2766 4141 quatuor
2792 4075 3091 4130 statunculi
3120 4075 3382 4131 membris
3408 4076 3632 4149 exsiste-

2049 4166 2201 4225 rent;
2239 4159 2383 4215 unde
2423 4162 2644 4216 cuidam
2694 4164 3115 4221 assistentium’
3128 4167 3298 4236 jussit
3340 4170 3630 4224 extrahere

2047 4252 2256 4318 clavos,
2286 4255 2334 4309 si
2369 4264 2576 4324 posset.
2609 4254 2712 4322 Qui
2740 4271 2863 4311 cum
2892 4259 3266 4314 statunculum
3298 4261 3626 4331 accepisset.

2048 4343 2377 4414 clavumque
2412 4345 2507 4415 qui
2559 4345 2612 4400 in
2663 4347 2889 4401 dextera
2939 4363 3105 4403 manu
3154 4349 3355 4404 inﬁxus
3390 4360 3507 4406 erat
3539 4365 3624 4420 ap

2048 4436 2457 4505 prehendisset.
2488 4452 2612 4492 cum
2656 4439 2858 4494 virtute
2898 4440 3068 4494 multa
3108 4441 3376 4496 violenter
3416 4442 3628 4496 abstra-

366 4543 572 4610 ελύετο,
605 4543 698 4597 καὶ
726 4511 828 4613 τῆς
859 4511 1055 4614 ὀδύνης
1086 4544 1179 4598 τὸν
1228 4511 1390 4611 δγκον
1423 4511 1718 4608 ἀπέϐαλλε,
1754 4511 1850 4596 καὶ
1879 4542 1938 4595 τὸ

2052 4538 2192 4583 ctum
2213 4530 2402 4598 procul
2424 4531 2698 4598 excussit;
2730 4533 2821 4602 qui
2845 4531 2972 4586 dum
2995 4534 3428 4613 abstraheretur,
3455 4532 3628 4589 Theo-

370 4636 507 4704 μετά
538 4635 636 4705 τῆς
660 4633 850 4703 ὀδύνης
872 4635 1150 4705 ἀκίνητον.
1183 4636 1318 4689 Τότε
1346 4636 1517 4689 πᾶσιν
1547 4633 1795 4704 ἐγνώσθη
1825 4636 1941 4693 τοῖς

367 4723 653 4794 βλέπουσιν
681 4725 715 4795 ἡ
743 4725 825 4786 είς
855 4725 1019 4781 αὐτὸν
1055 4728 1277 4795 μυσαρά
1301 4724 1616 4795 περιεργία,
1648 4724 1713 4795 ἢν
1732 4725 1782 4776 ot
1814 4723 1940 4792 γόηι

365 4831 457 4879 τες
487 4816 686 4868 ἐκεῖνοι
717 4817 814 4870 σὺν
839 4819 1052 4886 μιαροῖς
1092 4820 1185 4869 καὶ
1210 4816 1489 4878 κακίστοις
1513 4815 1766 4885 δαίμοσιν
1798 4814 1939 4884 πρά-

367 4906 577 4972 ξαντες,
627 4907 894 4978 θαλαττίῳ
949 4908 1095 4978 βυθῷ
1161 4907 1236 4969 ώς
1297 4908 1398 4961 ούκ
1453 4904 1940 4975 ἀναλυθησομένην

364 4995 638 5057 ἐνέϐαλον.
670 4995 809 5048 Ἀλλ’
843 4996 1090 5060 ἀσθενεῖς
1122 4997 1217 5049 καὶ
1249 4994 1537 5065 μανιώδεις
1568 4994 1939 5065 ἠλέγχθησαν,

365 5084 551 5159 Κύρου
613 5086 798 5154 σαφῶς
840 5087 1042 5150 αὐτοὺς
1092 5087 1484 5156 διελέγξαντος,
1543 5087 1638 5140 καὶ
1685 5085 1937 5140 Ἰωάννου

366 5178 459 5231 τοῦ
518 5177 701 5248 Κύρου
754 5179 1184 5253 συμμάρτυροςο
1219 5178 1623 5242 καὶ-δείξαντες
1670 5178 1940 5246 ἐναργῶς,

364 5267 441 5332 ὡς
470 5268 622 5322 οὐδὲν
650 5267 829 5322 αὐτῶν
858 5270 965 5322 τῶν
1004 5270 1061 5322 ὲν
1085 5269 1382 5338 κτίσμασιν
1398 5269 1624 5329 ἄϐατον,
1658 5267 1758 5319 οὐκ
1779 5267 1941 5338 ούρα-

373 5359 477 5423 νδς,
507 5359 568 5412 ού
597 5361 691 5430 γῆ,
724 5360 825 5418 οὐκ
848 5361 978 5430 ἀὴρ,
1012 5360 1074 5412 ού
1103 5359 1236 5431 πῦρ,
1258 5360 1358 5429 οὐχ
1391 5358 1558 5428 ὕδωρ,
1594 5359 1654 5410 ού
1679 5357 1940 5421 θάλαττα,

369 5448 503 5503 ἀλλά
563 5450 745 5502 πάντα
799 5448 1110 5519 διέρχονται
1168 5452 1295 5513 τοὺς
1326 5450 1569 5512 εὐσεϐεῖς
1597 5450 1686 5502 καὶ
1713 5452 1939 5512 πιστοὺς

369 5539 745 5605 διασώζοντες.
785 5541 894 5594 Καὶ
935 5540 1109 5593 ταῦτα
1138 5540 1234 5609 μὲν
1263 5540 1474 5611 φανερὰ
1502 5542 1617 5604 τοῖς
1646 5541 1776 5593 πᾶσι
1808 5539 1938 5593 καθ-

371 5634 590 5704 έστηκε,
620 5633 725 5687 κᾶν
758 5635 913 5703 ἡμεῖς
949 5631 1024 5703 μὴ
1059 5631 1408 5702 κηρύξωμεν.

2047 4620 2185 4691 phili
2238 4635 2435 4677 manus
2485 4621 2677 4677 dextra
2732 4623 2995 4678 continuo
3043 4625 3377 4689 solvebatur,
3433 4628 3624 4695 sicque

2046 4711 2254 4767 doloris
2285 4713 2480 4769 molem
2520 4712 2793 4781 deposuit,
2825 4723 2880 4770 et
2923 4732 3046 4769 cum
3096 4717 3287 4771 dolore
3332 4718 3625 4772 immobili-

2048 4811 2236 4859 tatetn.
2269 4802 2424 4858 Tunc
2465 4806 2746 4871 Omnibus,
2785 4809 2874 4878 qui
2914 4809 3017 4863 hoc
3058 4809 3337 4874 viderunt,
3385 4809 3625 4864 innotuit

2045 4894 2267 4949 infanda
2319 4896 2616 4953 curiositas
2668 4914 2790 4969 qua“:
2835 4909 3027 4954 contra
3075 4916 3200 4956 eum
3248 4901 3426 4957 fuerat
3468 4901 3625 4954 adin-

2044 4998 2227 5056 venta,
2270 5005 2436 5061 quam
2478 4991 2685 5047 scilicet
2723 4991 2803 5044 illi
2837 4993 3069 5046 malefici
3117 5005 3244 5046 cum
3285 4991 3620 5061 importunis

2043 5088 2097 5135 et
2147 5082 2401 5150 pessimis
2451 5090 2630 5137 actam
2683 5083 3023 5139 daemonibus
3078 5085 3292 5138 marino
3341 5081 3610 5150 profundo

2043 5173 2470 5240 summiserant,
2528 5175 2692 5245 quasi
2754 5190 3033 5245 nunquam
3085 5174 3382 5246 aliquando
3430 5173 3620 5227 dissol-

2043 5267 2296 5322 vendam.
2335 5268 2440 5323 Sed
2486 5278 2546 5324 ut
2597 5269 2799 5324 inﬁrmi
2835 5279 2889 5325 et
2922 5270 3100 5326 insani
3148 5268 3420 5339 redarguti
3466 5279 3616 5330 sunt,

2037 5356 2182 5428 Cyro
2212 5374 2307 5415 eos
2338 5369 2390 5415 et
2415 5358 2627 5417 Joanne
2664 5361 2791 5433 Cyri
2835 5370 3199 5431 commartyre
3238 5359 3445 5428 liquido
3487 5375 3618 5411 cou-

2045 5452 2415 5518 vincentibus,
2457 5463 2680 5511 ostenso
2725 5455 2962 5511 dilucide
3010 5453 3158 5524 quod
3207 5451 3342 5507 nihil
3390 5455 3460 5507 sit
3511 5452 3619 5504 illis

2044 5542 2097 5596 in
2137 5546 2407 5599 creaturis
2445 5560 2551 5600 non
2595 5548 2861 5616 pervium,
2893 5561 3000 5600 non
3043 5544 3267 5605 coelum,
3303 5558 3410 5596 non
3446 5550 3612 5601 terra,

2043 5650 2152 5688 non
2187 5650 2303 5700 aer,
2337 5651 2446 5691 non
2490 5638 2651 5708 ignis,
2686 5653 2792 5690 non
2830 5652 2989 5706 aqua,
3021 5651 3126 5690 non
3169 5635 3406 5703 denique
3444 5649 3612 5696 mare,

369 5727 462 5780 sed
504 5727 686 5780 omnia
724 5734 1007 5781 transeunt
1039 5726 1316 5780 salvantes
1368 5726 1485 5793 pios
1531 5733 1694 5791 atque
1757 5724 1962 5779 ﬁdeles.
2022 5726 2083 5781 Et
2137 5728 2355 5798 quidem
2416 5728 2529 5784 haec
2584 5730 2870 5784 manifesta
2922 5728 3135 5783 cunctis
3212 5726 3401 5783 eli‘eeta
3460 5736 3611 5791 sunt,

369 5820 490 5881 licet
528 5820 614 5873 illa
647 5834 746 5873 nos
782 5819 1004 5873 minime
1041 5819 1415 5889 prmdiccmus.
