4060 6236
385 386 523 451 3547

1241 390 1298 449 S.
1334 389 1753 451 SOPHRONII
1778 390 2283 452 PATRIARCH/E
2309 387 2714 451 IIIEROSOL.

3521 377 3664 442 35-48

457 502 725 554 Caeterum
781 499 816 552 ii
875 501 966 569 qui
1019 510 1148 555 tunc
1198 515 1322 556 cum
1378 501 1763 573 dispensatore
1806 503 1974 557 habe-

2151 503 2214 580 Οί
2252 502 2373 556 τότε
2407 501 2463 555 δὲ
2503 501 2629 572 περὶ
2688 500 2779 552 τὸν
2832 496 3119 567 οἰκονόμον
3166 494 3552 563 τυγχάνοντες,
3590 493 3665 556 ὡς

388 593 609 658 bantur,
644 607 771 647 cum
816 594 1119 648 maleficum
1159 593 1449 660 vidissent,
1492 602 1544 648 et
1582 597 1971 665 cognovissent

388 698 607 737 manum
643 684 889 738 dextram
924 699 1142 738 movere
1174 683 1560 755 Theophilum,
1598 694 1671 757 et.
1702 694 1973 757 martyres

392 774 774 842 laudaverunt,
823 776 1178 846 reliquosque
1234 778 1420 832 clavos
1467 779 1699 833 evellere
1748 778 1975 833 festina—

390 879 607 924 verunt.
671 867 807 922 Ilum
865 878 1046 923 autem
1113 871 1212 924 hos
1277 871 1658 935 exsolverent,
1725 871 1975 925 inﬁrmus

392 975 610 1031 quoque
641 977 669 1014 a
709 960 943 1017 vinculis
977 971 1029 1016 ct
1067 962 1359 1016 tormentis
1393 963 1595 1032 pariter
1637 963 1971 1025 solvebatur,

391 1068 678 1121 (pinusque
709 1069 900 1107 omnes
941 1054 1110 1107 evulsi
1151 1064 1315 1118 sunt;
1362 1056 1552 1124 sicque
1592 1056 1858 1125 languens
1908 1057 1976 1110 ab

394 1144 541 1196 omni
586 1145 846 1199 liberatus
881 1154 964 1199 est
995 1146 1267 1198 diabolica
1314 1149 1635 1215 operatione
1681 1146 1884 1214 pariter
1922 1155 1978 1201 et

394 1236 626 1302 ﬂagello.
664 1235 799 1291 Cum
842 1237 985 1290 enim
1021 1239 1232 1291 clarum
1269 1239 1412 1290 lanae
1448 1239 1743 1293 statunculi
1780 1254 1977 1292 manus

395 1330 787 1395 abstulissent,
850 1331 1036 1384 laevam
1097 1333 1349 1399 protinus
1412 1333 1460 1385 is
1514 1334 1604 1401 qui
1668 1332 1978 1401 patielatur

393 1419 638 1473 extendit
678 1438 688 1472 :
723 1431 775 1474 et
807 1436 999 1473 rursus
1028 1436 1151 1472 cum
1181 1437 1276 1475 eos
1310 1422 1403 1490 qui
1436 1422 1664 1491 pedibus
1695 1422 1977 1475 simulacri

393 1522 548 1565 eram
585 1513 724 1565 ειΠίνί
777 1512 1203 1575 abstraxissent,
1250 1514 1415 1582 pedes
1450 1512 1699 1567 inﬁrmus
1734 1512 1850 1567 sine
1883 1513 1981 1565 do-

395 1604 506 1656 lore
548 1604 904 1659 nihilominus
946 1606 1156 1658 ‘TIIOVII.
1200 1602 1355 1659 Unde
1404 1602 1631 1659 feSIinus
1678 1617 1978 1674 exsurgens

394 1694 462 1749 ad
502 1690 905 1750 confessionem
962 1705 1277 1751 sanctorum
1329 1698 1595 1760 cucurrit,
1645 1704 1981 1766 sanctosque

396 1800 590 1854 magna
627 1800 758 1840 voce
796 1783 1061 1851 laudavit,
1093 1786 1146 1840 in
1194 1787 1363 1839 altum
1419 1801 1615 1842 manus
1657 1785 1979 1848 extendens,

2080 597 2189 649 ἴδον
2234 597 2327 649 καὶ
2364 595 2566 665 ἔμαθον
2599 595 2661 647 τὸ
2693 592 3085 663 κακούργημα,
3140 589 3232 642 καὶ
3264 590 3422 660 χεῖρα
3449 588 3548 658 τὴν
3577 586 3665 638 δε-

2082 685 2201 750 ξιὰν
2231 685 2488 739 κινοῦντα
2515 684 2799 754 Θεόφιλον,
2862 682 3181 753 περιχαρεῖς
3221 681 3507 747 γεγονότες
3540 677 3665 740 τοὺς

2085 778 2369 849 μάρτυρας
2398 778 2622 849 ᾔνεσαν,
2652 775 2945 846 ἀφη).‹ἷ›σαί
2969 791 3026 825 τε
3061 775 3189 836 τοὺς
3229 770 3452 834 λοιποὺς
3503 770 3666 840 ἥλους

2081 869 2446 923 ἐσπούδασαν.
2516 869 2656 939 Πρὸς
2686 868 2800 921 ὃδέ
2858 865 3080 928 τούτους
3150 864 3389 931 ἐξέλυον,
3441 863 3507 916 ἐκ
3561 862 3667 914 τῶν

2080 962 2296 1032 δεσμῶν
2316 964 2344 1017 ό
2372 963 2658 1035 ἄρρωστος
2706 961 2801 1014 καὶ
2832 959 3082 1031 βασάνων
3113 956 3300 1010 ἐλύετο
3322 974 3335 986 ο
3373 955 3571 1027 μέχρις
3606 948 3668 1008 οὗ

2083 1055 2294 1117 πάντας
2360 1054 2677 1108 ἀνέσπασαν
2703 1071 2715 1083 ·
2750 1053 2845 1105 καὶ
2867 1050 3041 1113 οὕτως
3072 1052 3099 1102 ὁ
3128 1047 3300 1102 νοσῶν
3329 1047 3509 1117 πάσης
3544 1048 3667 1099 ἐλυ-

2081 1144 2269 1214 τρὼοη
2293 1143 2604 1212 διαϐολικῆς
2636 1142 2952 1214 περιεργίας
2983 1142 3077 1193 καὶ
3099 1139 3385 1208 μάστιγος.
3420 1136 3527 1187 Τὸν
3556 1133 3667 1204 γάρ

2083 1238 2178 1290 ἐπὶ
2204 1240 2304 1307 τῆς
2332 1236 2495 1300 λαιᾶς
2524 1237 2708 1308 χειρὸς
2748 1235 2843 1287 τοῦ
2873 1218 3192 1304 ἀνδριάντος
3215 1230 3532 1301 ἐξάραντες,
3564 1225 3666 1297 τὴν

2083 1328 2241 1382 λαιὰν
2261 1328 2420 1393 εὐθὺς
2440 1331 2468 1382 ό
2491 1329 2715 1398 πάσχων
2738 1327 3012 1393 ἐξέτεινεν
3035 1343 3049 1358 ·
3076 1327 3170 1380 καὶ
3207 1324 3366 1379 πάλιν
3397 1323 3523 1386 τοὺς
3554 1321 3669 1383 τοῖς

2086 1422 2214 1474 ποσὶ
2234 1421 2326 1474 τοῦ
2355 1421 2545 1485 ξοάνου
2584 1420 3044 1492 προσηλωμένους
3073 1419 3236 1489 ἥλους
3267 1416 3666 1476 ὲκσπάσαντες,

2085 1514 2211 1577 τοὺς
2234 1514 2398 1575 πόδας
2420 1515 2448 1565 ὁ
2487 1513 2766 1584 ἄρρωστος
2802 1497 2992 1585 ὀδύνης
3014 1511 3213 1582 -ιχωρὶς
3244 1509 3338 1562 καὶ
3367 1505 3662 1576 ἀλγηδόνος

2087 1606 2529 1675 ὲκίνησεν.”0οεν
2553 1605 2808 1675 δρομαῖος
2838 1604 3098 1667 ἀναστὰς,
3134 1605 3198 1674 τῇ
3235 1599 3379 1671 σορῷ
3418 1598 3526 1653 τῶν
3559 1597 3671 1650 λειο

2085 1695 2272 1765 ψὰνων
2300 1686 2410 1749 τῶν
2445 1695 2617 1764 ἁγίων
2649 1695 3024 1766 προσέδραμε,
3059 1694 3155 1747 καὶ
3191 1692 3317 1755 τοὺς
3346 1689 3539 1757 ἁγίους
3568 1704 3665 1758 με-

2088 1785 2419 1856 γαλοφὼνως
2451 1786 2756 1858 ἁνύμνησε,
2827 1784 3140 1856 μετεώρους
3202 1785 3298 1837 καὶ
3325 1783 3427 1847 τὰς
3474 1782 3666 1854 χεῖρας

392 1884 445 1931 et
478 1878 859 1933 collaudantes
893 1893 987 1933 eos
1026 1879 1120 1945 qui
1169 1878 1418 1933 viderant
1470 1879 1695 1934 habens.
1732 1877 1843 1934 Nos
1879 1896 1972 1933 au-

2086 1874 2416 1945 ποιούμενος,
2448 1879 2542 1932 καὶ
2568 1881 2978 1950 συπιυμνοῦντας
3003 1878 3142 1950 ἔχων
3179 1878 3299 1942 τοὺς
3336 1876 3659 1948 βλέποντας.

394 1981 499 2023 tem
536 1981 804 2042 martyres
838 1983 1096 2041 tanquam
1136 1978 1387 2041 potentes
1413 1971 1617 2046 iterum
1651 1973 1976 2043 hymnizan-

395 2072 496 2126 tes,
539 2071 595 2117 et
653 2072 974 2132 praesentem
1040 2064 1435 2129 narrationem,
1495 2065 1652 2134 quasi
1718 2080 1975 2119 coronam

396 2155 677 2211 miraculis
708 2171 828 2226 quae
850 2155 904 2209 in
935 2153 1339 2210 Alexandrinos
1365 2171 1393 2208 a
1421 2156 1579 2209 nobis
1606 2155 1810 2225 scripta
1849 2162 1975 2209 sunt

395 2244 685 2300 aiferentes
713 2287 727 2310 ,
756 2260 817 2300 ea
848 2259 969 2314 qum
1006 2236 1082 2299 in
1114 2245 1402 2318 Egyptios
1439 2256 1488 2300 te
1540 2235 1741 2318 Libyes
1774 2249 1977 2316 scripta

395 2345 524 2389 sunt
573 2335 911 2406 jamjamque
971 2335 1302 2405 incipimus,
1355 2334 1634 2391 Christum
1689 2336 1975 2392 Dominum

397 2439 647 2482 nostrum
693 2428 1009 2497 largitorem
1052 2428 1211 2482 nobis
1251 2426 1404 2482 verbi
1444 2427 1555 2480 ﬁeri
1595 2429 1977 2497 deprecantes,

397 2522 668 2591 simulque
706 2518 910 2592 Cyrum
958 2535 1022 2576 ac
1070 2517 1337 2574 Joannem
1393 2529 1662 2591 martyres
1713 2521 1977 2576 miracula

397 2630 461 2667 cx
499 2616 616 2683 ipso
653 2620 953 2683 patrantes.

344 2745 663 2818 ‘mrum
710 2742 1431 2818 binaeueonuupug
1478 2743 1982 2818 lignarios

752 2815 837 2869 ΕΤ
873 2814 1123 2870 LIBYOS
1155 2814 1450 2871 SCRIPTA
1489 2813 1697 2872 SUNT.

382 2968 385 2971 -
468 2930 712 2987 XXXVI.
763 2930 843 2986 De
900 2929 1555 3054 ΤΙιοοάὲἑ-ἓείιιέίγάὶασοηο
1614 2933 1911 3003 podagram

465 3114 853 3169 Alexandriam
889 3114 1104 3186 Egypti
1140 3123 1307 3185 atque
1340 3114 1631 3186 Libyarum
1670 3090 1835 3170 audio
1859 3130 1982 3171 esse

2093 1970 2285 2041 Ἡμεῖς
2314 1970 2371 2024 δὲ
2402 1972 2569 2024 πάλιν
2611 1972 2737 2035 τοὺς
2768 1972 3057 2044 μάρτυρας
3079 1971 3153 2035 ὼς
3179 1968 3399 2024 δυνατὸν
3423 1967 3670 2037 ἁνυμνή-
3700 1950 3729 2035 δ’

2082 2079 2297 2128 σαντες,
2353 2062 2447 2115 καὶ
2500 2063 2599 2134 τὴν
2640 2063 2924 2133 παροῦσαν
2967 2062 3221 2134 διήγησιν
3245 2059 3518 2131 κορωνίδα
3550 2061 3664 2129 τοῖς

2080 2155 2352 2224 θαύμασιν
2406 2156 2519 2219 τοῖς
2565 2155 2644 2218 εἰς
2710 2154 3103 2226 Ἀλεξανδρέας
3158 2154 3452 2225 γραφεῖσιν
3508 2150 3668 2222 ἡμῶν

2080 2245 2506 2313 ἐπενέγκαντες,
2532 2247 2641 2299 τῶν
2670 2249 2749 2309 εἰς
2770 2246 3100 2315 Αἰγυπτίους
3123 2244 3219 2299 καὶ⁸
3242 2242 3453 2306 Λίϐυας
3484 2242 3673 2296 λοιπὸν

2081 2336 2474 2406 ἀπαρξώμεθα,
2503 2339 2736 2407 Χριστὸν
2766 2336 2859 2390 τὸν
2893 2336 3027 2390 Θεὸν
3055 2336 3216 2408 ἡμῶν
3248 2335 3489 2407 χορηγὸν
3534 2335 3672 2404 ἡμῖν

2056 2427 2174 2491 ,τοῦ
2202 2428 2363 2496 λόγου
2388 2428 2640 2496 γενέσθαι
2671 2429 3134 2499 πρεσϐεύσαντες,
3154 2427 3392 2490 καὶτοὺς
3416 2426 3476 2494 ἐξ
3504 2426 3671 2480 αὑτοῦ

2079 2520 2323 2586 δρῶντα;
2347 2521 2415 2573 τὰ
2444 2519 2701 2590 θαύματα
2750 2522 2932 2595 Κῦρον
2958 2521 3053 2578 καὶ
3086 2521 3340 2592 Ἰωάννην
3365 2520 3493 2584 τοὺς
3517 2519 3663 2591 μάρ-

2081 2630 2278 2685 τυρας.

2079 2748 2269 2804 ΑΡΧΗ
2314 2746 2450 2799 ΤΩΝ
2488 2747 2597 2800 ΕΙΣ
2630 2746 3048 2801 ΑῙΓΥΠΊΊΟΥΣ
3077 2748 3197 2799 ΚΑΙ
3231 2718 3483 2799 ΛΙΒΥᾹΣ
3513 2745 3674 2798 ΓΡΛ-

2515 2819 2793 2872 ΦΕΝΤΩΝ
2832 2818 3238 2872 ΘΛΥΜΑΤΩΝ.

2081 2934 2220 3001 AG’.
2247 2928 2395 3002 Περὶ
2433 2930 2882 3057 Θεοδώρουὲτοῦ
2913 2929 3322 2987 ίιτοδιακόνου
3361 2930 3672 3001 ποδάγραν

2777 3019 3015 3057 γοντοο.

2773 3019 3015 3072 κοντος.

2166 3117 2578 3190 Ἀλεξάνδρειαν
2634 3119 2915 3188 Αἰγύπτου
2948 3119 3041 3172 καὶ
3090 3082 3309 3172 Λιϐύων
3348 3117 3533 3172 ἀκούω
3566 3134 3674 3188 μη-

398 3208 766 3277 metropolim,
815 3218 867 3263 et
926 3211 996 3262 ab
1054 3208 1153 3261 bac.
1216 3207 1554 3275 separandos
1613 3224 1719 3261 non
1769 3208 1979 3277 justum

2086 3211 2343 3280 τρόπολιν
2393 3212 2531 3283 (21),
2590 3213 2685 3264 καὶ
2728 3210 2934 3281 ταύτης
2963 3211 3221 3282 χωρίζειν
3244 3211 3304 3263 ού
3331 3210 3540 3264 δίκαιον
3566 3208 3665 3264 Αί-

396 3297 684 3370 A'Igyptios
737 3308 831 3353 aut
887 3298 1092 3370 Libyos
1147 3299 1422 3362 duxerim,
1458 3313 1693 3367 quorum
1745 3314 1868 3351 eum
1910 3300 1979 3354 sit

396 3399 581 3460 caput,
615 3391 794 3456 radix,
833 3393 964 3463 quin
1001 3392 1164 3446 etiam
1201 3392 1426 3461 crepido
1471 3391 1636 3446 simul
1683 3402 1737 3445 ct
1782 3391 1983 3449 funda-

401 3490 666 3549 mentum,
708 3483 826 3539 sine
886 3485 974 3540 his
1021 3485 1148 3551 quia
1205 3498 1307 3539 nec
1359 3486 1479 3553 ipsa
1526 3486 1642 3537 vult
1695 3500 1982 3556 apparere,

400 3589 501 3630 nec
535 3577 743 3645 absque
775 3575 876 3629 bac
920 3575 1108 3646 Libya,
1142 3575 1225 3629 vel
1271 3573 1563 3646 AEgyptus,
1598 3575 1858 3645 quoniam
1889 3591 1987 3632 ne-

399 3683 506 3736 que
536 3683 741 3737 corpus
787 3667 921 3721 vivit
951 3682 979 3719 a
1028 3669 1208 3737 capite
1252 3675 1590 3736 separatum,
1626 3682 1803 3734 neque
1845 3669 1981 3722 rami

400 3773 427 3808 a
481 3757 666 3813 radice
716 3758 877 3813 recisi
932 3766 1252 3828 permanent
1302 3757 1608 3823 fructuosi;
1649 3759 1780 3828 quin
1818 3760 1982 3817 etiam

402 3848 491 3902 ubi
520 3848 742 3917 crepido
771 3847 1030 3913 defuerit,
1055 3847 1407 3902 simulacrum
1429 3863 1540 3901 non
1567 3848 1686 3903 sine
1712 3862 1843 3904 casu
1869 3857 1987 3904 sta.

405 3941 503 4004 bit,
537 3939 1000 4011 quemadmodum
1054 3953 1156 3995 nec
1217 3939 1573 3994 fundamento
1618 3954 1814 3996 carens
1867 3956 1987 3995 ma-

403 4045 533 4084 nere
595 4031 793 4098 poterit
852 4029 1183 4094 :cdiliéium;
1241 4014 1389 4083 u’nde
1447 4043 1792 4099 consequens
1863 4044 1987 4085 esse

406 4138 530 4176 I‘t'Ot'
565 4130 617 4175 et
649 4123 884 4192 justum,
919 4130 977 4175 ut
1025 4123 1171 4175 sicut
1209 4122 1375 4191 capiti
1418 4135 1641 4191 corpus,
1681 4121 1849 4175 radici
1897 4137 1985 4175 ra-

403 4229 546 4277 mus,
580 4213 847 4283 crepidini
896 4212 1275 4276 simulacrnm,
1318 4220 1373 4266 et
1420 4212 1776 4267 fundamento
1815 4214 1992 4267 azdiii-i

401 4304 865 4367 eium,‘b'.crentia
905 4305 1052 4358 clara
1093 4312 1224 4360 sunt
1265 4313 1320 4358 et
1371 4303 1492 4359 sine
1533 4302 1878 4367 discrimine,
1913 4304 1987 4357 ita

400 4405 455 4449 et
507 4412 633 4450 cum
684 4396 1037 4460 Alexandria,
1076 4393 1246 4469 Libya
1297 4397 1379 4451 vel
1436 4396 1710 4468 [Egyptus
1761 4397 1814 4450 in
1858 4395 1989 4469 Cyri

399 4486 740 4557 .Ioannisqtte
780 4489 1176 4545 miraculorum
1229 4488 1393 4553 serie,
1425 4489 1678 4545 ordinate
1715 4491 1989 4560 gaudeant

2084 3303 2349 3371 γυπτίους
2393 3302 2633 3375 ἡγοῦμαι
2687 3305 2782 3355 καὶ
2841 3303 3066 3367 Λίϐυας,
3112 3297 3187 3356 ὧν
3236 3303 3451 3374 κεφαλή
3484 3319 3545 3356 τε
3578 3303 3673 3356 καὶ

2088 3394 2212 3466 ῥίζα
2230 3396 2598 3465 τυγχάνουσα.
2626 3394 2688 3448 οὐ
2723 3394 2830 3465 μὴν
2853 3393 2990 3447 ἀλλὰ
3043 3394 3138 3446 καὶ
3164 3394 3369 3464 κρηπὶς
3397 3396 3491 3448 καὶ
3515 3394 3680 3465 θεμέ-

2086 3488 2199 3550 λιος
2219 3502 2231 3515 ·
2264 3487 2469 3539 τούτων
2491 3486 2647 3549 ἐκτὸς
2675 3485 2788 3539 οὐδ’
2815 3486 2950 3553 αὑτὴ
2977 3483 3225 3553 βούλεται
3244 3484 3521 3551 γενέσθαι,
3555 3484 3678 3536 οὐδέ

2085 3576 2292 3648 ταύτης
2319 3575 2493 3645 Λιϐύη
2516 3577 2612 3633 καὶ
2641 3575 2937 3641 Αἴγυπτος,
2967 3573 3091 3626 ἐπεὶ
3131 3572 3264 3644 μηδὲ
3296 3571 3457 3641 σῶμα
3479 3570 3545 3642 ζῇ
3575 3572 3679 3640 τῆς

2089 3667 2332 3737 κεφαλῆς
2384 3666 2787 3737 χωριζόμενον,
2847 3665 2980 3736 μηδὲ
3015 3664 3171 3735 ῥίζης
3202 3666 3251 3717 οἱ
3273 3663 3459 3717 κλάδοι
3480 3661 3680 3734 τεμνό-

2092 3775 2242 3827 μενοι
2272 3757 2524 3827 μένουσιν
2544 3757 2835 3827 ἐγκαρποι,
2869 3756 3007 3827 μήτε
3028 3757 3134 3826 μὴν
3157 3754 3422 3826 κρηπῖδος
3453 3753 3684 3823 ληφθεί-

2091 3868 2190 3920 σης
2212 3851 2465 3904 ἄπτωτον
2511 3851 2737 3921 ἄγαλμα
2769 3851 3049 3918 στήσεται,
3088 3849 3224 3920 μήτε
3266 3846 3522 3918 θεμελίου
3560 3863 3685 3899 στε-

2093 3942 2353 4012 ρούμενον
2371 3941 2551 4013 μένειν
2574 3941 2915 4011 οἰκοδόμημα
2943 3938 3369 3994 δύναται.”0οεν
3395 3938 3687 3991 ἀκόλουθον

2090 4032 2243 4103 οἶμαι
2278 4036 2373 4086 καὶ
2403 4033 2640 4098 δίκαιον,
2669 4033 2746 4096 ὡς
2775 4033 2988 4103 κεφαλῇ
3020 4033 3082 4086 τὸ
3111 4032 3269 4101 σῶμα
3297 4030 3685 4101 συγκείμενον,

2099 4128 2197 4180 καὶ
2252 4127 2378 4199 ῥίζῃ
2408 4126 2496 4179 τὸν
2529 4126 2773 4198 ὅρπηκα,
2835 4126 2931 4179 καὶ
2960 4125 3187 4197 κρηπῖδι
3213 4124 3275 4177 τὸ
3303 4122 3548 4192 ἄγαλμα,
3595 4122 3689 4174 καὶ

2091 4220 2330 4291 θεμελίῳ
2358 4218 2419 4272 τὸ
2452 4218 2682 4289 οἴκημα,
2717 4218 2949 4288 λαμπρά
2977 4217 3037 4271 τέ
3065 4220 3184 4270 ἐστι
3239 4217 3334 4270 καὶ
3386 4215 3646 4269 ἀκίνδυνα
3669 4231 3683 4245 ·

2091 4311 2265 4375 οὕτως
2307 4309 2688 4382 Ἀλεξανδρείᾳ⁴
2740 4309 2917 4380 Λιϐύη
2966 4308 3368 4379 συνταττομένη
3391 4308 3486 4360 καὶ
3515 4306 3688 4374 Αίγυ-
3730 4294 3734 4298 ’

2095 4418 2227 4463 πτος
2253 4402 2310 4453 ἐν
2347 4403 2459 4464 τοῖς
2504 4400 2612 4452 τῶν
2643 4397 2938 4470 θαυμάτων
2963 4397 3144 4467 Κύρου
3168 4398 3263 4450 καὶ
3288 4395 3537 4449 Ἰωάννου
3564 4411 3690 4445 συν-

2094 4495 2398 4563 τάγμασιν,
2450 4491 2704 4561 χαίρουσί
2742 4509 2803 4544 τε
2858 4492 2953 4543 καὶ
3012 4490 3310 4560 τέρπονται
3362 4489 3429 4558 τῇ
3485 4485 3690 4554 ταύτης

403 4590 457 4633 et
509 4581 873 4647 delectentur,
907 4582 1072 4651 hujus
1120 4583 1373 4638 claritate
1429 4582 1721 4653 fulgentes,
1756 4592 1810 4638 et
1860 4592 1980 4637 tan-

2092 4586 2413 4656 φαιδρὸτητι
2464 4584 2962 4656 λαμπρυνόμεναι,
2997 4583 3092 4637 καὶ
3150 4581 3224 4643 ὡς
3282 4580 3563 4640 κοινωνοῖς
3604 4595 3690 4630 σε·

403 4688 567 4740 quam
607 4673 773 4727 sociae
824 4674 1123 4743 gloriantes
1178 4688 1345 4744 super
1398 4682 1716 4729 sanctorum
1776 4674 1987 4729 liberali

407 4765 738 4818 mirabilium
794 4767 1145 4835 possessione
1181 4775 1483 4837 gestorum.
1539 4765 1678 4834 Ergo
1729 4769 1993 4820 uniantur

2096 4678 2425 4748 μνυνόμεναι
2462 4675 2558 4728 τοῦ
2590 4674 2700 4728 τῶν
2731 4676 2901 4743 ἁγίων
2933 4675 3338 4745 μεγαλόφρονος
3388 4671 3690 4741 κτήματος.

2095 4771 2304 4823 Οὐκοῦν
2365 4770 2706 4823 ἑνούσθωσαν
2740 4767 3181 4838 ’Λλεξανδρεῦσιν
3232 4765 3544 4833 Αἰγύπτιοι,
3599 4764 3694 4815 καὶ

405 4858 792 4912 AIeXaudrinis
820 4859 1090 4931 JEgyptii,
1122 4866 1177 4913 et
1223 4859 1292 4913 ab
1322 4859 1406 4913 bis
1436 4857 1595 4929 Libyi
1631 4871 1736 4912 non
1775 4858 1980 4911 abscin-

2094 4862 2306 4916 τούτων
2336 4862 2385 4916 οἱ
2406 4860 2603 4925 Λίϐυες
2623 4861 2697 4931 μὴ
2716 4858 3127 4930 τεμνέσθωσαν,
3153 4857 3229 4920 ὡς
3251 4854 3470 4924 γονεῦσι
3499 4853 3689 4915 παῖδες

406 4955 628 5009 dantur.
675 4952 840 5006 veluti
894 4953 990 5006 lilii
1027 4961 1283 5022 parentes
1314 4951 1532 5012 sectati,
1562 4959 1618 5004 et
1647 4950 1895 5006 eamdem
1940 4950 1993 5003 in

409 5046 743 5117 mmtyrihus
777 5044 1085 5100 claritatem
1114 5051 1426 5113 carpentes,
1460 5050 1515 5098 el.
1561 5045 1791 5109 gloriam
1828 5059 1993 5097 unam

406 5151 452 5191 et
493 5138 881 5208 impartibilem
919 5137 1293 5208 possidentes.

483 5230 806 5300 [’rwi‘ulgeat
860 5229 1028 5301 igitur
1078 5229 1134 5283 in
1183 5227 1566 5299 atEgyptiorum
1609 5236 1661 5282 et
1700 5226 2001 5297 Libyorum

412 5327 694 5382 miraculis
718 5325 1067 5391 Theodorus,
1101 5324 1194 5389 qui
1226 5324 1294 5377 ab
1322 5321 1543 5394 Egypti
1576 5322 1797 5376 civitate
1818 5320 2001 5373 Theu-

413 5431 545 5493 neso
585 5417 807 5474 nomine
848 5416 1071 5490 prodiit,
1111 5415 1206 5486 qui
1252 5423 1384 5469 tunc
1415 5413 1633 5484 quidem
1680 5428 1802 5467 cum
1843 5413 1998 5466 laicis

2100 4952 2393 5023 ἀγόμενοι,
2429 4953 2522 5005 καὶ
2573 4950 2672 5021 τὴν
2714 4949 2883 5018 αὐτὴν
2933 4948 3026 5001 ἐπὶ
3081 4948 3194 5010 τοῖς
3230 4946 3471 5016 μάρτυσι
3528 4940 3690 5004 δόξαν

2101 5042 2499 5113 καρπούμενοι,
2529 5042 2625 5095 καὶ
2659 5040 2815 5105 κλέος
2842 5039 2901 5092 ἓν
2927 5038 3225 5110 ἀμέριστον
3251 5035 3489 5105 ἔχοντες.

2181 5219 2560 5293 Προλαμπέτω
2619 5220 2799 5273 τοίνυν
2842 5217 3157 5286 Αἰγυπτίων
3190 5215 3329 5286 ὁμοῦ
3355 5215 3449 5268 καὶ
3475 5214 3692 5293 Λιϐύων

2106 5319 2163 5369 ἐν
2194 5314 2468 5384 θαύμασιν
2488 5315 2516 5366 ὁ
2540 5313 2606 5366 ἐκ
2631 5311 2904 5381 Θεννήσου
2918 5309 3192 5375 Θεόδωρος
3223 5307 3400 5377 (πόλις
3432 5306 3570 5377 αὕτη
3598 5306 3696 5374 τῆς

2105 5409 2382 5476 Αἰγύπτου
2412 5406 2841 5478 καθέστηκεν),ὁ
2863 5404 2984 5458 τότε
3005 5403 3102 5474 μὲν
3124 5405 3183 5456 ἐν
3200 5402 3407 5463 λαῖκοῖς
3431 5398 3698 5470 ἀριθμού-

359 5490 382 5516 ⁹
413 5490 941 5578 connumerabatur,
976 5518 1031 5566 et
1078 5509 1165 5566 his
1199 5508 1292 5579 qui
1336 5522 1397 5562 se
1433 5522 1463 5561 a
1503 5505 1772 5560 catholica
1810 5504 1980 5557 Eccle-

2114 5519 2273 5573 μενος
2296 5501 2389 5555 καὶ
2414 5502 2529 5564 τοῖς
2562 5492 2891 5569 Ἐκκλησίας
2922 5498 3020 5567 τῆς
3045 5494 3341 5565 καθολικῆς
3367 5490 3698 5561 ἀποσχίζου-

1971 5680 2199 5736 NOTAE.

491 5778 782 5843 (2|)llunc
817 5783 995 5837 locum
1033 5783 1135 5836 sub
1184 5781 1360 5835 sancti
1420 5778 1713 5847 Sophronii
1771 5777 2168 5848 archiepiscopi
2233 5774 2714 5843 llicz'osoiymilani
2781 5771 3003 5827 nomine
3069 5769 3255 5825 laudat
3312 5763 3551 5823 secunda
3605 5763 3698 5817 Ni-

424 5866 567 5904 cena
597 5855 859 5919 synodus.
897 5862 1004 5907 act.
1030 5855 1082 5918 ὦ,
1122 5864 1159 5908 l.
1198 5852 1331 5919 XIII,
1366 5854 1452 5905 ed.
1489 5851 1733 5906 I’Iorc-nl.
1772 5851 1872 5900 col.
1915 5848 2001 5899 :37.
