4060 6236
319 433 464 495 3.]49

1319 438 1422 499 SS.
1466 439 1641 499 ΟΥΒί
1672 440 1763 497 ΕΤ
1802 438 2123 497 JOANNIS
2151 441 2565 501 MIRACULA.

3444 439 3584 501 3550

321 569 426 615 σιν,
450 552 565 604 νυνὶ
590 551 645 604 δὲ
681 551 812 605 Θεοῦ
846 552 1027 622 χάριτι
1056 553 1147 607 καὶ
1182 556 1474 625 μαρτύρων
1501 555 1769 624 φωτισμῷ
1801 556 1897 607 καὶ

2034 556 2082 608 ia
2113 556 2403 620 scindunt;
2446 571 2594 610 nunc
2630 564 2811 609 autem
2842 553 2934 608 Dei
2987 564 3156 624 gratia
3187 570 3239 609 Ct
3285 564 3584 623 martyrum

322 643 721 714 προστάγματι,
745 646 838 697 καὶ
868 647 927 697 ὲν
963 647 1074 708 τοῖς
1101 645 1309 713 ταύτης
1334 648 1489 699 παισὶ
1519 645 1894 714 λογιζόμενος.

324 736 418 789 καὶ
443 734 656 805 βαθμοῦ
679 735 856 806 τυχὼν
881 736 1160 807 ἱερατικοῦ
1177 737 1272 790 τοῦ
1303 738 1443 806 μετά
1467 738 1596 799 τοὺς
1619 738 1901 798 διακόνους

323 827 680 897 ὑπάρχοντος,
748 827 841 879 καὶ
893 827 1224 896 λειτουργῶν
1252 827 1326 891 ὡς
1350 827 1698 889 ύποδιάκονος
1735 828 1794 879 ὲν
1825 822 1901 895 τῷ

325 918 505 989 σεπτῷ
537 919 645 972 τῶν
677 918 850 987 ἁγίων
880 920 1162 991 οἰκήματι.
1193 913 1381 982 Οὗτος,
1406 919 1478 981 ῶς
1505 935 1688 985 φασιν,
1711 921 1739 970 ό
1771 918 1901 971 Θεό-

323 1009 491 1081 δωρος
521 1012 584 1063 ἐκ
615 1010 740 1073 νέας
798 1011 1013 1080 ἡλικίας
1051 1009 1127 1080 τῷ
1189 1011 1298 1063 τῶν
1350 1009 1527 1062 ποδῶν
1583 1009 1902 1079 περιπίπτει

324 1101 614 1172 νοσήματι,
664 1101 801 1171 ὅπερ
863 1102 1035 1172 ἰατροὶ
1080 1100 1382 1168 ποδάγραν,
1414 1100 1488 1163 ὡς
1516 1096 1689 1169 οἶμαι,
1722 1099 1904 1162 καλῶς

329 1192 804 1262 προσηγόρευσαν,
842 1192 934 1245 διὰ
956 1193 1056 1261 τὴν
1100 1190 1194 1247 τοῦ
1236 1191 1440 1254 πάθους
1471 1190 1669 1261 πολλὴν
1718 1190 1905 1261 ἀγριό-

326 1298 482 1351 τητα.
518 1282 732 1351 Ὥσπερ
781 1283 890 1352 γάρ
942 1284 1048 1335 τῶν
1084 1281 1268 1351 θηρῶν
1307 1281 1620 1351 ἀγριώτερα
1658 1281 1904 1349 φυσικῶς

328 1374 386 1425 τδ
406 1373 678 1444 ἀνήμερον
723 1374 917 1444 ἔχοντα
971 1376 1084 1437 τοῖς
1140 1375 1382 1446 ἡμεροῦν
1446 1376 1723 1428 ἐθέλουσίν
1767 1378 1904 1428 εἰσιν

330 1465 677 1518 ἀνυπότακτα
705 1465 1097 1519 τιθασσεύοντα
1152 1465 1366 1534 χαλινὸν
1414 1465 1678 1535 δεχόμενα
1712 1484 1725 1497 ο
1764 1466 1905 1519 οὕτω

329 1559 423 1610 καὶ
443 1558 599 1609 τοῦτο
628 1558 688 1610 τὸ
711 1559 986 1628 ἀνήμερον
1015 1558 1248 1627 νόσημα,
1279 1559 1466 1609 παισὶν
1496 1557 1695 1626 ἰατρῶν
1723 1558 1902 1627 ὑπάρ-

330 1666 424 1718 χον
466 1649 779 1715 ἀτίθασσον,
852 1651 1039 1718 ὑγείας
1092 1649 1308 1720 χαλινὸν
1338 1648 1437 1702 οὐκ
1488 1649 1761 1718 ἀνέχεται,
1789 1649 1903 1703 ἀλλ’

330 1745 524 1808 αὐτοὺς
546 1746 672 1808 τοὺς
714 1743 1189 1815 προσφερομένους
1216 1741 1363 1811 αὐτῷ
1392 1744 1508 1805 τοῖς
1540 1741 1905 1813 βοηθήμασιν,

330 1836 520 1909 ὥσπερ
548 1837 607 1904 ἐξ
635 1838 880 1907 ἀράχνης
920 1835 1077 1896 ὄντας
1096 1830 1411 1905 περικόψαν
1442 1834 1768 1905 ἀπέρχεται,
1801 1834 1899 1905 τὴν

331 1929 537 1983 οἰκείαν
565 1927 830 1982 ἀναλαϐὸν
864 1926 1183 1998 ἀγριότητα.

402 2018 589 2088 Τούτῳ
619 2016 940 2089 περιπεσὼν
962 2020 989 2070 ό
1009 2014 1284 2088 Θεόδωρος
1302 2018 1365 2069 ἐκ
1384 2016 1641 2086 βραχείας
1667 2017 1906 2084 ἡλικίας,

333 2114 408 2177 ὡς
427 2112 659 2183 ἔφημεν,
685 2110 995 2182 προκόπτον
1024 2104 1137 2178 εἶχε
1157 2110 1219 2162 τὸ
1250 2109 1420 2170 πάθος
1449 2109 1745 2178 ἀφόρητον·
1772 2109 1909 2177 ὅπερ

334 2205 474 2258 κατά
509 2204 618 2256 τῶν
666 2204 819 2268 ζώων
846 2202 1177 2271 γεννήματα,
1212 2200 1308 2253 καὶ
1352 2199 1535 2266 φυτῶν
1562 2198 1655 2252 καὶ
1677 2197 1911 2267 δένδρων

336 2297 689 2366 βλαστήματα
716 2294 784 2347 τὰ
813 2294 910 2365 τὴν
939 2292 1148 2347 οἰκείαν
1169 2291 1378 2362 ἀρετὴν
1410 2291 1507 2343 καὶ
1534 2290 1819 2355 εὐγένειαν
1850 2291 1912 2342 ἐκ

335 2390 637 2461 προοιμίων
683 2387 844 2449 εὐθὺς
893 2384 1305 2453 ἐνδεικνύμενα,
1367 2384 1434 2454 ἢν
1484 2382 1627 2453 ἔχειν
1686 2382 1913 2449 εὐφυΐαν

337 2484 528 2536 ἔπειτα
564 2479 867 2551 μέλλουσιν,
900 2480 1011 2541 τοῖς
1032 2478 1227 2530 είδόσιν
1252 2477 1383 2546 ὁρᾷν
1418 2477 1480 2528 ἐκ
1512 2477 1722 2545 μήτρας
1747 2474 1914 2542 αὐτῆς

338 2576 434 2629 καὶ
446 2575 587 2644 φυῆ;
611 2573 1123 2645 παραστράπτοντα·
1156 2571 1250 2623 καὶ
1273 2570 1405 2622 αὐτὸ
1431 2569 1490 2621 τὸ
1519 2568 1715 2621 ἑαυτοῦ
1748 2566 1915 2634 φανὲν

340 2667 752 2739 προσεδείκνυεν
804 2665 1051 2734 μέγεθος,
1077 2665 1152 2726 ὼς
1183 2662 1384 2732 πόρους
1444 2662 1605 2721 εὐθὺς
1655 2659 1917 2721 δυσειδεῖς

340 2759 435 2812 καὶ
483 2757 886 2827 προκόπτοντας
951 2752 1040 2805 ἐπί
1059 2771 1118 2806 τε
1147 2750 1323 2804 ποδῦν
1349 2752 1443 2803 καὶ
1469 2749 1670 2820 χειρῶν
1711 2752 1776 2820 τῇ
1808 2748 1918 2801 τῶν

340 2842 647 2914 ἀλγηδόνων
683 2841 982 2911 βλαστῆσαι
1014 2840 1338 2909 σφοδρότητι
1384 2838 1475 2891 καὶ
1505 2842 1568 2908 τῇ
1606 2838 1919 2909 πανομϐρίᾳ

340 2939 435 2993 τοῦ
463 2939 670 3008 συχνῶς
696 2936 1129 3000 καταστάζοντος
1159 2934 1448 3007 ῥεύματος.
1470 2932 1921 2986 Μετεπλάττοντο

343 3032 451 3103 γὰρ
479 3030 627 3101 αὐτῷ
665 3029 799 3101 πρὸς
848 3029 1012 3081 λίθων
1046 3028 1325 3097 ἀμορφίαν
1356 3026 1405 3077 οἱ
1434 3024 1712 3083 δάκτυλοι,
1754 3025 1920 3093 μήπω

344 3123 554 3187 τελείας
587 3123 841 3192 τυχόντες
872 3118 1157 3189 αὐξήσεως
1179 3136 1190 3149 ·
1226 3118 1320 3170 καὶ
1352 3116 1460 3169 τῶν
1496 3116 1674 3169 ποδῶν
1711 3118 1759 3168 οἱ
1794 3131 1922 3185 ταρ-

348 3217 430 3269 σοὶ
457 3214 751 3286 ἐμιμοῦντο
780 3213 847 3265 τὰ
863 3213 961 3282 τῆς
982 3214 1083 3280 γῆς
1128 3210 1492 3279 ἀναστήματα
1511 3226 1527 3240 ο
1569 3208 1661 3260 καὶ
1688 3208 1827 3277 τάχα
1858 3206 1922 3258 ἂν

344 3305 394 3356 ’,ί
422 3302 578 3363 πόδες
603 3300 752 3370 αὐτῷ
782 3301 876 3352 καὶ
908 3301 1003 3352 σὺν
1024 3297 1234 3360 τούτοις
1264 3299 1318 3349 αἱ
1355 3299 1536 3368 χεῖρες
1568 3298 1701 3366 πρὸς
1749 3296 1922 3349 ταῦτα

352 3394 667 3462 μετέϐαλον,
709 3394 808 3463 τὴν
850 3393 1055 3445 οἰκείαν
1117 3389 1333 3460 μορφὴν
1392 3388 1786 3457 ἀρνησάμενοι,
1831 3389 1925 3441 καὶ

345 3487 407 3539 τὸ
445 3486 594 3554 σερῶν
619 3479 759 3548 εἶδος
788 3482 1061 3545 παντελῶς
1089 3480 1474 3545 διαλλάξαντες
1496 3496 1511 3509 θ
1550 3480 1599 3531 εί
1627 3479 1701 3548 μὴ
1744 3478 1926 3549 Κῦρον

350 3570 505 3645 εὗρεν
525 3579 588 3645 τῇ
608 3576 745 3644 νόσῳ
777 3574 1102 3644 μαχόμενον,
1138 3573 1231 3623 καὶ
1266 3570 1522 3640 Ἰωάννην
1545 3569 1637 3621 τὸν
1664 3570 1922 3640 μάρτυρα

350 3668 440 3719 τὸν
464 3665 655 3718 τούτου
693 3662 997 3732 συνόμιλον.

435 3759 660 3828 ’ἰατροῖς
720 3758 817 3828 μὲν
873 3757 980 3824 γὰρ
1032 3755 1224 3809 ἑαυτὸν
1250 3753 1309 3806 τδ
1343 3753 1560 3823 πρῶτον
1587 3753 1886 3806 ἐκδέδωκεν
1912 3768 1925 3781 ·

352 3838 468 3905 ἀλλ’
513 3850 586 3913 ὡς
621 3851 727 3920 ἴδεν
762 3847 997 3920 κρατοῦν
1051 3847 1213 3901 αὐτὸν
1237 3845 1296 3898 τὺ
1319 3845 1666 3916 ἀρρώστημα
1704 3846 1797 3897 καὶ
1828 3845 1928 3914 τῆς

354 3940 546 4011 τέχνης
593 3916 851 4010 ὲμῖρανῶς
899 3936 1375 4005 περιγιγνόμενον,
1431 3930 1618 4005 πρὶνῆ
1650 3935 1743 3987 καὶ
1767 3935 1932 3987 αὐτοῦ

355 4032 736 4103 περιγένηται,
789 4030 924 4100 πρὸς
958 4030 1086 4090 τοὺς
1141 4027 1333 4094 ἁγίους
1386 4026 1687 4095 κατέφυγε,
1743 4026 1936 4096 μόνους

360 4128 498 4199 μετά
515 4127 669 4192 Θεὸν,
699 4128 745 4178 εἰ
767 4123 1075 4193 θελήσαιεν,
1102 4119 1361 4174 δύνασθαι
1385 4118 1737 4183 κατευνάζειν
1760 4118 1818 4171 τὸ
1842 4119 1937 4172 πά-

360 4220 449 4283 θος
480 4217 801 4288 πυθόμενος,
824 4214 1040 4285 χαλινὸν
1064 4212 1354 4283 ὀρέγοντας
1386 4208 1587 4273 ἔνθεον,
1613 4210 1708 4263 καὶ
1727 4210 1788 4262 οὐ
1818 4210 1939 4280 βρο.

358 4312 510 4375 τείας
537 4312 601 4363 ὲκ
628 4309 822 4377 τέχνης
846 4306 1156 4376 γενόμενον.
1192 4302 1392 4357 Ἐλθὼν
1445 4301 1538 4356 οῦν
1566 4301 1745 4355 αὐτῶν
1775 4304 1851 4363 εἰς
1880 4303 1939 4354 τὸ

359 4402 604 4470 τέμενος,
633 4396 925 4467 θεραπείας
958 4397 1137 4465 τυχεῖν
1169 4394 1310 4464 μετά
1342 4393 1555 4445 πάντων
1577 4392 1849 4446 ἐδέετο.οἱ
1883 4391 1939 4444 δὲ

362 4489 732 4560 φιλάνθρωποι
785 4486 1059 4556 μάρτυρες
1088 4483 1466 4553 παραστάντες
1490 4479 1638 4551 αὐτῷ
1682 4480 1943 4544 πολλάκις

2007 646 2406 701 illuminatione
2454 656 2617 717 atque
2656 654 2950 717 praecepto,
2982 653 3035 699 et
3083 660 3206 700 cum
3256 645 3419 714 hujus
3458 647 3588 701 ﬁliis

2003 736 2295 804 deputatus
2325 747 2602 792 sacratum
2656 737 2906 807 gradum,
2933 737 3024 807 qui
3057 745 3141 792 est
3175 746 3299 807 post
3328 738 3587 792 diaeoncs

2005 836 2356 890 consecutus,
2387 836 2441 881 et
2472 829 2747 883 ministrat
2795 837 2853 881 ut
2903 828 3276 884 subdiaconus
3317 828 3370 902 iu
3424 844 3587 882 vene-

2006 920 2165 975 rabili
2211 906 2526 989 siﬁtornm
2574 920 2911 975 habitaculo.
2957 919 3055 975 llic
3106 928 3166 975 ιιι
3206 920 3379 976 fertur
3413 920 3590 975 Theo-

2006 1012 2176 1066 dorus
2209 998 2532 1065 ali'ineunte
2561 1019 2719 1066 aetate
2751 1013 2949 1080 pedum
2983 1012 3297 1081 languorem
3331 1012 3585 1073 incurrit,

2007 1120 2168 1174 quem
2197 1104 2333 1158 bene.
2357 1110 2417 1155 ut
2448 1119 2571 1156 reor
2600 1103 2795 1157 medici
2825 1104 3117 1173 podagram
3153 1105 3587 1173 appellaverunt,

2005 1196 2077 1250 ob
2134 1194 2358 1248 multam
2415 1195 2627 1248 scilicet
2684 1195 3029 1263 aegritudinis
3081 1193 3372 1249 feritatem.
3432 1194 3590 1247 Sicut

2007 1287 2151 1341 enim
2181 1286 2476 1340 ferociores
2521 1284 2704 1341 bestiae
2740 1293 2933 1339 natura
2970 1286 3208 1341 immites
3240 1287 3588 1353 exsistantes.

2006 1386 2062 1432 et
2111 1377 2195 1431 bis
2226 1377 2318 1445 qui
2349 1377 2446 1430 has
2476 1374 2888 1437 mansuefacere
2911 1376 3099 1428 volunt
3125 1390 3184 1430 se
3208 1375 3431 1429 minime
3460 1377 3593 1430 sub.

2006 1468 2161 1531 dunt,
2180 1474 2232 1520 et
2249 1466 2374 1521 dum
2393 1465 2628 1535 mitigari
2648 1474 2951 1528 tentantur,
2971 1465 3184 1519 frenum
3208 1482 3313 1519 non
3333 1466 3595 1535 recipien-

2009 1568 2091 1614 tes
2124 1559 2420 1623 resultant;
2455 1558 2525 1611 ita
2564 1567 2617 1611 et
2649 1558 2738 1612 hic
2772 1556 3176 1611 immitissitnns
3205 1558 3437 1626 languor
3465 1574 3589 1612 cum

2007 1653 2078 1706 sit
2099 1651 2387 1721 diseipulis
2408 1636 2740 1705 medicorum
2765 1667 2991 1720 prorsus
3016 1650 3264 1712 immitis,
3292 1650 3594 1704 curationis

2009 1746 2161 1799 frena
2201 1760 2307 1798 non
2342 1745 2595 1804 sustinet,
2633 1744 2725 1797 sed
2754 1759 2879 1797 cmn
2914 1744 3029 1796 haec
3073 1743 3175 1797 sibi
3208 1743 3371 1796 allata
3405 1741 3458 1795 in
3501 1758 3597 1795 au-

2012 1839 2200 1893 xilium
2246 1837 2463 1898 fuerint,
2498 1836 2656 1905 quasi
2712 1852 2776 1889 ex
2811 1850 3008 1888 aranea
3041 1842 3297 1888 contexta
3325 1834 3521 1889 recidit
3545 1845 3598 1889 et

2014 1928 2309 1983 indomitus
2340 1928 2560 1990 recedit,
2587 1926 2804 1995 propria
2837 1925 3047 1980 feritate
3075 1930 3401 1996 resumptaa

2085 2018 2243 2074 Hunc
2271 2035 2395 2073 cum
2429 2018 2750 2072 incurrisset
2782 2031 2808 2068 a
2844 2031 3007 2085 parva
3041 2020 3099 2068 tit
3130 2014 3412 2067 innuimus
3441 2020 3598 2067 :etate

2015 2111 2363 2175 Theodorus,
2416 2126 2736 2181 processum
2787 2109 3018 2164 habebat
3057 2106 3479 2170 intolerabilem,
3507 2104 3597 2174 qui

2018 2202 2320 2257 sccumlum
2371 2200 2689 2253 animalium
2738 2199 3014 2269 genimina
3070 2206 3124 2251 et
3184 2195 3491 2266 plantarum
3547 2202 3602 2247 rt

2019 2290 2279 2345 arborum
2312 2289 2578 2361 germina,
2613 2305 2732 2357 qua!
2762 2282 3038 2358 prepriam
3068 2287 3326 2341 virtutem
3358 2295 3413 2340 et
3441 2284 3602 2339 nobi-

2021 2383 2225 2437 Iitatcm
2269 2397 2389 2435 mox
2426 2395 2455 2433 a
2491 2379 2775 2450 principiis
2804 2379 3086 2443 exltibent,
3112 2393 3274 2448 quam
3317 2376 3603 2431 habiturus

2023 2475 2260 2530 indolem
2294 2480 2461 2536 esset,
2492 2472 2838 2542 postmodum
2869 2471 2955 2524 liis
2982 2469 3073 2540 qui
3104 2468 3288 2523 videre
3321 2475 3601 2532 noverant,

2021 2581 2085 2619 ex
2128 2567 2247 2636 ipso
2288 2573 2438 2617 uteru
2462 2571 2515 2618 et
2551 2563 2833 2616 uativitate
2874 2561 3335 2631 przemonstravit.
3370 2558 3604 2628 Ipseque

2024 2673 2294 2728 apparens
2335 2671 2488 2711 suam
2514 2655 2627 2724 jam
2667 2653 3100 2724 magnitudinem
3150 2651 3498 2716 ostendebat,
3531 2649 3606 2703 ita

2028 2762 2087 2807 ut
2130 2761 2342 2808 meatus
2391 2767 2512 2805 mox
2563 2751 2690 2805 foedi
2729 2758 3066 2820 rumpentes,
3109 2758 3218 2803 tam
3269 2749 3323 2802 in
3376 2746 3607 2817 pedibus

2029 2861 2193 2915 quam
2229 2845 2283 2898 in
2316 2842 2569 2897 manibus
2593 2858 2657 2896 ex
2688 2841 2937 2895 dolorum
2968 2841 3297 2910 pullularent
3329 2837 3608 2893 nimietate

2028 2952 2179 2990 more
2235 2936 2535 2999 imbrium,
2597 2931 2869 2988 indefesse
2927 2940 3173 2986 reumate
3227 2929 3604 2985 distillantes:

2029 3026 2575 3096 transligurabautnr
2611 3025 2757 3080 enim
2788 3025 2836 3079 ei
2869 3024 3026 3095 digiti
3059 3024 3113 3077 in
3143 3022 3384 3092 lapidum
3425 3018 3610 3075 defor-

2030 3121 2296 3183 mitatem,
2343 3118 2507 3171 etiam
2555 3117 2796 3170 nondum
2851 3116 3095 3186 perfecto
3140 3114 3482 3169 incremento
3523 3111 3609 3166 sui

1954 3247 1995 3304 Ο
2034 3220 2320 3282 percepto;
2362 3220 2416 3266 et
2465 3211 2661 3281 pedum
2701 3210 2921 3279 planlzc,
2954 3216 3112 3263 terra:
3145 3204 3396 3261 cumulos
3432 3204 3614 3263 imita-

2032 3305 2248 3358 bantur.
2284 3302 2345 3356 Et
2377 3302 2611 3357 fortasse
2638 3303 2800 3372 pedes
2829 3302 2876 3355 ei
2906 3311 2958 3355 et
2986 3316 3095 3355 una
3132 3304 3260 3355 ‘cum
3293 3299 3378 3355 his
3418 3311 3614 3351 manus

2026 3398 2091 3451 ad
2121 3398 2231 3450 lure
2255 3398 2537 3451 translatae
2584 3394 2839 3458 fuissent,
2869 3393 3040 3446 forma
3068 3391 3289 3462 propria
3327 3389 3613 3459 denegata,

2028 3494 2082 3539 et
2127 3485 2308 3555 specie
2352 3500 2459 3539 sua.
2491 3485 2711 3555 penitus
2755 3491 3115 3546 commutata,
3148 3482 3252 3537 nisi
3294 3480 3495 3551 Cyrum
3527 3478 3613 3533 in-

2029 3580 2272 3633 venisset
2321 3587 2511 3633 contra
2568 3578 2818 3631 morbum
2858 3582 3215 3648 pugnantem,
3248 3584 3300 3628 et
3344 3571 3611 3627 Joannem

2033 3680 2323 3747 martyrem
2359 3670 2723 3725 sacratissimi
2757 3668 2881 3738 Cyri
2917 3668 3264 3721 consocimn.

2106 3760 2236 3815 Nam
2271 3763 2445 3829 primo
2472 3759 2693 3829 quidem
2722 3775 2780 3813 se
2823 3759 3047 3812 medicis
3084 3756 3330 3818 tradidit,
3370 3753 3462 3806 sed
3490 3766 3615 3805 cum

2036 3854 2266 3907 vidisset
2296 3851 2443 3921 quod
2464 3859 2518 3904 et
2550 3850 2672 3904 illos
2692 3858 3002 3918 superaret,
3034 3856 3088 3901 et
3115 3854 3285 3899 artem
3321 3842 3619 3896 manifeste

2035 3945 2285 3999 vinceret
2328 3944 2558 4013 languor
2588 3958 2603 4006 ;
2641 3942 2797 4011 prius
2841 3954 3002 4010 quam
3034 3946 3088 3994 et
3122 3952 3180 3992 se
3208 3950 3429 4005 quoque
3462 3932 3619 4003 peni-

2038 4046 2126 4092 tus
2157 4038 2448 4095 oluiueret,
2492 4034 2557 4087 ad
2591 4042 2811 4091 sanctos
2848 4031 3096 4102 confugit
3125 4030 3271 4085 solos
3295 4037 3418 4098 post
3450 4026 3617 4080 Deum

2040 4129 2085 4183 si
2160 4128 2571 4200 vellent,poss».
2626 4125 2941 4194 passionem
3000 4136 3353 4191 compescere
3414 4121 3620 4193 sciens,

2039 4219 2287 4273 divinqu
2331 4216 2673 4286 porrigentes
2722 4212 2962 4278 frenum,
3003 4222 3069 4273 et
3103 4228 3209 4265 non
3268 4210 3506 4263 lmmano
3557 4223 3623 4261 ex

2041 4311 2275 4366 arLlieio
2319 4307 2546 4364 factum.
2595 4306 2731 4360 Cum
2778 4306 2845 4359 ad
2884 4306 3142 4375 templum
3205 4319 3334 4373 ergo
3366 4301 3625 4366 venisset,

2044 4403 2382 4458 curationem
2414 4400 2675 4468 consequi
2708 4414 2831 4453 cmn
2865 4398 3119 4452 omnibus
3156 4381 3501 4465 precabatur.
3530 4392 3629 4447 Art

2048 4489 2546 4546 misericordissimi
2625 4497 2893 4559 martyres
2960 4487 3281 4541 assistcntes
3366 4484 3413 4537 ei
3486 4499 3628 4552 szepc

366 4580 697 4640 καθεύδοντι,
731 4582 795 4649 τῇ
828 4576 1090 4646 καθολικῇ
1118 4576 1393 4628 κοινωνεῖν
1438 4572 1740 4642 Ἐκκλησία
1772 4589 1924 4641 προσ

2048 4582 2338 4636 dormienti
2422 4580 2706 4635 catholica:
2759 4578 3167 4633 communivere
3229 4576 3617 4645 prateipiebant

366 4677 609 4735 ἐταττον,
633 4672 701 4725 δι’
733 4671 912 4740 ὅρκων
972 4664 1457 4736 ἐπαγγελλόμενοι,
1502 4663 1577 4727 ὡς
1614 4665 1661 4716 εἰ
1695 4662 1941 4732 πεισθείη

366 4767 554 4828 αὐτοῖς
584 4764 714 4834 περὶ
748 4763 986 4822 πίστεως
1029 4759 1193 4830 ὀρθῆς
1256 4756 1405 4827 αὐτῷ
1458 4755 1943 4824 συμόουλεύουσιν,

368 4859 461 4913 καὶ
492 4858 592 4928 τήν
641 4854 809 4926 ρῶσιν
863 4853 1202 4923 χαρίσονται,
1260 4851 1355 4902 καὶ
1390 4848 1599 4918 δωρεὰς
1638 4846 1774 4917 πρὸς
1801 4847 1945 4917 ζωὴν

371 4949 730 5010 συντελούσας
761 4945 859 5017 τὴν
898 4943 1179 5013 παροῦσαν
1214 4940 1561 5012 παρέξουσιν,
1602 4943 1697 4993 καὶ
1730 4940 1947 5011 κλήρων

371 5040 662 5113 ἱερατικῶν
688 5039 1011 5104 ἀξιώσουσιν
1039 5051 1051 5064 '
1088 5036 1186 5105 τῆς
1217 5033 1325 5104 γὰρ
1359 5032 1645 5086 Ἰουλιανοῦ
1678 5031 1772 5085 τοῦ
1802 5031 1949 5084 ’Δλι-

370 5132 719 5207 καρνασσέως
753 5130 997 5199 ὑπῆρχεν
1038 5126 1325 5196 αἱρέσεως.
1360 5125 1417 5177 ’0
1439 5124 1495 5176 δὲ
1545 5122 1747 5176 τούτων
1777 5122 1949 5177 ἀπάν-

371 5246 479 5281 των
521 5228 618 5291 τὰς
674 5223 792 5296 μεθ’
826 5225 1004 5289 ὅρκων
1050 5217 1381 5287 ἐπαγγελίας
1426 5214 1748 5283 πυθόμενος,
1797 5214 1947 5267 οὐδὲν

373 5314 533 5389 ἦττον
557 5314 788 5385 ἀπειθὴς
817 5312 910 5366 καὶ⁷
940 5309 1270 5380 ἀμετάθετος
1300 5307 1706 5378 ἔμεινεν.”0οεν
1732 5306 1779 5358 οἱ
1813 5305 1954 5375 μάρ-

374 5427 536 5480 τυρες
579 5408 653 5471 ὼς
683 5408 860 5475 λόγοις
913 5403 1075 5457 αὑτὸν
1106 5403 1205 5454 οὐκ
1248 5401 1463 5453 ἔπειθον
1493 5399 1791 5469 χρώμενοι,
1835 5400 1958 5462 ταῖς

375 5506 475 5571 τῆς
508 5501 792 5563 ἀσθενείας
817 5497 1108 5569 ἐπείραζον
1141 5494 1394 5565 μάστιξιν
1420 5510 1432 5521 ·
1461 5493 1535 5556 ὡς
1556 5493 1614 5545 δὲ
1653 5493 1775 5562 μηδ’
1804 5491 1948 5546 οὕτω

379 5592 470 5664 τὸν
518 5593 802 5664 ἄνθρωπον
852 5589 1097 5650 ἔπεισαν,
1155 5585 1323 5649 δείξαι
1383 5583 1705 5647 θεσπίζουσι
1743 5584 1841 5653 τῆς
1872 5585 1947 5635 οἰ-

382 5660 533 5748 κείας
587 5660 862 5745 ἀσθενείας
910 5680 970 5734 τὸ
1032 5676 1282 5749 μεγέθος.
1349 5677 1434 5729 ἵνα
1496 5675 1589 5727 καὶ
1642 5673 1785 5727 οῦτω
1840 5673 1949 5726 δει-

383 5777 573 5838 λιάσας
623 5777 687 5828 τὰ
754 5775 1061 5845 μέλλοντα,
1119 5768 1394 5837 πειθήνιον
1457 5764 1650 5819 ἑαυτὸν
1705 5765 1949 5834 ἀπεργά-

388 5885 551 5922 σαιτο.
1182 5856 1191 5866 ’

2051 4674 2330 4738 Ecclesia,
2376 4673 2739 4743 jurejurando
2787 4689 2845 4727 se
2873 4671 3216 4741 pollicentes,
3247 4670 3292 4724 si
3345 4669 3448 4723 sibi
3500 4668 3630 4722 obe-

2050 4769 2221 4822 dissct
2270 4766 2337 4823 de
2370 4767 2473 4820 fide
2523 4777 2672 4820 reeta
2697 4766 2743 4819 ei
2798 4764 3089 4819 consilium
3144 4761 3534 4826 tribuentibus,
3579 4771 3633 4815 et

2050 4857 2339 4911 sanitatem
2391 4856 2465 4909 illi
2508 4855 2830 4916 donaturos,
2866 4860 2918 4907 et
2959 4852 3289 4907 donationes
3323 4850 3447 4904 vita:
3488 4866 3630 4919 pra:-

2052 4949 2226 5003 sentis
2271 4962 2544 5018 congruas
2592 4947 2954 5016 prtestituros,
2987 4951 3041 4999 et
3065 4961 3188 4999 eum
3223 4944 3375 4997 clero
3409 4944 3631 5012 dignum

2057 5053 2217 5094 sacro
2242 5036 2489 5093 facturos
2527 5053 2542 5103 ;
2592 5032 2795 5090 Juliani
2838 5036 3039 5105 quippe
3068 5032 3643 5088 Halicarnasseoserai

2056 5132 2349 5184 lnereseos.
2382 5129 2450 5180 At
2478 5127 2567 5179 ille
2598 5126 2791 5180 borum
2823 5125 3068 5179 omnium
3108 5117 3631 5192 repromissiouibus

2055 5237 2181 5277 cum
2229 5220 2559 5291 juramentis
2606 5217 2829 5278 auditis,
2868 5215 3226 5270 nihilominus
3276 5208 3631 5265 incurvabilis

2052 5321 2109 5371 ct
2139 5311 2497 5368 immutabilis
2540 5310 2763 5366 mansit.
2807 5308 2960 5363 Unde
3010 5315 3277 5375 martyres
3306 5316 3430 5357 cum
3469 5299 3633 5353 nullis

2057 5406 2408 5462 sermonibus
2491 5403 2829 5458 inllexissent
2873 5442 2888 5467 ,
2958 5396 3277 5453 verberibus
3357 5392 3637 5446 tentabant

2061 5496 2422 5551 infirmitatis.
2449 5494 2586 5549 Cum
2625 5501 2804 5547 autem
2834 5506 2932 5545 uec
2973 5488 3053 5542 sic
3083 5486 3339 5542 fecissent
3364 5483 3633 5537 hominem

2056 5589 2482 5659 conquiescere,
2534 5584 2910 5638 demonstrare
2968 5579 3271 5633 decernunt
3308 5573 3640 5629 infirmitatis

2061 5681 2293 5750 proprim
2322 5677 2848 5748 magnitmlinem,nt
2877 5672 2953 5724 vel
2988 5670 3065 5724 sic
3099 5668 3279 5724 futura
3312 5682 3637 5739 pavescens,

2062 5762 2234 5829 gemet
2265 5771 2544 5825 exhiberet
2578 5765 2944 5823 obedientem.
