4060 6236
482 409 616 475 3551

1357 422 1419 483 S.
1460 424 1873 488 SOPHRONII
1912 430 2414 493 PATRIARCHIE
2453 435 2850 501 HIEROSOL.

3589 446 3723 507 3552

555 521 619 574 Et
675 532 996 590 apparentes
1057 526 1215 578 ambo
1247 542 1341 596 pcr
1389 528 1561 583 visum
1610 530 1661 585 in
1716 533 2027 589 domiciliun

2225 538 2337 591 Καὶ
2372 541 2631 608 φανέντες
2655 544 2734 606 εἰς
2763 543 2897 614 ὄναρ
2918 545 3241 618 ἀμφότεροι,
3292 550 3368 613 εἰς
3393 551 3453 603 τὸ
3479 552 3572 605 τοῦ
3596 554 3722 609 ναοῦ

483 612 768 681 imponunt
820 616 1025 683 templi,
1059 632 1117 671 se
1170 620 1323 688 sequi
1374 621 1770 690 praecipientes,
1807 634 1861 678 et
1892 627 2047 695 juxta

483 705 849 758 summitatem
885 704 1120 762 domatis
1151 716 1476 777 statuentes,
1514 728 1662 769 mare
1695 718 2045 787 tranquillum

486 793 686 848 factum
732 798 1132 863 monstrabant,
1170 812 1221 854 et
1275 802 1319 854 si
1346 802 1507 870 hujus
1532 815 1715 873 posset
1760 823 2050 874 numerare

482 885 696 947 fluctus,
736 884 1161 955 interrogabant.
1211 889 1280 942 At
1320 891 1428 956 ille,
1461 893 1647 959 etiam,
1695 894 1858 979 ﬁnis
1891 896 2050 954 facile

482 975 848 1044 respondebat
885 995 899 1045 ;
950 985 1003 1032 et
1031 987 1298 1050 martyres
1323 997 1612 1038 numerare
1643 975 2044 1056 praecipiebant.

480 1066 725 1136 Cumque
758 1068 847 1122 ille
877 1084 1168 1125 numerare
1198 1072 1474 1141 cmpisset,
1505 1079 1558 1129 et
1591 1069 1849 1132 numeros
1887 1080 2044 1135 sicuti

479 1162 540 1208 et
572 1152 767 1209 fluctus
822 1171 1115 1228 parumper
1156 1160 1419 1228 ediceret,
1469 1173 1522 1219 et
1551 1165 1626 1219 illi
1659 1181 1689 1219 e
1720 1174 1909 1222 contra
1940 1171 2048 1224 fre-

481 1243 793 1311 quentiores
836 1236 1094 1314 paulatim
1134 1248 1332 1316 elfecti,
1365 1259 1419 1304 et
1452 1268 1643 1310 rursus
1675 1257 1838 1325 spissi
1874 1268 1927 1312 et
1971 1261 2048 1313 al-

481 1334 677 1388 tentati
711 1334 774 1388 ad
811 1335 957 1407 ripas
997 1338 1362 1407 illiderentur,
1402 1342 1747 1402 Theodorum
1772 1350 1864 1418 qui
1889 1366 2048 1421 posse

480 1439 540 1477 se
585 1441 874 1481 numerare
904 1429 1137 1487 diccbat.
1185 1436 1557 1503 potentialiter
1604 1442 1952 1507 superabant,
1994 1454 2047 1501 et

481 1529 541 1568 se
571 1530 696 1570 esse
735 1527 1051 1587 superatum
1090 1521 1245 1578 fateri
1293 1527 1582 1596 cogebant.
1626 1530 1728 1594 Qui
1781 1531 2043 1591 fluctuum

480 1607 657 1661 victus
688 1607 1014 1679 frequentia,
1035 1613 1234 1669 cadens
1264 1615 1317 1670 in
1345 1616 1535 1673 faciem
1566 1629 1619 1675 et
1654 1636 1759 1674 non
1794 1638 1955 1689 posse
1988 1642 2045 1682 se

484 1696 808 1763 perhibens,
841 1699 1229 1771 indulgentiam
1276 1708 1593 1776 expetebat.
1639 1712 1708 1766 At
1740 1712 1814 1766 illi
1859 1723 2044 1771 erecto

2148 626 2421 697 δωμάτιον
2441 630 2800 699 ἀναφέρουσιν
2817 636 3128 691 ἀκολουθεῖν
3144 639 3325 703 αὐτοῖς
3347 641 3719 709 διατάξαντες,

2149 719 2245 772 καὶ
2269 720 2403 791 πρὸς
2426 722 2484 774 τὸ
2504 724 2671 793 ἀκρον
2720 726 2812 778 τοῦ
2843 728 3091 798 δώματος
3146 732 3466 802 στήσαντες,
3497 734 3597 803 τὴν
3620 735 3718 790 θά-

2147 806 2348 861 λατταν
2372 810 2718 881 γαληνιῶσαν
2753 815 3042 870 ἐδείκνυον·
3064 818 3161 870 καὶ
3181 820 3230 870 εἰ
3253 823 3479 891 μετρεῖν
3505 822 3721 877 δύναιτο

2147 897 2215 950 τά
2244 899 2446 969 ταύτης
2481 902 2840 958 ἐπυνθάνοντο
2881 904 3121 975 κύματα,
3148 908 3208 962 '0
3227 909 3285 963 δὲ
3311 909 3431 963 λίαν
3457 912 3720 982 εὐμαρῶς

2150 991 2371 1058 μετρεῖν
2401 991 2747 1060 ἀπεκρίνατο.
2811 997 2921 1049 Καὶ
2960 1000 3179 1070 μετρεῖν
3215 1000 3265 1052 οἰ
3294 986 3571 1072 μάρτυρες
3599 1003 3718 1056 ἕλε-

2147 1093 2264 1145 γον.
2292 1079 2621 1150 Ἀρξαμένου
2652 1083 2708 1137 δὲ
2746 1085 2913 1138 αὐτοῦ
2941 1088 3041 1156 τῆς
3070 1090 3409 1161 μετρήσεως,
3442 1092 3537 1144 καὶ
3589 1095 3718 1157 τοὺς

2147 1166 2413 1237 ἀριθμοὺς
2439 1170 2740 1240 ἀνειμένως
2771 1174 2845 1236 ὡς
2878 1176 2945 1228 τά
2972 1176 3194 1246 κύματα
3230 1178 3482 1247 λέγοντος
3509 1183 3717 1236 πυκνό-

2146 1272 2279 1325 τερα
2306 1257 2480 1310 ταῦτα
2512 1262 2633 1314 κατ’
2659 1262 2838 1330 ὀλίγον
2865 1266 3186 1335 γιγνόμενα,
3221 1268 3318 1322 καὶ
3344 1269 3510 1323 πάλιν
3546 1273 3717 1341 συχνά

2146 1346 2241 1400 καὶ
2268 1347 2542 1417 ἐπάλληλα
2570 1353 2679 1412 τοῖς
2701 1352 2930 1406 εἰσιοῦσι
2964 1356 3395 1424 προσπίπτοντα,
3413 1359 3552 1412 κατά
3582 1361 3714 1431 κρά-

2145 1453 2232 1489 τος
2254 1437 2447 1491 ἐνίκων
2481 1440 2571 1493 τὸν
2595 1441 2854 1496 δύνασθαι
2875 1448 3095 1514 μετρεῖν
3123 1448 3387 1517 εἰρηκότα
3419 1451 3712 1521 Θεόδωρον,

2147 1528 2239 1580 καὶ
2260 1528 2357 1597 τὴν
2377 1523 2547 1600 ἦτταν
2588 1533 2866 1602 ὁμολογεῖν
2897 1537 3328 1605 κατηνάγκαζον.
3356 1541 3453 1603 ’ος
3475 1541 3719 1612 νικηθεὶς

2143 1619 2210 1687 τῇ
2236 1617 2345 1671 τῶν
2372 1621 2633 1687 κυμάτων
2674 1625 2982 1694 συχνότητι,
3040 1627 3223 1681 πεσὼν
3279 1630 3372 1682 ἐπὶ
3424 1634 3714 1700 πρόσωπον

2144 1708 2238 1759 καὶ
2252 1706 2423 1775 λέγων
2437 1710 2803 1782 μὴδύνασθαι,
2826 1715 2962 1786 πρὸς
2981 1716 3086 1769 τῶν
3101 1718 3271 1778 ἁγίων
3287 1718 3404 1791 ᾔτει
3428 1723 3711 1793 συγχώρη-

477 1797 563 1847 eo,
608 1783 757 1841 vides
796 1789 948 1841 aiunt
987 1789 1299 1861 frequentes
1347 1797 1481 1850 istos
1524 1807 1577 1851 et
1618 1800 2027 1873 innumerabiles

2146 1812 2251 1853 σιν.
2283 1799 2346 1850 Oi
2384 1799 2659 1855 δὲ’τοῦτον
2679 1783 3008 1873 ἐγείραντες,
3029 1805 3213 1878 Ὁρᾷς,
3239 1783 3564 1878 λέγουσι,
3591 1783 3713 1871 ολδ-ἓ,

473 1872 671 1931 ﬂuctus
693 1877 832 1944 ?Qui
855 1882 949 1941 ait.
968 1884 1152 1948 etiam,
1170 1885 1546 1955 gloriosissimi
1574 1902 1856 1961 martyres.
1891 1894 2027 1950 Tum

2147 1884 2246 1953 εχῆ
2263 1885 2435 1940 ταῦτα
2464 1889 2553 1941 καὶ
2572 1863 2855 1962 ἀμέτρητα
2878 1863 3104 1964 κύματα
3119 1863 3148 1960 ;⁶
3171 1863 3238 1950 ζί)
3266 1863 3343 1956 δέ.
3370 1863 3708 1972 Ναῖηρησίν,

476 1965 667 2020 iterum
692 1972 863 2025 sancti
883 1972 1104 2028 dicunt:
1133 1977 1286 2031 Sicut
1311 1978 1409 2033 hos
1431 1978 1623 2034 fluctus
1644 1999 1817 2051 neque
1847 2001 2041 2040 nume-

474 2072 596 2111 rare
628 2061 752 2128 quis
780 2077 954 2132 neque
983 2067 1282 2133 continere,
1309 2068 1418 2124 Deo
1448 2072 1538 2139 qui
1574 2075 2037 2146 creavitexcepto,

382 2142 385 2145 ’
470 2147 667 2217 potest,
713 2152 792 2204 sic
845 2168 944 2208 nec
980 2155 1311 2215 inﬁrmitatis
1348 2167 1453 2216 tua:
1506 2172 1766 2218 reumata.
1816 2142 1955 2237 Ergo
1990 2169 2035 2222 si

469 2238 781 2296 obaudicris
824 2257 944 2309 nos,
999 2244 1065 2298 ad
1117 2247 1166 2300 id
1211 2264 1318 2314 quo
1364 2251 1459 2305 tibi
1517 2253 1710 2307 crebro
1748 2258 2034 2312 consilium

467 2326 680 2396 damus,
713 2337 768 2385 et
814 2331 993 2389 factus
1026 2334 1194 2391 fueris
1228 2338 1330 2394 fide
1371 2341 1696 2410 catholicus,
1743 2356 1796 2399 et
1845 2362 1945 2403 nos
1984 2357 2034 2404 te

466 2421 770 2490 audiemus,
804 2433 857 2479 et
901 2424 1178 2482 Christum
1222 2445 1319 2499 pro
1370 2440 1418 2485 te
1452 2432 1615 2487 Deum
1672 2416 1726 2490 et
1746 2434 2030 2492 Dominum

465 2522 712 2567 nostrum
745 2519 1078 2587 rogabimus,
1100 2528 1154 2575 et
1182 2522 1458 2579 credimus
1482 2527 1622 2592 quod
1657 2529 1900 2583 omnium
1931 2532 2027 2587 tibi

462 2604 700 2672 praebeat
738 2608 1049 2664 sanitatem.
1090 2609 1225 2665 Nam
1261 2616 1534 2683 quomodo
1570 2632 1692 2670 eum
1727 2635 1824 2687 pro
1852 2630 1904 2675 te
1931 2622 2028 2676 dc-

462 2695 832 2762 precabimur,
863 2707 915 2754 te
958 2710 1209 2757 manente
1239 2703 1383 2759 circa
1408 2721 1509 2762 nos
1539 2709 1882 2768 inobediente
1910 2713 1934 2766 ?
1958 2715 2027 2770 At

461 2784 555 2839 ille
608 2785 693 2841 his
720 2794 775 2840 et
803 2788 926 2845 aliis
957 2791 1206 2862 pluribus
1251 2797 1474 2863 auditis,
1509 2816 1846 2871 nequaquam
1877 2824 2022 2859 incn-

400 2934 409 2939 _
460 2885 569 2931 tem
599 2879 848 2934 mutavit.

535 3052 732 3108 Verum
762 3069 885 3111 cum
918 3066 973 3114 et
1011 3059 1153 3115 hanc
1181 3077 1367 3117 eorum
1399 3066 1826 3124 admonitionem
1867 3086 2020 3142 spre-

2146 1973 2471 2040 ἐνδοξότατοι
2497 1978 2793 2051 μάρτυρες.
2821 1983 2955 2037 Τότε
3002 1986 3164 2040 πάλιν
3183 1989 3232 2041 οἰ
3258 1988 3404 2058 ἀγιοι
3438 1991 3706 2059 λέγουσιν·

2146 2063 2354 2135 Ὥσπερ
2383 2069 2557 2124 ταῦτα
2582 2072 2651 2125 τά
2683 2073 2903 2145 κύματα
2950 2077 3063 2131 οὔτ’
3107 2080 3410 2153 ἀριθμῆσαι
3441 2102 3548 2150 τις,
3581 2085 3706 2141 οὔτε

2141 2162 2430 2226 κατασχεῖν
2458 2159 2588 2214 ἄνευ
2641 2162 2773 2217 Θεοῦ
2800 2166 2892 2219 τοῦ
2925 2168 3206 2233 κτίσαντος
3228 2170 3450 2228 δύναται
3477 2213 3493 2238 ,
3533 2174 3704 2236 οὕτως

2137 2241 2260 2296 οῦτε
2290 2247 2387 2314 τῆς
2418 2247 2516 2318 σῆς
2543 2249 2821 2315 ἀσθενείας
2840 2255 2907 2307 τὰ
2931 2256 3198 2326 ῥεύματα.
3221 2260 3283 2314 Εἰ
3309 2259 3404 2316 οῦν
3422 2265 3705 2334 πεισθείης

2135 2335 2265 2405 ἡμῖν
2325 2338 2403 2402 εἰς
2436 2339 2464 2392 ὃ
2489 2356 2570 2393 σοι
2611 2344 2851 2414 συνεχῶς
2912 2350 3380 2422 συμϐουλεύομεν,
3432 2356 3527 2409 καί⁸
3568 2356 3702 2427 γένῃ

2133 2427 2260 2494 περὶ
2286 2427 2383 2497 τὴν
2415 2430 2595 2484 πίστιν
2618 2435 2902 2521 ρμόδοξος,
2932 2440 3024 2491 καὶ
3064 2442 3225 2511 ἡμεῖς
3254 2460 3337 2497 σοι
3371 2447 3696 2516 πειθόμεθα,

2132 2521 2224 2572 καὶ
2269 2521 2503 2591 Χριστὸν
2550 2529 2678 2597 περί
2725 2528 2817 2582 σοῦ
2847 2532 2937 2584 τὸν
2963 2532 3095 2586 Θεὸν
3119 2538 3212 2588 καὶ
3241 2538 3522 2610 Δεσπότην
3547 2541 3702 2610 ἡμῶν

2131 2610 2496 2683 ἰκετεύσομεν,
2547 2618 2639 2669 καὶ
2689 2620 3018 2691 πιστεύομεν
3046 2623 3121 2688 ὼς
3163 2625 3382 2690 πάντως
3428 2629 3700 2701 παράσχοι

2125 2699 2233 2771 τὴν.
2255 2701 2396 2756 ἴασιν
2421 2721 2435 2735 ο
2475 2706 2588 2770 πῶς
2617 2709 2726 2779 γάρ
2757 2711 2919 2764 αύτδν
2967 2714 3095 2783 περὶ
3128 2716 3222 2769 σοῦ
3289 2718 3700 2791 λιτανεύσωμεν

2124 2789 2379 2853 ἀπειθοῦς
2420 2794 2550 2864 ἡμῖν
2595 2796 2976 2869 διαμένοντος;
3014 2803 3071 2856 '0
3098 2803 3155 2856 δὲ
3185 2807 3286 2858 καὶ
3342 2806 3548 2862 τούτων
3607 2809 3701 2862 καί⁵

2123 2881 2384 2936 πλειόνων
2441 2885 2615 2940 ἀλλων
2672 2889 3000 2960 πυθόμενος,
3052 2893 3304 2964 οὐδαμῶς
3346 2899 3444 2969 τὴν
3465 2898 3695 2971 γνώμην

2126 2975 2440 3044 μετέϐαλεν.

2202 3065 2341 3118 Ἀλλ’
2366 3066 2440 3129 ὡς
2463 3068 2556 3120 καὶ
2609 3070 2816 3141 ταύτην
2844 3073 3023 3129 αὐτῶν
3071 3076 3342 3148 ἀπέρριψε
3366 3078 3465 3149 τὴν
3488 3097 3638 3151 παρα
3655 3084 3701 3133 i-

458 3142 645 3206 visset,
681 3160 786 3200 non
825 3148 938 3216 jam
980 3156 1039 3204 ut
1088 3153 1309 3209 ltumani
1341 3157 1713 3225 cohortantes,
1760 3164 1853 3218 sed
1880 3166 2019 3221 sicut

2129 3172 2292 3219 νεσιν,
2339 3158 2522 3211 οὐκέτι
2579 3163 2978 3232 προτρέποντες
3021 3166 3097 3230 ὡς
3144 3168 3537 3238 φιλάνθρωποι,
3585 3170 3697 3225 ἀλλ’

459 3233 743 3290 inhumani
806 3238 1117 3297 minitantes
1166 3258 1445 3315 apparent.
1483 3249 1613 3306 Post
1644 3254 1851 3324 aliquot
1880 3258 2024 3312 enim

458 3324 579 3381 dies
621 3327 733 3397 jam
781 3329 939 3385 dictae
970 3332 1192 3391 visionis
1222 3337 1418 3394 iterum
1465 3344 1599 3411 aspi-
1619 3361 1711 3399 ere
1757 3359 2026 3420 martyres

461 3416 768 3484 videbatur,
818 3436 924 3477 non
961 3424 1073 3493 jam
1125 3427 1339 3485 lenibus
1386 3436 1567 3490 verbis
1606 3416 2022 3505 hortantem-sed

460 3508 625 3563 minis
653 3518 817 3580 atque
863 3515 1170 3574 terroribus
1205 3522 1601 3592 praecipientes.
1660 3527 1835 3599 Supra
1871 3531 2026 3587 sedes

457 3599 598 3653 enim
630 3603 785 3671 quasi
819 3604 1103 3673 sedebant,
1160 3618 1213 3665 et
1243 3616 1516 3671 exercitus
1539 3630 1589 3673 et
1623 3620 1844 3675 ordines
1878 3623 2026 3693 prin-

457 3691 662 3761 cipales
715 3695 1026 3753 sedentibus
1089 3701 1199 3757 illis
1252 3706 1502 3763 astabant
1549 3729 1560 3763 :
1599 3727 1828 3780 quorum
1857 3691 2022 3783 aliqui

456 3789 714 3853 tanquam
742 3802 805 3841 ex
853 3791 1150 3861 martyrico
1194 3795 1346 3849 missi
1380 3797 1623 3864 decreto,
1664 3803 2020 3871 inspectorem

466 3875 665 3933 somnii
725 3882 1261 3949 comprehenderunt
1310 3884 1676 3955 Theodorum,
1725 3902 1777 3948 et
1830 3910 2023 3951 manus

457 3976 756 4024 retrorsum
788 3982 1080 4040 vertentes,
1109 3985 1163 4030 et
1199 3978 1403 4033 collum
1446 3981 1709 4038 inclinare
1741 3986 1792 4037 in
1823 3994 2020 4040 terram

455 4067 729 4127 cogentes,
776 4061 829 4115 in
863 4063 1272 4121 similitudinem
1298 4086 1402 4139 qua
1444 4087 1675 4143 nequam
1724 4076 2021 4144 operarios,

454 4150 740 4209 carnifices
807 4161 1044 4211 tractare
1100 4159 1295 4224 solent,
1363 4161 1640 4217 timentem
1685 4178 1807 4218 cum
1860 4178 2022 4238 atque

453 4247 777 4297 trementem
835 4244 1058 4300 ductum
1111 4249 1164 4304 in
1213 4253 1449 4308 medium
1502 4255 1782 4324 utriusque
1811 4258 2021 4316 ordinis

451 4339 785 4388 statuerunt.
817 4335 949 4390 Cum
991 4347 1169 4395 autem
1202 4344 1376 4398 sancti
1413 4345 1587 4399 minas
1614 4347 1945 4404 intentarent
1969 4362 2023 4408 et

449 4422 565 4478 hac
596 4431 649 4479 et
676 4424 788 4481 haec
822 4427 999 4483 facere
1038 4430 1122 4487 his
1153 4434 1245 4503 qui
1274 4449 1394 4489 eum
1420 4434 1675 4491 deorsum
1702 4438 2019 4496 innuentem

2131 3247 2479 3312 ἀπειλοῦντες
2520 3250 2596 3314 ὡς
2642 3253 2907 3323 ἀπότομοι
2947 3258 3251 3324 φαίνονται.
3306 3259 3444 3313 Μεθ’
3490 3262 3700 3334 ἡμέρας

2127 3339 2235 3407 γάρ
2256 3355 2403 3401 τινας
2432 3340 2528 3393 τοῦ
2559 3340 2840 3412 λεχθέντος
2882 3347 3185 3416 ὁράματος,
3237 3350 3397 3405 πάλιν
3428 3351 3559 3424 όρᾷν
3589 3353 3701 3408 ἐδό-

2130 3443 2213 3480 κει
2233 3429 2361 3490 τοὺς
2387 3429 2674 3499 μάρτυρας
2710 3431 2892 3485 οὐκέτι
2943 3436 3241 3505 προσηνέσι
3265 3437 3446 3506 λόγοις
3477 3440 3704 3511 προτρέ-

2128 3533 2346 3580 ποντας,
2403 3518 2517 3571 ἀλλ’
2565 3520 2815 3583 ἀπειλαῖς
2859 3524 2951 3575 καὶ
3002 3524 3188 3592 φόϐοις
3237 3529 3697 3597 προστάσσοντας.

2139 3608 2259 3660 Ἐπὶ
2286 3608 2476 3663 eam;
2498 3610 2625 3681 γάρ,
2647 3613 2832 3680 φησὶν,
2855 3614 3198 3681 ἐκαθέζοντο,
3226 3618 3318 3672 καὶ
3336 3621 3585 3689 στρατιαὶ
3603 3624 3700 3674 καὶ

2125 3699 2306 3765 τάξεις
2338 3701 2659 3771 ἀρχοντικαὶ
2681 3703 3010 3775 καθημένοις
3038 3708 3225 3770 αὐτοῖς
3263 3712 3693 3781 παρεστήκασιν

2124 3782 2199 3843 ὧν
2224 3806 2369 3855 τινες
2403 3791 2478 3855 ὼς
2506 3792 2569 3844 ὲκ
2601 3794 2941 3865 μαρτυρικοῦ
2965 3796 3305 3867 πεμφθέντες
3327 3799 3699 3870 θεσπίσματος

2123 3881 2212 3933 τὸν
2237 3881 2683 3953 ὀνειροπολοῦντα
2730 3886 2987 3958 συνέσχον
3012 3888 3307 3961 Θεόδωρον,
3345 3892 3440 3943 καὶ
3467 3892 3563 3954 τάς
3587 3894 3697 3962 χεῖ-

2128 3988 2227 4044 ρας
2239 3973 2316 4036 εἰς
2343 3974 2588 4028 τούπίσω
2613 3977 3030 4048 συστρέψαντες,
3064 3981 3266 4034 καὶτὸν
3285 3981 3556 4053 τράχηλον
3582 3983 3699 4036 κλί-

2123 4080 2235 4117 νειν
2262 4067 2341 4128 εἰς
2363 4069 2464 4136 γῆν
2502 4069 2932 4135 ἀναγκάσαντες,
2967 4070 3156 4142 ὥσπερ
3197 4073 3324 4135 τοὺς
3358 4073 3698 4144 κακούργους

2123 4156 2172 4207 οἰ
2222 4156 2406 4226 δήμιοι
2472 4160 2925 4229 σχηματίζουσιν,
2968 4163 3048 4225 εἰς
3099 4162 3263 4232 μέσον
3294 4163 3456 4217 αὑτὸν
3489 4164 3698 4218 δεδιότα

2123 4247 2218 4301 καὶ
2277 4249 2555 4318 τρέμοντα
2599 4251 2928 4323 ἀμφοτέρων
2980 4252 3091 4305 τῶν
3140 4252 3349 4320 τάξεων
3395 4254 3695 4323 ἀγαγόντες

2123 4339 2496 4408 παρέστησαν.
2514 4341 2820 4396 ’Δπειλοῦσι
2842 4342 2900 4395 δὲ
2926 4345 3040 4406 τοῖς
3057 4343 3231 4411 άγίοις
3250 4345 3344 4399 καὶ
3366 4346 3490 4400 τάδε
3521 4349 3694 4400 ποιεῖν
3798 4356 3809 4367 ‘

2124 4431 2217 4484 καί⁸
2249 4430 2374 4484 τάδε
2399 4434 2509 4495 τοῖς
2529 4432 2691 4485 αὐτὸν
2713 4434 2865 4487 κάτω
2881 4432 3107 4487 νεύοντα
3137 4436 3233 4487 καὶ
3258 4435 3532 4504 κεκυφότα
3561 4453 3692 4490 κατα

446 4524 501 4568 et
524 4514 780 4597 inclinem
821 4521 1098 4586 tenebant,
1127 4525 1171 4578 si
1201 4525 1307 4580 sibi
1334 4525 1557 4583 credere
1586 4528 1855 4585 noluiSSct
1878 4548 2016 4603 prae-

2129 4522 2355 4590 ἑχουσιν,
2397 4524 2444 4574 εἰ
2478 4520 2553 4592 μὴ
2582 4522 2863 4578 πιστεύειν
2891 4524 3074 4586 αὐτοῖς
3108 4523 3306 4588 ἐθέλοι,
3329 4527 3693 4595 προστάττουο

446 4609 709 4679 eiperent,
758 4621 1000 4670 astantes
1029 4616 1249 4672 ordines
1294 4619 1671 4688 procidebant,
1713 4631 1766 4674 et
1791 4637 2018 4692 parcere

448 4703 559 4767 irae,
591 4710 645 4757 et
675 4705 1112 4773 acquiescentem
1140 4724 1204 4762 ex
1231 4708 1331 4763 hoc
1359 4707 1704 4765 Theodorum
1748 4714 2021 4784 recipere,”

445 4803 500 4848 et
551 4792 759 4850 donare
798 4798 1084 4867 praeterita:
1112 4798 1421 4855 diliidcntia:
1458 4801 1849 4871 indulgentiam
1881 4820 2014 4875 sup-

444 4885 741 4954 plicabant.

513 4978 774 5034 Praeterea
822 4988 1119 5052 martyres,
1173 4981 1367 5038 horum
1414 4982 1572 5052 quasi
1606 4987 1845 5055 suscepti
1873 4986 2014 5054 peti-

442 5068 708 5131 tionibus.
731 5077 786 5123 et
820 5085 1011 5139 parum
1045 5071 1174 5141 quid
1203 5071 1279 5126 ira
1312 5074 1572 5141 cohibita,
1601 5075 1790 5130 tollere
1810 5077 1896 5131 his
1917 5076 2010 5146 qui

402 5141 700 5216 'tenebant
754 5175 878 5216 eum
921 5163 1208 5231 jusserunt
1254 5171 1308 5218 et
1356 5167 1663 5234 dimittere,
1711 5167 1757 5221 si
1809 5180 2011 5222 sanctae

438 5253 846 5309 communicare
908 5254 1261 5323 polliceretur
1306 5255 1604 5313 Ecclesia}.
1662 5258 2009 5316 Adducentes

436 5358 565 5411 ergo
598 5358 720 5397 cum
747 5343 798 5395 hi
830 5344 920 5412 qui
954 5344 1233 5407 tenebant,
1264 5345 1310 5399 si
1339 5359 1561 5398 causam
1590 5353 1865 5401 tantarum
1896 5347 2006 5402 sci-

437 5439 519 5485 rct
572 5431 846 5487 minarum
905 5432 1333 5502 interrogabant.
1381 5434 1483 5500 Qui
1524 5435 1622 5498 ait,
1660 5435 1849 5499 etiam,
1891 5436 2007 5490 scio

435 5537 677 5578 causam.
719 5524 798 5577 Illi
832 5539 977 5587 vero,
1017 5533 1069 5578 et
1102 5538 1350 5594 quanam
1402 5533 1571 5589 esset,
1616 5540 1811 5582 rursus
1839 5526 2008 5581 inter-

435 5624 779 5682 rogaverunt.
805 5617 1023 5683 Astille,
1046 5632 1142 5686 pro
1171 5633 1236 5671 ρο
1262 5618 1402 5687 quod
1433 5619 1708 5682 accedere,
1732 5617 2002 5688 inqltiens,

435 5705 501 5753 ad
529 5707 855 5759 catholicam
882 5708 1176 5762 Ecclesiam
1198 5709 1386 5774 nolim,
1408 5709 1471 5762 ad
1489 5706 1801 5779 Christique
1818 5724 2002 5763 sacra-

438 5806 612 5845 menta
646 5814 764 5864 qua:
803 5799 852 5851 in
896 5814 958 5853 ca
1005 5800 1373 5863 celebrantur.
1401 5800 1761 5855 (ἲθιὶυηῑίθνίισ
1793 5799 2000 5870 Ετίἔοηθ

857 6054 882 6087 \

2120 4629 2224 4678 σιν,
2260 4614 2316 4666 αἰ
2345 4614 2691 4683 παρεστῶσαι
2736 4615 2919 4681 τάξεις
2962 4615 3357 4686 προσέπιπτον,
3403 4618 3561 4687 λῆξαι
3591 4620 3691 4689 τῆς

2116 4702 2290 4773 ὀργῆς
2330 4704 2666 4759 ἱκετεύουσαι
2685 4722 2697 4734 ·
2729 4707 2824 4760 καὶ
2852 4707 3172 4777 πειθόμενον
3206 4707 3314 4759 ἀπὸ
3343 4707 3452 4770 τοῦ
3482 4707 3575 4761 νῦν
3599 4709 3690 4763 τὸν

2115 4793 2389 4863 Θεόδωρον
2420 4794 2701 4860 δέξασθαι,
2736 4798 2832 4852 καὶ
2880 4796 3238 4868 δωρήσασθαι
3264 4796 3376 4868 ,τὴν
3410 4797 3509 4868 τῆς
3542 4816 3685 4871 παρ-

2115 4882 2377 4951 ελθούσης
2402 4885 2686 4949 ἀπειθείας
2718 4885 3091 4957 συγχώρησιν.

2184 4976 2247 5029 Oi
2276 4975 2334 5029 δὲ
2364 4977 2663 5047 μάρτυρες,
2697 4980 2885 5048 φησὶν,
2916 4978 3123 5032 τούτων
3150 4982 3248 5044 τάς
3294 4981 3543 5052 αἰτήσεις
3575 4983 3683 5036 εἰσ-

2111 5067 2412 5138 δεξάμενοι,
2468 5071 2564 5123 καὶ
2616 5071 2812 5141 μικρὸν
2867 5074 2966 5142 τῆς
3015 5073 3184 5141 ὀργῆς
3239 5073 3682 5138 ύπενδώσαντες,

2112 5158 2349 5228 ἀπάγειν
2382 5162 2506 5225 τοὺς
2532 5161 2867 5233 κρατοῦντας
2898 5164 3212 5231 ἐκέλευσαν,
3267 5166 3361 5219 καὶ
3405 5166 3565 5220 πάλιν
3591 5166 3685 5218 αύ-

2110 5252 2202 5305 τὺν
2230 5252 2483 5305 ἀπολύειν
2535 5256 2600 5324 τῇ
2651 5255 2783 5325 ἀγίᾳ
2832 5258 3108 5309 κοινωνεῖν
3148 5256 3439 5328 Ἐκκλησία
3493 5257 3680 5310 συνθέ-

2114 5359 2301 5413 μενον.
2320 5343 2649 5411 Ἀπάγοντες
2668 5345 2799 5410 γοῦν
2824 5346 2985 5399 αὐτὸν
3012 5347 3061 5398 οἰ
3091 5347 3428 5417 κατέχοντες,
3451 5346 3678 5417 ἠρώτων

2108 5434 2158 5485 εἰ
2183 5433 2283 5503 τῆς
2308 5433 2576 5505 τοσαύτης
2604 5435 2832 5507 ἀπειλῆς
2867 5439 2964 5507 τὴν
2992 5439 3169 5491 αἰτίαν
3201 5438 3508 5514 ἐπίσταται..
3525 5439 3583 5492 '0
3597 5438 3673 5503 δὲ,

2107 5522 2233 5588 Ναὶ,
2258 5525 2442 5593 φησὶν,
2480 5522 2595 5579 οἶδα
2623 5526 2685 5579 τὸ
2707 5529 2897 5605 αἴτιον.
2926 5530 2987 5581 Oi
3014 5529 3089 5595 δὲ,
3121 5531 3229 5583 Καὶ
3248 5530 3297 5584 τί
3325 5528 3391 5583 ἀν
3422 5530 3505 5601 εἰη
3527 5547 3553 5595 ;'
3579 5531 3683 5583 πά-

2106 5617 2188 5670 λιν
2210 5616 2521 5687 ὴρώτησαν.
2561 5618 2618 5671 '0
2633 5619 2711 5681 δέ,
2735 5620 2806 5673 Τὸ
2850 5621 2924 5690 μὴ
2957 5620 3133 5674 θέλειν
3166 5639 3232 5691 με
3277 5622 3589 5694 προσελθεῖν
3611 5616 3678 5693 ᾗ

2106 5707 2367 5779 καθολικῇ
2393 5732 2396 5735 λ
2426 5707 2723 5780 Ἐκκλησία
2786 5711 2878 5762 καὶ
2928 5714 3038 5776 τοῖς
3073 5716 3129 5765 ἐν
3158 5714 3293 5783 αὐτῇ
3337 5713 3677 5785 τελουμένοις

2105 5799 2342 5870 Χριστοῦ
2401 5802 2740 5871 μυστηρίοις,
2791 5806 3186 5876 προσήγγελλε.
3220 5807 3284 5859 Τί
3327 5803 3454 5873 οῦν;
3503 5824 3675 5878 προσ-
