4060 6236
294 263 435 325 35ὗ3

1300 262 1402 323 SS.
1435 260 1607 323 CYRI
1645 261 1737 321 ET
1777 258 2094 321 JOANN'IS
2134 257 2547 322 MiliACULA.

3416 248 3554 310 3354

297 381 453 449 έρχῃ.
487 377 671 445 φασὶν.
702 377 749 428 εἰ
784 377 881 445 τῆς
940 375 1077 427 κατὰ
1135 373 1226 425 σεῦ
1285 373 1667 442 μελετωμὲνης
1703 372 1870 441 ὀργῆς

1987 370 2208 435 accedis,
2250 372 2422 428 aiunt.
2477 371 2522 423 si
2546 359 2708 437 quam
2764 363 3090 417 meditantur
3130 360 3265 416 iram
3293 359 3551 412 adversus

296 466 660 535 ἁπολύσωμεν
711 482 724 529 ;
766 465 875 516 Καὶ
940 463 1266 530 συνθέμενον
1320 461 1477 514 αὑτὸν
1529 460 1878 512 ἀπολύουσιν.

298 542 565 628 Στραςρείς
598 557 653 608 δὲ
688 556 824 625 μετὰ
855 554 945 606 τὸν
995 543 1225 624 ὄνειρον,
1263 553 1515 623 περιδεὴς
1547 550 1625 603 ἔτι
1658 550 1751 602 καὶ
1790 547 1879 600 ἐν·

298 662 496 716 τρόμος
526 645 595 697 τὰ
629 646 747 697 κατ’
779 644 913 715 ὄναρ
948 645 1184 706 φανέντα
1209 641 1332 694 καθ’
1359 640 1549 694 ἑαυτὸν
1569 640 1841 711 ἐλογίζετο
1863 656 1874 667 ·

300 731 453 783 οὔπω
505 729 563 783 δὲ
628 731 910 791 πέπειστο,
976 730 1089 783 ἀλλ’
1130 722 1459 799 ἀμφίϐολον’
1496 725 1645 799 εἶχεν
1695 728 1881 797 ἀκμὴν

299 822 397 891 τὴν
424 820 686 886 διάνοιαν,
720 823 812 874 καί
862 821 953 875 τὶν
975 822 1234 892 λογισμὸν
1272 822 1397 893 τῇδε
1452 822 1672 875 κάκεῖσε
1718 821 1879 889 φερό-

304 929 485 983 μενον.

384 1006 470 1057 Ἑν
499 1007 610 1076 ὅσῳ
632 1005 688 1058 δι
737 1005 806 1059 τὰ
861 1006 993 1077 περ)⁸
1040 1005 1244 1060 τούτων
1304 1006 1617 1070 ἐσκέπτετο,
1674 1006 1804 1074 πρὶν
1843 1006 1876 1074 ἥ

300 1095 636 1168 ταλαντεύσῃ
691 1096 751 1149 τὸ
780 1099 1071 1167 χρήσιμον,
1099 1098 1193 1149 καὶ
1246 1097 1308 1147 τὸ
1342 1097 1613 1167 πρακτέον
1648 1095 1880 1165 βεϐαίως

299 1186 609 1256 ψηφίςοιτο,
637 1187 799 1240 πάλιν
847 1178 1170 1255 ἁφύπνωσε,
1205 1188 1298 1241 καλ⁵
1341 1188 1502 1241 πάλιν
1533 1188 1721 1257 βλέπει
1754 1187 1878 1248 τοὺς

304 1280 608 1351 μάρτυρας,
659 1281 717 1331 ὲν
757 1278 1044 1334 Ἰουλιανοῦ
1072 1278 1165 1334 τοῦ
1199 1279 1446 1333 διακόνου
1493 1280 1590 1348 θέᾳ
1624 1279 1717 1331 καὶ
1746 1278 1879 1347 σχή-

286 1355 458 1441 ⁵ματι,
489 1372 548 1435 ὃς
574 1373 698 1425 κατ’
730 1373 905 1424 ἐκεῖνο
958 1370 1151 1442 καιροῦ
1179 1371 1513 1440 λειτουργεῖν
1551 1372 1607 1422 ὲν
1655 1368 1731 1439 τῷ
1767 1366 1880 1437 ναῷ

304 1464 721 1534 προκεχείρίστο
751 1502 767 1528 ,
797 1463 1150 1533 παρεστῶτας
1206 1465 1300 1518 καὶ
1357 1462 1615 1531 λέγοντας
1641 1477 1654 1491 ·
1684 1462 1877 1533 Δεῦρο,

302 1557 438 1627 πρδς
467 1556 529 1608 τὸ
560 1558 663 1627 μνῆ
674 1572 748 1625 μα
775 1556 883 1608 τῶν
900 1555 1071 1623 ἁγίων
1097 1555 1342 1618 ἐλθόντες
1362 1553 1668 1624 εὐξώμεθα.
1692 1551 1877 1607 Ταῦτα

298 1644 366 1706 δὲ,
420 1646 556 1715 πρὸς
602 1645 764 1697 αὑτὸν
823 1645 1145 1713 διελέγοντο,
1200 1642 1585 1715 δοκιμάζοντες
1628 1645 1790 1699 αὐτὸν
1828 1646 1878 1697 εί

1960 468 2038 523 ,ιο
2089 461 2444 515 rclaxanms?
2498 462 2559 512 Μ
2605 457 2963 526 spondentem
3016 452 3164 505 illum
3206 450 3553 506 dimiserunt.

1983 553 2296 608 Conversus
2328 560 2509 604 autem
2541 558 2664 618 post
2711 548 3008 609 somnium,
3060 558 3264 615 pavens
3293 541 3472 596 adhuc
3501 553 3557 596 et

1983 651 2242 704 tremens,
2279 655 2402 710 qua:
2452 640 2553 693 sibi
2588 648 2954 709 apparuerant
2980 637 3033 689 in
3073 637 3190 689 visn
3233 648 3417 688 secum
3449 644 3554 685 tra-

1982 733 2165 787 ctabat
2196 748 2211 798 ;
2267 729 2509 785 nondum
2544 739 2722 784 tamen
2762 728 3041 789 credebat,
3075 726 3168 780 scd
3199 723 3424 777 dubium
3461 722 3553 774 ad-
3584 716 3592 723 ’

1982 823 2090 877 huc
2115 823 2356 875 animum
2381 820 2719 890 possidebat,
2752 826 2805 873 et
2849 818 3235 889 cogitationem
3266 816 3372 868 huc
3397 814 3558 868 illnc-

1980 929 2087 984 que
2117 912 2346 968 ferebat.

2052 1003 2222 1057 Porro
2288 1002 2419 1057 dum
2483 1003 2551 1057 de
2612 1001 2699 1057 his
2758 997 3179 1063 consideraret,
3234 997 3553 1068 priusquam

1981 1094 2361 1164 perpendisset
2390 1094 2535 1162 quod
2568 1101 2714 1148 esset
2746 1095 2958 1157 utilius,
2982 1099 3034 1143 et
3061 1089 3191 1159 quid
3223 1091 3359 1145 I'oret
3388 1104 3558 1160 agen-

1981 1187 2106 1240 dum
2166 1187 2520 1253 decerneret,
2579 1188 2777 1241 iterum
2826 1187 3178 1250 obdormivit,
3241 1192 3296 1240 et
3361 1185 3556 1238 iterum

1983 1286 2251 1349 martyres
2273 1278 2489 1347 aspicit,
2515 1279 2568 1331 in
2592 1278 2779 1331 habitu
2802 1286 2856 1330 et
2887 1276 3287 1345 specieJuliani
3317 1275 3556 1339 diaconi,

1980 1369 2072 1438 qui
2127 1383 2224 1437 per
2257 1368 2397 1423 idem
2446 1377 2664 1437 tempus
2710 1366 2777 1420 ad
2819 1368 3231 1435 obsequendum
3270 1365 3324 1418 in
3357 1369 3562 1433 tempto

1981 1460 2222 1530 ipsorum
2256 1471 2546 1530 provectus
2571 1460 2879 1523 exstiterat,
2909 1468 3154 1514 astantes
3180 1467 3342 1528 atque
3371 1459 3564 1511 dicen-

1980 1559 2061 1608 tes
2095 1570 2109 1607 :
2159 1552 2291 1607 Ileia
2322 1553 2386 1608 ad
2423 1553 2740 1607 memoriam
2780 1560 3098 1607 sanctorum
3133 1550 3414 1605 venientes
3441 1564 3564 1604 ore—

1981 1657 2122 1696 mus.
2184 1644 2311 1697 Hice
2368 1656 2500 1696 vero
2549 1644 2614 1697 ad
2663 1658 2786 1697 eum
2834 1642 3217 1714 disputabant,
3268 1642 3564 1712 ptobantes

305 1737 581 1806 μετέθετο,
613 1738 707 1792 καῖ¹
766 1738 1037 1810 πειθήνιος
1068 1739 1250 1802 αὐτοῖς
1283 1738 1421 1808 μετὰ
1464 1738 1719 1806 τοιαύτην
1753 1737 1876 1807 ὄψιν

1987 1733 2156 1796 illum,
2187 1735 2235 1789 si
2268 1742 2506 1788 mutatus
2539 1742 2702 1797 esset,
2729 1742 2784 1788 et
2820 1734 3082 1790 obediens
3107 1735 3209 1790 sibi
3244 1742 3365 1804 post
3392 1735 3556 1789 talem

300 1830 584 1899 γεγένητο.
648 1829 864 1899 Ἀμέλει
927 1827 1052 1896 γοῦν
1089 1830 1180 1882 ἐπὶ
1232 1829 1331 1902 τὴν
1361 1830 1518 1900 σορὸν
1565 1829 1744 1882 αὐτῶν
1777 1831 1877 1899 τὴν

302 1921 487 1991 τιμίαν
518 1921 824 1992 ἐρχόμενοι,
850 1920 946 1974 καὶ
1003 1921 1101 1974 σὺν
1136 1922 1324 1984 αὐτοῖς
1366 1919 1761 1974 ἀκολουθοῦντα
1787 1920 1877 1973 τὸν

305 2011 582 2082 θεόδωρον
612 2012 852 2082 ἔχοντες,
879 2011 987 2082 πρὸ
1037 2011 1132 2066 τοῦ
1174 2011 1536 2083 φωτιστηρίου
1569 2012 1875 2080 γενόμενοι,

300 2104 429 2158 ἔνθα
471 2104 712 2169 ζωοποιὰ
743 2103 980 2175 Χριστοῦ
1031 2106 1209 2160 κεῖται
1256 2105 1552 2176 μυστήρια,
1614 2104 1877 2157 εἰσελθεῖν

300 2196 466 2250 αὐτὸν
498 2197 591 2249 καὶ
625 2194 946 2264 μεταλαϐεῖν
975 2195 1396 2266 προετρέποντο,
1418 2194 1637 2248 Εῐσελθε
1654 2235 1669 2260 ,
1692 2193 1879 2262 λέγον-

303 2302 414 2349 τες,
439 2286 534 2338 σὺν
582 2287 714 2356 ἡμῖν
757 2284 853 2338 καὶ
894 2285 1003 2339 τῶν
1053 2286 1226 2354 ἁγίων
1275 2284 1512 2357 Χριστοῦ
1562 2287 1880 2356 μυστηρίων

309 2376 599 2447 μετάλαϐε.
634 2376 693 2431 Ὃ
729 2375 807 2441 δὲ,
841 2376 942 2442 Οὐ,
968 2378 1151 2448 φησὶν,
1168 2377 1268 2431 οὐκ
1297 2377 1615 2448 εἰσέρχομαι
1642 2395 1657 2411 ο
1686 2378 1881 2449 ἑτέρας

304 2469 414 2539 γὰρ
436 2467 548 2536 ἐγὼ
579 2467 737 2538 δόξης
792 2466 1131 2538 καθέστηκα,
1162 2469 1256 2522 καὶ
1300 2468 1362 2522 οὐ
1390 2467 1487 2522 τοῦ
1515 2468 1616 2538 τῆς
1651 2468 1883 2540 Ἐκκλη-

304 2561 426 2624 σίας
458 2559 812 2631 κηρύγματος
834 2574 850 2589 '
876 2559 1163 2630 προσδοκῶ
1203 2560 1261 2614 δὲ
1301 2561 1541 2633 σήμερον
1559 2562 1659 2632 τὴν
1687 2563 1882 2634 γεννή-

305 2670 499 2720 σασαν,
529 2657 597 2706 τὰ
643 2654 744 2724 τῆς
801 2652 1156 2723 μεταλήψεώς
1205 2670 1297 2723 μοι
1325 2654 1475 2725 δῶρα
1523 2653 1877 2725 κομίζουσαν.

317 2746 458 2801 Ἂλλ⁹
486 2745 645 2798 ἔασόν
672 2761 738 2813 με
768 2745 926 2807 τέως,
948 2743 1083 2815 πρὸς
1104 2745 1195 2796 τὸν
1223 2744 1386 2797 αὑτὸν
1399 2744 1643 2799 διάκονον
1672 2744 1877 2813 ἔλεγεν,

305 2839 453 2900 ὅπως
482 2839 539 2890 ὲν
566 2837 676 2908 ὅσῳ
733 2836 803 2888 τὰ
851 2835 943 2889 τοῦ
974 2838 1257 2906 μνήματος
1280 2835 1549 2906 ὴνέῳκται
1589 2837 1881 2904 κάνκελλα,

305 2927 561 2983 εἰσελθὼν
591 2928 652 2981 τὸ
680 2927 781 2997 τῆς
831 2927 1101 2996 κανδήλας
1147 2927 1326 2981 ἔλαιον
1385 2926 1648 2998 δέξωμαι.
1684 2929 1879 2982 Πολλοὶ

304 3025 413 3093 γὰρ
435 3020 592 3074 τοῦτο
620 3018 727 3072 τῶν
762 3021 825 3072 ού
853 3018 1187 3072 κοινωνικῶν
1233 3019 1679 3090 διαπράττονται,
1726 3021 1783 3073 ὲν
1814 3023 1879 3092 τῇ

1987 1825 2251 1881 visionem
2279 1827 2589 1881 exsisteret.
2637 1825 2880 1895 Denique
2924 1826 2992 1881 ad
3044 1828 3341 1896 pretiosum
3372 1843 3561 1882 eorum

1985 1920 2256 1972 tumulum
2307 1919 2717 1981 convenientes,
2769 1927 2823 1973 et
2852 1928 3169 1988 sequentem
3213 1919 3563 1975 Theodotum

1985 2026 2170 2067 secum
2227 2013 2509 2073 habentes.
2568 2028 2691 2068 cum
2744 2021 2871 2069 ante
2919 2012 3374 2068 illuminatorium
3433 2014 3561 2069 facti

1986 2105 2246 2173 fuissent,
2301 2106 2392 2160 ubi
2438 2105 2647 2160 viviﬁca
2672 2105 2876 2161 Christi
2902 2107 3080 2176 posita
3127 2114 3255 2162 sunt
3280 2110 3561 2179 mysta-ia,

1986 2200 2214 2255 introire
2249 2201 2392 2255 hunc
2422 2210 2477 2254 et
2508 2199 2918 2255 communicare
2964 2202 3438 2256 adhortabaatur:
3476 2205 3567 2257 ln-

1986 2292 2234 2363 gredere,
2268 2292 2534 2355 dicentes,
2559 2292 2860 2355 nobiscum,
2891 2299 2945 2346 et
2981 2300 3174 2347 sancta
3202 2283 3409 2348 Christi
3449 2308 3568 2364 my-

1985 2386 2151 2441 steria
2198 2386 2435 2456 percipe.
2476 2385 2548 2440 At
2585 2383 2900 2450 ille:Non,
2948 2384 3144 2454 inquit,
3190 2400 3295 2440 non
3341 2401 3567 2456 prorsus

1988 2476 2265 2547 ingredior
2300 2493 2315 2544 ;
2353 2476 2581 2532 alterius
2612 2476 2756 2531 enim
2786 2491 2887 2548 ego
2924 2476 3203 2546 opinionis
3250 2479 3480 2540 exsisto,
3511 2487 3567 2533 et

1988 2584 2096 2623 non
2127 2568 2532 2639 praedicationis
2570 2568 2863 2636 Ecclesiae;
2902 2579 3162 2640 exspecto
3196 2578 3378 2626 autem
3405 2573 3566 2628 hodie

1988 2663 2335 2732 genitricem,
2359 2662 2765 2716 communionis
2790 2662 2920 2716 mihi
2943 2678 3174 2719 munera
3206 2662 3561 2719 deferentem.

1991 2756 2095 2813 Sed
2128 2757 2344 2812 dimitte
2390 2771 2476 2810 me
2507 2755 2748 2817 interim,
2782 2755 2848 2810 ad
2889 2756 3141 2811 eutndem
3195 2757 3413 2812 dicebat
3450 2757 3567 2812 dia-

1990 2864 2210 2910 conum.
2259 2857 2316 2903 ut
2352 2850 2480 2918 quia
2531 2850 2871 2903 monumenti
2921 2849 3153 2904 cancelli
3197 2851 3369 2918 aperti
3416 2858 3564 2916 sunt,

1990 2942 2272 3010 ingressus
2309 2940 2488 2995 oleum
2525 2939 2766 2994 candela:
2796 2940 3113 3010 suscipiam.
3145 2940 3299 2995 Multi
3326 2942 3471 2997 enim
3499 2960 3566 2996 ex

1994 3032 2078 3087 his
2111 3036 2204 3103 qui
2231 3048 2337 3087 non
2373 3033 2801 3092 communicant.
2851 3032 2904 3086 id
2939 3041 3102 3100 agunt
3137 3051 3151 3099 ;
3185 3034 3388 3100 oleum,
3420 3035 3565 3104 quod

305 3092 414 3168 τῶν
439 3113 611 3180 ἁγίων
647 3111 883 3181 κανδήλᾳ
912 3109 1200 3181 καιόμενον
1235 3111 1433 3175 ἔλαιον,
1466 3112 1586 3166 ἀντὶ
1631 3112 1881 3181 σώματος

1987 3140 2041 3193 in
2094 3133 2410 3178 sanctorum
2448 3124 2601 3177 ardet
2661 3122 2912 3190 candela,
2959 3139 3058 3195 pro
3090 3140 3324 3196 corpore
3374 3140 3569 3183 sancto

308 3206 466 3273 ἁγίου
490 3204 584 3257 καὶ
617 3202 850 3272 αἵματος
895 3200 1135 3273 Χριστοῦ
1185 3200 1280 3254 τοῦ
1310 3201 1527 3254 πάντων
1560 3202 1717 3272 ἡμῶν
1746 3201 1881 3255 Θεοῦ

306 3297 403 3350 καὶ
443 3296 696 3364 Σωτῆρος
738 3293 1017 3364 δεχόμενοι
1047 3292 1160 3361 (22)
1188 3308 1201 3322 ⁸
1225 3293 1347 3362 μηδ’
1370 3293 1399 3347 ὃ
1430 3293 1784 3365 πράττουσιν,
1808 3295 1882 3358 ὡς

306 3385 486 3458 οἶμαι,
512 3386 894 3455 γινώσκοντες,
926 3387 1060 3457 μήτε
1084 3386 1142 3439 τὸ
1171 3386 1268 3456 τῆς
1297 3385 1500 3456 βλάϐης
1528 3386 1884 3457 ἐπιστάμενοι

312 3478 563 3551 μέγεθος.
646 3514 665 3525 ς

390 3571 656 3639 Ἥγιάσοη
680 3568 777 3638 μὲν
808 3567 937 3638 γὰρ,
966 3566 1109 3636 λέγω
1131 3567 1416 3641 κάγὼ,[τδ]
1437 3569 1533 3637 τῆς
1581 3569 1685 3622 τῶν
1717 3568 1887 3637 ἁγίων

311 3662 582 3733 κανδήλας
613 3660 813 3724 ἔλαιον,
846 3659 980 3713 ἁλλὰ
999 3659 1050 3711 τί
1080 3659 1236 3712 τοῦτο
1255 3660 1392 3729 πρὸς
1414 3659 1504 3713 τὸν
1543 3661 1669 3721 τοὺς
1697 3660 1888 3727 ἁγίους

311 3752 507 3814 αὐτοὺς
538 3750 831 3817 ἁγιάζοντα
861 3765 877 3814 ;
914 3747 1023 3800 Καὶ
1055 3746 1283 3816 δύναμιν
1314 3746 1445 3799 αὐτὸ
1472 3746 1616 3801 κατὰ
1646 3746 1889 3817 νοσημά-

308 3860 418 3896 τιυν
457 3843 601 3912 ἔχειν
648 3838 910 3911 τιθέμεθα
943 3837 1078 3909 (25),
1110 3839 1247 3892 ἁλλὰ
1275 3838 1327 3890 τί
1370 3839 1506 3907 πρὸς
1537 3840 1771 3910 Χριστὸν
1795 3838 1887 3894 τοῦ

1983 3222 2038 3267 et
2099 3214 2367 3284 sanguine
2412 3212 2612 3269 Christi
2645 3218 2888 3271 omnium
2945 3225 3192 3270 nostrqu
3241 3215 3333 3271 Dei
3357 3230 3410 3272 et
3444 3217 3569 3272 Sal-

1985 3306 2190 3359 vatoris
2212 3313 2514 3367 sumentes,
2528 3319 2708 3374 neque
2727 3305 2870 3374 quod
2890 3304 3060 3376 agunt
3084 3315 3140 3360 ut
3165 3322 3288 3361 reor
3305 3306 3568 3372 scientes,

1986 3410 2165 3464 neque
2197 3395 2439 3449 laesionis
2469 3394 2901 3465 magnitudinem
2929 3404 3345 3466 cognoscentes.

2060 3569 2270 3623 Etenim
2324 3568 2725 3623 sanctiﬁcatum
2762 3568 2983 3639 quidem
3016 3583 3158 3630 esse,
3191 3569 3318 3624 dico
3345 3579 3398 3624 et
3431 3582 3555 3639 ego,

1990 3669 2306 3715 sanctorum
2360 3661 2598 3717 candelae
2647 3661 2871 3728 oleum;
2928 3662 3020 3716 sed
3063 3661 3194 3731 quid
3231 3670 3313 3716 est
3349 3663 3470 3725 hoc,
3501 3662 3567 3716 ad

1989 3753 2453 3822 comparationem
2509 3753 2628 3820 ejus
2654 3754 2744 3821 qui
2785 3753 2932 3821 ipsos
2962 3760 3182 3806 sanctos
3210 3753 3513 3807 sanctiﬁcat
3549 3753 3574 3806 ?

1992 3844 2058 3898 Et
2086 3826 2338 3898 virtutem
2376 3844 2426 3897 id
2463 3853 2652 3898 contra
2688 3845 2981 3911 Iangnores
3014 3843 3214 3899 habere
3247 3844 3516 3899 contitcor
3550 3861 3569 3911 ;

309 3933 446 3987 Θεοῦ
470 3932 661 4001 σοφίαν
691 3930 818 3984 ὄντα
840 3930 931 3983 καὶ
958 3929 1210 4000 δύναμιν,
1243 3929 1334 3981 τὸν
1366 3929 1459 3982 καὶ
1491 3931 1761 4001 μάρτυσιν
1790 3932 1889 3983 αὑ-

311 4026 425 4088 τοῖς
447 4023 763 4095 χαρίσματα
820 4021 1102 4090 δυνάμεων
1131 4020 1363 4090 νέμοντα
1388 4038 1402 4084 ;
1432 4021 1592 4087 Λέγω
1630 4021 1687 4075 δὲ
1726 4023 1891 4093 τιμῆς

1991 3935 2085 3992 sed
2119 3933 2248 4004 quid
2276 3934 2343 3988 ad
2392 3935 2740 3989 collationem
2769 3934 2995 3994 Christi.
3026 3935 3117 4004 qui
3149 3943 3232 3989 est
3267 3933 3361 4003 Dei
3387 3937 3564 3992 virtus

1992 4037 2046 4081 et
2097 4025 2364 4095 sapientia
2395 4026 2418 4078 ’ί
2470 4024 2562 4094 qui
2599 4031 2654 4078 et
2692 4024 2825 4093 ipsis
2849 4039 3066 4095 quoque
3084 4025 3418 4092 martyribus
3446 4028 3558 4080 vir—

313 4116 463 4182 ἁΞιον
474 4116 549 4177 ὡς
565 4115 748 4168 ἐπάνω
768 4114 862 4181 τῆς
883 4111 1057 4182 θήκης
1085 4111 1393 4179 καιόμενον,
1420 4111 1546 4165 ἁλλὰ
1567 4113 1617 4164 τί
1644 4114 1780 4183 πρὸς
1801 4114 1883 4166 τὸν

1997 4127 2170 4170 tutum
2216 4115 2548 4170 charismata
2596 4115 2810 4169 tribuit.
2856 4115 2986 4169 Dico
3009 4128 3187 4170 autem
3233 4125 3288 4171 et
3321 4118 3569 4187 quodest

312 4209 406 4259 ἐπὶ
431 4206 539 4260 τῶν
587 4204 868 4276 Χερουϐὶμ
896 4202 1294 4279 καθεζόμενονς
1342 4202 1436 4255 καὶ
1464 4203 1517 4255 τί
1547 4204 1606 4256 τὸ
1638 4204 1736 4270 τῆς
1758 4221 1883 4257 καν·

1996 4208 2205 4262 honore
2254 4207 2514 4276 dignum,
2547 4216 2808 4274 tanquam
2847 4207 2897 4261 id
2952 4208 3096 4277 quod
3129 4223 3294 4277 supra
3332 4208 3570 4263 loculum

309 4297 474 4368 δήλας
496 4282 672 4348 ἔλαιον
691 4293 799 4347 τῶν
821 4293 989 4361 ἁγίων
1019 4292 1492 4362 παραφερόμενον,
1511 4290 1544 4362 ἦ
1561 4293 1687 4354 τοὺς
1705 4294 1883 4360 ἁγίους

1996 4298 2199 4361 ardet;
2253 4296 2347 4351 sed
2392 4295 2524 4365 quid
2577 4288 2643 4349 ad
2701 4295 3063 4364 aequalitatem
3101 4295 3241 4365 ejus,
3281 4299 3375 4369 qui
3423 4300 3576 4354 sedet

311 4387 507 4449 αὐτοὺς
555 4385 680 4447 τοὺς
710 4382 820 4454 [ea]
850 4383 948 4451 τῆς
999 4381 1268 4451 κανδήλας
1306 4380 1629 4447 ἁγιάζον-τας
1678 4379 1883 4447 ἔλαιον;

1998 4403 2162 4458 super
2195 4388 2490 4443 Cherubim
2532 4386 2646 4442 ⁸ῖιῐι
2671 4387 2800 4457 quid
2838 4388 3079 4442 candelae
3110 4401 3425 4444 sanctorum
3447 4389 3575 4445 alie-

315 4476 429 4533 ῐιᾶν
461 4476 567 4548 γὰρ
593 4476 730 4544 ὅπερ
768 4472 1024 4542 κτίσματι
1046 4471 1325 4538 τέτακται,
1354 4472 1417 4524 οὐ
1446 4472 1604 4542 μόνον
1630 4473 1883 4539 ἐπίγειον,

1998 4485 2168 4537 rimus
2188 4483 2389 4546 oleum,
2417 4482 2761 4553 potittsquam
2790 4491 3014 4537 sanctos
3044 4485 3191 4553 ipsos
3209 4483 3299 4553 qui
3333 4483 3573 4541 candelae

314 4571 452 4624 ἁλλὰ
477 4570 541 4640 δὴ
584 4568 677 4622 καὶ
708 4567 977 4638 οὐράνιον,
1014 4569 1122 4621 εἴτε
1155 4565 1368 4637 Θρόνοι,
1390 4566 1498 4618 εἴτε
1534 4566 1726 4635 ‘Apxal.
1750 4606 1763 4627 ,
1786 4567 1883 4617 εἴτε

1995 4575 2343 4630 sanctillcant
2385 4574 2604 4628 oleum?
2636 4575 2807 4628 Utnne
2831 4574 3029 4643 quippe
3061 4579 3205 4644 quod
3238 4577 3378 4629 inter
3411 4592 3567 4631 crea-

326 4661 617 4725 Ἐξουσίαι,
648 4659 757 4712 εἴτε
784 4659 1142 4728 κυριότητες.
1166 4658 1273 4710 εἴτε
1296 4658 1562 4726 Δυνάμεις
1587 4655 1893 4725 ἁγγελικαὶ,

316 4749 409 4801 καὶ
443 4747 593 4817 παρὰ
629 4745 833 4809 ταύτας
862 4745 1067 4815 ἕτεραι,
1098 4745 1206 4797 εἴτε
1239 4744 1377 4798 αὐτὰ
1400 4746 1679 4816 Χερουϐὶμ
1707 4745 1799 4799 καὶ
1826 4745 1894 4799 τὰ

317 4841 568 4910 Σεραφὶμ
619 4839 686 4892 τὰ
733 4836 1096 4906 πολυόμματα
1140 4835 1253 4899 ζῶα
1287 4836 1379 4890 καὶ
1419 4836 1787 4906 ἑξαπτέρυγα,
1821 4836 1890 4890 τὰ

316 4932 424 4984 τῶν
479 4929 690 4984 πολλῶν
719 4927 722 4930 ’
750 4930 1064 4999 κτισμάτων
1108 4929 1240 4982 πολὺ
1289 4927 1609 4999 τιμιώτερα,
1663 4929 1755 4982 καὶ
1801 4928 1899 4995 διὰ,

315 5020 479 5097 τοῦτο
501 5021 635 5075 Θεὸν
663 5019 1031 5090 ὲποχούμενον
1070 5020 1263 5090 ἔχοντα
1281 5035 1294 5048 ·
1344 5020 1456 5073 εἴτε
1485 5036 1569 5082 τις
1602 5021 1661 5073 ὲν
1684 5022 1894 5091 νοητοῖς

318 5114 480 5183 ἑτέρα
512 5112 687 5176 κτίσις
734 5110 1065 5182 καθέστηκε,
1092 5109 1212 5181 Θεῷ
1252 5110 1351 5180 μὲν
1385 5110 1596 5183 φανερὰ
1622 5110 1701 5182 τῷ
1738 5113 1895 5183 ποιή-

318 5217 499 5267 σαντι,
518 5201 650 5270 ἡμῖν
671 5200 727 5254 δὲ
760 5201 872 5262 τοῖς
887 5198 1198 5270 ἀνθρώποις
1226 5200 1565 5270 άπόκρυφος.
1605 5201 1891 5272 ἀγαπητὸν

318 5295 533 5367 ήγεῖται
583 5293 680 5347 καὶ
737 5290 956 5361 εὔχεται
997 5291 1060 5345 τὸ
1087 5290 1326 5347 δούλειον
1370 5293 1526 5361 ἄγειν
1576 5292 1759 5362 ζυγὸν,
1797 5296 1894 5350 καὶ

1993 4676 2143 4722 tutas
2165 4666 2562 4731 dinumeratur,
2596 4680 2702 4719 non
2731 4669 2906 4720 solum
2937 4676 3237 4732 terrenum,
3259 4666 3352 4722 sed
3385 4677 3438 4722 ct
3462 4689 3472 4716 ‹
3492 4682 3578 4723 ω·-

1990 4759 2145 4823 leste,
2164 4759 2278 4814 sive
2297 4758 2524 4822 Throni,
2566 4758 2681 4814 sive
2718 4757 3087 4827 Principatus,
3134 4758 3249 4813 sive
3272 4757 3581 4814 PoteSIatcs

1996 4850 2111 4904 sive
2140 4848 2570 4913 Dominationes,
2596 4850 2711 4903 sive
2744 4848 2981 4903 Virtutes
3010 4850 3287 4920 angelicae,
3310 4858 3364 4904 et
3384 4862 3581 4919 praeter

1997 4936 2097 4992 has
2123 4938 2263 5003 alia,
2280 4939 2391 4994 sive
2419 4940 2520 5009 ipsi
2551 4939 2846 4994 Cherubim
2878 4947 2933 4993 et
2949 4940 3257 5009 Seraphim,
3278 4942 3577 4996 multorum

1996 5028 2277 5083 oculorum
2296 5043 2661 5100 senarumque
2679 5030 2887 5083 alarum
2912 5031 3192 5095 animalia,
3207 5031 3301 5100 qui
3323 5046 3446 5086 cum
3466 5034 3579 5086 sint

1995 5119 2350 5187 pretiosiores
2395 5134 2562 5189 quam
2608 5120 2795 5176 multa:
2837 5131 3100 5178 creaturae
3122 5163 3137 5186 ,
3171 5123 3338 5178 Deum
3371 5123 3583 5178 idcirco

1994 5210 2191 5265 vehere
2211 5211 2597 5277 dinoscuntur,
2633 5213 2717 5268 vel
2754 5214 2925 5283 siqua
2966 5214 3018 5268 in
3070 5214 3434 5269 invisibilibus
3466 5213 3577 5268 alia

1995 5310 2246 5357 creatura
2264 5315 2349 5359 est
2366 5302 2475 5360 Deo
2493 5304 2781 5359 manifesta
2795 5304 2888 5375 qui
2914 5303 3064 5372 fecit,
3081 5313 3135 5359 et
3159 5304 3320 5360 nobis
3335 5304 3575 5370 occulta,

1800 5387 2033 5446 ΝΟΤᾸΞΣ.

324 5472 349 5549 ξ
391 5476 506 5549 (22)
523 5475 725 5549 Confer
753 5477 857 5549 hoc
884 5476 1160 5549 egregium
1191 5477 1255 5531 de
1278 5491 1510 5549 corpore
1537 5485 1591 5531 et
1625 5479 1891 5549 sanguine

324 5545 563 5609 Domini,
617 5548 679 5602 in
712 5545 1045 5603 eucharistia
1101 5547 1478 5615 prasentibus,
1510 5545 1887 5601 testimonioin

325 5615 777 5684 Sophronii,cum
808 5617 916 5670 alio
944 5618 995 5670 in
1041 5618 1435 5672 commentario
1464 5618 1706 5685 ejusdem
1739 5620 1890 5671 litur-

326 5686 465 5756 εἰει),
509 5703 669 5755 quem
703 5687 805 5756 ipsi
840 5686 1111 5742 edidimus
1146 5703 1160 5752 ;
1199 5686 1436 5756 itemque
1464 5689 1515 5740 in
1561 5689 1754 5740 mirae.
1792 5688 1885 5741 58.

2068 5485 2182 5556 (25)
2205 5487 2373 5543 Viden
2414 5485 2806 5556 Sephronium,
2843 5489 2934 5556 qui
2975 5487 3098 5542 oleo
3123 5494 3250 5542 ante
3276 5500 3465 5543 sacras
3487 5500 3577 5541 re-

1998 5555 2196 5629 liquias
2245 5560 2473 5614 incenso
2495 5555 2775 5612 ’virtutem
2821 5555 3221 5629 medicinalem,
3245 5628 3253 5629 ί
3277 5565 3579 5628 martyrum

2000 5627 2210 5681 scilicet
2247 5629 2462 5683 meritis
2497 5629 2867 5694 conciliatam,
2903 5628 2987 5696 pic
3019 5627 3261 5682 tribuit?
