4060 6236
488 269 633 334 3555

1340 268 1400 327 S.
1432 265 1849 326 SOPHRONII
1884 264 2388 325 ΡΑΤΒΙΛΒΕΗΕ
2432 260 2833 327 HIEROSOL.

3613 268 3753 331 3556

485 384 723 440 amabile
777 381 1098 448 arbitratur,
1144 386 1197 436 et
1228 390 1380 451 optat
1411 383 1608 438 servile
1639 382 1838 437 ducere
1861 384 2074 453 jugum,

2180 382 2363 436 δοῦλον
2391 384 2537 439 εἶναι
2569 385 2663 436 καὶ
2724 384 2984 451 λέγεσθαι
3020 384 3117 436 τοῦ
3149 382 3482 437 Δεσποτικοῦ
3512 386 3749 455 Χριστοῦ

484 486 541 529 et
570 472 848 538 famulari,
879 481 932 526 et
962 471 1223 527 dominici
1248 472 1448 526 Christi
1498 471 1588 525 Dei
1623 473 1797 526 nostri
1829 473 2076 540 corporis

487 566 791 620 membrum
848 564 1052 627 vocari,
1100 579 1208 617 non
1268 575 1448 618 autem
1500 564 1547 618 ei
1601 564 1934 632 comparari,
1991 564 2074 618 vel

485 657 872 726 :tqttnlitulem,
922 655 968 708 si
1010 655 1159 708 velut
1217 654 1346 723 quid
1380 668 1519 723 pene
1570 654 1750 708 simile
1802 656 1895 718 sit,
1940 654 2078 709 velle

488 752 837 820 aliquatenus
892 745 1172 816 applicare
1207 762 1223 810 ;
1276 747 1423 814 quod
1465 761 1642 814 neque
1682 746 1725 798 si
1772 746 1896 814 quis
1929 754 2076 799 esset

485 842 578 911 qui
628 840 914 909 praaberet.
972 837 1255 906 percipere
1310 838 1704 891 consensisset.
1757 835 1853 889 llic
1879 850 2073 890 sensus

485 944 571 988 est
603 932 778 987 hostis
809 930 1046 999 antiqui,
1086 945 1181 999 per
1218 944 1375 998 quem
1402 940 1453 983 et
1490 929 1604 998 ipse
1646 929 1888 998 rapinam
1926 929 2072 982 arbi-

486 1031 666 1077 tratus
695 1036 818 1076 esse
843 1037 902 1075 se
931 1021 1195 1088 aequalem
1242 1020 1372 1083 Deo,
1413 1029 1467 1072 ct
1505 1020 1717 1073 sedinm
1751 1021 2070 1074 similitudi-

487 1131 609 1169 nem
670 1127 837 1181 super
887 1111 1059 1166 nubes
1114 1112 1481 1181 praetendens,
1521 1111 1590 1163 ab
1636 1111 1823 1165 abside
1853 1112 2068 1166 caelesti

487 1218 611 1257 cum
652 1211 781 1255 ante
813 1200 976 1255 fuerit
1008 1198 1203 1253 lucifer
1227 1201 1447 1261 cecidit,
1488 1213 1541 1255 et
1573 1201 1783 1270 primos
1815 1211 2071 1271 parentes

486 1305 709 1349 nostros
744 1295 797 1347 in
849 1291 1106 1362 paradiso
1146 1290 1418 1346 seducens
1462 1294 1697 1362 pellexit.
1732 1290 1844 1347 Hoc
1887 1304 2068 1348 autem

487 1388 722 1440 dicimus
773 1400 878 1437 non
940 1383 1328 1452 praedictorum
1398 1398 1616 1439 errores
1662 1386 2001 1453 corrigentes
2054 1403 2068 1451 ;

487 1477 618 1544 quid
646 1476 793 1530 enim
821 1475 951 1527 mihi
983 1490 1079 1528 eos
1107 1475 1198 1544 qui
1223 1475 1358 1531 foris
1392 1484 1521 1529 sunt
1544 1476 1817 1545 judicare,
1848 1484 1905 1529 ut
1939 1478 2070 1531 dicit

486 1567 782 1635 Apostolus
828 1565 849 1618 ?
903 1563 998 1619 sed
1048 1564 1244 1620 fratres
1292 1576 1510 1620 nostros
1539 1574 1729 1620 cautos
1754 1568 2065 1629 reddentes,

488 1676 555 1715 ne
582 1659 721 1713 forte
750 1657 872 1712 illos
905 1656 1006 1710 hoc
1036 1657 1236 1726 saepius
1271 1655 1449 1711 facere
1472 1657 1918 1726 contemplantes,
1944 1674 2066 1713 cum

2179 471 2273 524 τοῦ
2301 472 2435 526 Θεοῦ
2467 472 2625 543 ἡμῶν
2655 472 2904 543 σώματος
2929 489 2942 504 ·
2962 473 3053 545 μὴ
3088 472 3194 543 μὴν
3233 472 3365 526 αὐτο
3410 475 3754 545 “inpeditus-

2180 562 2324 628 σθαι,
2358 563 2453 616 καὶ
2489 564 2551 614 τὸ
2580 564 2693 617 ῑσον
2724 563 2757 633 ἧ
2800 563 2949 634 παρᾶ
2992 564 3185 633 μικρὸν
3225 561 3594 633 ἀποφέρεσθαι
3626 564 3753 634 βού-

2178 654 2363 708 λεσθαι
2383 672 2396 685 ·
2430 656 2565 726 ὅπερ
2592 656 2709 708 οὐδέ
2757 673 2842 718 τις
2874 652 2941 726 ἦν
2973 657 3001 708 ὁ
3053 655 3307 724 παρέχων
3340 655 3629 725 ἐτύγχανεν
3662 657 3754 709 λα⁴

2177 749 2292 801 δεῖν
2318 749 2658 811 κατεδέξατο.
2693 748 2861 801 Τοῦτο
2886 749 2993 817 γὰρ
3038 748 3130 800 τοῦ
3181 748 3490 819 άρχεκάκου
3515 747 3577 801 τὸ
3616 751 3751 820 φρό-

2176 858 2347 910 νημα,
2413 841 2478 895 δι’
2534 836 2595 896 οὗ
2642 844 2737 896 καὶ
2765 841 2926 904 αὐτὸς
2954 842 3055 911 τὴν
3107 841 3327 910 ἰσότητα
3368 841 3463 912 τὴν
3489 844 3626 913 πρὸς
3659 845 3752 896 τὸν

2175 935 2308 987 Θεὸν
2365 934 2658 1005 ἁρπαγμὸν
2722 935 3089 1005 ἡγησάμεος,
3124 935 3218 987 καὶ
3266 935 3456 1004 θρόνου
3488 938 3751 1007 ὁμοίωσιν

2177 1027 2315 1097 ὑπὲρ
2339 1028 2471 1096 νέφη
2499 1026 2903 1096 φανταζόμενος
2925 1027 3027 1096 τῆς
3055 1027 3304 1099 οὐρανίου
3333 1027 3537 1098 ἀψίόος,
3569 1032 3597 1083 ὁ
3620 1033 3750 1101 πρὶν

2174 1118 2822 1187 ἐωάφόροςὲκπέπτωκεο
2845 1119 3085 1180 καὶτοὺς
3115 1118 3274 1181 ὂντας
3303 1121 3447 1190 ἡμᾶς
3480 1121 3537 1172 ἐν
3569 1136 3742 1190 παρα-

2172 1209 2334 1278 δείσῳ
2369 1209 2740 1279 προπάτορας,
2771 1210 2850 1272 εἰς
2869 1208 3078 1277 φθοράν
3103 1208 3362 1273 δελεάσας
3377 1211 3746 1265 κατέσπασε-ι.

2174 1300 2360 1353 Ταῦτα
2387 1299 2443 1351 δὲ
2465 1300 2717 1369 λέγομεν,
2736 1301 2797 1353 οὒ
2815 1301 2880 1352 τὰ
2911 1300 3017 1353 τῶν
3042 1301 3347 1372 εἰρημένων
3375 1302 3746 1372 διορθούμενοι

2175 1392 2466 1460 σφάλματα
2484 1391 2557 1459 (τί
2587 1390 2694 1460 γάρ
2730 1407 2818 1461 μοι
2876 1391 3000 1452 τοὺς
3040 1390 3143 1456 ἔξω
3191 1390 3431 1460 κρίνειν,
3471 1390 3545 1451 ὥς
3583 1409 3749 1461 φησιν

2173 1485 2200 1534 ὁ
2228 1481 2546 1544 ’Δπόστολος
2559 1481 2760 1551 ;),άλλὰ
2784 1482 2907 1543 τοὺς
2925 1482 2958 1551 ἠ
2967 1480 3081 1549 μῶν
3100 1481 3361 1549 ἀδελφοὺς
3376 1468 3746 1550 ἀσφαλιζόμε-

2172 1592 2274 1639 νοι,
2307 1576 2506 1645 μήπως
2532 1574 2727 1636 αὐτοὺς
2750 1574 2906 1626 τοῦτο
2939 1571 3224 1634 ποιοῦντας
3265 1573 3584 1641 συχνότερον
3619 1571 3746 1641 eis-

2173 1683 2386 1733 ποντες,
2412 1668 2508 1720 σὺν
2565 1667 2749 1727 αὐτοῖς
2778 1665 3139 1734 άσεϐήσωσιν.
3186 1662 3323 1717 Ἀλλ’
3355 1663 3448 1716 ἐπὶ
3471 1664 3534 1716 τὸ
3559 1663 3747 1719 leuco-

488 1753 575 1806 eis
600 1750 768 1820 impie
795 1758 977 1819 agant.
1000 1748 1107 1804 Sed
1141 1749 1206 1804 ad
1227 1749 1562 1804 narrationis
1584 1749 1860 1805 residuum
1884 1752 2070 1806 venia-

2176 1726 2497 1828 μενον-ημῖν
2525 1757 2623 1826 τῆς
2650 1726 2954 1827 διηγήσεως
2984 1754 3247 1826 ἔλθωμεν.

490 1858 633 1898 mus.

554 1933 851 1990 Audientes
898 1948 1030 2004 ergo
1078 1941 1369 2003 martyres,
1435 1932 1527 2001 qui
1585 1934 1744 2002 quasi
1798 1933 2057 1991 Julianus

486 2025 756 2080 diaconus
820 2023 1099 2094 languenti
1171 2032 1566 2091 apparuerunt,
1627 2023 1769 2092 quod
1832 2024 2121 2079 candelat‘

487 2120 806 2178 snaroleum
840 2118 1005 2171 vellet
1055 2115 1324 2184 accipere,
1372 2115 1424 2167 in
1467 2115 1616 2168 aditu
1667 2115 1760 2183 qui
1815 2122 1899 2169 est
1949 2125 2075 2170 ante

487 2209 759 2265 cancellos
800 2206 1179 2270 monumenti,
1240 2206 1530 2268 assistunt,
1583 2214 1634 2258 ct
1689 2205 1971 2275 introitum
2023 2208 2072 2261 ei

489 2299 868 2369 prohibebant,
903 2297 957 2349 in
1000 2294 1192 2350 faciem
1252 2296 1593 2359 resistentes,
1647 2305 1700 2348 et
1753 2295 2074 2366 ingredienti

488 2391 751 2444 velociter
783 2395 1187 2451 occurrentes;
1239 2393 1297 2440 et.
1343 2385 1507 2440 modo
1555 2387 1775 2456 quidem
1822 2389 1886 2442 ad
1934 2382 2073 2443 sini-

489 2492 686 2544 stram,
725 2482 890 2535 modo
916 2494 1044 2535 vero
1074 2480 1128 2532 in
1160 2478 1437 2533 dexteram
1483 2489 1851 2544 transeuntes,
1882 2492 1936 2535 et
1982 2497 2074 2550 per

490 2574 825 2645 semetipsos
883 2571 1166 2625 introitum
1225 2569 1601 2623 obstruentes.
1680 2570 1816 2625 Cum
1892 2579 2072 2627 autem

494 2667 696 2730 multos
749 2666 1019 2720 transitus
1069 2663 1354 2725 fecissent,
1406 2663 1474 2716 ad
1529 2663 1980 2718 illuminatorium
2023 2666 2073 2719 ei

494 2772 738 2827 pergere,
794 2762 849 2808 et
904 2753 1111 2808 Christi
1165 2759 1507 2807 sacramenta
1562 2755 1840 2824 percipere
1893 2757 2077 2813 minus

492 2856 919 2916 persuaserunt;
972 2861 1160 2900 verum
1215 2845 1596 2899 concedebant
1647 2846 1724 2899 illi
1787 2848 2073 2901 introitum
2118 2921 2120 2925 .

492 2940 584 3009 qui
632 2940 698 2993 ad
732 2940 1014 3009 proprium
1053 2938 1323 2991 tumulum
1368 2937 1695 2991 dedtmeleat.
1742 2937 1913 3003 Quem
1948 2954 2072 2993 cum

2258 1931 2618 1994 Ἀκούσαντες
2650 1932 2780 2000 γοῦν
2804 1932 2854 1983 οἰ
2902 1932 3177 2001 μάρτυρες
3214 1932 3265 1984 οἱ
3299 1933 3373 1995 ὡς
3409 1916 3691 1997 Ἰουλιανὸς
3719 1936 3749 1988 ὀ

2170 2025 2416 2087 διάκονος
2441 2025 2516 2094 τῷ
2538 2024 2781 2077 νοσοῦντι
2809 2024 3145 2092 φαινόμενοι,
3170 2023 3243 2088 ὡς
3261 2025 3323 2078 τὸ
3352 2025 3453 2094 τῆς
3479 2026 3750 2098 κανδήλας

2173 2116 2351 2168 ἔλαιον
2381 2114 2629 2184 βούλεται
2681 2112 2959 2179 δέξασθαι,
2989 2115 3070 2175 είς
3123 2113 3216 2165 τὸν
3278 2112 3488 2184 βατῆρα
3516 2114 3607 2169 τὸν
3642 2119 3750 2185 πρὸ

2172 2207 2282 2258 τῶν
2307 2205 2622 2259 κανκέλλων
2678 2204 2807 2256 ὄντα
2858 2202 2952 2254 τοῦ
3016 2204 3299 2272 μνήματος
3355 2202 3621 2270 ἵστανται,
3652 2206 3749 2257 καὶ

2172 2297 2271 2368 τὴν
2300 2296 2503 2350 εἴσοδον
2536 2295 2715 2348 αὐτῶν
2740 2293 3034 2347 διεκώλυον
3067 2295 3146 2355 εἰς
3176 2293 3298 2363 ὄψιν
3323 2296 3619 2363 γινόμενοι..
3652 2299 3747 2347 καὶ

2173 2391 2393 2442 εἰσιόντι
2427 2387 2840 2459 προτρέχοντες,
2890 2386 2984 2438 καὶ
3044 2384 3175 2438 ποτὲ
3201 2385 3300 2454 μὲν
3330 2386 3408 2448 εἰς
3437 2386 3584 2448 λαιὰ,
3616 2386 3750 2438 ποτὲ

2174 2481 2233 2534 δὲ
2261 2483 2339 2544 εἰς
2359 2480 2539 2546 δεξιὰν
2567 2477 3019 2549 μεταϐαίνοντες,·
3044 2477 3134 2530 καὶ
3166 2476 3261 2546 τὴν
3291 2477 3495 2529 εἴσοδον
3525 2477 3591 2529 δι’
3627 2481 3749 2530 tatu.

2173 2578 2281 2624 τῶν
2313 2573 2766 2641 ἀναφράττοντες.
2808 2570 2895 2631 Ὠς
2929 2569 2985 2621 δὲ
3012 2568 3206 2631 πολλὰς
3234 2568 3561 2638 μεταϐάσεις
3590 2572 3754 2642 ποιή-

2178 2680 2370 2726 σαντες
2400 2663 2534 2733 πρὸς
2564 2661 2626 2713 τὸ
2652 2661 3012 2730 φωτιστήριον
3043 2658 3222 2713 αὐτῶν
3250 2660 3502 2711 ἀπελθεῖν
3528 2661 3752 2715 καὶτῶν

2175 2755 2411 2827 Χριστοῦ
2451 2753 2761 2825 μυστηρίων
2821 2751 3144 2822 μεταλαϐεῖν
3199 2752 3299 2802 οὐκ
3330 2751 3578 2815 ἔπεισαν,
3611 2769 3750 2822 παρ-

2177 2850 2417 2921 εχώρουν
2451 2846 2601 2917 αὐτῷ
2656 2846 2755 2915 τὴν
2807 2845 2899 2896 ἐπὶ
2956 2843 3054 2914 τὴν
3081 2843 3285 2895 οἰκείαν
3333 2843 3491 2914 σορὸν
3514 2845 3753 2907 ἄγουσαν

2178 2945 2403 2997 εἴσοδον.
2463 2941 2570 2993 Καὶ
2620 2937 2825 3008 ταύτην
2869 2937 2926 2988 δὲ
2972 2936 3289 3005 περάσαντα
3327 2936 3418 2988 τὸν
3452 2936 3750 3007 Θεόδωρον,

495 3031 818 3084 Theodorus
873 3030 1288 3099 pertransisset,
1323 3029 1717 3099 ingressusque
1759 3030 1907 3086 fores
1940 3032 2074 3086 fuis-

2179 3040 2270 3090 κλί
2314 3034 2621 3088 εἰσελθόντα
2666 3031 2725 3084 τὸ
2760 3029 3049 3101 πρόθυρον,
3103 3028 3233 3099 πρὶν
3272 3028 3305 3098 ἢ
3353 3029 3652 3081 καταλάϐοι
3683 3032 3755 3082 τά

495 3129 598 3186 set,
632 3122 948 3190 priusquam
998 3121 1064 3175 ad
1113 3120 1392 3176 cancellos
1453 3122 1811 3191 pervenisset,
1860 3125 2069 3178 olemu-

493 3228 601 3281 que
632 3212 983 3283 sumpsisset,
1035 3212 1309 3279 posterius
1354 3212 1474 3279 ejus
1503 3213 1885 3267 vestimentum
1921 3228 2073 3268 com-

495 3303 920 3373 prehendentes,
955 3308 1012 3355 ut
1055 3301 1121 3356 ad
1156 3316 1252 3356 eos
1301 3311 1653 3357 convertatur
1700 3313 1965 3374 egerunt;
2018 3313 2074 3359 et

496 3409 692 3447 rursus
748 3407 807 3447 se
858 3392 1292 3446 cohortabantur
1345 3391 1555 3456 audire,
1618 3403 1673 3447 et
1726 3394 1831 3448 sibi
1889 3394 2072 3464 potius

496 3490 660 3552 quam
709 3482 792 3536 his
820 3482 912 3554 qui
955 3481 1187 3551 propriae
1223 3491 1519 3551 prmessent
1567 3481 1782 3548 haeresi,
1825 3484 2067 3540 obedire.

493 3573 744 3642 Cumque
786 3589 889 3627 nec
942 3574 1026 3628 sic
1073 3588 1198 3626 eum
1263 3571 1611 3628 obedientem
1667 3576 1953 3639 vidissent,
2006 3577 2071 3631 ad

494 3664 807 3735 sepulcrum
868 3664 1119 3734 progredi
1184 3663 1537 3718 dimiserunt.
1595 3663 1700 3732 Qui
1750 3670 2070 3730 conversus,

496 3756 786 3811 obseratos
813 3754 959 3809 videt
992 3755 1330 3808 monumenti
1370 3756 1671 3824 cancellos,
1702 3758 1843 3812 etde
1872 3766 2073 3814 caetero

497 3858 606 3899 non
634 3844 854 3899 invento
883 3846 1118 3913 qualiter
1144 3844 1386 3901 candelae
1422 3856 1666 3900 sumeret
1693 3847 1894 3913 oleum,
1923 3865 2073 3905 rece-

496 3934 661 3991 debat
691 3943 922 3991 IIlfBSlUS
961 3944 1016 3989 et
1058 3936 1253 3991 tristis.
1287 3934 1457 3991 Porro
1488 3945 1761 3994 amatores
1791 3938 2074 3995 hominum

498 4034 766 4096 martyres
796 4042 1138 4096 nequaquam
1166 4026 1376 4081 desidia
1426 4030 1621 4097 pressi,
1649 4030 1743 4085 sed
1786 4039 1911 4087 ante
1950 4033 2076 4087 illu-

499 4117 853 4172 minatorium
883 4130 1318 4187 perseverantes,
1352 4119 1551 4173 iterum
1577 4131 1866 4175 exeuntem
1898 4136 1927 4175 a
1956 4135 2075 4177 mo-

499 4219 763 4263 numento
820 4209 1088 4278 rogabant
1159 4218 1213 4264 et
1282 4210 1643 4265 hortabantur
1704 4212 1973 4267 doctrinis
2022 4223 2076 4268 et

499 4302 722 4356 monitis
775 4303 962 4356 multis
1021 4308 1261 4358 utentes.
1323 4303 1572 4372 Cumque
1627 4303 1891 4359 vidissent
1932 4306 2075 4361 hunc

2177 3127 2448 3182 κάνκελλα
2478 3125 2572 3178 καὶ
2605 3124 2666 3175 τὸ
2706 3122 2885 3174 ἔλαιον
2915 3120 3154 3191 δέξηται,
3197 3119 3305 3172 τῶν
3336 3119 3558 3172 δπισοεν
3585 3119 3754 3172 αὐτοῦ

2172 3219 2424 3280 λαϐεὗντες
2444 3215 2656 3287 ἰμάτιον
2679 3212 2990 3285 στραφῆναι
3024 3211 3156 3281 πρὸς
3181 3211 3376 3272 αὐτοὺς
3409 3209 3755 3280 παρεσκεύα-

2176 3328 2274 3363 σαν
2295 3326 2307 3338 ·
2336 3309 2429 3362 καὶ
2469 3307 2627 3360 πάλιν
2644 3304 2821 3357 αὐτῶν
2845 3300 3064 3356 ἀκούειν
3106 3301 3467 3372 προέτρεπον,
3497 3303 3594 3355 καὶ
3626 3305 3753 3355 πεί..

2174 3398 2362 3450 θεσθαι
2401 3396 2602 3466 μᾶλλον
2626 3395 2807 3455 αὐτοῖς
2873 3393 2905 3463 ἢ
2939 3393 3049 3452 τοῖς
3091 3390 3192 3458 τῆς
3230 3392 3439 3456 οἰκείας
3474 3388 3754 3464 προεστῶο

2175 3504 2259 3540 σιν
2280 3486 2564 3557 αἱρέσεως.
2620 3484 2703 3545 Ὠς
2729 3482 2783 3534 δὲ
2819 3481 2940 3552 μηδ’
2962 3481 3105 3534 οὕτω
3148 3481 3468 3551 πειθόμενον
3504 3483 3750 3551 ἐῖὶλεπον,

2174 3569 2419 3649 προϊέναι
2456 3575 2593 3644 πρὸς
2634 3573 2726 3626 τὸν
2786 3571 2954 3641 τάφον
2986 3572 3283 3626 ἀπέλυσαν.
3315 3571 3372 3624 '0
3402 3573 3458 3625 δὲ
3493 3574 3751 3640 στραφεὶς

2173 3664 2551 3736 ἡσφαλισμένα
2583 3662 2767 3733 βλέπει
2791 3663 2856 3714 τὰ
2888 3660 2982 3714 τοῦ
3012 3663 3291 3732 μνήματος
3325 3663 3628 3715 κάνκελλα·
3654 3663 3753 3717 καὶ

2179 3760 2253 3831 μὴ
2281 3758 2454 3828 εὑρὼν
2484 3757 2672 3811 λοιπὸν
2716 3755 2813 3808 τοῦ
2851 3757 2951 3827 τῆς
3008 3756 3277 3824 κανδήλας
3327 3755 3506 3808 ελαίου
3542 3755 3748 3821 λαϐεῖν,

2174 3849 2438 3921 ἀνεχώρει
2469 3849 2719 3918 κατηφὴς
2749 3849 2843 3900 καὶ
2870 3846 3228 3916 λυπούμενος.
3268 3850 3330 3900 Οι
3372 3846 3429 3898 δὲ
3446 3844 3750 3914 φιλάνθρω-

2176 3958 2268 3994 ποι
2294 3941 2566 4011 μάρτυρες
2593 3937 2858 4008 μηδαμῶς
2889 3936 3320 4007 ρᾳθυμήσαντες,
3351 3935 3486 3986 ἀλλὰ
3515 3932 3619 3997 πρὸ
3647 3932 3747 3987 τοῦ

2176 4031 2544 4103 φωτιστηρίου
2570 4029 3022 4101 προσμείναντες,
3050 4028 3209 4080 πάλιν
3233 4027 3392 4078 αὑτὸν
3424 4024 3636 4088 ἐξιόντα
3650 4024 3749 4079 τοῦ

2179 4125 2458 4195 μνήματος
2518 4121 2861 4192 παρεκάλουν
2891 4119 2982 4172 καὶ
3029 4117 3397 4187 προύτρεπον,
3424 4115 3750 4188 διδασκαλίᾳ

2176 4213 2447 4286 χρώμενοι
2482 4212 2573 4266 καὶ
2598 4212 2817 4274 πολλαῖς
2851 4210 3255 4281 παραινέσεων.
3303 4207 3391 4271 Ὠς
3423 4207 3480 4260 δὲ
3512 4206 3621 4260 ἴδον
3654 4206 3750 4261 οὔ·

2175 4320 2283 4368 τως
2312 4304 2544 4374 ἀκαμπῆ
2578 4302 2674 4356 καὶ
2728 4301 3011 4367 πεισθῆναι
3050 4298 3125 4369 μὴ
3176 4298 3417 4361 θέλοντα,
3445 4299 3603 4352 τοῦτο
3627 4298 3747 4369 μεθ’

413 4382 419 4387 ’
498 4401 606 4444 tam
637 4392 1034 4445 incurrabilem
1062 4402 1116 4446 et
1157 4406 1347 4461 parere
1387 4392 1684 4457 nolentem,
1716 4392 2064 4460 dimiserunt,

2175 4398 2331 4467 ὅρκου
2390 4393 2691 4465 φρικώδους
2740 4391 3022 4461 εἰρηκότες
3044 4390 3324 4443 ἀπέλυσαν
3354 4404 3367 4418 ·
3420 4390 3513 4443 Μὰ
3543 4390 3634 4443 τὸν
3655 4391 3749 4443 τοῦ

498 4482 603 4536 hoc
636 4483 884 4536 horribili
916 4482 1281 4552 jurejurando
1320 4482 1571 4537 dicentes
1604 4501 1617 4535 :
1654 4480 1760 4537 Per
1790 4483 2069 4539 Christum

501 4573 590 4629 Dei
624 4582 679 4628 et
720 4575 902 4629 Putris
964 4575 1181 4640 Filium,
1210 4585 1531 4629 cunctorum
1576 4575 1975 4630 dominatorem
2020 4583 2075 4630 et

502 4664 689 4726 Deum,
726 4663 818 4733 qui
860 4663 914 4715 in
967 4664 1259 4733 martyrica
1297 4662 1489 4715 militia
1537 4669 1726 4716 nostra
1779 4672 1987 4732 regnat,
2021 4672 2076 4717 et

499 4758 790 4817 sanitatum
831 4755 987 4809 nobis
1017 4755 1246 4825 gratiam
1278 4753 1468 4818 donat,
1503 4753 1607 4807 nisi
1643 4754 1798 4808 nobis
1825 4754 2071 4819 obedias,

496 4857 549 4902 et
582 4849 684 4902 nisi
720 4849 786 4901 ad
849 4846 1023 4902 solam
1077 4844 1408 4900 cathoiicam
1451 4845 1622 4913 ipsius
1676 4843 1973 4907 Ecclesiam
2021 4853 2076 4900 et

404 5003 412 5009 _
498 4943 756 5013 mysteria
786 4956 940 4996 saera
971 4958 1091 5011 qua:
1119 4942 1172 4994 in
1203 4955 1265 4995 ea
1297 4939 1644 4993 celebrantur
1672 4939 1903 4995 accedas
1949 4955 2073 4993 cum

499 5036 701 5089 munda
753 5042 808 5089 et
857 5020 1425 5095 casta'conscicntia,
1487 5032 1557 5086 ita
1624 5032 1749 5086 hinc
1811 5033 2076 5101 languens

498 5126 681 5180 abibis
711 5126 856 5179 sicut
886 5133 941 5177 et
969 5124 1074 5178 huc
1133 5124 1369 5185 venisti,
1419 5122 1493 5175 nil
1542 5138 1572 5174 a
1617 5123 1777 5176 nobis
1824 5123 2077 5179 utilitatis

499 5217 750 5286 adeptus.
789 5214 854 5266 Et
893 5214 1007 5268 haec
1039 5214 1256 5283 quidem
1291 5228 1386 5283 per
1428 5212 1605 5289 visum
1637 5212 1777 5266 dicta
1831 5224 1984 5269 sunt.

571 5307 724 5359 Mane
758 5314 939 5360 autem
968 5320 1090 5359 cum
1126 5305 1488 5373 processisset
1539 5307 1605 5355 ad
1659 5312 2075 5358 monumentum

499 5409 790 5463 oraturus,
846 5407 1160 5453 sanetorttm
1244 5398 1389 5451 videt
1469 5404 1594 5450 ante
1665 5406 2075 5450 monumentum

499 5495 791 5560 quemdam
843 5489 1200 5546 Paschasiqu
1247 5488 1470 5542 n.nnine
1519 5504 1547 5539 a
1596 5488 1789 5556 spiritu
1841 5490 2077 5560 maligno

504 5592 775 5646 vexatum,
805 5583 898 5651 qui
936 5581 1124 5636 videns
1154 5580 1526 5643 Theudomm,
1570 5579 1761 5647 grandi
1800 5595 1931 5633 Voce
1963 5586 2074 5636 tunc

502 5673 568 5724 ad
595 5690 716 5728 cum
758 5674 953 5729 aﬂ‘atus
983 5689 1064 5739 es,
1104 5675 1273 5727 torvis
1314 5673 1487 5726 oculis
1538 5673 1777 5735 intuens,
1808 5680 1859 5723 ct
1894 5672 2070 5725 denti-

2174 4487 2311 4540 Θεοῦ
2367 4486 2458 4538 καὶ
2517 4483 2728 4554 [ἰατρὸς
2774 4482 2920 4547 Υίδν,
2951 4481 3043 4533 τὸν
3091 4482 3307 4534 πάντων
3356 4481 3634 4550 Δεσπότην
3657 4483 3750 4533 καὶ

2175 4579 2328 4642 Θεὸν,
2361 4577 2451 4629 τὸν
2470 4577 2561 4627 καὶ
2593 4575 2692 4642 τῆς
2719 4573 3061 4646 μαρτυρικῆς
3087 4573 3346 4642 στρατιᾶς
3371 4572 3742 4642 βασιλεύοντα,

2177 4669 2270 4722 καὶ
2302 4669 2401 4738 τὴν
2430 4668 2591 4738 χάριν
2616 4665 2724 4719 τῶν
2757 4666 3009 4737 ἰαμάτων
3038 4664 3398 4735 δωρούμενον,
3433 4666 3481 4716 εἰ
3527 4662 3604 4734 μὴ
3629 4679 3748 4717 πει-

2179 4757 2361 4827 σ’ὶείης
2394 4759 2547 4826 ἡμῖν,
2576 4756 2671 4808 καὶ
2736 4754 2871 4827 μόνῃ
2898 4756 2965 4825 τῇ
3005 4753 3266 4822 καθολικῇ
3316 4752 3479 4806 αὑτοῦ
3517 4751 3747 4824 Ἐκκλη-

2179 4848 2271 4918 σία
2303 4849 2539 4909 καὶτοῖς
2603 4848 3075 4917 ίερουργουμὲνοις
3130 4847 3187 4897 ἐν
3236 4846 3372 4915 αὐτῇ
3429 4844 3750 4914 μυστηρίοις

2180 4939 2484 5012 προσέλθῃς
2539 4940 2679 5009 μετὰ
2734 4938 2978 5007 καθαρᾶς
3007 4938 3102 4989 καὶ
3148 4937 3319 5005 ἁγνῆς
3369 4936 3747 5006 συνειδήσεως,

2175 5031 2346 5093 οὕτως
2379 5029 2625 5082 ἐντεῦθεν
2656 5027 2943 5081 άπελεύσει
2972 5027 3161 5091 νοσῶν,
3196 5026 3386 5096 ὥσπερ
3408 5033 3501 5079 καὶ
3525 5026 3752 5079 τάνθάδε

2176 5123 2494 5185 κατέλαϐες,
2565 5120 2730 5191 μηδὲν
2780 5119 2913 5188 πρὸς
2981 5118 3138 5188 ἡμῶν
3182 5119 3578 5187 ὠφελούμενος.
3640 5118 3754 5171 Καὶ

2176 5216 2348 5272 ταῦτα
2381 5215 2477 5285 μὲν
2507 5212 2626 5268 κατ’
2657 5214 2790 5280 ὄναρ
2817 5209 3007 5278 ἐλέχθη
3041 5225 3097 5261 τε
3136 5210 3231 5261 καὶ
3263 5208 3573 5278 γεγένηται.

2252 5308 2469 5378 Πρωῒας
2490 5304 2545 5358 δὲ
2578 5301 2781 5372 προῖὼν
2833 5302 2911 5355 εἰς
2938 5300 2997 5352 τὸ
3032 5300 3221 5369 μνῆμα
3264 5300 3371 5351 τῶν
3395 5301 3563 5364 ἁγέων
3588 5316 3755 5368 προσ.

2178 5394 2456 5459 εύξασθαι,
2488 5393 2590 5462 ὁρᾷ
2642 5390 2748 5460 πρὸ
2795 5389 2889 5441 τοῦ
2947 5390 3229 5459 μνῆμα-δός
3283 5406 3404 5441 τινα
3448 5389 3756 5459 ΙΙασχάσιον

2178 5486 2433 5556 τοῦνομα,
2468 5484 2574 5536 ὑπὸ
2604 5481 2841 5553 πονηροῦ
2894 5481 3205 5551 πνεύματος
3250 5480 3637 5550 ἐνοχλούμενον
3657 5498 3671 5513 ’
3697 5481 3757 5544 ὃς

2183 5578 2302 5630 ἰδὼν
2335 5578 2395 5629 τὸ
2425 5576 2718 5645 Θεόδωρον,
2748 5573 3058 5642 διαπρυσίῳ
3090 5576 3239 5644 φωνῇ
3264 5573 3389 5627 τάδε
3431 5573 3565 5642 πρὸς
3596 5573 3759 5626 αὐτὸν

2178 5666 2574 5737 ἀπεφθέγξατο,
2638 5665 2897 5734 βλοσυρὸν
2968 5663 3155 5717 ἐνιδὼν
3219 5665 3313 5717 καὶ
3380 5664 3492 5727 τοῖς
3578 5663 3761 5717 ὀδοῦσι
