  <div class='ocr_page' id='page_1' title='image "/cluster/home/n/w/nwhite01/storage/ocr_20150623/87 pt.3 1965/mdp.39015012172931/416.png"; bbox 0 0 4060 6236; ppageno 0'>
   <div class='ocr_carea' id='block_1_1' title="bbox 358 236 489 302">
    <p class='ocr_par' dir='ltr' id='par_1_1' title="bbox 358 236 489 302">
     <span class='ocr_line' id='line_1_1' title="bbox 358 236 489 302; baseline -0.046 0"><span class='ocrx_word' id='word_1_1' title='bbox 358 236 489 302; x_wconf 75' lang='grc' dir='ltr'><strong>355Ἰ</strong></span> 
     </span>
    </p>
   </div>
   <div class='ocr_carea' id='block_1_2' title="bbox 1346 205 2610 299">
    <p class='ocr_par' dir='ltr' id='par_1_2' title="bbox 1346 205 2610 299">
     <span class='ocr_line' id='line_1_2' title="bbox 1346 205 2610 299; baseline 0.006 -7"><span class='ocrx_word' id='word_1_2' title='bbox 1346 233 1450 293; x_wconf 85' lang='lat' dir='ltr'><strong>ss.</strong></span> <span class='ocrx_word' id='word_1_3' title='bbox 1494 233 1665 292; x_wconf 73' lang='lat' dir='ltr'><strong>cvm</strong></span> <span class='ocrx_word' id='word_1_4' title='bbox 1713 231 1805 290; x_wconf 72' lang='grc' dir='ltr'>ΕΤ</span> <span class='ocrx_word' id='word_1_5' title='bbox 1836 232 2154 294; x_wconf 80' lang='lat' dir='ltr'><strong>JUANNIS</strong></span> <span class='ocrx_word' id='word_1_6' title='bbox 2196 205 2610 299; x_wconf 81' lang='lat' dir='ltr'><strong>MIRACULA.</strong></span> 
     </span>
    </p>
   </div>
   <div class='ocr_carea' id='block_1_3' title="bbox 3381 240 3608 305">
    <p class='ocr_par' dir='ltr' id='par_1_3' title="bbox 3381 240 3608 305">
     <span class='ocr_line' id='line_1_3' title="bbox 3381 240 3608 305; baseline 0.004 -3"><span class='ocrx_word' id='word_1_7' title='bbox 3381 260 3397 279; x_wconf 69' lang='grc' dir='ltr'><em>δ</em></span> <span class='ocrx_word' id='word_1_8' title='bbox 3465 240 3608 305; x_wconf 67' lang='grc' dir='ltr'><strong>3ὶ-55</strong></span> 
     </span>
    </p>
   </div>
   <div class='ocr_carea' id='block_1_4' title="bbox 356 341 1937 417">
    <p class='ocr_par' dir='ltr' id='par_1_4' title="bbox 356 341 1937 417">
     <span class='ocr_line' id='line_1_4' title="bbox 356 341 1937 417; baseline -0.003 -20"><span class='ocrx_word' id='word_1_9' title='bbox 356 346 726 417; x_wconf 76' lang='grc' dir='ltr'><strong>βρυχώμενος,</strong></span> <span class='ocrx_word' id='word_1_10' title='bbox 780 347 873 399; x_wconf 75' lang='grc' dir='ltr'><strong>καὶ</strong></span> <span class='ocrx_word' id='word_1_11' title='bbox 924 346 997 407; x_wconf 83' lang='grc' dir='ltr'><strong>ὼς</strong></span> <span class='ocrx_word' id='word_1_12' title='bbox 1045 344 1154 395; x_wconf 77' lang='grc' dir='ltr'><strong>ἀπὸ</strong></span> <span class='ocrx_word' id='word_1_13' title='bbox 1214 341 1323 397; x_wconf 82' lang='grc' dir='ltr'><strong>τῶν</strong></span> <span class='ocrx_word' id='word_1_14' title='bbox 1375 343 1544 410; x_wconf 84' lang='grc' dir='ltr'><strong>ἁγίων</strong></span> <span class='ocrx_word' id='word_1_15' title='bbox 1585 343 1712 404; x_wconf 77' lang='grc' dir='ltr'><strong>τοὺς</strong></span> <span class='ocrx_word' id='word_1_16' title='bbox 1748 342 1937 409; x_wconf 81' lang='grc' dir='ltr'><strong>λόγους</strong></span> 
     </span>
    </p>
   </div>
   <div class='ocr_carea' id='block_1_5' title="bbox 2041 341 3606 417">
    <p class='ocr_par' dir='ltr' id='par_1_5' title="bbox 2045 344 3606 407">
     <span class='ocr_line' id='line_1_5' title="bbox 2045 344 3606 407; baseline 0.007 -11"><span class='ocrx_word' id='word_1_17' title='bbox 2045 344 2145 399; x_wconf 79' lang='lat' dir='ltr'><strong>bus</strong></span> <span class='ocrx_word' id='word_1_18' title='bbox 2192 347 2450 403; x_wconf 81' lang='lat' dir='ltr'><strong>frendens</strong></span> <span class='ocrx_word' id='word_1_19' title='bbox 2503 358 2557 403; x_wconf 93' lang='lat' dir='ltr'><strong>et</strong></span> <span class='ocrx_word' id='word_1_20' title='bbox 2583 348 2749 403; x_wconf 87' lang='lat' dir='ltr'><strong>veluti</strong></span> <span class='ocrx_word' id='word_1_21' title='bbox 2773 365 2799 399; x_wconf 86' lang='lat' dir='ltr'><strong>a</strong></span> <span class='ocrx_word' id='word_1_22' title='bbox 2830 346 3039 403; x_wconf 87' lang='lat' dir='ltr'><strong>sanctis</strong></span> <span class='ocrx_word' id='word_1_23' title='bbox 3062 362 3347 403; x_wconf 86' lang='lat' dir='ltr'><strong>sermones</strong></span> <span class='ocrx_word' id='word_1_24' title='bbox 3376 350 3606 407; x_wconf 73' lang='lat' dir='ltr'><strong>faciens.</strong></span> 
     </span>
    </p>
   </div>
   <div class='ocr_carea' id='block_1_6' title="bbox 354 432 1933 507">
    <p class='ocr_par' dir='ltr' id='par_1_6' title="bbox 354 432 1933 507">
     <span class='ocr_line' id='line_1_6' title="bbox 354 432 1933 507; baseline -0.003 -18"><span class='ocrx_word' id='word_1_25' title='bbox 354 438 695 507; x_wconf 80' lang='grc' dir='ltr'><strong>ποιούμενος,</strong></span> <span class='ocrx_word' id='word_1_26' title='bbox 724 439 795 490; x_wconf 78' lang='grc' dir='ltr'><strong>Τὸ</strong></span> <span class='ocrx_word' id='word_1_27' title='bbox 820 438 984 506; x_wconf 79' lang='grc' dir='ltr'><strong>τάχος</strong></span> <span class='ocrx_word' id='word_1_28' title='bbox 1007 452 1099 487; x_wconf 89' lang='grc' dir='ltr'><strong>σου</strong></span> <span class='ocrx_word' id='word_1_29' title='bbox 1125 435 1222 504; x_wconf 83' lang='grc' dir='ltr'><strong>τὴν</strong></span> <span class='ocrx_word' id='word_1_30' title='bbox 1243 433 1424 505; x_wconf 73' lang='grc' dir='ltr'><strong>ψυχὴν</strong></span> <span class='ocrx_word' id='word_1_31' title='bbox 1440 434 1660 499; x_wconf 85' lang='grc' dir='ltr'><strong>ἄπελθε,</strong></span> <span class='ocrx_word' id='word_1_32' title='bbox 1680 432 1933 501; x_wconf 80' lang='grc' dir='ltr'><strong>φώτισον,</strong></span> 
     </span>
    </p>
   </div>
   <div class='ocr_carea' id='block_1_7' title="bbox 351 515 1934 596">
    <p class='ocr_par' dir='ltr' id='par_1_7' title="bbox 351 515 1934 596">
     <span class='ocr_line' id='line_1_7' title="bbox 351 515 1934 596; baseline -0.003 -20"><span class='ocrx_word' id='word_1_33' title='bbox 351 528 472 578; x_wconf 77' lang='grc' dir='ltr'><strong>ἐπεὶ</strong></span> <span class='ocrx_word' id='word_1_34' title='bbox 491 528 567 595; x_wconf 82' lang='grc' dir='ltr'><strong>μὰ</strong></span> <span class='ocrx_word' id='word_1_35' title='bbox 586 528 685 596; x_wconf 77' lang='grc' dir='ltr'><strong>τὴν</strong></span> <span class='ocrx_word' id='word_1_36' title='bbox 697 526 883 580; x_wconf 76' lang='grc' dir='ltr'><strong>ἐνθάδε</strong></span> <span class='ocrx_word' id='word_1_37' title='bbox 915 525 1168 577; x_wconf 82' lang='grc' dir='ltr'><strong>ναίουσαν</strong></span> <span class='ocrx_word' id='word_1_38' title='bbox 1191 521 1537 591; x_wconf 81' lang='grc' dir='ltr'><strong>δύναμιν.·ὼς</strong></span> <span class='ocrx_word' id='word_1_39' title='bbox 1563 517 1725 591; x_wconf 80' lang='grc' dir='ltr'><strong>ἦλθες</strong></span> <span class='ocrx_word' id='word_1_40' title='bbox 1753 515 1854 574; x_wconf 82' lang='grc' dir='ltr'><strong>ὧδε</strong></span> <span class='ocrx_word' id='word_1_41' title='bbox 1868 524 1934 592; x_wconf 82' lang='grc' dir='ltr'><strong>τῇ</strong></span> 
     </span>
    </p>
   </div>
   <div class='ocr_carea' id='block_1_8' title="bbox 350 612 1932 688">
    <p class='ocr_par' dir='ltr' id='par_1_8' title="bbox 350 612 1932 688">
     <span class='ocr_line' id='line_1_8' title="bbox 350 612 1932 688; baseline -0.004 -17"><span class='ocrx_word' id='word_1_42' title='bbox 350 619 448 687; x_wconf 82' lang='grc' dir='ltr'><strong>τῆς</strong></span> <span class='ocrx_word' id='word_1_43' title='bbox 488 618 762 688; x_wconf 79' lang='grc' dir='ltr'><strong>ποδάγρας</strong></span> <span class='ocrx_word' id='word_1_44' title='bbox 800 618 968 687; x_wconf 82' lang='grc' dir='ltr'><strong>μανίᾳ</strong></span> <span class='ocrx_word' id='word_1_45' title='bbox 1003 615 1390 685; x_wconf 81' lang='grc' dir='ltr'><strong>κρατούμενος,</strong></span> <span class='ocrx_word' id='word_1_46' title='bbox 1421 612 1594 676; x_wconf 71' lang='grc' dir='ltr'><strong>οὕτως</strong></span> <span class='ocrx_word' id='word_1_47' title='bbox 1628 614 1932 682; x_wconf 80' lang='grc' dir='ltr'><strong>ἀναχωρείς</strong></span> 
     </span>
    </p>
   </div>
   <div class='ocr_carea' id='block_1_9' title="bbox 357 699 1934 778">
    <p class='ocr_par' dir='ltr' id='par_1_9' title="bbox 357 699 1934 778">
     <span class='ocr_line' id='line_1_9' title="bbox 357 699 1934 778; baseline -0.006 -17"><span class='ocrx_word' id='word_1_48' title='bbox 357 709 431 778; x_wconf 81' lang='grc' dir='ltr'><strong>μὴ</strong></span> <span class='ocrx_word' id='word_1_49' title='bbox 464 708 747 778; x_wconf 84' lang='grc' dir='ltr'><strong>τυγχάνων</strong></span> <span class='ocrx_word' id='word_1_50' title='bbox 782 708 976 768; x_wconf 78' lang='grc' dir='ltr'><strong>ἰάσεως</strong></span> <span class='ocrx_word' id='word_1_51' title='bbox 996 720 1009 735; x_wconf 92' lang='grc'><strong>·</strong></span> <span class='ocrx_word' id='word_1_52' title='bbox 1041 705 1138 757; x_wconf 77' lang='grc' dir='ltr'><strong>καὶ</strong></span> <span class='ocrx_word' id='word_1_53' title='bbox 1164 703 1339 757; x_wconf 82' lang='grc' dir='ltr'><strong>ταῦτά</strong></span> <span class='ocrx_word' id='word_1_54' title='bbox 1371 720 1451 756; x_wconf 84' lang='grc' dir='ltr'><strong>σοι</strong></span> <span class='ocrx_word' id='word_1_55' title='bbox 1495 702 1674 770; x_wconf 86' lang='grc' dir='ltr'><strong>λέγειν</strong></span> <span class='ocrx_word' id='word_1_56' title='bbox 1709 703 1758 753; x_wconf 81' lang='lat' dir='ltr'><strong>oi</strong></span> <span class='ocrx_word' id='word_1_57' title='bbox 1788 699 1934 769; x_wconf 79' lang='grc' dir='ltr'><strong>ἆγιοί</strong></span> 
     </span>
    </p>
   </div>
   <div class='ocr_carea' id='block_1_10' title="bbox 355 789 1934 870">
    <p class='ocr_par' dir='ltr' id='par_1_10' title="bbox 355 789 1934 870">
     <span class='ocr_line' id='line_1_10' title="bbox 355 789 1934 870; baseline -0.006 -18"><span class='ocrx_word' id='word_1_58' title='bbox 355 801 447 868; x_wconf 73' lang='grc' dir='ltr'><strong>μοι</strong></span> <span class='ocrx_word' id='word_1_59' title='bbox 485 799 878 870; x_wconf 75' lang='grc' dir='ltr'><strong>προστάττουσι</strong></span> <span class='ocrx_word' id='word_1_60' title='bbox 907 797 1203 867; x_wconf 86' lang='grc' dir='ltr'><strong>μάρτυρες.</strong></span> <span class='ocrx_word' id='word_1_61' title='bbox 1240 794 1297 847; x_wconf 85' lang='grc' dir='ltr'>Ὀ</span> <span class='ocrx_word' id='word_1_62' title='bbox 1332 794 1388 846; x_wconf 82' lang='grc' dir='ltr'><strong>δὲ</strong></span> <span class='ocrx_word' id='word_1_63' title='bbox 1430 792 1634 846; x_wconf 85' lang='grc' dir='ltr'><strong>τούτων</strong></span> <span class='ocrx_word' id='word_1_64' title='bbox 1674 791 1810 862; x_wconf 75' lang='grc' dir='ltr'><strong>πρὸς</strong></span> <span class='ocrx_word' id='word_1_65' title='bbox 1839 789 1934 843; x_wconf 77' lang='grc' dir='ltr'><strong>τοῦ</strong></span> 
     </span>
    </p>
   </div>
   <div class='ocr_carea' id='block_1_11' title="bbox 352 880 1934 956">
    <p class='ocr_par' dir='ltr' id='par_1_11' title="bbox 352 880 1934 956">
     <span class='ocr_line' id='line_1_11' title="bbox 352 880 1934 956; baseline -0.008 -12"><span class='ocrx_word' id='word_1_66' title='bbox 352 889 712 952; x_wconf 74' lang='grc' dir='ltr'><strong>δαιιωνῶντος</strong></span> <span class='ocrx_word' id='word_1_67' title='bbox 748 886 1203 956; x_wconf 68' lang='grc' dir='ltr'><strong>πυθόμενος,·καὶ</strong></span> <span class='ocrx_word' id='word_1_68' title='bbox 1244 884 1393 954; x_wconf 80' lang='grc' dir='ltr'><strong>φόϐῳ</strong></span> <span class='ocrx_word' id='word_1_69' title='bbox 1443 883 1689 953; x_wconf 73' lang='grc' dir='ltr'><strong>ληφθεὶς,</strong></span> <span class='ocrx_word' id='word_1_70' title='bbox 1751 880 1934 947; x_wconf 85' lang='grc' dir='ltr'><strong>λαϐὼν</strong></span> 
     </span>
    </p>
   </div>
   <div class='ocr_carea' id='block_1_12' title="bbox 353 972 1933 1047">
    <p class='ocr_par' dir='ltr' id='par_1_12' title="bbox 353 972 1933 1047">
     <span class='ocr_line' id='line_1_12' title="bbox 353 972 1933 1047; baseline -0.006 -12"><span class='ocrx_word' id='word_1_71' title='bbox 353 983 408 1035; x_wconf 84' lang='grc' dir='ltr'><strong>δὲ</strong></span> <span class='ocrx_word' id='word_1_72' title='bbox 442 999 536 1034; x_wconf 91' lang='grc' dir='ltr'><strong>και</strong></span> <span class='ocrx_word' id='word_1_73' title='bbox 561 980 668 1032; x_wconf 89' lang='grc' dir='ltr'><strong>τῶν</strong></span> <span class='ocrx_word' id='word_1_74' title='bbox 694 979 815 1032; x_wconf 83' lang='grc' dir='ltr'><strong>κατ’</strong></span> <span class='ocrx_word' id='word_1_75' title='bbox 853 979 986 1047; x_wconf 84' lang='grc' dir='ltr'><strong>ὄναρ</strong></span> <span class='ocrx_word' id='word_1_76' title='bbox 1034 977 1364 1046; x_wconf 84' lang='grc' dir='ltr'><strong>ἀνάμνησιν,</strong></span> <span class='ocrx_word' id='word_1_77' title='bbox 1402 974 1490 1027; x_wconf 83' lang='grc' dir='ltr'><strong>διὰ</strong></span> <span class='ocrx_word' id='word_1_78' title='bbox 1512 974 1573 1027; x_wconf 81' lang='grc' dir='ltr'><strong>τὸ</strong></span> <span class='ocrx_word' id='word_1_79' title='bbox 1607 973 1715 1027; x_wconf 84' lang='grc' dir='ltr'><strong>τῶν</strong></span> <span class='ocrx_word' id='word_1_80' title='bbox 1751 972 1933 1042; x_wconf 72' lang='grc' dir='ltr'><strong>ῥημά-</strong></span> 
     </span>
    </p>
   </div>
   <div class='ocr_carea' id='block_1_13' title="bbox 355 1061 1934 1139">
    <p class='ocr_par' dir='ltr' id='par_1_13' title="bbox 355 1061 1934 1139">
     <span class='ocr_line' id='line_1_13' title="bbox 355 1061 1934 1139; baseline -0.008 -13"><span class='ocrx_word' id='word_1_81' title='bbox 355 1090 461 1126; x_wconf 87' lang='grc' dir='ltr'><strong>των</strong></span> <span class='ocrx_word' id='word_1_82' title='bbox 486 1072 700 1139; x_wconf 81' lang='grc' dir='ltr'><strong>καὶτῆς</strong></span> <span class='ocrx_word' id='word_1_83' title='bbox 728 1068 962 1137; x_wconf 77' lang='grc' dir='ltr'><strong>ἀπειλῆς</strong></span> <span class='ocrx_word' id='word_1_84' title='bbox 1006 1066 1413 1136; x_wconf 83' lang='grc' dir='ltr'><strong>παραπλήσιον,</strong></span> <span class='ocrx_word' id='word_1_85' title='bbox 1474 1061 1735 1117; x_wconf 86' lang='grc' dir='ltr'><strong>εἰσελθὼν</strong></span> <span class='ocrx_word' id='word_1_86' title='bbox 1772 1061 1934 1124; x_wconf 79' lang='grc' dir='ltr'><strong>εὐθὺς</strong></span> 
     </span>
    </p>
   </div>
   <div class='ocr_carea' id='block_1_14' title="bbox 355 1152 1930 1232">
    <p class='ocr_par' dir='ltr' id='par_1_14' title="bbox 355 1152 1930 1232">
     <span class='ocr_line' id='line_1_14' title="bbox 355 1152 1930 1232; baseline -0.008 -15"><span class='ocrx_word' id='word_1_87' title='bbox 355 1167 433 1227; x_wconf 73' lang='grc' dir='ltr'><strong>είς</strong></span> <span class='ocrx_word' id='word_1_88' title='bbox 457 1164 517 1217; x_wconf 88' lang='grc' dir='ltr'><strong>τὸ</strong></span> <span class='ocrx_word' id='word_1_89' title='bbox 536 1161 895 1232; x_wconf 79' lang='grc' dir='ltr'><strong>φωτιστήριον</strong></span> <span class='ocrx_word' id='word_1_90' title='bbox 921 1158 1030 1211; x_wconf 89' lang='grc' dir='ltr'><strong>τῶν</strong></span> <span class='ocrx_word' id='word_1_91' title='bbox 1050 1157 1285 1228; x_wconf 75' lang='grc' dir='ltr'><strong>Χριστοῦ</strong></span> <span class='ocrx_word' id='word_1_92' title='bbox 1309 1156 1624 1227; x_wconf 76' lang='grc' dir='ltr'><strong>μυστηρίων</strong></span> <span class='ocrx_word' id='word_1_93' title='bbox 1647 1152 1930 1224; x_wconf 90' lang='grc' dir='ltr'><strong>μετέλαϐε,</strong></span> 
     </span>
    </p>
   </div>
   <div class='ocr_carea' id='block_1_15' title="bbox 356 1243 1934 1324">
    <p class='ocr_par' dir='ltr' id='par_1_15' title="bbox 356 1243 1934 1324">
     <span class='ocr_line' id='line_1_15' title="bbox 356 1243 1934 1324; baseline -0.009 -15"><span class='ocrx_word' id='word_1_94' title='bbox 356 1257 447 1309; x_wconf 73' lang='grc' dir='ltr'><strong>καὶ</strong></span> <span class='ocrx_word' id='word_1_95' title='bbox 478 1256 576 1324; x_wconf 79' lang='grc' dir='ltr'><strong>τὴν</strong></span> <span class='ocrx_word' id='word_1_96' title='bbox 602 1251 781 1322; x_wconf 72' lang='grc' dir='ltr'><strong>ψυχὴν</strong></span> <span class='ocrx_word' id='word_1_97' title='bbox 813 1253 879 1321; x_wconf 83' lang='grc' dir='ltr'><strong>τῇ</strong></span> <span class='ocrx_word' id='word_1_98' title='bbox 919 1249 1218 1320; x_wconf 71' lang='grc' dir='ltr'><strong>μεταλήψει</strong></span> <span class='ocrx_word' id='word_1_99' title='bbox 1245 1248 1352 1299; x_wconf 89' lang='grc' dir='ltr'><strong>τῶν</strong></span> <span class='ocrx_word' id='word_1_100' title='bbox 1390 1246 1704 1316; x_wconf 79' lang='grc' dir='ltr'><strong>μυστηρίων</strong></span> <span class='ocrx_word' id='word_1_101' title='bbox 1736 1243 1934 1311; x_wconf 76' lang='grc' dir='ltr'><strong>ὲφώτι·</strong></span> 
     </span>
    </p>
   </div>
   <div class='ocr_carea' id='block_1_16' title="bbox 356 1337 1932 1415">
    <p class='ocr_par' dir='ltr' id='par_1_16' title="bbox 356 1337 1932 1415">
     <span class='ocr_line' id='line_1_16' title="bbox 356 1337 1932 1415; baseline -0.008 -15"><span class='ocrx_word' id='word_1_102' title='bbox 356 1366 468 1401; x_wconf 87' lang='grc' dir='ltr'><strong>σεν.</strong></span> <span class='ocrx_word' id='word_1_103' title='bbox 502 1345 591 1410; x_wconf 82' lang='grc' dir='ltr'>Ἐξ</span> <span class='ocrx_word' id='word_1_104' title='bbox 661 1342 940 1415; x_wconf 78' lang='grc' dir='ltr'>ἐνεργείας</span> <span class='ocrx_word' id='word_1_105' title='bbox 964 1342 1021 1393; x_wconf 82' lang='grc' dir='ltr'><strong>δὲ</strong></span> <span class='ocrx_word' id='word_1_106' title='bbox 1062 1340 1310 1409; x_wconf 81' lang='grc' dir='ltr'><strong>δαίμονος</strong></span> <span class='ocrx_word' id='word_1_107' title='bbox 1345 1341 1423 1400; x_wconf 80' lang='grc' dir='ltr'><strong>είς</strong></span> <span class='ocrx_word' id='word_1_108' title='bbox 1452 1337 1633 1407; x_wconf 78' lang='grc' dir='ltr'><strong>δεινὴν</strong></span> <span class='ocrx_word' id='word_1_109' title='bbox 1662 1338 1932 1407; x_wconf 67' lang='grc' dir='ltr'><strong>ῥᾳθυμίαν</strong></span> 
     </span>
    </p>
   </div>
   <div class='ocr_carea' id='block_1_17' title="bbox 354 1430 1933 1505">
    <p class='ocr_par' dir='ltr' id='par_1_17' title="bbox 354 1430 1933 1505">
     <span class='ocr_line' id='line_1_17' title="bbox 354 1430 1933 1505; baseline -0.006 -14"><span class='ocrx_word' id='word_1_110' title='bbox 354 1438 727 1491; x_wconf 81' lang='grc' dir='ltr'><strong>είσπέπτωκεν</strong></span> <span class='ocrx_word' id='word_1_111' title='bbox 788 1434 927 1505; x_wconf 76' lang='grc' dir='ltr'><strong>μετὰ</strong></span> <span class='ocrx_word' id='word_1_112' title='bbox 966 1431 1065 1500; x_wconf 75' lang='grc' dir='ltr'><strong>τὴν</strong></span> <span class='ocrx_word' id='word_1_113' title='bbox 1115 1431 1434 1501; x_wconf 70' lang='grc' dir='ltr'><strong>μετάληψιν,</strong></span> <span class='ocrx_word' id='word_1_114' title='bbox 1485 1430 1580 1482; x_wconf 81' lang='grc' dir='ltr'><strong>καὶ</strong></span> <span class='ocrx_word' id='word_1_115' title='bbox 1617 1430 1673 1481; x_wconf 82' lang='grc' dir='ltr'><strong>ἐν</strong></span> <span class='ocrx_word' id='word_1_116' title='bbox 1719 1430 1832 1490; x_wconf 80' lang='grc' dir='ltr'><strong>τοῖς</strong></span> <span class='ocrx_word' id='word_1_117' title='bbox 1855 1430 1933 1481; x_wconf 90' lang='grc' dir='ltr'><strong>οί-</strong></span> 
     </span>
    </p>
   </div>
   <div class='ocr_carea' id='block_1_18' title="bbox 358 1516 1932 1592">
    <p class='ocr_par' dir='ltr' id='par_1_18' title="bbox 358 1516 1932 1592">
     <span class='ocr_line' id='line_1_18' title="bbox 358 1516 1932 1592; baseline -0.006 -11"><span class='ocrx_word' id='word_1_118' title='bbox 358 1529 522 1590; x_wconf 84' lang='grc' dir='ltr'><strong>κείοις</strong></span> <span class='ocrx_word' id='word_1_119' title='bbox 549 1526 738 1580; x_wconf 66' lang='grc' dir='ltr'><strong>ἑαυτὸν</strong></span> <span class='ocrx_word' id='word_1_120' title='bbox 765 1520 1017 1592; x_wconf 75' lang='grc' dir='ltr'><strong>ἐμϐαλὼν</strong></span> <span class='ocrx_word' id='word_1_121' title='bbox 1046 1519 1379 1591; x_wconf 82' lang='grc' dir='ltr'><strong>λυπούμενος</strong></span> <span class='ocrx_word' id='word_1_122' title='bbox 1400 1516 1710 1589; x_wconf 84' lang='grc' dir='ltr'><strong>στρώμασι,</strong></span> <span class='ocrx_word' id='word_1_123' title='bbox 1738 1517 1932 1572; x_wconf 85' lang='grc' dir='ltr'><strong>θᾶττον</strong></span> 
     </span>
    </p>
   </div>
   <div class='ocr_carea' id='block_1_19' title="bbox 357 1615 1097 1689">
    <p class='ocr_par' dir='ltr' id='par_1_19' title="bbox 357 1615 1097 1689">
     <span class='ocr_line' id='line_1_19' title="bbox 357 1615 1097 1689; baseline -0.009 -14"><span class='ocrx_word' id='word_1_124' title='bbox 357 1624 421 1675; x_wconf 83' lang='grc' dir='ltr'><strong>ὲκ</strong></span> <span class='ocrx_word' id='word_1_125' title='bbox 451 1621 548 1689; x_wconf 74' lang='grc' dir='ltr'><strong>τῆς</strong></span> <span class='ocrx_word' id='word_1_126' title='bbox 574 1617 750 1687; x_wconf 85' lang='grc' dir='ltr'><strong>λύπης</strong></span> <span class='ocrx_word' id='word_1_127' title='bbox 780 1615 1097 1685; x_wconf 82' lang='grc' dir='ltr'><strong>ἁφύπνωσε.</strong></span> 
     </span>
    </p>
   </div>
   <div class='ocr_carea' id='block_1_20' title="bbox 426 1791 1940 1866">
    <p class='ocr_par' dir='ltr' id='par_1_20' title="bbox 426 1791 1940 1866">
     <span class='ocr_line' id='line_1_20' title="bbox 426 1791 1940 1866; baseline -0.005 -13"><span class='ocrx_word' id='word_1_128' title='bbox 426 1801 536 1853; x_wconf 73' lang='grc' dir='ltr'><strong>Καὶ</strong></span> <span class='ocrx_word' id='word_1_129' title='bbox 565 1798 725 1852; x_wconf 74' lang='grc' dir='ltr'><strong>πάλιν</strong></span> <span class='ocrx_word' id='word_1_130' title='bbox 751 1794 939 1866; x_wconf 72' lang='grc' dir='ltr'><strong>βλέπει</strong></span> <span class='ocrx_word' id='word_1_131' title='bbox 967 1793 1091 1857; x_wconf 80' lang='grc' dir='ltr'><strong>τοὺς</strong></span> <span class='ocrx_word' id='word_1_132' title='bbox 1117 1791 1401 1864; x_wconf 83' lang='grc' dir='ltr'><strong>μάρτυρας</strong></span> <span class='ocrx_word' id='word_1_133' title='bbox 1423 1793 1504 1855; x_wconf 86' lang='grc' dir='ltr'><strong>εἰς</strong></span> <span class='ocrx_word' id='word_1_134' title='bbox 1532 1792 1821 1846; x_wconf 82' lang='grc' dir='ltr'><strong>Ἰουλιανὸν</strong></span> <span class='ocrx_word' id='word_1_135' title='bbox 1846 1792 1940 1847; x_wconf 69' lang='grc' dir='ltr'><strong>τὸν</strong></span> 
     </span>
    </p>
   </div>
   <div class='ocr_carea' id='block_1_21' title="bbox 360 1882 1938 1956">
    <p class='ocr_par' dir='ltr' id='par_1_21' title="bbox 360 1882 1938 1956">
     <span class='ocr_line' id='line_1_21' title="bbox 360 1882 1938 1956; baseline -0.004 -14"><span class='ocrx_word' id='word_1_136' title='bbox 360 1892 604 1946; x_wconf 70' lang='grc' dir='ltr'><strong>διάκονον</strong></span> <span class='ocrx_word' id='word_1_137' title='bbox 650 1886 878 1949; x_wconf 80' lang='grc' dir='ltr'><strong>ἑαυτοὺς</strong></span> <span class='ocrx_word' id='word_1_138' title='bbox 922 1885 1386 1956; x_wconf 84' lang='grc' dir='ltr'><strong>σχηματίσαντας,</strong></span> <span class='ocrx_word' id='word_1_139' title='bbox 1436 1882 1662 1952; x_wconf 77' lang='grc' dir='ltr'><strong>καὶτῆς</strong></span> <span class='ocrx_word' id='word_1_140' title='bbox 1699 1882 1938 1953; x_wconf 77' lang='grc' dir='ltr'><strong>ἀθυμίας</strong></span> 
     </span>
    </p>
   </div>
   <div class='ocr_carea' id='block_1_22' title="bbox 359 1975 1936 2053">
    <p class='ocr_par' dir='ltr' id='par_1_22' title="bbox 359 1975 1936 2053">
     <span class='ocr_line' id='line_1_22' title="bbox 359 1975 1936 2053; baseline -0.007 -17"><span class='ocrx_word' id='word_1_141' title='bbox 359 1984 455 2053; x_wconf 83' lang='grc' dir='ltr'><strong>τὴν</strong></span> <span class='ocrx_word' id='word_1_142' title='bbox 486 1983 665 2037; x_wconf 81' lang='grc' dir='ltr'><strong>αίτέαν</strong></span> <span class='ocrx_word' id='word_1_143' title='bbox 697 1980 861 2036; x_wconf 74' lang='grc' dir='ltr'><strong>αὑτὸν</strong></span> <span class='ocrx_word' id='word_1_144' title='bbox 879 1976 1249 2043; x_wconf 76' lang='grc' dir='ltr'><strong>ἐξετάζοντας.</strong></span> <span class='ocrx_word' id='word_1_145' title='bbox 1278 1975 1337 2028; x_wconf 89' lang='lat'><strong>&#39;0</strong></span> <span class='ocrx_word' id='word_1_146' title='bbox 1373 1975 1454 2038; x_wconf 78' lang='grc' dir='ltr'><strong>δὲ,</strong></span> <span class='ocrx_word' id='word_1_147' title='bbox 1477 1976 1599 2028; x_wconf 86' lang='grc' dir='ltr'><strong>Ὅτι</strong></span> <span class='ocrx_word' id='word_1_148' title='bbox 1628 1993 1716 2045; x_wconf 86' lang='grc' dir='ltr'><strong>με,</strong></span> <span class='ocrx_word' id='word_1_149' title='bbox 1754 1976 1936 2046; x_wconf 74' lang='grc' dir='ltr'><strong>φησὶν,</strong></span> 
     </span>
    </p>
   </div>
   <div class='ocr_carea' id='block_1_23' title="bbox 358 2069 1941 2143">
    <p class='ocr_par' dir='ltr' id='par_1_23' title="bbox 358 2069 1941 2143">
     <span class='ocr_line' id='line_1_23' title="bbox 358 2069 1941 2143; baseline -0.004 -14"><span class='ocrx_word' id='word_1_150' title='bbox 358 2078 408 2128; x_wconf 83' lang='grc' dir='ltr'><strong>οἱ</strong></span> <span class='ocrx_word' id='word_1_151' title='bbox 437 2075 582 2143; x_wconf 72' lang='grc' dir='ltr'><strong>ἅγιοι</strong></span> <span class='ocrx_word' id='word_1_152' title='bbox 608 2072 934 2141; x_wconf 82' lang='grc' dir='ltr'><strong>κοινωνῆσαι</strong></span> <span class='ocrx_word' id='word_1_153' title='bbox 961 2073 1404 2139; x_wconf 84' lang='grc' dir='ltr'><strong>κατηνάγκασαν.</strong></span> <span class='ocrx_word' id='word_1_154' title='bbox 1443 2071 1504 2123; x_wconf 81' lang='lat' dir='ltr'><strong>Oi</strong></span> <span class='ocrx_word' id='word_1_155' title='bbox 1527 2069 1608 2133; x_wconf 77' lang='grc' dir='ltr'><strong>δὲ,</strong></span> <span class='ocrx_word' id='word_1_156' title='bbox 1649 2070 1758 2123; x_wconf 78' lang='grc' dir='ltr'><strong>Καὶ</strong></span> <span class='ocrx_word' id='word_1_157' title='bbox 1785 2069 1941 2122; x_wconf 80' lang='grc' dir='ltr'><strong>τοῦτό</strong></span> 
     </span>
    </p>
   </div>
   <div class='ocr_carea' id='block_1_24' title="bbox 361 2158 1955 2235">
    <p class='ocr_par' dir='ltr' id='par_1_24' title="bbox 361 2158 1955 2235">
     <span class='ocr_line' id='line_1_24' title="bbox 361 2158 1955 2235; baseline -0.004 -17"><span class='ocrx_word' id='word_1_158' title='bbox 361 2184 445 2231; x_wconf 85' lang='grc' dir='ltr'><strong>σε,</strong></span> <span class='ocrx_word' id='word_1_159' title='bbox 479 2168 680 2234; x_wconf 76' lang='grc' dir='ltr'><strong>φασὶν,</strong></span> <span class='ocrx_word' id='word_1_160' title='bbox 727 2166 885 2235; x_wconf 84' lang='grc' dir='ltr'><strong>ἀνιᾷν</strong></span> <span class='ocrx_word' id='word_1_161' title='bbox 927 2164 961 2234; x_wconf 82' lang='grc' dir='ltr'>ἢ</span> <span class='ocrx_word' id='word_1_162' title='bbox 1020 2161 1261 2231; x_wconf 83' lang='grc' dir='ltr'><strong>λυπῆσαι</strong></span> <span class='ocrx_word' id='word_1_163' title='bbox 1308 2160 1370 2217; x_wconf 78' lang='grc' dir='ltr'><strong>τὸ</strong></span> <span class='ocrx_word' id='word_1_164' title='bbox 1425 2160 1643 2213; x_wconf 83' lang='grc' dir='ltr'><strong>σύνολον</strong></span> <span class='ocrx_word' id='word_1_165' title='bbox 1700 2158 1955 2227; x_wconf 22' lang='grc' dir='ltr'><strong>ῶφειλεςη</strong></span> 
     </span>
    </p>
   </div>
   <div class='ocr_carea' id='block_1_25' title="bbox 362 2251 1937 2328">
    <p class='ocr_par' dir='ltr' id='par_1_25' title="bbox 362 2251 1937 2328">
     <span class='ocr_line' id='line_1_25' title="bbox 362 2251 1937 2328; baseline -0.006 -16"><span class='ocrx_word' id='word_1_166' title='bbox 362 2258 561 2328; x_wconf 77' lang='grc' dir='ltr'><strong>μᾶλλον</strong></span> <span class='ocrx_word' id='word_1_167' title='bbox 594 2256 650 2308; x_wconf 81' lang='grc' dir='ltr'><strong>δὲ</strong></span> <span class='ocrx_word' id='word_1_168' title='bbox 690 2255 785 2310; x_wconf 79' lang='grc' dir='ltr'><strong>καὶ</strong></span> <span class='ocrx_word' id='word_1_169' title='bbox 815 2254 1028 2325; x_wconf 81' lang='grc' dir='ltr'><strong>χαίρειν</strong></span> <span class='ocrx_word' id='word_1_170' title='bbox 1085 2253 1193 2306; x_wconf 74' lang='grc' dir='ltr'><strong>ἔδει</strong></span> <span class='ocrx_word' id='word_1_171' title='bbox 1226 2268 1283 2304; x_wconf 88' lang='grc' dir='ltr'><strong>σε</strong></span> <span class='ocrx_word' id='word_1_172' title='bbox 1338 2252 1434 2304; x_wconf 74' lang='grc' dir='ltr'><strong>καὶ</strong></span> <span class='ocrx_word' id='word_1_173' title='bbox 1467 2251 1815 2318; x_wconf 78' lang='grc' dir='ltr'><strong>ἀγάλλεσθαι,</strong></span> <span class='ocrx_word' id='word_1_174' title='bbox 1850 2253 1937 2304; x_wconf 83' lang='grc' dir='ltr'><strong>ὲν-</strong></span> 
     </span>
    </p>
   </div>
   <div class='ocr_carea' id='block_1_26' title="bbox 358 2341 1938 2418">
    <p class='ocr_par' dir='ltr' id='par_1_26' title="bbox 358 2341 1938 2418">
     <span class='ocr_line' id='line_1_26' title="bbox 358 2341 1938 2418; baseline -0.004 -18"><span class='ocrx_word' id='word_1_175' title='bbox 358 2350 581 2403; x_wconf 79' lang='grc' dir='ltr'><strong>νοοῦντα</strong></span> <span class='ocrx_word' id='word_1_176' title='bbox 638 2349 738 2418; x_wconf 85' lang='grc' dir='ltr'><strong>τῆς</strong></span> <span class='ocrx_word' id='word_1_177' title='bbox 783 2345 993 2409; x_wconf 75' lang='grc' dir='ltr'><strong>οίκείας</strong></span> <span class='ocrx_word' id='word_1_178' title='bbox 1041 2345 1222 2415; x_wconf 75' lang='grc' dir='ltr'><strong>ψυχῆς</strong></span> <span class='ocrx_word' id='word_1_179' title='bbox 1249 2341 1348 2412; x_wconf 86' lang='grc' dir='ltr'><strong>τὴν</strong></span> <span class='ocrx_word' id='word_1_180' title='bbox 1399 2342 1687 2411; x_wconf 80' lang='grc' dir='ltr'><strong>ὠφέλειαν,</strong></span> <span class='ocrx_word' id='word_1_181' title='bbox 1720 2342 1938 2411; x_wconf 80' lang='grc' dir='ltr'><strong>καὶτῆς</strong></span> 
     </span>
    </p>
   </div>
   <div class='ocr_carea' id='block_1_27' title="bbox 360 2432 1937 2504">
    <p class='ocr_par' dir='ltr' id='par_1_27' title="bbox 360 2432 1937 2504">
     <span class='ocr_line' id='line_1_27' title="bbox 360 2432 1937 2504; baseline -0.002 -16"><span class='ocrx_word' id='word_1_182' title='bbox 360 2436 647 2498; x_wconf 81' lang='grc' dir='ltr'><strong>ἀσθενείας</strong></span> <span class='ocrx_word' id='word_1_183' title='bbox 673 2435 770 2504; x_wconf 80' lang='grc' dir='ltr'><strong>τὴν</strong></span> <span class='ocrx_word' id='word_1_184' title='bbox 796 2436 939 2487; x_wconf 81' lang='grc' dir='ltr'><strong>ἴασιν</strong></span> <span class='ocrx_word' id='word_1_185' title='bbox 985 2433 1415 2502; x_wconf 81' lang='grc' dir='ltr'><strong>προσδεχόμενον</strong></span> <span class='ocrx_word' id='word_1_186' title='bbox 1438 2446 1451 2461; x_wconf 74' lang='grc' dir='ltr'><strong>ο</strong></span> <span class='ocrx_word' id='word_1_187' title='bbox 1505 2432 1723 2496; x_wconf 87' lang='grc' dir='ltr'><strong>πάντως</strong></span> <span class='ocrx_word' id='word_1_188' title='bbox 1766 2432 1819 2485; x_wconf 87' lang='grc' dir='ltr'><strong>δὲ</strong></span> <span class='ocrx_word' id='word_1_189' title='bbox 1855 2434 1937 2485; x_wconf 74' lang='grc' dir='ltr'><strong>ὅτι</strong></span> 
     </span>
    </p>
   </div>
   <div class='ocr_carea' id='block_1_28' title="bbox 360 2514 1938 2595">
    <p class='ocr_par' dir='ltr' id='par_1_28' title="bbox 360 2514 1938 2595">
     <span class='ocr_line' id='line_1_28' title="bbox 360 2514 1938 2595; baseline -0.001 -15"><span class='ocrx_word' id='word_1_190' title='bbox 360 2526 496 2580; x_wconf 78' lang='grc' dir='ltr'><strong>Θεοῦ</strong></span> <span class='ocrx_word' id='word_1_191' title='bbox 530 2526 688 2578; x_wconf 85' lang='grc' dir='ltr'><strong>τοῦτο</strong></span> <span class='ocrx_word' id='word_1_192' title='bbox 715 2525 1020 2594; x_wconf 83' lang='grc' dir='ltr'><strong>καθέστηκε</strong></span> <span class='ocrx_word' id='word_1_193' title='bbox 1079 2523 1369 2594; x_wconf 81' lang='grc' dir='ltr'><strong>βούλευμα,</strong></span> <span class='ocrx_word' id='word_1_194' title='bbox 1403 2514 1465 2576; x_wconf 75' lang='grc' dir='ltr'><strong>οὗ</strong></span> <span class='ocrx_word' id='word_1_195' title='bbox 1502 2524 1668 2595; x_wconf 74' lang='grc' dir='ltr'><strong>χωρὶς</strong></span> <span class='ocrx_word' id='word_1_196' title='bbox 1704 2525 1858 2578; x_wconf 81' lang='grc' dir='ltr'><strong>οὐδὲν</strong></span> <span class='ocrx_word' id='word_1_197' title='bbox 1888 2528 1938 2579; x_wconf 81' lang='lat' dir='ltr'><strong>oi</strong></span> 
     </span>
    </p>
   </div>
   <div class='ocr_carea' id='block_1_29' title="bbox 361 2615 1940 2687">
    <p class='ocr_par' dir='ltr' id='par_1_29' title="bbox 361 2615 1940 2687">
     <span class='ocr_line' id='line_1_29' title="bbox 361 2615 1940 2687; baseline -0.001 -16"><span class='ocrx_word' id='word_1_198' title='bbox 361 2620 506 2687; x_wconf 75' lang='grc' dir='ltr'><strong>ἅγιοι</strong></span> <span class='ocrx_word' id='word_1_199' title='bbox 548 2616 990 2687; x_wconf 82' lang='grc' dir='ltr'><strong>διαπράττονται.</strong></span> <span class='ocrx_word' id='word_1_200' title='bbox 1030 2615 1138 2669; x_wconf 71' lang='grc' dir='ltr'><strong>Καὶ</strong></span> <span class='ocrx_word' id='word_1_201' title='bbox 1168 2615 1378 2678; x_wconf 81' lang='grc' dir='ltr'><strong>τούτοις</strong></span> <span class='ocrx_word' id='word_1_202' title='bbox 1422 2615 1581 2669; x_wconf 83' lang='grc' dir='ltr'><strong>αὑτὸν</strong></span> <span class='ocrx_word' id='word_1_203' title='bbox 1620 2619 1731 2679; x_wconf 79' lang='grc' dir='ltr'><strong>τοῖς</strong></span> <span class='ocrx_word' id='word_1_204' title='bbox 1761 2616 1940 2683; x_wconf 68' lang='grc' dir='ltr'><strong>λόγοις</strong></span> 
     </span>
    </p>
   </div>
   <div class='ocr_carea' id='block_1_30' title="bbox 360 2704 1939 2782">
    <p class='ocr_par' dir='ltr' id='par_1_30' title="bbox 360 2704 1939 2782">
     <span class='ocr_line' id='line_1_30' title="bbox 360 2704 1939 2782; baseline -0.003 -18"><span class='ocrx_word' id='word_1_205' title='bbox 360 2714 429 2764; x_wconf 52' lang='grc' dir='ltr'><strong>οίη</strong></span> <span class='ocrx_word' id='word_1_206' title='bbox 459 2711 731 2782; x_wconf 79' lang='grc' dir='ltr'><strong>μάρτυρες</strong></span> <span class='ocrx_word' id='word_1_207' title='bbox 793 2708 1294 2779; x_wconf 75' lang='grc' dir='ltr'><strong>ψυχαγωγήσαντες</strong></span> <span class='ocrx_word' id='word_1_208' title='bbox 1348 2704 1569 2776; x_wconf 74' lang='grc' dir='ltr'><strong>ᾤχοντο.</strong></span> <span class='ocrx_word' id='word_1_209' title='bbox 1601 2706 1660 2758; x_wconf 88' lang='lat'><strong>&#39;0</strong></span> <span class='ocrx_word' id='word_1_210' title='bbox 1687 2707 1743 2759; x_wconf 84' lang='grc' dir='ltr'><strong>δὲ</strong></span> <span class='ocrx_word' id='word_1_211' title='bbox 1773 2724 1939 2779; x_wconf 87' lang='grc' dir='ltr'><strong>στρα-</strong></span> 
     </span>
    </p>
   </div>
   <div class='ocr_carea' id='block_1_31' title="bbox 362 2795 1940 2871">
    <p class='ocr_par' dir='ltr' id='par_1_31' title="bbox 362 2795 1940 2871">
     <span class='ocr_line' id='line_1_31' title="bbox 362 2795 1940 2871; baseline -0.001 -19"><span class='ocrx_word' id='word_1_212' title='bbox 362 2802 483 2867; x_wconf 71' lang='grc' dir='ltr'><strong>φεὶς</strong></span> <span class='ocrx_word' id='word_1_213' title='bbox 510 2801 607 2870; x_wconf 83' lang='grc' dir='ltr'><strong>τῆς</strong></span> <span class='ocrx_word' id='word_1_214' title='bbox 635 2800 839 2871; x_wconf 70' lang='grc' dir='ltr'><strong>μητρδς</strong></span> <span class='ocrx_word' id='word_1_215' title='bbox 876 2799 1147 2868; x_wconf 80' lang='grc' dir='ltr'><strong>ὲμερίμνα</strong></span> <span class='ocrx_word' id='word_1_216' title='bbox 1185 2796 1287 2867; x_wconf 82' lang='grc' dir='ltr'><strong>τὴν</strong></span> <span class='ocrx_word' id='word_1_217' title='bbox 1330 2795 1537 2864; x_wconf 79' lang='grc' dir='ltr'><strong>ἄφιξιν,</strong></span> <span class='ocrx_word' id='word_1_218' title='bbox 1573 2797 1667 2850; x_wconf 74' lang='grc' dir='ltr'><strong>καὶ</strong></span> <span class='ocrx_word' id='word_1_219' title='bbox 1701 2797 1940 2866; x_wconf 84' lang='grc' dir='ltr'><strong>μάλιστα.</strong></span> 
     </span>
    </p>
   </div>
   <div class='ocr_carea' id='block_1_32' title="bbox 360 2888 1941 2961">
    <p class='ocr_par' dir='ltr' id='par_1_32' title="bbox 360 2888 1941 2961">
     <span class='ocr_line' id='line_1_32' title="bbox 360 2888 1941 2961; baseline 0 -17"><span class='ocrx_word' id='word_1_220' title='bbox 360 2893 557 2959; x_wconf 77' lang='grc' dir='ltr'><strong>διάπερ</strong></span> <span class='ocrx_word' id='word_1_221' title='bbox 612 2891 804 2961; x_wconf 76' lang='grc' dir='ltr'><strong>ἔμελλε</strong></span> <span class='ocrx_word' id='word_1_222' title='bbox 846 2891 943 2958; x_wconf 76' lang='grc' dir='ltr'><strong>τῆς</strong></span> <span class='ocrx_word' id='word_1_223' title='bbox 995 2890 1203 2952; x_wconf 82' lang='grc' dir='ltr'><strong>οἰκείας</strong></span> <span class='ocrx_word' id='word_1_224' title='bbox 1257 2888 1521 2958; x_wconf 81' lang='grc' dir='ltr'><strong>αἱρέσεως</strong></span> <span class='ocrx_word' id='word_1_225' title='bbox 1580 2888 1941 2959; x_wconf 81' lang='grc' dir='ltr'><strong>ἐπιφέρεσθαι</strong></span> 
     </span>
    </p>
   </div>
   <div class='ocr_carea' id='block_1_33' title="bbox 2044 438 3609 509">
    <p class='ocr_par' dir='ltr' id='par_1_33' title="bbox 2044 438 3609 509">
     <span class='ocr_line' id='line_1_33' title="bbox 2044 438 3609 509; baseline 0.006 -23"><span class='ocrx_word' id='word_1_226' title='bbox 2044 443 2099 487; x_wconf 89' lang='lat' dir='ltr'><strong>et</strong></span> <span class='ocrx_word' id='word_1_227' title='bbox 2124 438 2397 494; x_wconf 83' lang='lat' dir='ltr'><strong>:tilirmans</strong></span> <span class='ocrx_word' id='word_1_228' title='bbox 2433 440 2503 493; x_wconf 84' lang='lat' dir='ltr'><strong>ita</strong></span> <span class='ocrx_word' id='word_1_229' title='bbox 2544 441 2759 509; x_wconf 86' lang='lat' dir='ltr'><strong>jnratus</strong></span> <span class='ocrx_word' id='word_1_230' title='bbox 2793 456 2806 491; x_wconf 91' lang='lat'>:</span> <span class='ocrx_word' id='word_1_231' title='bbox 2844 438 2992 493; x_wconf 69' lang='lat' dir='ltr'><strong>V.:de</strong></span> <span class='ocrx_word' id='word_1_232' title='bbox 3035 440 3313 502; x_wconf 77' lang='lat' dir='ltr'><strong>velociter,</strong></span> <span class='ocrx_word' id='word_1_233' title='bbox 3372 443 3609 497; x_wconf 80' lang='lat' dir='ltr'><strong>animant</strong></span> 
     </span>
    </p>
   </div>
   <div class='ocr_carea' id='block_1_34' title="bbox 2046 527 3597 599">
    <p class='ocr_par' dir='ltr' id='par_1_34' title="bbox 2046 527 3597 599">
     <span class='ocr_line' id='line_1_34' title="bbox 2046 527 3597 599; baseline 0.005 -22"><span class='ocrx_word' id='word_1_234' title='bbox 2046 534 2192 579; x_wconf 83' lang='lat' dir='ltr'><strong>luam</strong></span> <span class='ocrx_word' id='word_1_235' title='bbox 2230 527 2512 593; x_wconf 87' lang='lat' dir='ltr'><strong>illutnina;</strong></span> <span class='ocrx_word' id='word_1_236' title='bbox 2549 546 2673 582; x_wconf 81' lang='lat' dir='ltr'><strong>nam</strong></span> <span class='ocrx_word' id='word_1_237' title='bbox 2712 545 2808 597; x_wconf 89' lang='lat' dir='ltr'><strong>per</strong></span> <span class='ocrx_word' id='word_1_238' title='bbox 2849 530 3123 591; x_wconf 71' lang='lat' dir='ltr'><strong>Virllllt‘lli,</strong></span> <span class='ocrx_word' id='word_1_239' title='bbox 3155 546 3277 599; x_wconf 64' lang='lat' dir='ltr'><strong>qtae</strong></span> <span class='ocrx_word' id='word_1_240' title='bbox 3320 531 3404 586; x_wconf 81' lang='lat' dir='ltr'><strong>hic</strong></span> <span class='ocrx_word' id='word_1_241' title='bbox 3440 532 3597 585; x_wconf 87' lang='lat' dir='ltr'><strong>inha-</strong></span> 
     </span>
    </p>
   </div>
   <div class='ocr_carea' id='block_1_35' title="bbox 2043 616 3609 689">
    <p class='ocr_par' dir='ltr' id='par_1_35' title="bbox 2043 616 3609 689">
     <span class='ocr_line' id='line_1_35' title="bbox 2043 616 3609 689; baseline 0.004 -20"><span class='ocrx_word' id='word_1_242' title='bbox 2043 616 2200 682; x_wconf 86' lang='lat' dir='ltr'><strong>bitat,</strong></span> <span class='ocrx_word' id='word_1_243' title='bbox 2238 618 2379 672; x_wconf 80' lang='lat' dir='ltr'><strong>sicut</strong></span> <span class='ocrx_word' id='word_1_244' title='bbox 2417 619 2524 673; x_wconf 91' lang='lat' dir='ltr'><strong>huc</strong></span> <span class='ocrx_word' id='word_1_245' title='bbox 2559 619 2758 674; x_wconf 85' lang='lat' dir='ltr'><strong>venisti</strong></span> <span class='ocrx_word' id='word_1_246' title='bbox 2789 618 3004 673; x_wconf 85' lang='lat' dir='ltr'><strong>insania</strong></span> <span class='ocrx_word' id='word_1_247' title='bbox 3053 621 3303 689; x_wconf 71' lang='lat' dir='ltr'><strong>podagra:</strong></span> <span class='ocrx_word' id='word_1_248' title='bbox 3331 619 3609 685; x_wconf 79' lang='lat' dir='ltr'><strong>detentus,</strong></span> 
     </span>
    </p>
   </div>
   <div class='ocr_carea' id='block_1_36' title="bbox 2043 705 3611 767">
    <p class='ocr_par' dir='ltr' id='par_1_36' title="bbox 2043 705 3611 767">
     <span class='ocr_line' id='line_1_36' title="bbox 2043 705 3611 767; baseline 0.005 -8"><span class='ocrx_word' id='word_1_249' title='bbox 2043 705 2115 759; x_wconf 89' lang='lat' dir='ltr'><strong>ita</strong></span> <span class='ocrx_word' id='word_1_250' title='bbox 2141 707 2362 761; x_wconf 78' lang='lat' dir='ltr'><strong>recedes</strong></span> <span class='ocrx_word' id='word_1_251' title='bbox 2413 709 2702 763; x_wconf 82' lang='lat' dir='ltr'><strong>sanitatem</strong></span> <span class='ocrx_word' id='word_1_252' title='bbox 2740 708 2963 763; x_wconf 91' lang='lat' dir='ltr'><strong>minime</strong></span> <span class='ocrx_word' id='word_1_253' title='bbox 2993 718 3345 766; x_wconf 69' lang='lat' dir='ltr'><strong>consecutus.</strong></span> <span class='ocrx_word' id='word_1_254' title='bbox 3389 710 3454 766; x_wconf 87' lang='lat' dir='ltr'><strong>Et</strong></span> <span class='ocrx_word' id='word_1_255' title='bbox 3496 712 3611 767; x_wconf 66' lang='lat' dir='ltr'><strong>haec</strong></span> 
     </span>
    </p>
   </div>
   <div class='ocr_carea' id='block_1_37' title="bbox 2042 795 3611 872">
    <p class='ocr_par' dir='ltr' id='par_1_37' title="bbox 2042 795 3611 872">
     <span class='ocr_line' id='line_1_37' title="bbox 2042 795 3611 872; baseline 0.005 -22"><span class='ocrx_word' id='word_1_256' title='bbox 2042 795 2229 851; x_wconf 86' lang='lat' dir='ltr'><strong>dicere</strong></span> <span class='ocrx_word' id='word_1_257' title='bbox 2264 798 2385 862; x_wconf 83' lang='lat' dir='ltr'><strong>tibi,</strong></span> <span class='ocrx_word' id='word_1_258' title='bbox 2438 800 2613 853; x_wconf 85' lang='lat' dir='ltr'><strong>sancti</strong></span> <span class='ocrx_word' id='word_1_259' title='bbox 2638 801 2779 853; x_wconf 75' lang='lat' dir='ltr'><strong>mihi</strong></span> <span class='ocrx_word' id='word_1_260' title='bbox 2836 798 3159 868; x_wconf 77' lang='lat' dir='ltr'><strong>praecipiunt</strong></span> <span class='ocrx_word' id='word_1_261' title='bbox 3193 810 3484 872; x_wconf 80' lang='lat' dir='ltr'><strong>martyres.</strong></span> <span class='ocrx_word' id='word_1_262' title='bbox 3542 804 3611 858; x_wconf 84' lang='lat' dir='ltr'><strong>At</strong></span> 
     </span>
    </p>
   </div>
   <div class='ocr_carea' id='block_1_38' title="bbox 2043 884 3608 955">
    <p class='ocr_par' dir='ltr' id='par_1_38' title="bbox 2043 884 3608 955">
     <span class='ocr_line' id='line_1_38' title="bbox 2043 884 3608 955; baseline 0.006 -18"><span class='ocrx_word' id='word_1_263' title='bbox 2043 885 2134 939; x_wconf 89' lang='lat' dir='ltr'><strong>ille</strong></span> <span class='ocrx_word' id='word_1_264' title='bbox 2171 884 2274 939; x_wconf 89' lang='lat' dir='ltr'><strong>hoc</strong></span> <span class='ocrx_word' id='word_1_265' title='bbox 2321 887 2486 940; x_wconf 84' lang='lat' dir='ltr'><strong>abeo</strong></span> <span class='ocrx_word' id='word_1_266' title='bbox 2530 887 2620 955; x_wconf 87' lang='lat' dir='ltr'><strong>qui</strong></span> <span class='ocrx_word' id='word_1_267' title='bbox 2676 902 2704 939; x_wconf 92' lang='lat' dir='ltr'><strong>a</strong></span> <span class='ocrx_word' id='word_1_268' title='bbox 2737 887 3005 940; x_wconf 71' lang='lat' dir='ltr'><strong>damnonio</strong></span> <span class='ocrx_word' id='word_1_269' title='bbox 3041 887 3339 943; x_wconf 77' lang='lat' dir='ltr'><strong>vexabatur</strong></span> <span class='ocrx_word' id='word_1_270' title='bbox 3396 891 3608 954; x_wconf 89' lang='lat' dir='ltr'><strong>audito.</strong></span> 
     </span>
    </p>
   </div>
   <div class='ocr_carea' id='block_1_39' title="bbox 2041 978 3608 1059">
    <p class='ocr_par' dir='ltr' id='par_1_39' title="bbox 2041 978 3608 1059">
     <span class='ocr_line' id='line_1_39' title="bbox 2041 978 3608 1059; baseline 0.004 -28"><span class='ocrx_word' id='word_1_271' title='bbox 2041 978 2237 1033; x_wconf 86' lang='lat' dir='ltr'><strong>timore</strong></span> <span class='ocrx_word' id='word_1_272' title='bbox 2262 986 2475 1048; x_wconf 87' lang='lat' dir='ltr'><strong>captus,</strong></span> <span class='ocrx_word' id='word_1_273' title='bbox 2504 991 2555 1033; x_wconf 91' lang='lat' dir='ltr'><strong>et</strong></span> <span class='ocrx_word' id='word_1_274' title='bbox 2586 990 2808 1059; x_wconf 76' lang='lat' dir='ltr'><strong>accepto</strong></span> <span class='ocrx_word' id='word_1_275' title='bbox 2839 982 3000 1033; x_wconf 78' lang='lat' dir='ltr'><strong>etiam</strong></span> <span class='ocrx_word' id='word_1_276' title='bbox 3036 994 3346 1034; x_wconf 83' lang='lat' dir='ltr'><strong>sermonum</strong></span> <span class='ocrx_word' id='word_1_277' title='bbox 3389 998 3527 1051; x_wconf 84' lang='lat' dir='ltr'><strong>quos</strong></span> <span class='ocrx_word' id='word_1_278' title='bbox 3556 984 3608 1037; x_wconf 90' lang='lat' dir='ltr'><strong>in</strong></span> 
     </span>
    </p>
   </div>
   <div class='ocr_carea' id='block_1_40' title="bbox 2040 1054 3610 1140">
    <p class='ocr_par' dir='ltr' id='par_1_40' title="bbox 2040 1054 3610 1140">
     <span class='ocr_line' id='line_1_40' title="bbox 2040 1054 3610 1140; baseline 0.001 -15"><span class='ocrx_word' id='word_1_279' title='bbox 2040 1075 2158 1126; x_wconf 85' lang='lat' dir='ltr'><strong>visu</strong></span> <span class='ocrx_word' id='word_1_280' title='bbox 2189 1072 2437 1126; x_wconf 79' lang='lat' dir='ltr'><strong>audierat</strong></span> <span class='ocrx_word' id='word_1_281' title='bbox 2481 1054 2925 1136; x_wconf 82' lang='lat' dir='ltr'><strong>commonitorio,</strong></span> <span class='ocrx_word' id='word_1_282' title='bbox 2976 1081 3194 1140; x_wconf 82' lang='lat' dir='ltr'><strong>propter</strong></span> <span class='ocrx_word' id='word_1_283' title='bbox 3231 1054 3535 1128; x_wconf 83' lang='lat' dir='ltr'><strong>verborum</strong></span> <span class='ocrx_word' id='word_1_284' title='bbox 3559 1084 3610 1128; x_wconf 89' lang='lat' dir='ltr'><strong>ct</strong></span> 
     </span>
    </p>
   </div>
   <div class='ocr_carea' id='block_1_41' title="bbox 2040 1162 3606 1232">
    <p class='ocr_par' dir='ltr' id='par_1_41' title="bbox 2040 1162 3606 1232">
     <span class='ocr_line' id='line_1_41' title="bbox 2040 1162 3606 1232; baseline 0.001 -15"><span class='ocrx_word' id='word_1_285' title='bbox 2040 1164 2310 1218; x_wconf 90' lang='lat' dir='ltr'><strong>minarum</strong></span> <span class='ocrx_word' id='word_1_286' title='bbox 2348 1163 2784 1228; x_wconf 86' lang='lat' dir='ltr'><strong>similitudinem,</strong></span> <span class='ocrx_word' id='word_1_287' title='bbox 2828 1162 3108 1232; x_wconf 77' lang='lat' dir='ltr'><strong>ingressus</strong></span> <span class='ocrx_word' id='word_1_288' title='bbox 3142 1174 3223 1218; x_wconf 90' lang='lat' dir='ltr'><strong>est</strong></span> <span class='ocrx_word' id='word_1_289' title='bbox 3267 1163 3606 1219; x_wconf 83' lang='lat' dir='ltr'><strong>illuminato-</strong></span> 
     </span>
    </p>
   </div>
   <div class='ocr_carea' id='block_1_42' title="bbox 2041 1255 3604 1324">
    <p class='ocr_par' dir='ltr' id='par_1_42' title="bbox 2041 1255 3604 1324">
     <span class='ocr_line' id='line_1_42' title="bbox 2041 1255 3604 1324; baseline 0.001 -17"><span class='ocrx_word' id='word_1_290' title='bbox 2041 1255 2206 1320; x_wconf 90' lang='lat' dir='ltr'><strong>rium,</strong></span> <span class='ocrx_word' id='word_1_291' title='bbox 2261 1266 2315 1310; x_wconf 91' lang='lat' dir='ltr'><strong>et</strong></span> <span class='ocrx_word' id='word_1_292' title='bbox 2374 1255 2577 1310; x_wconf 81' lang='lat' dir='ltr'><strong>Christi</strong></span> <span class='ocrx_word' id='word_1_293' title='bbox 2638 1255 2895 1324; x_wconf 78' lang='lat' dir='ltr'><strong>mysteria</strong></span> <span class='ocrx_word' id='word_1_294' title='bbox 2959 1257 3211 1323; x_wconf 84' lang='lat' dir='ltr'><strong>sumpsit,</strong></span> <span class='ocrx_word' id='word_1_295' title='bbox 3255 1264 3309 1307; x_wconf 93' lang='lat' dir='ltr'><strong>ct</strong></span> <span class='ocrx_word' id='word_1_296' title='bbox 3368 1257 3604 1309; x_wconf 71' lang='lat' dir='ltr'><strong>animum</strong></span> 
     </span>
    </p>
   </div>
   <div class='ocr_carea' id='block_1_43' title="bbox 2041 1343 3608 1417">
    <p class='ocr_par' dir='ltr' id='par_1_43' title="bbox 2041 1343 3608 1417">
     <span class='ocr_line' id='line_1_43' title="bbox 2041 1343 3608 1417; baseline 0.001 -18"><span class='ocrx_word' id='word_1_297' title='bbox 2041 1348 2390 1415; x_wconf 81' lang='lat' dir='ltr'><strong>perceptione</strong></span> <span class='ocrx_word' id='word_1_298' title='bbox 2450 1346 2833 1417; x_wconf 82' lang='lat' dir='ltr'><strong>mysteriorum</strong></span> <span class='ocrx_word' id='word_1_299' title='bbox 2907 1343 3255 1398; x_wconf 83' lang='lat' dir='ltr'><strong>illuminavit.</strong></span> <span class='ocrx_word' id='word_1_300' title='bbox 3320 1343 3491 1397; x_wconf 83' lang='lat' dir='ltr'><strong>Porro</strong></span> <span class='ocrx_word' id='word_1_301' title='bbox 3544 1362 3608 1400; x_wconf 76' lang='lat' dir='ltr'><strong>ex</strong></span> 
     </span>
    </p>
   </div>
   <div class='ocr_carea' id='block_1_44' title="bbox 2039 1436 3606 1506">
    <p class='ocr_par' dir='ltr' id='par_1_44' title="bbox 2039 1436 3606 1506">
     <span class='ocr_line' id='line_1_44' title="bbox 2039 1436 3606 1506; baseline 0.001 -18"><span class='ocrx_word' id='word_1_302' title='bbox 2039 1437 2355 1506; x_wconf 87' lang='lat' dir='ltr'><strong>operatione</strong></span> <span class='ocrx_word' id='word_1_303' title='bbox 2375 1436 2573 1490; x_wconf 82' lang='lat' dir='ltr'><strong>diaboli</strong></span> <span class='ocrx_word' id='word_1_304' title='bbox 2604 1448 2725 1505; x_wconf 88' lang='lat' dir='ltr'><strong>post</strong></span> <span class='ocrx_word' id='word_1_305' title='bbox 2748 1436 3213 1498; x_wconf 84' lang='lat' dir='ltr'><strong>communionem,</strong></span> <span class='ocrx_word' id='word_1_306' title='bbox 3245 1436 3298 1489; x_wconf 90' lang='lat' dir='ltr'><strong>in</strong></span> <span class='ocrx_word' id='word_1_307' title='bbox 3324 1436 3498 1491; x_wconf 87' lang='lat' dir='ltr'><strong>diram</strong></span> <span class='ocrx_word' id='word_1_308' title='bbox 3521 1438 3606 1490; x_wconf 88' lang='lat' dir='ltr'><strong>itt-</strong></span> 
     </span>
    </p>
   </div>
   <div class='ocr_carea' id='block_1_45' title="bbox 2039 1528 3609 1598">
    <p class='ocr_par' dir='ltr' id='par_1_45' title="bbox 2039 1528 3609 1598">
     <span class='ocr_line' id='line_1_45' title="bbox 2039 1528 3609 1598; baseline 0.001 -18"><span class='ocrx_word' id='word_1_309' title='bbox 2039 1528 2169 1581; x_wconf 87' lang='lat' dir='ltr'><strong>citlit</strong></span> <span class='ocrx_word' id='word_1_310' title='bbox 2210 1528 2376 1580; x_wconf 89' lang='lat' dir='ltr'><strong>animi</strong></span> <span class='ocrx_word' id='word_1_311' title='bbox 2412 1528 2795 1591; x_wconf 78' lang='lat' dir='ltr'><strong>deiectionem,</strong></span> <span class='ocrx_word' id='word_1_312' title='bbox 2841 1537 2893 1582; x_wconf 88' lang='lat' dir='ltr'><strong>et</strong></span> <span class='ocrx_word' id='word_1_313' title='bbox 2927 1543 3050 1582; x_wconf 89' lang='lat' dir='ltr'><strong>eum</strong></span> <span class='ocrx_word' id='word_1_314' title='bbox 3089 1528 3264 1583; x_wconf 84' lang='lat' dir='ltr'><strong>tristis</strong></span> <span class='ocrx_word' id='word_1_315' title='bbox 3304 1528 3357 1581; x_wconf 91' lang='lat' dir='ltr'><strong>in</strong></span> <span class='ocrx_word' id='word_1_316' title='bbox 3390 1530 3609 1598; x_wconf 89' lang='lat' dir='ltr'><strong>propria</strong></span> 
     </span>
    </p>
   </div>
   <div class='ocr_carea' id='block_1_46' title="bbox 2039 1618 3609 1687">
    <p class='ocr_par' dir='ltr' id='par_1_46' title="bbox 2039 1618 3609 1687">
     <span class='ocr_line' id='line_1_46' title="bbox 2039 1618 3609 1687; baseline 0 -15"><span class='ocrx_word' id='word_1_317' title='bbox 2039 1634 2099 1672; x_wconf 90' lang='lat' dir='ltr'><strong>se</strong></span> <span class='ocrx_word' id='word_1_318' title='bbox 2146 1625 2446 1671; x_wconf 87' lang='lat' dir='ltr'><strong>stramenta</strong></span> <span class='ocrx_word' id='word_1_319' title='bbox 2493 1618 2778 1687; x_wconf 71' lang='lat' dir='ltr'><strong>iactasset,</strong></span> <span class='ocrx_word' id='word_1_320' title='bbox 2821 1618 2984 1671; x_wconf 86' lang='lat' dir='ltr'><strong>citius</strong></span> <span class='ocrx_word' id='word_1_321' title='bbox 3032 1633 3096 1672; x_wconf 78' lang='lat' dir='ltr'><strong>ex</strong></span> <span class='ocrx_word' id='word_1_322' title='bbox 3148 1618 3374 1673; x_wconf 75' lang='lat' dir='ltr'><strong>tristitia</strong></span> <span class='ocrx_word' id='word_1_323' title='bbox 3409 1618 3609 1673; x_wconf 89' lang='lat' dir='ltr'><strong>obdor-</strong></span> 
     </span>
    </p>
   </div>
   <div class='ocr_carea' id='block_1_47' title="bbox 1968 1688 2214 1761">
    <p class='ocr_par' dir='ltr' id='par_1_47' title="bbox 1968 1688 2214 1761">
     <span class='ocr_line' id='line_1_47' title="bbox 1968 1688 2214 1761; baseline -0.004 0"><span class='ocrx_word' id='word_1_324' title='bbox 1968 1688 2008 1743; x_wconf 76' lang='grc' dir='ltr'><strong><em>Β</em></strong></span> <span class='ocrx_word' id='word_1_325' title='bbox 2042 1708 2214 1761; x_wconf 87' lang='lat' dir='ltr'><strong>ntivit.</strong></span> 
     </span>
    </p>
   </div>
   <div class='ocr_carea' id='block_1_48' title="bbox 2110 1798 3608 1870">
    <p class='ocr_par' dir='ltr' id='par_1_48' title="bbox 2110 1798 3608 1870">
     <span class='ocr_line' id='line_1_48' title="bbox 2110 1798 3608 1870; baseline 0.004 -19"><span class='ocrx_word' id='word_1_326' title='bbox 2110 1798 2176 1852; x_wconf 87' lang='lat' dir='ltr'><strong>Et</strong></span> <span class='ocrx_word' id='word_1_327' title='bbox 2205 1814 2399 1856; x_wconf 84' lang='lat' dir='ltr'><strong>rursus</strong></span> <span class='ocrx_word' id='word_1_328' title='bbox 2431 1799 2627 1870; x_wconf 82' lang='lat' dir='ltr'><strong>aspicit</strong></span> <span class='ocrx_word' id='word_1_329' title='bbox 2680 1811 2950 1870; x_wconf 84' lang='lat' dir='ltr'><strong>martyres</strong></span> <span class='ocrx_word' id='word_1_330' title='bbox 2991 1800 3043 1854; x_wconf 91' lang='lat' dir='ltr'><strong>in</strong></span> <span class='ocrx_word' id='word_1_331' title='bbox 3088 1798 3367 1856; x_wconf 69' lang='lat' dir='ltr'><strong>lulianum</strong></span> <span class='ocrx_word' id='word_1_332' title='bbox 3421 1802 3608 1857; x_wconf 73' lang='lat' dir='ltr'><strong>diaco~</strong></span> 
     </span>
    </p>
   </div>
   <div class='ocr_carea' id='block_1_49' title="bbox 2041 1892 3611 1960">
    <p class='ocr_par' dir='ltr' id='par_1_49' title="bbox 2041 1892 3611 1960">
     <span class='ocr_line' id='line_1_49' title="bbox 2041 1892 3611 1960; baseline 0.003 -16"><span class='ocrx_word' id='word_1_333' title='bbox 2041 1906 2169 1944; x_wconf 91' lang='lat' dir='ltr'><strong>num</strong></span> <span class='ocrx_word' id='word_1_334' title='bbox 2223 1904 2344 1945; x_wconf 88' lang='lat' dir='ltr'><strong>sese</strong></span> <span class='ocrx_word' id='word_1_335' title='bbox 2403 1892 2857 1960; x_wconf 81' lang='lat' dir='ltr'><strong>transﬁgurantes</strong></span> <span class='ocrx_word' id='word_1_336' title='bbox 2893 1932 2908 1957; x_wconf 93' lang='lat'><strong>,</strong></span> <span class='ocrx_word' id='word_1_337' title='bbox 2968 1899 3021 1945; x_wconf 90' lang='lat' dir='ltr'><strong>et</strong></span> <span class='ocrx_word' id='word_1_338' title='bbox 3070 1906 3291 1946; x_wconf 85' lang='lat' dir='ltr'><strong>causam</strong></span> <span class='ocrx_word' id='word_1_339' title='bbox 3354 1893 3611 1949; x_wconf 74' lang='lat' dir='ltr'><strong>tttteroris</strong></span> 
     </span>
    </p>
   </div>
   <div class='ocr_carea' id='block_1_50' title="bbox 2039 1981 3604 2051">
    <p class='ocr_par' dir='ltr' id='par_1_50' title="bbox 2039 1981 3604 2051">
     <span class='ocr_line' id='line_1_50' title="bbox 2039 1981 3604 2051; baseline 0 -14"><span class='ocrx_word' id='word_1_340' title='bbox 2039 1998 2162 2037; x_wconf 90' lang='lat' dir='ltr'><strong>eum</strong></span> <span class='ocrx_word' id='word_1_341' title='bbox 2210 1982 2628 2051; x_wconf 84' lang='lat' dir='ltr'><strong>interrogantes.</strong></span> <span class='ocrx_word' id='word_1_342' title='bbox 2666 1981 2769 2047; x_wconf 88' lang='lat' dir='ltr'><strong>Qui</strong></span> <span class='ocrx_word' id='word_1_343' title='bbox 2804 1983 2880 2035; x_wconf 87' lang='lat' dir='ltr'><strong>ait</strong></span> <span class='ocrx_word' id='word_1_344' title='bbox 2906 1981 3203 2049; x_wconf 84' lang='lat' dir='ltr'><strong>:Quoniam</strong></span> <span class='ocrx_word' id='word_1_345' title='bbox 3245 1985 3419 2038; x_wconf 70' lang='lat' dir='ltr'><strong>sana-ti</strong></span> <span class='ocrx_word' id='word_1_346' title='bbox 3457 1999 3604 2038; x_wconf 87' lang='lat' dir='ltr'><strong>com-</strong></span> 
     </span>
    </p>
   </div>
   <div class='ocr_carea' id='block_1_51' title="bbox 2042 2062 3614 2146">
    <p class='ocr_par' dir='ltr' id='par_1_51' title="bbox 2042 2062 3614 2146">
     <span class='ocr_line' id='line_1_51' title="bbox 2042 2062 3614 2146; baseline 0 -17"><span class='ocrx_word' id='word_1_347' title='bbox 2042 2075 2324 2130; x_wconf 88' lang='lat' dir='ltr'><strong>municare</strong></span> <span class='ocrx_word' id='word_1_348' title='bbox 2355 2090 2436 2129; x_wconf 91' lang='lat' dir='ltr'><strong>me</strong></span> <span class='ocrx_word' id='word_1_349' title='bbox 2456 2085 2772 2144; x_wconf 83' lang='lat' dir='ltr'><strong>coegerunt.</strong></span> <span class='ocrx_word' id='word_1_350' title='bbox 2792 2078 2857 2128; x_wconf 80' lang='lat' dir='ltr'><strong>At</strong></span> <span class='ocrx_word' id='word_1_351' title='bbox 2886 2074 2986 2139; x_wconf 89' lang='lat' dir='ltr'><strong>illi,</strong></span> <span class='ocrx_word' id='word_1_352' title='bbox 3016 2075 3194 2130; x_wconf 90' lang='lat' dir='ltr'><strong>ethoc</strong></span> <span class='ocrx_word' id='word_1_353' title='bbox 3218 2085 3291 2139; x_wconf 88' lang='lat' dir='ltr'><strong>te,</strong></span> <span class='ocrx_word' id='word_1_354' title='bbox 3328 2062 3614 2146; x_wconf 74' lang='lat' dir='ltr'><strong>inquiunt,</strong></span> 
     </span>
    </p>
   </div>
   <div class='ocr_carea' id='block_1_52' title="bbox 2039 2164 3607 2229">
    <p class='ocr_par' dir='ltr' id='par_1_52' title="bbox 2039 2164 3607 2229">
     <span class='ocr_line' id='line_1_52' title="bbox 2039 2164 3607 2229; baseline -0.001 -8"><span class='ocrx_word' id='word_1_355' title='bbox 2039 2176 2297 2221; x_wconf 69' lang='lat' dir='ltr'><strong>moestum</strong></span> <span class='ocrx_word' id='word_1_356' title='bbox 2331 2164 2511 2220; x_wconf 83' lang='lat' dir='ltr'><strong>iacere</strong></span> <span class='ocrx_word' id='word_1_357' title='bbox 2547 2165 2630 2220; x_wconf 90' lang='lat' dir='ltr'><strong>vel</strong></span> <span class='ocrx_word' id='word_1_358' title='bbox 2662 2165 2871 2220; x_wconf 87' lang='lat' dir='ltr'><strong>tristem</strong></span> <span class='ocrx_word' id='word_1_359' title='bbox 2899 2165 3121 2219; x_wconf 87' lang='lat' dir='ltr'><strong>omnino</strong></span> <span class='ocrx_word' id='word_1_360' title='bbox 3160 2164 3442 2229; x_wconf 86' lang='lat' dir='ltr'><strong>debuerat,</strong></span> <span class='ocrx_word' id='word_1_361' title='bbox 3482 2181 3607 2220; x_wconf 90' lang='lat' dir='ltr'><strong>cum</strong></span> 
     </span>
    </p>
   </div>
   <div class='ocr_carea' id='block_1_53' title="bbox 2040 2256 3609 2328">
    <p class='ocr_par' dir='ltr' id='par_1_53' title="bbox 2040 2256 3609 2328">
     <span class='ocr_line' id='line_1_53' title="bbox 2040 2256 3609 2328; baseline 0 -18"><span class='ocrx_word' id='word_1_362' title='bbox 2040 2259 2277 2328; x_wconf 82' lang='lat' dir='ltr'><strong>gaudere</strong></span> <span class='ocrx_word' id='word_1_363' title='bbox 2310 2268 2360 2312; x_wconf 90' lang='lat' dir='ltr'><strong>te</strong></span> <span class='ocrx_word' id='word_1_364' title='bbox 2391 2258 2878 2326; x_wconf 83' lang='lat' dir='ltr'><strong>potinsoporteret,</strong></span> <span class='ocrx_word' id='word_1_365' title='bbox 2929 2267 2982 2311; x_wconf 85' lang='lat' dir='ltr'><strong>et</strong></span> <span class='ocrx_word' id='word_1_366' title='bbox 3025 2256 3301 2312; x_wconf 81' lang='lat' dir='ltr'><strong>exsultare</strong></span> <span class='ocrx_word' id='word_1_367' title='bbox 3334 2257 3609 2311; x_wconf 72' lang='lat' dir='ltr'><strong>intellecto</strong></span> 
     </span>
    </p>
   </div>
   <div class='ocr_carea' id='block_1_54' title="bbox 2039 2347 3609 2418">
    <p class='ocr_par' dir='ltr' id='par_1_54' title="bbox 2039 2347 3609 2418">
     <span class='ocr_line' id='line_1_54' title="bbox 2039 2347 3609 2418; baseline -0.001 -18"><span class='ocrx_word' id='word_1_368' title='bbox 2039 2349 2272 2418; x_wconf 66' lang='lat' dir='ltr'><strong>propriae</strong></span> <span class='ocrx_word' id='word_1_369' title='bbox 2301 2348 2498 2401; x_wconf 62' lang='lat' dir='ltr'><strong>animae</strong></span> <span class='ocrx_word' id='word_1_370' title='bbox 2526 2347 2820 2416; x_wconf 85' lang='lat' dir='ltr'><strong>adjutorio,</strong></span> <span class='ocrx_word' id='word_1_371' title='bbox 2851 2359 2903 2401; x_wconf 92' lang='lat' dir='ltr'><strong>et</strong></span> <span class='ocrx_word' id='word_1_372' title='bbox 2922 2347 3262 2401; x_wconf 79' lang='lat' dir='ltr'><strong>inﬁrmitatis</strong></span> <span class='ocrx_word' id='word_1_373' title='bbox 3289 2356 3609 2417; x_wconf 58' lang='lat' dir='ltr'><strong>exspectato</strong></span> 
     </span>
    </p>
   </div>
   <div class='ocr_carea' id='block_1_55' title="bbox 2042 2438 3607 2507">
    <p class='ocr_par' dir='ltr' id='par_1_55' title="bbox 2042 2438 3607 2507">
     <span class='ocr_line' id='line_1_55' title="bbox 2042 2438 3607 2507; baseline -0.002 -12"><span class='ocrx_word' id='word_1_374' title='bbox 2042 2439 2316 2495; x_wconf 87' lang='lat' dir='ltr'><strong>remedio?</strong></span> <span class='ocrx_word' id='word_1_375' title='bbox 2358 2438 2580 2494; x_wconf 85' lang='lat' dir='ltr'><strong>Certum</strong></span> <span class='ocrx_word' id='word_1_376' title='bbox 2614 2452 2744 2493; x_wconf 86' lang='lat' dir='ltr'><strong>vero</strong></span> <span class='ocrx_word' id='word_1_377' title='bbox 2774 2448 2878 2504; x_wconf 88' lang='lat' dir='ltr'><strong>est,</strong></span> <span class='ocrx_word' id='word_1_378' title='bbox 2914 2439 3058 2507; x_wconf 88' lang='lat' dir='ltr'><strong>quod</strong></span> <span class='ocrx_word' id='word_1_379' title='bbox 3093 2441 3204 2494; x_wconf 62' lang='lat' dir='ltr'><strong>haec</strong></span> <span class='ocrx_word' id='word_1_380' title='bbox 3248 2438 3502 2493; x_wconf 79' lang='lat' dir='ltr'><strong>voluntas</strong></span> <span class='ocrx_word' id='word_1_381' title='bbox 3536 2441 3607 2495; x_wconf 91' lang='lat' dir='ltr'><strong>sit</strong></span> 
     </span>
    </p>
   </div>
   <div class='ocr_carea' id='block_1_56' title="bbox 2041 2526 3609 2603">
    <p class='ocr_par' dir='ltr' id='par_1_56' title="bbox 2041 2526 3609 2603">
     <span class='ocr_line' id='line_1_56' title="bbox 2041 2526 3609 2603; baseline 0 -17"><span class='ocrx_word' id='word_1_382' title='bbox 2041 2533 2156 2597; x_wconf 88' lang='lat' dir='ltr'><strong>Dei,</strong></span> <span class='ocrx_word' id='word_1_383' title='bbox 2204 2526 2323 2588; x_wconf 77' lang='lat' dir='ltr'><strong>sin&#39;e</strong></span> <span class='ocrx_word' id='word_1_384' title='bbox 2356 2547 2465 2603; x_wconf 86' lang='lat' dir='ltr'><strong>quo</strong></span> <span class='ocrx_word' id='word_1_385' title='bbox 2507 2531 2640 2585; x_wconf 90' lang='lat' dir='ltr'><strong>nihil</strong></span> <span class='ocrx_word' id='word_1_386' title='bbox 2681 2531 3014 2587; x_wconf 84' lang='lat' dir='ltr'><strong>omnimodis</strong></span> <span class='ocrx_word' id='word_1_387' title='bbox 3059 2539 3375 2600; x_wconf 89' lang='lat' dir='ltr'><strong>operantur.</strong></span> <span class='ocrx_word' id='word_1_388' title='bbox 3419 2529 3486 2585; x_wconf 86' lang='lat' dir='ltr'><strong>Et</strong></span> <span class='ocrx_word' id='word_1_389' title='bbox 3522 2530 3609 2586; x_wconf 89' lang='lat' dir='ltr'><strong>his</strong></span> 
     </span>
    </p>
   </div>
   <div class='ocr_carea' id='block_1_57' title="bbox 2039 2622 3605 2695">
    <p class='ocr_par' dir='ltr' id='par_1_57' title="bbox 2039 2622 3605 2695">
     <span class='ocr_line' id='line_1_57' title="bbox 2039 2622 3605 2695; baseline -0.001 -14"><span class='ocrx_word' id='word_1_390' title='bbox 2039 2641 2105 2681; x_wconf 87' lang='lat' dir='ltr'><strong>eo</strong></span> <span class='ocrx_word' id='word_1_391' title='bbox 2133 2626 2313 2680; x_wconf 79' lang='lat' dir='ltr'><strong>verbis</strong></span> <span class='ocrx_word' id='word_1_392' title='bbox 2345 2632 2612 2695; x_wconf 78' lang='lat' dir='ltr'><strong>martyres</strong></span> <span class='ocrx_word' id='word_1_393' title='bbox 2651 2624 2953 2688; x_wconf 86' lang='lat' dir='ltr'><strong>consolato,</strong></span> <span class='ocrx_word' id='word_1_394' title='bbox 2989 2631 3360 2680; x_wconf 84' lang='lat' dir='ltr'><strong>recesserunt.</strong></span> <span class='ocrx_word' id='word_1_395' title='bbox 3393 2622 3463 2676; x_wconf 84' lang='lat' dir='ltr'><strong>At</strong></span> <span class='ocrx_word' id='word_1_396' title='bbox 3511 2623 3605 2679; x_wconf 90' lang='lat' dir='ltr'><strong>ille</strong></span> 
     </span>
    </p>
   </div>
   <div class='ocr_carea' id='block_1_58' title="bbox 2040 2712 3606 2780">
    <p class='ocr_par' dir='ltr' id='par_1_58' title="bbox 2040 2712 3606 2780">
     <span class='ocr_line' id='line_1_58' title="bbox 2040 2712 3606 2780; baseline 0.001 -13"><span class='ocrx_word' id='word_1_397' title='bbox 2040 2730 2338 2769; x_wconf 81' lang='lat' dir='ltr'><strong>eutivcrsus</strong></span> <span class='ocrx_word' id='word_1_398' title='bbox 2383 2714 2451 2768; x_wconf 88' lang='lat' dir='ltr'><strong>de</strong></span> <span class='ocrx_word' id='word_1_399' title='bbox 2507 2714 2696 2767; x_wconf 82' lang='lat' dir='ltr'><strong>matris</strong></span> <span class='ocrx_word' id='word_1_400' title='bbox 2748 2713 3017 2768; x_wconf 89' lang='lat' dir='ltr'><strong>sollicitus</strong></span> <span class='ocrx_word' id='word_1_401' title='bbox 3060 2722 3180 2767; x_wconf 89' lang='lat' dir='ltr'><strong>erat</strong></span> <span class='ocrx_word' id='word_1_402' title='bbox 3223 2712 3477 2780; x_wconf 90' lang='lat' dir='ltr'><strong>adventu,</strong></span> <span class='ocrx_word' id='word_1_403' title='bbox 3535 2714 3606 2768; x_wconf 88' lang='lat' dir='ltr'><strong>ob</strong></span> 
     </span>
    </p>
   </div>
   <div class='ocr_carea' id='block_1_59' title="bbox 2042 2804 3606 2875">
    <p class='ocr_par' dir='ltr' id='par_1_59' title="bbox 2042 2804 3606 2875">
     <span class='ocr_line' id='line_1_59' title="bbox 2042 2804 3606 2875; baseline -0.003 -16"><span class='ocrx_word' id='word_1_404' title='bbox 2042 2809 2312 2861; x_wconf 73' lang='lat' dir='ltr'><strong>haereseos</strong></span> <span class='ocrx_word' id='word_1_405' title='bbox 2364 2806 2600 2875; x_wconf 83' lang='lat' dir='ltr'><strong>propriae</strong></span> <span class='ocrx_word' id='word_1_406' title='bbox 2650 2819 2788 2871; x_wconf 89' lang='lat' dir='ltr'><strong>quas</strong></span> <span class='ocrx_word' id='word_1_407' title='bbox 2841 2811 2959 2857; x_wconf 87' lang='lat' dir='ltr'><strong>erat</strong></span> <span class='ocrx_word' id='word_1_408' title='bbox 3017 2804 3253 2857; x_wconf 86' lang='lat' dir='ltr'><strong>allatura</strong></span> <span class='ocrx_word' id='word_1_409' title='bbox 3313 2804 3606 2873; x_wconf 89' lang='lat' dir='ltr'><strong>reliquias;</strong></span> 
     </span>
    </p>
   </div>
   <div class='ocr_carea' id='block_1_60' title="bbox 2040 2892 3608 2964">
    <p class='ocr_par' dir='ltr' id='par_1_60' title="bbox 2040 2892 3608 2964">
     <span class='ocr_line' id='line_1_60' title="bbox 2040 2892 3608 2964; baseline -0.001 -15"><span class='ocrx_word' id='word_1_410' title='bbox 2040 2910 2161 2964; x_wconf 73' lang='lat' dir='ltr'><strong>qua:</strong></span> <span class='ocrx_word' id='word_1_411' title='bbox 2191 2909 2297 2948; x_wconf 92' lang='lat' dir='ltr'><strong>non</strong></span> <span class='ocrx_word' id='word_1_412' title='bbox 2323 2902 2447 2964; x_wconf 90' lang='lat' dir='ltr'><strong>post</strong></span> <span class='ocrx_word' id='word_1_413' title='bbox 2481 2894 2707 2947; x_wconf 89' lang='lat' dir='ltr'><strong>multam</strong></span> <span class='ocrx_word' id='word_1_414' title='bbox 2744 2892 2968 2948; x_wconf 87' lang='lat' dir='ltr'><strong>veniens</strong></span> <span class='ocrx_word' id='word_1_415' title='bbox 3004 2892 3217 2957; x_wconf 75' lang='lat' dir='ltr'><strong>horam,</strong></span> <span class='ocrx_word' id='word_1_416' title='bbox 3259 2892 3395 2946; x_wconf 81' lang='lat' dir='ltr'><strong>nihil</strong></span> <span class='ocrx_word' id='word_1_417' title='bbox 3427 2908 3492 2947; x_wconf 77' lang='lat' dir='ltr'><strong>ex</strong></span> <span class='ocrx_word' id='word_1_418' title='bbox 3523 2892 3608 2948; x_wconf 87' lang='lat' dir='ltr'><strong>his</strong></span> 
     </span>
    </p>
   </div>
   <div class='ocr_carea' id='block_1_61' title="bbox 359 2980 1937 3082">
    <p class='ocr_par' dir='ltr' id='par_1_61' title="bbox 359 2980 1937 3054">
     <span class='ocr_line' id='line_1_61' title="bbox 359 2980 1937 3054; baseline -0.003 -17"><span class='ocrx_word' id='word_1_419' title='bbox 359 2986 613 3054; x_wconf 63' lang='grc' dir='ltr'><strong>λείψαναο</strong></span> <span class='ocrx_word' id='word_1_420' title='bbox 643 2986 764 3053; x_wconf 75' lang='grc' dir='ltr'><strong>ἣτις</strong></span> <span class='ocrx_word' id='word_1_421' title='bbox 795 2982 911 3053; x_wconf 82' lang='grc' dir='ltr'><strong>μετ’</strong></span> <span class='ocrx_word' id='word_1_422' title='bbox 941 2983 1003 3035; x_wconf 85' lang='grc' dir='ltr'><strong>οὐ</strong></span> <span class='ocrx_word' id='word_1_423' title='bbox 1031 2981 1166 3034; x_wconf 84' lang='grc' dir='ltr'><strong>πολὺ</strong></span> <span class='ocrx_word' id='word_1_424' title='bbox 1197 2981 1295 3050; x_wconf 84' lang='grc' dir='ltr'><strong>τῆς</strong></span> <span class='ocrx_word' id='word_1_425' title='bbox 1326 2980 1474 3052; x_wconf 87' lang='grc' dir='ltr'><strong>ὥρας</strong></span> <span class='ocrx_word' id='word_1_426' title='bbox 1501 2982 1745 3051; x_wconf 87' lang='grc' dir='ltr'><strong>ἀφίκετο,</strong></span> <span class='ocrx_word' id='word_1_427' title='bbox 1775 2981 1937 3052; x_wconf 80' lang='grc' dir='ltr'><strong>μηδὲν</strong></span> 
     </span>
    </p>
   </div>
   <div class='ocr_carea' id='block_1_62' title="bbox 2041 2980 3605 3082">
    <p class='ocr_par' dir='ltr' id='par_1_62' title="bbox 2042 2982 3605 3054">
     <span class='ocr_line' id='line_1_62' title="bbox 2042 2982 3605 3054; baseline -0.001 -18"><span class='ocrx_word' id='word_1_428' title='bbox 2042 2992 2261 3054; x_wconf 86' lang='lat' dir='ltr'><strong>propter</strong></span> <span class='ocrx_word' id='word_1_429' title='bbox 2291 2998 2413 3053; x_wconf 72' lang='lat' dir='ltr'><strong>quae</strong></span> <span class='ocrx_word' id='word_1_430' title='bbox 2458 2984 2562 3038; x_wconf 84' lang='lat' dir='ltr'><strong>iter</strong></span> <span class='ocrx_word' id='word_1_431' title='bbox 2592 2982 2723 3037; x_wconf 91' lang='lat' dir='ltr'><strong>illud</strong></span> <span class='ocrx_word' id='word_1_432' title='bbox 2767 2990 3109 3052; x_wconf 86' lang='lat' dir='ltr'><strong>transegerat</strong></span> <span class='ocrx_word' id='word_1_433' title='bbox 3158 2982 3362 3045; x_wconf 83' lang='lat' dir='ltr'><strong>attulit,</strong></span> <span class='ocrx_word' id='word_1_434' title='bbox 3398 2990 3605 3054; x_wconf 84' lang='lat' dir='ltr'><strong>marty-</strong></span> 
     </span>
    </p>
   </div>
   <div class='ocr_carea' id='block_1_63' title="bbox 358 3064 1937 3144">
    <p class='ocr_par' dir='ltr' id='par_1_63' title="bbox 358 3064 1937 3144">
     <span class='ocr_line' id='line_1_63' title="bbox 358 3064 1937 3144; baseline -0.002 -16"><span class='ocrx_word' id='word_1_435' title='bbox 358 3074 568 3128; x_wconf 83' lang='grc' dir='ltr'><strong>τοιοῦτο</strong></span> <span class='ocrx_word' id='word_1_436' title='bbox 618 3073 938 3144; x_wconf 75' lang='grc' dir='ltr'><strong>κομίζουσα,</strong></span> <span class='ocrx_word' id='word_1_437' title='bbox 992 3071 1058 3125; x_wconf 85' lang='grc' dir='ltr'><strong>δι’</strong></span> <span class='ocrx_word' id='word_1_438' title='bbox 1107 3064 1182 3125; x_wconf 84' lang='grc' dir='ltr'>ὧν</span> <span class='ocrx_word' id='word_1_439' title='bbox 1223 3072 1320 3124; x_wconf 78' lang='grc' dir='ltr'><strong>καὶ</strong></span> <span class='ocrx_word' id='word_1_440' title='bbox 1352 3072 1453 3140; x_wconf 81' lang='grc' dir='ltr'><strong>τὴν</strong></span> <span class='ocrx_word' id='word_1_441' title='bbox 1482 3071 1666 3140; x_wconf 81' lang='grc' dir='ltr'><strong>ἄφιξιν</strong></span> <span class='ocrx_word' id='word_1_442' title='bbox 1693 3072 1937 3143; x_wconf 81' lang='grc' dir='ltr'><strong>ὑπῆρχεν</strong></span> 
     </span>
    </p>
   </div>
   <div class='ocr_carea' id='block_1_64' title="bbox 360 3159 1937 3232">
    <p class='ocr_par' dir='ltr' id='par_1_64' title="bbox 360 3159 1937 3232">
     <span class='ocr_line' id='line_1_64' title="bbox 360 3159 1937 3232; baseline -0.002 -15"><span class='ocrx_word' id='word_1_443' title='bbox 360 3164 629 3225; x_wconf 67' lang='grc' dir='ltr'><strong>ἀνύσασα,</strong></span> <span class='ocrx_word' id='word_1_444' title='bbox 674 3162 959 3232; x_wconf 74' lang='grc' dir='ltr'><strong>οἰκονομίᾳ</strong></span> <span class='ocrx_word' id='word_1_445' title='bbox 1012 3160 1307 3231; x_wconf 87' lang='grc' dir='ltr'><strong>μαρτύρων</strong></span> <span class='ocrx_word' id='word_1_446' title='bbox 1350 3159 1451 3229; x_wconf 83' lang='grc' dir='ltr'><strong>τὴν</strong></span> <span class='ocrx_word' id='word_1_447' title='bbox 1495 3159 1664 3231; x_wconf 76' lang='grc' dir='ltr'><strong>λήθην</strong></span> <span class='ocrx_word' id='word_1_448' title='bbox 1690 3161 1937 3232; x_wconf 84' lang='grc' dir='ltr'><strong>φανερῶς</strong></span> 
     </span>
    </p>
   </div>
   <div class='ocr_carea' id='block_1_65' title="bbox 361 3251 1939 3327">
    <p class='ocr_par' dir='ltr' id='par_1_65' title="bbox 361 3251 1939 3327">
     <span class='ocr_line' id='line_1_65' title="bbox 361 3251 1939 3327; baseline -0.003 -16"><span class='ocrx_word' id='word_1_449' title='bbox 361 3257 720 3327; x_wconf 77' lang='grc' dir='ltr'><strong>ὑπομείνασα.</strong></span> <span class='ocrx_word' id='word_1_450' title='bbox 756 3255 814 3308; x_wconf 89' lang='lat'><strong>&#39;0</strong></span> <span class='ocrx_word' id='word_1_451' title='bbox 863 3254 921 3307; x_wconf 86' lang='grc' dir='ltr'><strong>δὲ</strong></span> <span class='ocrx_word' id='word_1_452' title='bbox 960 3251 1148 3323; x_wconf 86' lang='grc' dir='ltr'><strong>μαθὼν</strong></span> <span class='ocrx_word' id='word_1_453' title='bbox 1190 3252 1331 3323; x_wconf 77' lang='grc' dir='ltr'><strong>ἥσθη</strong></span> <span class='ocrx_word' id='word_1_454' title='bbox 1373 3252 1475 3322; x_wconf 72' lang='grc' dir='ltr'><strong>μὲν</strong></span> <span class='ocrx_word' id='word_1_455' title='bbox 1505 3253 1790 3323; x_wconf 86' lang='grc' dir='ltr'><strong>πρότερον,</strong></span> <span class='ocrx_word' id='word_1_456' title='bbox 1821 3252 1939 3308; x_wconf 83' lang='grc' dir='ltr'><strong>εἶτα</strong></span> 
     </span>
    </p>
   </div>
   <div class='ocr_carea' id='block_1_66' title="bbox 362 3345 1937 3418">
    <p class='ocr_par' dir='ltr' id='par_1_66' title="bbox 362 3345 1937 3418">
     <span class='ocr_line' id='line_1_66' title="bbox 362 3345 1937 3418; baseline -0.005 -14"><span class='ocrx_word' id='word_1_457' title='bbox 362 3353 415 3405; x_wconf 80' lang='grc' dir='ltr'><strong>δὲ</strong></span> <span class='ocrx_word' id='word_1_458' title='bbox 460 3353 553 3404; x_wconf 70' lang='grc' dir='ltr'><strong>καὶ</strong></span> <span class='ocrx_word' id='word_1_459' title='bbox 591 3350 767 3403; x_wconf 86' lang='grc' dir='ltr'><strong>πάντα</strong></span> <span class='ocrx_word' id='word_1_460' title='bbox 792 3350 855 3418; x_wconf 80' lang='grc' dir='ltr'><strong>τῇ</strong></span> <span class='ocrx_word' id='word_1_461' title='bbox 896 3347 1062 3418; x_wconf 78' lang='grc' dir='ltr'><strong>μητρὶ</strong></span> <span class='ocrx_word' id='word_1_462' title='bbox 1098 3345 1418 3415; x_wconf 82' lang='grc' dir='ltr'><strong>διηγήσατο,</strong></span> <span class='ocrx_word' id='word_1_463' title='bbox 1460 3345 1670 3415; x_wconf 83' lang='grc' dir='ltr'><strong>ὅσαπερ</strong></span> <span class='ocrx_word' id='word_1_464' title='bbox 1721 3346 1800 3407; x_wconf 85' lang='grc' dir='ltr'><strong>είς</strong></span> <span class='ocrx_word' id='word_1_465' title='bbox 1842 3345 1937 3397; x_wconf 80' lang='grc' dir='ltr'><strong>αὐ-</strong></span> 
     </span>
    </p>
   </div>
   <div class='ocr_carea' id='block_1_67' title="bbox 359 3434 1937 3512">
    <p class='ocr_par' dir='ltr' id='par_1_67' title="bbox 359 3434 1937 3512">
     <span class='ocr_line' id='line_1_67' title="bbox 359 3434 1937 3512; baseline -0.004 -18"><span class='ocrx_word' id='word_1_466' title='bbox 359 3443 452 3494; x_wconf 73' lang='grc' dir='ltr'><strong>τὸν</strong></span> <span class='ocrx_word' id='word_1_467' title='bbox 498 3439 732 3512; x_wconf 77' lang='grc' dir='ltr'><strong>ὲδρὰσθη</strong></span> <span class='ocrx_word' id='word_1_468' title='bbox 787 3441 897 3500; x_wconf 82' lang='grc' dir='ltr'><strong>τοῖς</strong></span> <span class='ocrx_word' id='word_1_469' title='bbox 944 3438 1234 3507; x_wconf 84' lang='grc' dir='ltr'><strong>μάρτυσιν,</strong></span> <span class='ocrx_word' id='word_1_470' title='bbox 1271 3437 1367 3490; x_wconf 80' lang='grc' dir='ltr'><strong>καὶ</strong></span> <span class='ocrx_word' id='word_1_471' title='bbox 1412 3436 1488 3498; x_wconf 76' lang='grc' dir='ltr'><strong>ὠς</strong></span> <span class='ocrx_word' id='word_1_472' title='bbox 1538 3438 1604 3506; x_wconf 77' lang='grc' dir='ltr'><strong>τῇ</strong></span> <span class='ocrx_word' id='word_1_473' title='bbox 1644 3434 1937 3507; x_wconf 78' lang='grc' dir='ltr'><strong>Ἐκκλησία</strong></span> 
     </span>
    </p>
   </div>
   <div class='ocr_carea' id='block_1_68' title="bbox 364 3527 1938 3603">
    <p class='ocr_par' dir='ltr' id='par_1_68' title="bbox 364 3527 1938 3603">
     <span class='ocr_line' id='line_1_68' title="bbox 364 3527 1938 3603; baseline -0.003 -18"><span class='ocrx_word' id='word_1_474' title='bbox 364 3532 734 3603; x_wconf 80' lang='grc' dir='ltr'><strong>προσδραμεῖν</strong></span> <span class='ocrx_word' id='word_1_475' title='bbox 794 3529 1096 3583; x_wconf 78' lang='grc' dir='ltr'><strong>ἐϐιάσαντο.</strong></span> <span class='ocrx_word' id='word_1_476' title='bbox 1139 3528 1247 3583; x_wconf 74' lang='grc' dir='ltr'><strong>Καὶ</strong></span> <span class='ocrx_word' id='word_1_477' title='bbox 1278 3528 1421 3582; x_wconf 77' lang='grc' dir='ltr'><strong>οὕτω</strong></span> <span class='ocrx_word' id='word_1_478' title='bbox 1461 3527 1561 3598; x_wconf 80' lang='grc' dir='ltr'><strong>μὲν</strong></span> <span class='ocrx_word' id='word_1_479' title='bbox 1606 3531 1674 3598; x_wconf 81' lang='grc' dir='ltr'><strong>τῇ</strong></span> <span class='ocrx_word' id='word_1_480' title='bbox 1719 3528 1938 3599; x_wconf 88' lang='grc' dir='ltr'><strong>Ἐκκλη-</strong></span> 
     </span>
    </p>
   </div>
   <div class='ocr_carea' id='block_1_69' title="bbox 364 3623 877 3696">
    <p class='ocr_par' dir='ltr' id='par_1_69' title="bbox 364 3623 877 3696">
     <span class='ocr_line' id='line_1_69' title="bbox 364 3623 877 3696; baseline -0.004 -21"><span class='ocrx_word' id='word_1_481' title='bbox 364 3626 456 3696; x_wconf 80' lang='grc' dir='ltr'><strong>σίᾳ</strong></span> <span class='ocrx_word' id='word_1_482' title='bbox 480 3623 877 3694; x_wconf 78' lang='grc' dir='ltr'><strong>προσέδραμεν.</strong></span> 
     </span>
    </p>
   </div>
   <div class='ocr_carea' id='block_1_70' title="bbox 433 3709 1934 3786">
    <p class='ocr_par' dir='ltr' id='par_1_70' title="bbox 433 3709 1934 3786">
     <span class='ocr_line' id='line_1_70' title="bbox 433 3709 1934 3786; baseline -0.003 -18"><span class='ocrx_word' id='word_1_483' title='bbox 433 3715 690 3785; x_wconf 78' lang='grc' dir='ltr'><strong>Δέξωμεν</strong></span> <span class='ocrx_word' id='word_1_484' title='bbox 715 3713 824 3786; x_wconf 71' lang='grc'>(24)</span> <span class='ocrx_word' id='word_1_485' title='bbox 850 3712 907 3765; x_wconf 80' lang='grc' dir='ltr'><strong>δὲ</strong></span> <span class='ocrx_word' id='word_1_486' title='bbox 929 3712 1114 3765; x_wconf 68' lang='grc' dir='ltr'><strong>λοιπον</strong></span> <span class='ocrx_word' id='word_1_487' title='bbox 1131 3711 1224 3765; x_wconf 74' lang='grc' dir='ltr'><strong>καὶ</strong></span> <span class='ocrx_word' id='word_1_488' title='bbox 1235 3711 1333 3780; x_wconf 84' lang='grc' dir='ltr'><strong>τὴν</strong></span> <span class='ocrx_word' id='word_1_489' title='bbox 1356 3710 1520 3782; x_wconf 82' lang='grc' dir='ltr'><strong>ρῶσιν</strong></span> <span class='ocrx_word' id='word_1_490' title='bbox 1543 3709 1636 3763; x_wconf 80' lang='grc' dir='ltr'><strong>τοῦ</strong></span> <span class='ocrx_word' id='word_1_491' title='bbox 1665 3709 1934 3780; x_wconf 84' lang='grc' dir='ltr'><strong>σώματος,</strong></span> 
     </span>
    </p>
   </div>
   <div class='ocr_carea' id='block_1_71' title="bbox 361 3802 1938 3877">
    <p class='ocr_par' dir='ltr' id='par_1_71' title="bbox 361 3802 1938 3877">
     <span class='ocr_line' id='line_1_71' title="bbox 361 3802 1938 3877; baseline -0.004 -15"><span class='ocrx_word' id='word_1_492' title='bbox 361 3809 427 3862; x_wconf 86' lang='grc' dir='ltr'><strong>δι’</strong></span> <span class='ocrx_word' id='word_1_493' title='bbox 456 3808 637 3877; x_wconf 83' lang='grc' dir='ltr'><strong>ὀλίγου</strong></span> <span class='ocrx_word' id='word_1_494' title='bbox 686 3806 779 3860; x_wconf 82' lang='grc' dir='ltr'><strong>τὸν</strong></span> <span class='ocrx_word' id='word_1_495' title='bbox 826 3804 985 3873; x_wconf 79' lang='grc' dir='ltr'><strong>λόγον</strong></span> <span class='ocrx_word' id='word_1_496' title='bbox 1033 3802 1343 3872; x_wconf 75' lang='grc' dir='ltr'><strong>ποιούμενοι</strong></span> <span class='ocrx_word' id='word_1_497' title='bbox 1366 3817 1381 3833; x_wconf 77' lang='grc' dir='ltr'><strong>ο</strong></span> <span class='ocrx_word' id='word_1_498' title='bbox 1415 3804 1549 3856; x_wconf 87' lang='grc' dir='ltr'><strong>Μετ’</strong></span> <span class='ocrx_word' id='word_1_499' title='bbox 1596 3802 1783 3874; x_wconf 82' lang='grc' dir='ltr'><strong>ὀλίγας</strong></span> <span class='ocrx_word' id='word_1_500' title='bbox 1838 3804 1938 3869; x_wconf 85' lang='grc' dir='ltr'><strong>τὰς</strong></span> 
     </span>
    </p>
   </div>
   <div class='ocr_carea' id='block_1_72' title="bbox 361 3893 1936 3972">
    <p class='ocr_par' dir='ltr' id='par_1_72' title="bbox 361 3893 1936 3972">
     <span class='ocr_line' id='line_1_72' title="bbox 361 3893 1936 3972; baseline -0.003 -18"><span class='ocrx_word' id='word_1_501' title='bbox 361 3900 577 3972; x_wconf 85' lang='grc' dir='ltr'><strong>ἡμέρας</strong></span> <span class='ocrx_word' id='word_1_502' title='bbox 631 3899 793 3952; x_wconf 81' lang='grc' dir='ltr'><strong>πάλιν</strong></span> <span class='ocrx_word' id='word_1_503' title='bbox 848 3895 1129 3959; x_wconf 75' lang='grc' dir='ltr'><strong>ἐκάθευδε,</strong></span> <span class='ocrx_word' id='word_1_504' title='bbox 1177 3893 1274 3949; x_wconf 81' lang='grc' dir='ltr'><strong>καὶ</strong></span> <span class='ocrx_word' id='word_1_505' title='bbox 1328 3897 1685 3967; x_wconf 83' lang='grc' dir='ltr'><strong>παρεστῶτας</strong></span> <span class='ocrx_word' id='word_1_506' title='bbox 1751 3896 1936 3967; x_wconf 79' lang='grc' dir='ltr'><strong>βλέπει</strong></span> 
     </span>
    </p>
   </div>
   <div class='ocr_carea' id='block_1_73' title="bbox 360 3985 1934 4059">
    <p class='ocr_par' dir='ltr' id='par_1_73' title="bbox 360 3985 1934 4059">
     <span class='ocr_line' id='line_1_73' title="bbox 360 3985 1934 4059; baseline -0.001 -17"><span class='ocrx_word' id='word_1_507' title='bbox 360 3990 489 4052; x_wconf 80' lang='grc' dir='ltr'><strong>τοὺς</strong></span> <span class='ocrx_word' id='word_1_508' title='bbox 520 3987 829 4059; x_wconf 84' lang='grc' dir='ltr'><strong>μάρτυρας,</strong></span> <span class='ocrx_word' id='word_1_509' title='bbox 858 3985 957 4041; x_wconf 64' lang='grc' dir='ltr'><strong>κοιλ⁸</strong></span> <span class='ocrx_word' id='word_1_510' title='bbox 982 3986 1286 4040; x_wconf 80' lang='grc' dir='ltr'><strong>συνοδεύειν</strong></span> <span class='ocrx_word' id='word_1_511' title='bbox 1315 3987 1500 4049; x_wconf 85' lang='grc' dir='ltr'><strong>αὐτοῖς</strong></span> <span class='ocrx_word' id='word_1_512' title='bbox 1527 3988 1934 4052; x_wconf 71' lang='grc' dir='ltr'><strong>ἐπιτάττοντας*</strong></span> 
     </span>
    </p>
   </div>
   <div class='ocr_carea' id='block_1_74' title="bbox 360 4074 1934 4150">
    <p class='ocr_par' dir='ltr' id='par_1_74' title="bbox 360 4074 1934 4150">
     <span class='ocr_line' id='line_1_74' title="bbox 360 4074 1934 4150; baseline -0.003 -16"><span class='ocrx_word' id='word_1_513' title='bbox 360 4083 392 4134; x_wconf 87' lang='grc' dir='ltr'>ὁ</span> <span class='ocrx_word' id='word_1_514' title='bbox 445 4081 524 4147; x_wconf 85' lang='grc' dir='ltr'><strong>δὲ,</strong></span> <span class='ocrx_word' id='word_1_515' title='bbox 557 4081 719 4150; x_wconf 76' lang='grc' dir='ltr'><strong>φησὶν</strong></span> <span class='ocrx_word' id='word_1_516' title='bbox 773 4078 954 4150; x_wconf 81' lang='lat' dir='ltr'><strong>[Datn.</strong></span> <span class='ocrx_word' id='word_1_517' title='bbox 1001 4074 1176 4148; x_wconf 85' lang='grc' dir='ltr'><strong>σφίσι]</strong></span> <span class='ocrx_word' id='word_1_518' title='bbox 1226 4076 1633 4147; x_wconf 85' lang='grc' dir='ltr'><strong>προθυμότερον</strong></span> <span class='ocrx_word' id='word_1_519' title='bbox 1709 4078 1934 4129; x_wconf 74' lang='grc' dir='ltr'><strong>εἴπετοο</strong></span> 
     </span>
    </p>
   </div>
   <div class='ocr_carea' id='block_1_75' title="bbox 361 4165 1938 4244">
    <p class='ocr_par' dir='ltr' id='par_1_75' title="bbox 361 4165 1938 4244">
     <span class='ocr_line' id='line_1_75' title="bbox 361 4165 1938 4244; baseline -0.006 -18"><span class='ocrx_word' id='word_1_520' title='bbox 361 4173 479 4244; x_wconf 64' lang='grc' dir='ltr'><strong>⁴ᾔδει</strong></span> <span class='ocrx_word' id='word_1_521' title='bbox 508 4171 615 4241; x_wconf 82' lang='grc' dir='ltr'><strong>γὰρ</strong></span> <span class='ocrx_word' id='word_1_522' title='bbox 640 4171 740 4223; x_wconf 86' lang='grc' dir='ltr'><strong>οὐκ</strong></span> <span class='ocrx_word' id='word_1_523' title='bbox 764 4168 993 4239; x_wconf 83' lang='grc' dir='ltr'><strong>ἀκερδὲς</strong></span> <span class='ocrx_word' id='word_1_524' title='bbox 1022 4167 1082 4220; x_wconf 78' lang='grc' dir='ltr'><strong>τὸ</strong></span> <span class='ocrx_word' id='word_1_525' title='bbox 1107 4169 1218 4230; x_wconf 84' lang='grc' dir='ltr'><strong>τοῖς</strong></span> <span class='ocrx_word' id='word_1_526' title='bbox 1238 4167 1415 4235; x_wconf 81' lang='grc' dir='ltr'><strong>ἁγίοις</strong></span> <span class='ocrx_word' id='word_1_527' title='bbox 1440 4167 1787 4221; x_wconf 83' lang='grc' dir='ltr'><strong>συνέπεσθαι.</strong></span> <span class='ocrx_word' id='word_1_528' title='bbox 1821 4165 1938 4218; x_wconf 88' lang='grc' dir='ltr'><strong>Ἐλ-</strong></span> 
     </span>
    </p>
   </div>
   <div class='ocr_carea' id='block_1_76' title="bbox 363 4253 1939 4325">
    <p class='ocr_par' dir='ltr' id='par_1_76' title="bbox 363 4253 1939 4325">
     <span class='ocr_line' id='line_1_76' title="bbox 363 4253 1939 4325; baseline -0.004 -9"><span class='ocrx_word' id='word_1_529' title='bbox 363 4264 549 4324; x_wconf 84' lang='grc' dir='ltr'><strong>θόντες</strong></span> <span class='ocrx_word' id='word_1_530' title='bbox 590 4259 685 4314; x_wconf 80' lang='grc' dir='ltr'><strong>οὖν</strong></span> <span class='ocrx_word' id='word_1_531' title='bbox 729 4261 809 4323; x_wconf 81' lang='grc' dir='ltr'><strong>είς</strong></span> <span class='ocrx_word' id='word_1_532' title='bbox 843 4257 969 4311; x_wconf 77' lang='grc' dir='ltr'><strong>ναόν</strong></span> <span class='ocrx_word' id='word_1_533' title='bbox 1012 4273 1137 4310; x_wconf 86' lang='grc' dir='ltr'><strong>τινα</strong></span> <span class='ocrx_word' id='word_1_534' title='bbox 1187 4255 1396 4308; x_wconf 83' lang='grc' dir='ltr'><strong>τέλειον</strong></span> <span class='ocrx_word' id='word_1_535' title='bbox 1446 4253 1625 4325; x_wconf 83' lang='lat' dir='ltr'><strong>[Dam.</strong></span> <span class='ocrx_word' id='word_1_536' title='bbox 1682 4254 1939 4309; x_wconf 88' lang='lat' dir='ltr'><strong>mendose</strong></span> 
     </span>
    </p>
   </div>
   <div class='ocr_carea' id='block_1_77' title="bbox 2039 3073 3604 3146">
    <p class='ocr_par' dir='ltr' id='par_1_77' title="bbox 2039 3073 3604 3146">
     <span class='ocr_line' id='line_1_77' title="bbox 2039 3073 3604 3146; baseline -0.001 -15"><span class='ocrx_word' id='word_1_537' title='bbox 2039 3076 2596 3146; x_wconf 81' lang='lat' dir='ltr'><strong>rum-dispensatione</strong></span> <span class='ocrx_word' id='word_1_538' title='bbox 2625 3073 2913 3130; x_wconf 79' lang='lat' dir='ltr'><strong>manifeste</strong></span> <span class='ocrx_word' id='word_1_539' title='bbox 2949 3074 3275 3128; x_wconf 83' lang='lat' dir='ltr'><strong>oblivionem</strong></span> <span class='ocrx_word' id='word_1_540' title='bbox 3322 3088 3604 3142; x_wconf 75' lang='lat' dir='ltr'><strong>perpessa.</strong></span> 
     </span>
    </p>
   </div>
   <div class='ocr_carea' id='block_1_78' title="bbox 2038 3159 3641 3237">
    <p class='ocr_par' dir='ltr' id='par_1_78' title="bbox 2038 3159 3641 3237">
     <span class='ocr_line' id='line_1_78' title="bbox 2038 3159 3641 3237; baseline -0.003 -12"><span class='ocrx_word' id='word_1_541' title='bbox 2038 3174 2106 3225; x_wconf 84' lang='lat' dir='ltr'><strong>At</strong></span> <span class='ocrx_word' id='word_1_542' title='bbox 2166 3170 2256 3224; x_wconf 90' lang='lat' dir='ltr'><strong>ille</strong></span> <span class='ocrx_word' id='word_1_543' title='bbox 2316 3184 2439 3223; x_wconf 89' lang='lat' dir='ltr'><strong>cum</strong></span> <span class='ocrx_word' id='word_1_544' title='bbox 2496 3166 2863 3237; x_wconf 76' lang='lat' dir='ltr'><strong>cognovisset,</strong></span> <span class='ocrx_word' id='word_1_545' title='bbox 2912 3165 3064 3234; x_wconf 90' lang='lat' dir='ltr'><strong>prius</strong></span> <span class='ocrx_word' id='word_1_546' title='bbox 3113 3164 3331 3234; x_wconf 79' lang='lat' dir='ltr'><strong>quidem</strong></span> <span class='ocrx_word' id='word_1_547' title='bbox 3386 3159 3641 3234; x_wconf 65' lang='lat' dir='ltr'><strong>gavisus</strong></span> 
     </span>
    </p>
   </div>
   <div class='ocr_carea' id='block_1_79' title="bbox 2038 3256 3606 3327">
    <p class='ocr_par' dir='ltr' id='par_1_79' title="bbox 2038 3256 3606 3327">
     <span class='ocr_line' id='line_1_79' title="bbox 2038 3256 3606 3327; baseline -0.005 -11"><span class='ocrx_word' id='word_1_548' title='bbox 2038 3270 2142 3327; x_wconf 89' lang='lat' dir='ltr'><strong>est,</strong></span> <span class='ocrx_word' id='word_1_549' title='bbox 2175 3261 2302 3315; x_wconf 89' lang='lat' dir='ltr'><strong>dein</strong></span> <span class='ocrx_word' id='word_1_550' title='bbox 2332 3275 2463 3313; x_wconf 87' lang='lat' dir='ltr'><strong>vero</strong></span> <span class='ocrx_word' id='word_1_551' title='bbox 2486 3264 2683 3314; x_wconf 89' lang='lat' dir='ltr'><strong>cuncta</strong></span> <span class='ocrx_word' id='word_1_552' title='bbox 2714 3259 2873 3312; x_wconf 85' lang='lat' dir='ltr'><strong>matri</strong></span> <span class='ocrx_word' id='word_1_553' title='bbox 2900 3256 3139 3309; x_wconf 87' lang='lat' dir='ltr'><strong>narravit</strong></span> <span class='ocrx_word' id='word_1_554' title='bbox 3171 3269 3511 3325; x_wconf 62' lang='lat' dir='ltr'><strong>quaecunque</strong></span> <span class='ocrx_word' id='word_1_555' title='bbox 3554 3257 3606 3308; x_wconf 88' lang='lat' dir='ltr'><strong>in</strong></span> 
     </span>
    </p>
   </div>
   <div class='ocr_carea' id='block_1_80' title="bbox 2038 3345 3617 3422">
    <p class='ocr_par' dir='ltr' id='par_1_80' title="bbox 2038 3345 3617 3422">
     <span class='ocr_line' id='line_1_80' title="bbox 2038 3345 3617 3422; baseline -0.008 -13"><span class='ocrx_word' id='word_1_556' title='bbox 2038 3368 2101 3409; x_wconf 86' lang='lat' dir='ltr'><strong>se</strong></span> <span class='ocrx_word' id='word_1_557' title='bbox 2135 3360 2406 3422; x_wconf 87' lang='lat' dir='ltr'><strong>martyres</strong></span> <span class='ocrx_word' id='word_1_558' title='bbox 2440 3357 2750 3418; x_wconf 84' lang='lat' dir='ltr'><strong>gesserunt,</strong></span> <span class='ocrx_word' id='word_1_559' title='bbox 2786 3356 2840 3403; x_wconf 89' lang='lat' dir='ltr'><strong>et</strong></span> <span class='ocrx_word' id='word_1_560' title='bbox 2873 3348 3107 3417; x_wconf 85' lang='lat' dir='ltr'><strong>qualiter</strong></span> <span class='ocrx_word' id='word_1_561' title='bbox 3128 3345 3387 3401; x_wconf 45' lang='lat' dir='ltr'><strong>Ecclesia)</strong></span> <span class='ocrx_word' id='word_1_562' title='bbox 3418 3361 3617 3401; x_wconf 84' lang='lat' dir='ltr'><strong>occur-</strong></span> 
     </span>
    </p>
   </div>
   <div class='ocr_carea' id='block_1_81' title="bbox 2039 3436 3610 3513">
    <p class='ocr_par' dir='ltr' id='par_1_81' title="bbox 2039 3436 3610 3513">
     <span class='ocr_line' id='line_1_81' title="bbox 2039 3436 3610 3513; baseline -0.003 -13"><span class='ocrx_word' id='word_1_563' title='bbox 2039 3460 2161 3500; x_wconf 88' lang='lat' dir='ltr'><strong>rere</strong></span> <span class='ocrx_word' id='word_1_564' title='bbox 2190 3461 2248 3500; x_wconf 92' lang='lat' dir='ltr'><strong>se</strong></span> <span class='ocrx_word' id='word_1_565' title='bbox 2276 3443 2581 3513; x_wconf 88' lang='lat' dir='ltr'><strong>coegerint.</strong></span> <span class='ocrx_word' id='word_1_566' title='bbox 2627 3436 2695 3496; x_wconf 70' lang='lat' dir='ltr'><strong>Et</strong></span> <span class='ocrx_word' id='word_1_567' title='bbox 2724 3439 2813 3495; x_wconf 85' lang='lat' dir='ltr'><strong>ille</strong></span> <span class='ocrx_word' id='word_1_568' title='bbox 2847 3439 3066 3509; x_wconf 89' lang='lat' dir='ltr'><strong>quidem</strong></span> <span class='ocrx_word' id='word_1_569' title='bbox 3107 3439 3288 3495; x_wconf 86' lang='lat' dir='ltr'><strong>taliter</strong></span> <span class='ocrx_word' id='word_1_570' title='bbox 3322 3440 3387 3496; x_wconf 84' lang='lat' dir='ltr'><strong>ad</strong></span> <span class='ocrx_word' id='word_1_571' title='bbox 3423 3437 3610 3495; x_wconf 77' lang='lat' dir='ltr'><strong>Ecde-</strong></span> 
     </span>
    </p>
   </div>
   <div class='ocr_carea' id='block_1_82' title="bbox 2040 3534 2479 3604">
    <p class='ocr_par' dir='ltr' id='par_1_82' title="bbox 2040 3534 2479 3604">
     <span class='ocr_line' id='line_1_82' title="bbox 2040 3534 2479 3604; baseline -0.011 -13"><span class='ocrx_word' id='word_1_572' title='bbox 2040 3537 2176 3593; x_wconf 88' lang='lat' dir='ltr'><strong>siam</strong></span> <span class='ocrx_word' id='word_1_573' title='bbox 2214 3534 2479 3604; x_wconf 79' lang='lat' dir='ltr'><strong>confugit.</strong></span> 
     </span>
    </p>
   </div>
   <div class='ocr_carea' id='block_1_83' title="bbox 2110 3707 3607 3784">
    <p class='ocr_par' dir='ltr' id='par_1_83' title="bbox 2110 3707 3607 3784">
     <span class='ocr_line' id='line_1_83' title="bbox 2110 3707 3607 3784; baseline -0.008 -13"><span class='ocrx_word' id='word_1_574' title='bbox 2110 3716 2221 3773; x_wconf 83' lang='lat' dir='ltr'><strong>Nos</strong></span> <span class='ocrx_word' id='word_1_575' title='bbox 2254 3728 2432 3772; x_wconf 89' lang='lat' dir='ltr'><strong>autem</strong></span> <span class='ocrx_word' id='word_1_576' title='bbox 2457 3716 2570 3784; x_wconf 86' lang='lat' dir='ltr'><strong>jam</strong></span> <span class='ocrx_word' id='word_1_577' title='bbox 2600 3711 2850 3783; x_wconf 91' lang='lat' dir='ltr'><strong>corporis</strong></span> <span class='ocrx_word' id='word_1_578' title='bbox 2876 3710 3164 3766; x_wconf 82' lang='lat' dir='ltr'><strong>sanitatem</strong></span> <span class='ocrx_word' id='word_1_579' title='bbox 3196 3707 3459 3765; x_wconf 88' lang='lat' dir='ltr'><strong>dicemus.</strong></span> <span class='ocrx_word' id='word_1_580' title='bbox 3493 3721 3607 3762; x_wconf 89' lang='lat' dir='ltr'><strong>ser-</strong></span> 
     </span>
    </p>
   </div>
   <div class='ocr_carea' id='block_1_84' title="bbox 2040 3799 3610 3877">
    <p class='ocr_par' dir='ltr' id='par_1_84' title="bbox 2040 3799 3610 3877">
     <span class='ocr_line' id='line_1_84' title="bbox 2040 3799 3610 3877; baseline -0.008 -11"><span class='ocrx_word' id='word_1_581' title='bbox 2040 3824 2256 3866; x_wconf 91' lang='lat' dir='ltr'><strong>monem</strong></span> <span class='ocrx_word' id='word_1_582' title='bbox 2320 3805 2644 3877; x_wconf 89' lang='lat' dir='ltr'><strong>compendio</strong></span> <span class='ocrx_word' id='word_1_583' title='bbox 2697 3803 2979 3858; x_wconf 81' lang='lat' dir='ltr'><strong>facientes.</strong></span> <span class='ocrx_word' id='word_1_584' title='bbox 3039 3799 3171 3855; x_wconf 87' lang='lat' dir='ltr'><strong>Post</strong></span> <span class='ocrx_word' id='word_1_585' title='bbox 3225 3812 3430 3869; x_wconf 86' lang='lat' dir='ltr'><strong>paucos</strong></span> <span class='ocrx_word' id='word_1_586' title='bbox 3491 3799 3610 3854; x_wconf 89' lang='lat' dir='ltr'><strong>dies</strong></span> 
     </span>
    </p>
   </div>
   <div class='ocr_carea' id='block_1_85' title="bbox 2040 3878 3651 3961">
    <p class='ocr_par' dir='ltr' id='par_1_85' title="bbox 2040 3878 3651 3961">
     <span class='ocr_line' id='line_1_85' title="bbox 2040 3878 3651 3961; baseline -0.009 -6"><span class='ocrx_word' id='word_1_587' title='bbox 2040 3903 2238 3955; x_wconf 88' lang='lat' dir='ltr'><strong>iterum</strong></span> <span class='ocrx_word' id='word_1_588' title='bbox 2273 3898 2599 3958; x_wconf 83' lang='lat' dir='ltr'><strong>dormiebat,</strong></span> <span class='ocrx_word' id='word_1_589' title='bbox 2622 3903 2676 3950; x_wconf 88' lang='lat' dir='ltr'><strong>et</strong></span> <span class='ocrx_word' id='word_1_590' title='bbox 2704 3896 2900 3948; x_wconf 90' lang='lat' dir='ltr'><strong>iterum</strong></span> <span class='ocrx_word' id='word_1_591' title='bbox 2944 3891 3142 3961; x_wconf 87' lang='lat' dir='ltr'><strong>aspicit</strong></span> <span class='ocrx_word' id='word_1_592' title='bbox 3200 3899 3468 3959; x_wconf 84' lang='lat' dir='ltr'><strong>martyres</strong></span> <span class='ocrx_word' id='word_1_593' title='bbox 3514 3903 3604 3942; x_wconf 86' lang='lat' dir='ltr'><strong>as-</strong></span> <span class='ocrx_word' id='word_1_594' title='bbox 3639 3878 3651 3895; x_wconf 85' lang='grc'><em>’</em></span> 
     </span>
    </p>
   </div>
   <div class='ocr_carea' id='block_1_86' title="bbox 2041 3977 3606 4055">
    <p class='ocr_par' dir='ltr' id='par_1_86' title="bbox 2041 3977 3606 4055">
     <span class='ocr_line' id='line_1_86' title="bbox 2041 3977 3606 4055; baseline -0.006 -11"><span class='ocrx_word' id='word_1_595' title='bbox 2041 4002 2238 4054; x_wconf 86' lang='lat' dir='ltr'><strong>tantes,</strong></span> <span class='ocrx_word' id='word_1_596' title='bbox 2267 3997 2320 4044; x_wconf 90' lang='lat' dir='ltr'><strong>et</strong></span> <span class='ocrx_word' id='word_1_597' title='bbox 2347 4002 2531 4044; x_wconf 88' lang='lat' dir='ltr'><strong>secum</strong></span> <span class='ocrx_word' id='word_1_598' title='bbox 2565 3985 2813 4041; x_wconf 90' lang='lat' dir='ltr'><strong>comitari</strong></span> <span class='ocrx_word' id='word_1_599' title='bbox 2840 3983 3234 4055; x_wconf 69' lang='lat' dir='ltr'><strong>praecipientes,</strong></span> <span class='ocrx_word' id='word_1_600' title='bbox 3256 3979 3350 4051; x_wconf 89' lang='lat' dir='ltr'><strong>qui</strong></span> <span class='ocrx_word' id='word_1_601' title='bbox 3376 3987 3433 4034; x_wconf 94' lang='lat' dir='ltr'><strong>ut</strong></span> <span class='ocrx_word' id='word_1_602' title='bbox 3465 3977 3606 4034; x_wconf 82' lang='lat' dir='ltr'><strong>fere-</strong></span> 
     </span>
    </p>
   </div>
   <div class='ocr_carea' id='block_1_87' title="bbox 2039 4070 3606 4146">
    <p class='ocr_par' dir='ltr' id='par_1_87' title="bbox 2039 4070 3606 4146">
     <span class='ocr_line' id='line_1_87' title="bbox 2039 4070 3606 4146; baseline -0.009 -9"><span class='ocrx_word' id='word_1_603' title='bbox 2039 4083 2133 4137; x_wconf 86' lang='lat' dir='ltr'><strong>bat</strong></span> <span class='ocrx_word' id='word_1_604' title='bbox 2167 4081 2404 4135; x_wconf 88' lang='lat' dir='ltr'><strong>alacrius</strong></span> <span class='ocrx_word' id='word_1_605' title='bbox 2465 4076 2834 4146; x_wconf 86' lang='lat' dir='ltr'><strong>sequebatur;</strong></span> <span class='ocrx_word' id='word_1_606' title='bbox 2869 4082 3095 4129; x_wconf 73' lang='lat' dir='ltr'><strong>noverat</strong></span> <span class='ocrx_word' id='word_1_607' title='bbox 3127 4073 3271 4128; x_wconf 89' lang='lat' dir='ltr'><strong>enim</strong></span> <span class='ocrx_word' id='word_1_608' title='bbox 3305 4070 3450 4141; x_wconf 88' lang='lat' dir='ltr'><strong>quod</strong></span> <span class='ocrx_word' id='word_1_609' title='bbox 3498 4086 3606 4125; x_wconf 89' lang='lat' dir='ltr'><strong>non</strong></span> 
     </span>
    </p>
   </div>
   <div class='ocr_carea' id='block_1_88' title="bbox 2051 4159 3609 4238">
    <p class='ocr_par' dir='ltr' id='par_1_88' title="bbox 2051 4159 3609 4238">
     <span class='ocr_line' id='line_1_88' title="bbox 2051 4159 3609 4238; baseline -0.008 -10"><span class='ocrx_word' id='word_1_610' title='bbox 2051 4174 2172 4228; x_wconf 87' lang='lat' dir='ltr'><strong>sine</strong></span> <span class='ocrx_word' id='word_1_611' title='bbox 2207 4173 2358 4225; x_wconf 84' lang='lat' dir='ltr'><strong>lucro</strong></span> <span class='ocrx_word' id='word_1_612' title='bbox 2391 4183 2514 4223; x_wconf 88' lang='lat' dir='ltr'><strong>cum</strong></span> <span class='ocrx_word' id='word_1_613' title='bbox 2552 4166 2884 4238; x_wconf 80' lang='lat' dir='ltr'><strong>martyribus</strong></span> <span class='ocrx_word' id='word_1_614' title='bbox 2913 4172 3058 4220; x_wconf 86' lang='lat' dir='ltr'><strong>esset</strong></span> <span class='ocrx_word' id='word_1_615' title='bbox 3090 4164 3477 4218; x_wconf 86' lang='lat' dir='ltr'><strong>comitaturus.</strong></span> <span class='ocrx_word' id='word_1_616' title='bbox 3503 4159 3609 4215; x_wconf 86' lang='lat' dir='ltr'><strong>Ve-</strong></span> 
     </span>
    </p>
   </div>
   <div class='ocr_carea' id='block_1_89' title="bbox 2041 4253 3611 4328">
    <p class='ocr_par' dir='ltr' id='par_1_89' title="bbox 2041 4253 3611 4328">
     <span class='ocr_line' id='line_1_89' title="bbox 2041 4253 3611 4328; baseline -0.006 -14"><span class='ocrx_word' id='word_1_617' title='bbox 2041 4262 2256 4315; x_wconf 86' lang='lat' dir='ltr'><strong>nientes</strong></span> <span class='ocrx_word' id='word_1_618' title='bbox 2285 4259 2353 4315; x_wconf 91' lang='lat' dir='ltr'><strong>ad</strong></span> <span class='ocrx_word' id='word_1_619' title='bbox 2403 4257 2663 4328; x_wconf 89' lang='lat' dir='ltr'><strong>templum</strong></span> <span class='ocrx_word' id='word_1_620' title='bbox 2712 4254 2985 4325; x_wconf 89' lang='lat' dir='ltr'><strong>quoddam</strong></span> <span class='ocrx_word' id='word_1_621' title='bbox 3047 4254 3371 4323; x_wconf 77' lang='lat' dir='ltr'><strong>perfectum,</strong></span> <span class='ocrx_word' id='word_1_622' title='bbox 3429 4253 3611 4322; x_wconf 74' lang='lat' dir='ltr'><strong>specie</strong></span> 
     </span>
    </p>
   </div>
   <div class='ocr_carea' id='block_1_90' title="bbox 381 4342 1937 4424">
    <p class='ocr_par' dir='ltr' id='par_1_90' title="bbox 381 4343 1933 4423">
     <span class='ocr_line' id='line_1_90' title="bbox 381 4343 1933 4423; baseline -0.006 -17"><span class='ocrx_word' id='word_1_623' title='bbox 381 4350 699 4423; x_wconf 78' lang='grc' dir='ltr'><strong>Ἑλ).ήνων],</strong></span> <span class='ocrx_word' id='word_1_624' title='bbox 734 4349 812 4421; x_wconf 86' lang='grc' dir='ltr'>τῷ</span> <span class='ocrx_word' id='word_1_625' title='bbox 840 4347 941 4418; x_wconf 84' lang='grc' dir='ltr'><strong>μὲν</strong></span> <span class='ocrx_word' id='word_1_626' title='bbox 976 4347 1104 4400; x_wconf 76' lang='grc' dir='ltr'><strong>εῖδει</strong></span> <span class='ocrx_word' id='word_1_627' title='bbox 1135 4345 1364 4416; x_wconf 79' lang='grc' dir='ltr'><strong>φοϐερὸν</strong></span> <span class='ocrx_word' id='word_1_628' title='bbox 1391 4343 1487 4397; x_wconf 78' lang='grc' dir='ltr'><strong>καὶ</strong></span> <span class='ocrx_word' id='word_1_629' title='bbox 1518 4343 1933 4414; x_wconf 81' lang='grc' dir='ltr'><strong>ὑπέρλαμπρον,</strong></span> 
     </span>
    </p>
   </div>
   <div class='ocr_carea' id='block_1_91' title="bbox 2041 4342 3610 4424">
    <p class='ocr_par' dir='ltr' id='par_1_91' title="bbox 2041 4342 3610 4424">
     <span class='ocr_line' id='line_1_91' title="bbox 2041 4342 3610 4424; baseline -0.004 -21"><span class='ocrx_word' id='word_1_630' title='bbox 2041 4351 2256 4421; x_wconf 90' lang='lat' dir='ltr'><strong>quidem</strong></span> <span class='ocrx_word' id='word_1_631' title='bbox 2306 4348 2603 4424; x_wconf 86' lang='lat' dir='ltr'><strong>terribile,_</strong></span> <span class='ocrx_word' id='word_1_632' title='bbox 2641 4355 2804 4416; x_wconf 90' lang='lat' dir='ltr'><strong>atque</strong></span> <span class='ocrx_word' id='word_1_633' title='bbox 2868 4343 3269 4415; x_wconf 66' lang='lat' dir='ltr'><strong>praefulgidum,</strong></span> <span class='ocrx_word' id='word_1_634' title='bbox 3324 4342 3514 4396; x_wconf 87' lang='lat' dir='ltr'><strong>aititud</strong></span> <span class='ocrx_word' id='word_1_635' title='bbox 3543 4358 3610 4396; x_wconf 90' lang='lat' dir='ltr'><strong>ne</strong></span> 
     </span>
    </p>
   </div>
   <div class='ocr_carea' id='block_1_92' title="bbox 363 4434 1938 4514">
    <p class='ocr_par' dir='ltr' id='par_1_92' title="bbox 363 4434 1938 4514">
     <span class='ocr_line' id='line_1_92' title="bbox 363 4434 1938 4514; baseline -0.006 -18"><span class='ocrx_word' id='word_1_636' title='bbox 363 4443 443 4514; x_wconf 85' lang='grc' dir='ltr'><strong>τῷ</strong></span> <span class='ocrx_word' id='word_1_637' title='bbox 470 4443 517 4496; x_wconf 88' lang='grc' dir='ltr'><strong>δ’</strong></span> <span class='ocrx_word' id='word_1_638' title='bbox 548 4442 672 4512; x_wconf 75' lang='grc' dir='ltr'><strong>ὕψει</strong></span> <span class='ocrx_word' id='word_1_639' title='bbox 696 4441 806 4495; x_wconf 87' lang='grc' dir='ltr'><strong>τῶν</strong></span> <span class='ocrx_word' id='word_1_640' title='bbox 847 4437 1092 4511; x_wconf 82' lang='grc' dir='ltr'><strong>οὐρανῶν</strong></span> <span class='ocrx_word' id='word_1_641' title='bbox 1144 4436 1325 4490; x_wconf 79' lang='grc' dir='ltr'><strong>αὐτῶν</strong></span> <span class='ocrx_word' id='word_1_642' title='bbox 1386 4434 1792 4504; x_wconf 72' lang='grc' dir='ltr'><strong>ἐφαπτόμενον·</strong></span> <span class='ocrx_word' id='word_1_643' title='bbox 1844 4434 1938 4487; x_wconf 72' lang='grc' dir='ltr'><strong>καὶ</strong></span> 
     </span>
    </p>
   </div>
   <div class='ocr_carea' id='block_1_93' title="bbox 366 4523 1938 4602">
    <p class='ocr_par' dir='ltr' id='par_1_93' title="bbox 366 4523 1938 4602">
     <span class='ocr_line' id='line_1_93' title="bbox 366 4523 1938 4602; baseline -0.006 -13"><span class='ocrx_word' id='word_1_644' title='bbox 366 4538 498 4590; x_wconf 81' lang='grc' dir='ltr'><strong>εἴσω</strong></span> <span class='ocrx_word' id='word_1_645' title='bbox 533 4534 724 4589; x_wconf 85' lang='grc' dir='ltr'><strong>τούτου</strong></span> <span class='ocrx_word' id='word_1_646' title='bbox 748 4532 1054 4602; x_wconf 88' lang='grc' dir='ltr'><strong>γενόμενοι,</strong></span> <span class='ocrx_word' id='word_1_647' title='bbox 1086 4526 1350 4599; x_wconf 82' lang='grc' dir='ltr'><strong>μεγίστην</strong></span> <span class='ocrx_word' id='word_1_648' title='bbox 1381 4525 1571 4578; x_wconf 73' lang='grc' dir='ltr'><strong>εἰκόνα</strong></span> <span class='ocrx_word' id='word_1_649' title='bbox 1596 4526 1690 4578; x_wconf 78' lang='grc' dir='ltr'><strong>καὶ</strong></span> <span class='ocrx_word' id='word_1_650' title='bbox 1722 4523 1938 4595; x_wconf 70' lang='grc' dir='ltr'><strong>θαυμαι-</strong></span> 
     </span>
    </p>
   </div>
   <div class='ocr_carea' id='block_1_94' title="bbox 367 4614 1938 4693">
    <p class='ocr_par' dir='ltr' id='par_1_94' title="bbox 367 4614 1938 4693">
     <span class='ocr_line' id='line_1_94' title="bbox 367 4614 1938 4693; baseline -0.008 -14"><span class='ocrx_word' id='word_1_651' title='bbox 367 4627 490 4680; x_wconf 89' lang='grc' dir='ltr'><strong>σίαν</strong></span> <span class='ocrx_word' id='word_1_652' title='bbox 518 4625 860 4693; x_wconf 57' lang='grc' dir='ltr'><strong>ἐϐλέπομεν</strong></span> <span class='ocrx_word' id='word_1_653' title='bbox 906 4621 1068 4690; x_wconf 84' lang='grc' dir='ltr'><strong>μέσον</strong></span> <span class='ocrx_word' id='word_1_654' title='bbox 1117 4619 1216 4688; x_wconf 86' lang='grc' dir='ltr'><strong>μὲν</strong></span> <span class='ocrx_word' id='word_1_655' title='bbox 1264 4617 1355 4668; x_wconf 80' lang='grc' dir='ltr'><strong>τὸν</strong></span> <span class='ocrx_word' id='word_1_656' title='bbox 1384 4614 1660 4685; x_wconf 86' lang='grc' dir='ltr'><strong>Δεσπότην</strong></span> <span class='ocrx_word' id='word_1_657' title='bbox 1704 4614 1938 4684; x_wconf 81' lang='grc' dir='ltr'><strong>Χριστὸν</strong></span> 
     </span>
    </p>
   </div>
   <div class='ocr_carea' id='block_1_95' title="bbox 366 4705 1940 4788">
    <p class='ocr_par' dir='ltr' id='par_1_95' title="bbox 366 4705 1940 4788">
     <span class='ocr_line' id='line_1_95' title="bbox 366 4705 1940 4788; baseline -0.01 -16"><span class='ocrx_word' id='word_1_658' title='bbox 366 4716 750 4788; x_wconf 83' lang='grc' dir='ltr'><strong>γεγραμμένον</strong></span> <span class='ocrx_word' id='word_1_659' title='bbox 771 4710 1057 4783; x_wconf 83' lang='grc' dir='ltr'><strong>χρώμασιν</strong></span> <span class='ocrx_word' id='word_1_660' title='bbox 1077 4709 1339 4779; x_wconf 74' lang='grc' dir='ltr'><strong>ἔχουσαν,-</strong></span> <span class='ocrx_word' id='word_1_661' title='bbox 1360 4705 1592 4775; x_wconf 79' lang='grc' dir='ltr'><strong>Χριστοῦ</strong></span> <span class='ocrx_word' id='word_1_662' title='bbox 1617 4705 1675 4758; x_wconf 84' lang='grc' dir='ltr'><strong>δὲ</strong></span> <span class='ocrx_word' id='word_1_663' title='bbox 1725 4705 1821 4776; x_wconf 75' lang='grc' dir='ltr'><strong>τὴν</strong></span> <span class='ocrx_word' id='word_1_664' title='bbox 1846 4707 1940 4758; x_wconf 80' lang='grc' dir='ltr'><strong>Δέ-</strong></span> 
     </span>
    </p>
   </div>
   <div class='ocr_carea' id='block_1_96' title="bbox 371 4796 1939 4877">
    <p class='ocr_par' dir='ltr' id='par_1_96' title="bbox 371 4796 1939 4877">
     <span class='ocr_line' id='line_1_96' title="bbox 371 4796 1939 4877; baseline -0.01 -13"><span class='ocrx_word' id='word_1_665' title='bbox 371 4826 597 4864; x_wconf 86' lang='grc' dir='ltr'><strong>σποιναν</strong></span> <span class='ocrx_word' id='word_1_666' title='bbox 654 4806 811 4877; x_wconf 83' lang='grc' dir='ltr'><strong>ἡμῶν</strong></span> <span class='ocrx_word' id='word_1_667' title='bbox 837 4803 935 4874; x_wconf 82' lang='grc' dir='ltr'><strong>τὴν</strong></span> <span class='ocrx_word' id='word_1_668' title='bbox 973 4800 1232 4856; x_wconf 84' lang='grc' dir='ltr'><strong>Θεοτόκον</strong></span> <span class='ocrx_word' id='word_1_669' title='bbox 1274 4797 1369 4851; x_wconf 69' lang='grc' dir='ltr'><strong>καὶ</strong></span> <span class='ocrx_word' id='word_1_670' title='bbox 1398 4796 1782 4866; x_wconf 85' lang='grc' dir='ltr'><strong>Ἀειπάρθενον</strong></span> <span class='ocrx_word' id='word_1_671' title='bbox 1818 4797 1939 4850; x_wconf 90' lang='grc' dir='ltr'><strong>Μα-</strong></span> 
     </span>
    </p>
   </div>
   <div class='ocr_carea' id='block_1_97' title="bbox 372 4886 1940 4973">
    <p class='ocr_par' dir='ltr' id='par_1_97' title="bbox 372 4886 1940 4973">
     <span class='ocr_line' id='line_1_97' title="bbox 372 4886 1940 4973; baseline -0.01 -21"><span class='ocrx_word' id='word_1_672' title='bbox 372 4903 492 4973; x_wconf 84' lang='grc' dir='ltr'><strong>ρίαν</strong></span> <span class='ocrx_word' id='word_1_673' title='bbox 515 4898 816 4966; x_wconf 83' lang='grc' dir='ltr'><strong>εῠώνυμον,</strong></span> <span class='ocrx_word' id='word_1_674' title='bbox 866 4893 961 4946; x_wconf 70' lang='grc' dir='ltr'><strong>καὶ</strong></span> <span class='ocrx_word' id='word_1_675' title='bbox 989 4891 1165 4956; x_wconf 75' lang='grc' dir='ltr'><strong>δεξιον</strong></span> <span class='ocrx_word' id='word_1_676' title='bbox 1194 4888 1447 4958; x_wconf 69' lang='grc' dir='ltr'><strong>Ἰωάννην</strong></span> <span class='ocrx_word' id='word_1_677' title='bbox 1499 4887 1591 4939; x_wconf 83' lang='grc' dir='ltr'><strong>τὸν</strong></span> <span class='ocrx_word' id='word_1_678' title='bbox 1638 4886 1940 4957; x_wconf 80' lang='grc' dir='ltr'><strong>βαπτιστὴν</strong></span> 
     </span>
    </p>
   </div>
   <div class='ocr_carea' id='block_1_98' title="bbox 369 4975 1941 5059">
    <p class='ocr_par' dir='ltr' id='par_1_98' title="bbox 369 4975 1941 5059">
     <span class='ocr_line' id='line_1_98' title="bbox 369 4975 1941 5059; baseline -0.013 -12"><span class='ocrx_word' id='word_1_679' title='bbox 369 4991 535 5047; x_wconf 79' lang='grc' dir='ltr'><strong>αὑτοῦ</strong></span> <span class='ocrx_word' id='word_1_680' title='bbox 576 4989 671 5043; x_wconf 85' lang='grc' dir='ltr'><strong>τοῦ</strong></span> <span class='ocrx_word' id='word_1_681' title='bbox 719 4987 968 5057; x_wconf 82' lang='grc' dir='ltr'><strong>Σωτῆρος</strong></span> <span class='ocrx_word' id='word_1_682' title='bbox 1016 4984 1109 5036; x_wconf 74' lang='grc' dir='ltr'><strong>καὶ</strong></span> <span class='ocrx_word' id='word_1_683' title='bbox 1155 4979 1483 5052; x_wconf 87' lang='grc' dir='ltr'><strong>πρόδρομον,</strong></span> <span class='ocrx_word' id='word_1_684' title='bbox 1507 4976 1599 5030; x_wconf 85' lang='grc' dir='ltr'><strong>τὸν</strong></span> <span class='ocrx_word' id='word_1_685' title='bbox 1648 4978 1707 5059; x_wconf 64' lang='grc' dir='ltr'><strong>έν</strong></span> <span class='ocrx_word' id='word_1_686' title='bbox 1755 4975 1941 5047; x_wconf 79' lang='grc' dir='ltr'><strong>κοιλίᾳ</strong></span> 
     </span>
    </p>
   </div>
   <div class='ocr_carea' id='block_1_99' title="bbox 374 5067 1938 5155">
    <p class='ocr_par' dir='ltr' id='par_1_99' title="bbox 374 5067 1938 5155">
     <span class='ocr_line' id='line_1_99' title="bbox 374 5067 1938 5155; baseline -0.011 -16"><span class='ocrx_word' id='word_1_687' title='bbox 374 5083 737 5155; x_wconf 79' lang='grc' dir='ltr'><strong>σκιρτήμασιν</strong></span> <span class='ocrx_word' id='word_1_688' title='bbox 768 5078 932 5132; x_wconf 77' lang='grc' dir='ltr'><strong>αὐτὸν</strong></span> <span class='ocrx_word' id='word_1_689' title='bbox 976 5071 1429 5144; x_wconf 85' lang='grc' dir='ltr'><strong>προμηνύσαντα,</strong></span> <span class='ocrx_word' id='word_1_690' title='bbox 1467 5067 1592 5121; x_wconf 73' lang='grc' dir='ltr'><strong>ἐπεὶ</strong></span> <span class='ocrx_word' id='word_1_691' title='bbox 1625 5068 1721 5122; x_wconf 72' lang='grc' dir='ltr'><strong>καὶ</strong></span> <span class='ocrx_word' id='word_1_692' title='bbox 1760 5068 1938 5122; x_wconf 88' lang='grc' dir='ltr'><strong>λαλῶν</strong></span> 
     </span>
    </p>
   </div>
   <div class='ocr_carea' id='block_1_100' title="bbox 368 5160 1940 5247">
    <p class='ocr_par' dir='ltr' id='par_1_100' title="bbox 368 5160 1940 5247">
     <span class='ocr_line' id='line_1_100' title="bbox 368 5160 1940 5247; baseline -0.011 -17"><span class='ocrx_word' id='word_1_693' title='bbox 368 5176 518 5230; x_wconf 72' lang='grc' dir='ltr'><strong>ἔνδον</strong></span> <span class='ocrx_word' id='word_1_694' title='bbox 569 5171 802 5247; x_wconf 82' lang='lat' dir='ltr'><strong>[Synod.</strong></span> <span class='ocrx_word' id='word_1_695' title='bbox 848 5176 904 5225; x_wconf 84' lang='lat' dir='ltr'><strong>et</strong></span> <span class='ocrx_word' id='word_1_696' title='bbox 935 5167 1089 5223; x_wconf 79' lang='lat' dir='ltr'><strong>Dant.</strong></span> <span class='ocrx_word' id='word_1_697' title='bbox 1121 5164 1269 5217; x_wconf 77' lang='grc' dir='ltr'><strong>ένδον</strong></span> <span class='ocrx_word' id='word_1_698' title='bbox 1297 5160 1397 5234; x_wconf 81' lang='grc' dir='ltr'><strong>ὢν]</strong></span> <span class='ocrx_word' id='word_1_699' title='bbox 1434 5161 1534 5215; x_wconf 85' lang='grc' dir='ltr'><strong>οὑκ</strong></span> <span class='ocrx_word' id='word_1_700' title='bbox 1560 5160 1810 5232; x_wconf 72' lang='grc' dir='ltr'><strong>ἠκούετο,</strong></span> <span class='ocrx_word' id='word_1_701' title='bbox 1843 5160 1940 5215; x_wconf 83' lang='grc' dir='ltr'><strong>καί</strong></span> 
     </span>
    </p>
   </div>
   <div class='ocr_carea' id='block_1_101' title="bbox 369 5250 1943 5331">
    <p class='ocr_par' dir='ltr' id='par_1_101' title="bbox 369 5250 1943 5331">
     <span class='ocr_line' id='line_1_101' title="bbox 369 5250 1943 5331; baseline -0.013 -7"><span class='ocrx_word' id='word_1_702' title='bbox 369 5284 519 5331; x_wconf 85' lang='grc' dir='ltr'><strong>τινας</strong></span> <span class='ocrx_word' id='word_1_703' title='bbox 555 5265 652 5319; x_wconf 83' lang='grc' dir='ltr'><strong>τοῦ</strong></span> <span class='ocrx_word' id='word_1_704' title='bbox 680 5261 790 5316; x_wconf 90' lang='grc' dir='ltr'><strong>τῶν</strong></span> <span class='ocrx_word' id='word_1_705' title='bbox 815 5258 1126 5314; x_wconf 83' lang='grc' dir='ltr'><strong>ἀποστόλων</strong></span> <span class='ocrx_word' id='word_1_706' title='bbox 1151 5256 1245 5311; x_wconf 78' lang='grc' dir='ltr'><strong>καὶ</strong></span> <span class='ocrx_word' id='word_1_707' title='bbox 1278 5251 1574 5326; x_wconf 81' lang='grc' dir='ltr'><strong>προφητῶν</strong></span> <span class='ocrx_word' id='word_1_708' title='bbox 1606 5250 1819 5318; x_wconf 73' lang='grc' dir='ltr'><strong>ἐνδόξου</strong></span> <span class='ocrx_word' id='word_1_709' title='bbox 1852 5270 1943 5323; x_wconf 83' lang='grc' dir='ltr'><strong>χο.</strong></span> 
     </span>
    </p>
   </div>
   <div class='ocr_carea' id='block_1_102' title="bbox 2040 4435 3607 4505">
    <p class='ocr_par' dir='ltr' id='par_1_102' title="bbox 2040 4435 3607 4505">
     <span class='ocr_line' id='line_1_102' title="bbox 2040 4435 3607 4505; baseline -0.005 -11"><span class='ocrx_word' id='word_1_710' title='bbox 2040 4454 2170 4494; x_wconf 89' lang='lat' dir='ltr'><strong>vero</strong></span> <span class='ocrx_word' id='word_1_711' title='bbox 2210 4440 2275 4493; x_wconf 86' lang='lat' dir='ltr'><strong>ad</strong></span> <span class='ocrx_word' id='word_1_712' title='bbox 2340 4438 2511 4493; x_wconf 78' lang='lat' dir='ltr'><strong>ctelos</strong></span> <span class='ocrx_word' id='word_1_713' title='bbox 2551 4437 2908 4505; x_wconf 81' lang='lat' dir='ltr'><strong>pertingens;</strong></span> <span class='ocrx_word' id='word_1_714' title='bbox 2966 4443 3019 4488; x_wconf 89' lang='lat' dir='ltr'><strong>et</strong></span> <span class='ocrx_word' id='word_1_715' title='bbox 3081 4435 3183 4487; x_wconf 86' lang='lat' dir='ltr'><strong>hoc</strong></span> <span class='ocrx_word' id='word_1_716' title='bbox 3241 4443 3607 4503; x_wconf 77' lang='lat' dir='ltr'><strong>penetrantes,</strong></span> 
     </span>
    </p>
   </div>
   <div class='ocr_carea' id='block_1_103' title="bbox 2039 4525 3608 4599">
    <p class='ocr_par' dir='ltr' id='par_1_103' title="bbox 2039 4525 3608 4599">
     <span class='ocr_line' id='line_1_103' title="bbox 2039 4525 3608 4599; baseline -0.004 -16"><span class='ocrx_word' id='word_1_717' title='bbox 2039 4530 2329 4583; x_wconf 78' lang='lat' dir='ltr'><strong>maximam</strong></span> <span class='ocrx_word' id='word_1_718' title='bbox 2387 4529 2675 4599; x_wconf 80' lang='lat' dir='ltr'><strong>imaginem</strong></span> <span class='ocrx_word' id='word_1_719' title='bbox 2730 4539 2785 4581; x_wconf 90' lang='lat' dir='ltr'><strong>et</strong></span> <span class='ocrx_word' id='word_1_720' title='bbox 2846 4525 3218 4579; x_wconf 78' lang='lat' dir='ltr'><strong>admirabilem</strong></span> <span class='ocrx_word' id='word_1_721' title='bbox 3271 4525 3608 4589; x_wconf 85' lang='lat' dir='ltr'><strong>videbamus,</strong></span> 
     </span>
    </p>
   </div>
   <div class='ocr_carea' id='block_1_104' title="bbox 2038 4612 3610 4689">
    <p class='ocr_par' dir='ltr' id='par_1_104' title="bbox 2038 4612 3610 4689">
     <span class='ocr_line' id='line_1_104' title="bbox 2038 4612 3610 4689; baseline -0.003 -17"><span class='ocrx_word' id='word_1_722' title='bbox 2038 4635 2160 4689; x_wconf 72' lang='lat' dir='ltr'><strong>qua:</strong></span> <span class='ocrx_word' id='word_1_723' title='bbox 2194 4622 2247 4673; x_wconf 92' lang='lat' dir='ltr'><strong>in</strong></span> <span class='ocrx_word' id='word_1_724' title='bbox 2276 4619 2455 4674; x_wconf 89' lang='lat' dir='ltr'><strong>medio</strong></span> <span class='ocrx_word' id='word_1_725' title='bbox 2477 4618 2694 4687; x_wconf 86' lang='lat' dir='ltr'><strong>quidem</strong></span> <span class='ocrx_word' id='word_1_726' title='bbox 2728 4618 2811 4671; x_wconf 90' lang='lat' dir='ltr'><strong>sui</strong></span> <span class='ocrx_word' id='word_1_727' title='bbox 2850 4612 3133 4669; x_wconf 76' lang='lat' dir='ltr'><strong>hominum</strong></span> <span class='ocrx_word' id='word_1_728' title='bbox 3160 4615 3438 4669; x_wconf 85' lang='lat' dir='ltr'><strong>Cln-isunn</strong></span> <span class='ocrx_word' id='word_1_729' title='bbox 3464 4614 3610 4667; x_wconf 83' lang='lat' dir='ltr'><strong>t&#39;olo-</strong></span> 
     </span>
    </p>
   </div>
   <div class='ocr_carea' id='block_1_105' title="bbox 2037 4708 3609 4780">
    <p class='ocr_par' dir='ltr' id='par_1_105' title="bbox 2037 4708 3609 4780">
     <span class='ocr_line' id='line_1_105' title="bbox 2037 4708 3609 4780; baseline -0.006 -14"><span class='ocrx_word' id='word_1_730' title='bbox 2037 4713 2192 4767; x_wconf 88' lang='lat' dir='ltr'><strong>ribus</strong></span> <span class='ocrx_word' id='word_1_731' title='bbox 2225 4711 2459 4767; x_wconf 80' lang='lat' dir='ltr'><strong>habebat</strong></span> <span class='ocrx_word' id='word_1_732' title='bbox 2487 4710 2786 4780; x_wconf 86' lang='lat' dir='ltr'><strong>depictum,</strong></span> <span class='ocrx_word' id='word_1_733' title='bbox 2821 4708 3198 4762; x_wconf 86' lang='lat' dir='ltr'><strong>sinistrorsum</strong></span> <span class='ocrx_word' id='word_1_734' title='bbox 3231 4720 3359 4759; x_wconf 83' lang='lat' dir='ltr'><strong>vero</strong></span> <span class='ocrx_word' id='word_1_735' title='bbox 3386 4716 3609 4759; x_wconf 59' lang='lat' dir='ltr'><strong>manent</strong></span> 
     </span>
    </p>
   </div>
   <div class='ocr_carea' id='block_1_106' title="bbox 2038 4797 3609 4870">
    <p class='ocr_par' dir='ltr' id='par_1_106' title="bbox 2038 4797 3609 4870">
     <span class='ocr_line' id='line_1_106' title="bbox 2038 4797 3609 4870; baseline -0.006 -14"><span class='ocrx_word' id='word_1_736' title='bbox 2038 4802 2211 4870; x_wconf 87' lang='lat' dir='ltr'><strong>ipsius</strong></span> <span class='ocrx_word' id='word_1_737' title='bbox 2236 4841 2251 4866; x_wconf 90' lang='lat'><strong>,</strong></span> <span class='ocrx_word' id='word_1_738' title='bbox 2280 4798 2564 4853; x_wconf 87' lang='lat' dir='ltr'><strong>Dominam</strong></span> <span class='ocrx_word' id='word_1_739' title='bbox 2601 4798 2854 4853; x_wconf 78' lang='lat' dir='ltr'><strong>videlicet</strong></span> <span class='ocrx_word' id='word_1_740' title='bbox 2888 4805 3126 4852; x_wconf 85' lang='lat' dir='ltr'><strong>nostram</strong></span> <span class='ocrx_word' id='word_1_741' title='bbox 3173 4797 3262 4849; x_wconf 86' lang='lat' dir='ltr'><strong>Dei</strong></span> <span class='ocrx_word' id='word_1_742' title='bbox 3294 4799 3609 4865; x_wconf 78' lang='lat' dir='ltr'><strong>genitricem</strong></span> 
     </span>
    </p>
   </div>
   <div class='ocr_carea' id='block_1_107' title="bbox 2038 4886 3610 4963">
    <p class='ocr_par' dir='ltr' id='par_1_107' title="bbox 2038 4886 3610 4963">
     <span class='ocr_line' id='line_1_107' title="bbox 2038 4886 3610 4963; baseline -0.007 -15"><span class='ocrx_word' id='word_1_743' title='bbox 2038 4906 2363 4963; x_wconf 89' lang='lat' dir='ltr'><strong>semperque</strong></span> <span class='ocrx_word' id='word_1_744' title='bbox 2406 4890 2666 4959; x_wconf 82' lang='lat' dir='ltr'><strong>virginem</strong></span> <span class='ocrx_word' id='word_1_745' title='bbox 2734 4887 2955 4942; x_wconf 81' lang='lat' dir='ltr'><strong>Mariam</strong></span> <span class='ocrx_word' id='word_1_746' title='bbox 3000 4904 3015 4941; x_wconf 90' lang='lat'><strong>:</strong></span> <span class='ocrx_word' id='word_1_747' title='bbox 3064 4902 3227 4957; x_wconf 85' lang='lat' dir='ltr'><strong>porro</strong></span> <span class='ocrx_word' id='word_1_748' title='bbox 3265 4886 3610 4940; x_wconf 73' lang='lat' dir='ltr'><strong>dt:).tt&#39;0t$ttttt</strong></span> 
     </span>
    </p>
   </div>
   <div class='ocr_carea' id='block_1_108' title="bbox 2044 4980 3612 5053">
    <p class='ocr_par' dir='ltr' id='par_1_108' title="bbox 2044 4980 3612 5053">
     <span class='ocr_line' id='line_1_108' title="bbox 2044 4980 3612 5053; baseline -0.006 -16"><span class='ocrx_word' id='word_1_749' title='bbox 2044 4982 2308 5039; x_wconf 80' lang='lat' dir='ltr'><strong>Joannem</strong></span> <span class='ocrx_word' id='word_1_750' title='bbox 2336 4982 2581 5053; x_wconf 91' lang='lat' dir='ltr'><strong>ejusdem</strong></span> <span class='ocrx_word' id='word_1_751' title='bbox 2614 4980 2915 5035; x_wconf 87' lang='lat' dir='ltr'><strong>Salvatoris</strong></span> <span class='ocrx_word' id='word_1_752' title='bbox 2941 4980 3232 5050; x_wconf 86' lang='lat' dir='ltr'><strong>baptistam</strong></span> <span class='ocrx_word' id='word_1_753' title='bbox 3264 4992 3315 5032; x_wconf 91' lang='lat' dir='ltr'><strong>et</strong></span> <span class='ocrx_word' id='word_1_754' title='bbox 3373 4993 3612 5047; x_wconf 70' lang='lat' dir='ltr'><strong>praecur-</strong></span> 
     </span>
    </p>
   </div>
   <div class='ocr_carea' id='block_1_109' title="bbox 2047 5073 3612 5147">
    <p class='ocr_par' dir='ltr' id='par_1_109' title="bbox 2047 5073 3612 5147">
     <span class='ocr_line' id='line_1_109' title="bbox 2047 5073 3612 5147; baseline -0.008 -14"><span class='ocrx_word' id='word_1_755' title='bbox 2047 5090 2249 5145; x_wconf 86' lang='lat' dir='ltr'><strong>sorem,</strong></span> <span class='ocrx_word' id='word_1_756' title='bbox 2280 5076 2372 5146; x_wconf 92' lang='lat' dir='ltr'><strong>qui</strong></span> <span class='ocrx_word' id='word_1_757' title='bbox 2406 5090 2472 5129; x_wconf 77' lang='lat' dir='ltr'><strong>ex</strong></span> <span class='ocrx_word' id='word_1_758' title='bbox 2522 5082 2679 5129; x_wconf 87' lang='lat' dir='ltr'><strong>utero</strong></span> <span class='ocrx_word' id='word_1_759' title='bbox 2700 5073 3161 5128; x_wconf 76' lang='lat' dir='ltr'><strong>exsultationibus</strong></span> <span class='ocrx_word' id='word_1_760' title='bbox 3183 5086 3305 5147; x_wconf 82' lang='lat' dir='ltr'><strong>eum</strong></span> <span class='ocrx_word' id='word_1_761' title='bbox 3359 5084 3612 5138; x_wconf 76' lang='lat' dir='ltr'><strong>pra-nun-</strong></span> 
     </span>
    </p>
   </div>
   <div class='ocr_carea' id='block_1_110' title="bbox 2051 5166 3615 5237">
    <p class='ocr_par' dir='ltr' id='par_1_110' title="bbox 2051 5166 3615 5237">
     <span class='ocr_line' id='line_1_110' title="bbox 2051 5166 3615 5237; baseline -0.01 -12"><span class='ocrx_word' id='word_1_762' title='bbox 2051 5170 2237 5237; x_wconf 86' lang='lat' dir='ltr'><strong>tiavit;</strong></span> <span class='ocrx_word' id='word_1_763' title='bbox 2271 5182 2397 5224; x_wconf 88' lang='lat' dir='ltr'><strong>nam</strong></span> <span class='ocrx_word' id='word_1_764' title='bbox 2451 5176 2506 5223; x_wconf 89' lang='lat' dir='ltr'><strong>et</strong></span> <span class='ocrx_word' id='word_1_765' title='bbox 2531 5167 2783 5237; x_wconf 85' lang='lat' dir='ltr'><strong>loquens,</strong></span> <span class='ocrx_word' id='word_1_766' title='bbox 2813 5181 2937 5220; x_wconf 89' lang='lat' dir='ltr'><strong>cum</strong></span> <span class='ocrx_word' id='word_1_767' title='bbox 2970 5166 3116 5218; x_wconf 87' lang='lat' dir='ltr'><strong>intus</strong></span> <span class='ocrx_word' id='word_1_768' title='bbox 3162 5171 3329 5224; x_wconf 88' lang='lat' dir='ltr'><strong>esset,</strong></span> <span class='ocrx_word' id='word_1_769' title='bbox 3368 5174 3474 5212; x_wconf 76' lang='lat' dir='ltr'><strong>non</strong></span> <span class='ocrx_word' id='word_1_770' title='bbox 3517 5174 3615 5210; x_wconf 80' lang='lat' dir='ltr'><strong>an-</strong></span> 
     </span>
    </p>
   </div>
   <div class='ocr_carea' id='block_1_111' title="bbox 2053 5251 3673 5327">
    <p class='ocr_par' dir='ltr' id='par_1_111' title="bbox 2053 5251 3673 5327">
     <span class='ocr_line' id='line_1_111' title="bbox 2053 5251 3673 5327; baseline -0.01 -12"><span class='ocrx_word' id='word_1_771' title='bbox 2053 5261 2295 5327; x_wconf 84' lang='lat' dir='ltr'><strong>diretur;</strong></span> <span class='ocrx_word' id='word_1_772' title='bbox 2356 5272 2569 5314; x_wconf 87' lang='lat' dir='ltr'><strong>necnon</strong></span> <span class='ocrx_word' id='word_1_773' title='bbox 2599 5265 2652 5311; x_wconf 88' lang='lat' dir='ltr'><strong>et</strong></span> <span class='ocrx_word' id='word_1_774' title='bbox 2697 5255 2964 5327; x_wconf 82' lang='lat' dir='ltr'><strong>quosdam</strong></span> <span class='ocrx_word' id='word_1_775' title='bbox 3023 5253 3091 5308; x_wconf 91' lang='lat' dir='ltr'><strong>de</strong></span> <span class='ocrx_word' id='word_1_776' title='bbox 3146 5251 3514 5322; x_wconf 85' lang='lat' dir='ltr'><strong>apostolorum</strong></span> <span class='ocrx_word' id='word_1_777' title='bbox 3563 5256 3613 5302; x_wconf 80' lang='lat' dir='ltr'><strong>et</strong></span> <span class='ocrx_word' id='word_1_778' title='bbox 3666 5298 3673 5305; x_wconf 73' lang='grc'>,</span> 
     </span>
    </p>
   </div>
   <div class='ocr_carea' id='block_1_112' title="bbox 1840 5396 2071 5453">
    <p class='ocr_par' dir='ltr' id='par_1_112' title="bbox 1840 5396 2071 5453">
     <span class='ocr_line' id='line_1_112' title="bbox 1840 5396 2071 5453; baseline 0.013 -3"><span class='ocrx_word' id='word_1_779' title='bbox 1840 5396 2071 5453; x_wconf 62' lang='grc' dir='ltr'><strong>λΟΤᾸῦ.</strong></span> 
     </span>
    </p>
   </div>
   <div class='ocr_carea' id='block_1_113' title="bbox 447 5508 1940 5595">
    <p class='ocr_par' dir='ltr' id='par_1_113' title="bbox 447 5508 1940 5595">
     <span class='ocr_line' id='line_1_113' title="bbox 447 5508 1940 5595; baseline -0.01 -17"><span class='ocrx_word' id='word_1_780' title='bbox 447 5524 557 5595; x_wconf 67' lang='grc' dir='ltr'><strong>(αι)</strong></span> <span class='ocrx_word' id='word_1_781' title='bbox 598 5522 924 5595; x_wconf 59' lang='lat' dir='ltr'><strong>Seqtteptent</strong></span> <span class='ocrx_word' id='word_1_782' title='bbox 958 5513 1330 5595; x_wconf 71' lang='lat' dir='ltr'><strong>narrationem</strong></span> <span class='ocrx_word' id='word_1_783' title='bbox 1375 5508 1710 5595; x_wconf 72' lang='lat' dir='ltr'><strong>reierunt_ex</strong></span> <span class='ocrx_word' id='word_1_784' title='bbox 1732 5524 1940 5595; x_wconf 61' lang='lat' dir='ltr'><strong>saneto</strong></span> 
     </span>
    </p>
   </div>
   <div class='ocr_carea' id='block_1_114' title="bbox 379 5583 1937 5655">
    <p class='ocr_par' dir='ltr' id='par_1_114' title="bbox 379 5583 1937 5655">
     <span class='ocr_line' id='line_1_114' title="bbox 379 5583 1937 5655; baseline -0.013 -5"><span class='ocrx_word' id='word_1_785' title='bbox 379 5583 703 5651; x_wconf 64' lang='lat' dir='ltr'><strong>nominatim</strong></span> <span class='ocrx_word' id='word_1_786' title='bbox 767 5586 1105 5655; x_wconf 77' lang='lat' dir='ltr'><strong>Sophronio_</strong></span> <span class='ocrx_word' id='word_1_787' title='bbox 1135 5583 1379 5655; x_wconf 83' lang='lat' dir='ltr'><strong>synodus</strong></span> <span class='ocrx_word' id='word_1_788' title='bbox 1440 5584 1681 5655; x_wconf 60' lang='lat' dir='ltr'><strong>secunda</strong></span> <span class='ocrx_word' id='word_1_789' title='bbox 1726 5583 1937 5655; x_wconf 66' lang='lat' dir='ltr'><strong>‘.\it:l3il_:l</strong></span> 
     </span>
    </p>
   </div>
   <div class='ocr_carea' id='block_1_115' title="bbox 384 5650 1940 5719">
    <p class='ocr_par' dir='ltr' id='par_1_115' title="bbox 384 5650 1940 5719">
     <span class='ocr_line' id='line_1_115' title="bbox 384 5650 1940 5719; baseline -0.013 0"><span class='ocrx_word' id='word_1_790' title='bbox 384 5650 488 5719; x_wconf 80' lang='lat' dir='ltr'><strong>act.</strong></span> <span class='ocrx_word' id='word_1_791' title='bbox 522 5667 549 5718; x_wconf 65' lang='grc'><strong>4</strong></span> <span class='ocrx_word' id='word_1_792' title='bbox 581 5667 665 5718; x_wconf 86' lang='lat' dir='ltr'><strong>ed.</strong></span> <span class='ocrx_word' id='word_1_793' title='bbox 726 5650 961 5712; x_wconf 63' lang='lat' dir='ltr'><strong>Fldrbnt.</strong></span> <span class='ocrx_word' id='word_1_794' title='bbox 1000 5666 1035 5710; x_wconf 88' lang='grc' dir='ltr'><strong>ι.</strong></span> <span class='ocrx_word' id='word_1_795' title='bbox 1069 5650 1219 5718; x_wconf 79' lang='lat' dir='ltr'><strong>Xlll,</strong></span> <span class='ocrx_word' id='word_1_796' title='bbox 1277 5653 1381 5705; x_wconf 79' lang='lat' dir='ltr'><strong>col.</strong></span> <span class='ocrx_word' id='word_1_797' title='bbox 1443 5650 1545 5717; x_wconf 84' lang='lat'><strong>57;</strong></span> <span class='ocrx_word' id='word_1_798' title='bbox 1602 5651 1835 5717; x_wconf 81' lang='lat' dir='ltr'><strong>itemq-te</strong></span> <span class='ocrx_word' id='word_1_799' title='bbox 1884 5652 1940 5703; x_wconf 64' lang='grc' dir='ltr'><strong>δ,</strong></span> 
     </span>
    </p>
   </div>
   <div class='ocr_carea' id='block_1_116' title="bbox 2048 5502 3613 5635">
    <p class='ocr_par' dir='ltr' id='par_1_116' title="bbox 2048 5502 3613 5635">
     <span class='ocr_line' id='line_1_116' title="bbox 2048 5502 3613 5635; baseline -0.005 -70"><span class='ocrx_word' id='word_1_800' title='bbox 2048 5512 2286 5635; x_wconf 49' lang='lat' dir='ltr'><strong>Joannes</strong></span> <span class='ocrx_word' id='word_1_801' title='bbox 2324 5512 2691 5568; x_wconf 84' lang='lat' dir='ltr'><strong>Damasccnus</strong></span> <span class='ocrx_word' id='word_1_802' title='bbox 2718 5509 2775 5565; x_wconf 88' lang='lat' dir='ltr'><strong>iu</strong></span> <span class='ocrx_word' id='word_1_803' title='bbox 2817 5507 2976 5564; x_wconf 85' lang='lat' dir='ltr'><strong>tertia</strong></span> <span class='ocrx_word' id='word_1_804' title='bbox 3027 5504 3272 5561; x_wconf 76' lang='lat' dir='ltr'><strong>oratione</strong></span> <span class='ocrx_word' id='word_1_805' title='bbox 3306 5502 3378 5558; x_wconf 78' lang='lat' dir='ltr'><strong>De</strong></span> <span class='ocrx_word' id='word_1_806' title='bbox 3429 5503 3613 5575; x_wconf 74' lang='lat' dir='ltr'><strong>inuigi-</strong></span> 
     </span>
     <span class='ocr_line' id='line_1_117' title="bbox 2053 5600 2225 5635; baseline 0.006 -1"><span class='ocrx_word' id='word_1_807' title='bbox 2053 5600 2103 5635; x_wconf 74' lang='grc' dir='ltr'><strong>ιιι</strong></span> <span class='ocrx_word' id='word_1_808' title='bbox 2147 5601 2225 5635; x_wconf 76' lang='lat' dir='ltr'><strong>us.</strong></span> 
     </span>
    </p>
   </div>
   <div class='ocr_carea' id='block_1_117' title="bbox 2053 5600 2225 5636">
    <p class='ocr_par' dir='ltr' id='par_1_117' title="bbox 2053 5600 2225 5636">
     <span class='ocr_line' id='line_1_118' title="bbox 2053 5600 2225 5636; baseline 0.006 -2"><span class='ocrx_word' id='word_1_809' title='bbox 2053 5600 2225 5636; x_wconf 69' lang='lat' dir='ltr'><strong>nauus.</strong></span> 
     </span>
    </p>
   </div>
  </div>
