4060 6236
443 284 588 352 355-9

1310 286 1369 345 S.
1412 282 1829 345 SOPHRONII
1867 279 2339 340 PATRARCII/E
2370 276 2775 340 HIEROSOL.

3555 259 3696 324 3560

452 395 841 464 prnphetnrum
879 393 1120 461 glorioso
1146 393 1336 459 choro,
1367 396 1767 464 martyrieoque
1798 392 2026 460 collegio

2140 388 2249 458 ροῦ,
2275 390 2370 441 καὶ
2393 393 2489 457 τῆς
2525 383 2865 455 μαρτυρικῆς
2893 377 3216 451 ὁμηγύρεως
3237 391 3250 406 ⁶
3294 374 3412 445 μεθ’
3443 364 3518 426 ὧν
3539 369 3701 438 ἐτύγο

451 500 573 535 cum
606 482 808 550 quibus
835 490 990 535 erant
1012 484 1170 535 etiam
1199 484 1299 552 ipsi
1336 493 1604 554 martyres
1638 483 1813 553 Cyrus
1877 482 2025 535 scili-

451 588 537 631 rct
571 585 623 628 et
656 574 918 640 Jvzannes,
960 575 1052 642 qui
1089 583 1215 630 ante
1256 577 1542 645 imaginem
1563 586 1770 630 stantes
1799 575 2025 628 Domino

454 666 826 736 procidebant.
860 680 1035 736 genua
1066 666 1366 731 ﬂectentes,
1397 676 1451 721 et
1504 667 1681 735 capita
1739 667 2023 720 invterram

453 765 767 817 curvantes,
794 765 959 823 atque
1000 768 1100 822 pro
1122 754 1409 807 curatione
1436 753 1654 826 juvenis
1685 753 2026 805 interceden-

455 858 554 900 tes.
591 844 762 899 Verba
789 852 1050 914 praeterea
1086 843 1501 897 intercessionis
1534 845 1645 896 lucc
1696 850 1852 897 erant
1878 861 1892 895 :
1922 841 2027 893 Do-

455 936 600 989 mine
634 933 1091 996 clementissime,
1116 932 1278 999 iubes
1325 942 1384 986 ιιι
1428 933 1622 987 demtis
1650 933 1775 985 huic
1822 934 2028 985 sanita-

455 1021 767 1076 temYCum
827 1030 1009 1075 autrm
1077 1020 1360 1075 multoties
1403 1035 1567 1089 supra
1640 1029 1839 1074 terrain
1895 1020 2027 1071 ado-

455 1121 640 1166 rantes
673 1109 1096 1180 supplicationis
1123 1110 1285 1164 verba
1323 1109 1623 1170 misissent,
1666 1108 2027 1177 Christusth

460 1200 721 1254 Dominus
784 1212 890 1252 non
925 1205 1212 1260 annueret,
1258 1198 1325 1251 ab
1355 1197 1748 1251 intercessione
1801 1214 2026 1252 cessan-

459 1302 539 1346 tes
607 1290 794 1343 tristes
848 1304 912 1343 ac
963 1288 1280 1344 deﬁcientes
1315 1287 1380 1342 ad
1422 1304 1509 1343 me
1557 1289 1872 1350 adveniunt,
1921 1304 2027 1342 non

458 1378 753 1434 admodum
792 1379 992 1449 procul
1025 1378 1092 1432 ab
1128 1379 1363 1449 imagine
1391 1387 1665 1444 stantem;
1731 1387 1785 1433 et
1835 1393 2030 1448 appro-

460 1474 818 1543 pinquantes:
844 1470 1029 1535 Vides,
1046 1472 1322 1542 inquiunt,
1344 1472 1618 1542 quomodo
1636 1472 1897 1526 Dominus
1920 1485 2029 1524 non

463 1565 577 1617 vult
615 1564 748 1618 dare
783 1563 880 1618 tibi
913 1562 1245 1617 sanitatem?
1272 1564 1368 1619 sed
1427 1565 1506 1618 nil
1567 1563 1840 1629 anxieris;
1901 1578 2030 1632 pro-

460 1656 604 1709 fecto
629 1655 772 1710 enim
809 1664 863 1709 et
888 1670 1016 1724 erga
1049 1662 1120 1719 te,
1152 1655 1295 1711 sicut
1332 1656 1494 1709 etiam
1535 1670 1661 1726 erga
1694 1670 1903 1719 omnes,
1932 1655 2026 1709 be-

460 1746 780 1818 nignitatem
817 1760 970 1801 suam
1006 1748 1274 1801 ostendet.
1309 1745 1375 1799 Et
1421 1761 1542 1799 cum
1589 1761 1779 1816 parum
1815 1745 2025 1799 disces-

464 1838 688 1903 sissent,
723 1837 774 1891 id
808 1846 891 1890 est
916 1837 1073 1906 quasi
1103 1837 1341 1892 dimidiae
1399 1837 1545 1892 horae
1575 1837 1772 1907 spatio,
1830 1838 2026 1891 iterum

463 1930 727 1987 abeuntes
762 1930 1222 1999 deprecabantur,
1253 1939 1309 1985 et
1367 1945 1562 1987 rursus
1613 1929 1915 1985 ineliicaces
1970 1938 2030 1983 ut

465 2019 729 2099 ferebang
750 2019 1003 2081 redeunt,
1027 2028 1082 2075 et
1105 2020 1289 2075 tristes
1325 2022 1469 2075 sicut
1515 2020 1664 2090 prius
1701 2019 1933 2073 Domino
1963 2017 2031 2071 de

463 2110 698 2164 sanitate
754 2109 1041 2164 tribuenda
1093 2108 1228 2164 nihil
1256 2110 1500 2181 iubente.
1552 2110 1618 2163 Et
1666 2108 1854 2165 eadem
1895 2109 2029 2163 mihi

463 2200 744 2253 venientes
768 2199 964 2253 iterum
990 2198 1203 2253 dicunt.

1184 2272 1211 2295 κ

531 2374 712 2429 Tertio
733 2389 865 2430 sane
889 2383 1202 2444 pergentes:
1226 2373 1707 2443 Conﬁde,dicunt;
1729 2390 1871 2431 nunc
1883 2379 2029 2432 enim

461 2468 689 2533 gratiam
722 2466 964 2535 profecto
1005 2452 1374 2536 suscipimus;
1404 2465 1498 2521 sed
1529 2476 1584 2521 et
1634 2474 1693 2521 ttt
1755 2466 1900 2522 sicut
1934 2483 2032 2521 nos

465 2556 615 2608 Vides
664 2556 1060 2624 supplicantes,
1122 2556 1407 2610 notiiscuin
1463 2558 1687 2613 veniens
1738 2557 2029 2611 Dominum

462 2648 780 2713 deprecare.
821 2647 883 2698 Et
913 2646 1074 2700 tertio
1099 2645 1164 2699 ad
1194 2645 1484 2717 imaginem
1513 2648 1815 2714 venientes,
1836 2648 2033 2718 priori-

464 2738 568 2792 bus
596 2737 771 2790 modis
794 2737 1084 2791 utebantur
1109 2746 1160 2791 ct
1188 2737 1388 2792 verbis.
1435 2737 1497 2791 Et
1526 2753 1648 2793 cum
1701 2740 1834 2793 hora
1863 2739 2030 2793 multa

463 2830 911 2898 deprecarentur,
929 2835 983 2881 et
1007 2827 1258 2881 deorsum
1280 2828 1546 2896 jacentes,
1567 2825 1758 2894 Jubes,
1787 2827 2032 2892 Domine,

467 2929 675 2973 tantum
709 2918 1048 2972 clamarent?
1072 2917 1327 2974 Christus
1351 2921 1658 2976 visceribus
1680 2920 1873 2986 motis,
1915 2929 2035 2975 tau-

2128 499 2291 550 χανον
2322 482 2416 535 καὶ
2446 481 2599 533 αὐτοὶ
2633 479 2815 548 Κῦρος
2869 477 2964 528 καὶ
2996 473 3252 542 Ἰωάννης
3282 471 3330 523 οἱ
3376 470 3652 539 μάρτυρες
3680 507 3695 531 ,

2126 574 2176 626 οἳ
2206 574 2313 643 πρὸ
2344 575 2443 637 τῆς
2492 571 2699 633 εἰκόνος
2724 569 3024 637 ἱστάμενοι,
3055 565 3131 635 τῷ
3160 562 3401 632 Δεσπότῃ
3434 559 3697 630 προσέπι-

2128 679 2282 726 πτον,
2322 663 2525 731 γόνατα
2580 660 2814 733 [Synod
2855 659 2921 711 τὰ
2950 655 3174 727 γόνατα]
3209 654 3573 724 κάμπτοντες,
3607 651 3700 703 καὶ

2125 753 2223 816 τὰς
2249 753 2491 822 κεφαλὰς
2522 755 2600 814 εἰς
2633 751 2826 818 ἔδαφος
2867 748 3147 817 φέροντες,
3191 745 3285 798 καὶ
3320 742 3571 813 περὶτῆς
3604 739 3700 794 τοῦ

2126 846 2246 897 νέου
2300 841 2599 914 θεραπείας
2662 838 3075 911 πρεσϐεύοντες.
3132 836 3314 889 Ταῦτα
3369 833 3425 886 δὲ
3475 828 3542 904 ἦν
3601 831 3700 899 τῆς

2129 934 2426 1005 πρεσόείας
2471 934 2540 986 τὰ
2581 934 2804 1004 ῥήματα
2834 948 2850 964 ο
2902 929 3147 983 Δέσποτα
3190 924 3561 994 φιλάνθρωπε,
3609 939 3704 975 κερ

2126 1025 2301 1085 λεύεις
2325 1023 2506 1095 δῶμεν
2527 1024 2619 1076 καὶ
2641 1022 2817 1092 τούτῳ
2835 1021 2934 1091 τὴν
2954 1022 3096 1073 ῐασιν
3118 1019 3238 1084 ;⁹Ως
3260 1017 3317 1070 δὲ
3342 1015 3601 1075 πολλάκις
3623 1015 3702 1076 εἰς

2127 1117 2229 1186 γῆν
2261 1117 2757 1187 προσκυνήσαντες,
2798 1113 2892 1164 καὶ
2938 1111 3064 1172 τοὺς
3088 1111 3186 1177 τῆς
3235 1109 3470 1170 ἱκετείας
3500 1106 3695 1173 λόγους

2127 1208 2532 1276 ἐκπέμψαντες,
2563 1207 2655 1258 καὶ
2685 1207 2713 1257 ὁ
2739 1204 3011 1273 Δεσπότης
3043 1200 3277 1271 Χριστος
3323 1199 3422 1252 οὑκ
3453 1197 3700 1258 ἐπένευε,

2128 1299 2223 1353 τοῦ
2259 1297 2586 1368 πρεσϐεύειν
2627 1297 2990 1364 παυσάμενοι,
3023 1293 3287 1359 κατηφεῖς
3315 1289 3410 1343 καὶ
3445 1288 3702 1357 ὀλίγωροι

2130 1390 2267 1457 πρὸς
2293 1387 2414 1458 ἐμὲ,
2447 1386 2605 1457 φησὶ,
2640 1386 3057 1454 παραγίνονται,
3100 1383 3162 1434 οὐ
3195 1379 3331 1433 πολὺ
3362 1377 3579 1459 μακρὰν
3605 1377 3705 1444 τῆς

2132 1473 2341 1533 εἰκόνος
2405 1473 2693 1540 ἱστάμενον
2719 1488 2732 1503 ·
2781 1471 2873 1523 καὶ
2923 1469 3152 1539 πλησίον
3182 1468 3481 1535 γενόμενοι,
3521 1464 3701 1535 Ὁρᾷς,

2133 1564 2406 1635 adcinge;
2433 1565 2461 1615 6
2486 1563 2765 1631 Δεσπότης
2792 1563 2855 1614 οὐ
2891 1560 3137 1629 βούλεταί
3168 1572 3248 1611 σοι
3278 1556 3493 1628 δοθῆναι
3524 1555 3700 1629 [οωυ.

2131 1655 2335 1727 δοῦναι]
2366 1656 2465 1725 τὴν
2504 1655 2678 1717 facta;
2723 1653 2882 1706 Ἀλλά
2919 1652 3084 1723 μηδὲν
3126 1649 3449 1721 άθυμήσῃςο
3489 1652 3706 1716 πάντως

2131 1746 2235 1815 γὰρ
2270 1745 2364 1797 καὶ
2396 1745 2531 1815 πρὸς
2554 1744 2614 1797 σὲ
2647 1744 2722 1807 ὠς
2749 1745 2843 1796 καὶ
2869 1744 3005 1813 πρὶς
3033 1743 3237 1805 πάντας
3282 1743 3701 1811 χρηστεύσεται.

2127 1837 2240 1889 Καὶ
2274 1835 2589 1898 διαστάντες
2621 1835 2755 1887 ὡσεὶ
2789 1835 2981 1905 μικρὸν
3005 1831 3291 1904 ἡμιώριον,
3346 1834 3507 1888 πάλιν
3533 1835 3703 1889 ἀπελ-

2129 1930 2311 1992 θόντες
2331 1930 2558 1993 ἐδέοντο,
2590 1930 2683 1981 καὶ
2717 1929 2876 1981 πάλιν
2917 1929 3206 1998 ἄπρακτοι,
3240 1928 3427 1997 φησιν,
3454 1929 3705 2000 ἀνακάμ-

2128 2037 2352 2074 πτουσιν
2395 2021 2661 2088 κατηφεῖς
2702 2018 2879 2091 [Dan].
2939 2019 3090 2072 addit
3140 2018 3237 2072 acati.
3296 2020 3574 2093 ὀλίγωροι]
3622 2021 3699 2085 ὡς

2129 2114 2225 2165 καὶ
2254 2111 2540 2181 πρότερον,
2577 2110 2669 2163 τοῦ
2705 2109 2977 2162 Δεσπότον
3005 2109 3242 2179 Χριστοῦ
3267 2111 3340 2178 μὴ
3365 2110 3698 2176 κελεύοντος·

2132 2203 2314 2256 καὶτὰ
2342 2203 2479 2257 αὐτά
2508 2201 2684 2274 [υειηι.
2716 2200 2915 2272 ταῦτά]
2950 2218 3036 2270 μοι
3066 2200 3226 2253 πάλιν
3256 2200 3503 2270 ἐλθόντες
3545 2204 3694 2276 ειρή.

2131 2311 2313 2348 κασιν.

2202 2387 2275 2439 Τὸ
2312 2380 2492 2457 τρίτον
2520 2385 2575 2436 δὲ
2609 2385 2980 2454 πορευόμενοι,
3015 2386 3215 2455 Θάρσει
3239 2387 3418 2459 [Dam.
3451 2387 3700 2459 θάῥρειῖ,

2131 2479 2383 2544 λέγουσιν
2411 2495 2422 2507 ·
2462 2475 2556 2528 νῦν
2585 2477 2693 2545 γὰρ
2738 2479 2953 2540 πάντως
2979 2478 3074 2548 τὴν
3121 2479 3280 2550 χάριν
3318 2479 3660 2550 λαμϐάνομεν
3689 2492 3707 2511 ⁶

2132 2567 2267 2623 ἀλλὰ
2299 2570 2392 2620 καὶ
2425 2569 2487 2620 σὺ
2521 2567 2708 2637 ὥσπερ
2733 2569 2877 2636 ἡμᾶς
2899 2569 3030 2638 ὁρᾷς
3061 2569 3423 2632 ίκετεὺοντας,
3452 2572 3547 2621 σὺν
3575 2572 3706 2639 ἡμῖν

2132 2659 2301 2713 ἐλθὼν
2329 2660 2419 2711 τοι·
2467 2657 2743 2724 Δεσπότην
2801 2657 3027 2711 ἱκέτευε.
3063 2660 3172 2712 Καὶ
3221 2659 3358 2731 πρὸς
3391 2659 3488 2731 τὴν
3525 2660 3709 2714 είκόνα

2132 2750 2193 2802 τὸ
2214 2750 2392 2820 τρίτον
2421 2750 2723 2816 γενόμενοι,
2758 2750 2870 2811 τοῖς
2893 2748 3225 2818 προλαϐοῦσι
3247 2750 3468 2820 τρόποις
3501 2751 3707 2820 ὲχρῶν⁴

2133 2858 2194 2894 το
2240 2843 2333 2894 καὶ
2361 2842 2603 2912 ῥήμασι·
2659 2840 2752 2894 καὶ
2780 2841 2855 2902 ὡς
2908 2839 3057 2910 ὥραν
3113 2825 3313 2910 πολλὴν
3364 2843 3663 2914 ἐδεήθησαν
3692 2887 3707 2905 ,

2135 2934 2229 2986 καὶ
2257 2933 2404 2985 κάτω
2434 2931 2698 3001 κείμενοι.
2730 2932 2809 2995 τὸ,
2843 2929 3116 2993 Κελεύεις.
3146 2933 3411 2993 Δέσποτα,
3438 2935 3595 3002 μόνον
3618 2935 3711 2986 άν-

467 3025 630 3080 quam
667 3010 979 3062 misericors
1002 3009 1214 3072 annuit,
1253 3017 1305 3064 et
1332 3010 1460 3063 Date
1484 3010 1558 3064 illi
1589 3026 1656 3065 ex
1691 3011 1850 3065 icona
1872 3011 2033 3065 .dicc-

2140 3019 2404 3090 ἔκραζον,
2452 3020 2571 3073 τότε
2620 3019 2765 3091 [ent].
2814 3019 2928 3092 καὶ]
2964 3024 2988 3074 ὁ
3030 3022 3261 3089 Χριστὸς
3285 3024 3711 3093 σπλαγχνισθεὶς

471 3103 579 3153 hat.
621 3099 685 3151 Et
707 3108 987 3167 surgentes
1013 3114 1041 3152 a
1095 3109 1238 3153 terra
1270 3112 1559 3170 martyres,
1590 3102 1766 3171 primo
1800 3101 2024 3170 quidem

473 3190 675 3260 gratias
709 3190 941 3258 agebant
966 3187 1185 3243 Christo
1213 3189 1318 3246 Deo
1351 3202 1558 3255 nostro,
1596 3207 1662 3247 eo
1684 3193 1825 3264 quod
1845 3193 2038 3262 depre-

473 3282 742 3335 cationem
775 3295 963 3333 eorum
994 3280 1318 3346 exaudierit,
1345 3283 1543 3339 deinde
1578 3300 1704 3339 vero
1734 3287 2038 3355 gaudentes

473 3381 527 3425 et
555 3371 891 3425 exsultantes
927 3371 1069 3435 :En,
1101 3356 1351 3441 inquiunt
1384 3372 1450 3427 ad
1487 3389 1593 3439 me,
1612 3376 1841 3444 gratiam
1897 3375 2041 3433 Deus

475 3463 700 3516 donavit
729 3474 743 3512 :
786 3461 1071 3530 ingredere
1104 3463 1509 3530 Alexandriam,
1532 3467 1666 3519 etin
1705 3481 1903 3538 magno
1934 3465 2039 3522 Te-

477 3554 688 3623 trapyio
712 3552 889 3607 dormi
908 3552 1154 3623 jejunus,
1178 3562 1232 3609 et
1256 3555 1496 3625 pauxillo
1518 3573 1580 3611 ex
1609 3559 1727 3613 oleo
1776 3558 2038 3623 candelae,

476 3660 595 3713 quae
628 3652 1019 3699 sursum'ante
1069 3643 1368 3698 Salvatoris
1400 3646 1690 3716 imaginem
1753 3649 1928 3713 ardet,
1985 3649 2038 3702 iu

479 3736 715 3804 ampulla
751 3734 966 3788 modica
992 3744 1232 3806 sumpto,
1259 3736 1453 3791 iterum
1496 3738 1624 3792 nihil
1650 3750 1901 3809 gestans,
1935 3740 2041 3796 huc

478 3825 769 3879 confestim
802 3824 1110 3896 regredere,
1150 3835 1205 3882 et
1240 3827 1469 3898 pedibus
1504 3830 1606 3883 hoc
1638 3830 1900 3895 inunctis,
1937 3831 2035 3886 do-

479 3931 608 3969 num
640 3917 892 3972 sanitatis
919 3916 1165 3972 habebis.

2139 3114 2214 3175 ὼς
2243 3112 2569 3181 οἰκτείρμων
2598 3112 2877 3170 ἐπένευσε.
2917 3115 3030 3177 καὶ,
3064 3114 3199 3166 Δότε
3225 3114 3397 3183 αὐτῷ,
3423 3116 3557 3183 πρὸς
3591 3114 3714 3187 [εγ-

2141 3206 2271 3259 md.
2312 3205 2571 3258 mendose
2616 3204 2740 3276 πρὸ]
2794 3204 2893 3273 τῆς
2973 3207 3180 3269 εἰκόνος
3232 3206 3548 3275 ἐφθέγξατο.
3606 3210 3714 3261 Καὶ

2143 3295 2382 3366 χαμόθεν
2406 3296 2740 3358 ἀναστάντες
2767 3299 2813 3349 οἱ
2851 3297 3149 3367 μάρτυρες,
3186 3299 3401 3367 πρῶτον
3426 3299 3520 3369 μὲν
3551 3299 3711 3368 ebla—

2149 3385 2364 3454 ρίστουν
2394 3384 2612 3454 Χριστῷ
2650 3384 2728 3454 τῷ
2761 3385 2877 3454 Θεῷ
2908 3386 3083 3455 ἡμῶν,
3115 3386 3192 3449 ὼς
3224 3390 3320 3456 τῆς
3350 3388 3582 3457 δεήσεως
3614 3390 3711 3441 αὑ-

2145 3475 2254 3526 τῶν
2283 3474 2646 3529 ὲπακούσαντι
2691 3474 2837 3547 [ιίοιι.
2860 3476 3084 3548 imam]-
3126 3478 3312 3530 ἔπειτα
3343 3479 3396 3532 δὲ
3438 3480 3715 3550 χαίροντες

2144 3565 2239 3618 καὶ
2277 3565 2596 3635 γαννὺμενοι
2624 3565 2770 3636 [cod.
2789 3569 3026 3638 ἀγανν.],
3047 3569 3176 3621 Ἰδοὺ
3200 3569 3392 3635 ,φασὶν
3423 3570 3557 3639 πρὸς
3592 3572 3712 3638 ἐμὲ,

2143 3657 2170 3708 ὁ
2195 3656 2326 3718 Θεὸς
2350 3655 2447 3727 τὴν
2478 3658 2636 3725 χάριν
2663 3650 2997 3727 ἐδωρήσατο.
3031 3658 3250 3711 Εἴσελθε
3277 3658 3406 3725 γοῦν
3434 3660 3511 3721 εἰς
3531 3659 3714 3726 Ἀλεξ-

2152 3744 2423 3813 άνὸρειαν,
2457 3749 2554 3801 καὶ
2574 3749 2631 3799 ἐν
2665 3747 2743 3817 τῷ
2772 3748 2990 3817 μεγάλῳ
3025 3749 3346 3820 τετραπύλῳ
3371 3749 3553 3819 νῆστις
3586 3751 3718 3802 καθ-

2143 3834 2393 3904 εὑδησον,
2449 3837 2543 3889 καὶ
2575 3837 2769 3907 μικρὸν
2815 3838 2907 3890 τοῦ
2947 3840 3043 3906 τῆς
3073 3840 3340 3908 κανδήλας
3391 3841 3572 3893 ἐλαίου
3616 3842 3715 3909 τῆς

2154 3927 2266 3997 ἄνω
2296 3929 2401 3999 πρὸ
2428 3929 2525 3999 τῆς
2552 3930 2646 3982 τοῦ
2679 3932 2927 4001 Σωτῆρος
2963 3931 3165 3994 εἰκόνος
3203 3933 3511 4001 ἁπτομένης
3540 3933 3718 3986 λαϐὼν

477 4011 554 4075 εἰς
585 4010 862 4080 ληκύθιον,
891 4010 1053 4066 πάλιν
1081 4010 1341 4081 ἄγευστος
1376 4013 1444 4067 τὰ
1496 4013 1682 4068 ἐνθάδε
1718 4016 1989 4071 κατάλαὸε
2018 4060 2033 4084 ,
2073 4021 2168 4075 καὶ
2190 4021 2369 4093 τούτῳ
2394 4024 2520 4087 τοὺς
2547 4024 2713 4087 πόδας
2748 4024 3127 4095 ἀλειψάμενος,
3185 4024 3285 4094 τῆς
3337 4026 3525 4092 ὑγείας
3576 4025 3716 4091 ἕξεις

477 4102 538 4154 τὸ
564 4101 813 4175 δώρημα.

548 4197 733 4250 Atille
769 4204 888 4265 post
919 4197 1191 4251 somnium
1247 4198 1631 4263 Alexandriam
1676 4204 1842 4266 venit,
1898 4212 1951 4257 et
1993 4205 2047 4257 in

482 4285 770 4357 Tctrapylo
797 4287 1102 4350 dormiens,
1136 4289 1430 4344 niaximum
1494 4291 1637 4345 videt
1691 4293 1982 4348 draconem
2016 4311 2043 4347 a

2245 4200 2303 4251 '0
2328 4198 2385 4252 δὲ
2413 4199 2548 4269 μετὰ
2570 4198 2662 4251 τὸν
2691 4200 2897 4270 ὄνειρον
2932 4200 3012 4261 εἰς
3032 4198 3443 4267 Ἀλεξάνδρειαν
3472 4199 3714 4271 ἔρχεται.

2145 4294 2239 4346 καὶ
2263 4293 2319 4344 ὲν
2343 4291 2419 4361 τῷ
2450 4290 2767 4360 τετραπύλῳ
2805 4289 3147 4360 κοιμώμενος
3172 4328 3187 4353 ,
3218 4292 3320 4362 ὁρᾷ
3370 4292 3720 4360 ιπαμμεγεθέ⁴

483 4379 715 4447 ριέόὶϋυε
739 4387 1051 4442 exeuntem,
1084 4390 1139 4434 et
1184 4395 1376 4435 rursus
1403 4389 1522 4451 post
1562 4383 1766 4438 exitum
1799 4400 1959 4455 super
1988 4401 2036 4441 se

2162 4403 2355 4440 στατον
2383 4385 2650 4456 δράκοντα
2681 4385 2791 4456 τῶν
2809 4383 2982 4436 ποδῶν
3018 4382 3382 4451 ὲξερπύζοντα
3405 4397 3417 4410 ⁸
3440 4386 3531 4434 καί
3558 4383 3722 4436 πάλιν

487 4470 830 4533 redeuntem,
860 4469 955 4523 sed
982 4470 1163 4524 subito
1199 4478 1465 4542 martyres
1500 4482 1826 4542 apparentes
1851 4475 2048 4531 introi-

488 4566 601 4610 tum
652 4560 1070 4627 prohibuerunt,
1127 4567 1179 4613 ct
1215 4562 1366 4631 virga
1412 4573 1579 4633 caput
1609 4566 1863 4631 draconis
1912 4582 2050 4621 con-

485 4657 919 4717 quassaverunt;
986 4648 1201 4717 ipsique
1264 4663 1638 4720 prmceperunt
1715 4655 2054 4710 conﬁdenter

488 4747 756 4806 agere,et
811 4753 919 4791 non
954 4737 1066 4807 jam
1123 4741 1318 4808 pedum
1372 4742 1738 4799 infirmitatem
1803 4748 1883 4801 vel
1944 4762 2056 4800 ma-

490 4842 658 4880 nuum
692 4842 1075 4898 expavescere.
1110 4828 1228 4900 Ipse
1252 4840 1433 4886 autem
1494 4842 1615 4902 post
1665 4835 2046 4892 domuitionem

489 4933 744 4991 surgens,
776 4918 1021 4975 candela:
1055 4922 1235 4975 oleum
1263 4925 1453 4986 sumit,
1515 4933 1570 4979 et
1621 4927 1688 4980 ad
1736 4938 2048 4983 sanctorum

394 5048 401 5055 .
492 5018 747 5078 properat
771 5009 1155 5078 templum;ad
1190 5011 1335 5078 quod
1383 5027 1508 5067 cum
1553 5017 1812 5081 venisset,
1860 5033 2053 5072 manus

493 5101 757 5169 mjussus
791 5092 995 5164 i’ucrat,
1045 5111 1099 5157 et
1144 5103 1243 5172 ped
1281 5121 1308 5159 s
1380 5104 1614 5173 inunxit,
1684 5117 1737 5162 et
1791 5111 2054 5164 continuo

492 5193 808 5261 languorem
834 5192 1106 5261 deposuit,
1142 5193 1575 5250 incolumitatem
1606 5199 1917 5267 resumpsit.
1941 5199 2053 5253 Me-

490 5287 597 5338 ruit
631 5299 753 5338 cum
803 5283 1111 5339 delectabili
1151 5286 1383 5341 sanitate
1431 5288 1594 5341 etiam
1640 5287 1805 5352 dona,
1837 5306 1974 5359 .qme
2008 5291 2053 5345 si

2156 4478 2293 4548 μετὰ
2320 4475 2418 4545 τὴν
2444 4474 2619 4540 ἔξοδον
2641 4474 2772 4544 πρὸς
2800 4474 2959 4526 αὐτὸν
2978 4474 3413 4542 ἀνακάμπτοντα
3444 4474 3582 4526 Ἀλλ’
3618 4475 3720 4542 ἄφ-

2115 4608 2129 4625 ,
2153 4586 2228 4621 νω
2259 4565 2517 4635 φανέντες
2542 4567 2591 4618 oi
2642 4566 2933 4635 μάρτυρες,
2969 4563 3069 4632 τὴν
3115 4562 3318 4616 εἴσοδον
3363 4562 3719 4625 διεκώλυσαν,

2161 4658 2254 4711 καὶ
2284 4656 2459 4728 ῥάϐδῳ
2482 4657 2581 4725 τὴν
2603 4654 2843 4723 κεφαλὴν
2872 4655 2969 4720 μὲν
3003 4652 3095 4706 τοῦ
3121 4654 3407 4723 δράκοντος
3449 4655 3679 4709 ἐθλασαν
3707 4698 3721 4719 ,
3792 4678 3801 4685 ί

2157 4748 2307 4815 αὐτῷ
2334 4747 2388 4799 δὲ
2418 4746 2638 4816 θαρσεῖν
2677 4745 3010 4809 διετάξαντο,
3047 4748 3139 4798 καὶ
3190 4745 3387 4815 μηκέτι
3432 4746 3590 4814 δῆσαι
3614 4750 3723 4798 τοῖν

2157 4839 2338 4891 ποδοῖν
2369 4837 2402 4906 ἢ
2436 4841 2553 4890 ταῖν
2581 4839 2762 4906 χεροῖν
2811 4837 2910 4903 τὴν
2952 4835 3252 4889 ἀσθένειαν.
3288 4838 3457 4901 Αὐτὸς
3493 4839 3548 4891 δὲ
3592 4842 3724 4892 ἁνα-

2160 4928 2289 4990 στὰς
2314 4926 2452 4995 μετὰ
2469 4926 2743 4995 κοίμησιν,
2761 4925 2858 4993 τῆς
2878 4925 3142 4996 κανδήλας
3163 4925 3427 4996 λαμβάνει
3445 4927 3506 4981 τὸ
3528 4927 3722 4991 ἔλαιον,

2161 5019 2254 5071 καὶ
2285 5016 2421 5085 πρὸς
2448 5015 2509 5067 τὸ
2538 5015 2649 5067 τῶν
2669 5014 2842 5082 άγίων
2867 5013 3088 5086 ἔρχεται
3117 5018 3344 5087 τέμενος
3367 5034 3380 5047 ·
3414 5017 3541 5070 ἔνθα
3574 5019 3726 5085 γενό-

2165 5122 2343 5174 μενος,
2375 5104 2450 5168 ὡς
2501 5103 2822 5171 ἐθεσπίσθη,
2873 5106 2971 5166 τὰς
3007 5108 3195 5177 χεῖρας
3242 5106 3337 5159 καὶ
3386 5108 3510 5169 τοὺς
3558 5108 3722 5162 πόδας

2162 5196 2449 5266 ἠλείψατο,
2479 5196 2574 5249 καὶ
2607 5194 2951 5265 παραχρῆμα
2995 5195 3094 5265 τὴν
3138 5196 3292 5249 νόσον
3331 5197 3584 5258 ἀπέθετο,
3639 5199 3730 5249 καί

2159 5291 2258 5360 τὴν
2285 5290 2451 5359 ρῶσιν
2484 5289 2776 5343 ἀπέλαϐεν.
2818 5289 3051 5359 Ἦξιὼθη
3073 5291 3130 5343 δὲ
3155 5292 3292 5360 μετὰ
3317 5294 3414 5362 τῆς
3441 5293 3731 5360 καλλίστης

2040 5383 2264 5441 NOTAE.

563 5468 699 5542 (25).
735 5468 943 5542 §ynod_._
981 5468 1497 5542 dvélq6e.sequi:ur
1537 5479 1715 5542 autem
1747 5471 1799 5542 in
1844 5471 2053 5542 synodo

494 5538 701 5592 dictum
737 5538 947 5594 Tarasii
999 5539 1319 5610 patriarcha:
1351 5538 1759 5610 Cpolitani._qui
1790 5555 1856 5610 es
1878 5538 2053 5597 dictis

493 5619 868 5674 argumentum
915 5624 977 5660 ae
1025 5610 1111 5676 ins
1148 5608 1693 5662 desumit’retinendi
1743 5610 1796 5661 in
1840 5608 2057 5676 templis

496 5687 840 5730 monumenta
874 5679 1136 5743 pii-lorum
1160 5687 1211 5730 et
1243 5678 1571 5745 reliquarum
1592 5680 1809 5732 artium.
1848 5678 2056 5733 Subse-

2828 5432 2851 5452 κ

2159 5471 2621 5543 ριιίιιιτίΤΙιοηιω
2656 5474 2917 5543 monachi
2972 5475 3368 5529 testimonium.
3411 5474 3554 5543 quoi
3639 5474 3730 5529 illa

2162 5541 2341 5594 adlmc
2371 5542 2548 5613 imago
2578 5545 2632 5597 iu
2654 5540 2949 5613 Tetrapylo
2980 5544 3322 5597 Alexandriae
3376 5540 3733 5599 conservare-

2165 5620 2272 5729 turt.
2303 5612 2558 5681 quodque
2583 5612 2888 5682 omnigenis
2923 5626 3018 5682 per
3040 5628 3158 5670 eam
3221 5621 3546 5668 sanarentur
3577 5615 3733 5665 iniit..-

2167 5694 2237 5729 llll
2265 5689 2403 5729 ales.
3040 5708 3051 5719 ε

2167 5689 2403 5734 tmtates.
3040 5708 3051 5719 ‘
