4060 6236
405 393 543 463 356‘.

1387 379 1491 439 SS.
1525 372 1697 437 CYRI
1734 368 1828 430 ET
1867 359 2183 427 JOANNIS
2222 356 2637 419 MIBACULA.

3525 341 3664 403 35:72

408 459 506 565 καὶ
533 505 757 578 ἡδίστης
789 501 1005 565 ἰάσεως,
1035 498 1131 553 καὶ
1159 488 1232 550 ὧν
1278 491 1429 569 αὐτῷ
1462 487 1737 545 πεισθέντι
1765 478 1986 578 όωρεῶν
2015 479 2032 535 1

2143 474 2194 528 bi
2223 475 2516 543 paruisset,
2546 472 2620 525 illi
2653 465 3087 540 spoponderant.
3112 462 3218 518 Pro
3259 460 3458 532 quibus
3481 459 3664 512 omni-

2329 566 2358 578 ,ι
2715 577 2723 578 ,
2767 561 2836 578 --ιι
2866 566 2948 578 Α.--
2963 557 3106 578 At---
3142 552 3503 578 ...η-...ηειςηρι
3531 564 3664 578 ιιι-ιι.

413 574 843 670 ἐπηγγείλαντο·
904 594 1044 662 ὑπὲρ
1092 586 1167 645 ὧν
1196 587 1452 644 ἁπάντων
1505 575 1846 652 εὐχαριστῶν
1874 574 1988 670 δον-

412 666 560 747 λεύει
578 666 895 750 σπουδαίως
923 687 1035 747 τοῖς
1090 682 1355 752 μάρτυσιν
1376 692 1390 707 ·
1434 674 1527 739 οὒς
1557 673 1652 738 καὶ
1700 670 1860 739 ἡμεῖς
1894 666 1992 718 ἁν-

416 783 762 854 υμνήσαντες
787 779 875 831 ἐπ’
927 774 1095 842 ἄλλην
1149 769 1329 824 αὐτῶν
1364 758 1810 837 θαυματουργίαν
1864 770 1992 826 μετ-

414 874 683 942 ἔλθωμεν.

419 986 543 1038 ΛΖ’,
580 981 717 1048 Περὶ
758 976 1032 1048 Ἰωάννου
1048 972 1165 1048 Δτοῦ
1194 967 1600 1048 ὐσξοδιακόνορ
1643 960 1996 1029 λευκώματα

563 1056 633 1106 ἐν
656 1036 1007 1120 ἂμφοτέροις
1036 1041 1372 1110 ἐσχηκότος
1396 1037 1521 1103 τοῖς
1547 1036 1829 1105 ὄμμασιν.

493 1117 715 1212 Ἐπειδῆ
742 1117 1021 1206 Θεοδώρου
1054 1134 1151 1205 τὴν
1177 1131 1333 1187 νόσον
1352 1127 1734 1199 γεγράφαμεν,
1776 1121 1871 1175 καὶ
1897 1117 1996 1212 την

2089 568 2193 623 bus
2223 566 2428 633 gratias
2459 579 2646 634 agens,
2674 561 2841 616 servit
2862 557 3110 614 studiose
3142 552 3507 647 martyribus;
3529 564 3670 619 quos

2089 671 2146 719 et
2170 677 2271 716 nos
2300 658 2515 731 hymnis
2543 655 2855 717 efferentes,
2889 652 2956 706 ad
2985 649 3133 705 aliud
3158 663 3349 704 eorum
3382 642 3522 715 opus
3570 642 3672 696 mi-

2093 754 2266 811 rabile
2295 751 2683 823 procedamus.

2481 946 2555 1001 De
2582 945 2791 1001 Joanne
2821 943 3143 998 subdiacono
3176 942 3266 1012 qui
3304 938 3578 1009 albugines

2512 1019 2566 1070 in
2594 1016 2844 1072 ambobus
2877 1016 3043 1069 oculis
3080 1014 3286 1068 habuit.

2167 1113 2440 1181 Quoniam
2509 1109 2783 1166 Theodori
2840 1108 3160 1178 sospitatem
3215 1113 3574 1174 resumptam,
3623 1110 3678 1157 et

2168 948 2433 1007 XXXVII.

423 1194 828 1300 sic—sxxitq'oiav
878 1194 1058 1297 βιαίαν
1095 1194 1188 1277 καὶ
1212 1194 1473 1275 ἀκούσιον
1497 1194 1727 1279 εῐσοόον,
1771 1214 1867 1266 καὶ
1899 1209 1998 1281 τὴν

2137 1206 2397 1261 iolentum
2450 1218 2515 1258 ac
2567 1217 2677 1256 non
2731 1200 3106 1254 voluntarium
3166 1198 3235 1251 ad
3275 1197 3561 1252 ecclesiam
3595 1194 3681 1248 in-

425 1289 505 1391 st;
546 1289 826 1393 ὑπηρέτας
859 1289 996 1371 ἀεοῦ
1046 1313 1354 1386 τρισόλϐιον
1408 1310 1666 1380 πρόοδον,
1716 1306 1854 1377 φέρε
1906 1302 2003 1357 καὶ

2137 1301 2350 1364 roitum,
2387 1306 2443 1354 et
2492 1296 2735 1366 opimum
2805 1292 2874 1347 ad
2925 1292 3210 1348 ministros
3260 1289 3354 1345 Dei
3396 1303 3680 1344 accessum

425 1380 680 1488 Ἰωάννην
709 1380 860 1482 αὐτῷ
890 1380 1307 1478 συνυφάνωμεν,
1334 1403 1426 1459 τὸν
1458 1401 1660 1474 ὁμοίως
1718 1398 1814 1453 καὶ
1839 1394 2001 1488 αὐτὸν

2139 1390 2517 1461 escripsimus,
2578 1402 2679 1458 age
2728 1401 2874 1440 nunc
2946 1392 3002 1441 et
3071 1383 3337 1441 Joannem
3406 1394 3530 1434 cum
3589 1380 3684 1434 illo

428 1474 746 1566 κοινωνίκὸν
774 1474 844 1571 ἐξ.
857 1474 1114 1559 ἀκουσίου
1140 1474 1453 1566 γενόμενον,
1483 1492 1699 1562 καὶτῆς
1715 1487 2004 1550 κοινωνίας

2137 1497 2288 1537 exere
2319 1494 2703 1551 procuremus,
2734 1477 2828 1549 qui
2857 1485 2911 1532 et
2941 1477 3059 1546 ipse
3092 1474 3348 1530 similiter
3370 1474 3685 1528 communi-

435 1601 624 1673 μισθὸν
658 1598 757 1664 τὴν
789 1567 958 1667 ρνῶσιν
1002 1591 1366 1662 δρεψάμενον,
1423 1586 1519 1641 καὶ⁵
1568 1581 1747 1673 πάλιν
1775 1576 2005 1673 ἀδελφόν

2141 1584 2262 1632 ator
2314 1583 2653 1646 spontaneus
2720 1575 2788 1629 de
2827 1588 2940 1628 non
2992 1578 3296 1642 spontaneo
3343 1567 3525 1624 factus
3578 1576 3685 1634 est,

431 1660 574 1747 κατὰ
603 1660 813 1762 βαθμὸν
846 1660 1122 1758 ἱερατικὸν
1154 1679 1585 1753 χρηματίζοντα.
1634 1672 1891 1740 Ἰωάννης
1912 1664 2008 1722 οὖν

2137 1667 2624 1739 ,οιιιηιιιιιίοηίειιυε
2646 1665 2951 1720 mercedem
2976 1663 3268 1719 sanitatem
3306 1660 3537 1730 adeptus
3576 1669 3685 1719 est,

431 1761 612 1847 οὗτος,
637 1783 671 1850 ἡ
708 1779 807 1845 τῆς
847 1774 1130 1846 παρούσης
1155 1770 1371 1843 γραφῆς
1404 1766 1627 1838 ἀφορμή
1664 1782 1725 1818 τε
1753 1765 1846 1818 καὶ
1878 1761 2008 1833 πρό-

2112 1769 2167 1817 et
2197 1775 2392 1816 rursus
2432 1758 2627 1822 frater,
2662 1773 2757 1828 per
2785 1772 2974 1813 sacros
3011 1756 3214 1826 gradus
3242 1762 3556 1824 provectus,
3588 1769 3657 1824 ap
3671 1783 3692 1792 --

436 1829 607 1944 ἔπι-αἶς
642 1829 1021 1944 μὲν
1166 1829 1471 1932 Χίγῦπτίας
1496 1829 1722 1931 ὥρμητο
1752 1829 1965 1918 πόλεως
1991 1868 2006 1883 ·

2137 1853 2306 1909 ισιιοτί
2342 1851 2666 1920 promeruit.
2708 1850 2810 1905 Hic
2835 1863 2968 1918 ergo
2997 1846 3240 1902 Joannes
3270 1845 3365 1916 qni
3406 1846 3690 1914 praesentis

437 1972 495 2020 ὲν
519 1962 858 2035 ἀμφοτέραις
884 1959 940 2012 δὲ
974 1960 1095 2019 ταῖς
1122 1957 1315 2028 κόραις
1361 1952 1488 2023 ἔσχε
1510 1949 1864 2020 λευκώματα,
1916 1947 2013 2002 καὶ

437 2059 643 2115 τούτων
672 2055 731 2109 τὸ
765 2053 879 2123 φῶς
893 2053 1024 2113 ταῖς
1052 2048 1160 2102 τῶν
1182 2044 1554 2115 λευκωμὰτων
1600 2040 1874 2103 εἰσϐολαῖς
1912 2039 2015 2092 ὐπ-

440 2152 744 2223 εχὼρησεν,
767 2148 840 2211 ὡς
868 2145 944 2217 μὴ
975 2142 1276 2212 δυνάμενον
1301 2140 1468 2211 κόρας
1505 2134 1796 2207 ὀφθαλμῶν
1837 2150 2016 2188 συνοι-

443 2247 562 2299 κεῖν
604 2243 716 2305 τοῖς
778 2234 1127 2306 λευκώμασιν
1151 2249 1166 2263 ·
1230 2230 1363 2286 ποία
1415 2229 1525 2301 γὰρ
1573 2227 1835 2283 κοινωνία
1876 2227 2017 2299 φωτὶ

445 2334 582 2407 πρὸς
613 2331 836 2405 σκότοςς
877 2329 954 2392 ὡς
1000 2327 1095 2380 καὶ
1128 2323 1386 2387 Παῦλοςὸ
1429 2320 1720 2391 θεσπέσιος
1759 2319 2015 2392 εἴρηκεν·

444 2426 571 2481 οὒτε
593 2424 705 2494 γὰρ
735 2420 796 2475 τὸ
833 2419 950 2488 φῶς
990 2419 1047 2470 ιν
1088 2413 1346 2485 κοινωνίᾳ
1396 2411 1580 2484 μένειν
1642 2408 1738 2464 τοῦ
1797 2409 2022 2471 σκότους

448 2516 721 2586 ἀνέχεται,
750 2510 875 2566 οὔτε
906 2509 967 2562 τὸ
1001 2507 1191 2569 σκότος
1222 2504 1468 2559 σύνοικον
1513 2502 1575 2556 τδ
1610 2498 1728 2569 φῶς
1774 2497 2016 2570 παραδέ-

450 2607 645 2676 ξασθαι
678 2604 923 2666 δύναται,
956 2599 1071 2654 ἀλλ’
1098 2596 1349 2652 ἐναντίαν
1383 2595 1484 2666 τὴν
1513 2592 1674 2664 φύσιν
1705 2593 1765 2646 έν
1814 2590 2020 2646 ἁπασιν

450 2696 662 2771 ἔχοντα,
693 2693 943 2749 ἐναντίαν
983 2689 1076 2746 καὶ
1105 2689 1206 2761 τὴν
1233 2686 1515 2757 ἐνέργειαν
1561 2683 1858 2755 κέκτηται·
1883 2680 2024 2771 ὥστε

451 2770 578 2854 τσὺς
605 2789 852 2859 ἔχοντας,
883 2783 916 2856 ἢ
951 2783 1013 2837 τὸ
1040 2781 1230 2845 σκότος
1264 2780 1340 2850 μὴ
1371 2777 1610 2850 βλέπειν,
1637 2772 1673 2844 ἢ
1720 2773 1783 2828 τὺ
1813 2773 1929 2844 φῶς
1951 2770 2027 2845 μὴ

457 2880 821 2948 σκοτίζεσθαι.

2115 1942 2404 2013 “scripturae
2438 1942 2612 1996 fomes
2634 1948 2717 1997 est
2749 1949 2805 1995 et
2827 1939 3071 2004 occasio,
3104 1938 3172 1994 de
3192 1937 3345 2009 Cyno
3377 1935 3690 2007 {Egyptiaca

2114 2038 2336 2092 civitate
2366 2033 2906 2092 exstititoriundus:
2938 2035 2995 2089 in
3027 2032 3275 2102 utrisque
3302 2038 3484 2087 autem
3518 2031 3695 2102 pupil-

2117 2130 2185 2186 lis
2213 2127 2445 2184 habebat
2466 2127 2849 2197 alhugines,ct
2893 2125 3089 2180 harum
3122 2126 3306 2181 iumen
3341 2141 3452 2197 prae
3484 2126 3696 2198 albugi-

2119 2240 2248 2281 num
2283 2224 2512 2279 recessit
2534 2221 2994 2286 immissionibus,
3016 2234 3138 2275 cum
3161 2221 3404 2291 profecto
3426 2234 3534 2275 non
3568 2236 3697 2291 pos-

2120 2328 2241 2375 sent
2278 2316 2500 2387 pupillae
2539 2315 2826 2372 oculorum
2853 2314 3016 2369 simul
3055 2328 3179 2367 cum
3210 2313 3559 2384 albuginibus
3593 2314 3693 2368 ha—

2122 2410 2322 2467 bitare.
2351 2409 2486 2477 Quae
2510 2410 2657 2465 enim
2693 2419 2776 2465 est
2800 2408 3230 2464 communicatio
3279 2408 3388 2464 luci
3437 2407 3505 2463 ad
3553 2416 3698 2464 tene-

2122 2505 2300 2563 bras?
2323 2504 2469 2560 sicut
2502 2512 2558 2559 et
2590 2502 2795 2559 Paulus
2833 2503 2975 2559 dixit
3011 2505 3282 2575 egregius.
3333 2495 3521 2575 Neque
3553 2504 3697 2560 enim

2123 2604 2220 2653 aut
2247 2597 2432 2653 lumen
2466 2597 2523 2651 in
2573 2597 2961 2651 communione
3004 2610 3227 2651 manere
3292 2597 3498 2664 patitur
3548 2606 3703 2654 tene-

2126 2689 2376 2755 brarum,
2414 2697 2513 2744 aut
2559 2687 2795 2744 tenebrae
2826 2684 3278 2744 cohabitatricem
3338 2696 3572 2758 possunt
3610 2687 3706 2742 ad-

2127 2782 2570 2848 mitterelucem;
2607 2781 2704 2837 sed
2748 2781 2893 2838 sicut
2916 2780 3248 2836 contrariam
3297 2779 3502 2835 habent
3544 2787 3707 2836 natu-

2129 2891 2251 2931 ram
2276 2877 2331 2930 in
2362 2865 2723 2941 cunctis,‘sic
2757 2881 2813 2929 et
2837 2872 3170 2928 contrariam
3200 2872 3485 2943 possident
3516 2887 3707 2944 opera-

2131 2967 2378 3035 tionem;
2422 2968 2499 3021 ita
2526 2975 2588 3022 ut
2615 2971 2708 3036 qui
2740 2966 2926 3034 habet,
2957 2966 3044 3021 vel
3071 2965 3329 3022 tenebras
3362 2980 3471 3022 non
3502 2966 3704 3030 videat,

2132 3060 2217 3113 vel
2260 3059 2443 3114 lumen
2478 3074 2587 3113 non
2622 3058 3063 3114 obtenehrescat.

529 3163 787 3232 Ἰωάννης
819 3155 912 3213 οὖν
941 3156 1078 3228 ἔχων
1103 3155 1199 3210 τοῦ
1235 3155 1458 3218 σκότους
1487 3153 1555 3208 τά
1598 3153 1769 3218 αῐτια,
1796 3148 1891 3205 τοῦ
1923 3167 2032 3220 φω-

2207 3150 2449 3207 Joannes
2510 3167 2644 3222 ergo
2686 3151 2895 3207 habens
2942 3151 3297 3207 tenebrarum
3365 3165 3587 3215 causas,
3627 3151 3714 3206 lu-

455 3248 550 3313 τδς
577 3247 973 3318 ἀπετύγχανεν,
1002 3244 1094 3299 καὶ
1119 3244 1309 3297 τούτου
1365 3240 1671 3306 σκοτωθεὶς
1717 3239 2028 3312 ἐχωρίζετο,

459 3343 556 3395 καὶ
595 3339 900 3402 σκοτισθεὶς
929 3338 990 3391 τὸ
1039 3335 1299 3407 παράπαν
1349 3336 1448 3387 οὐκ
1494 3333 1757 3388 ἔϐλεπεν·
1794 3335 1851 3386 ὲν
1894 3331 2035 3402 νόσῳ

464 3433 575 3503 γάρ
603 3432 711 3485 τῶν
739 3430 1005 3501 ὀμμάτων
1033 3410 1345 3498 γενόμενος,
1391 3425 1487 3479 καὶ
1520 3425 1695 3494 φωτὸς
1724 3422 2033 3495 στερηθεὶς,

462 3523 535 3585 ὡς
568 3520 912 3591 προείρηται,
946 3518 1036 3571 ἐπὶ
1064 3517 1249 3587 Κῦρον
1279 3517 1371 3569 καὶ
1393 3515 1647 3585 Ἰωάννην
1675 3516 1802 3579 τοὺς
1831 3515 2039 3585 μάρτυ-

467 3630 564 3686 ρας
594 3614 780 3684 ἠγετο,
813 3595 1014 3679 ἑτέρων
1042 3606 1340 3677 ὀφθαλμοῖς
1374 3606 1782 3677 Μδηγούμενος
1807 3621 1822 3636 ·
1869 3607 2038 3658 ἐνιαυ-

464 3703 558 3757 τοῦ
584 3704 640 3756 δὲ
674 3703 789 3765 ἐνὸς
820 3700 1260 3761 διιππεύσαντος,
1316 3699 1415 3765 τῆς
1444 3697 1552 3750 τῶν
1601 3697 1775 3765 ἁγίων
1816 3695 2042 3767 ἀρωγῆς

467 3796 684 3866 ἠξιοῦτο
746 3793 841 3845 καὶ
879 3793 1116 3861 χάριτος.
1171 3790 1328 3843 Οῦτω
1360 3791 1415 3843 δὲ
1449 3790 1557 3842 τῶν
1611 3788 1781 3857 ἁγίων
1820 3787 2071 3856 γέγονεν-

466 3887 502 3957 ή
536 3883 841 3951 ἐπίσκεψις·
878 3880 1007 3936 Ἐπὶ
1036 3880 1136 3949 τῆς
1167 3880 1455 3950 στρωμνῆς
1481 3882 1511 3932 ό
1537 3879 1792 3949 Ἰωάννης
1818 3878 2045 3931 ἐκάθευ-

469 3973 577 4034 δεν,
606 3974 699 4025 καὶ
720 3970 1017 4034 καθεύδων,
1039 3968 1230 4023 ἑαυτὸν
1256 3968 1467 4025 ἑστῶτα
1494 3967 1599 4039 πρὸ
1620 3965 1714 4020 τοῦ
1743 3965 1851 4020 τῶν
1871 3965 2044 4034 ἁγίων

469 4064 661 4116 έϐλεπε
704 4064 1007 4131 μνήματος,
1035 4062 1128 4114 καὶ
1161 4061 1290 4131 περὶ
1332 4061 1430 4130 τῆς
1467 4060 1575 4112 τῶν
1610 4057 1874 4128 ὀμμάτων
1902 4058 2046 4110 ἐδέε-

468 4169 531 4205 το
590 4152 845 4222 ῥώσεως·
900 4152 998 4204 καὶ
1037 4149 1198 4204 τοῦτο
1253 4148 1420 4202 ποιῶν
1464 4148 1591 4212 τοὺς
1637 4148 1828 4215 ἁγίους
1872 4146 2044 4199 ἐδόκει

469 4242 767 4296 θεάσασθαι
796 4240 1109 4312 ἔμπροσθεν
1140 4240 1240 4310 τῆς
1285 4238 1494 4301 οἰκείας
1533 4237 1693 4309 σοροῦ
1727 4239 1785 4289 ὲν
1815 4235 2048 4306 πρεσϐυο

468 4335 642 4402 τέρων
666 4333 1010 4404 καθημένους
1042 4334 1281 4403 μορφαῖς
1310 4348 1367 4384 τε
1389 4332 1485 4385 καὶ
1513 4330 1789 4401 σχήμασιν
1809 4348 1821 4360 ·
1853 4330 1901 4383 οἳ
1932 4329 2041 4383 τῶν

471 4424 676 4493 θρόνων
706 4424 1061 4487 ἀναστάντες,
1094 4424 1189 4488 καὶ¹
1213 4423 1315 4492 τῆς
1335 4423 1515 4493 χειρὸς
1547 4422 1639 4474 τὸν
1672 4421 1925 4491 Ἰωάννην
1954 4421 2048 4474 λα-

2138 3247 2286 3301 mine
2307 3245 2695 3309 frustrabatur,
2719 3255 2773 3301 et
2808 3247 2876 3304 ab
2904 3245 3011 3302 hoc
3048 3253 3431 3316 sequestratus
3457 3247 3714 3303 tenebras

2138 3339 2469 3406 patiebatur,
2497 3345 2551 3392 et
2596 3338 2990 3394 olitencbratus
3039 3338 3258 3409 penitus
3298 3353 3406 3393 non
3473 3339 3711 3394 videbat.

2138 3428 2325 3498 Itaque
2354 3432 2636 3486 oculorum
2663 3431 2782 3484 visu
2814 3433 3080 3500 privatus,
3139 3441 3193 3485 et
3219 3432 3363 3485 sicut
3391 3430 3595 3486 dictum
3632 3441 3718 3487 est

2140 3519 2261 3574 luce
2284 3519 2588 3586 fraudatus,
2613 3520 2679 3574 ad
2710 3519 2914 3593 Cyrum
2948 3528 3003 3574 et
3030 3519 3295 3574 Joannem
3325 3529 3595 3593 martyres
3613 3522 3717 3577 dn-

2142 3608 2388 3673 cehatur,
2437 3610 2667 3663 aliorum
2710 3610 2887 3664 oculis
2930 3609 3149 3664 ductus.
3184 3611 3354 3666 Porro
3397 3625 3523 3665 eum
3576 3627 3720 3666 unus

2143 3700 2482 3768 prmterisset
2514 3715 2714 3766 annus,
2745 3706 3062 3755 sanctorum
3093 3717 3251 3771 opem
3273 3710 3328 3756 et
3352 3703 3584 3773 gratiam
3608 3718 3723 3758 mc-

2146 3793 2272 3847 ruit.
2305 3791 2511 3848 Taliter
2557 3802 2738 3849 autem
2804 3803 3119 3850 sanctorum
3162 3795 3303 3850 facta
3335 3804 3419 3852 est
3456 3797 3719 3852 visitatio.

2148 3881 2327 3953 Supra
2357 3894 2594 3939 stratum
2660 3884 2904 3943 Joannes
2962 3887 3291 3955 dormiebat,
3345 3898 3399 3943 et
3442 3888 3724 3946 dormiens

2149 3985 2275 4030 ante
2302 3987 2625 4033 sanctorum
2656 3994 2716 4035 se
2757 3980 3083 4036 intuebatur
3114 3991 3534 4038 monumentum
3567 3994 3720 4039 stau-

2149 4077 2280 4134 tcm,
2316 4070 2458 4126 etde
2480 4073 2719 4127 sanitate
2761 4073 2912 4144 visus
2939 4072 3361 4144 deprecantem;
3389 4084 3446 4130 et
3494 4075 3601 4132 hoc
3651 4077 3729 4131 ῖς.-

2149 4162 2323 4227 ciens,
2353 4164 2577 4232 putabat
2606 4176 2827 4222 sanctos
2858 4165 3045 4221 videre
3073 4179 3201 4223 ante
3228 4171 3513 4239 proprium
3543 4177 3728 4225 tumn-

2152 4256 2262 4310 lum
2289 4256 2341 4310 in
2393 4258 2841 4327 presbyterorum
2884 4259 3078 4316 formis
3132 4268 3187 4316 et
3237 4262 3460 4331 habitu;
3503 4265 3595 4333 qui
3660 4264 3729 4320 de

2152 4350 2376 4406 sedibus
2399 4360 2752 4421 assurgentes
2788 4359 2841 4407 et
2877 4367 3040 4407 manu
3104 4352 3369 4410 Joannem
3420 4357 3727 4427 apprehen-

2159 4440 2374 4504 dentes,
2405 4442 2471 4496 ad
2512 4442 2755 4497 divinum
2791 4445 2962 4499 altare
2999 4445 3299 4514 duxerunt,
3333 4456 3387 4503 et
3411 4448 3569 4505 illum
3597 4449 3726 4506 huic

470 4514 691 4595 ϐόμενοι
713 4516 805 4568 ἐπὶ
833 4515 894 4568 τὸ
931 4514 1074 4569 θεῖον
1106 4515 1492 4584 θυσιαστήριον
1527 4515 1735 4585 ἤγαγον
1755 4530 1767 4545 ·
1797 4514 1893 4568 καὶ
1918 4515 2032 4569 τού-

2149 4531 2431 4597 sistentes,
2469 4547 2663 4602 panem
2685 4536 2733 4589 ei
2774 4546 3027 4591 sanctum
3052 4538 3419 4607 prebuerunt,
3453 4540 3723 4597 viviﬂcum
3756 4532 3773 4540 ’

470 4620 548 4677 τῳ
585 4607 746 4675 αὑτὸν
786 4607 1255 4676 παραστήσαντες,
1308 4604 1471 4675 ἄρτον
1510 4603 1657 4674 αὐτῷ
1709 4604 2045 4674 προσένεμον

474 4698 629 4764 ἅγιον
661 4697 923 4760 ζωοποιον
967 4696 1202 4769 Χριστοῦ
1252 4696 1413 4767 σῶμα
1460 4697 1751 4767 γενόμενον
1784 4696 1918 4766 (26)·
1951 4697 2047 4750 καὶ

477 4791 613 4860 μετά
646 4791 745 4861 τὴν
773 4790 963 4843 τούτου
1006 4788 1328 4860 μετάληψιν,
1363 4790 1471 4842 ἀπὸ
1504 4792 1601 4859 τῆς
1640 4790 1908 4860 μυστικῆς
1939 4789 2047 4843 πάο

474 4879 557 4934 λιν
583 4884 863 4952 τραπέζης
886 4883 1145 4945 λαϐόντες
1179 4883 1460 4954 ποτήριον,
1495 4882 1638 4936 θείου
1669 4882 2045 4954 πεπληρωμέ-

474 4972 565 5027 νον
604 4972 854 5037 ὲπότιζον
881 4975 1154 5043 γάλακτος
1176 4991 1189 5005 ·
1228 4969 1271 5052 ᾧ
1301 4976 1442 5045 τάχα
1480 4976 1574 5028 καὶ
1608 4975 1819 5040 Παῦλος
1848 4978 1874 5029 ὁ
1916 4975 2050 5030 ἀπό-

478 5066 665 5130 στολος
687 5066 928 5131 ποτίζειν
947 5070 1072 5131 τοὺς
1096 5071 1153 5121 ὲν
1184 5069 1406 5138 Χριστῷ
1433 5070 1796 5140 νηπιάζοντας
1819 5069 2047 5140 ἔγραφε.

478 5155 618 5230 Μεθ’
655 5157 690 5210 ἃ.
726 5157 817 5210 τὸν
848 5158 1103 5228 Ἰωάννην
1131 5159 1367 5213 ἀπέλυον
1415 5161 1642 5213 τοιοῖσδε
1688 5160 1852 5214 αὐτὸν
1896 5178 2053 5230 περι-

482 5245 786 5317 φράξαντες
808 5251 1065 5321 ρήμασιν·
1102 5250 1232 5302 Ἰδοὺ
1253 5253 1350 5320 τῆς
1368 5250 1629 5320 ἀληθινῆς
1645 5250 1787 5323 ζωῆς
1802 5253 1901 5324 τὴν
1916 5253 2052 5319 ὁδὸν,

481 5330 527 5390 ὦ
555 5339 760 5400 νεανία,
782 5341 1110 5409 κατέμαθες.
1142 5340 1215 5393 Τὺ
1246 5341 1429 5394 λοιπὸν
1454 5337 1547 5395 οῦν
1580 5343 1763 5397 ἐνθάδε
1803 5345 1909 5397 τῶν
1948 5362 2052 5415 μυ-

484 5433 722 5502 στηρῖων
763 5431 996 5501 Χριστοῦ
1041 5432 1448 5503 μετελάμϐανε·
1491 5434 1768 5487 Θεοδοσίου
1800 5436 1908 5507 γὰρ
1958 5439 2055 5492 καὶ

482 5520 721 5592 Σευήρου
751 5521 781 5573 ό
826 5522 1080 5594 Ἰωάννης
1117 5523 1363 5595 ὑπῆρχεν
1405 5525 1676 5594 ὁμόδοξος,
1723 5529 1816 5579 καὶ
1849 5528 2054 5583 τούτων

482 5611 577 5666 τοῦ
605 5612 873 5684 δόγματος
902 5614 1257 5669 ὑποδιακόνου
1286 5614 1439 5681 τάξιν
1469 5616 1819 5686 κεκλήρωτο.’

2150 4621 2354 4676 Christi
2382 4637 2587 4691 corpus
2622 4622 2875 4679 effectum
2904 4644 2916 4679 :
2942 4637 2995 4680 et
3026 4636 3152 4699 post
3184 4628 3348 4699 hujus
3371 4634 3717 4687 communio-

2151 4729 2298 4779 nem,
2332 4729 2526 4769 rursns
2555 4729 2584 4766 a
2613 4717 2841 4785 mystica
2872 4733 3060 4774 mensa
3079 4728 3301 4790 sumpto
3330 4720 3501 4777 calite
3541 4722 3730 4779 divino

2155 4808 2295 4864 lacte
2327 4810 2533 4880 repleto
2566 4809 2913 4881 potaverunt,
2940 4814 3398 4885 quemadmodum
3439 4827 3493 4873 et
3525 4817 3729 4875 Paulus

2156 4900 2442 4967 apostolus
2476 4900 2593 4963 hos,
2625 4902 2792 4969 quiin
2817 4901 3046 4958 Christo‘
3067 4904 3276 4972 parvuli
3299 4917 3477 4973 erant,
3509 4914 3731 4976 potasse

2158 5003 2219 5043 se
2257 4987 2499 5057 scripsit.
2538 4987 2665 5045 Post
2708 5006 2834 5060 quae
2892 4989 3156 5046 Joannem
3193 4992 3549 5059 dimiserunt;
3588 5000 3729 5063 praes

2160 5084 2308 5130 terea
2368 5075 2569 5131 talibus
2616 5092 2739 5132 eum
2780 5082 3282 5150 circumsaepientes
3327 5080 3551 5136 verbis:
3593 5080 3733 5138 Ecce

2157 5171 2311 5224 aiunt
2336 5184 2476 5225 verae
2510 5171 2631 5225 vita:
2663 5172 2826 5238 viam,
2859 5186 2892 5225 o
2943 5173 3284 5237 adolescens,
3337 5173 3597 5230 didicisti.
3657 5175 3729 5230 De

2162 5270 2361 5316 caetero
2394 5262 2481 5315 hic
2513 5261 2719 5316 Christi
2761 5278 2892 5332 ergo
2921 5277 3077 5316 sume
3104 5265 3404 5334 myyeria;
3438 5263 3731 5321 Theodosii

2163 5352 2367 5424 quippe
2395 5364 2560 5422 atque
2590 5349 2775 5405 Severi
2806 5349 3046 5407 Joannes
3075 5362 3192 5406 erat
3240 5353 3344 5407 iste
3389 5360 3649 5420 sectator,
3679 5365 3735 5412 et

2163 5452 2359 5506 horum
2390 5445 2661 5517 dogmatis
2707 5444 3032 5500 subdiacoui
3085 5446 3313 5501 sortitus
3344 5456 3429 5502 est
3459 5448 3732 5510 ordinem.

1985 5716 2222 5775 NOTAE.

1985 5719 2222 5775 NOTE.

554 5801 674 5877 (26)
715 5803 925 5859 Rursus
956 5805 1334 5860 testimonium
1379 5820 1477 5875 pro
1513 5820 1651 5875 pane
1680 5806 2054 5867 encharislico
2089 5813 2143 5867 in
2175 5828 2375 5885 corpus
2406 5814 2607 5871 Christi
2633 5832 2919 5872 converso.

841 5903 1107 5965 Pyrum"
1152 5908 1267 5967 Gn.
1317 5903 1676 5967 LXXXVII.

3268 5904 3371 5965 112
