4060 6236
322 321 459 385 3567

1224 325 1283 386 S.
1327 324 1745 386 SOPHRONII
1781 326 2286 389 PATRIARCILE
2322 331 2724 392 IlIEROSOL.

3450 339 3589 403 3568

321 443 375 485 et
416 430 731 499 hujusmodi
764 445 896 487 voce
927 430 993 489 ad
1020 431 1297 488 infirmum
1323 432 1520 488 effatus
1556 451 1568 487 :
1605 434 1759 497 Vere,
1788 434 1897 487 fra-

2004 433 2273 506 δεύτερον,
2326 438 2487 492 πάλιν
2546 443 2576 493 ὁ
2632 439 2815 512 Κῦρος
2869 441 3194 496 ἐπιδέδωκεν
3242 440 3585 516 ἀνελόμενος.

319 537 427 588 ter,
471 523 630 577 valde
660 523 888 577 multum
930 523 1239 581 desideravi
1272 527 1477 596 templo
1514 536 1564 580 te
1609 528 1895 581 adhaeren-

320 628 452 681 tem,
479 626 529 673 et
554 619 782 673 audire:
807 620 998 685 Amen,
1022 635 1205 686 amen,
1240 620 1485 687 Domine,
1512 620 1807 675 dicentem.
1835 624 1903 676 At

326 709 415 763 ille
447 710 760 781 intelligens
787 712 931 783 quod
976 712 1043 767 de
1097 713 1485 783 mysteriorum
1536 699 1742 765 Christi
1779 728 1901 782 per-

324 802 581 870 ceptione
620 803 861 867 diceret;
901 813 1033 856 tunc
1086 804 1232 858 enim
1286 802 1428 856 hanc
1479 803 1900 867 sacerdotibus,

321 894 451 948 dum
481 894 757 948 vivificum
792 906 845 947 et
879 895 1124 949 salutare
1155 910 1357 964 corpus
1385 904 1439 949 et
1460 896 1780 965 sanguinem
1808 895 1899 950 Dei

321 987 686 1054 distribuunt,
735 988 1123 1042 allocutionem
1162 987 1557 1056 respondentes
1610 986 1899 1053 edicimus,

330 1080 704 1136 testimonium
738 1094 871 1135 voce
903 1080 1125 1150 propria
1153 1079 1509 1149 perhibentes
1541 1093 1605 1132 ac
1641 1077 1902 1149 profiten-

320 1180 404 1228 tes
442 1172 588 1244 quod
619 1187 807 1227 verum
838 1173 929 1239 sit,
957 1178 1012 1227 et
1057 1187 1184 1228 vere
1226 1172 1441 1226 dicatur
1473 1170 1622 1240 quod
1680 1170 1749 1225 ab
1789 1170 1900 1225 illis

323 1265 485 1321 nobis
511 1265 565 1319 in
597 1265 942 1335 spiritualem
975 1280 1182 1326 escam,
1215 1274 1269 1319 et
1289 1265 1342 1318 in
1371 1263 1752 1318 remissionem
1777 1278 1901 1333 prc-

320 1365 565 1411 eatorum
616 1358 912 1425 tribuitur;
980 1372 1075 1428 per
1133 1356 1378 1428 singulos
1429 1355 1736 1411 dominicos
1783 1356 1900 1409 dies

322 1447 462 1501 hanc
486 1463 546 1503 se
579 1448 944 1503 itmnortalem
1009 1462 1194 1503 eseam
1256 1462 1476 1502 sumere
1524 1445 1894 1515 promittebat.

324 1538 432 1594 Sed
462 1550 690 1596 sanctus
722 1539 1068 1595 manifestius
1095 1539 1303 1594 faciens
1335 1538 1598 1600 audienti,
1641 1551 1787 1601 vere,
1814 1536 1899 1587 in-

326 1630 469 1699 quit,
504 1645 604 1685 nec
630 1631 799 1685 semel
855 1631 961 1685 huc
993 1631 1218 1685 veniens
1250 1627 1693 1693 communicasti,
1750 1624 1898 1695 quod

326 1723 433 1777 nisi
468 1722 727 1793 gesseris,
758 1737 862 1778 nec
889 1738 988 1778 nos
1012 1723 1110 1777 tibi
1140 1722 1271 1792 quid
1304 1722 1741 1777 necessariorum
1765 1734 1898 1774 con-

329 1814 469 1869 ferre
496 1815 822 1885 poterimus.

2021 524 2107 588 Ὠς
2130 526 2186 580 δὲ
2217 526 2380 580 πάλιν
2403 529 2464 581 τὸ
2493 530 2674 602 τρίτον
2713 531 3046 603 παρέπεσεν,
3090 532 3255 587 πάλιν
3301 534 3367 589 ἐκ
3398 536 3584 607 τρίτου

2006 616 2187 672 λαϐὼν
2210 620 2557 685 ἐπιδέδωκεν,
2589 623 2831 693 οἰμώξας
2861 623 3067 697 τρόπον
3099 626 3246 693 τινὰ,
3272 629 3368 682 καὶ
3394 630 3584 685 τοιαύ⁶

2004 727 2105 783 την
2135 715 2322 783 φωνὴν
2356 714 2493 785 πρὸς
2518 714 2610 768 τὸν
2639 715 2971 771 ἀσθενοῦντα
3008 718 3382 789 φθεγξάμενος
3405 735 3420 751 ⁸
3457 722 3588 777 ’ον-

2003 808 2130 869 τως,
2162 803 2377 874 ἀδελφὲ,
2406 806 2546 859 πάνυ
2594 807 2728 862 πολὺ
2785 811 3172 883 προσεπόθησα
3226 812 3305 883 τῷ
3351 811 3459 884 νεῷ
3493 812 3589 868 σοῦ

2003 895 2510 965 προσπελάσαντος,
2541 898 2636 952 τοῦ
2671 899 2905 954 ἀκοῦσαί
2948 920 3041 957 σου
3067 904 3147 969 τὸ,
3192 905 3389 976 Ἀμὴν,
3416 905 3588 977 ἀμὴν,

2004 985 2197 1055 Κύριε,
2232 986 2502 1056 λέγοντος.
2538 989 2594 1042 '0
2620 989 2677 1043 δὲ
2710 993 2887 1056 συνεὶς
2908 993 2984 1058 ὡς
3014 996 3113 1064 τῆς
3141 996 3250 1050 τῶν
3272 998 3590 1069 μυστηρίων

2002 1077 2241 1148 Χριστοῦ
2284 1079 2638 1150 μεταλήψεως
2665 1081 2853 1137 ἕνεκεν
2872 1084 3096 1157 εἴρηκεν
3121 1086 3266 1157 (τότε
3298 1087 3407 1158 γὰρ
3429 1086 3590 1142 τοῦτο

2002 1171 2116 1232 τοῖς
2154 1168 2393 1237 ἱερεῦσιν
2421 1171 2482 1235 τὸ
2536 1173 2803 1236 ζωοποιὸν
2828 1176 2922 1229 καὶ
2950 1178 3217 1249 σωτήριον
3276 1177 3440 1249 σῶμα
3494 1178 3590 1232 καὶ

1942 1340 1945 1341 ν
2002 1254 2143 1327 αἷμα
2172 1261 2408 1331 Χριστοῦ
2436 1262 2528 1316 τοῦ
2554 1264 2690 1317 Θεοῦ
2718 1266 3034 1338 διανέμουσι
3079 1269 3446 1341 πρόσφθεγμα
3497 1267 3589 1323 λέ-

2002 1367 2195 1422 γομεν,
2226 1354 2633 1424 μαρτυροῦντες
2662 1357 2839 1430 οἰκείᾳ
2872 1362 3023 1430 φωνῇ
3056 1363 3149 1414 καὶ
3183 1361 3584 1430 συντιθέμενοι,

2000 1441 2074 1503 ὡς
2097 1443 2298 1513 ἀληθὲς
2329 1444 2423 1498 καὶ
2453 1444 2568 1498 ἔστι
2602 1463 2659 1500 τε
2691 1449 2785 1501 καὶ
2814 1449 3053 1518 λέγεται,
3111 1450 3173 1503 τὸ
3196 1451 3330 1520 πρὸς
3357 1450 3583 1506 ἐκείνων

2001 1535 2080 1596 εἰς
2102 1534 2308 1606 τροφὴν
2331 1536 2462 1606 ἡμῖν
2496 1539 2868 1610 πνευματικὴν
2919 1541 3014 1594 καὶ
3058 1542 3251 1611 ἄφεσιν
3298 1541 3588 1616 ἁμαρτιῶν

2002 1626 2396 1698 παρεχόμενον,
2431 1630 2550 1682 καθ’
2587 1630 2824 1703 ἑκάστην
2857 1633 3141 1704 Κυριακὴν
3170 1634 3375 1704 ταύτης
3410 1652 3582 1705 μετα-

2002 1718 2302 1790 λαμϐάνειν
2333 1724 2430 1792 τῆς
2458 1722 2732 1779 ἀθανάτου
2761 1726 2967 1796 τροφῆς
2994 1726 3348 1796 ἁπεκρίνατο.
3384 1726 3529 1782 Ἀλλ’
3556 1727 3585 1778 ὁ

1928 1777 1975 1835 Β
2003 1777 2157 1881 ἅγιος
2188 1777 2569 1887 φανερώτερον
2593 1777 2764 1871 ποιῶν
2782 1777 2887 1889 τῷἰη

330 1913 560 1977 Ὄντως,
588 1911 777 1983 φησὶν,
821 1909 929 1964 οὐδ’
960 1906 1111 1976 ἅπαξ
1141 1909 1328 1965 ἐνθάδε
1372 1908 1548 1980 μολὼν
1585 1907 1970 1977 ὲκοινώνησας*
2002 1906 2137 1980 ὅπερ
2171 1911 2221 1963 εἰ
2262 1909 2339 1983 μὴ
2387 1911 2616 1984 δράσῃς,
2660 1913 2713 1966 τὶ
2759 1912 2868 1968 τῶν
2920 1915 3234 1984 ἀναγκαίων
3279 1916 3470 1986 ὀνῆσαι
3521 1918 3602 1994 ού.

322 2005 624 2078 δυνάμεθα.

393 2099 638 2170 Surgens
679 2108 861 2153 autem
891 2113 920 2152 a
963 2112 1159 2152 somno
1181 2096 1517 2166 Stephanus,
1547 2095 1612 2150 ad
1650 2109 1898 2150 contmn—

298 2189 546 2245 ‘nioncm
572 2188 822 2259 confugit
858 2186 1136 2253 Ecclesiae,
1171 2185 1447 2257 hujusque
1500 2184 1757 2256 mysteria
1815 2196 1902 2236 se-

324 2290 582 2354 quentem
627 2282 828 2353 reperit
863 2281 1062 2336 visunt.
1107 2277 1248 2334 Hinc
1289 2286 1344 2333 et
1375 2278 1461 2333 bis
1489 2278 1581 2348 qui
1632 2275 1759 2330 huic
1794 2274 1901 2328 mi-

323 2375 635 2433 nistrabant
655 2374 724 2429 de
755 2373 1148 2429 ecclesiasticis
1177 2369 1477 2425 Salvatoris
1498 2367 1691 2423 ovibus
1722 2364 1900 2421 factus

325 2475 434 2534 est,
460 2468 734 2524 insaniam
777 2481 902 2522 esse
932 2463 1281 2519 manifestam
1309 2503 1322 2526 ,
1359 2473 1672 2532 quanquam
1699 2457 1900 2511 barba-

326 2576 423 2617 rus
450 2567 620 2626 esset,
649 2553 925 2628 cogitans,
953 2564 1144 2610 contra
1177 2553 1344 2607 Deum
1369 2560 1423 2606 et
1455 2557 1677 2604 sanctos
1708 2545 1900 2601 Eccle-

326 2655 575 2724 siamque
597 2650 925 2706 catholicam
958 2656 1014 2703 et
1041 2646 1401 2702 orthodoxam
1432 2643 1593 2698 lldem
1635 2653 1897 2710 pugnare.

328 2746 434 2802 Sed
472 2746 563 2800 ille
592 2743 684 2815 qui
716 2742 973 2797 omnibus
997 2739 1203 2795 invidet
1255 2737 1432 2803 bonis,
1464 2749 1520 2791 et
1564 2736 1617 2787 in
1658 2733 1761 2787 bos
1808 2730 1900 2800 qui

325 2838 607 2892 salvantur
641 2834 828 2889 livoris
867 2832 1081 2887 facibus
1123 2829 1444 2892 inardescit,
1478 2826 1680 2881 donum
1738 2822 1903 2877 dimi-

234 2974 239 2978 .
325 2930 475 2985 dium
502 2928 750 2991 abstulit,
776 2928 903 2980 licet
938 2934 1110 2979 totum
1168 2921 1385 2977 auferre
1437 2921 1624 2973 volens
1675 2915 1903 2970 minime

328 3022 617 3091 potuisset.
648 3018 781 3074 Post
816 3019 1108 3073 sanitatem
1136 3015 1339 3087 quippe
1387 3014 1586 3067 animae
1625 3024 1690 3063 ac.
1714 3021 1900 3077 eorpo-
1927 2990 1972 3052 Ο

329 3116 426 3177 ris,
453 3119 847 3183 receptumque
866 3109 1153 3175 utriusmte
1183 3105 1329 3160 oculi
1354 3104 1554 3164 visum,
1581 3116 1705 3155 cum
1726 3100 1905 3153 adhuc

330 3210 383 3262 in
417 3214 735 3261 sanctorum
765 3201 991 3257 basilica
1022 3206 1355 3258 moraretur,
1388 3196 1637 3249 minister
1666 3194 1905 3248 interro-

329 3301 488 3370 gabat
514 3297 849 3369 Stephanum
885 3310 899 3349 :
933 3292 1094 3359 Ecce,
1129 3292 1224 3356 ait,
1259 3288 1553 3352 odomine,
1575 3287 1661 3339 hic
1685 3293 1903 3339 sancto-

331 3407 451 3445 rum
486 3388 807 3446 obedientes
843 3383 1040 3454 jussis,
1077 3381 1579 3436 eommunicatores
1622 3375 1906 3430 catholicae

335 3484 462 3540 facti
518 3496 714 3538 sumus
738 3478 1031 3544 Ecclesiat;
1087 3490 1210 3530 cum
1252 3482 1432 3528 autem
1499 3470 1567 3524 ad
1625 3470 1905 3524 civitatem

331 3582 575 3631 nostram
642 3571 941 3625 auxiliante
981 3565 1092 3622 Deo
1136 3564 1546 3636 pervenerimus
1595 3563 1651 3615 in
1708 3561 1904 3613 horum

332 3675 490 3737 putas
544 3661 894 3735 jussionibus
944 3654 1434 3735 permanebimus?
1488 3670 1556 3709 an
1593 3653 1793 3708 iterum
1836 3648 1904 3703 ad

331 3758 567 3830 pristina
596 3748 1025 3827 repedabimus?
1058 3748 1150 3805 Ille
1177 3762 1307 3804 vero
1329 3747 1394 3802 ad
1418 3761 1543 3801 eum
1586 3742 1866 3815 respondit
1889 3759 1901 3795 :

331 3852 468 3907 Dum
490 3863 703 3915 sumus,
726 3846 1001 3916 inquiens,
1019 3843 1130 3907 hic,
1154 3856 1277 3913 qua:
1298 3838 1553 3894 videntur
1571 3835 1905 3907 martyribus

331 3956 695 4014 peragamus;
743 3953 870 3994 cum
930 3944 1112 3991 autem
1156 3932 1286 3988 hinc
1319 3930 1639 3999 abierimus,
1682 3924 1904 3998 propria

329 4035 585 4104 dogmata
631 4032 777 4087 sicut
823 4037 984 4084 antea
1046 4024 1427 4088 retinebimus,
1457 4030 1511 4075 et
1552 4019 1711 4073 fidem
1741 4031 1903 4088 quam

331 4124 490 4179 nobis
521 4130 703 4194 patres
738 4120 911 4176 nostri
936 4117 1301 4173 tradiderunt.

402 4385 469 4438 Et
497 4386 615 4440 luec
641 4383 859 4453 quidem
894 4382 1029 4438 solis
1056 4381 1274 4436 interim
1316 4376 1717 4434 intentionibus
1753 4374 1904 4428 dice-

332 4482 563 4546 bantur;
595 4492 733 4548 opus
768 4485 948 4531 autem
974 4476 1158 4532 verbis
1197 4475 1442 4529 nondum
1498 4474 1605 4528 tale
1679 4471 1904 4540 copula-

334 4576 519 4637 batur;
559 4570 694 4625 ultio
719 4569 903 4624 divina
928 4568 1277 4624 sermonibus
1317 4583 1473 4638 aeque
1525 4578 1578 4621 ut
1641 4565 1901 4637 operibus

333 4662 555 4729 auditis,
587 4661 741 4731 quasi
771 4669 1039 4731 agentem,
1060 4659 1330 4714 dicentem
1372 4658 1765 4713 insectabatur.
1789 4654 1903 4709 Nox

332 4755 623 4824 enimpost
644 4752 779 4808 solis
810 4765 1068 4806 oreasum
1101 4761 1154 4805 et
1186 4749 1331 4804 illius
1372 4750 1478 4804 diei
1508 4750 1733 4803 veniens
1790 4755 1903 4800 ter-

335 4847 537 4907 minus,
572 4844 657 4899 his
688 4845 964 4915 quisupra
993 4852 1194 4898 terram
1226 4851 1384 4897 erant
1411 4841 1656 4911 requiem
1698 4855 1902 4894 conce-

333 4941 515 5004 debat,
546 4937 859 4992 hominibus
896 4937 1123 4999 Scilicet,
1160 4935 1281 4989 aliis
1297 4932 1701 5005 quodammodo
1723 4932 1905 4987 ferens

330 5044 608 5094 somnum,
637 5035 693 5082 et
725 5031 962 5081 clamore
993 5028 1243 5080 vocitans
1275 5026 1480 5089 lumen,
1518 5040 1640 5076 eum
1665 5039 1763 5077 nec
1788 5025 1902 5093 ipsa

336 5119 578 5187 profecto
613 5133 750 5173 vane
774 5119 842 5173 ab
876 5119 1118 5172 omnium
1152 5116 1382 5172 Factore
1406 5116 1474 5169 sit
1500 5114 1643 5168 facta
1676 5132 1689 5167 :
1716 5129 1823 5183 qua
1853 5124 1905 5167 et

336 5209 616 5278 Stephano
654 5218 913 5277 tanquam
965 5209 1179 5278 ingrato
1206 5218 1473 5276 martyres
1505 5214 1792 5273 apparent,
1852 5211 1905 5258 et

338 5302 744 5371 ingratitudinis
790 5317 911 5354 eum
966 5316 1152 5371 punias
1210 5301 1361 5352 luere
1422 5304 1647 5364 cogunt,
1697 5296 1906 5351 balneis

336 5394 483 5446 hunc
528 5392 606 5445 uti
656 5392 1057 5462 praecipientes,
1126 5390 1327 5458 quilms
1384 5385 1775 5455 sicutfiussus
1824 5396 1910 5440 est

337 5494 519 5548 utens,
546 5483 619 5536 ita
661 5484 799 5537 male
831 5490 1095 5537 tractatus
1136 5488 1241 5542 est,
1272 5488 1329 5532 ut
1360 5488 1517 5532 nocte
1557 5494 1620 5531 ac
1657 5478 1744 5531 die
1786 5478 1908 5547 plu-

339 5572 536 5627 rimum
566 5574 835 5644 vigilaret,
859 5582 913 5627 et
934 5556 1056 5627 eum
1094 5571 1278 5625 multis
1324 5568 1628 5627 doloribus,
1665 5570 1790 5637 quia
1829 5569 1910 5622 in-

337 5676 583 5717 somnem
612 5662 847 5718 ducebat
870 5668 1035 5717 vitam
1071 5660 1330 5732 plot-aret,
1375 5659 1517 5728 quod
1553 5660 1604 5712 in
1658 5661 1910 5729 passione

336 5766 599 5808 sensuum
630 5766 725 5809 eos
776 5755 864 5823 qui
926 5753 1207 5824 patiuntur
1256 5750 1527 5806 adducere
1577 5750 1747 5805 norit.
1802 5750 1907 5806 Sed

2087 2095 2355 2161 Ἀναστὰς
2377 2097 2433 2153 δὲ
2458 2098 2569 2153 τῶν
2600 2098 2785 2155 ὕπνων
2815 2102 2843 2155 ὁ
2873 2101 3164 2171 Στέφανος,
3189 2103 3255 2173 τῇ
3286 2101 3385 2172 τῆς
3415 2100 3583 2154 καθος

2003 2186 2160 2257 λικῆς
2192 2188 2522 2259 Ἐκκλησίας
2574 2193 2829 2265 κοινωνίᾳ
2873 2194 3275 2266 προσέδραμεν,
3327 2195 3422 2248 καὶ
3471 2196 3583 2257 τοῖς

2001 2279 2202 2352 ταύτης
2268 2283 2587 2353 μυστηρίοις
2615 2284 2889 2358 ἑπομένην
2922 2286 3017 2357 τὴν
3076 2285 3367 2357 ἀνάϐλεψιν
3431 2286 3582 2358 εὔρι-

2005 2387 2157 2425 σκεν.
2203 2371 2482 2449 Ἐντεῦθεν
2510 2375 2604 2427 καὶ
2628 2377 2657 2429 ὁ
2678 2375 2852 2445 τούτῳ
2882 2375 3322 2445 διακονούμενος,
3352 2376 3463 2429 τῶν
3491 2379 3585 2430 ὲκ-

2007 2461 2409 2532 κλησιαστικῶν
2438 2463 2532 2517 τοῦ
2550 2464 2801 2536 Σωτῆρος
2826 2465 3114 2536 προϐάτων
3136 2468 3365 2534 ἐγίνετο,
3385 2467 3583 2536 μανίαν

2007 2547 2146 2607 εἶναι
2174 2555 2340 2624 σαφῆ.
2376 2554 2553 2608 καίτοι
2586 2555 2860 2629 βάρϐαρος
2915 2555 3015 2623 ὣν,
3069 2558 3452 2628 λογισάμενος,
3520 2558 3582 2612 τδ

2009 2645 2145 2716 πρὸς
2175 2647 2309 2700 Θεὸν
2338 2648 2433 2701 καὶ
2461 2649 2674 2718 ἁγίους,
2699 2650 3029 2722 Ἐκκλησίαν
3058 2668 3117 2704 τε
3153 2652 3446 2724 καθολικὴν
3485 2652 3583 2708 καὶ

2009 2737 2190 2790 πίστιν
2217 2735 2497 2809 δρθόδοξον
2524 2740 2794 2812 μάχεσθαι
2831 2759 2845 2774 ·
2879 2743 2997 2796 ἀλλ’
3039 2746 3067 2797 ὁ
3124 2745 3292 2798 πᾶσιν
3346 2744 3434 2798 ἀεὶ
3467 2746 3582 2806 τοῖς

2007 2834 2263 2902 χρηστοῖς
2298 2833 2774 2902 διαφθονούμενος,
2824 2835 2918 2886 καὶ
2951 2835 3173 2898 τούτους
3231 2827 3576 2906 σωζομένους

2009 2920 2331 2986 ἐϐάσκανεν,
2357 2923 2453 2975 καὶ
2487 2922 2548 2975 τὸ
2573 2922 2745 2994 δῶρον
2792 2921 2852 2986 ἐξ
2884 2924 3154 2997 ἡμισείας
3209 2924 3462 2994 ἀφείλετο
3486 2939 3503 2955 ·
3534 2924 3585 2976 εἰ

2004 3014 2101 3067 καὶ
2145 3013 2205 3067 τὸ
2226 3014 2331 3067 πᾶν
2359 3014 2655 3084 ἀφελέσθαι
2689 3013 2974 3085 βουληθεὶς
3002 3016 3062 3068 οὐ
3090 3014 3401 3085 δεδύνηται,
3454 3016 3585 3080 τοὺς

2009 3107 2296 3179 μάρτυρας
2320 3105 2496 3177 εὑρὼν
2525 3106 2874 3171 ὑπασπιστὰς
2917 3108 3010 3162 τοῦ
3044 3107 3389 3180 δωρήματος.
3430 3107 3583 3161 Μετὰ

2004 3196 2114 3265 γὰρ
2148 3200 2248 3267 τὴν
2273 3198 2440 3267 ρὦιν
2467 3199 2564 3268 τῆς
2588 3200 2766 3270 ψυχῆς
2800 3201 2897 3254 καὶ
2928 3199 3024 3253 τοῦ
3049 3199 3325 3269 σώματος,
3348 3198 3442 3253 καὶ
3473 3198 3582 3253 τῶν

2005 3289 2282 3358 ἑκατέρων
2305 3287 2600 3358 ὀφθαλμῶν
2624 3289 2722 3360 τὴν
2749 3288 3065 3359 ἀνάϐλεψιν,
3084 3289 3164 3341 ἔτι
3190 3289 3330 3343 κατὰ
3352 3288 3444 3342 τὸν
3477 3304 3578 3358 ση-

2007 3381 2100 3434 κὸν
2139 3380 2524 3451 διατρίϐοντες,
2563 3381 2592 3433 ὁ
2623 3381 3038 3452 διακονούμενος
3076 3381 3262 3452 ἠρώτα
3306 3373 3426 3434 τὸνί
3457 3379 3586 3433 Στέ-

2008 3488 2173 3538 φανον
2208 3488 2221 3503 ο
2288 3471 2446 3536 Ἰδοὺ,
2509 3473 2694 3542 φησιν,
2736 3471 2943 3538 ἐνθάδε,
2987 3466 3032 3524 ὧ
3080 3472 3256 3543 κύριε,
3309 3474 3429 3536 ταῖς
3473 3471 3608 3524 τών.

2007 3566 2179 3636 ἁγίων
2207 3564 2523 3627 πεισθέντες
2579 3563 2913 3630 κελεύσεσιν,
2939 3550 3269 3619 ’κοινωνικοὶ
3305 3565 3403 3634 τῆς
3447 3563 3584 3617 καο-

2006 3658 2191 3727 ολικῆς
2237 3655 2564 3727 Ἐκκλησίας
2592 3656 2896 3727 γεγόναμεν
2917 3673 2931 3687 ο
2982 3656 3081 3726 τὴν
3121 3657 3494 3726 ὲνεγκαμένην
3519 3656 3576 3709 δὲ

2009 3750 2104 3802 σὺν
2171 3747 2289 3819 Θεῷ
2337 3746 2842 3816 καταλαμϐάνοντες
2897 3748 3223 3818 ἐμμένωμεν
3294 3743 3402 3817 ἆρα
3457 3749 3583 3810 ταῖς

2005 3838 2211 3891 τούτων
2246 3836 2644 3905 κελεύσεσιν,ἢ
2673 3836 2807 3905 πρὸς
2829 3837 2889 3889 τὸ
2922 3836 3112 3908 πρώην
3174 3837 3335 3892 πάλιν
3393 3839 3579 3907 χωρή-

2007 3946 2219 3999 σωμεν;
2259 3930 2318 3983 '0
2357 3929 2412 3981 δὲ
2442 3929 2577 3999 πρὸς
2608 3929 2767 3981 αὑτὸν
2811 3929 3162 4001 ἀπεκρίνατο,
3207 3931 3282 3995 ὼς
3309 3929 3576 3986 Ἐνταῦθα

2010 4019 2109 4090 μὲν
2132 4018 2284 4082 ὄντες
2314 4018 2380 4071 τὰ
2411 4018 2668 4089 δοκοῦντα
2698 4021 2914 4090 δρῶμεν
2935 4025 3047 4083 τοῖς
3082 4021 3369 4092 μάρτυσιν,
3386 4022 3579 4076 ἀπιόν-

2005 4128 2097 4175 τες
2134 4111 2191 4165 δὲ
2229 4111 2337 4164 τῶν
2367 4112 2637 4175 ἐντεῦθεν,
2669 4112 2777 4166 τῶν
2810 4112 3025 4166 οίκείων
3075 4113 3237 4166 πάλιν
3291 4114 3578 4183 δογμάτων

2007 4201 2082 4267 ώς
2109 4203 2170 4257 τὸ
2225 4204 2353 4274 πρὶν
2386 4202 2756 4274 ἀνθεξώμεθα,
2807 4203 2901 4256 καὶ
2958 4204 3197 4268 πίστεως
3242 4199 3311 4276 ἦς
3339 4206 3471 4275 ἡμῖν
3527 4203 3578 4257 οί

2011 4296 2244 4364 πατέρες
2268 4293 2426 4364 ἡμῶν
2457 4295 2817 4366 ἐνεχείρισαν.

2078 4384 2187 4438 Καὶ
2215 4383 2389 4436 ταῦτα
2414 4372 2512 4453 μὲν
2540 4384 2596 4435 έν
2627 4382 2815 4451 μόναις
2844 4385 2981 4446 τέως
3005 4384 3220 4452 ἐλέγετο
3247 4386 3369 4449 ταῖς
3391 4382 3571 4437 ὲντεύο

2008 4471 2153 4539 ξεσιν
2183 4490 2198 4504 ο
2227 4473 2388 4543 ἔργον
2419 4473 2476 4526 δὲ
2501 4474 2613 4536 τοῖς
2636 4472 2815 4540 λόγοις
2841 4471 2992 4525 οῦπω
3018 4474 3217 4528 τοιόνδε
3252 4475 3575 4544 συνήπτετοο

2007 4567 2098 4618 καὶ
2124 4565 2247 4635 δίκη
2280 4564 2390 4619 τῶν
2418 4563 2592 4633 λόγων
2621 4563 2810 4635 ὥσπερ
2830 4564 3005 4636 ἔργων
3033 4566 3337 4631 ἀκούσασα,
3371 4567 3446 4630 ώς
3478 4583 3579 4619 πε-

2008 4657 2254 4728 πραχότα
2278 4656 2368 4710 τὸν
2389 4657 2650 4726 εἰρηκότα
2677 4657 2812 4726 μετή
2823 4674 2999 4727 ρχετο.
3036 4657 3149 4724 Νὺξ
3187 4658 3295 4728 γὰρ
3331 4657 3470 4727 μετὰ
3485 4657 3582 4720 τὰς

2008 4749 2163 4820 ἡλίου
2200 4748 2411 4819 δυσμὰς
2443 4747 2706 4819 κάκείνης
2737 4749 2834 4819 τῆς
2866 4750 3083 4821 ἡμέρας
3109 4748 3366 4815 ,ἐλθοῦσα
3395 4748 3457 4801 τὸ
3486 4748 3583 4801 πέρ

2011 4857 2111 4911 ρας
2138 4842 2246 4901 τοῖς
2272 4840 2364 4892 ἐπὶ
2391 4840 2496 4909 γῆς
2528 4838 2832 4910 ὲϐράϐευσε
2849 4841 2949 4908 τὴν
3019 4840 3330 4896 ἀνάπαυσιν
3370 4838 3583 4910 ἀνθρώ-

2007 4950 2154 4996 ποις,
2189 4930 2434 5000 δηλονότι
2454 4929 2623 4983 ὕπνον
2652 4930 2790 5000 αὐτὴ
2810 4934 2929 4994 ταῖς
2956 4930 3181 5002 πτέρυξι
3208 4932 3472 5003 φέρουσα,
3494 4930 3584 4983 καὶ

2010 5024 2188 5096 βοῶσα
2225 5024 2411 5094 σαφῶς
2434 5022 2508 5086 ώς
2533 5024 2592 5076 οὐ
2639 5023 2815 5094 μάτην
2873 5023 2982 5076 οὐδ’
3039 5025 3182 5096 αὐτὴ
3247 5023 3326 5095 τῷ
3368 5025 3584 5079 πάντων

2010 5116 2203 5185 ποιητῇ
2237 5111 2755 5183 πεπλαστούργηται
2780 5127 2792 5141 ⁸
2827 5113 2949 5166 καθ’
2970 5114 3034 5186 ἢν
3054 5117 3146 5168 καὶ
3199 5118 3247 5169 οἰ
3310 5117 3586 5186 μάρτυρες

2009 5209 2265 5277 Στεφάνῳ
2316 5207 2391 5270 ὡς
2438 5205 2717 5277 ἀγνώμονι
2771 5209 3076 5276 φαίνονται,
3134 5210 3228 5263 καὶ
3274 5210 3373 5279 τῆς
3400 5212 3589 5279 ἀχαρι-

2010 5300 2163 5363 στίας
2199 5300 2360 5353 αὐτὸν
2384 5300 2481 5361 τὰς
2509 5300 2664 5362 δίκας
2698 5302 3116 5372 εἰσπράττοντα,
3150 5301 3395 5372 λουτροῖς
3425 5301 3587 5354 αὑτὸν

2009 5392 2395 5463 ἐπιτρέψαντες
2420 5391 2760 5462 χρήσασθαι·
2795 5388 2876 5455 οἷς
2929 5393 3001 5457 ώς
3044 5393 3340 5465 ἐκελεύσθη
3375 5393 3585 5464 χρησά-

2013 5502 2192 5555 μενος,
2246 5481 2392 5538 οὕτω
2442 5484 2657 5555 διετέθη
2700 5486 2909 5550 κακῶς,
2941 5487 3015 5549 ὠς
3047 5486 3219 5540 πολλὰ
3241 5489 3585 5558 γρηγορῆσαι

2010 5577 2352 5649 νυχθήμερα,
2386 5578 2480 5631 καὶ
2505 5578 2601 5650 τὴν
2637 5578 2836 5650 πολλὴν
2889 5580 3122 5632 ἀῦπνίαν
3162 5582 3260 5633 σὺν
3287 5582 3406 5644 ταῖς
3462 5579 3585 5631 ὀδύ-

2021 5678 2139 5724 ναις
2173 5661 2479 5732 ὀδύρεσθαι,
2500 5665 2577 5725 εἰς
2595 5663 2763 5727 πάθος
2793 5664 3004 5734 φρενῶν
3035 5666 3219 5735 φέρειν
3240 5664 3444 5717 εἰδυῖαν
3464 5664 3589 5726 τοὺς

2022 5753 2347 5822 πάσχοντας.
2414 5752 2556 5807 Ἀλλ’
2591 5756 2724 5828 αὐτὴ
2770 5757 2866 5828 μὲν
2900 5756 3202 5826 μαστίξασι
3252 5759 3324 5822 ώς
3362 5757 3477 5810 δέον
3522 5755 3589 5829 ἦν
