4060 6236
428 366 568 428 3ἰιΰ9

1380 365 1482 424 SS.
1522 364 1694 424 CYRI
1730 365 1824 423 ET
1864 361 2181 423 IOAN’NIS
2210 356 2622 420 MIRACULA.

3539 336 3677 401 3570

429 482 521 531 τὸν
550 476 861 548 ἀγνώμονα,
898 475 1274 545 φιλανθριιιπίξι
1321 475 1612 547 μαρτύρων
1671 475 1950 530 ἐπαύσατο
1981 490 1997 504 ⁶

2115 477 2220 543 ipsa
2265 471 2482 542 quidem
2550 462 2931 521 misericordia
3002 466 3326 530 martyrum,
3366 468 3487 524 qua:
3533 452 3677 506 sicut

430 572 465 640 ἡ
523 568 795 637 τύερλωσις
854 567 909 619 δὲ
951 566 1112 619 πάλιν
1174 564 1333 616 αὑτὸν
1381 566 1413 633 ἡ
1458 563 1664 617 παλαιά
1709 562 2001 627 διεδέξατο,

441 658 692 727 γλώττης
745 656 956 709 ὄλισθον
1018 655 1110 706 καὶ
1135 653 1393 716 δυσσεϐὲς
1434 654 1669 715 διανοίας
1697 652 2006 713 κολάζουσα

432 750 679 818 γέννημα
704 765 717 778 ο
751 748 844 800 καὶ
874 745 1048 799 ταῦτα
1074 744 1295 812 πάσχων
1325 742 1493 809 ἀξίως
1521 746 1547 796 ὁ
1579 742 1781 807 ἄθλιος,
1819 743 2005 812 ἠγνόει

434 841 618 903 κακῶς
646 840 742 908 τῆς
783 840 1013 909 βασάνου
1045 838 1105 890 τὸ
1140 837 1331 889 αἴτιον.

518 1034 659 1086 Ἀλλ’
697 1033 746 1084 οί
780 1030 1214 1103 Χριστομίμητοι
1253 1030 1523 1100 μάρτυρες
1564 1025 2007 1097 ὑπερϐαλλόντως

443 1123 597 1183 ὄντες
620 1120 1011 1190 φιλάνθρωποι,
1046 1120 1140 1174 καὶ
1168 1119 1406 1189 σωθῆναι
1440 1118 1646 1178 πάντας
1683 1114 2007 1187 ἀνθρώπους

436 1212 729 1277 ἐθέλοντες,
757 1213 851 1264 καὶ
884 1211 1057 1264 ἐλθεῖν
1078 1213 1156 1275 εἰς
1188 1210 1443 1281 ἀληθείας
1465 1210 1779 1277 ἐπίγνωσιν,
1817 1208 1891 1271 ὡς
1943 1207 2008 1260 ἂν

435 1306 708 1375 ἐπιγνοίη,
739 1304 829 1357 καὶ
859 1304 1115 1371 ἐπιγνοὺς
1144 1301 1505 1374 μεταγνώσει,
1568 1302 1661 1354 καὶ
1708 1298 2008 1370 μεταγνοὺς

437 1397 660 1466 σωθείη,
690 1395 865 1466 τούτῳ
887 1395 1194 1449 δεικνύουσι
1223 1395 1290 1447 δι’
1315 1392 1612 1465 ὁράματος,
1682 1393 1777 1446 καὶ
1811 1393 2007 1460 φανέν-

434 1505 523 1549 τες
545 1491 602 1541 ἐν
626 1486 883 1558 ἄρχοντος
921 1486 1053 1539 εἴδει
1087 1502 1145 1538 τε
1166 1485 1257 1538 καὶ
1287 1484 1440 1551 τάξει
1472 1487 1476 1491 “
1502 1483 1594 1537 τοῦ
1655 1483 1754 1554 τὴν
1818 1481 2009 1536 Νικίου

353 1594 371 1638 ,'
435 1577 587 1631 πόλιν
627 1577 915 1641 ίθύνοντος,
948 1576 1046 1646 τῆς
1076 1576 1213 1644 πρὸς
1244 1575 1449 1645 Κῦρον,
1480 1575 1665 1644 φησὶν,
1707 1574 1801 1626 καὶ
1823 1572 2009 1627 Ἰωάν-

355 1648 368 1668 ’
435 1688 533 1739 νην
558 1671 685 1734 περὶ
706 1658 987 1732 κοινωνίας
1012 1668 1308 1738 γενομένης
1366 1667 1514 1738 αὐτῷ
1558 1666 2011 1735 συγκαταθέσεως

432 1762 708 1825 ὠνείδιζον
736 1763 833 1832 τὴν
866 1762 1199 1832 παράϐασιν,
1251 1761 1343 1814 καὶ
1401 1760 1649 1830 στέργειν
1704 1758 1867 1811 αὑτὸν
1912 1758 2011 1820 τὰς

436 1853 575 1925 πρὸς
604 1854 801 1922 αὐτοὺς
823 1853 1095 1924 συνθήκας
1141 1854 1424 1906 ἐκέλευονο
1474 1853 1564 1905 καὶ
1610 1851 1799 1904 τοῦτον
1848 1850 2007 1919 ηπεί-
2044 1828 2081 1882 Β

435 1947 559 2000 λουν
582 1948 629 2000 εί
665 1947 800 2017 πρὸς
824 1946 987 2018 ἀλλην
1015 1946 1113 1998 ίδοι
1144 1948 1516 2018 παράτρωσιν.
1563 1945 1622 1999 Ὀ
1660 1945 1716 1999 δὲ
1762 1946 1836 2008 ὡς
1869 1944 2010 2013 ἔγνω

432 2039 532 2108 τῆς
557 2037 760 2108 βλάϐης
787 2038 846 2091 τὸ
864 2039 1056 2102 αἴτιον,
1088 2039 1324 2103 ἀναστὰς
1357 2039 1678 2109 ἐπωμόσατο
1711 2037 1909 2109 μηκέτι
1935 2037 2010 2109 μὴ

433 2128 578 2198 λόγῳ
613 2128 685 2199 μὴ
710 2126 855 2199 ἔργῳ
870 2129 1078 2182 τοιοῦτό
1094 2147 1145 2182 τι
1174 2128 1596 2201 διαπράξασθαι,
1621 2131 1713 2182 καὶ
1744 2128 1852 2181 τῶν
1873 2144 2010 2199 προ⁸

436 2220 710 2272 λαϐόντων
733 2220 1065 2291 συγγνώμην
1091 2218 1312 2290 ἠξίωσε.

506 2358 570 2409 Οί
598 2356 653 2410 δὲ
686 2355 967 2409 θεσπέσιοι
1003 2357 1278 2427 μάρτυρες
1314 2356 1389 2420 ὡς
1441 2354 1550 2411 [δον
1578 2357 1858 2428 ἀραρότως
1889 2373 2011 2410 συν-

436 2447 688 2518 θέμενον,
711 2450 804 2500 καὶ
831 2447 1006 2500 σθένει
1035 2448 1200 2501 παντὶ
1221 2449 1319 2511 τὰς
1350 2448 1484 2519 πρὸς
1524 2450 1723 2512 αὐτοὺς
1746 2448 1875 2518 περὶ
1919 2449 2011 2501 πί-

438 2553 607 2600 στεως
635 2538 909 2606 συνθήκας
939 2538 1224 2606 φυλάττειν
1258 2537 1651 2604 σπουδάζοντα,
1676 2538 1838 2592 πάλιν
1863 2536 2012 2609 αὑτῷ

435 2628 580 2681 κατὰ
607 2627 732 2691 τοὺς
755 2627 953 2692 ὕπνους
985 2629 1260 2700 ἐφάνησαν
1282 2629 1361 2700 τῷ
1388 2629 1757 2701 θυσιαστηρίῳ
1773 2628 2010 2700 Χριστοῦ

437 2722 857 2792 παριστάμενοι,
880 2720 974 2775 καὶ
1003 2720 1100 2793 τὴν
1141 2721 1475 2792 ἀναίμακτον
1521 2721 1710 2776 θυσίαν
1771 2721 2014 2792 προσφέ-

438 2830 645 2883 ροντες,
704 2808 771 2885 ἦς
810 2813 958 2884 αὑτῷ
985 2814 1077 2867 καὶ
1142 2814 1454 2884 μετέδωκαν
1500 2815 1965 2886 προσενέγκαντες
1990 2830 2005 2846 °

438 2907 533 2959 καὶ
570 2904 927 2973 μεταλαϐόντι
953 2906 1114 2959 πάλιν
1131 2904 1281 2976 αὐτῷ
1308 2905 1407 2977 τὴν
1434 2905 1528 2959 τοῦ
1574 2906 1829 2976 Σωτῆρος
1854 2904 2011 2976 Νύμ-

440 3015 548 3066 φην
576 2997 671 3069 τὴν
708 2996 1031 3068 Ἐκκλησίαν
1056 2998 1341 3063 ὑπέδειξαν
1375 3000 1434 3053 ἐν
1476 2999 1747 3070 λαμπροῖς
1778 2998 2015 3066 ἐσθήμα-

441 3106 527 3143 σιν
549 3091 1075 3158 ἀπαστράπτουσαν,
1099 3090 1196 3143 καὶ
1219 3089 1427 3160 κόσμον
1452 3086 1682 3160 ἔχουσαν
1715 3088 1897 3141 ἔνθεον
1919 3088 2013 3140 καὶ

441 3181 637 3245 κάλλος
656 3182 980 3238 ἀνείκαστον
1001 3182 1320 3254 ἀνθρωπίνῃ
1352 3185 1502 3252 φωνῇ
1536 3180 1611 3253 μὴ
1640 3179 1898 3252 λεχθῆναι
1925 3179 2009 3233 δυ·
2039 3165 2084 3227 C

441 3273 693 3341 νάμενον.
726 3274 881 3337 Ἥτις
905 3274 1133 3328 ἐλθοῦσα
1148 3274 1284 3346 πρὸς
1313 3273 1372 3328 τδ
1394 3273 1588 3327 σεπτὸν
1605 3271 2014 3343 θυσιαστήριον,

441 3364 605 3418 πάλιν
637 3365 729 3418 καὶ
751 3366 887 3436 αὑτὴ
918 3365 1028 3423 τῶν
1053 3366 1413 3437 ἐπικειμένων
1434 3363 1671 3435 Χριστοῦ
1703 3363 2017 3435 μυστηρίων

440 3454 520 3526 τῷ
553 3456 812 3528 Στεφάνῳ
840 3455 1078 3511 λαϐοῦσα
1125 3459 1429 3529 μετέδωκεν
1463 3472 1477 3486 ⁶
1530 3457 1624 3511 καὶ
1670 3457 1782 3518 τοῖς
1842 3454 2017 3523 ἁγίοις

440 3546 740 3618 εἰρηκόσιν,
777 3546 968 3619 Ἀρκεῖ
989 3547 1122 3601 αὐτὸ
1148 3547 1299 3602 δοθὲν
1344 3547 1480 3616 πρὸς
1501 3547 1802 3612 τελείωσιν,
1846 3546 2019 3599 τοιού-

438 3654 553 3705 τοις
573 3630 907 3710 ἀπεκρίνατο
939 3636 1180 3712 ῥήμασιν
1203 3657 1217 3672 ο
1254 3639 1526 3710 Βούλομαι
1546 3638 1884 3709 περιττεύειν
1916 3641 2015 3691 αύ-

439 3732 532 3785 τὸν
560 3734 671 3793 τοῖς
694 3731 860 3795 θείοις
888 3732 1232 3802 δωρήμασιν,
1255 3733 1351 3785 καὶ
1378 3732 1537 3784 τοῦτο
1583 3730 1768 3783 πλεῖον
1801 3729 1908 3782 τῶν
1933 3731 2017 3783 δε-

438 3817 680 3888 δομένων
704 3819 1037 3890 κομίσασθαι
1066 3836 1082 3852 °
1115 3819 1226 3888 ἐγὼ
1260 3820 1368 3891 γὰρ
1398 3821 1561 3881 αὐτὸν
1588 3820 1858 3892 ἐδεξάμην
1922 3820 2017 3872 νῦν

439 3912 807 3990 φωτιζόμενον
831 3952 846 3977 ,
880 3914 974 3966 καὶ
1004 3913 1119 3977 υἱὸς
1141 3914 1272 3985 ἐμὸς
1296 3914 1404 3967 ἀπὸ
1423 3913 1516 3968 τοῦ
1536 3914 1801 3985 παρόντος
1819 3914 2016 3967 κεκλίυ

442 4019 614 4057 σεται.

512 4119 622 4172 Καὶ
648 4119 820 4172 ταῦτα
854 4119 989 4192 πρὸς
1021 4121 1147 4182 τοὺς
1179 4119 1465 4191 μάρτυρας
1524 4119 1743 4187 λέξασα,
1784 4121 2018 4193 σταυρὸν

442 4211 670 4281 χρύσεον
714 4212 882 4275 λίθοις
921 4212 1197 4280 διαυγέσιν
1230 4212 1323 4266 καὶ
1355 4213 1557 4282 τιμίοις
1584 4213 1880 4284 λάμποντα
1910 4214 2018 4277 ἀπὸ

440 4302 534 4356 τοῦ
561 4304 833 4374 τραχήλου
859 4303 952 4356 τοῦ
974 4302 1097 4356 νέου
1121 4320 1188 4357 πε
1199 4303 1250 4374 pl
1272 4302 1333 4357 τὸ
1366 4302 1566 4373 στῆθος
1589 4302 1859 4375 ᾐώρησεν,
1892 4304 2016 4357 τοῦ-

442 4412 532 4449 τον
561 4395 780 4463 φύλακα
810 4395 904 4448 τοῦ
934 4394 1182 4459 δοθέντος
1232 4396 1384 4466 αὑτῷ
1432 4395 1793 4467 παρασχοῦσα
1846 4397 2015 4465 φωτί-

445 4504 650 4557 σματος
687 4503 700 4518 ·

442 4579 741 4648 Στέφανον,
768 4582 904 4650 μετά
932 4580 1030 4651 τὴν
1052 4585 1152 4653 τῆς
1179 4582 1567 4652 μυσταγωγίας
1614 4583 1831 4653 ἐκείνης
1881 4582 2019 4635 ἀπό-

442 4669 616 4735 λυσιν,
651 4671 950 4738 Λίγύπτιός
980 4689 1065 4736 τις
1093 4673 1336 4743 δυσειδὴς
1365 4673 1482 4744 ἅμα
1511 4676 1608 4728 καὶ
1635 4673 1883 4745 βέϐηλος,
1917 4676 2014 4728 ἐκ·

441 4760 588 4814 δύειν
620 4761 884 4831 ἠϐούλετο
907 4763 1008 4834 τῆς
1067 4764 1363 4835 ἐκκλησίας
1410 4764 1514 4829 ἐξω
1557 4766 1872 4835 γενόμενον,
1924 4767 2022 4821 καὶ

444 4852 577 4906 πολὺ
608 4855 996 4925 μαχησάμενος
1023 4856 1084 4910 οὐ
1103 4856 1389 4928 δεδύνηται
1422 4873 1437 4889 ο
1471 4856 1607 4911 ἀλλὰ
1630 4859 1724 4912 καὶ
1753 4859 2015 4930 νικηθεὶς,

443 4945 524 5006 είς
555 4944 778 5015 βόθυνόν
807 4964 926 5000 τινα
949 4947 1399 5020 δυσκατάληπτον
1447 4951 1726 5013 πέπτωκε,
1786 4950 2018 5022 σταυροῦ

441 5036 693 5107 δηλονότι
733 5037 829 5091 τοῦ
854 5041 952 5108 τῆς
978 5040 1133 5110 νίκης
1154 5041 1379 5113 ὼτῆρος
1434 5042 1528 5095 καὶ
1558 5042 1798 5112 φύλακος
1812 5044 1914 5119 ,τὸν
1942 5045 2022 5098 ol-

444 5133 589 5184 κεῖον
621 5134 1005 5202 προσκυνητὴν
1016 5134 1177 5188 πάλιν
1207 5133 1555 5205 ρωννύοντος,
1582 5137 1677 5189 καὶ
1705 5137 1862 5209 νίκην
1879 5137 2021 5191 κατά

444 5219 538 5274 τοῦ
573 5222 799 5286 σκότους
826 5224 1178 5294 παρέχοντος..
1216 5225 1350 5279 Μετ’
1381 5225 1442 5279 ού
1472 5226 1608 5281 πολὺ
1638 5226 1696 5279 δέ
1727 5227 1827 5297 τῆς
1857 5228 2019 5298 νίκης

442 5315 472 5364 ὁ
502 5312 774 5382 Στέφανος
800 5314 897 5369 καὶ
927 5313 1037 5368 τῶν
1063 5316 1359 5386 ὀφθαλμῶν
1387 5316 1449 5370 τὸ
1503 5318 1692 5382 σκότος
1753 5318 2012 5387 ἀπέθετο,

440 5403 537 5458 καὶ
595 5405 693 5475 τῆς
745 5405 933 5473 ὑγείας
961 5405 1268 5476 ἀπήλαυσε,
1318 5408 1492 5462 καὶτὸ
1518 5409 1634 5478 φῶς
1661 5409 1737 5472 ὡς
1768 5410 1826 5463 τὸ
1880 5410 2013 5482 πρὶν
2068 5414 2075 5427 ‘

442 5494 727 5563 ἐθεάσατο,
750 5495 976 5567 σερὶδων
990 5497 1104 5568 ὀπῷ
1119 5498 1253 5568 πρὸς
1291 5497 1589 5570 θεραπείαν
1621 5501 1967 5573 χρησάμενος
1999 5519 2015 5534 ο

442 5585 648 5641 τούτων
668 5588 777 5659 γὰρ
811 5586 1276 5659 ἐκχυματίζεσθαι
1322 5590 1416 5644 τὸν
1444 5591 1578 5645 ὀπὸν
1626 5593 1676 5646 οί
1740 5593 2018 5667 μάρτυρες

442 5676 509 5729 δι’
562 5679 856 5750 δραμάτων
899 5679 1213 5736 ἐκέλευσαν.
1265 5682 1375 5736 Καὶ
1431 5684 1522 5736 ἐπὶ
1541 5682 1716 5755 τούτῳ
1765 5685 1827 5741 δέ
1854 5686 2018 5741 πάλιν

443 5769 568 5828 τσὺς
634 5772 902 5838 σωμάτων
955 5772 1047 5826 καὶ
1072 5771 1256 5843 ψυχῶν
1309 5773 1528 5844 ἰατροὺς
1581 5774 2014 5847 ἀνυμνήσαντες,

760 4488 841 4542 ὅτι
886 4488 992 4555 ἔξω
1021 4489 1354 4560 προελθόντα
1404 4491 1500 4543 τοῦ
1531 4489 1676 4561 ἱεροῦ
1700 4491 1868 4544 τόπου
1923 4491 2015 4544 τὸν
2050 4505 2094 4560 ί)
2123 4504 2276 4552 stans
2311 4513 2325 4562 ;

2106 565 2440 619 conveniens
2497 569 2612 615 erat
2680 555 3005 611 verberabat
3063 553 3361 621 ingratum,
3416 544 3672 631 quievit;

2107 655 2327 709 caecitas
2353 659 2533 705 autem
2565 652 2613 703 ei
2646 655 2798 702 vetus
2823 646 3119 712 subrogata
3144 649 3251 702 est,
3286 638 3482 708 linguae
3512 634 3682 688 lubri-

2107 763 2255 810 cum,
2284 753 2336 800 et
2369 745 2593 813 impium
2648 739 2850 793 mentis
2880 734 3113 806 puniens
3147 733 3423 803 genimen.
3460 728 3526 782 Et
3552 729 3680 783 dum

2111 842 2222 893 hmc
2276 838 2574 906 pateretur,
2638 831 2850 896 infelix,
2925 826 3215 899 ignorabat
3271 823 3397 877 mali
3457 835 3680 876 causam

2109 925 2390 982 tormenti.

2179 1035 2285 1090 Sed
2318 1043 2585 1104 martyres
2619 1046 2740 1085 cum
2772 1028 3107 1084 excellenter
3162 1025 3272 1081 sint
3315 1024 3405 1078 Dei
3455 1021 3684 1077 mniula-

2111 1137 2277 1187 tores,
2330 1133 2388 1179 et.
2435 1122 2717 1177 hominum
2759 1127 3059 1184 amatores,
3121 1116 3434 1181 salvarique
3489 1129 3683 1169 omnes

2110 1220 2384 1283 homines,
2412 1226 2467 1272 et
2495 1217 2678 1271 venire
2711 1214 2779 1289 ad
2818 1213 3065 1268 veritatis
3094 1210 3462 1281 cognitionem
3493 1207 3682 1267 velint,

2111 1322 2171 1366 ut
2201 1316 2542 1381 agnosceret,
2559 1315 2615 1363 et
2642 1320 2944 1378 agnoscens
2976 1304 3285 1374 paeniteret,
3318 1310 3374 1355 et
3407 1299 3682 1371 pmnitens

2111 1404 2435 1467 salvaretur,
2466 1400 2570 1455 hoc
2592 1398 2892 1454 ostendunt
2924 1412 3019 1467 per
3052 1394 3352 1451 somnium.
3406 1393 3682 1462 Apparent

2110 1494 2257 1549 enim
2298 1493 2352 1546 in
2384 1491 2571 1562 specie
2597 1505 2660 1545 ac
2691 1490 2885 1545 ordine
2906 1487 3174 1559 principis
3209 1484 3533 1554 Niciopolim
3566 1498 3685 1537 mo-

2111 1584 2379 1649 derantis,
2402 1581 2803 1653 exprobrantes
2831 1581 2988 1650 quasi
3030 1579 3095 1634 ad
3125 1578 3328 1648 Cyrum
3355 1588 3409 1632 et
3423 1574 3687 1632 Joannem

2111 1674 2178 1729 dc
2202 1673 2587 1729 communione
2623 1672 2780 1727 facta:
2806 1670 3184 1727 conventionis
3220 1666 3684 1740 praevaricationi,

2112 1776 2168 1823 et
2188 1766 2437 1823 stabilire
2466 1765 2620 1820 illum
2657 1765 2833 1821 factas
2860 1765 2929 1820 ad
2957 1780 3017 1820 se
3045 1763 3370 1834 sponsiones
3399 1758 3684 1831 iubebant,

2110 1870 2165 1916 et
2191 1859 2562 1923 minabantur,
2596 1857 2642 1912 si
2680 1856 2746 1910 ad
2773 1855 2940 1909 alium
2969 1855 3110 1909 ultra
3138 1852 3475 1908 declinasset
3529 1862 3685 1905 erro-

2112 1966 2247 2006 rem.
2282 1950 2351 2003 At
2378 1949 2468 2005 ille
2496 1963 2621 2004 cum
2644 1947 2883 2004 laesionis
2912 1947 3259 2017 cognovisset
3290 1957 3534 2008 causam,
3566 1956 3693 1997 sur-

2112 2058 2245 2114 gens
2286 2042 2644 2113 jurejurando
2701 2040 2910 2110 juravit
2962 2039 3191 2092 ulterius
3243 2051 3304 2091 se
3347 2050 3455 2090 non
3496 2032 3687 2099 verbo,

2112 2152 2223 2191 non
2279 2118 2443 2205 opere
2489 2131 2805 2203 huiusmodi
2844 2131 2975 2202 quid
2997 2137 3271 2194 acturum,
3295 2134 3351 2183 et
3382 2124 3691 2197 pra’cedcn-

2116 2229 2247 2283 lium
2279 2225 2492 2281 veniam
2527 2223 2842 2297 postulavit.

2183 2366 2319 2420 Cum
2387 2374 2569 2419 autem
2631 2360 2835 2433 egregii
2897 2367 3166 2430 martyres
3224 2358 3371 2413 hunc
3426 2355 3691 2412 vidissent

2114 2456 2338 2512 ﬁrmiter
2394 2458 2768 2526 pollicentem,
2813 2465 2868 2508 et
2924 2453 3129 2508 virtute
3182 2452 3333 2506 omni
3396 2449 3570 2505 factas
3624 2449 3690 2503 ad

2113 2562 2172 2603 se
2226 2548 2293 2603 de
2346 2548 2449 2603 (ide
2492 2546 2821 2617 sponsiones
2873 2544 3157 2599 custodire
3191 2542 3563 2602 festinantem,
3596 2541 3691 2594 ite-

2117 2653 2237 2693 rum
2300 2638 2377 2692 illi
2435 2640 2489 2693 in
2555 2637 2764 2692 somnis
2815 2642 3193 2706 apparuerunt
3262 2633 3419 2687 altari
3488 2632 3693 2687 Christi

2115 2730 2456 2794 assistentes,
2490 2737 2546 2785 et
2592 2729 2947 2793 incruentum
2993 2727 3328 2783 sacriﬁcium
3376 2724 3692 2788 otTerentes,

2117 2822 2184 2878 de
2226 2839 2335 2893 quo
2372 2823 2424 2879 ei
2475 2830 2531 2877 et
2583 2821 2846 2892 impertiti
2893 2829 3023 2876 sunt
3072 2819 3201 2874 dum
3247 2817 3527 2874 offerrent.
3566 2815 3696 2872 Cui-

2115 2931 2222 2985 que
2274 2915 2703 2970 communicanti
2760 2928 2957 2968 rursus
3021 2912 3323 2967 Salvatoris
3385 2911 3693 2980 Sponsam,

2119 3006 2419 3062 Ecclesiam
2456 3005 3075 3075 scilicetostenderunt,
3114 3001 3282 3059 claris
3325 3001 3573 3058 vestibus
3604 3016 3698 3055 ru-

2117 3100 2386 3161 tilantem,
2434 3099 2788 3167 divinumque
2836 3105 3091 3151 ornatum
3173 3097 3462 3151 habentem
3534 3101 3699 3164 atque

2118 3188 2556 3243 inaestimabilem
2603 3188 3092 3258 pulchritudinem,
3128 3202 3249 3257 quae
3292 3188 3528 3240 humana
3566 3200 3698 3240 voce

2117 3281 2221 3336 dici
2246 3296 2353 3334 non
2383 3288 2624 3350 poterat;
2648 3295 2771 3349 qua:
2807 3279 2872 3334 ad
2900 3278 3214 3335 venerabile
3247 3278 3470 3334 veniens
3500 3278 3693 3340 altare,

2119 3374 2313 3429 iterum
2343 3375 2537 3444 etipsa
2599 3376 2880 3446 proposita
2909 3375 3114 3431 Christi
3169 3384 3388 3445 sumpta
3437 3373 3698 3446 mysteria

2119 3467 2395 3536 Stephano
2423 3469 2680 3536 prtebuit;
2706 3478 2759 3524 et
2780 3469 3093 3525 dicentibus
3115 3470 3325 3524 sanctis
3341 3470 3592 3525 sullicere
3616 3469 3695 3524 illi

2116 3562 2258 3631 quod
2280 3561 2346 3615 ad
2368 3561 2753 3630 perfectionem
2775 3561 2947 3617 fuerat
2965 3560 3698 3631 attributam,hujuscemodi

2117 3653 2340 3705 verbum
2388 3651 2676 3723 respondit
2706 3669 2721 3707 :
2757 3653 2895 3708 V'olo
2928 3668 3050 3708 eum
3111 3653 3314 3708 divinis
3365 3652 3692 3708 muneribus

2117 3743 2414 3808 abundare,
2446 3753 2502 3797 et
2529 3745 2632 3798 hoc
2659 3743 2782 3812 plus
2808 3744 2893 3799 his
2926 3759 3046 3815 quae
3080 3744 3205 3798 data
3229 3753 3357 3800 sunt
3377 3750 3683 3813 asportare.

2121 3834 2230 3904 Ego
2257 3837 2580 3892 enimnunc
2618 3852 2743 3891 eum
2769 3836 2899 3892 dum
2929 3836 3338 3891 illuminaretur
3368 3835 3609 3906 suscepi,
3642 3842 3699 3891 et

2118 3926 2260 3983 [ilius
2287 3945 2438 3985 incus
2467 3945 2497 3983 a
2528 3940 2770 4000 tempore
2798 3929 3386 4000 prasentivocabitur.

2189 4126 2253 4180 Et
2283 4127 2369 4183 his
2399 4126 2465 4181 ad
2518 4135 2786 4198 martyres
2832 4125 3020 4192 dictis,
3056 4140 3278 4182 erucem
3327 4139 3549 4181 auream
3587 4125 3697 4181 ful-

2118 4219 2263 4289 gidis
2300 4219 2666 4289 pretiosisque
2719 4218 3007 4288 lapidibus
3052 4227 3438 4274 coruscantem
3471 4235 3503 4273 a
3549 4218 3694 4274 collo

2112 4311 2333 4380 juvenis
2393 4315 2538 4366 circa
2590 4319 2801 4382 pectus.
2841 4311 3164 4380 suspendit,
3224 4311 3366 4366 hanc
3428 4310 3694 4367 observa-

2120 4405 2308 4459 tricem
2369 4403 2786 4459 illuminationis
2839 4418 2962 4474 qua:
3013 4403 3093 4458 illi
3149 4405 3271 4458 data
3320 4403 3501 4459 fuerat
3557 4419 3697 4475 pra:-

2412 4497 2540 4563 quia
2631 4512 2757 4551 cum
2835 4511 2883 4551 a.
2939 4512 3098 4553 sacro
3162 4497 3282 4552 loco
3351 4504 3477 4567 post
3545 4496 3695 4552 illam

2122 4591 2367 4662 mysticae
2399 4589 2784 4646 celebrationis
2814 4590 3148 4646 solutionem
3204 4588 3518 4659 Stephanus
3570 4604 3698 4660 pro-

2119 4680 2395 4747 cessisset,
2420 4680 2703 4752 Egyptius
2733 4667 2957 4751 quidam
2989 4679 3187 4741 fmdus,
3223 4687 3388 4750 atque
3418 4679 3682 4750 pollutus,

2120 4773 2343 4828 volebat
2363 4789 2487 4830 eum
2521 4787 2747 4838 exuere,
2774 4788 2900 4828 cum
2933 4782 3089 4827 extra
3117 4772 3406 4828 ecclesiam
3434 4771 3576 4829 foret
3609 4772 3697 4827 in-

2121 4870 2339 4928 ventus,
2367 4870 2424 4918 et
2468 4864 2700 4918 multum
2750 4870 3038 4925 causatus,
3075 4861 3210 4917 nihil
3270 4856 3695 4932 prmvaluit,'sed

2120 4963 2174 5012 ct
2206 4956 2384 5012 victus
2414 4957 2469 5010 in
2507 4955 2716 5011 foveam
2771 4956 3065 5026 quamdam
3093 4956 3180 5010 vix
3228 4953 3699 5025 comprehensibi-

2122 5047 2224 5103 lem
2273 5047 2494 5111 cecidit,
2521 5062 2697 5103 cruce,
2733 5048 2985 5102 videlicet
3017 5047 3261 5103 victoria:
3287 5046 3497 5101 datrice
3525 5052 3580 5100 et
3600 5045 3698 5100 ob-

2121 5137 2438 5203 servatrice,
2493 5138 2775 5208 proprium
2828 5137 3178 5192 adoratorem
3228 5136 3292 5190 ad
3344 5133 3694 5189 luctationem

2120 5229 2432 5293 roborante,
2464 5238 2518 5284 ct
2539 5230 2828 5286 victoriam
2858 5238 3051 5284 contra
3111 5227 3366 5283 tenebras
3399 5225 3693 5282 tribuente.

2122 5318 2292 5373 Paulo
2321 5328 2445 5390 post
2485 5322 2797 5386 victoriam,
2842 5321 3157 5390 Stephanus
3185 5330 3242 5374 et
3279 5318 3537 5373 tenebras
3559 5331 3696 5373 ocu-

2123 5410 2299 5463 lorum
2331 5410 2550 5479 abjecit,
2575 5418 2630 5465 et
2652 5410 2889 5465 sanitate
2912 5408 3119 5478 potitus
3146 5418 3251 5473 εει,
3277 5413 3330 5460 et
3375 5405 3557 5458 lumen
3618 5403 3696 5458 si-

2120 5508 2213 5555 cut
2259 5508 2419 5555 antea
2468 5482 2624 5564 vidit,
2662 5500 2974 5571 intybarum
3024 5512 3193 5552 succo
3227 5495 3296 5550 ad
3354 5493 3690 5550 curationem

2123 5609 2292 5659 usus;
2316 5609 2382 5649 ex
2412 5593 2497 5648 his
2519 5592 2663 5648 e’nim
2683 5592 2887 5648 elicere
2910 5606 3140 5647 succum
3170 5598 3440 5660 martyres
3465 5586 3521 5643 in
3547 5602 3695 5644 som-

2121 5686 2206 5739 nis
2232 5685 2539 5755 jusserunt.
2568 5683 2636 5738 Et
2687 5685 2742 5738 in
2788 5683 2892 5737 hoc
2922 5683 3123 5738 iterum
3164 5696 3459 5753 corporum
3491 5689 3548 5737 et
3570 5679 3695 5734 ani-

2124 5792 2333 5835 marum
2365 5775 2594 5833 medicis
2621 5773 2968 5841 collaudatis,
3000 5783 3062 5831 ει·
3077 5788 3243 5845 super
3304 5774 3404 5829 hos
3449 5771 3699 5835 Christo,
