4060 6236
481 287 576 348 3Ξῆ
588 287 618 348 3

1438 290 1541 348 SS.
1569 288 1743 347 CYl’tl
1786 286 1877 344 ΕΤ
1918 285 2236 344 .iLl‘AXNiS
2269 282 2684 343 Ml‘tiACULA.

3612 270 3751 334 3574

483 405 842 474 φλεγόμενον,
879 404 1136 474 τοιαῦττιν
1177 403 1325 473 αὐτῷ
1369 407 1713 474 προτείνουσι
1752 401 1861 468 (9.7)
1895 400 2063 471 λητὶλν

2171 398 2381 458 dentes,
2418 397 2463 450 si
2516 397 2620 460 vis,
2654 397 2830 460 aiunt,
2865 410 2893 447 a
2931 394 3189 463 languore
3240 392 3486 451 liberari,
3522 405 3754 459 surgens

488 496 618 569 [imo
664 496 1078 568 Ἰσραηλιτικὸν]
1104 495 1239 553 λεὼν
1267 500 1313 549 οἱ
1358 496 1562 548 τούτων
1604 497 1782 563 γονεῖς
1815 495 1908 545 καὶ
1932 510 2063 560 προ-

486 587 723 657 πάτορες
745 603 759 616 °
810 587 932 641 ὅθεν
964 588 992 638 ό
1024 589 1228 657 Πέτρος
1281 588 1417 657 μηδὲ
1451 589 1633 656 τυχεῖν
1678 586 1846 656 ἔφησε
1880 584 2065 654 βούλε-

488 681 612 734 σθαι
651 680 889 752 ῥώσεως,
916 681 1050 749 μηδὲ
1071 682 1170 748 τῆς
1200 681 1416 733 συνόδου
1439 682 1690 746 γενέσθαι
1709 679 1807 746 τῆς
1838 681 1895 731 ἐν
1925 676 2067 731 Χαλε-

486 773 672 843 κηδόνι
707 772 1069 843 συναχθείσης
1098 772 1372 842 όμόδοξος.
1406 774 1470 825 Oi
1500 772 1557 825 δὲ
1588 770 1867 825 θεσπέσιοι
1894 771 2065 823 ταῦτα

485 865 697 932 λέγοντι
736 865 1205 935 προσηπείλησαν,
1235 866 1331 918 καὶ
1363 864 1439 929 ὡς
1472 867 1572 918 οὑκ
1602 865 1775 928 ἄλλως
1818 864 2064 935 σωθήσε·

485 974 583 1011 ται
609 958 881 1028 φήσαντες
931 957 1313 1028 ἀνεχώρησαν.
1345 957 1443 1019 τὰς
1485 955 1780 1024 ἀλγηδόνας
1807 955 1954 1023 αὑτῷ
1983 955 2062 1007 δι·-

486 1050 840 1113 υπνίσαντες,
900 1048 966 1111 ἃς
992 1045 1165 1118 ,ἦσαν
1216 1049 1371 1101 αὐτοὶ
1411 1049 1858 1109 κατευνάσαντες.
1921 1047 1980 1099 Ὀ
2008 1048 2064 1100 δὲ

485 1143 712 1206 ταύταις
755 1142 945 1206 δεινῶς
993 1142 1342 1212 αἰκιζόμενος
1382 1142 1542 1194 πάλιν
1590 1142 1847 1210 ἀρωγοὺς
1879 1139 2063 1194 ἐκάλει

484 1232 611 1294 τοὺς
642 1233 923 1303 μάρτυρας
945 1249 960 1262 ·
984 1232 1121 1284 ἀλλὰ
1164 1231 1325 1285 πάλιν
1354 1231 1622 1295 ἐλθόντες,
1646 1231 1742 1283 καὶ
1773 1230 1843 1282 τὰ
1872 1230 2064 1298 πρῶτα

486 1321 890 1388 προτείναντες,
927 1320 1244 1389 ἀπράκτους
1281 1319 1573 1372 ἀπέλυσεν.
1607 1318 1682 1370 Ut)
1716 1317 1875 1386 μόνον
1901 1316 1956 1368 δὲ
1981 1315 2063 1378 δὶς

485 1413 579 1466 καὶ
612 1413 730 1481 cpi;
773 1413 804 1482 ἦ
837 1414 1092 1483 τετράκις
1142 1414 1297 1464 τοῦτο
1326 1411 1652 1481 πεποίηκεν,
1695 1409 1830 1464 ἀλλὰ
1866 1409 2064 1462 πολλά-

485 1522 570 1569 κις
613 1506 811 1568 αὑτοὺς
842 1506 1024 1560 καλῶν
1051 1507 1131 1568 είς
1168 1506 1441 1576 βοήθειαν,
1477 1504 1571 1556 καὶ
1599 1502 1669 1555 δι’
1709 1499 1888 1557 οἶκτον
1915 1501 2065 1571 αὑτῷ

486 1596 655 1649 πολὺν
679 1597 1075 1661 ὑπακούοντας,
1118 1599 1210 1650 καὶ
1246 1599 1312 1649 τὰ
1348 1597 1487 1650 αὑτὰ
1523 1597 1695 1649 ποιεῖν
1741 1593 2065 1664 ἐπιτρέπον-

482 1705 603 1751 τας,
630 1689 702 1750 ὡς
725 1690 825 1743 οὑκ
855 1689 1106 1754 ἐλθόντας
1138 1689 1396 1754 ἀπέλυεν,
1430 1688 1504 1758 μὴ
1535 1686 1859 1758 βουλόμενος
1881 1687 2064 1749 αὑτοῖς

2168 488 2471 557 prctiosutn
2506 484 2801 540 Iordanem
2849 484 3135 552 ingredere
3172 482 3304 552 (hoc
3337 482 3480 534 enim
3536 480 3755 534 nomine

2167 576 2524 630 Alexandrini
2596 574 2735 629 sacri
2804 574 3152 642 baptismatis
3218 571 3491 641 piscinam
3545 570 3757 637 siguili~

2168 675 2291 723 cant
2318 666 2451 737 (29),
2488 664 2554 720 eo
2575 668 2717 735 quod
2737 664 2993 721 Christus
3027 664 3288 718 Dominus
3319 672 3508 717 noster
3538 660 3605 715 ad
3637 679 3757 731 pur-

2168 756 2445 827 gationem
2481 756 2655 810 nostri
2686 755 2759 808 sit
2795 757 2850 809 in
2893 753 3133 810 Jordane
3164 755 3389 808 lltnniue
3418 754 3751 823 baptizatum

2169 850 2532 917 manibusque
2592 847 2790 900 ibidem
2857 848 3006 911 lotis,
3068 848 3329 917 mysteria
3375 846 3586 900 Christi
3633 860 3755 914 qua:

2169 939 2279 992 illic
2312 946 2443 993 sunt
2462 938 2674 1007 accipe,
2701 953 2960 991 mannutn
3002 936 3357 993 ostendentes
3398 939 3592 1007 ﬁgura,
3631 950 3755 991 cor-

2168 1033 2316 1101 poris
2344 1031 2552 1087 Christi
2589 1048 2650 1085 ac
2683 1033 2971 1102 sanguinis
3003 1034 3273 1086 viviticam
3303 1048 3369 1088 ae
3387 1033 3600 1086 beatam
3627 1047 3755 1103 per-

2167 1125 2492 1193 ceptioncm.
2513 1125 2613 1188 Qui
2638 1123 2955 1186 hocaudito,
2974 1125 3168 1178 malam
3189 1127 3617 1196 propositionem
3633 1142 3757 1182 esse

2167 1214 2599 1285 ait,syncdoque
2639 1216 2917 1270 maledixit
2940 1215 3660 1288 Chalcedonensi,quamvis
3690 1219 3757 1272 Ii-

2166 1307 2334 1376 quido
2358 1307 2524 1360 sciret
2556 1306 2718 1376 hujus
2750 1318 3031 1364 auctores.
3055 1308 3252 1364 Odium
3284 1309 3488 1381 quippe
3521 1312 3753 1365 tnultum

2167 1400 2407 1472 Egyptii
2473 1418 2537 1456 ex
2588 1404 3071 1461 irrationabilitate
3122 1421 3187 1460 ac
3247 1407 3539 1461 barbarico
3589 1425 3756 1463 sensu

2166 1505 2355 1549 contra
2386 1506 2636 1549 sanctum
2673 1496 2774 1549 hoc
2797 1497 3044 1550 feruntur
3077 1499 3373 1552 c0uci|iutn
3403 1498 3541 1570 (30),
3561 1490 3759 1571 quem-

2167 1588 2460 1638 admodum
2521 1586 2794 1656 quondam
2846 1588 3112 1644 adversus
3165 1589 3527 1645 lsraelitieum
3584 1607 3763 1663 popa-1

2170 1678 2303 1741 lum,
2347 1677 2540 1731 borum
2574 1688 2824 1747 parentes
2882 1694 2946 1732 ac
2997 1682 3299 1751 genitures.
3359 1680 3515 1738 Unde
3566 1683 3761 1746 Petrus

485 1780 737 1835 ὑπείκειν
786 1782 879 1833 καὶ
945 1781 1253 1835 πείθεσθαι.
1306 1779 1719 1850 Δυςμετάθετον
1768 1778 1875 1850 γὰρ
1918 1777 2066 1838 ἔθνος

2172 1787 2346 1838 neque
2376 1771 2667 1825 sanitatem
2705 1772 2839 1826 velle
2908 1791 2967 1827 se
3025 1776 3320 1842 impetrare
3386 1774 3545 1841 dixit,
3581 1793 3761 1846 neque

484 1869 773 1935 Αἰγύπτιοι
804 1871 942 1939 (Ξθ),
976 1874 1071 1926 καὶ
1100 1872 1128 1925 ὃ
1153 1875 1329 1925 ποιεῖν
1357 1871 1507 1938 ἅπαξ
1542 1873 1917 1936 θεσπίσουσιν,
1953 1870 2065 1922 εἴτε

483 1959 648 2011 καλὸν
681 1961 792 2014 εἴτε
829 1962 1052 2032 χηρεύοι
1100 1963 1194 2016 τοῦ
1246 1962 1574 2032 κρείττονος,
1607 1963 1669 2017 οὑ
1724 1962 1929 2032 ῥᾳδίως
1976 1976 2069 2029 με·

483 2051 694 2105 θειᾶσιν
710 2070 723 2083 °
753 2055 846 2107 καὶ
870 2049 1018 2108 οὗτοι
1047 2055 1146 2125 μὲν
1161 2054 1395 2109 τοιοῦτοι
1421 2056 1786 2125 τυγχάνουσιν
1809 2054 2072 2116 ἅπαντες.

2176 1864 2368 1935 synodi
2397 1879 2521 1932 qua}
2546 1864 2895 1920 Chalcedone
2927 1867 3152 1921 collecta
3188 1878 3291 1931 est,
3312 1868 3427 1923 fieri
3463 1879 3726 1925 eousenta
3746 1899 3761 1914 ο

2180 1972 2365 2010 neum.
2404 1957 2483 2009 Illi
2510 1966 2691 2011 autem
2718 1961 2919 2029 egregii
2948 1970 3214 2032 martyres
3269 1962 3385 2018 haec
3429 1964 3631 2019 dicenti
3655 1966 3760 2019 mi-

2184 2050 2295 2104 nati
2330 2058 2492 2112 snnt;
2527 2060 2580 2103 et
2621 2054 2767 2120 quod
2808 2068 2916 2106 non
2950 2054 3110 2107 aliter
3147 2060 3295 2112 esset
3341 2057 3643 2113 salvandus
3670 2071 3759 2114 as-

484 2154 824 2210 severantes,
848 2156 1219 2213 recesserunt,
1257 2147 1476 2203 dolores
1503 2148 1552 2201 ei
1595 2147 1901 2202 excitantes
1921 2159 2062 2213 quos
2099 2141 2305 2211 pridem
2341 2139 2703 2208 scdaverant;
2774 2144 2867 2213 qui
2939 2145 3204 2200 atrociter
3267 2146 3756 2207 his'verberatus.

485 2231 682 2291 iterum
736 2239 1018 2307 adjutores
1075 2240 1349 2295 asciscere
1393 2249 1666 2310 martyres
1703 2238 2053 2308 procumbat,
2095 2233 2187 2287 sed
2223 2233 2421 2287 iterum
2460 2233 2742 2290 venientes
2796 2235 3052 2303 etprima
3111 2239 3540 2306 praetendentes,
3617 2243 3759 2295 inef-

486 2329 687 2384 ﬁcaces
738 2331 950 2387 dimisit
984 2350 998 2397 ;
1033 2348 1143 2387 non
1193 2342 1379 2387 autem
1427 2333 1511 2387 itis
1552 2341 1605 2385 vl
1633 2340 1716 2385 ter
1752 2341 1845 2385 aut
1875 2340 2068 2399 quater
2090 2327 2191 2381 hoc
2216 2328 2365 2394 fecit,
2403 2332 2497 2387 sed
2539 2331 2819 2386 ntultoties
2895 2345 2991 2385 eos
3017 2345 3224 2386 vocans
3282 2332 3339 2385 in
3396 2333 3754 2404 adiutorium,

484 2426 575 2490 qui
613 2441 738 2479 cum
765 2437 984 2497 propter
1008 2429 1236 2482 multam
1269 2428 1679 2483 miserationem
1717 2426 2062 2486 exaudirent,
2103 2423 2371 2479 eteadem
2420 2426 2602 2481 facere
2630 2426 3010 2504 praeciperent,
3048 2427 3204 2496 quasi
3265 2441 3374 2481 non
3454 2430 3758 2495 venissent,

487 2515 622 2570 nihil
657 2523 866 2575 veritus
915 2520 1253 2585 dimittebat,
1289 2520 1487 2576 nolens
1511 2519 1592 2574 eis
1639 2519 1800 2575 subdi
1842 2518 1925 2572 vel
1956 2517 2218 2583 obedire;
2244 2519 2394 2571 natio
2425 2520 2570 2573 enim
2604 2518 2986 2589 Egyptiorum
3052 2522 3138 2574 vix
3196 2529 3462 2585 mutatur,
3500 2529 3557 2576 et
3609 2525 3753 2592 quod

487 2604 669 2666 facere
728 2613 898 2667 semel
952 2613 1280 2677 decreverit,
1339 2614 1457 2668 sive
1492 2613 1564 2668 sit
1591 2597 2072 2675 bonum,sive‘sit
2109 2611 2321 2663 meliori
2380 2611 2647 2677 deterius,
2695 2610 2969 2666 diﬂlcilius
3014 2612 3369 2679 immittatur;
3403 2624 3457 2670 et
3506 2615 3749 2686 istiqui-

488 2710 615 2765 dem
655 2712 795 2764 tales
818 2719 948 2765 sunt
978 2711 1245 2767 universi.

556 2804 760 2873 Πέτρος
779 2804 838 2858 δὲ
856 2805 958 2873 τῆς
986 2806 1178 2877 ὀδύνης
1208 2806 1939 2879 ὑπερϐολῇκτιμωρούμενος,
1968 2807 2065 2860 καὶ

487 2892 674 2962 φέρειν
705 2892 786 2947 ἔτι
837 2894 944 2947 τῶν
973 2895 1222 2965 βασάνων
1267 2897 1365 2968 οὐχ
1398 2893 1511 2961 οἷός
1535 2916 1595 2951 τε
1627 2897 1702 2952 ὢν
1738 2899 1838 2968 τὴν
1877 2897 2071 2970 δριμύ-

484 3002 644 3052 τητα,
672 2986 825 3056 μόλις
854 2988 909 3039 δὲ
942 2990 1034 3042 καὶ
1065 2989 1208 3043 οὕτω
1239 2991 1483 3054 πεισθεὶς
1511 2995 1621 3056 τοῖς
1645 2993 1751 3045 τῶν
1777 2993 1947 3061 ἁγίων
1978 3011 2071 3046 κε-

485 3076 775 3146 λεύσμασι,
811 3080 1035 3145 τούτους
1059 3083 1118 3135 τὸ
1147 3085 1455 3138 τελευταῖον
1481 3085 1761 3149 ἐκάλεσεν,
1790 3086 1876 3139 ἵνα
1908 3085 2069 3140 πάλιν

2249 2802 2443 2856 Petrus
2493 2809 2674 2854 autem
2727 2801 3012 2858 doloribus
3071 2805 3298 2858 nimium
3361 2809 3663 2872 cruciatus,
3703 2818 3758 2865 et

2176 2894 2407 2951 sufferre
2443 2894 2585 2948 ultra
2616 2903 3019 2949 tormentorum
3056 2913 3164 2952 non
3194 2900 3384 2954 valens
3415 2905 3750 2962 acredinem.

2176 2989 2365 3054 sicque
2397 2986 2616 3038 tandem
2651 2994 2971 3038 sanctorum
3023 2985 3370 3055 jussionilnts
3404 3005 3621 3058 parens,
3656 2992 3754 3049 hos

2178 3078 2477 3132 novissime
2521 3077 2797 3142 invitavit,
2823 3091 2932 3146 quo
2994 3092 3186 3131 rursus
3215 3080 3423 3134 miserti
3482 3083 3750 3141 venirent.

484 3169 859 3239 οἰκτείραντες
891 3173 1106 3235 ἔλθωσι,
1152 3177 1248 3229 καὶ
1290 3175 1392 3239 τὰς
1432 3174 1623 3239 ὀδύνας
1656 3176 1941 3241 διώξωσιν,
1975 3178 2066 3231 καὶ

2174 3178 2228 3223 et
2256 3170 2474 3224 dolores
2508 3170 2793 3238 pellerent,
2821 3176 2875 3223 et
2900 3170 3192 3223 sanitatem
3228 3170 3520 3234 donarent.
3555 3183 3608 3227 et
3655 3190 3752 3244 pro

420 3312 429 3319 ,
484 3260 585 3330 τὴν
615 3261 782 3329 ρὦιν
821 3264 1188 3333 χαρίσωνται·
1226 3268 1318 3321 καὶ
1348 3268 1551 3330 παντὸς
1578 3262 1639 3322 οὑ
1668 3268 1712 3322 δ’
1747 3268 1813 3323 ἂν
1841 3270 2068 3323 ἐθέλωσί

486 3368 547 3407 τε
598 3356 691 3406 καὶ
739 3354 985 3419 λέξωσιν,
1041 3359 1245 3413 τούτου.
1289 3360 1584 3433 πληρωτὴν
1634 3362 1828 3416 ἑαυτὸν
1872 3348 2068 3434 ὁρίζων

488 3445 754 3501 ἑκούσιον.
785 3449 847 3501 Οἱ
894 3449 950 3503 δὲ
1004 3452 1323 3520 συμπαθεῖς.
1363 3452 1515 3516 ὄντες
1567 3454 1662 3507 καὶ
1694 3454 2067 3525 φιλάνθρωποι

494 3538 793 3608 μάρτυρες,
826 3540 919 3594 καὶ
947 3542 1070 3594 τότε
1094 3543 1386 3609 καλοῦντος
1418 3546 1697 3615 ἀφίκοντο,
1724 3547 1817 3601 καὶ
1840 3547 1908 3600 τὰ
1931 3548 2068 3601 αὐτὰ

491 3632 667 3682 ποιεῖν
720 3630 1087 3697 διετάττοντο,
1137 3635 1232 3689 καὶ
1278 3636 1534 3689 κοινωνὸν
1577 3638 1742 3692 αὑτὸν
1783 3639 1928 3710 ἔχειν
1969 3640 2069 3708 τῆς

489 3720 746 3787 πίστεως,
776 3727 827 3778 εί
859 3727 1107 3797 πεισθείη
1136 3730 1232 3783 καὶ
1255 3730 1497 3802 ποιήσει,
1522 3730 1845 3803 διώμνυντο.
1880 3734 2068 3804 Τούτῳ

487 3813 595 3883 γὰρ
628 3814 712 3870 ἔτι
741 3816 1044 3881 διστάζοντι
1079 3822 1209 3889 περὶ
1252 3822 1354 3893 τὴν
1398 3823 1505 3876 τῶν
1541 3827 1853 3896 μυστηρίων
1901 3829 2068 3895 μετά-

486 3905 799 3976 ληψιν,οὑκ
820 3910 981 3979 ἀρκεῖ
1008 3912 1306 3976 πιστεύειν,
1331 3914 1691 3984 ἐφθέγξαντο,
1718 3918 1792 3981 ὼς
1818 3918 1999 3987 ἡμεῖς,
2024 3913 2068 3974 ὦ

490 3995 684 4067 Πέτρε,
733 3998 1091 4068 πιστεύομεν,
1123 4003 1216 4054 καὶ
1247 4004 1389 4072 ἡμῖν.
1432 4006 1490 4057 ὲν
1521 4005 1599 4075 τῷ
1651 4007 1782 4078 περὶ
1832 4010 2068 4073 πίστεως

488 4088 631 4161 λόγῳ
663 4093 1057 4149 συντάττεσθαι
1078 4111 1103 4161 °,
1131 4096 1205 4148 Ὀ·
1225 4096 1289 4151 δὲ.
1307 4097 1442 4167 πρὸς
1472 4099 1671 4162 αὐτοὺς
1705 4100 1867 4156 πάλιν
1887 4101 2068 4170 λέγειν

490 4180 792 4250 ἐτόλμησεν
816 4199 831 4214 ·
862 4183 926 4236 Τί
955 4186 1062 4256 γὰρ
1101 4186 1196 4243 καὶ
1223 4187 1400 4256 ὑμεῖς,
1426 4180 1470 4241 ὦ
1505 4188 1599 4242 τοῦ
1628 4188 1867 4261 Χριστοῦ
1891 4194 2067 4259 μεγά-

489 4270 570 4324 λοι
600 4270 949 4341 θεράποντες,
985 4273 1065 4337 ὼς,
1090 4277 1123 4344 ἡ
1164 4278 1221 4330 ἐν
1252 4276 1558 4348 Χαλκηδόνι
1609 4281 1893 4333 πιστεύετε
1937 4282 2065 4335 σύν-

490 4361 723 4429 οδοςςῡὶ
750 4365 805 4417 δὲ
826 4365 969 4419 κατὰ
988 4366 1189 4437 ταύτην
1220 4372 1435 4438 φρονεῖν
1464 4369 1694 4440 τὴντῶν
1724 4372 1884 4443 ἱερῶν
1912 4375 2066 4429 ὁσίαν

491 4455 700 4528 πληθὺν
748 4457 1140 4529 ὡμολόγησαν·
1174 4462 1267 4514 καὶ
1305 4461 1447 4516 οὑτω
1496 4466 1774 4517 πιστεύειν
1818 4465 1893 4530 ὡς
1928 4468 1959 4537 ἡ
2007 4469 2065 4521 ὲν

2173 3270 2323 3316 certo
2347 3262 2613 3317 deﬁniens
2646 3279 2705 3317 se
2733 3263 3001 3333 quidquid
3043 3264 3240 3319 vellent
3269 3274 3325 3320 ct
3356 3266 3622 3331 dicerent,
3656 3284 3753 3321 vo-

2173 3355 2409 3409 luntarie
2440 3356 2865 3425 completurum.
2886 3358 2985 3412 Ast
3014 3348 3530 3428 compatientissimi
3564 3377 3753 3417 revera

2171 3457 2226 3500 et
2281 3455 2556 3504 amatores
2614 3449 2896 3503 hominum
2936 3460 3226 3521 martyres,
3284 3453 3446 3505 etiam
3499 3461 3629 3509 tunc
3661 3454 3754 3510 illo

2175 3546 2402 3592 vocante
2452 3540 2767 3604 veniebant,
2792 3548 2844 3593 et
2870 3538 3061 3594 eadem
3121 3541 3305 3597 facere
3345 3543 3750 3613 praecipiebant,

2171 3630 2810 3702 communicatoremque
2868 3647 2929 3688 se
2997 3633 3120 3687 tidei
3176 3633 3323 3689 hunc
3368 3634 3650 3701 iurabant,
3705 3640 3751 3691 si

2172 3723 2573 3791 acquiesceret,
2611 3731 2667 3777 et
2703 3724 2855 3793 jussa
2891 3725 3195 3793 perliceret,
3257 3724 3563 3781 habituros.
3595 3727 3753 3781 Hunc

2171 3828 2302 3881 ergo
2335 3829 2460 3868 cum
2511 3814 2692 3869 adhuc
2739 3815 2888 3870 circa
2942 3824 3412 3872 sacramentorum
3450 3818 3753 3895 perceptio-

2173 3922 2294 3961 nem
2332 3906 2635 3973 dubitaret,
2662 3905 2779 3961 Nun
2810 3908 2904 3962 tibi
2952 3909 3153 3963 snilirit
3189 3909 3412 3963 credere
3466 3921 3754 3979 perconta-

2170 3998 2392 4059 bantur,
2424 4000 2569 4053 sicut
2596 4015 2694 4052 nos
2714 4000 3008 4066 credimus,
3036 3999 3261 4061 uPetre,
3293 4014 3346 4055 et
3377 4002 3663 4058 nobiscum
3697 4005 3750 4061 in

2172 4092 2387 4146 ratione
2413 4090 2860 4161 lideicontputari
2894 4093 2917 4145 ?
2949 4093 3037 4145 Ille
3063 4110 3192 4146 vero
3234 4095 3300 4148 ad
3329 4110 3421 4150 eos
3457 4097 3651 4152 iterum
3679 4098 3755 4153 di-

2172 4198 2299 4237 cere
2321 4186 2710 4252 praesumebat,
2743 4186 3120 4252 nnnquidnatn
3153 4195 3208 4241 et
3237 4203 3349 4253 vos,
3387 4205 3420 4241 ο
3449 4192 3630 4262 magni
3671 4192 3753 4245 {a-

2168 4276 2300 4330 muli
2332 4276 2558 4343 Christi,
2574 4278 2719 4332 sicut
2736 4278 3206 4335 Chalcedonensis
3226 4281 3450 4338 crcditis
3477 4285 3752 4353 synodus?

2166 4366 2247 4423 Αι
2267 4368 2343 4421 illi
2363 4369 2666 4424 secundum
2694 4369 2834 4423 hanc
2853 4386 3048 4440 sapere
3076 4382 3320 4427 sanctam
3348 4373 3750 4430 multitudinem

2170 4462 2508 4515 sacerdotum
2541 4460 2777 4518 coniessi
2810 4475 2957 4530 sunt,
2992 4477 3043 4517 et
3071 4465 3143 4519 ita
3161 4464 3389 4520 credere
3412 4467 3557 4523 sicut
3588 4467 3753 4523 Chal-

489 4547 796 4618 Χαλκηδόνι
830 4550 1165 4604 πεπίστευκε
1203 4552 1452 4617 σύνοδος·
1502 4556 1599 4608 καὶ
1637 4556 1843 4627 ταύτην
1883 4556 2066 4625 ἔλεγον

2176 4554 2490 4611 cedonense
2533 4558 2826 4611 concilium
2876 4558 3109 4613 credidit
3143 4560 3483 4624 astrucbant,
3517 4571 3571 4617 et
3612 4563 3751 4619 hanc

492 4639 674 4693 πίστιν
718 4641 885 4711 ὀρθὴν
918 4643 1012 4696 καὶ
1052 4643 1409 4699 θεόπνευστον
1460 4647 1746 4719 κήρυγμα,
1786 4648 1854 4719 ῆν
1891 4651 1923 4719 ἡ
1978 4649 2067 4702 λε-

491 4732 684 4802 χθεῖσα
712 4733 927 4797 σύνοδος
960 4734 1149 4804 ὥρισε.

563 4824 751 4879 Ταῦτα
786 4824 1039 4889 λέξαντες
1070 4829 1119 4879 οἱ
1145 4826 1438 4895 θεσπέσιοι,
1478 4830 1572 4883 καὶ
1601 4830 1669 4883 δι’
1704 4832 1883 4902 ὅρκων
1928 4833 2069 4888 αὑτὰ

494 4911 912 4983 βεϐαιώσαντες,
937 4916 1031 4969 καὶ
1057 4917 1148 4971 τὸν
1172 4918 1377 4988 Πέτρον
1403 4920 1504 4989 ἤδη
1532 4922 1933 4991 προπεισθέντα
1955 4927 2069 4989 τοῖς

494 5002 747 5074 βασάνοις
773 5008 1090 5076 δράσαντες,
1115 5010 1193 5081 τῷ
1211 5011 1387 5064 δοκεῖν
1408 5012 1767 5083 ἀνεχώρησαν
1788 5014 1881 5068 τοῦ
1908 5018 2068 5087 cette—

492 5112 618 5161 νους
641 5100 821 5153 αὑτῶν
842 5103 943 5155 οὐκ
968 5098 1297 5174 εἰργόμένοι.
1330 5106 1387 5158 'U
1403 5105 1458 5158 δὲ
1480 5107 1695 5176 πρωῖας
1712 5108 1773 5159 τὸ
1798 5110 2069 5180 μακάριον

495 5190 781 5264 ιπλήρωσε
845 5198 1193 5268 πρόσταγμα,
1238 5199 1336 5252 καὶ
1395 5199 1584 5269 μισθὸν
1626 5200 1913 5265 εὐσεϐείας
1963 5203 2073 5274 τὴν

2170 4661 2293 4700 esse
2324 4646 2483 4701 ﬁdem
2508 4656 2711 4724 rectam
2747 4658 2800 4704 et
2830 4651 3274 4720 praedicationem
3297 4651 3561 4708 divinitus
3585 4655 3751 4724 inspi-

2169 4748 2536 4809 ratatn,quam
2558 4720 2818 4810 praedicta
2834 4743 3074 4813 synodus
3095 4743 3386 4807 deﬁnierit.
3407 4748 3745 4803 asserebant.

2242 4832 2369 4889 Haec
2397 4850 2521 4889 cum
2571 4835 2771 4905 egregii
2822 4836 3108 4901 dixissent,
3144 4847 3200 4892 et
3258 4837 3620 4908 jurejurando
3683 4856 3749 4895 ea

2174 4923 2507 4989 ﬁrmassent,
2536 4923 2866 4995 Petrumque
2896 4927 3005 4997 jam
3027 4926 3314 4982 credulum
3345 4929 3637 4983 tormentis
3656 4944 3752 4999 pa-

2176 5026 2435 5080 trassent,
2469 5026 2531 5071 ut
2554 5027 2803 5087 putatum
2842 5028 2949 5084 est,
2974 5029 3323 5077 recesserunt
3362 5037 3392 5075 a
3423 5021 3626 5091 templo
3645 5036 3749 5075 suo

2174 5111 2381 5167 exclusi
2418 5111 2752 5168 nullatenus.
2801 5116 2870 5167 At
2908 5115 3019 5179 ille,
3062 5114 3221 5170 beato
3272 5114 3543 5185 completo
3588 5130 3750 5170 mane

2174 5212 2464 5274 praecepto,
2484 5205 2734 5262 mercede
2761 5206 2982 5276 pietatis
3007 5207 3381 5262 incolumitate
3409 5208 3614 5275 potitus
3639 5219 3743 5268 est,

1977 5346 2202 5403 NOTA'Z.

570 5431 681 5499 ('27)
713 5432 877 5508 Quid
900 5434 1189 5508 incudicis
1220 5435 1393 5490 Graeci
1427 5436 1625 5491 lacuna
1661 5436 1731 5492 sit
1763 5437 2063 5508 perditum,

498 5502 745 5556 dentonm
760 5512 849 5555 rat
863 5503 1086 5559 Latinus
1117 5514 1318 5559 textus.
1634 5524 1641 5531 ·

572 5572 683 5639 (:18:
717 5571 959 5643 Egyptii
984 5577 1184 5643 quippe
1201 5583 1334 5629 sunt
1359 5574 1609 5630 Dioscori
1634 5584 1689 5629 et
1707 5575 1892 5631 Severi
1916 5593 2066 5633 asse-

499 5643 619 5703 clae,
647 5658 881 5712 quorum
916 5644 1197 5699 hominum
1222 5654 1411 5700 contra
1437 5645 1733 5702 concilium
1768 5646 2066 5703 Chalcedo—

503 5728 671 5768 ncusc
708 5725 848 5768 nota:
878 5725 1006 5769 sunt
1034 5718 1111 5768 ira
1135 5726 1188 5770 et
1217 5717 1493 5785 impietas.

2247 5440 2356 5507 ('29)
2391 5439 2599 5510 Reapse
2639 5450 2689 5491 et
2720 5442 2771 5492 iu
2811 5439 3010 5507 priscis
3047 5437 3403 5510 ecclesiarum
3440 5434 3595 5510 lium.
3626 5453 3747 5488 mu-

2176 5505 2307 5562 siris
2342 5505 2625 5578 spectatur
2668 5505 2865 5563 llnvius
2897 5524 3023 5563 cum
3054 5508 3416 5579 inscriptione
3446 5505 3741 5569 Jorduucs,

2174 5596 2281 5647 qun
2322 5581 2604 5635 lustraletn
2660 5580 2915 5646 baptismi
2972 5595 3171 5648 aquam
3222 5578 3544 5646 signiﬁcari,
3586 5595 3745 5632 lii'lilO

2120 5649 2139 5663 ’⁷
2175 5651 2518 5715 antiquarius
2552 5667 2655 5703 nun
2684 5651 2835 5703 dirit.

2248 5722 2357 5789 (30)
2385 5721 2527 5775 Gens
2564 5720 2942 5789 A‘Ipyptim'nut
2977 5720 3239 5787 propositi
3280 5730 3440 5773 tenax
