4060 6236
372 268 512 331 3575

366 569 556 627 habuit
610 588 640 627 a
689 584 837 630 recta
872 577 979 633 fide
1014 580 1237 637 minime
1273 585 1640 650 recidi-udam,
1685 591 1779 645 sed
1826 608 1949 648 cum

366 664 469 718 Lac
497 666 854 723 exsistentem
872 678 927 725 et
961 682 1294 742 manentem,
1328 687 1494 747 atque
1542 684 1947 750 separationem

368 758 515 813 illius
575 761 890 817 nullatenus
931 765 1346 824 admittentem:
1386 773 1478 825 sed
1516 790 1691 843 neque
1745 792 1948 844 prrece-

365 847 625 903 cientibus
661 850 861 905 similia
909 855 1135 924 patitur,
1195 873 1373 928 neque
1411 860 1513 915 fiile
1550 864 1631 916 vel
1681 869 1946 936 sospitate

365 939 635 1007 privatur,
662 952 722 998 ut
764 945 960 1000 iterum
1020 949 1166 1003 sicut
1219 951 1466 1022 ingratus
1498 959 1850 1027 corripiatur,
1888 970 1943 1016 et

359 1032 664 1101 tiagellatus
701 1038 927 1090 meliora
968 1049 1234 1107 sectetur,
1267 1044 1360 1096 sed
1389 1055 1472 1098 est
1509 1048 1711 1111 lidelis,
1745 1051 1940 1106 immu-

357 1122 561 1188 tabilis,
589 1123 952 1183 indeﬁcientis
972 1133 1230 1188 sanitatis
1250 1135 1593 1193 virulemians
1618 1140 1937 1211 botryones.

352 1211 418 1264 ιιι
451 1211 649 1270 Petrus
680 1217 899 1286 quidem
960 1220 1143 1276 taliter
1185 1227 1620 1282 οόιιιιιιιιιιίιιςιιυι·
1673 1230 1935 1288 Ecclesia;

354 1302 535 1360 factus
564 1314 674 1368 est,
701 1317 755 1363 et
776 1308 919 1365 filius
943 1312 1084 1364 lucis
1118 1317 1427 1384 appellatus
1456 1328 1559 1373 est.

420 1395 646 1453 Mennas
678 1392 862 1457 autem
895 1404 1246 1461 Clu-istudori
1280 1419 1600 1464 sanctorum
1649 1414 1935 1484 dispensa-

347 1492 482 1545 toris
537 1494 807 1556 notarius,
871 1512 999 1550 cum
1059 1499 1465 1557 Alexandrinus
1508 1505 1821 1570 exsisteret,
1879 1517 1933 1562 et

344 1582 593 1650 ejusdem
632 1586 928 1652 haereseos,
966 1591 1268 1647 manifeste
1319 1594 1623 1664 flagellatus
1676 1611 1930 1653 commu-

344 1675 574 1731 nicavit.
612 1677 713 1735 ilic
743 1681 891 1735 enim
918 1692 1143 1739 sanctus
1207 1685 1487 1742 dormiens
1510 1688 1576 1742 ad
1611 1692 1930 1746 lionorabile

343 1772 648 1826 sacrarium
723 1782 778 1827 et
848 1777 1137 1846 mysticam
1215 1781 1606 1849 caelestemque.
1686 1759 2003 1838 mensamB

340 1874 662 1933 pergentes,
682 1869 841 1936 quasi
872 1867 939 1921 ad
969 1881 1159 1923 sancta
1186 1880 1544 1941 pereepturos
1561 1883 1930 1942 sacramenta,

341 1952 567 2009 videbat
597 1972 612 2020 ;
673 1957 768 2026 qui
805 1958 1068 2013 conversi
1097 1967 1152 2013 et
1185 1970 1502 2027 sequentem
1548 1963 1775 2017 minime
1797 1979 1935 2019 con-

347 2046 709 2113 templantes.
755 2047 823 2103 ad
841 2064 967 2105 eum
997 2066 1057 2106 se
1071 2059 1315 2117 vertunt,
1340 2061 1395 2106 et
1430 2055 1656 2112 retentis
1681 2070 1792 2125 pra:
1817 2072 1935 2111 ma-

343 2135 519 2193 nibus
543 2140 742 2209 virgis,
775 2140 1052 2199 indefesse
1081 2143 1229 2199 hunc
1250 2157 1303 2200 et
1326 2144 1541 2202 fortiter
1558 2149 1930 2228 ﬂagellabant,

338 2243 567 2285 causam
587 2241 984 2288 tormentorum
1007 2235 1447 2293 manifestantes.
1463 2237 1887 2297 Dicebantenim
1913 2261 1929 2300 :

337 2318 707 2387 Quamobrem
736 2335 1032 2397 pergentes
1059 2342 1164 2384 nos
1192 2327 1262 2383 ad
1291 2334 1704 2389 communionis
1734 2349 1933 2404 perce-

338 2412 842 2484 ptionemintuens,
876 2433 984 2472 non
1004 2420 1212 2489 pariter
1241 2421 1773 2493 cucurristi‘llgitur
1803 2425 1847 2479 si
1876 2425 1929 2478 in

337 2505 502 2562 domo
532 2507 613 2563 vis
637 2525 959 2580 permanere
991 2520 1201 2577 nostra,
1219 2522 1436 2568 nostras
1451 2529 1683 2586 sequere
1699 2517 1934 2572 sanctio.

339 2603 536 2663 nes;et
555 2596 696 2653 unde
723 2613 825 2659 nos
843 2597 1126 2655 Dominica
1142 2613 1269 2655 esca
1290 2599 1552 2669 fruimur,
1570 2602 1723 2659 illinc
1745 2614 1798 2661 et
1817 2605 1932 2675 ipse

338 2690 708 2753 communica,
734 2689 1035 2761 digitorum
1055 2702 1217 2747 exten
1230 2691 1486 2750 sionibus
1527 2708 1743 2751 sacram
1767 2712 1925 2752 men-

338 2794 456 2843 sam
488 2789 879 2840 monstrantes.

410 2915 517 2972 Sed
544 2933 667 2973 eum
699 2908 880 2991 neque
907 2919 1078 2976 multa
1102 2920 1442 2991 spondentes
1466 2922 1685 2994 flagella
1721 2926 1770 2980 ei
1799 2941 1926 2996 per-

340 3010 675 3076 suasissent,
709 3013 1000 3068 verissime
1030 3013 1349 3071 minitantes
1372 3014 1722 3081 dimiserunt,
1749 3018 1921 3074 factu-

338 3117 464 3158 rum
510 3105 729 3174 penitus
778 3119 839 3160 se
868 3104 1017 3175 quod
1047 3104 1263 3175 jussum
1314 3106 1492 3162 fuerat
1541 3111 1912 3180 pollicentem.
1944 3105 1986 3162 C

339 3194 447 3264 Qui
489 3210 793 3253 conversus
830 3197 1116 3253 doloribus
1171 3200 1607 3270 astringebatur,
1651 3213 1913 3273 tanquam

339 3302 468 3344 vere
496 3303 798 3359 percussus
841 3289 1067 3345 livorem
1102 3290 1360 3356 habebat.
1412 3294 1677 3349 voluntati
1709 3305 1916 3368 marty—

337 3396 462 3441 rum
519 3381 898 3437 testimonium
967 3382 1383 3452 perhibentem;
1465 3388 1612 3441 unde
1683 3402 1915 3459 surgens

341 3468 529 3525 statim
606 3470 1062 3532 communicavit,
1125 3471 1455 3541 doloresque
1515 3482 1913 3530 tormentorum

339 3556 616 3631 deposuit,
649 3569 703 3615 et
753 3576 893 3616 verze
938 3561 1061 3616 fidei
1113 3564 1288 3634 gratia
1328 3564 1669 3620 illuminatus
1712 3567 1914 3631 anima,

343 3654 608 3724 benignos
634 3651 701 3708 de
723 3663 922 3708 caetero
962 3664 1184 3709 sanctos
1219 3655 1482 3724 possedit.
1532 3654 1701 3711 Porro
1731 3658 1916 3713 volen-

347 3754 430 3801 tes
456 3744 690 3800 aliorum
733 3759 955 3815 quoque
985 3745 1316 3800 mentionem
1360 3745 1719 3816 plurimorum
1763 3747 1913 3803 face-

342 3853 422 3905 re,
483 3837 579 3908 qui
626 3837 934 3909 martyricis
983 3838 1462 3893 communicavere
1511 3841 1822 3909 praeceptis,
1855 3839 1919 3895 li-

339 3930 536 4001 deique
583 3927 825 3985 didicere
880 3931 1184 3995 veritatem,
1246 3929 1377 3985 solis
1421 3946 1541 3999 qua:
1590 3930 1735 3986 dicta
1790 3939 1918 3987 sunt

340 4034 535 4076 sumus
560 4019 826 4084 contenti,
860 4028 920 4072 ut
951 4033 1110 4073 nemo
1150 4023 1253 4074 nes
1284 4019 1597 4089 suspicetur
1640 4019 1761 4075 ﬁdei
1796 4029 1917 4076 tan-

221 4100 253 4177 ’ξέ
340 4123 459 4169 tum
515 4126 705 4177 causa,
769 4122 1087 4168 sanctorum
1139 4112 1433 4183 scripsisse
1484 4113 1772 4170 miracula.
1814 4113 1914 4171 Hic

339 4215 473 4273 ergo
504 4210 560 4256 et
602 4199 670 4255 de
702 4197 867 4255 Petro
910 4214 974 4254 ac
1024 4199 1222 4255 Menna
1254 4201 1496 4268 notario,
1534 4203 1910 4259 narrationem

339 4288 722 4358 terminantes,
782 4301 835 4346 et
884 4299 1107 4348 sanctos
1165 4291 1383 4361 hymnis
1440 4293 1622 4351 solitis
1674 4294 1909 4352 efferen-

342 4397 445 4454 tes,
475 4384 550 4441 ad
580 4384 745 4439 aliam
789 4384 1057 4440 divinitus
1095 4383 1422 4464 inspiratam
1457 4385 1785 4444 relationem
1815 4405 1912 4446 ve-

339 4480 581 4537 niamus.

339 4593 450 4650 XL.
488 4595 566 4650 De
615 4592 823 4650 Joanne
867 4594 1181 4648 Mnematita
1231 4605 1541 4659 sanctorum
1589 4599 1677 4665 qui
1732 4615 1915 4654 renum

832 4668 1133 4733 patiebatur
1160 4665 1417 4723 dolorem.

408 4755 530 4813 Non
589 4758 1007 4826 inconveniens,
1066 4766 1124 4811 ut
1172 4759 1449 4827 arbitror,
1506 4770 1612 4826 est,
1648 4759 1916 4818 Joannem

343 4850 510 4904 etiam
571 4850 701 4905 huic
756 4848 1141 4906 commendare
1184 4851 1477 4921 scripturae
1530 4853 1623 4922 qui
1681 4869 1920 4908 mnema-

342 4944 472 4999 tiles
516 4943 961 5011 nuncupabatur,
1009 4958 1074 4997 eu
1123 4941 1268 5013 quod
1318 4953 1671 4997 inonutnento
1714 4959 1914 5013 praees-

340 5043 425 5091 set
459 5035 767 5090 curationis
809 5043 1167 5100 sanctorum;
1217 5050 1432 5089 mnema
1467 5035 1672 5105 quippe
1714 5052 1915 5090 monu-

343 5137 585 5183 mentum
627 5128 1054 5198 interpretatur;
1088 5127 1181 5198 qui
1216 5136 1323 5181 tam
1356 5126 1722 5182 Claristodoro
1749 5143 1913 5197 quam

340 5218 747 5291 dispensationi
816 5219 1166 5275 ministrabat
1244 5228 1586 5282 sanctorum,
1654 5220 1913 5288 qurioniam

341 5330 469 5369 cum
535 5313 605 5374 de
663 5311 827 5367 Petro
882 5310 1140 5382 [Egyptio
1184 5308 1584 5365 referebamus
1656 5309 1915 5377 Mennam

338 5407 506 5462 etiam
553 5405 830 5465 notarium
873 5403 1255 5474 opposuimus,
1290 5401 1417 5455 licet
1449 5402 1781 5485 martyribus
1809 5403 1914 5457 mi-

342 5498 697 5554 nistrantium
728 5511 990 5567 personas
1026 5495 1160 5557 fides
1186 5504 1242 5551 et
1276 5510 1476 5564 genera
1516 5496 1913 5553 miraculorum

344 5587 400 5642 in
447 5602 544 5642 eos
587 5596 926 5658 patratorum
976 5602 1078 5643 nos
1132 5587 1202 5642 ab
1243 5587 1476 5642 invicem
1509 5602 1769 5657 separare
1819 5604 1913 5642 cu-

345 5678 574 5748 egeriut,
609 5679 735 5743 dum
785 5680 1041 5751 colligere
1090 5679 1210 5735 illas
1254 5678 1519 5741 vellemus
1565 5686 1617 5732 et
1664 5679 1914 5735 sitnich-

349 5785 495 5833 υιὶιυὶι

1261 284 1321 345 S.
1349 285 1767 351 SOPIIRONII
1805 294 2309 366 PATRIARCIIIE
2348 312 2750 382 IIIEROSOL.

368 396 423 439 ct
446 388 747 455 permansit
772 387 933 445 fidem
964 392 1312 462 custodiens,
1335 415 1496 469 quam
1533 403 1636 458 silii
1694 417 1960 479 martyres

371 477 743 546 tradiderunt,
792 489 845 537 et
879 486 1189 541 mercedem
1235 503 1357 559 quae
1389 493 1592 548 auferri
1622 482 1727 550 non
1767 477 1954 568 posset

3501 337 3637 402 3576

1988 412 2035 472 Α
2064 416 2235 517 pec-av
2266 421 2547 517 ἐθρέψατο,
2577 430 2669 483 καὶ
2701 432 2984 501 φυλάττων
3013 437 3112 511 τὴν
3140 405 3324 496 πίστιν
3345 444 3635 517 διέμεινεν,

2056 507 2122 577 ἢν
2144 511 2195 604 ei
2238 511 2514 586 μάρτυρες
2544 520 2694 592 αὐτῷ
2720 522 2981 594 διέδωκαν,
3010 507 3104 585 καὶ
3137 532 3228 587 τὸν
3269 507 3460 604 μισθὸν
3502 507 3637 597 άναἐ

2055 599 2315 703 ξρῇίξετογ
2349 605 2550 680 ἔσχηκε
2580 613 2680 684 τῆς
2708 617 2877 689 ὀρθῆς
2905 621 2966 674 οὐ
3008 599 3342 697 τεμνόμενον
3377 631 3633 703 πίστεως,

2210 694 2381 768 ταύτῃ
2412 702 2638 757 συνόντα
2667 708 2762 761 καὶ
2797 709 3049 781 μένοντα,
3077 690 3193 770 ’καί
3218 719 3311 775 τὸν
3353 690 3635 796 χωρισμδύ

2049 785 2222 884 utith
2264 790 2327 842 οὑ
2370 791 2697 884 δεχόμενονο
2743 801 2867 855 οὐδέ
2915 805 3114 877 πάσχει
3154 811 3264 874 τοῖς
3298 785 3631 884 προλαϐοῦσι

2047 875 2325 972 τὰμόμοια,
2361 882 2486 936 οὺδέ
2534 887 2771 954 πίστεως
2813 875 3087 962 στερεῖται
3114 900 3212 953 καὶ
3254 875 3499 972 ῥώσεως,
3532 909 3630 962 καὶ

2047 968 2209 1021 πάλιν
2248 971 2325 1037 ὡς
2359 973 2632 1049 ἀγνώμων
2677 983 2992 1041 παιδεύεται
3045 990 3140 1043 καὶ
3169 968 3628 1067 μαστιγούμενος,

2047 1069 2425 1160 μεταποιεῖται
2455 1070 2525 1125 τὰ
2553 1074 2859 1145 κρείττονα,
2891 1076 3011 1133 ἀλλ’
3047 1080 3165 1136 ἐστι
3196 1086 3389 1150 πιστὸς
3418 1089 3630 1160 ἀμετά-

2045 1151 2218 1222 θετος,
2251 1157 2611 1227 ἀδιαλείπτως
2636 1168 2856 1237 τρυγών
2877 1170 2976 1241 τῆς
3005 1172 3196 1241 ὑγείας
3218 1180 3343 1241 τοὺς
3368 1151 3624 1252 βότ’ρυας.

2042 1246 2152 1343 imi
2196 1248 2401 1321 Πέτρος
2438 1254 2537 1325 μέν
2589 1255 2733 1311 οὕτω
2776 1263 3090 1329 κοινωνικὸς
3142 1267 3245 1337 τῆς
3296 1246 3626 1343 Ἐκκλησίας

2121 1337 2280 1405 ἑνετο,
2322 1344 2418 1397 καὶ
2454 1347 2646 1401 τέκνον
2679 1352 2879 1419 φωτός.

2107 1432 2300 1528 Νίηνᾶς
2321 1434 2378 1528 δέ
2464 1439 2844 1528 ριστοδώρου
2874 1447 2968 1501 τοῦ
2989 1449 3098 1505 τῶν
3126 1453 3300 1523 ἁγίων
3331 1457 3621 1528 οἰκονόμου

2035 1522 2305 1619 νοτάριος,
2351 1526 2736 1602 Ἀλεξανδρεὺς
2764 1534 2840 1590 ὢν
2883 1541 2977 1593 καὶ
3007 1542 3110 1612 τῆς
3155 1545 3327 1618 αὐτῆς
3357 1522 3620 1619 ὑπάργων

2033 1615 2318 1707 αίρέσεως,
2367 1623 2618 1694 φανερῶς
2650 1629 2974 1700 μαστιχθεὶς
3019 1615 3400 1707 ἐκοινώνησεν.

2032 1706 2140 1778 γὰρ
2178 1711 2307 1774 τοὺς
2358 1713 2550 1782 ἁγίους
2582 1719 2950 1790 κοιμώμενος,
3002 1726 3096 1780 ἐπὶ
3143 1728 3205 1782 τὸ
3253 1706 3435 1800 τίμιον
3464 1733 3610 1803 ἱερα-

2034 1803 2198 1866 τεῖον,
2230 1804 2326 1857 καὶ
2355 1806 2455 1871 τὴν
2484 1810 2754 1880 μυστικήν
2794 1815 2886 1866 καὶ
2914 1815 3166 1887 οὐράνιον
3206 1820 3506 1890 τράπεζαν,
3539 1824 3616 1887 ὡς

2034 1890 2115 1982 είς
2150 1895 2465 1965 μυστηρίων
2507 1898 2681 1968 ἁγίων
2708 1902 2970 1970 ἀπιόντας
3005 1909 3311 1982 μετάληψιν
3363 1913 3615 1969 ἔϐλεπεν·

2035 1980 2085 2034 οῖ
2130 1985 2464 2054 στραφέντες
2494 1989 2590 2042 καὶ
2625 1991 2702 2062 μὴ
2725 1993 2993 2063 ἑπόμενον
3021 1999 3184 2054 αὑτὸν
3202 1980 3610 2074 θεωρήσαντες.

2036 2077 2173 2150 πρὸς
2203 2080 2370 2136 αὑτὸν
2418 2083 2840 2158 ὑποστρέφουσι,
2874 2092 2970 2145 καὶ
3009 2092 3242 2163 ῥάϐδους
3277 2096 3463 2150 αὐτῶν
3489 2101 3612 2158 ταῖς

2035 2169 2317 2241 παλάμαις
2358 2175 2701 2247 κατέχοντες,
2757 2181 2987 2245 ἐντόνως
3018 2185 3182 2239 αὑτὸν
3211 2186 3306 2239 καὶ
3346 2188 3612 2255 γενναίως

2033 2263 2347 2332 ἐμάστιζον,
2400 2267 2499 2339 τὴν
2542 2271 2723 2324 αἰτίαν
2766 2272 2876 2327 τῶν
2920 2272 3171 2344 βασάνων
3230 2279 3608 2348 ἐμφαίνοντες.
3698 2296 3711 2303 ”

2033 2357 2191 2423 Τίνος
2223 2361 2333 2430 γάρ
2364 2360 2572 2428 ἕνεκεν,
2605 2363 2812 2433 ἔλεγον,
2840 2366 3101 2432 ἀπιόντας
3126 2371 3271 2440 ἡμᾶς
3296 2372 3389 2425 ἐπὶ
3418 2388 3610 2425 κοινωο

2032 2451 2153 2514 νίας
2179 2450 2391 2520 βλέπων
2424 2454 2731 2526 μετάληψιν
2746 2458 2809 2511 οὐ
2835 2460 3167 2531 συνέδραμες
3189 2480 3204 2529 ;
3231 2464 3292 2515 Ei
3315 2464 3496 2518 τοίνυν
3525 2465 3602 2530 είς

2031 2537 2179 2595 οἶκον
2203 2542 2380 2614 βούλει
2397 2547 2734 2618 παραμένειν
2754 2549 3046 2621 ήμέτερον,
3065 2555 3177 2615 τοῖς
3206 2553 3363 2624 ήμῶν
3377 2554 3606 2609 ἀκολού-

2032 2631 2115 2685 θει
2145 2631 2509 2707 θεσπίσμασιν
2526 2653 2542 2669 ⁶
2566 2638 2663 2693 καὶ
2686 2638 2809 2694 ὅθεν
2835 2642 2999 2712 ἡμεῖς
3038 2644 3378 2716 Δεσποτικῆς
3399 2647 3606 2716 τροφῆς

2031 2725 2399 2796 ἀπολαύομεν,
2427 2729 2608 2783 ἐκεῖσε
2631 2732 2725 2785 καὶ
2739 2731 2900 2797 αὐτὸς
2926 2733 3337 2806 μεταλὰμϐανε,
3356 2741 3479 2802 ταῖς
3496 2738 3605 2794 τῶν

2029 2814 2308 2872 δακτύλων
2324 2818 2611 2876 ἐκτάσεσιν
2639 2822 2740 2895 τὴν
2758 2822 2911 2893 ἱερὰν
2933 2823 3271 2891 δεικνύοντες
3303 2828 3600 2898 τράπεζαν.

2114 2951 2257 3005 Ἀλλ’
2298 2952 2420 3007 οὔτε
2452 2954 2591 3025 μετά
2620 2955 2880 3023 πλείστας
2927 2959 3113 3025 αὐτοῖς
3162 2962 3453 3018 συνθέσθαι
3500 2965 3606 3035 μά-

2032 3059 2223 3111 στιγας
2250 3043 2495 3109 ἔπεισαν,
2523 3044 2803 3118 ἐμϐριθῶς
2821 3048 3216 3120 ἀπειλήσαντες
3238 3051 3452 3116 είασαν,
3478 3054 3606 3107 πάν.

2019 3152 2129 3199 τως
2167 3138 2342 3191 ποιεῖν
2369 3136 2429 3190 τὸ
2468 3136 2755 3193 κελευσθὲν
2794 3141 3214 3213 συνταξάμενον.
3262 3144 3321 3198 '0
3350 3144 3408 3198 δέ
3435 3162 3604 3217 στραα·

2023 3226 2145 3296 φεὶς
2172 3228 2292 3291 ταῖς
2313 3226 2603 3299 ἀλγηδόσιν
2628 3230 2911 3301 ἐστύφετο,
2936 3233 3032 3288 καὶ
3057 3233 3135 3297 ὡς
3158 3232 3309 3306 ὕπαρ
3335 3235 3603 3308 πληχθεὶς

2022 3315 2137 3390 εἶχε
2187 3320 2315 3384 τοὺς
2356 3318 2652 3391 μώλωπας,
2685 3321 2764 3394 τῷ
2800 3323 2920 3403 τῶν⁸
2958 3325 3131 3394 ἁγίων
3187 3328 3604 3400 μαρτυροῦντας

2023 3410 2186 3483 βουλή
2195 3413 2516 3483 ματι.“Οθεν
2540 3414 2777 3480 ἀναστὰς
2795 3416 2956 3482 εὐθὺς
2980 3417 3357 3489 ἐκοινώνησεν,
3385 3419 3479 3474 καὶ
3503 3418 3602 3487 τὰς

2021 3504 2130 3559 τῶν
2161 3504 2411 3574 βασάνων
2439 3506 2599 3572 εὐθὺς
2626 3506 2819 3574 ὀδύνας
2865 3510 3108 3565 ἀπέϐαλε
3132 3526 3148 3541 ο
3177 3511 3273 3566 καὶ¹
3307 3511 3602 3578 φωτισθεὶς

2021 3595 2119 3668 τὴν
2144 3595 2322 3669 ψυχὴν
2351 3600 2418 3670 τῇ
2452 3598 2552 3668 τῆς
2576 3598 2811 3671 ἀληθοῦς
2839 3600 3079 3668 πίστεως
3109 3603 3319 3676 χάριτι,
3349 3604 3600 3674 εὐμενεῖς

2022 3687 2081 3740 τὸ
2108 3687 2295 3743 λοιπὸν
2326 3689 2456 3753 τοὺς
2494 3690 2684 3759 ἁγίους
2716 3693 3006 3764 ἐκτήσατο.
3053 3694 3375 3765 Βουλόμενοι
3407 3695 3464 3749 δὲ
3503 3695 3601 3748 καὶ

2023 3780 2285 3837 πλειόνων
2344 3781 2520 3836 ἄλλων
2575 3783 2803 3855 μνήμην
2856 3785 3191 3857 ποιήσασθαι
3242 3788 3599 3859 μαρτυρικοῖς

2023 3872 2498 3944 κεκοινωνηκότων
2542 3875 2985 3948 προστάγμασιν,
3031 3877 3128 3932 καὶ
3181 3876 3461 3948 μαθόντων
3500 3877 3598 3947 τῆς

2016 3966 2255 4029 πίστεως
2290 3964 2392 4036 τὴν
2424 3965 2704 4039 ἀλήθειαν,
2734 3970 2847 4032 τοῖς
2870 3968 3141 4040 λεχθεῖσιν
3182 3969 3366 4041 μόνοις
3398 3968 3597 4041 ιίιρκού⁹

2018 4057 2158 4129 μεθα
2179 4073 2193 4088 ·
2230 4058 2319 4115 ἵνα
2347 4059 2541 4133 μηδεὶς
2574 4061 2724 4132 ἡμᾶς
2748 4061 3142 4118 ὑποπτεύσειεν
3166 4062 3404 4149 πίστεως
3430 4061 3596 4117 ἕνεκα

2012 4151 2348 4223 γεγραφέναι
2367 4153 2481 4208 τῶν
2500 4152 2671 4223 ἁγίων
2689 4154 2759 4209 τά
2777 4153 3054 4227 θαύματα.
3090 4154 3355 4210 Ἐνταῦθα
3370 4155 3478 4227 γάρ
3500 4153 3597 4209 καὶ

2015 4241 2115 4314 τὴν
2146 4243 2277 4314 περὶ⁸
2320 4243 2530 4315 Πέτρου
2558 4246 2656 4300 καὶ
2682 4246 2850 4317 Μηνᾶ
2889 4244 2986 4300 τοῦ
3039 4245 3291 4317 νοταρίου
3341 4243 3596 4317 διήγησιν

1996 4334 2502 4408 ησυμπεράναντες,
2554 4337 2651 4392 καὶ
2667 4339 2797 4403 τοὺς
2823 4337 3015 4408 ἁγίους
3056 4338 3419 4411 ὑμνήσαντες,
3455 4336 3596 4408 πρὸς

2019 4428 2187 4502 ἄλλην
2213 4430 2469 4503 διήγησιν
2496 4428 2680 4487 ἔνθεον
2708 4430 2974 4504 ἔλθωμεν.

2020 4597 2111 4651 Μ’.
2136 4596 2287 4664 Περι
2346 4596 2620 4653 Ἰωάννου
2670 4598 2779 4653 τοῦ
2823 4596 3212 4667 Ηνηματίτου
3256 4595 3378 4650 τῶν
3412 4594 3596 4666 ἁγίων

2399 4666 2543 4735 τοὺς
2573 4667 2834 4738 νεφροὺς
2863 4666 3231 4738 πάσχοντος.

2093 4765 2207 4818 Οὐκ
2221 4763 2443 4830 ἁτοπον,
2461 4763 2536 4827 ὡς
2558 4757 2731 4832 οῐμαι,
2766 4763 3074 4832 καθέστηκε
3100 4760 3191 4815 καὶ
3216 4760 3470 4830 Ἰωάννην
3492 4775 3595 4812 πα-

2021 4853 2282 4925 ραθέσθαι
2318 4854 2397 4925 τῷ
2427 4854 2718 4925 γράμματι
2750 4853 2842 4907 τὸν
2869 4851 3238 4922 Μνηματίτην
3264 4849 3594 4919 ἐπιλεγόμε-

2017 4963 2129 5011 νον,
2169 4946 2245 5009 die;
2274 4945 2375 5016 τῆς
2404 4945 2700 5017 θεραπείας
2731 4944 2827 4999 τοῦ
2853 4945 2964 4998 τῶν
2991 4944 3165 5013 ἁγίων
3193 4942 3589 5014 προϊστάμενον

2023 5037 2324 5106 μνήματος,
2363 5036 2551 5107 ἐπειδὴ
2582 5037 2653 5091 τά
2689 5038 2831 5091 κατά
2865 5036 3073 5107 Πέτρον
3110 5034 3463 5106 διηγούμενοι
3503 5033 3595 5086 τὸν

2019 5126 2341 5196 Αίγύπτιον,
2372 5130 2465 5183 καὶ
2494 5129 2687 5200 Μηνᾶν
2714 5127 3065 5200 παρεθέμεθα
3093 5127 3185 5181 τὸν
3211 5127 3477 5198 νοτάρισν,
3503 5125 3597 5178 τὸν

2017 5219 2383 5291 Χριστοδώρῳ
2427 5219 2521 5274 καὶ
2548 5222 2615 5292 τῇ
2649 5220 2765 5274 τῶν
2802 5220 2970 5289 ἁγίων
3001 5218 3285 5291 οἰκονομίᾳ
3312 5214 3596 5273 διακονού-

2019 5326 2203 5380 μενον,
2237 5311 2286 5362 εί
2332 5310 2428 5363 καὶ
2474 5311 2542 5365 τά
2591 5309 2699 5364 τῶν
2739 5310 3154 5382 ὑπηρετούντων
3195 5312 3310 5374 τοῖς
3358 5310 3596 5382 μάρτυσι

2019 5402 2310 5471 πρόσωπα,
2345 5404 2402 5455 αἰ
2429 5400 2642 5467 πίστεις
2686 5403 2783 5456 καὶ
2809 5404 2879 5458 τὰ
2904 5403 3064 5473 γένη,
3095 5404 3191 5456 καὶ
3221 5402 3343 5456 ’τῶν
3381 5403 3462 5465 είς
3492 5401 3592 5454 αὐ-

2015 5476 2143 5558 τοὺς
2184 5492 2540 5565 πραχθέντων
2568 5495 2861 5567 θαυμάτων
2893 5496 3089 5550 διελεῖν
3119 5497 3268 5567 ήμᾶς
3300 5495 3394 5549 ἀπ’
3424 5493 3593 5566 ἀλλή-

2016 5585 2123 5639 λων
2168 5587 2471 5657 ἡνάγκασε,
2500 5589 2678 5645 καίτοι
2726 5588 3020 5645 συνάπτειν
3048 5588 3189 5644 αὐτὰ
3235 5586 3595 5661 βουλομένους

2019 5681 2113 5733 καὶ
2150 5680 2499 5748 σπεύδοντας.
