4060 6236
344 336 482 409 35τ7

1294 332 1396 393 SS.
1431 330 1606 391 CYRI
1638 330 1733 391 ET
1762 329 2085 391 JOANNIS
2136 332 2550 391 MlliACULA.

3481 326 3622 391 3578

422 451 596 513 Αίόυς
627 448 656 502 ὁ
694 446 948 516 Ἰωάννης
977 445 1294 513 ἐτύγχανεν,
1325 439 1422 493 καὶ
1445 438 1788 509 Μαραιώτην
1807 436 1941 510 ᾤκει

2119 438 2323 509 Libyus
2356 442 2592 497 Joannes
2626 452 2763 507 erat,
2817 450 2871 496 et
2908 442 3050 510 apud
3100 440 3389 495 Maratotcu
3430 443 3621 512 primi-

347 544 411 599 τδ
439 543 737 616 πρότερον
763 537 878 592 ἀλλ’
904 540 983 600 εἰς
1015 536 1075 589 τὸ
1098 532 1209 588 τῶν
1241 533 1413 600 ἁγίων
1454 533 1750 600 γενόμενος
1774 530 1938 600 τέμε-

348 654 461 701 νης,
479 635 681 707 τρόπον
701 632 823 686 τινά
843 632 1001 701 γένος
1021 628 1293 699 ἠλλάξατο
1310 643 1325 656 ·
1347 623 1630 692 Αἰγύπτου
1651 622 1759 692 γάρ
1777 619 1938 674 τοῦτο

354 728 554 804 μᾶλλόν
596 730 714 782 ἐστι
756 723 1144 795 πλησιαίτερον
1170 733 1184 748 ⁸
1232 717 1294 770 τὸ
1338 716 1395 769 δὲ
1422 714 1520 784 τῆς
1565 712 1938 804 μετοικήσεως

353 802 546 888 αἰτιον,
592 820 804 888 δαίμων
831 813 921 889 ἦν,
945 814 1022 876 ὡς
1064 813 1336 879 λέγουσιν,
1370 807 1580 878 ἄγριος,
1608 804 1666 868 ὃς
1697 806 1754 857 ἐν
1786 802 1939 872 αὐτῷ

352 917 452 989 τὴν
493 912 780 970 κατοικίαν
811 907 1161 978 ποιούμενος,
1199 903 1472 972 ἀφόρητος
1501 895 1570 970 ἦν
1607 898 1697 952 διά
1737 895 1939 964 πολλὴν

354 988 675 1080 ἀγριότητα.
710 1001 916 1057 Τούτου
952 1000 1113 1071 χάριν
1144 998 1172 1049 ὁ
1208 995 1462 1064 Ἰωάννης
1494 990 1778 1061 δεδεμένος
1813 988 1942 1043 ἁλύ-

358 1117 508 1155 σεσιν
534 1097 671 1170 πρὸς
693 1096 820 1157 τοὺς
864 1094 1149 1163 μάρτυρας
1184 1088 1370 1159 ἧγετο,
1408 1085 1559 1146 ὅπως
1589 1081 1756 1134 αὑτὸν
1783 1081 1941 1151 ἐλεή-

359 1209 550 1255 σαντες
597 1188 691 1244 τοῦ
740 1183 1117 1246 συνοικοῦντος
1162 1178 1552 1250 λυτρώσωνται
1595 1173 1881 1244 δαίμονος·
1913 1170 1943 1223 δ

361 1286 454 1341 καὶ
496 1285 691 1338 θάττον
720 1277 1090 1350 πεπράχασιν.
1135 1270 1489 1332 Ἐκὸαλόντες
1539 1266 1649 1335 γὰρ
1698 1263 1858 1326 εὐθὺς
1882 1261 1944 1315 τδ

358 1377 654 1447 δαιμόνιον,
681 1372 783 1443 τῆς
810 1370 1003 1427 τούτου
1041 1365 1237 1439 μανίας
1265 1362 1490 1435 διηνεκῆ
1523 1362 1824 1433 δωροῦνται
1844 1358 1944 1429 τὴν

358 1471 650 1541 λύτρωσιν.

444 1562 503 1616 '0
528 1561 588 1614 ’δὲ
631 1558 838 1628 ταύτης
873 1551 1053 1625 τυχὼν
1100 1550 1200 1621 τῆς
1236 1546 1583 1626 λυτρώσεως,
1623 1543 1730 1598 τῶν
1773 1558 1947 1595 σεσω-

363 1651 535 1706 κότων
562 1650 735 1717 άγίων
776 1645 963 1700 δοῦλον
991 1639 1182 1696 ἑαυτὸν
1230 1636 1614 1709 ἀπεγράψατο,
1650 1635 1750 1703 τῆς
1782 1633 1947 1705 θερα-

364 1742 523 1806 πείας
548 1740 706 1809 ἀξίαν
731 1736 1143 1806 ἐνδεικνύμενος
1180 1730 1416 1795 εὖνοιαν,
1449 1728 1518 1782 δι’
1565 1728 1631 1799 ἢν
1670 1727 1765 1781 καὶ
1821 1742 1949 1797 μετ-

2040 542 2130 586 tus
2163 532 2525 597 habitaverat,
2575 535 2668 590 sed
2723 549 2847 588 cum
2889 534 2957 589 ad
3004 542 3325 595 sanctorum
3378 532 3625 589 venisset

2040 623 2349 687 basilicam,
2384 640 2558 694 genus
2592 625 2754 679 modo
2776 624 3011 695 quodam
3044 626 3296 689 mutavit,
3336 624 3450 679 haec
3474 627 3621 679 enim

2039 724 2124 772 est
2153 716 2393 788 Egypto
2440 720 2831 789 propinquius.
2885 718 3062 774 Porro
3115 718 3625 788 transmigrationis

2040 817 2233 864 auctor
2261 810 2473 864 diemon
2503 822 2641 877 erat,
2675 822 2732 865 ut
2764 810 2969 876 ferunt,
3004 812 3373 882 agrestis,qui
3408 810 3626 864 habita—

2042 900 2246 955 tionem
2280 896 2518 982 faciebat
2550 903 2605 956 in
2645 903 2787 971 ipso,
2830 909 2885 957 et
2908 908 3027 957 erat
3057 902 3129 956 ob
3166 903 3395 955 multam
3444 900 3628 954 ferita-

2041 1000 2149 1048 tem
2183 993 2563 1048 intolerabilis.
2600 994 2775 1063 Hujus
2817 995 2895 1049 rei
2928 995 3105 1066 gratia
3136 993 3379 1050 Joannes
3405 995 3626 1052 vinctul

2041 1089 2256 1143 catenis
2282 1086 2349 1141 ad
2384 1097 2665 1158 martyres
2697 1089 2989 1157 agebatur,
3025 1088 3070 1142 si
3097 1102 3208 1157 quo
3235 1087 3492 1143 modosui
3518 1087 3627 1141 mi-

2043 1179 2200 1244 serti,
2235 1194 2265 1233 a
2303 1180 2546 1233 daemone
2587 1178 2681 1250 qui
2733 1196 2792 1234 se
2834 1179 3079 1246 tenebat,
3138 1181 3447 1251 eriperent;
3476 1177 3628 1247 quod

2043 1278 2098 1325 et
2156 1270 2421 1325 velociter
2475 1280 2843 1341 peregerunt;
2902 1269 3080 1338 ejecto
3132 1270 3277 1323 enim
3331 1268 3627 1332 confestim

2044 1354 2340 1421 daemonio,
2377 1355 2447 1411 ab
2478 1356 2645 1429 hujus
2686 1357 2904 1413 insania
2935 1358 3254 1412 continuam
3290 1357 3499 1413 donant
3532 1372 3627 1414 rre-

2045 1448 2437 1517 demptionem.

2114 1542 2183 1595 At
2229 1543 2321 1597 ille
2373 1543 2517 1598 hanc
2557 1543 2814 1614 adeptus,
2866 1553 3184 1598 sanctorum
3218 1543 3309 1612 qui
3350 1558 3409 1597 se
3452 1542 3632 1596 salva-

2045 1642 2241 1688 verant
2279 1643 2455 1689 semet
2488 1649 2708 1690 servum
2748 1634 3028 1705 ascripsit,
3077 1635 3365 1688 curatione
3406 1632 3629 1704 dignam

2004 1745 2009 1748 ·
2048 1725 2349 1782 ostendens
2397 1726 2862 1791 benevolentiam,
2912 1741 3010 1797 per
3059 1742 3222 1796 quam
3271 1734 3326 1782 et
3374 1725 3634 1781 transmi-

363 1837 604 1904 ανάστης
658 1833 875 1902 ἐγένετο
901 1871 917 1895 ,
969 1829 1067 1882 καὶ
1113 1825 1214 1897 τὴν
1250 1822 1479 1894 πατρίδα
1517 1821 1711 1888 λιπὼν,
1754 1821 1815 1873 τὸ
1839 1820 1947 1873 τῶν

2052 1825 2237 1885 grator
2268 1812 2496 1872 eﬂectus
2529 1824 2634 1881 est,
2672 1828 2727 1872 et
2761 1818 2938 1887 patria
2982 1816 3269 1882 derelicta,
3305 1831 3477 1888 penes
3499 1831 3631 1871 san-

364 1929 536 1997 ἁγίων
570 1926 869 1999 μαρτύριον
899 1922 1140 1994 ᾤκησεν.
1166 1918 1279 1973 Kal.
1310 1918 1470 1972 τοῦτο
1508 1916 1606 1988 μὲν
1632 1916 1731 1985 τῆς
1763 1931 1945 1985 μετοιο

367 2022 551 2084 κεσίας
580 2020 641 2074 τδ
679 2019 875 2072 αἴτιον.
908 2014 1063 2070 Μετὰ
1089 2016 1280 2085 χρόνον
1313 2010 1368 2063 δὲ
1413 2009 1557 2062 πάνυ
1593 2006 1785 2078 συχνὸν
1818 2006 1948 2069 τοὺς

362 2116 593 2186 νεφροὺς
631 2112 842 2183 βαρέως
868 2109 1150 2179 ἐνόσησεν,
1182 2106 1277 2160 καὶ
1311 2106 1344 2175 ἡ
1368 2103 1522 2166 νόσος
1541 2096 1610 2172 ἦν
1638 2100 1947 2154 ἀνυπόστα-

364 2223 489 2270 τοςο
524 2206 656 2258 ποτὲ
687 2204 783 2275 μὲν
812 2204 922 2275 γάρ
970 2202 1188 2255 πίπτων
1238 2199 1318 2255 είς
1355 2197 1460 2267 γῆν
1499 2193 1764 2257 ἐκυλίετο,
1816 2190 1948 2245 ποτὲ

364 2298 421 2351 δὲ
453 2301 552 2368 τῆς
601 2297 704 2366 γῆς
741 2294 1102 2363 ἀνιστάμενος
1134 2289 1241 2346 άνὰ
1294 2289 1356 2342 τὸ
1403 2286 1630 2357 τέμενος
1677 2284 1820 2346 ἐθεε,
1852 2283 1948 2337 καὶ

370 2392 713 2463 βαρυφώνοις
744 2388 1082 2457 στενάγμασι
1119 2385 1329 2446 πάντας
1361 2380 1488 2442 τοὺς
1530 2379 1626 2431 σὺν
1654 2375 1802 2446 αὐτῷ
1830 2374 1948 2428 διαο

364 2484 652 2555 τρίϐοντας
676 2481 887 2551 ἐστέρει
916 2481 1017 2549 τῆς
1046 2474 1379 2547 προσφιλοῦς
1412 2469 1793 2533 ἀναπαύσεως,
1824 2468 1948 2538 ἧτις

368 2577 552 2637 αὐτοῖς
579 2574 787 2645 ἠρεμία
814 2569 1208 2641 προσγινέσθαι
1241 2566 1510 2636 πέφυκεν,
1541 2562 1634 2617 καὶ
1663 2562 1802 2631 τάχα
1825 2576 1950 2629 συγ-

367 2665 592 2737 γνώμης
624 2664 921 2734 ἐτύγχανεν
956 2660 1127 2727 άξιος,
1175 2657 1351 2722 οὔτως
1382 2652 1629 2725 σφοδρῶς
1671 2650 1947 2721 ὀδυνώμε-

368 2777 477 2822 νος.
510 2760 631 2813 Τῶν
663 2757 761 2828 μέν
789 2757 900 2828 γάρ
932 2756 1110 2811 ἄλλων
1135 2751 1326 2807 παθῶν
1358 2749 1489 2813 ῐσως
1512 2763 1598 2811 τις
1625 2749 1725 2817 τῆς
1754 2743 1950 2814 ὀδύνης

370 2854 717 2923 στοχάσαιτο,
744 2850 959 2923 νεφρῶν
988 2849 1047 2903 δὲ
1076 2847 1239 2901 πόνον
1284 2844 1463 2898 εἰπεῖν
1512 2843 1610 2895 καὶ
1642 2839 1807 2909 ἄλγος
1848 2841 1949 2892 άν-

367 2942 619 3000 εἰκαστον
644 2942 753 2996 τῶν
786 2944 848 2996 οὐ
883 2940 1233 2996 πεπονθότων
1261 2935 1460 3000 οὐδεὶς,
1491 2931 1721 3005 μόνοιδέ
1747 2929 1950 2999 γιγνώ-

370 3052 590 3089 σκουσιν
636 3036 687 3088 οἱ
729 3019 1093 3105 νοσήσαντες.
1126 3027 1472 3085 Κινδυνεύων
1527 3020 1623 3079 οὖν
1655 3024 1850 3090 οὕτως,
1872 3023 1950 3086 ὡς

368 3127 601 3201 ἔφημεν,
620 3128 875 3200 Ἰωάννης
904 3124 1263 3196 σφοδρότατα,
1288 3121 1430 3192 τάχα
1449 3119 1517 3219 ἂν
1548 3116 1949 3187 συντονωτέρας
1981 3160 2024 3219 C

369 3223 528 3294 ἔτυχε
574 3223 672 3294 τῆς
706 3222 926 3287 ίάσεως,
961 3221 1010 3274 εί
1055 3219 1152 3273 σὺν
1205 3210 1557 3288 μακροθυμίᾳ
1588 3214 1714 3277 τοὺς
1759 3213 1950 3282 ἁγίους

372 3315 610 3370 ἱκέτευε.

438 3498 621 3555 Καλὸν
661 3498 721 3552 δὲ
769 3497 943 3551 εἰπεῖν
975 3494 1124 3557 ὅπως
1152 3491 1249 3547 καὶ
1298 3489 1457 3545 τοῦτο
1501 3489 1742 3562 διαφύγῃ
1770 3488 1832 3542 τὸ
1864 3488 1954 3542 νό·

371 3611 521 3662 σημα
541 3608 556 3623 ο
584 3593 701 3645 ἐστι
730 3589 840 3659 γὰρ
872 3588 901 3640 ὁ
947 3586 1148 3658 τρόπος
1192 3584 1417 3656 χάριτος
1453 3582 1711 3654 ἔμπλεος.
1757 3580 1953 3652 Ἰατρι-

372 3702 502 3750 σκος
528 3700 615 3748 τις
651 3680 839 3736 τοῦτον
877 3679 1002 3732 ἰδὼν
1050 3676 1307 3750 χαλεπῶς
1336 3674 1691 3744 ὀδυνώμενον,
1729 3673 1824 3728 καὶ
1854 3673 1953 3743 τῆς

373 3776 560 3846 ὑγείας
594 3772 835 3836 διακαῶς
862 3770 1215 3844 ὀρεγόμενον,
1244 3769 1384 3839 Τρία
1408 3766 1498 3831 δός
1542 3782 1652 3837 μοι,
1689 3765 1825 3835 πρὸς
1855 3765 1953 3818 αὐ-

370 3867 462 3922 τὸν
492 3867 620 3938 ἔφη,
646 3865 978 3937 νομίσματα,
1010 3862 1167 3933 κάγώ
1196 3879 1279 3916 σοι
1311 3861 1378 3915 δι’
1424 3858 1702 3938 ἀντιδότου
1727 3858 1952 3930 παρέχω

368 3960 470 4035 τὴν
501 3936 667 4015 ἴασιν.
713 3936 773 4012 Ὅ
812 3958 870 4012 δὲ
905 3957 1100 4028 φυγεῖν
1131 3953 1451 4017 σπουδάζων
1479 3952 1577 4021 τὴν
1610 3936 1862 4021 βάσανον,
1892 3950 1953 4003 τὸ

367 4051 590 4125 χρυσίον
633 4049 931 4121 προθύμως
975 4047 1275 4111 ἐπέδωκεν,
1316 4043 1415 4097 καὶ
1452 4042 1633 4097 λαϐὼν
1678 4043 1860 4111 ἐτήρει
1892 4041 1953 4093 τὸ

368 4146 684 4216 φάρμακον,
721 4142 810 4197 ἵνα
838 4141 976 4214 πρὸς
1000 4139 1199 4211 ὄρθρον
1226 4136 1360 4191 αὐτὸ
1379 4135 1471 4189 διά
1501 4134 1767 4205 στόματος
1799 4132 1952 4202 δέξη-

368 4254 478 4289 ται.
512 4234 623 4288 Καὶ
653 4231 775 4287 κατ’
809 4230 1029 4301 ἐκείνην
1069 4228 1171 4300 τὴν
1200 4228 1374 4281 νύκτα
1400 4223 1770 4296 κοιμώμενος,
1807 4237 1970 4309 παρ-γ

368 4326 608 4390 εστῶτας
645 4323 795 4395 αὑτῷ
833 4322 1021 4393 βλέπει
1048 4320 1176 4384 τοὺς
1214 4318 1524 4391 μάρτυρας,
1552 4319 1648 4371 καὶ
1679 4316 1779 4386 τὴν
1818 4317 1951 4369 άπι-

367 4418 522 4472 στίαν
560 4417 660 4484 τὴν
708 4414 847 4487 πρδς
896 4413 1097 4477 αὐτοὺς
1146 4407 1533 4475 ὀνειδίζοντας,
1586 4408 1679 4462 καὶ
1728 4405 1836 4460 τῶν
1868 4406 1949 4468 είς

2047 1912 2261 1960 ctorum
2306 1905 2573 1961 habitavit
2618 1907 2966 1978 martyrium.
3007 1905 3072 1960 Et
3112 1908 3228 1962 haec
3262 1899 3494 1977 quidem
3528 1908 3632 1962 fuit

2046 1996 2214 2067 hujus
2247 2012 2417 2053 causa
2443 2000 2976 2069 transmigrationis.
3028 1997 3160 2055 Post
3200 2009 3418 2072 tempus
3445 2007 3630 2055 autem

2049 2091 2344 2149 admodum
2382 2093 2572 2159 breve,
2621 2110 2813 2149 renum
2856 2094 3176 2166 languorem
3207 2096 3452 2165 graviter
3486 2094 3632 2149 inci-

2046 2184 2150 2252 dit,
2177 2195 2231 2241 et
2260 2185 2493 2258 languor
2522 2196 2644 2242 erat
2682 2186 3053 2243 intolerabilis
3081 2205 3092 2242 :
3137 2190 3338 2243 etenim
3379 2188 3632 2259 aliquan-

2048 2275 2120 2332 do
2165 2275 2374 2332 cadens
2406 2278 2462 2331 in
2499 2284 2700 2332 terram
2748 2279 3121 2345 volutabatur,
3163 2279 3463 2348 aliquando
3498 2294 3631 2335 vero

2048 2382 2079 2422 a
2117 2376 2266 2422 terra
2295 2379 2528 2426 ‘erectus
2573 2385 2669 2439 per
2708 2369 2991 2425 basilicam
3032 2369 3405 2437 discurrebat,
3453 2371 3635 2441 gravi-

2048 2462 2266 2532 busque
2295 2463 2529 2518 vocibus
2564 2471 2618 2518 et
2650 2462 2946 2533 gemitibus
2989 2477 3182 2517 omnes
3212 2463 3307 2532 qui
3341 2463 3395 2517 in
3417 2478 3481 2517 ea
3515 2476 3634 2515 mo-

2049 2553 2319 2639 rabantur
2349 2554 2539 2625 requie
2570 2555 2821 2625 privabat
2850 2563 3053 2621 amata,
3088 2570 3210 2626 quae
3237 2555 3348 2610 illis
3382 2555 3448 2610 ad
3479 2556 3633 2624 quie-

2052 2654 2159 2702 tem
2186 2648 2456 2717 prolicere
2487 2647 2646 2703 solet.
2680 2647 2747 2701 Et
2781 2646 2928 2703 forte
2953 2649 3111 2704 venia
3145 2649 3347 2719 dignus
3370 2656 3491 2702 erat
3518 2656 3630 2701 tam

2048 2739 2230 2795 valide
2253 2740 2450 2795 dolens
2477 2756 2493 2794 :
2526 2753 2652 2794 nam
2677 2738 2907 2794 aliarum
2936 2739 3157 2809 quidem
3188 2739 3510 2810 passionum
3536 2738 3635 2793 do-

2052 2832 2136 2886 lor
2168 2832 2406 2889 fortasse
2439 2832 2734 2904 quisquam
2769 2832 2842 2887 sit
2873 2832 3169 2888 vehemens
3215 2831 3488 2900 advertit;
3542 2848 3635 2887 re-

2050 2942 2182 2980 num
2223 2936 2406 2983 autem
2454 2927 2701 2982 dolorem
2734 2933 2802 2989 fet
2845 2926 3177 2995 cruciatum,
3223 2925 3420 2990 fateor,
3470 2934 3636 2981 nem’o

2051 3019 2144 3089 qui
2177 3030 2373 3090 passus
2425 3035 2535 3074 nun
2569 3028 2656 3075 est
2690 3020 2971 3089 conjicere
3000 3028 3203 3091 potest,
3240 3036 3364 3077 cum
3407 3020 3512 3075 hoc
3539 3033 3634 3076 so-

2058 3112 2340 3168 lummodo
2366 3113 2460 3184 qui
2494 3113 2693 3167 borum
2725 3113 3046 3183 languorem
3070 3113 3219 3184 passi
3251 3119 3407 3177 sunt,
3432 3112 3633 3167 sciant.

2055 3202 2193 3258 Cum
2223 3219 2355 3274 ergo
2392 3202 2638 3261 Joannes
2675 3211 2810 3271 tam,
2860 3212 2922 3259 ut
2960 3204 3223 3269 diximus,
3263 3204 3445 3259 valide
3484 3201 3636 3273 peri-

2052 3296 2358 3360 clitaretur,
2392 3293 2632 3350 fortasse
2678 3290 2972 3349 sanitatem
3007 3294 3181 3367 magis
3217 3294 3495 3348 concitam
3530 3293 3636 3347 im-

2055 3394 2346 3459 petrasset,
2385 3388 2431 3444 si
2460 3394 2683 3443 sanctos
2715 3387 3103 3459 longanimiter
3130 3387 3451 3460 ﬂagitasset.

2127 3478 2335 3535 Bonum
2364 3487 2547 3534 autem
2592 3487 2775 3535 estut
2811 3478 3031 3535 dicatur
3062 3495 3172 3549 quo
3198 3491 3253 3534 et
3281 3480 3428 3534 hunc
3472 3478 3637 3535 modo

2054 3575 2371 3646 languorem
2410 3572 2683 3645 effugerit,
2706 3582 2793 3631 est
2816 3575 2962 3629 enim
2987 3574 3183 3630 modus
3209 3574 3381 3645 gratia
3416 3573 3631 3643 plenus.

2056 3665 2358 3733 Mediculus
2392 3667 2617 3736 quidam
2666 3666 2813 3721 hunc
2858 3681 3004 3722 saevo
3047 3666 3244 3721 videns
3271 3665 3460 3720 dolore
3501 3665 3633 3719 fati-

2055 3762 2261 3829 gat'um,
2306 3767 2360 3814 et
2408 3754 2700 3814 sanitatem
2736 3760 3125 3813 ardentissime
3172 3757 3624 3814 desiderantem:

2055 3850 2213 3916 Tres,
2247 3850 2387 3907 dixit
2409 3850 2477 3906 ad
2511 3866 2662 3916 eum,
2708 3851 2778 3906 da
2825 3850 2959 3905 mihi
3004 3865 3283 3917 nummos,
3324 3860 3378 3906 et
3406 3865 3507 3919 ego
3536 3850 3633 3905 tibi

2053 3958 2154 4013 per
2190 3942 2498 3998 antidotum
2554 3941 2847 3996 sanitatem
2888 3940 3183 4011 praestabo.
3216 3941 3282 3995 At
3320 3940 3410 3996 ille
3446 3941 3636 4011 fugere

2053 4034 2245 4089 volens
2297 4019 2652 4104 supplicium,
2709 4046 2904 4088 aurum
2967 4032 3223 4089 alacriter
3276 4033 3521 4100 tradidit,
3579 4040 3635 4089 et

2052 4135 2279 4195 accepto
2356 4124 2744 4190 medicamine,
2798 4124 3129 4181 observabat
3168 4132 3444 4196 quatenus
3497 4125 3633 4181 illud

2053 4234 2151 4289 per
2184 4232 2249 4273 os
2272 4216 2516 4272 diluculo
2546 4225 2809 4274 sumeret.
2839 4217 2909 4271 Et
2944 4216 3132 4273 eadem
3163 4226 3325 4272 nocte
3351 4217 3634 4273 dormiens

2053 4311 2159 4367 sibi
2196 4318 2471 4381 martyres
2522 4308 2673 4364 videt
2718 4317 2986 4376 astantes,
3018 4316 3073 4365 et
3111 4308 3415 4364 inﬁdelitati
3465 4326 3631 4381 quam

2054 4402 2109 4456 in
2166 4401 2290 4457 illos
2347 4401 2665 4457 ostenderat
2731 4401 3155 4471 exprobrantes,
3218 4411 3276 4456 et
3329 4404 3629 4459 sanitatum

366 4508 529 4562 αὑτὸν
544 4506 817 4575 διαφόρως
845 4502 1156 4572 γενομένων
1188 4500 1386 4555 ίάσεων
1404 4498 1945 4568 ἀναμιμνήσκοντας.

2055 4508 2192 4560 quas
2225 4494 2276 4546 in
2310 4508 2434 4547 eum
2483 4493 2704 4547 diverso
2735 4491 2897 4547 modo
2928 4501 3217 4563 gesserant
3249 4494 3629 4554 recordantes.

365 4601 440 4656 Οὔ
492 4600 652 4673 μόνον
681 4599 792 4669 γὰρ
841 4595 1005 4651 αὐτὸν
1042 4593 1307 4664 δαίμονος
1332 4587 1473 4663 ἦσαν
1511 4588 1945 4660 λυτρωσάμενοι,

365 4695 500 4752 ἀλλά
535 4696 628 4750 καὶ
656 4693 750 4748 τοῦ
774 4695 875 4765 τῆς
905 4689 1186 4759 ποδάγρας
1230 4679 1457 4743 ἆνιάτου
1491 4686 1820 4757 νοσήματος,
1854 4683 1949 4737 καὶ

302 4780 311 4791 “
368 4788 579 4859 μυρίων
607 4786 784 4840 ἄλλων
808 4784 998 4837 παθῶν
1036 4780 1203 4836 ἱδικοῦ
1243 4780 1513 4851 δεομένων
1545 4777 1944 4846 συντάγματος,

365 4880 415 4931 εί
447 4879 681 4948 γράφειν
708 4874 851 4929 αὑτά
886 4890 972 4937 τις
1000 4873 1061 4926 τὸ
1088 4871 1212 4925 καθ’
1254 4868 1312 4923 ἓν
1347 4868 1682 4939 ἐθελήσειεν.
1715 4866 1849 4938 Περὶ
1871 4859 1947 4919 ὧν

365 4972 780 5040 ύπομνήσαντες
810 4966 1031 5021 πάντων
1053 4963 1217 5019 αὐτὸν
1244 4963 1296 5016 oi
1325 4961 1650 5025 καλλίνικοι,
1678 4959 1773 5012 καὶ
1800 4957 1946 5029 μάλα

360 5060 593 5132 κομψῶς
649 5057 1049 5128 ἐγκαλέσαντες
1104 5054 1166 5109 τὸ
1228 5052 1499 5117 ἄπιστον,
1567 5052 1627 5105 τὸ
1688 5049 1944 5121 άμνημό-

364 5170 590 5215 νευτον,
653 5151 715 5204 τὸ
772 5149 1106 5221 ἀχάριστον,
1165 5146 1260 5200 καὶ
1326 5144 1382 5198 εῐ
1433 5161 1489 5196 τι
1558 5142 1770 5206 τούτοις
1828 5142 1946 5195 ἐστὶ

366 5242 769 5318 παραπλήσιρν.
803 5241 969 5305 Τέλος
1021 5241 1079 5294 ἐν
1126 5237 1381 5311 εἰρωνείᾳ
1427 5236 1520 5290 τὸν
1545 5234 1705 5304 λόγον
1755 5235 1944 5288 ποιού-

369 5352 540 5405 μενοι,
582 5334 671 5400 Τί,
724 5331 932 5403 φασίν;
970 5332 1102 5403 ἡμῖν
1134 5331 1181 5383 εί
1213 5328 1488 5401 παρέσχες
1531 5328 1598 5380 τά
1636 5324 1764 5397 τρία
1792 5325 1946 5397 νομί-

365 5446 570 5498 σματα,
601 5428 703 5481 οὐκ
747 5427 966 5496 εἴχομεν
997 5425 1298 5496 παρασχεῖν
1343 5439 1427 5475 σοι
1462 5421 1566 5492 τὴν
1614 5421 1793 5488 ίασινς
1820 5420 1947 5484 τοὺς

364 5521 562 5582 αὐτοὺς
589 5519 780 5588 λόγους
810 5516 1249 5588 ἀπαραλλάκτως
1277 5513 1664 5585 φθεγξάμενοι,
1691 5506 1775 5575 οἷς
1808 5511 1946 5581 πρὸς

363 5610 529 5665 αὐτὸν
576 5613 605 5665 ό
639 5611 807 5675 καλὸς
855 5612 1065 5673 ἐκεῖνος
1121 5609 1403 5681 ίατρίσκος
1447 5607 1745 5679 ἐχρήσατο.
1795 5604 1944 5674 Πλὴν

364 5703 587 5770 ἄπελθε,
617 5704 861 5771 λέγουσι,
888 5702 983 5755 καὶ¹
1009 5702 1110 5756 ὅσα
1132 5700 1207 5772 τῷ
1239 5699 1409 5771 ξατρῷ
1432 5697 1839 5770 προσεκόμισας
1866 5696 1944 5768 τῷ

361 5795 614 5852 δεδωκότι
646 5814 725 5851 σοι
748 5795 849 5871 τὴν
879 5793 1171 5861 ἀντίδοτον,
1200 5793 1293 5847 καὶ
1322 5792 1396 5863 τῷ
1422 5793 1675 5864 ἡμετέρῳ
1699 5788 1942 5860 γαζοφυ-

2050 4584 2169 4639 Νοιι
2224 4585 2368 4640 enim
2412 4584 2560 4639 hunc
2614 4592 2827 4640 tantum
2860 4599 2889 4638 a
2922 4584 3196 4661 daemonio
3241 4586 3630 4655 liberaverant,

2050 4678 2146 4733 sed
2199 4684 2253 4732 et
2288 4678 2356 4730 ab
2410 4676 2704 4732 insanabili
2759 4678 3022 4748 languore
3061 4677 3334 4750 podagrae,
3375 4680 3632 4747 tnilleque

2050 4769 2176 4824 aliis
2205 4768 2563 4839 passionibus
2593 4782 2714 4838 qua
2758 4767 2978 4836 proprio
3019 4776 3245 4839 egerent
3293 4776 3628 4830 commento,

2049 4863 2097 4917 si
2150 4876 2247 4932 per
2298 4862 2547 4931 singulas
2596 4863 2889 4932 quisquam
2941 4861 3038 4915 llas
3081 4862 3243 4916 vellet
3290 4862 3627 4916 describere.

2049 4956 2181 5022 Qua:
2234 4961 2418 5011 omnla
2467 4955 2597 5011 boni
2642 4957 2883 5012 victores
2929 4956 2995 5011 ad
3026 4955 3146 5026 ejus
3181 4956 3501 5011 memoriam
3536 4969 3627 5008 re-

2048 5049 2334 5115 ducentes,
2382 5059 2437 5103 et
2474 5049 2917 5105 incredulitatem
2953 5049 3331 5119 comptissime
3360 5062 3630 5102 accusan-

2049 5148 2151 5205 tes,
2191 5148 2246 5195 et
2273 5140 2417 5209 quOd
2449 5139 2720 5194 bonorum
2756 5139 2923 5193 fuerit
2960 5138 3253 5193 immemor
3276 5150 3329 5192 et
3356 5137 3627 5208 ingratus,

2046 5240 2103 5287 et
2144 5232 2190 5288 si
2241 5231 2375 5302 quid
2431 5239 2515 5287 est
2543 5232 2667 5287 istis
2708 5230 2917 5299 simile;
2955 5238 3231 5301 postremo
3257 5244 3355 5299 per
3390 5228 3628 5282 ironiam

2049 5340 2359 5382 sermonem
2415 5324 2725 5379 facientes:
2773 5323 2965 5378 Nonne
3026 5325 3070 5379 si
3131 5322 3311 5388 nobis,
3349 5321 3628 5391 inquiunt,

2048 5428 2158 5474 tres
2205 5418 2330 5473 illos
2380 5431 2636 5471 nummos
2674 5415 2988 5479 tribuisses,
3037 5413 3362 5468 haberemus
3396 5411 3492 5466 tibi
3525 5409 3630 5467 tri-

2049 5512 2216 5568 buere
2249 5511 2578 5568 sanitatem?
2628 5510 2834 5565 eisdem
2872 5506 3292 5561 imniutabiliter
3336 5504 3516 5559 verbis
3546 5502 3629 5557 af-

2049 5603 2169 5670 fati,
2201 5604 2400 5674 quibus
2432 5604 2520 5658 illc
2555 5604 2731 5658 bonus
2765 5600 3068 5655 mediculus
3095 5614 3227 5653 usus
3255 5606 3360 5652 est.
3394 5594 3628 5651 Verum-

2051 5707 2229 5753 tamen
2260 5699 2415 5763 vade,
2460 5698 2673 5762 dicunt,
2718 5706 2771 5752 et
2801 5705 3067 5764 quotquot
3113 5693 3324 5747 lllCdlCO
3349 5693 3439 5761 qui
3479 5691 3629 5748 dedit

2049 5787 2145 5843 tibi
2174 5787 2479 5847 antidotum
2514 5787 2769 5855 attulisti,
2804 5792 2990 5842 nostro
3022 5785 3187 5841 ctiam
3229 5783 3627 5856 gazophylacio
