4060 6236
427 299 564 363 35ἷθ

1301 302 1362 361 S.
1398 301 1813 365 SOPHRONII
1848 307 2358 370 PATRIARCIIJE
2391 309 2800 370 HIEROSOL.

3535 306 3674 371 3580

423 411 578 476 affer,
632 423 684 465 et
743 425 841 464 nos
901 411 1082 480 potius
1136 411 1232 466 tibi
1284 414 1620 484 porrigimus
1679 419 1990 472 sanitatem.

2138 423 2269 492 ικίῳ
2305 422 2657 490 προσένεγκε,
2692 422 2786 474 καὶ
2813 421 2972 492 ἡμεῖς
3007 437 3089 474 σοι
3136 419 3333 490 μᾶλλον
3371 420 3468 490 τὴν
3513 421 3679 494 θερα-

423 507 610 576 ltaque
665 505 768 571 ipsi
817 518 941 557 cum
993 504 1104 557 lucc
1135 503 1428 568 dixissent,
1472 511 1844 562 recesserunt.
1901 509 1994 563 Ille

419 612 552 651 wro
587 595 826 649 velocius
871 609 1122 661 surgens,
1178 596 1284 648 tria
1321 595 1412 649 illa
1445 596 1602 650 olfcrt
1643 599 1994 661 nomismata,

425 699 479 743 et
532 688 612 740 sic
668 687 1098 740 incolumitatem
1142 687 1520 754 consequitur.
1571 687 1745 753 Quam
1797 705 1922 744 cum
1969 706 1998 744 a

427 780 635 833 sant-tis
669 778 990 844 accepisset,
1028 777 1258 831 ulterms
1293 793 1484 830 renum
1530 795 1873 848 nequaquam
1912 781 1996 834 in-

431 871 744 924 ﬁrmitatem
780 870 1063 923 sustinuit.
1099 867 1206 922 Nos
1255 881 1435 922 autem
1476 884 1788 923 sermonem
1820 872 1907 924 hic
1935 872 2002 925 de

427 965 522 1017 illo
550 971 1018 1024 consuntnmnles,
1075 971 1503 1030 sanctorumque
1547 961 1850 1017 claritatem
1884 965 2026 1034 διο--

427 1053 737 1118 rilicantes,
781 1053 846 1104 ad
897 1061 1104 1106 sanata:
1130 1053 1328 1122 lingua:
1365 1053 1606 1124 linguam
1639 1062 1884 1108 nostram
1916 1055 2004 1108 iu-

433 1143 671 1198 citemus
705 1143 1092 1199 narrationem.

430 1255 570 1314 XLI.
630 1257 708 1310 De
751 1273 912 1322 puero
948 1256 1142 1309 Manna
1187 1258 1276 1326 qui
1312 1258 1549 1318 linquant
1596 1268 1754 1313 extra-
1782 1275 1838 1312 os
1881 1273 2006 1326 peu-

995 1331 1200 1380 drutem
1223 1327 1468 1384 habebat.

503 1415 755 1472 Praesens
797 1419 895 1470 hoc
935 1418 1246 1488 prodigium
1292 1435 1414 1472 cum
1450 1420 1520 1473 sit
1566 1420 1710 1474 inter
1746 1420 2006 1474 miracula

435 1511 757 1572 niaximum,
799 1517 854 1564 et
885 1509 1066 1578 lingua
1110 1526 1329 1579 quoque
1360 1526 1498 1579 opus
1529 1512 1755 1578 haberet
1791 1511 2006 1579 majori,

439 1616 548 1654 non
593 1601 777 1656 carnis
831 1601 1202 1667 multitudine,
1239 1601 1335 1656 sed
1370 1603 1644 1671 loquentia
1693 1602 2009 1656 latitudine-

437 1707 544 1760 que
595 1706 952 1754 sermonum;
1002 1693 1202 1760 quibus
1237 1709 1338 1746 nos
1383 1710 1488 1746 non
1533 1693 1885 1748 mediocriter
1912 1694 2011 1748 de-

2104 514 2265 566 πείαν
2317 514 2602 583 δρέγομεν.
2663 514 2824 566 Αὐτοὶ
2885 513 2983 581 μὲν
3038 512 3134 566 οὖν
3202 512 3373 566 ταῦτα
3424 511 3682 580 λέξαντες

2101 604 2304 675 ᾤχοντο
2325 621 2339 634 ·
2375 607 2401 657 ὁ
2435 606 2490 657 δὲ
2525 605 2822 675 ταχύτερον
2852 605 3087 667 ἀναστὰς
3125 604 3194 657 τὰ
3223 606 3346 674 τρία
3381 606 3680 674 προσφέρει

2101 697 2432 766 νομίσματα,
2475 697 2568 747 καὶ
2595 694 2736 746 οὕτω
2766 696 2862 765 τὴν
2897 695 3063 764 ρῶσιν
3099 697 3408 765 κομίζεται·
3441 697 3507 766 ἣν
3544 695 3680 765 πρὸς

2103 787 2208 840 τῶν
2234 789 2404 854 ἁγίων
2438 787 2750 853 δεξάμενος,
2779 787 2963 838 οὐκέτι
2995 786 3102 838 τῶν
3131 787 3345 856 νεφρῶν
3367 788 3680 858 ἀρρωστίαν

2104 879 2416 948 ὑπέμεινεν.
2447 880 2636 946 Ἡμεῖς
2678 877 2734 929 δὲ
2769 877 2859 928 τὸν
2909 879 3034 948 περὶ
3061 878 3224 931 αὐτοῦ
3265 879 3420 945 λόγον
3447 881 3686 934 ἐνταῦθα

2106 970 2515 1038 πληρώσαντες,
2562 973 2791 1024 καὶτῶν
2837 972 3009 1038 ἁγίων
3053 973 3112 1024 τὸ
3140 973 3294 1034 κλέος
3332 973 3682 1038 δοξάσαντες,

2109 1063 2244 1130 πρὸς
2280 1063 2524 1132 ἱοιθείσης
2549 1063 2792 1134 γλώττης
2818 1063 3068 1132 διήγησιν
3099 1063 3196 1134 τὴν
3215 1066 3487 1133 ἡμετέραν
3511 1065 3685 1133 γλῶτ-

2107 1168 2207 1203 ταν
2235 1152 2568 1221 ὀτρύνωμεν.

2107 1261 2246 1318 I’IA'.
2269 1264 2403 1327 Περὶ
2429 1264 2532 1316 τοῦ
2557 1263 2796 1335 παιδίου
2821 1268 2878 1319 Μ
2881 1265 2997 1328 ηνίῖ
3014 1265 3119 1318 τοῦ
3139 1265 3255 1328 ἔξω
3281 1265 3396 1329 τὴν
3413 1243 3713 1335 γλῶτται·-

2325 1334 2705 1401 κρεμαμένην·
2739 1336 2846 1388 τοῦ
2876 1339 3166 1403 στόματος
3200 1334 3470 1403 ἔχοντος.

2182 1425 2256 1476 Τὸ
2311 1425 2485 1495 παρὸν
2531 1425 2690 1477 τοῦτο
2735 1427 3018 1494 τεράστιον
3065 1427 3321 1496 μέγιστον
3374 1427 3432 1480 ὃν
3460 1430 3518 1480 ἐν
3574 1432 3688 1492 τοῖς

2113 1516 2376 1585 θαύμασι,
2427 1518 2520 1568 καὶ
2560 1516 2806 1586 γλώττης
2856 1519 3033 1571 ἐδέετο
3068 1519 3334 1587 μείζονος,
3387 1520 3448 1572 οὐ
3494 1519 3688 1590 πλήθει

2115 1605 2317 1674 σαρκὸς
2347 1605 2579 1675 ἐχούσης
2612 1606 2862 1674 μέγεθος,
2897 1606 3012 1659 ἀλλ’
3045 1607 3262 1677 εὐποιία
3291 1609 3383 1660 καὶ
3409 1607 3582 1676 λόγων
3603 1609 3690 1660 εὑ-

2117 1696 2330 1767 ρύτητι,
2360 1689 2434 1750 ὧν
2462 1698 2624 1766 ἡμεῖς
2654 1697 2715 1748 οὑ
2754 1697 2989 1766 μετρίως
3021 1698 3348 1767 χηρεύομεν,
3386 1696 3462 1761 ὡς
3491 1699 3556 1751 ὲκ
3583 1698 3691 1750 τῶν

440 1783 737 1844 stituimur,
759 1783 1217 1849 quemadmodum
1263 1800 1327 1838 ex
1359 1787 1442 1838 his
1472 1801 1593 1852 quae
1617 1793 2016 1854 prasccsserunt

2127 1782 2499 1856 προλαϐόντων
2531 1787 2848 1856 δεδήλωται.
2875 1787 3094 1857 Ἐπειδὴ
3114 1788 3170 1840 δὲ
3201 1789 3295 1841 καὶ
3324 1787 3481 1841 τοῦτο
3513 1789 3693 1856 λέγειν

439 1877 602 1929 datur
641 1875 896 1943 intelligi.
942 1875 1078 1940 Quia
1117 1892 1244 1930 vero
1287 1887 1342 1930 et
1379 1878 1483 1930 hoc
1519 1893 1620 1932 nos
1651 1878 1836 1932 dicere
1867 1894 2018 1931 mar-

441 1975 589 2034 tyres
615 1964 1021 2031 judicaverunt,
1059 1965 1306 2020 dit-emus
1333 1974 1385 2019 et
1418 1967 1622 2034 ipsum,
1655 1967 1798 2020 sicut
1833 1965 2022 2019 dicere

443 2055 542 2122 ipsi
587 2056 950 2122 porrexerint.
991 2055 1185 2108 Mulier
1216 2067 1341 2108 ante
1383 2072 1490 2110 non
1526 2057 1758 2109 n'inltum
1803 2063 2022 2124 tempo-

444 2149 519 2202 ris
551 2148 616 2200 ad
658 2156 974 2201 sanctorum
1013 2148 1162 2200 venit
1205 2149 1510 2213 basilicam,
1559 2148 1728 2203 Maria
1771 2148 2022 2213 nomine,

440 2255 506 2294 ex
551 2237 771 2310 Egypti
824 2238 1098 2310 Babylone
1147 2241 1402 2304 oriunda,
1435 2250 1489 2294 et
1526 2257 1756 2310 puerum
1812 2241 2022 2298 habens

441 2330 596 2398 quasi
624 2343 897 2382 annorum
929 2329 1049 2395 plus
1085 2329 1267 2383 minus
1300 2337 1447 2393 octo,
1498 2339 1553 2383 et
1583 2330 1727 2384 hunc
1769 2329 2022 2386 Hennam

443 2421 772 2490 appellabat,
807 2419 874 2474 ad
923 2420 1189 2474 honorem
1237 2421 1447 2476 scilicet
1495 2421 1755 2492 martyris
1785 2421 1857 2475 ita
1889 2437 2022 2492 pue-

443 2529 563 2567 ΙΊΙΙΙΙ
596 2529 825 2568 vocans.

516 2605 741 2661 Menoas
786 2621 918 2674 ergo
966 2619 1105 2675 puer
1135 2605 1380 2674 linguam
1415 2604 1649 2660 habebat
1681 2605 1924 2660 exterius
1953 2609 2022 2661 ab

443 2713 538 2752 ore
563 2695 911 2766 pendentem,
971 2696 1454 2766 humanarumque
1509 2697 1838 2766 linguarum,
1895 2712 2022 2766 spe-

443 2790 528 2845 cie
571 2790 800 2844 multum
853 2798 908 2844 et
960 2789 1340 2859 magnitudine
1399 2788 1773 2855 dilferentem;
1844 2789 2024 2858 palmo

443 2882 588 2937 enim
643 2892 798 2936 extra
853 2883 996 2936 labia
1044 2881 1447 2951 porrigebatur,
1499 2889 1554 2935 et
1598 2890 1765 2957 totam
1802 2881 2024 2936 barbam

443 2983 498 3031 ct
542 2984 728 3044 guttur
774 2975 1076 3044 operiebat,
1116 2981 1170 3028 et
1215 2975 1390 3028 instar
1443 2973 1537 3026 alti
1573 2981 1628 3028 et
1673 2975 1833 3042 pilusi
1867 2989 2026 3044 supe-

444 3067 610 3120 rioris
657 3066 785 3120 lahii
835 3065 999 3130 facta,
1057 3065 1300 3119 colorem
1351 3064 1578 3118 rubrum
1619 3080 1744 3118 cum
1786 3064 2022 3134 quodam

447 3168 587 3223 atro,
633 3158 842 3212 alterna
895 3157 1015 3212 vice
1061 3165 1410 3212 commutans
1459 3156 1869 3225 purpurizabat.
1919 3155 2024 3210 Ex-

449 3259 698 3303 traneum
758 3257 812 3302 ct
867 3249 1033 3303 nimis
1084 3247 1330 3303 deforme
1393 3250 1768 3318 speetaculum
1824 3251 2023 3318 posita,

449 3351 790 3410 cunctosque
833 3355 1063 3395 monens
1111 3341 1204 3410 qui
1255 3341 1516 3396 vidi-bant
1556 3342 1622 3394 ad
1657 3342 1907 3398 nausiam
1953 3341 2030 3396 si-

451 3432 561 3484 mul
611 3440 666 3484 et
702 3430 1161 3499 compassionem,
1208 3441 1370 3500 atque
1405 3431 1804 3486 intolerabilem
1857 3431 2032 3485 vomi-

449 3533 600 3590 tum;
643 3538 861 3593 semper
892 3526 1036 3578 euim
1088 3522 1259 3579 fontis
1312 3539 1463 3578 more
1496 3526 1702 3579 salivas
1731 3525 2025 3590 distillans,

448 3625 502 3671 et
545 3627 764 3686 sputum
807 3615 1011 3686 jugiter
1066 3614 1324 3679 fundens,
1386 3617 1771 3670 vestimentum
1817 3617 2030 3686 rigabat

448 3717 502 3762 ct
552 3719 770 3777 pet-tus,
817 3717 872 3762 ct
905 3708 1032 3761 huic
1087 3723 1152 3761 ex
1197 3709 1418 3778 propria
1478 3709 1897 3778 impertiebatur
1945 3707 2032 3762 ni-

449 3801 696 3868 gredine,
721 3801 1246 3856 communicatorem
1282 3819 1404 3855 cum
1436 3803 1640 3856 coloris
1665 3802 1925 3868 emciens;
1957 3802 2030 3856 ita

453 3901 514 3946 ut
552 3893 677 3946 hinc
716 3893 871 3946 multi
917 3908 1015 3946 nec
1061 3893 1248 3948 videre
1291 3895 1581 3962 puerulum
1641 3903 1880 3963 possent.
1933 3894 2028 3947 sed

447 3998 503 4043 et
529 3989 572 4042 si
606 4001 899 4041 accurrere
948 3987 1294 4055 contigisset,
1323 3988 1405 4041 sui
1441 3987 1722 4056 operirent
1777 3989 2030 4057 corporis

453 4080 667 4141 Oculus,
697 4087 750 4130 et
792 4077 965 4131 facies
1000 4092 1131 4131 suas
1159 4085 1572 4139 converterent,
1610 4093 1677 4130 ne
1706 4088 1902 4145 prmtcr
1936 4091 2033 4130 vo-

448 4167 716 4224 luntatem
745 4169 865 4223 viso
893 4169 1010 4234 illo,
1043 4176 1240 4237 printer
1266 4171 1604 4223 voluntatem
1633 4183 1892 4238 peth'l‘St)
1914 4178 2030 4222 sto-

451 4262 646 4315 macho
675 4260 1035 4314 vomuissent.
1072 4257 1227 4312 Multi
1273 4267 1456 4312 autem
1496 4275 1559 4312 ex
1594 4258 1680 4312 bis
1720 4257 1812 4326 qui
1848 4257 2031 4316 videre

453 4353 600 4408 hunc
640 4353 834 4408 saltem
885 4351 952 4406 ad
1000 4352 1278 4407 modicum
1331 4359 1608 4420 poterant,
1644 4365 1770 4405 cum
1813 4351 2032 4420 aspice-

2118 1881 2263 1950 ὴμᾶς
2303 1880 2353 1931 οἱ
2405 1880 2681 1950 μάρτυρες
2730 1879 2971 1950 ἔκριναν,
3017 1879 3258 1950 λέξωμεν
3301 1881 3394 1933 καὶ
3427 1881 3578 1943 αὐτὸ,
3619 1880 3696 1942 ώς

2118 1967 2274 2018 αὐτοὶ
2318 1967 2374 2019 τὸ
2414 1969 2590 2034 λέγειν
2630 1967 2892 2036 ὀρέξωσιν
2917 1984 2930 2000 ·
2976 1967 3200 2022 Γύναιον
3247 1970 3308 2022 οὐ
3343 1969 3450 2040 πρὸ
3495 1969 3695 2024 πολλοῦ

2118 2059 2565 2128 καιροῦτδννεὼν
2591 2059 2700 2112 τῶν
2729 2061 2900 2126 ἁγίων
2917 2061 3234 2131 κατείληφε·
3262 2062 3450 2131 Μαρία
3471 2063 3566 2131 μὲν
3579 2061 3700 2114 τοῦ·

2120 2169 2279 2220 νομα,
2313 2155 2410 2218 τῆς
2454 2151 2731 2220 Αἰγύπτου
2771 2153 2826 2206 δὲ
2861 2153 3180 2217 Βαϐυλῶνος
3223 2150 3574 2222 ὁρμώμενον·
3600 2153 3700 2205 καὶ

2125 2244 2408 2311 μειράκιον
2459 2243 2660 2312 ἔχουσα
2694 2245 2826 2296 ἐτῶν
2856 2245 3000 2298 ὀκτὼ
3036 2246 3218 2298 πλεῖον
3258 2247 3289 2316 ἢ
3320 2245 3560 2310 ἔλαττον,
3599 2245 3696 2298 καὶ

2119 2330 2307 2384 τοῦτον
2337 2334 2530 2402 Μηνᾶν
2559 2335 2952 2403 προσηγόρευε,
2976 2335 3112 2404 πρὸς
3139 2337 3303 2407 τιμὴν
3325 2335 3566 2406 δηλονότι
3600 2335 3698 2389 τοῦ

2125 2424 2400 2494 μάρτυρος
2435 2423 2577 2478 οὕτω
2608 2425 2670 2478 τὸ
2701 2426 2911 2480 παιδίον
2939 2429 3242 2482 καλέσασα.

2196 2604 2391 2673 Μηνᾶς
2436 2598 2528 2657 οὖν
2572 2603 2636 2656 τὸ
2670 2606 2955 2675 μειράκιον
2999 2604 3099 2675 τὴν
3137 2603 3385 2672 γλῶτταν
3423 2598 3569 2674 εἶχεν
3597 2603 3724 2668 Eii.»

2125 2695 2482 2767 κρεμαμένην
2527 2695 2622 2748 τοῦ
2681 2695 2970 2765 στόματος,
3011 2696 3139 2748 εῖδει
3194 2695 3287 2748 καὶ
3335 2694 3552 2766 μεγέθει
3589 2693 3702 2748 τῶν

2125 2787 2480 2858 ἀνθρωπίνων
2509 2787 2762 2863 incertior;
2790 2787 2924 2840 πολὺ
2955 2787 3316 2856 διαφέρουσαν
3339 2804 3354 2818 ·
3381 2787 3476 2840 ἐπὶ
3506 2787 3703 2840 σπιθα-

2131 2881 2240 2950 μὴν
2272 2881 2381 2950 γὰρ
2415 2880 2544 2949 μίαν
2576 2879 2680 2946 ἔξω
2707 2881 2926 2949 χειλέων
2966 2878 3224 2949 αἰιῦρητο.
3253 2878 3350 2932 καὶ
3396 2879 3573 2932 πάντα
3611 2880 3706 2932 τὸν

2131 2973 2369 3040 πώγωνα
2420 2972 2514 3025 καὶ
2559 2971 2650 3024 τὸν
2693 2971 2972 3042 γάργαρον
3024 2972 3245 3034 ἔσκεπε,
3287 2972 3500 3042 ὑπήνης
3549 2971 3706 3042 δίκην

2133 3064 2355 3134 βαθείας
2381 3063 2701 3134 ὑπάρχουσα
2721 3079 2733 3090 ·
2765 3064 2822 3115 τὸ
2854 3064 2908 3115 δὲ
2933 3062 3132 3134 χρῶμα
3161 3063 3224 3116 τὸ
3253 3063 3482 3134 ἐρυθρὸν
3509 3063 3701 3134 μεταλ-

2131 3157 2360 3221 λάξασα,
2412 3159 2548 3226 μετὰ
2600 3154 2907 3225 μελὰνςεώς
2949 3173 3092 3220 τινος
3142 3157 3506 3228 ὲπορφύριζε,
3559 3155 3708 3220 ξένον

2130 3238 2470 3317 πρδκειμένη
2518 3251 2611 3300 καὶ
2664 3249 3070 3303 δυσειδὲστατον
3105 3249 3304 3318 θέαμα,
3353 3252 3446 3302 καὶ
3498 3250 3708 3314 πάντας

2130 3339 2356 3392 κινοῦσα
2383 3341 2506 3404 τοὺς
2539 3341 2834 3411 βλέποντας
2871 3343 3006 3412 πρὸς
3031 3343 3255 3396 ναυτίαν
3277 3341 3414 3412 ὁμοῦ
3448 3343 3540 3396 καὶ
3573 3359 3710 3410 συμο

2131 3431 2361 3484 πάθειαν
2395 3434 2488 3485 καὶ
2515 3433 2648 3500 πρὸς
2671 3433 2942 3504 ἀφόρητον
2971 3433 3184 3501 ἔμετον.
3205 3433 3320 3486 Ἀεὶ
3353 3433 3462 3503 γὰρ
3494 3432 3710 3497 λιϐάδος

2129 3525 2287 3596 δίκην
2329 3527 2440 3588 τοῖς
2480 3524 2686 3588 σιάλοις
2733 3527 3172 3591 καταστὰζουσα,
3222 3527 3314 3580 καὶ
3349 3526 3442 3578 τδν
3483 3525 3712 3579 πτυελὸν

2130 3617 2370 3680 ἀεννάως
2426 3619 2736 3689 προχέουσα
2781 3618 2840 3672 τό
2893 3619 2940 3671 θ’
2998 3620 3210 3688 ἱμάτιον
3269 3617 3460 3689 ἔερεχε
3497 3621 3591 3670 καὶ
3621 3616 3712 3671 τὸν

2132 3708 2376 3777 θώρακα,
2410 3709 2505 3762 καὶ
2531 3707 2689 3762 τοῦτο
2711 3709 2808 3779 τῆς
2829 3709 3036 3774 οἰκείας
3067 3711 3344 3780 μετεδίδου
3378 3709 3710 3779 μελάνσεως,

2133 3801 2386 3854 κοινωνὸν
2421 3800 2552 3854 αὐτὸ
2577 3801 2878 3870 ποιουμένη
2905 3801 2993 3854 τοῦ
3022 3801 3312 3872 χρώματος
3335 3817 3348 3830 ·
3376 3801 3451 3864 ὡς
3486 3801 3714 3864 πολλοὺς

2137 3893 2234 3963 μὲν
2263 3893 2515 3946 ἐντεῦθεν
2553 3894 2688 3962 μηδὲ
2714 3894 2843 3965 ὁρᾷν
2868 3893 2927 3946 τὸ
2956 3894 3169 3946 παιδίον
3199 3891 3456 3946 δύνασθαι
3484 3911 3496 3923 ·
3524 3893 3637 3946 ἀλλ’
3665 3895 3714 3946 εί

2133 3985 2226 4037 καὶ
2263 3984 2460 4056 συνέϐη
2490 3985 2748 4054 γενέσθαι
2789 3989 3130 4056 συνάντησιν,
3169 3985 3392 4038 σκέπειν
3419 3986 3616 4048 αὐτοὺς
3643 3985 3714 4038 τὰ

2133 4077 2225 4130 τοῦ
2257 4078 2511 4147 σώματος
2553 4079 2800 4149 ὄμματα,
2851 4079 2943 4133 καὶ
2987 4079 3245 4150 στρέφειν
3271 4077 3452 4132 αὐτῶν
3487 4080 3566 4140 εἰς
3591 4079 3715 4132 τού-

2135 4167 2278 4220 πίσω
2301 4167 2370 4220 τὰ
2398 4169 2682 4239 πρόσωπα,
2713 4169 2801 4222 ἵνα
2826 4170 2901 4239 μὴ
2939 4169 3092 4239 παρὰ
3133 4168 3362 4239 γνώμην
3390 4167 3478 4220 τδν
3507 4168 3714 4236 στόμα·-

2133 4277 2228 4329 χον
2269 4260 2698 4330 διαστραφέντες
2737 4262 3043 4330 ἐμέσωσιν·
3076 4261 3307 4319 πολλοὺς
3353 4261 3407 4314 δὲ
3437 4262 3562 4324 τοὺς
3589 4261 3714 4332 βλέ-

2134 4369 2259 4404 πειν
2301 4352 2434 4405 αὐτὸ
2464 4354 2556 4406 καὶ
2605 4353 2738 4424 πρδς
2774 4352 2946 4423 βραχῦ
2975 4351 3106 4420 γοῦν
3153 4352 3461 4423 ἰσχύοντας,
3513 4354 3575 4406 τὸ
3619 4354 3714 4407 τοῦ

452 4459 576 4501 rent
625 4445 1054 4514 magnitudinem
1093 4446 1394 4515 passionis,
1448 4460 1641 4502 vocem
1708 4461 1874 4516 super
1925 4445 2022 4500 hoc

2139 4442 2342 4518 πάθους
2368 4443 2669 4514 ὲνορῶντας
2689 4442 3018 4513 ὑπέρογκον,
3050 4442 3149 4512 τὴν
3173 4444 3323 4513 παρὰ
3348 4443 3441 4494 τοῦ
3463 4443 3716 4513 Σωτῆρος

377 4539 386 4550 ’
450 4538 793 4602 emittebant,
833 4554 957 4608 qua:
989 4552 1017 4590 a
1045 4537 1331 4592 Salvatore
1369 4553 1535 4608 super
1567 4537 1848 4606 proditore
1886 4535 2029 4589 dicta

451 4629 954 4698 cm,hujusecmodi
979 4629 1247 4696 clamans,
1273 4629 1401 4700 quia
1427 4629 1627 4685 bonum
1647 4641 1766 4684 erat
1789 4629 1837 4682 ei
1862 4629 1905 4683 si
1934 4644 2033 4682 na-

451 4731 542 4775 tus
573 4737 680 4774 non
720 4722 915 4776 fuisset
961 4722 1124 4775 homo
1156 4723 1282 4779 iste.
1327 4721 1560 4790 Quidam
1601 4732 1782 4776 autem
1825 4722 1953 4776 huic
1981 4733 2034 4775 et

454 4813 934 4883 interrogationem
981 4814 1281 4882 addebant,
1329 4831 1450 4886 quae
1500 4815 1568 4870 de
1614 4830 1758 4870 caeco
1799 4823 1930 4869 nato
1965 4815 2034 4869 ab

445 4905 738 4974 apostolis,
777 4905 914 4960 facta
949 4915 1031 4960 est
1063 4922 1078 4960 :
1120 4907 1278 4973 Quis,
1323 4916 1508 4978 putas,
1533 4907 1806 4977 peccavit,
1848 4907 1937 4964 hic
1963 4922 2032 4962 an

448 5009 704 5071 parentes
731 4998 872 5070 cjtls,
906 5010 963 5054 ut
987 5001 1068 5054 sic
1098 5016 1278 5057 cazcus
1315 5001 1676 5056 nasceretur?

521 5093 587 5150 Et
617 5094 721 5148 nisi
749 5094 894 5150 filius
924 5110 1105 5151 czecns
1127 5103 1297 5161 esset,
1323 5112 1432 5150 non
1478 5097 1559 5152 sic
1591 5105 1838 5151 materna
1903 5110 2034 5164 pro-

447 5183 642 5240 diissct
675 5202 741 5241 ex
781 5187 960 5241 vulva.
991 5185 1095 5241 Sed
1125 5195 1290 5242 noctu
1316 5203 1442 5242 cum
1485 5189 1778 5249 dormiret,
1809 5187 2024 5242 diemon

448 5277 675 5346 quidam
722 5279 924 5334 noxius
957 5279 1129 5333 multa
1161 5277 1308 5334 circa
1357 5279 1608 5334 homines
1651 5281 1922 5348 languens
1951 5279 2036 5333 in-

445 5370 622 5435 vidia,
680 5386 804 5425 cum
863 5372 1028 5441 hujus
1105 5371 1347 5442 linguam
1418 5371 1953 5440 comprehendisset,
2005 5389 2031 5422 a

445 5461 678 5532 propria
711 5463 1047 5519 habitatione
1094 5463 1390 5528 abstraxit,
1425 5473 1480 5516 et
1511 5465 1891 5533 perstringens
1915 5463 2036 5518 sine

447 5551 720 5618 parcitate
771 5553 864 5608 ille
919 5553 1282 5620 fmilissimus,
1339 5553 1603 5621 toajorem
1655 5555 1795 5610 hanc
1859 5553 2034 5624 plagis

449 5650 708 5709 cperatus
737 5650 843 5706 est,
876 5643 1122 5716 forisque
1156 5646 1395 5718 pendere
1447 5654 1503 5701 et
1533 5661 1640 5701 non
1685 5646 1930 5716 separari
1969 5647 2037 5699 ab

453 5728 809 5791 interioribus
847 5735 996 5793 fecit.
1031 5736 1150 5794 Non
1189 5738 1369 5795 solum
1399 5739 1546 5794 enim
1581 5754 1746 5806 super
1783 5753 1904 5791 eum
1937 5736 2034 5790 de-

2135 4534 2230 4586 ἑπὶ
2259 4533 2336 4604 τῷ
2395 4532 2634 4604 προδότῃ
2663 4531 2948 4601 λεχθεῖσαν
2980 4531 3200 4598 ἀφιέναι
3249 4531 3454 4600 φωνὴν,
3505 4531 3598 4583 καὶ
3624 4531 3717 4582 ἐπὶ

2132 4627 2294 4680 τοῦτο
2329 4627 2477 4696 βοᾷν,
2513 4626 2594 4678 δτι
2619 4623 2783 4678 καλὸν
2806 4619 2874 4694 ἧν
2905 4625 3056 4695 αὐτῷ
3091 4625 3140 4676 εἰ
3165 4624 3265 4677 οὐκ
3290 4622 3551 4693 ἐγεννήθη
3582 4625 3607 4674 ὁ
3631 4624 3718 4676 ἄν·

2136 4720 2351 4790 θρωπος
2379 4721 2613 4782 ἐκεῖνος·
2647 4717 2798 4780 τινὰς
2831 4717 2887 4770 δὲ
2915 4717 3088 4787 ταύτῃ
3122 4715 3466 4788 προστιθέναι
3495 4716 3587 4767 καὶ
3619 4715 3718 4783 τὴν

2139 4813 2267 4882 περὶ
2294 4811 2384 4863 τοῦ
2417 4809 2621 4880 τυφλοῦ
2653 4809 3008 4878 γεννηθέντος
3043 4807 3408 4878 ἁποστολικὴν
3435 4806 3720 4878 ἐπερώτη-

2139 4921 2242 4962 σιν,
2274 4902 2362 4955 τό·
2397 4903 2492 4964 Τίς
2523 4903 2632 4972 ἆρα
2661 4901 2935 4972 ἥμαρτεν,
2967 4895 3122 4964 οὗτος
3165 4901 3197 4970 ἦ
3241 4901 3289 4954 οἱ
3317 4902 3494 4970 γονεῖς
3524 4897 3715 4965 αὐτοῦ,

2137 4997 2204 5050 ἵν’
2234 4994 2406 5056 οὕτως
2433 4995 2657 5064 γένηται
2679 5010 2694 5059 ;

2209 5089 2317 5141 Καὶ
2341 5089 2388 5140 εί
2423 5089 2498 5158 μὴ
2530 5087 2592 5140 τὸ
2633 5086 2843 5140 παιδίον
2881 5086 3080 5155 τυφλὸν
3121 5086 3438 5156 ἐτύγχανεν,
3484 5085 3607 5157 μηδ’
3627 5085 3720 5140 οὔ·

2136 5199 2243 5244 τως
2276 5179 2534 5252 μητρῴας
2550 5176 2740 5248 νηδύος
2760 5177 3032 5248 ἐξέθορεν·
3059 5177 3148 5230 ἀλ)
3165 5179 3196 5231 ὰ
3227 5178 3420 5241 νυκτὸς
3441 5178 3516 5238 ὼς
3547 5178 3719 5232 ὲκάθ-

2137 5275 2332 5340 ευδεν,
2403 5271 2612 5342 δαίμων
2682 5289 2764 5334 τις
2853 5271 3130 5342 ἁλιτήριος
3201 5270 3334 5324 πολὺ
3423 5270 3594 5324 νοσῶν
3657 5272 3720 5326 τὸ

2141 5363 2550 5435 μισάνθρωπον,
2581 5365 2676 5432 τῆς
2722 5361 2912 5416 τούτου
2943 5360 3188 5431 γλώττης
3233 5359 3572 5430 δραξάμενος
3614 5359 3718 5428 τῆς

2138 5457 2344 5519 οἰκείας
2389 5455 2573 5519 ἑστίας
2620 5453 2958 5516 ἐξέσπασεν·
3011 5454 3102 5506 καὶ
3148 5452 3355 5522 πλήξας
3404 5451 3640 5520 ἀφειδῶς
3690 5453 3718 5503 ὁ

2142 5550 2486 5621 παμμίαρος,
2518 5548 2607 5600 καὶ
2641 5547 2863 5617 μείζονα
2897 5545 3101 5617 ταύτην
3129 5548 3248 5608 ταῖς
3277 5543 3512 5613 πληγαῖς
3555 5546 3724 5614 ἐργα-

2143 5646 2401 5714 σάμενος,
2426 5640 2530 5704 ἔξω
2559 5638 2872 5709 κρέμασθαι
2896 5638 2990 5691 καὶ
3017 5637 3091 5708 μὴ
3117 5636 3415 5707 χωρεῖσθαι
3439 5638 3547 5700 τοῖς
3574 5635 3723 5687 ἔνδον

2145 5735 2521 5806 πεποίηκε(ὶῦ
2549 5733 2704 5802 μόνον
2729 5733 2834 5802 γὰρ
2861 5729 3009 5801 αὐτῷ
3030 5731 3089 5784 τὸ
3106 5730 3338 5793 δυσειδὲς
3362 5728 3708 5798 ἐπεφαίνετο,
