4060 6236
361 260 498 327 3581

1397 272 1502 332 SS.
1543 273 1720 336 CYRI
1768 276 1864 336 ET
1903 277 2227 339 JOANNIS
2256 279 2672 342 MlRAiIULA.

3504 286 3646 350 3582

359 371 642 468 ἀλλὰῌκαὶ
656 371 736 468 *τὸ
768 373 867 444 τῆς
899 374 1044 446 ζωῆς
1080 377 1234 448 ἤνθει
1273 380 1372 450 τῆς
1421 383 1703 456 παρούσης
1740 386 1937 439 ἐπώδυ-

2063 388 2316 447 formi'tas
2365 393 2685 462 apparebat,
2741 391 2840 448 sed
2890 399 2946 448 et
2985 391 3145 447 dolor
3185 393 3312 448 vitae
3359 400 3645 468 prae-rutis

361 480 470 519 νον.
497 463 722 534 Τροφῆς
751 465 850 536 μὲν
883 467 991 538 γὰρ
1018 471 1246 541 στερεᾶς
1274 475 1544 539 παντοίως
1565 477 1846 548 ἐστέρητο,
1871 479 1946 550 μὴ

258 622 265 627 Ι
360 557 680 629 δυναμένων
708 557 791 614 ἔτι
825 561 936 614 τῶν
964 563 1192 617 ὀδόντων
1231 565 1434 636 ταύτην
1485 567 1714 622 λεαίνειν
1758 571 1948 642 ὥσπερ

365 649 672 716 εἰώθεισαν,
700 652 790 706 διὰ
821 653 920 726 τὴν
951 656 1049 726 τῆς
1091 657 1338 728 γλώττης
1383 659 1576 732 ἐξοχὴν
1608 663 1702 716 καὶ
1736 664 1950 734 παραύ-

363 742 540 813 ξησιν,
570 745 745 815 ὑγρᾶς
773 747 829 800 δὲ
869 747 1022 817 μόλις
1041 752 1136 803 καὶ
1168 750 1398 822 ροὠδους
1420 753 1641 821 ὲγεύετο
1667 755 1943 827 βρώσεως,

367 841 580 910 μηχανῇ
611 857 718 892 τινι
749 843 850 912 τῆς
878 843 1084 912 μητρὸς
1112 845 1210 913 τὴν
1242 843 1490 912 γλῶτταν
1519 849 1830 920 είργούσης,
1855 854 1944 904 καὶ

363 931 566 1002 ταύτην
607 933 904 1005 ἐγχεούσης
922 935 998 1006 τῷ
1029 937 1278 1007 στόματι.
1309 940 1418 993 Καὶ
1447 941 1604 994 τοῦτο
1633 943 1730 1011 μὲν
1760 940 1826 1014 ἦν
1847 943 1941 998 τοῦ

367 1023 550 1087 παιδὸς
572 1025 632 1078 τὸ
659 1027 1064 1098 άρῤό›στημα,ὃ
1090 1031 1302 1100 μηδεὶς,
1319 1033 1395 1096 ὡς
1413 1030 1589 1104 οἶμαι,
1609 1035 1720 1089 τῶν
1737 1036 1832 1089 ἀνθ
1840 1037 1945 1108 ρώ-

366 1133 483 1170 πων
532 1118 844 1187 ὑπέμεινεν,
885 1122 1020 1191 μηδὲ
1067 1123 1330 1188 παθόντος
1381 1125 1541 1180 ἄλλου
1574 1127 1852 1195 τεθέαται,
1896 1131 1945 1183 εί

367 1211 466 1266 καὶ,
488 1210 556 1263 τὰ
586 1211 822 1280 μάλιστα
853 1213 1020 1284 μηδὲν
1048 1215 1152 1268 ὑπὸ
1191 1215 1281 1268 τὸν
1316 1217 1468 1287 ἥλιον
1500 1213 1638 1270 εἶναι
1667 1220 1853 1272 καινόν
1885 1237 1946 1274 τε

366 1301 460 1354 καὶ
485 1303 793 1371 πρόσφατον
816 1303 844 1356 ὁ
875 1297 1036 1374 σοφδς
1074 1307 1506 1382 Ἐκκλησιαστὴς
1529 1310 1872 1381 ἀπεφήνατο.

439 1480 628 1534 Πολλοὶ
657 1479 787 1550 γοῦν
817 1483 1008 1545 παῖδες
1049 1485 1182 1536 αὐτὸ
1213 1483 1322 1536 τῶν
1371 1483 1574 1552 ἰατρῶν
1623 1483 1944 1548 ἐθεάσαντο,

361 1572 457 1625 καὶ
488 1572 693 1625 τούτων
729 1573 838 1626 ίδον
872 1574 921 1626 οἱ
952 1573 1303 1646 προῦχοντες,
1331 1577 1428 1629 καὶ
1475 1575 1612 1647 πρὸς
1661 1575 1722 1628 τὸ
1772 1575 1945 1638 πάθος

371 1664 534 1728 εὐθὺς
566 1665 1017 1736 ἐκπληττόμενοι,
1055 1669 1277 1736 μονονοὺ
1311 1669 1512 1732 πάντες
1532 1668 1629 1732 τὰς
1659 1669 1810 1736 Mat;
1847 1666 1942 1720 τύ·

2061 479 2288 534 llorebat
2320 495 2334 531 :
2371 480 2550 535 solido
2600 481 2806 550 quippe
2840 481 2966 534 cibo
3001 495 3227 547 prorsus
3254 483 3498 549 cate—bat,
3532 499 3642 540 non

2051 570 2370 624 vaientibus
2419 569 2568 624 hunc
2611 571 2726 624 ullo
2775 570 2939 624 modo
2990 571 3248 626 dentibus
3300 589 3452 627 more
3480 575 3644 631 solito

2057 659 2461 724 comminuere,
2503 669 2726 728 propter
2768 659 2968 725 linguae
3016 661 3543 728 superemincutiam
3586 671 3642 716 et

2049 751 2360 821 improbum
2411 751 2832 805 incrementum.
2882 750 3170 805 llumidam
3209 768 3338 806 vero
3369 762 3422 806 et
3455 755 3634 808 sorbi-

2047 843 2154 898 lem
2200 841 2582 896 tantummodo
2633 842 2888 911 gustabat
2947 858 3152 906 escam,
3219 843 3442 912 ingenio
3494 861 3634 913 quo-

2050 937 2174 990 dam
2224 943 2397 989 matre
2443 934 2683 1002 linguam
2739 915 2984 1000 arcente,
3043 941 3096 988 et
3132 951 3312 988 escam
3369 937 3540 1004 ipsam
3581 937 3635 990 in

2050 1044 2113 1083 os
2143 1027 2478 1082 eﬂ‘undcnte.
2524 1029 2590 1079 Et
2622 1028 2710 1080 hic
2749 1029 2966 1096 quidem
3017 1027 3169 1096 pueri
3218 1028 3448 1098 languor
3497 1039 3634 1090 crat,

2045 1137 2206 1190 quem
2240 1121 2446 1186 nullus,
2472 1129 2529 1174 ut
2557 1136 2704 1186 reor,
2742 1120 3026 1174 hominum
3074 1121 3362 1183 sustinuit,
3399 1121 3494 1174 sed
3529 1133 3631 1173 nec

2049 1211 2158 1279 pati
2207 1209 2374 1262 alium
2417 1209 2822 1276 contemplatus
2871 1215 2976 1272 est,
3026 1209 3283 1277 quamvis
3345 1208 3480 1260 nihil
3528 1206 3634 1262 sub

2047 1300 2167 1354 sole
2202 1316 2404 1354 novum
2447 1317 2570 1356 esse
2617 1301 2704 1356 vel
2736 1315 2955 1366 recens,
2991 1298 3359 1354 Ecclesiastes
3407 1301 3630 1370 sapiens

2049 1390 2412 1455 perhibuerit.

2117 1477 2268 1530 Multi
2299 1480 2461 1548 igitur
2495 1478 2642 1532 hunc
2667 1477 2924 1548 discipuli
2977 1476 3310 1532 medicorum
3355 1477 3632 1541 viderunt,

2045 1577 2099 1626 et
2128 1572 2320 1625 horum
2349 1571 2529 1625 intuiti
2565 1581 2692 1625 sunt
2713 1579 3100 1641 praeceptores,
3134 1581 3187 1625 et
3215 1586 3312 1640 pro
3335 1577 3479 1623 tanta
3507 1585 3634 1640 pas-

2048 1661 2203 1716 sione
2247 1661 2538 1730 stupefacti
2585 1675 2798 1726 omnes,
2873 1670 3086 1716 tantum
3139 1661 3510 1731 percnticntes
3563 1659 3634 1712 fa-

359 1770 587 1816 πτοντες
613 1753 814 1823 ἔφυγον
834 1792 848 1816 ,
887 1757 1083 1825 μηκέτι
1115 1756 1310 1828 δρᾶσαι.
1342 1749 1770 1826 γιγνώσκοντες.
1813 1759 1937 1828 μήτε

2052 1756 2194 1820 cies,
2252 1753 2592 1821 fugiebant;
2647 1769 2827 1824 neque
2873 1754 3003 1825 quid
3049 1754 3360 1822 huiusmodi
3426 1754 3628 1808 factum

360 1845 540 1918 εὑρεῖν
565 1847 624 1900 ὲν
653 1849 768 1910 τοῖς
803 1847 911 1900 τῶν
939 1849 1184 1919 ἀρχαίων
1208 1849 1626 1920 Ἀσκληπιάδων
1659 1853 1946 1921 συγγράμ-

261 1956 272 1968 ·
362 1955 524 2008 μασι⁸
567 1937 749 2008 Κῦρος
783 1939 841 1992 δὲ
877 1940 974 1993 καὶ
1006 1941 1260 2010 Ἰωάννης
1289 1941 1338 1994 οἱ
1376 1943 1649 2014 μάρτυρες
1681 1945 1730 1995 oi
1761 1942 1946 1995 θεόθεν

355 2028 454 2092 τὰς
485 2029 656 2092 ἰάσεις
685 2033 1078 2101 προφέροντες,
1114 2031 1212 2104 τὴν
1239 2034 1524 2104 παροῦσαν
1555 2033 1755 2097 ἰδόντες
1785 2033 1942 2086 ἀσθέδ

355 2138 524 2182 νειαν,
556 2121 708 2174 οὐδὲν
736 2123 948 2177 τοιοῦτο
979 2124 1304 2192 δεδράκασιν
1323 2165 1338 2193 ,
1368 2125 1488 2178 οὐδὲ
1517 2126 1654 2196 πρὸς
1684 2125 1782 2196 τὴν
1811 2124 1943 2180 θέαν

355 2213 526 2285 αὐτὴν
546 2212 953 2287 ἐξεπλάγησαν,
978 2217 1101 2270 οὐδὲ
1131 2217 1207 2280 ὡς
1237 2217 1476 2291 δυσχερῆ
1527 2220 1938 2292 παρῃτήσαντο,

333 2305 476 2360 ὀὐδὲ
508 2305 582 2376 μὴ
615 2306 928 2378 γεγράφθαι
965 2306 1165 2378 ταύτης
1209 2309 1269 2363 τὸ
1310 2311 1604 2381 φάρμακον
1643 2310 1795 2380 παρὰ
1823 2309 1941 2379 Θεῷ

351 2397 432 2469 τῷ
471 2399 690 2452 πάντων
741 2401 912 2472 ἰατρῷ
957 2401 1602 2473 διεκήρυξαν.Ἀκρι6ῶς
1651 2403 1758 2474 γὰρ
1805 2404 1938 2475 ἡπί-

355 2507 571 2556 σταντο,
598 2491 674 2556 ὡς
703 2491 882 2545 πάντα
913 2493 1016 2546 ὅσα
1043 2493 1296 2565 ὲθέλησεν
1319 2496 1346 2547 ὁ
1375 2493 1575 2562 Κύριος
1605 2495 1860 2566 ἐποίησεν
1883 2497 1938 2548 ἐν

351 2580 434 2652 τῷ
461 2580 676 2653 οὐρανῷ
723 2584 820 2634 καὶ⁵
865 2583 924 2634 ὲν
963 2585 1029 2653 τῇ
1061 2585 1154 2652 γῇ,
1187 2586 1245 2636 ὲν
1280 2586 1398 2647 ταῖς
1429 2583 1726 2646 θαλάσσαις
1759 2584 1853 2636 καὶ
1881 2585 1937 2637 ἐν

353 2675 555 2736 πάσαις
595 2677 716 2738 ταῖς
750 2675 1028 2739 ἀϐύσσοις,
1057 2677 1151 2730 καὶ
1194 2676 1270 2741 ὡς
1317 2676 1388 2730 τὰ
1433 2677 1584 2749 παρὰ
1630 2677 1938 2749 ἀνθρώποις

353 2766 612 2827 ἀδύνατα,
648 2767 850 2822 δυνατὰ
884 2769 1038 2840 παρὰ
1085 2769 1205 2839 Θεῷ
1253 2770 1690 2841 καθεστήκασιν,
1721 2773 1814 2826 καὶ
1862 2771 1948 2838 ὡς·

353 2857 534 2911 πάντα
565 2858 828 2920 ὲλεεῖ,ὄτι
849 2859 1050 2924 πάντα,
1083 2859 1226 2914 καθᾶ
1256 2863 1284 2914 ὁ
1317 2860 1440 2914 Ἰὼϐ
1467 2861 1660 2933 ἔφησε,
1679 2863 1930 2916 δύναται·

353 2951 449 3008 καὶ
473 2949 547 3014 ὡς
593 2953 622 3004 ὁ
654 2950 890 3020 μελῳδὸς
921 2951 1085 3005 Δασὶδ
1119 2954 1177 3004 ὲν
1208 2952 1458 3023 Ψαλμοῖς
1488 2952 1931 3024 ὲμελῴδησεν,,οί

2050 1848 2310 1912 scientes,
2340 1863 2518 1916 neque
2551 1849 2771 1902 audisse
2801 1862 2860 1902 se
2897 1861 3174 1916 nunquam
3226 1847 3332 1900 tale
3357 1847 3628 1915 jurantes,

2049 1941 2142 1994 sed
2181 1956 2280 1994 nec
2308 1939 2585 1995 invenisse
2623 1955 2682 1994 sc
2732 1941 2783 1992 in
2818 1937 3168 2006 antiquorum
3201 1937 3622 2006 conscriptioni-

2048 2033 2152 2088 bus
2173 2031 2528 2088 medicornm.
2555 2031 2732 2104 Cyrus
2767 2040 2950 2085 autem
2977 2038 3030 2083 et
3053 2027 3296 2083 Joannes
3359 2039 3626 2100 martyres

2045 2127 2311 2182 sanitates
2381 2124 2646 2179 divinitus
2713 2121 3087 2194 proferentes,
3170 2120 3427 2190 praesenti
3509 2122 3626 2175 visa

2043 2217 2380 2280 infirmitate,
2414 2217 2549 2270 nihil
2591 2217 2700 2270 tale
2725 2223 3036 2284 gesserunt,
3067 2229 3244 2282 neque
3263 2215 3327 2266 ad
3355 2213 3618 2268 visionem

2043 2308 2218 2379 ipsam
2272 2307 2696 2376 obstupuerunt,
2733 2322 2910 2376 neque
2958 2313 3017 2359 ut
3054 2303 3186 2375 quid
3229 2303 3442 2358 difficile
3466 2319 3624 2358 recu-

2043 2409 2258 2466 sarunt,
2295 2401 2388 2456 sed
2441 2417 2614 2470 neque
2665 2399 2828 2467 huius
2883 2399 3150 2454 medelam
3207 2398 3466 2466 scriptam
3511 2412 3621 2450 non

2041 2509 2164 2548 esse
2196 2495 2336 2562 apud
2366 2491 2534 2545 Deum
2575 2501 2899 2546 cunctorum
2932 2492 3202 2546 medicqu
3233 2490 3620 2560 pricdicarunt.

2039 2587 2357 2642 Certissimc
2384 2602 2618 2656 namque
2645 2593 2932 2648 noverant,
2957 2583 3101 2653 quod
3129 2583 3312 2637 omnia
3363 2597 3624 2651 quascun-

2039 2696 2144 2750 que
2193 2678 2365 2732 voluit
2405 2679 2665 2732 Dominus
2721 2677 2846 2730 fecit
2875 2678 2926 2730 in
2956 2677 3097 2731 coelo
3144 2682 3198 2730 et
3251 2676 3303 2729 ili
3350 2685 3515 2740 terra,
3563 2676 3616 2730 in

2038 2770 2173 2824 mari
2219 2775 2273 2821 et
2325 2769 2378 2822 iu
2404 2768 2657 2822 omnibus
2695 2767 2905 2838 abyssis
2945 2784 2959 2832 ;
3001 2774 3052 2822 et
3080 2765 3225 2834 quod
3261 2766 3618 2836 impo~sibilia

2038 2861 2177 2929 apud
2210 2860 2481 2921 homines,
2507 2859 2782 2928 possibilia
2809 2868 2935 2912 sunt
2966 2858 3109 2928 apud
3139 2858 3306 2912 Dcum
3341 2875 3357 2924 ;
3393 2868 3446 2911 ct
3469 2857 3616 2927 quod

2037 2953 2279 3005 omnium
2337 2951 2653 3010 miseratur,
2717 2953 2843 3018 quia
2884 2953 3088 3012 omnia,
3153 2948 3338 3002 utJob
3395 2950 3615 3010 asserit,

354 3043 632 3114 οίκτιρμοὶ
659 3041 821 3096 αὐτοῦ
853 3043 948 3096 ἐπὶ
975 3045 1155 3098 πάντα
1180 3044 1248 3098 τά
1293 3042 1430 3114 ἔργα
1463 3044 1628 3098 αὐτοῦ
1663 3045 1932 3110 πλουσίως

2040 3054 2241 3116 potest.
2283 3043 2348 3100 Et
2403 3044 2546 3098 sicut
2590 3043 2899 3096 modulator
2947 3041 3114 3095 David
3165 3042 3218 3094 in
3267 3041 3494 3097 Psalmis
3537 3051 3618 3096 cst

354 3136 693 3207 δκχύνονται.
721 3135 886 3188 ’Όθεν
941 3135 1036 3188 τὸν
1083 3136 1420 3191 ἀσθενοῦντα
1445 3138 1752 3208 δεξάμενοι,
1783 3140 1934 3208 φιλο-

355 3225 630 3296 φροσύνης
666 3226 765 3296 μὲν
794 3226 1010 3296 πρῶτον
1039 3227 1296 3298 ἠξίωσαν,
1329 3223 1449 3282 εἶτα
1474 3229 1568 3283 καὶ
1592 3229 1812 3301 θαρσεῖν
1833 3230 1934 3300 τὴν

352 3318 545 3374 τούτου
593 3319 792 3390 τροφὸν
837 3320 1280 3390 παρεσκεύασαν.
1326 3322 1706 3393 σκοπουμένην
1753 3322 1934 3376 αὐτῶν

353 3411 424 3466 τὰ
450 3413 748 3484 παράδοξα.
779 3415 988 3484 Χρόνον
1017 3415 1078 3481 δὲ,
1103 3415 1308 3486 βραχὺν
1339 3417 1730 3488 ἀναμείναντες
1754 3419 1814 3471 οὐ
1837 3418 1935 3487 τὴν

354 3505 654 3576 θεραπείαν
687 3505 1068 3574 σκεπτόμενοι,
1099 3506 1214 3559 ἀλλ’
1246 3507 1331 3560 ἵνα
1361 3507 1436 3578 μὴ
1465 3507 1526 3560 τὸ
1549 3507 1761 3561 τοιοῦτο
1789 3509 1935 3576 πρᾶ-

353 3610 470 3664 γμα
495 3593 798 3664 θαυμάσιον
818 3597 899 3658 είς
926 3595 1140 3664 ὀλίγους
1166 3597 1364 3668 κομιδῇ
1402 3598 1498 3651 καὶ
1516 3598 1636 3652 λίαν
1668 3599 1936 3670 ἀριθμου-

357 3685 550 3756 μένους
572 3685 844 3754 άφίκοιτο,
875 3687 1278 3758 ἐμφανέστερον
1299 3688 1354 3740 δὲ
1377 3687 1574 3754 μᾶλλον
1590 3691 1700 3751 τοῖς
1725 3689 1934 3741 πλείοσι

354 3777 448 3832 καὶ
481 3776 900 3850 γνωριμώτερον
929 3778 1161 3848 γένοιτο.
1198 3779 1306 3834 Καὶ
1343 3779 1501 3832 τοῦτο
1525 3779 1680 3850 δῆλον
1707 3781 1814 3832 ἀπὸ
1839 3779 1932 3832 τοῦ

351 3872 450 3941 τῆς
501 3869 695 3934 ἰάσεως
735 3870 940 3941 τρόπου
973 3869 1312 3940 καθέστηκεν
1333 3883 1347 3896 ⁸
1379 3871 1440 3924 οὐ
1468 3871 1576 3944 γὰρ
1608 3873 1726 3926 τόδε
1760 3875 1934 3926 ποιεῖν

349 3961 418 4018 δι’
446 3963 739 4034 ὁράματος,
761 3964 796 4036 ἢ
818 3964 938 4018 τόδε
966 3963 1328 4034 προσέταξαν,
1357 3964 1430 4028 ὡς
1457 3965 1577 4029 ἔθος
1606 3968 1786 4029 αὐτοῖς
1817 3965 1935 4022 δια-

351 4050 708 4121 πράττεσθαι,
735 4053 851 4106 ἀλλ’
872 4053 960 4106 ὅτε
991 4053 1270 4125 ῥωσθῆναι
1294 4054 1357 4107 τὸ
1372 4056 1592 4110 παιδίον
1615 4057 1930 4123 ἐθέσπισαν,

349 4143 522 4209 οὕτως
558 4145 808 4218 ἐπράχθη
845 4147 1096 4220 φανερῶς
1131 4147 1202 4201 τὰ
1238 4151 1338 4222 τῆς
1379 4148 1624 4220 ῥώσεως.

2039 3139 2390 3201 modulatus,
2449 3139 2830 3191 miserationes
2881 3135 3003 3204 ejus
3052 3136 3232 3206 opime
3294 3135 3616 3190 funduntur.

2037 3229 2192 3285 Unde
2229 3232 2505 3284 infirmum
2553 3231 2727 3298 primo
2759 3229 2977 3297 quidem
3028 3227 3326 3281 liberaliter
3357 3243 3616 3295 suscepe-

2035 3331 2184 3386 runt,
2231 3322 2426 3376 deinde
2453 3337 2584 3375 vero
2617 3321 2777 3375 etiam
2829 3321 3025 3374 nutrici
3063 3320 3314 3373 fiduciam
3349 3320 3616 3389 praestite-

2034 3425 2184 3482 runt,
2219 3432 2406 3470 eorum
2452 3415 2844 3482 contemplanti
2883 3414 3168 3467 miracula.
3197 3412 3446 3481 Cumque
3466 3412 3615 3466 brevi

2036 3517 2282 3580 tempore
2337 3510 2634 3579 prmstolati
2692 3507 2948 3572 fuissent,
3001 3523 3107 3561 non
3137 3521 3301 3574 super
3331 3505 3616 3559 curatione

2035 3601 2401 3669 ambigentes,
2445 3599 2540 3654 sed
2592 3614 2659 3652 ne
2713 3607 2820 3652 tam
2882 3597 3186 3650 mirandum
3241 3598 3519 3664 negotium
3547 3595 3626 3649 ad'

2037 3691 2194 3744 valde
2245 3706 2470 3761 paucos,
2503 3699 2556 3743 et
2591 3690 2682 3760 qui
2721 3698 2948 3760 possent
2981 3691 3137 3742 facile
3169 3686 3447 3742 numerari
3490 3701 3614 3755 per;

2033 3784 2290 3852 lingeret,
2332 3786 2441 3836 imo
2486 3793 2544 3834 ut
2598 3783 2944 3837 manifestius
3015 3783 3265 3850 pluribus
3317 3791 3370 3834 et
3439 3781 3614 3850 magis

2035 3876 2312 3945 cognitum
2361 3874 2536 3927 ﬁeret.
2581 3873 2644 3925 Et
2693 3873 2797 3927 hoc
2853 3874 3200 3942 perspicuum
3247 3887 3274 3924 a
3309 3873 3614 3927 sanationis

2037 3968 2198 4022 modo
2227 3966 2505 4022 consistit.
2541 3964 2659 4020 Non
2688 3967 2832 4020 enim
2878 3968 2979 4020 hoc
3012 3965 3189 4020 facere
3219 3983 3315 4034 per
3336 3966 3610 4019 somnium

2033 4061 2118 4116 vel
2183 4060 2308 4122 hoc.
2344 4068 2404 4114 ut
2437 4059 2604 4112 moris
2649 4067 2768 4112 erat
2799 4059 2881 4112 eis
2919 4059 3130 4127 agendi,
3157 4058 3444 4128 jusserunt
3475 4073 3488 4122 ;
3516 4057 3611 4110 sed

2034 4152 2257 4224 quando
2303 4151 2630 4205 incolumem
2666 4149 2893 4204 reddere
2951 4165 3178 4220 puerum
3227 4149 3610 4212 decreverunt,

2035 4244 2116 4298 sic
2161 4253 2310 4314 gesta
2352 4249 2482 4296 sunt
2523 4256 2644 4312 quae
2677 4240 2742 4295 ad
2775 4241 3063 4296 sanitatem
3107 4243 3381 4312 pertinere
3405 4241 3616 4311 liquido

2031 4334 2373 4387 claruerunt.

417 4409 708 4480 Μεσούσης
745 4409 847 4480 τῆς
887 4408 1102 4481 ἡμέρας
1148 4409 1264 4480 μεθ’
1295 4411 1497 4482 ἡλίκων
1524 4411 1686 4465 τινῶν
1712 4411 1772 4466 τὸ
1808 4430 1928 4483 μει-

2103 4424 2378 4478 Mediante
2429 4423 2538 4488 die,
2581 4437 2707 4478 cum
2775 4419 3100 4492 quibusdam
3133 4417 3427 4474 cowtaneis
3475 4433 3612 4488 puer

351 4499 541 4570 ράκιον
592 4500 700 4571 πρὸ
745 4498 841 4552 τοῦ
877 4499 986 4553 τῶν
1035 4501 1206 4568 ἁγίων
1254 4501 1446 4567 ἔπαιζε
1481 4503 1798 4573 μνήματος-ο
1835 4504 1930 4558 καὶ

347 4591 485 4662 ὅπερ
531 4589 676 4660 φιλεῖ
717 4588 1037 4660 συμϐαίνειν
1083 4593 1142 4644 ὲν
1189 4595 1300 4655 τοῖς
1341 4592 1548 4646 παίδων
1593 4593 1928 4664 ἀθύρμαοτιν,

349 4685 480 4736 ποτε
514 4682 612 4753 μὲν
641 4682 802 4746 αὐτὸς
829 4683 1051 4755 ἐτέρους
1083 4683 1218 4755 πρὸς
1247 4684 1440 4753 ἔδαφος
1468 4684 1684 4756 ἔφερεν,
1713 4686 1846 4740 ποτὲ
1873 4687 1931 4740 δὲ

347 4774 535 4829 τοῦτον
583 4773 732 4828 ἄλλοι
765 4774 1122 4829 κατέϐαλλον.
1163 4776 1431 4839 Πεσόντος
1459 4778 1589 4844 γοῦν
1622 4757 1807 4834 αύτοῦ.
1838 4780 1932 4832 καὶ

347 4867 460 4928 τοῖς
489 4867 800 4938 μαρμάροις
831 4868 1268 4938 προσεγγισάσης
1302 4871 1402 4938 τῆς
1431 4869 1625 4938 ﬁdem;
1660 4870 1864 4925 τούτων
1895 4874 1931 4944 η

349 4956 564 5023 γλῶττα
599 4958 947 5029 προσήψατο·
977 4960 1070 5012 καὶ
1111 4960 1268 5028 μόνον
1297 4960 1371 5024 ὡς
1397 4959 1588 5030 ἕθηξεν
1607 5003 1621 5025 ,
1655 4961 1730 5025 ὡς
1767 4963 1828 5016 ἔκ
1853 4980 1935 5017 τι-

350 5068 440 5114 νος
466 5049 776 5121 διωκομένη
797 5051 892 5106 καὶ
917 5050 1215 5120 φεύγουσα,
1243 5053 1380 5122 πρὸς
1404 5054 1540 5124 ὅπερ
1561 5050 1630 5126 ἦν
1653 5057 1712 5107 ἐν
1733 5055 1933 5127 ἀρχαῖς

351 5141 756 5210 συνεστέλλετο,
789 5143 981 5196 καὶτὰ
1014 5141 1122 5196 ἴδια
1157 5143 1330 5214 μέτρα
1363 5145 1429 5196 τὰ
1461 5145 1568 5214 πρὸ
1595 5143 1690 5197 τοῦ
1726 5147 1932 5210 πάθους

349 5235 585 5305 ἐδέχετο,
635 5235 730 5288 καὶ
778 5234 874 5306 τὴν
928 5233 1182 5307 εὔχροιαν
1233 5236 1397 5300 εὐθὺς
1449 5237 1842 5306 ἀνελάμϐανεν,
1874 5239 1934 5292 τὸ

347 5327 586 5390 δυσειδὲς
607 5329 784 5382 ἐκεῖνο
811 5328 1010 5398 χρῶμα
1037 5329 1130 5382 καὶ
1152 5328 1340 5398 σχῆμα
1369 5331 1464 5382 καὶ
1494 5329 1721 5400 μέγεθος
1747 5331 1810 5384 τὸ
1833 5348 1934 5384 πο-

348 5418 622 5490 λυσαρκίᾳ
673 5417 991 5490 βριθόμενον
1041 5421 1278 5491 ῥίψασα·
1329 5421 1423 5474 καὶ
1473 5425 1506 5493 ἠ
1554 5422 1663 5476 τῶν
1705 5424 1934 5479 ὀδόντων

349 5510 620 5574 ἀκουσίως
673 5510 779 5575 ἔξω
830 5511 1244 5583 προκύπτουσα,
1286 5509 1385 5584 τὴν
1435 5513 1692 5585 τοιαύτην
1737 5515 1934 5587 ἀθρόον

347 5602 584 5658 λαθοῦσα
640 5603 953 5674 συνήθειαν,
997 5605 1104 5658 οὐδ’
1141 5606 1406 5670 ἑκουσίως
1456 5609 1792 5675 προκύπτειν
1837 5611 1933 5678 ὴν-

273 5743 280 5748 .
353 5694 551 5764 ίσχετο,
589 5695 702 5752 ἀλλ’
737 5696 868 5751 εἴσω
893 5697 1118 5769 χειλέων
1147 5699 1222 5764 ὡς
1252 5700 1308 5752 ὲν
1335 5700 1512 5769 οἰκείᾳ
1545 5700 1774 5754 παστάδι
1804 5702 1936 5756 καθ-

2033 4524 2160 4570 ante
2219 4527 2534 4570 sanctorum
2579 4521 2993 4568 monumentum
3051 4511 3318 4575 ludebat;
3373 4522 3426 4567 et
3461 4512 3611 4581 quod

2032 4609 2514 4678 contingereinter
2541 4607 2701 4662 ludos
2732 4621 3026 4676 puerorum
3059 4607 3283 4671 assolet,
3314 4605 3608 4674 aliquando

2031 4698 2251 4768 quidem
2300 4699 2417 4766 ipse
2467 4697 2605 4751 alios
2637 4697 2690 4750 iu
2741 4705 2943 4751 terram
2979 4696 3277 4760 sternebat,
3315 4693 3612 4764 aliquando

2033 4804 2160 4844 vero
2189 4788 2331 4842 hunc
2354 4787 2443 4841 alii
2472 4786 2821 4856 dejiciebant.
2856 4787 2994 4857 Ergo
3026 4801 3092 4841 eo
3126 4784 3352 4840 cadente
3379 4791 3435 4837 et
3465 4799 3612 4836 mar-

2034 4881 2278 4936 moribus
2310 4879 2450 4934 facie
2484 4880 2631 4935 illius
2677 4880 2856 4943 allisa,
2892 4879 3006 4933 haec
3041 4877 3162 4948 ejus
3193 4878 3374 4946 attigit
3403 4877 3606 4945 lingua.

2037 4974 2101 5028 Et
2133 4979 2192 5026 ut
2225 4971 2568 5026 solummodo
2612 4980 2757 5026 tacta
2788 4979 2894 5036 est,
2932 4971 3088 5040 quasi
3135 4983 3163 5022 a
3197 4983 3471 5039 quoquam
3497 4983 3616 5036 per-

2034 5065 2369 5122 secutionem
2420 5072 2689 5138 passa,let
2731 5063 2856 5135 fuga
2908 5065 3080 5134 lapsa,
3135 5063 3201 5118 ad
3251 5063 3304 5118 id
3356 5061 3498 5132 quod
3554 5061 3608 5114 in

2033 5157 2319 5228 principiis
2341 5165 2459 5210 erat
2487 5155 2837 5225 subterfugit,
2858 5164 2912 5208 et
2939 5170 3246 5210 mensuram
3268 5169 3422 5210 suam
3441 5167 3604 5221 quam

2035 5257 2162 5302 ante
2194 5247 2506 5318 passionem
2549 5247 2833 5311 habuerat,
2869 5247 3142 5316 extemplo
3175 5245 3396 5314 recepit,
3427 5250 3481 5296 et
3513 5243 3610 5296 bo-

2035 5356 2164 5394 num
2222 5341 2460 5395 colorem
2517 5338 2806 5394 confestim
2861 5340 3192 5408 resumpsit,
3238 5338 3471 5393 deformi
3517 5337 3610 5392 illo

2035 5432 2279 5501 exploso,
2307 5447 2369 5486 ac
2397 5431 2568 5486 forma
2599 5447 2691 5487 seu
2721 5431 3094 5500 magnitudine
3131 5446 3252 5500 quae
3279 5429 3462 5484 multis
3483 5445 3608 5484 car-

2037 5523 2200 5576 nibus
2245 5523 2579 5593 gravabatur
2627 5521 2864 5590 abjecta.
2906 5521 2968 5574 lit
3017 5535 3137 5590 qua:
3177 5521 3296 5576 sine
3330 5523 3609 5577 voluntate

2039 5615 2188 5667 foras
2241 5622 2393 5666 extra
2437 5615 2628 5668 dentes
2671 5612 2987 5676 emittebat,
3028 5611 3342 5681 huiusmodi
3389 5621 3610 5682 repente

2036 5703 2352 5760 oblitterata
2385 5703 2804 5772 consuetudine,
2841 5719 2941 5760 nec
2973 5702 3278 5763 voluntarie
3299 5707 3611 5779 prominere
